pairValue,buyBook,exchangeId,sellBook,updated,buyTotal,satoshiPrice,usdPrice,exchangeLogId,created,bestPair,sellTotalBtc,volume,pairPrice,activePairs,sellTotal,volumeBtc,buyTotalBtc,coinId
1,[],3,[],2019-02-01 18:47:53,122.58958024015101,0.01269679999999999940596406844406374148093163967132568359375,0.00000044015996559999994,6559804,2019-02-01 18:47:53,btc,107.0015622243491,0.181195819608,0.01269679999999999940596406844406374148093163967132568359375,btc,13.615652719064,0.0,0.3574109642177612,1
0,[],4,[],2019-02-01 18:49:54,0.0,0,0,6559805,2019-02-01 18:49:54,,0.0,0.0,0,,0.0,0.3386621,0.0,1
1,[],5,[],2019-02-01 18:49:56,0.24001877,0.01260002,0.00000043680489334,6559806,2019-02-01 18:49:56,btc,14578.4272724,0.04654948,0.01260002,btc,35555556.26533338,0.0,1.43881468,1
1,[],10,[],2019-02-01 18:49:58,272788.43029992,0.012,0.00000041600399999999997,6559807,2019-02-01 18:49:58,btc,6536.959700958344,965.23790186,0.012,btc,971.14875675,0.0,5.610302101937914,1
1,[],12,[],2019-02-01 18:50:00,10424.69851877,0.01254000000000000079880546621780013083480298519134521484375,0.00000043472418000000004,6559808,2019-02-01 18:50:00,btc,0.6260596698422,0.0,0.01254000000000000079880546621780013083480298519134521484375,btc,43.34858214,0.7849866599842,0.2093022577565,1
1,[],20,[],2019-02-01 18:50:01,1352.3885,0.01051,0.00000036435017,6559809,2019-02-01 18:50:01,btc,0.0572229104203,0.0,0.01051,btc,2.5381,0.0,0.1042679482251,1
1,[],21,[],2019-02-01 18:50:02,2373.43163007,0.01253448000000000062126304101,0.00000043453281816,6559810,2019-02-01 18:50:02,btc,14.491983816713748,5335.41218453,0.01253448000000000062126304101184359751641750335693359375,"btc,eth",1698.00298426,64.58257132759503,21.86973001547732,1
1,[],22,[],2019-02-01 18:50:08,0.0263776,0.01350000,0.0000004680045,6559811,2019-02-01 18:50:08,BTC,0.31397231,0.0,0.01350000,BTC,0.10124366666666666,0.0,0.00034472,1
1,[],24,[],2019-02-01 18:50:08,0.0,0.000000000000,0,6559812,2019-02-01 18:50:08,btc,0.0,0.0,0.000000000000,btc,0.0,0.0,0.0,1
0.0,[],25,[],2019-02-01 18:50:09,0.0,0,0,6559813,2019-02-01 18:50:09,btc,20.03209999721873,791.51372491,0.0,btc,1530.90709307,10.02,0.0,1
1,[],26,[],2019-02-01 18:51:30,0.0,0,0,6559814,2019-02-01 18:51:30,,0.0,0.0,0,,0.0,0.0,0.0,1
1,[],28,[],2019-02-01 18:51:32,987.9,0.01131000,0.00000039208376999999997,6559815,2019-02-01 18:51:32,btc,0.162839806,17702.55,0.01131000,btc,8.9,0.0,0.024551096,1
0,[],2,[],2019-01-20 23:28:45,0.0,0,0,6477011,2019-01-20 23:28:45,,0.0,0.0,0,,0.0,0.0,0.0,1
1,[],5,[],2019-02-01 18:51:33,1.856e-05,0.00000067,0.000000000023226889999999998,6559816,2019-02-01 18:51:33,btc,0.15270896,0.00061673,0.00000067,btc,7.078e-05,0.0,0.45342501,2
1,[],22,[],2019-02-01 18:51:37,1754.625335862178,0.0000004,0.000000000013866799999999999,6559817,2019-02-01 18:51:37,BTC,0.0231601,0.0,0.0000004,"BTC,XMR",14562.72385,0.0,0.00111682,2
1,[],5,[],2019-02-01 18:51:38,1.42e-06,0.00000017,0.00000000000589339,6559818,2019-02-01 18:51:38,btc,3.84677213,0.30767054,0.00000017,btc,2.267e-05,0.0,3.47483328,3
1,[],12,[],2019-02-01 18:51:40,12415643.59963346,0.00000017,0.000000000005893389999999999,6559819,2019-02-01 18:51:40,btc,921349.3524658891,0.0,0.00000017,btc,7945389.34229878,0.04245635446425105,0.534998335380519,3
0,[],28,[],2019-02-01 18:51:42,0.0,0,0,6559820,2019-02-01 18:51:42,,0.0,0.0,0,,0.0,0.0,0.0,3
0,[],2,[],2019-01-20 23:31:32,0.0,0,0,6477077,2019-01-20 23:31:32,,0.0,0.0,0,,0.0,0.0,0.0,4
1,[],4,[],2019-02-01 18:51:43,401048.32373003,0.00000035,0.000000000012133449999999999,6559821,2019-02-01 18:51:43,btc,0.4122539635079348,0.0,0.00000035,btc,336083.69259363,0.00281198,0.0535793913548673,4
1,[],12,[],2019-02-01 18:51:44,1704129.74422222,0.0000001,0.0000000000034666999999999998,6559822,2019-02-01 18:51:44,btc,11014980.057985382,0.0,0.0000001,btc,834064.96308049,0.0535812869931104,0.0392667704399998,5
0,[],2,[],2019-01-20 23:31:51,0.0,0,0,6477087,2019-01-20 23:31:51,,0.0,0.0,0,,0.0,0.0,0.0,6
1,[],11,[],2019-02-01 18:51:46,4108955.5,0.00000001,0.00000000000034667,6559823,2019-02-01 18:51:46,btc,9433.351919680315,392365.0,0.00000001,btc,41630125.45717939,0.0,0.041089555,6
1,[],3,[],2019-02-01 18:51:46,1069.652384675756,0.000150559999999999995050348200464895853656344115734100341796875,0.00000000521946352,6559824,2019-02-01 18:51:46,btc,28.510202753279106,0.0,0.000150559999999999995050348200464895853656344115734100341796875,btc,234.145665820227,0.0,0.030997767816609203,7
1,[],4,[],2019-02-01 18:51:47,27865.05994999,0.00017302,0.00000000599808434,6559825,2019-02-01 18:51:47,btc,2.634457405793046,0.0,0.00017302,btc,13222.75743852,3.670057,4.345276168876954,7
1,[],5,[],2019-02-01 18:51:49,0.00510579,0.00017029,0.00000000590344343,6559826,2019-02-01 18:51:49,btc,1.12287421,0.30608225,0.00017029,btc,0.01112339,0.0,1.63150777,7
1,[],20,[],2019-02-01 18:51:51,62771509.8802,0.000000001,0.000000000000034666999999999996,6559827,2019-02-01 18:51:51,btc,136.3892062542774,0.0,0.000000001,btc,29825029.7669,0.0,0.0627715098802,8
0,[],2,[],2019-01-20 23:22:42,0.0,0,0,6476876,2019-01-20 23:22:42,,0.0,0.0,0,,0.0,0.0,0.0,9
0,[],23,[],2019-01-20 23:22:48,0.0,0,0,6476878,2019-01-20 23:22:48,,0.0,0.0,0,,0.0,0.0,0.0,9
1,[],1,[],2019-02-01 18:51:52,1155775.49,0.00000193000000000000015618582815957182674537762068212032318115234375,0.00000000006690731,6559828,2019-02-01 18:51:52,btc,7.523294588,20436150.33,0.00000193000000000000015618582815957182674537762068212032318115234375,btc,3799199.46,37.7269268,2.2007440834,9
1,[],4,[],2019-02-01 18:51:53,579403.05449985,0.00000192,0.00000000006656064,6559829,2019-02-01 18:51:53,btc,0.9081005726165922,0.0,0.00000192,btc,458936.20767261,1.02858359,0.8049135227266835,9
1,[],28,[],2019-02-01 18:51:56,34500.0,0.00000165,0.00000000005720055,6559830,2019-02-01 18:51:56,btc,2708.75028702,3516405.0,0.00000165,btc,7642.68,0.0,0.02854,9
1,[],4,[],2019-02-01 18:51:56,7515436.37826053,0.00000002,0.00000000000069334,6559831,2019-02-01 18:51:56,btc,0.2016722631640986,0.0,0.00000002,btc,4035993.99941361,0.00016824,0.0821381318652106,10
1,[],4,[],2019-02-01 18:51:57,4253804.93441901,0.00000136,0.00000000004714712,6559832,2019-02-01 18:51:57,btc,1.101209752865985,0.0,0.00000136,btc,767901.67152617,1.43038718,2.4984644370684674,12
1,[],5,[],2019-02-01 18:51:59,1.473e-05,0.00000133,0.000000000046107109999999995,6559833,2019-02-01 18:51:59,btc,0.50075399,0.31911174,0.00000133,btc,0.00011686,0.0,0.33555156,12
0.0,[],25,[],2019-02-01 18:52:00,0.0,0,0,6559834,2019-02-01 18:52:00,,0.0,0.0,0.0,btc,0.0,0.0,0.0,12
0,[],2,[],2019-01-20 23:23:08,0.0,0,0,6476890,2019-01-20 23:23:08,,0.0,0.0,0,,0.0,0.0,0.0,12
1,[],4,[],2019-02-01 18:52:02,328670.95844648,0.00000642,0.00000000022256214,6559835,2019-02-01 18:52:02,btc,0.4296393487920441,0.0,0.00000642,btc,61790.64365879,0.8307601,1.4562793198808335,13
1,[],10,[],2019-02-01 18:52:04,561342.31207675,0.00000624,0.00000000021632208,6559836,2019-02-01 18:52:04,btc,666809.5565989956,8470.58059246,0.00000624,btc,726075.64061483,0.0,0.7947561601365045,13
1,[],21,[],2019-02-01 18:52:06,1194168.95701641,0.000006409999999999999614644190238,0.00000000022221547,6559837,2019-02-01 18:52:06,btc,6.012911574222981,399458.89202796,0.000006409999999999999614644190237822130029599065892398357391357421875,btc,843537.19462202,2.60075578,6.166120036385655,13
1,[],4,[],2019-02-01 18:52:06,1090848.55484337,0.00000170,0.0000000000589339,6559838,2019-02-01 18:52:06,btc,0.1157879639002621,0.0,0.00000170,btc,52000.3291686,0.08742055,0.3736845527509467,14
1,[],12,[],2019-02-01 18:52:08,86618.42857143,0.000001359999999999999896105784720490294859018831630237400531768798828125,0.00000000004714711999999999,6559839,2019-02-01 18:52:08,btc,1.7848201777191792,0.0,0.000001359999999999999896105784720490294859018831630237400531768798828125,btc,37415.01291797,0.0015616419871328,0.0101636900000016,14
0,[],17,[],2019-02-01 18:52:10,0.0,0,0,6559840,2019-02-01 18:52:10,btc,0.0,0.0,0,btc,0.0,0.0,0.0,14
1,[],26,[],2019-02-01 18:52:10,0.0,0,0,6559841,2019-02-01 18:52:10,,0.0,0.0,0,,0.0,0.0,0.0,14
0,[],4,[],2019-02-01 18:52:11,0.0,0,0,6559842,2019-02-01 18:52:11,,0.0,0.0,0,,0.0,0.0,0.0,15
,[],12,[],2018-12-01 15:15:48,204241.84496,0.00000489,0.000000000202473384,5260204,2018-12-01 15:15:48,btc,49.5475654835,0.0,,btc,35763.2193806,0.0163153972027625,0.0203389899998,15
1,[],4,[],2019-02-01 18:52:12,23644.2909673,0.00001788,0.00000000061984596,6559843,2019-02-01 18:52:12,btc,1.2344923885779024,0.0,0.00001788,btc,7810.6012157,0.03812066,0.0562491386194959,18
1,[],10,[],2019-02-01 18:52:15,391825.0488227,0.00001693,0.0000000005869123099999999,6559844,2019-02-01 18:52:15,btc,15.541974865006555,13312.9970901,0.00001693,btc,10234.87957837,0.0,0.209652161459971,18
1,[],12,[],2019-02-01 18:52:16,200561.46759642998,0.0000176000000000000008976326626441988310034503228962421417236328125,0.0000000006101392,6559845,2019-02-01 18:52:16,btc,0.1841175249801679,0.0,0.0000176000000000000008976326626441988310034503228962421417236328125,btc,1626.89904917,0.0,0.0134140372804293,18
0,[],17,[],2019-02-01 18:52:18,0.0,0,0,6559846,2019-02-01 18:52:18,btc,0.0,0.0,0,btc,0.0,0.0,0.0,18
0,[],2,[],2019-01-20 23:23:38,0.0,0,0,6476906,2019-01-20 23:23:38,,0.0,0.0,0,,0.0,0.0,0.0,18
1,[],3,[],2019-02-01 18:52:19,108598.3769487298,0.00003000000000000000076002572291233860823922441340982913970947265625,0.00000000104001,6559847,2019-02-01 18:52:19,btc,0.5051727410418042,58.0259966007,0.00003000000000000000076002572291233860823922441340982913970947265625,btc,5470.222963403632,0.0,0.09543361510700492,19
1,[],4,[],2019-02-01 18:52:20,53827.76951857,0.00003201,0.00000000110969067,6559848,2019-02-01 18:52:20,btc,0.4244473716947123,0.0,0.00003201,btc,11867.15396297,0.54960141,1.0045613334031513,19
1,[],5,[],2019-02-01 18:52:21,0.00041295,0.00003156,0.00000000109409052,6559849,2019-02-01 18:52:21,btc,0.30874177,0.0,0.00003156,btc,0.0034127,0.0,0.23877222,19
1,[],12,[],2019-02-01 18:52:22,133614.58579882,0.000027039999999999998606982354321104367045336402952671051025390625,0.0000000009373956799999999,6559850,2019-02-01 18:52:22,btc,1.9915752454205977,0.0,0.000027039999999999998606982354321104367045336402952671051025390625,btc,453.27457877,0.0005314985016975,0.0323704600000928,19
0,[],27,[],2019-02-01 18:52:25,0.0,0,0,6559851,2019-02-01 18:52:25,,0.0,0.0,0,btc,0.0,0.0,0.0,19
0,[],2,[],2019-01-20 23:24:19,0.0,0,0,6476924,2019-01-20 23:24:19,,0.0,0.0,0,,0.0,0.0,0.0,19
1,[],4,[],2019-02-01 18:52:25,9014587.35985938,0.00000014,0.00000000000485338,6559852,2019-02-01 18:52:25,btc,0.8119940963808697,0.0,0.00000014,btc,1597393.93239221,0.0,0.3455227171115698,20
1,[],4,[],2019-02-01 18:52:26,118638626.87822224,0.00000002,0.00000000000069334,6559853,2019-02-01 18:52:26,btc,0.6490064295986204,0.0,0.00000002,btc,16574667.94360579,0.01530547,1.382552121774285,21
1,[],12,[],2019-02-01 18:52:28,18802779.0,0.00000002,0.00000000000069334,6559854,2019-02-01 18:52:28,btc,668.0412868135277,0.0,0.00000002,btc,8451312.66333932,0.0115294895104895,0.2489921,21
0,[],17,[],2019-02-01 18:52:30,0.0,0,0,6559855,2019-02-01 18:52:30,btc,0.0,0.0,0,btc,0.0,0.0,0.0,21
1,[],12,[],2019-02-01 18:52:31,2466852779.531895,0.0000000001,0.0000000000000034667,6559856,2019-02-01 18:52:31,btc,1729404715475.8154,0.0,0.0000000001,btc,5028253631.497734,0.00955413462127872,0.24668527795318954,23
0,[],27,[],2019-02-01 18:52:33,0.0,0,0,6559857,2019-02-01 18:52:33,,0.424699,0.0,0,eth,424699.0,0.0,0.0,23
1,[],4,[],2019-02-01 18:52:34,879994.31130916,0.00000079,0.00000000002738693,6559858,2019-02-01 18:52:34,btc,0.0831700658607812,0.0,0.00000079,btc,71767.07128049,0.00283892,0.3690670877779411,24
1,[],22,[],2019-02-01 18:52:38,11.76,0.00000100,0.000000000034667,6559859,2019-02-01 18:52:38,BTC,7.415e-05,0.0,0.00000100,BTC,23.919354838709676,0.0,1.176e-05,24
0.0,[],25,[],2019-02-01 18:52:39,0.0,0,0,6559860,2019-02-01 18:52:39,,0.0,0.0,0.0,btc,0.0,0.0,0.0,24
1,[],4,[],2019-02-01 18:52:40,27066067.85449994,0.00000634,0.00000000021978878,6559861,2019-02-01 18:52:40,btc,0.2432662519538487,0.0,0.00000634,btc,24511.86809587,0.06489298,0.4218498481151072,26
1,[],10,[],2019-02-01 18:52:43,726137.19750811,0.00000661,0.00000000022914887,6559862,2019-02-01 18:52:43,btc,27.98352601233817,388.8110388,0.00000661,btc,13249.47153674,0.0,0.2087329556451604,26
0,[],2,[],2019-01-20 23:25:56,0.0,0,0,6476976,2019-01-20 23:25:56,,0.0,0.0,0,,0.0,0.0,0.0,26
1,[],3,[],2019-02-01 18:52:43,9456223.98763636,0.00000002,0.00000000000069334,6559863,2019-02-01 18:52:43,btc,2.280473792751911,716984.217882,0.00000002,btc,15537217.59918527,0.0,0.1142861793642129,27
1,[],5,[],2019-02-01 18:52:45,3e-08,0.00000002,0.00000000000069334,6559864,2019-02-01 18:52:45,btc,1.52013812,0.03327098,0.00000002,btc,4.69e-05,0.0,0.13282842,27
1,[],11,[],2019-02-01 18:52:46,10615374.41182718,0.00000005,0.0000000000017333499999999999,6559865,2019-02-01 18:52:46,btc,370.5931920764931,1000.0,0.00000005,btc,8220964.80991447,0.0,0.4936394994767663,27
1,[],4,[],2019-02-01 18:52:47,188631193.49757376,0.00000003,0.00000000000104001,6559866,2019-02-01 18:52:47,btc,4.0377637790437735,0.0,0.00000003,"btc,ltc",144671803.59909582,0.18519937,2.564062197446506,29
1,[],7,[],2019-02-01 18:52:48,39518978.14571529,0.00000003,0.00000000000104001,6559867,2019-02-01 18:52:48,btc,44465206.20502026,1115830.03007,0.00000003,btc,40576477.69985822,0.0339749,0.7175299796527164,29
1,[],4,[],2019-02-01 18:42:13,1385248.69083412,0.00000027,0.00000000000935361,6559663,2019-02-01 18:42:13,btc,0.2780608114391769,0.0,0.00000027,btc,568311.6256136,0.03284382,0.0833165640206064,30
0,[],17,[],2019-02-01 18:42:15,0.0,0,0,6559664,2019-02-01 18:42:15,btc,0.0,0.0,0,btc,0.0,0.0,0.0,30
1,[],4,[],2019-02-01 18:52:49,1137149.52094065,0.00007516,0.00000000260557172,6559868,2019-02-01 18:52:49,btc,2.0577975907048045,0.0,0.00007516,btc,23432.9897171,0.92429257,2.5671971861301013,31
1,[],21,[],2019-02-01 18:52:51,44247.0433572,0.00007550000000000000558320750743,0.0000000026173585,6559869,2019-02-01 18:52:51,btc,2.7809117784634765,104809.58422308,0.000075500000000000005583207507431353633364778943359851837158203125,btc,33832.064655070004,7.95123667,3.0455414351443677,31
0,[],2,[],2019-01-20 23:28:43,0.0,0,0,6477009,2019-01-20 23:28:43,,0.0,0.0,0,,0.0,0.0,0.0,32
1,[],4,[],2019-02-01 18:52:53,146507010.31950048,0.00000005,0.0000000000017333499999999999,6559870,2019-02-01 18:52:53,btc,3.0612437177054446,0.0,0.00000005,"btc,ltc",52638968.42204592,0.57037555,2.0489545688266735,33
1,[],12,[],2019-02-01 18:52:55,19613917.0,0.00000006,0.00000000000208002,6559871,2019-02-01 18:52:55,btc,17261782.11792462,0.0,0.00000006,btc,87957405.0689309,0.0297420236363639,0.74923451,33
1,[],4,[],2019-02-01 18:52:56,109230951.22515793,0.00000001,0.00000000000034667,6559872,2019-02-01 18:52:56,btc,0.7635704372908659,0.0,0.00000001,btc,25452347.90969553,0.80413614,1.0923095122515794,34
1,[],5,[],2019-02-01 18:52:57,3e-08,0.00000002,0.00000000000069334,6559873,2019-02-01 18:52:57,btc,3.96122741,0.07962068,0.00000002,btc,1.394e-05,0.0,0.78238061,34
0.00000000009418690000000001,[],4,[],2019-02-01 18:42:23,1500255615.9782064,3.767476e-18,1.3051667106800002e-22,6559671,2019-02-01 18:42:23,ltc,8.07836372112099e-09,0.0,0.00000004,ltc,1654859770.981073,0.0,2.4768082982443424e-09,36
1,[],5,[],2019-02-01 18:42:24,0.0,0,0,6559672,2019-02-01 18:42:24,btc,203.09561006,0.0,0,btc,1.295e-05,0.0,0.0,36
0,[],17,[],2019-02-01 18:42:27,0.0,0,0,6559673,2019-02-01 18:42:27,btc,0.08200904469425936,0.0,0,btc,4841707.91583647,0.0,0.0,36
0.00000000009418690000000001,[],27,[],2019-02-01 18:42:29,2000000.0,1.883738e-18,6.525833553400001e-23,6559674,2019-02-01 18:42:29,ltc,447.7310973004,0.0,0.00000002,"ltc,eth",3711879.16,0.0,2.825607e-12,36
1,[],4,[],2019-02-01 18:52:57,491727.77499868,0.00000158,0.00000000005477386,6559874,2019-02-01 18:52:57,btc,0.3641035837936811,0.0,0.00000158,btc,188745.33585838,0.09782841,0.4805766344568105,37
1,[],12,[],2019-02-01 18:52:58,508810.61191531,0.00000154000000000000007854285798136739771280190325342118740081787109375,0.00000000005338718,6559875,2019-02-01 18:52:58,btc,1337.5377189334934,0.0,0.00000154000000000000007854285798136739771280190325342118740081787109375,btc,686471.00851811,0.263663512087994,0.4318206363532156,37
1,[],17,[],2019-02-01 18:53:00,1752.74075282,0.00000025,0.000000000008666749999999999,6559876,2019-02-01 18:53:00,btc,0.05548731396369108,0.0,0.00000025,btc,1388.79251806,0.0,0.00043818518820499993,37
1,[],27,[],2019-02-01 18:53:01,16843.0,0.00000046,0.00000000001594682,6559877,2019-02-01 18:53:01,btc,24.48470116075057,0.0,0.00000046,btc,5273.48447516,0.0,0.00561124,37
1,[],5,[],2019-02-01 18:53:03,1.191e-05,0.00000087,0.00000000003016029,6559878,2019-02-01 18:53:03,btc,0.10906081,0.0578573,0.00000087,btc,0.00010888,0.0,0.04545174,42
1,[],12,[],2019-02-01 18:53:04,153644.08280654,0.0000011500000000000000008998878031629686802261858247220516204833984375,0.00000000003986705,6559879,2019-02-01 18:53:04,btc,85.0954462549542,0.0,0.0000011500000000000000008998878031629686802261858247220516204833984375,btc,55898.79149325,0.0689762094651468,0.0543043020000068,42
0,[],27,[],2019-02-01 18:53:07,0.0,0,0,6559880,2019-02-01 18:53:07,,0.00315028,0.0,0,"btc,eth",11.007,0.0,0.0,42
1,[],5,[],2019-02-01 18:53:08,6e-08,0.00000003,0.00000000000104001,6559881,2019-02-01 18:53:08,btc,6.10271066,0.0,0.00000003,btc,1.425e-05,0.0,0.53368313,43
1,[],12,[],2019-02-01 18:53:09,6545118.0,0.00000002,0.00000000000069334,6559882,2019-02-01 18:53:09,btc,20007456.464662522,0.0,0.00000002,btc,38831663.74765234,0.0,0.06548279,43
0,[],17,[],2019-02-01 18:53:10,0.0,0,0,6559883,2019-02-01 18:53:10,btc,0.0,0.0,0,btc,0.0,0.0,0.0,43
1,[],12,[],2019-02-01 18:53:12,908726.0,0.00000009,0.00000000000312003,6559884,2019-02-01 18:53:12,btc,11115205.98808344,0.0,0.00000009,btc,987402.49750248,0.0232274009090972,0.02880263,44
1,[],4,[],2019-02-01 18:53:12,261248740.3031924,0.00000003,0.00000000000104001,6559885,2019-02-01 18:53:12,btc,0.1815938248172629,0.0,0.00000003,"btc,ltc",3731798.20244636,0.00525552,0.5489446155615123,49
0.00000000009438610000000001,[],4,[],2019-02-01 18:53:13,4498766543.761704,1.887722e-18,6.5441658574e-23,6559886,2019-02-01 18:53:13,ltc,4.994394634713745,0.0,0.00000002,ltc,2176774445.767643,0.0,4.357817952479602e-09,52
0,[],22,[],2019-02-01 18:53:17,0.0,0,0,6559887,2019-02-01 18:53:17,,3693.709799,0.0,0,,259802666.90882352,0.0,0.0,57
0,[],27,[],2019-02-01 18:53:19,0.0,0,0,6559888,2019-02-01 18:53:19,,0.0,0.0,0,"btc,eth",0.0,0.0,0.0,57
0.00000000009418690000000001,[],4,[],2019-02-01 18:42:53,1342632684.5789013,5.6512140000000005e-18,1.9577500660200002e-22,6559690,2019-02-01 18:42:53,ltc,3.3101653415937973,0.0,0.00000006,ltc,1030262466.3147229,0.00062181,6.084475498006513e-09,58
1,[],12,[],2019-02-01 18:42:55,2286414497.282997,0.0000000006,0.0000000000000207858,6559691,2019-02-01 18:42:55,btc,685179811991.9003,0.0,0.0000000006,btc,3196857576.33976,0.03695925237062938,0.8826797433645631,58
0,[],17,[],2019-02-01 18:42:56,0.0,0,0,6559692,2019-02-01 18:42:56,btc,1e+24,0.0,0,btc,41616695.95832568,0.0,0.0,58
0.0000000001236402,[],22,[],2019-02-01 18:43:00,137438.0,1.236402e-18,4.2832674486e-23,6559693,2019-02-01 18:43:00,XMR,69.8835922,0.0,0.00000001,XMR,9887963.0,0.0,0.00137438,58
1,[],5,[],2019-02-01 18:53:20,6.94e-06,0.00000060,0.000000000020800199999999998,6559889,2019-02-01 18:53:20,btc,0.46465621,0.01050879,0.00000060,btc,0.00014121,0.0,0.09143303,61
1,[],22,[],2019-02-01 18:53:35,5111.5,0.00000011,0.0000000000038133699999999995,6559890,2019-02-01 18:53:35,BTC,1002.29606732,0.0,0.00000011,BTC,15028.700278135757,0.0,0.00051178,61
1,[],26,[],2019-02-01 18:53:35,0.0,0,0,6559891,2019-02-01 18:53:35,,0.0,0.0,0,,0.0,0.0,0.0,61
0,[],27,[],2019-02-01 18:53:37,0.0,0,0,6559892,2019-02-01 18:53:37,,0.1550356,0.0,0,"btc,eth",155.72848,0.0,0.0,61
1,[],28,[],2019-02-01 18:53:42,6898.304,0.00000130,0.0000000000450671,6559893,2019-02-01 18:53:42,btc,2.064424118300105,749.0,0.00000130,btc,11198.17500005,0.0,0.00218011304,61
1,[],4,[],2019-02-01 18:53:43,1268083.20064172,0.00000169,0.00000000005858722999999999,6559894,2019-02-01 18:53:43,btc,0.4922339048638562,0.0,0.00000169,btc,200281.68930305,0.13165173,0.8979502937427283,67
0.0,[],25,[],2019-02-01 18:53:44,0.0,0,0,6559895,2019-02-01 18:53:44,,0.0,0.0,0.0,btc,0.0,0.0,0.0,67
1,[],12,[],2019-02-01 18:53:45,3100742.68300001,0.0000001,0.0000000000034666999999999998,6559896,2019-02-01 18:53:45,btc,16893709.22570856,0.0,0.0000001,btc,2195069.49110886,0.0004827088411597,0.0849972328411122,71
,[],5,[],2018-11-20 23:02:39,1.5e-07,0.00000005,0.000000000002128045,4862160,2018-11-20 23:02:39,btc,2.84511358,0.0,,btc,0.00036572,0.0,0.07381892,74
1,[],5,[],2019-01-25 15:53:51,3.303e-05,0.00000156,0.000000000055588884,6499610,2019-01-25 15:53:51,btc,1.42844212,0.0,0.00000156,btc,0.00015937,0.0,0.49487621,75
1,[],4,[],2019-02-01 18:53:47,70986551.36292337,0.00000001,0.00000000000034667,6559897,2019-02-01 18:53:47,btc,0.8205312223653987,0.0,0.00000001,btc,15308515.86385832,0.00299418,0.7098655136292337,81
0,[],20,[],2019-01-25 09:30:31,0.0,0,0,6495923,2019-01-25 09:30:31,btc,0.0,0.0,0,btc,0.0,0.0,0.0,81
1,[],4,[],2019-02-01 18:53:49,23744.51834153,0.00007430,0.0000000025757581,6559898,2019-02-01 18:53:49,btc,0.9294712779997322,0.0,0.00007430,btc,8526.51961054,0.00288535,0.0865624463454859,82
1,[],21,[],2019-02-01 18:53:49,87949.80817977,0.00007524999999999999950647117108,0.0000000026086917499999997,6559899,2019-02-01 18:53:49,btc,3.7035620266942026,2126.09951577,0.000075249999999999999506471171084598381639807485044002532958984375,btc,42097.91209384,0.16213187,4.614513033558283,82
0,[],17,[],2019-02-01 18:53:51,0.0,0,0,6559900,2019-02-01 18:53:51,btc,0.0447233088476774,0.0,0,btc,999127.19588126,0.0,0.0,84
0.00000000009438610000000001,[],4,[],2019-02-01 18:53:52,179939084.3644931,1.3214054e-17,4.58091610018e-22,6559901,2019-02-01 18:53:52,ltc,0.19754182489102035,0.0,0.00000014,ltc,69910341.09266268,0.0,1.2594657237836066e-09,85
,[],22,[],2018-11-20 23:09:34,3408.1,0.0000001,0.0000000000041895,4862324,2018-11-20 23:09:34,BTC,0.04624735,0.0,,BTC,4990.0,0.0,0.00033081,86
0,[],22,[],2019-02-01 18:53:54,0.0,0,0,6559902,2019-02-01 18:53:54,,2.07810912,0.0,0,,154826.94736842104,0.0,0.0,87
0,[],27,[],2019-02-01 18:53:56,0.0,0,0,6559903,2019-02-01 18:53:56,,0.0,0.0,0,btc,0.0,0.0,0.0,87
,[],2,[],2018-11-20 23:10:47,0.0,0,0,4862359,2018-11-20 23:10:47,,0.0,0.0,,,0.0,0.0,0.0,88
1,[],11,[],2019-02-01 18:53:58,106316.35496656,0.0001865799999999999923827598280468009761534631252288818359375,0.0000000064681688599999995,6559904,2019-02-01 18:53:58,btc,235.66710410581902,403.8,0.0001865799999999999923827598280468009761534631252288818359375,btc,185020.39558278,0.0,8.236861230903614,89
0,[],2,[],2019-01-20 23:31:45,0.0,0,0,6477083,2019-01-20 23:31:45,,0.0,0.0,0,,0.0,0.0,0.0,91
1,[],12,[],2019-02-01 18:53:59,516690.07788856,0.00000319999999999999985519395784283602779396460391581058502197265625,0.00000000011093439999999999,6559905,2019-02-01 18:53:59,btc,4.605529491835801,0.0,0.00000319999999999999985519395784283602779396460391581058502197265625,btc,24418.19601554,0.0284170714555154,0.1476866397587638,91
0,[],17,[],2019-02-01 18:43:29,0.0,0,0,6559711,2019-02-01 18:43:29,btc,0.0,0.0,0,btc,0.0,0.0,0.0,91
0.00000000009418690000000001,[],22,[],2019-02-01 18:43:33,27704795.57142857,6.5930830000000006e-18,2.2840417436900004e-22,6559712,2019-02-01 18:43:33,LTC,8.48382787,0.0,0.00000007,LTC,73749658.1,3.9154812946600004e-13,1.42417449,95
0.00000000009418690000000001,[],4,[],2019-02-01 18:43:34,132648333.55904996,9.7012507e-17,3.3608042800010004e-21,6559713,2019-02-01 18:43:34,ltc,1.4319216283426928,0.0,0.00000103,ltc,70602216.54164702,0.00135613,6.886427786756884e-10,96
1,[],12,[],2019-02-01 18:43:35,334134.0,0.00000001,0.00000000000034643,6559714,2019-02-01 18:43:35,btc,255063.39983932563,0.0,0.00000001,btc,7838364.33297676,0.00877774,0.00334134,96
0,[],17,[],2019-02-01 18:43:37,0.0,0,0,6559715,2019-02-01 18:43:37,btc,0.0,0.0,0,btc,0.0,0.0,0.0,96
1,[],4,[],2019-01-28 01:29:03,1472892.19429314,0.00000039,0.000000000013841295,6517118,2019-01-28 01:29:03,btc,0.30363706505258,0.0,0.00000039,btc,473598.41813208,0.02260545,0.1322524391209234,99
0,[],2,[],2019-01-20 23:23:55,0.0,0,0,6476914,2019-01-20 23:23:55,,0.0,0.0,0,,0.0,0.0,0.0,100
1,[],4,[],2019-02-01 18:43:38,80117.08318362,0.00005001,0.0000000017324964300000002,6559716,2019-02-01 18:43:38,btc,1.1579110381624949,0.0,0.00005001,btc,18489.13185723,4.45247528,2.7528908710895994,100
1,[],22,[],2019-02-01 18:43:42,50000.0,0.00000001,0.00000000000034643,6559717,2019-02-01 18:43:42,BTC,23.50383609,0.0,0.00000001,BTC,11277.22,0.0,0.0005,101
1,[],4,[],2019-02-01 18:43:43,138615.95818652,0.00000086,0.00000000002979298,6559718,2019-02-01 18:43:43,btc,0.3975788797139318,0.0,0.00000086,btc,148136.15880692,0.00961657,0.064078165011953,103
1,[],12,[],2019-02-01 18:43:46,76142604.285,0.000000017,0.0000000000005889310000000001,6559719,2019-02-01 18:43:46,btc,9138279304.26235,0.0,0.000000017,btc,149162205.5668526,0.1432331843235191,0.456910724901,105
1,[],27,[],2019-02-01 18:43:47,26305.89,0.00000002,0.00000000000069286,6559720,2019-02-01 18:43:47,btc,0.6918890613760939,0.0,0.00000002,btc,652681.93781977,0.0,0.0002632889,105
0,[],22,[],2019-02-01 18:43:50,0.0,0,0,6559721,2019-02-01 18:43:50,,1.07253299,0.0,0,,94300.0,0.0,0.0,107
1,[],26,[],2019-02-01 18:43:50,0.0,0,0,6559722,2019-02-01 18:43:50,,0.0,0.0,0,,0.0,0.0,0.0,107
1,[],5,[],2019-02-01 18:43:52,1e-08,0.00000001,0.00000000000034643,6559723,2019-02-01 18:43:52,btc,3.16090914,0.0969311,0.00000001,btc,1.512e-05,0.0,0.06708332,112
1,[],22,[],2019-02-01 18:43:55,1966.0,0.00000001,0.00000000000034643,6559724,2019-02-01 18:43:55,BTC,2.84243449,0.0,0.00000001,BTC,977103.5833333334,0.0,1.966e-05,112
0.0000000003076221,[],27,[],2019-02-01 18:43:58,500000.0,3.0762210000000004e-18,1.0656952410300002e-22,6559725,2019-02-01 18:43:58,eth,1.25356065,0.0,0.00000001,"btc,eth",1328.0,0.0,1.5381105e-12,112
1,[],4,[],2019-02-01 18:43:59,468078.02328452,0.00000377,0.00000000013060411,6559726,2019-02-01 18:43:59,btc,0.4955743326130333,0.0,0.00000377,btc,90931.00860537,0.08385056,0.2475281986197293,113
1,[],5,[],2019-02-01 18:44:00,2.707e-05,0.00000366,0.00000000012679338000000002,6559727,2019-02-01 18:44:00,btc,2.11184655,0.0021892,0.00000366,btc,0.0027569,0.0,0.2020857,113
1,[],17,[],2019-02-01 18:44:02,212548.72400000002,0.00000004,0.00000000000138572,6559728,2019-02-01 18:44:02,btc,1.3368030274026026,0.00083281104,0.00000004,btc,51896.221,0.0,0.00460194896,116
0,[],27,[],2019-02-01 18:44:04,0.0,0,0,6559729,2019-02-01 18:44:04,,0.0,0.0,0,btc,0.0,0.0,0.0,116
1,[],4,[],2019-02-01 18:44:05,16530.22035259,0.00001860,0.0000000006443598000000001,6559730,2019-02-01 18:44:05,btc,0.083847889482828,0.0,0.00001860,btc,3833.74654933,0.0870364,0.2452723710522479,120
1,[],7,[],2019-02-01 18:44:06,2169.16288495,0.00001805000000000000167136270101675421528852893970906734466552734375,0.0000000006253061500000001,6559731,2019-02-01 18:44:06,btc,90.07801913003064,0.0,0.00001805000000000000167136270101675421528852893970906734466552734375,btc,22375.05278941,0.0,0.0205368929644095,120
1,[],20,[],2019-02-01 18:44:12,1607251.0096,0.000000013,0.00000000000045035900000000004,6559732,2019-02-01 18:44:12,btc,33.7489478021123,0.0,0.000000013,btc,1074645.1507,0.0,0.0088351098642,125
1,[],22,[],2019-02-01 18:44:16,3053.0,0.00000001,0.00000000000034643,6559733,2019-02-01 18:44:16,BTC,0.01444889,0.0,0.00000001,BTC,296264.5111111111,0.0,3.053e-05,126
0,[],2,[],2019-01-20 23:25:46,0.0,0,0,6476969,2019-01-20 23:25:46,,0.0,0.0,0,,0.0,0.0,0.0,131
1,[],4,[],2019-02-01 18:44:17,100426.13194057,0.00001495,0.00000000051791285,6559734,2019-02-01 18:44:17,btc,0.581747754282877,0.0,0.00001495,btc,29783.46241798,0.35408698,0.7151856761908606,131
0,[],17,[],2019-02-01 18:44:18,0.0,0,0,6559735,2019-02-01 18:44:18,btc,0.0008451375975800001,0.0,0,btc,30.89614684,0.0,0.0,131
1,[],4,[],2019-02-01 18:44:19,4614.59647125,0.00016003,0.000000005543919290000001,6559736,2019-02-01 18:44:19,btc,1.6404573280494363,0.0,0.00016003,btc,302.35845559,0.00040005,0.011863973380484,135
1,[],3,[],2019-02-01 18:44:20,1834356.22518509,0.00000008,0.00000000000277144,6559737,2019-02-01 18:44:20,btc,0.1685557201148478,7379.06111112,0.00000008,btc,399446.27963658,0.0,0.065305707337035,136
1,[],4,[],2019-02-01 18:44:21,99175.57099072,0.00000207,0.00000000007171101,6559738,2019-02-01 18:44:21,btc,0.5859531601157087,0.0,0.00000207,btc,206668.14222586,0.18149578,0.1412558554212375,137
1,[],12,[],2019-02-01 18:44:22,310502.75216043,0.000002120000000000000031120939159023919273749925196170806884765625,0.00000000007344316000000001,6559739,2019-02-01 18:44:22,btc,11982.84632461114,0.0,0.000002120000000000000031120939159023919273749925196170806884765625,btc,125343.53903814,0.1467378977684842,0.055788750034656005,137
0.0,[],25,[],2019-02-01 18:44:36,0.0,0,0,6559744,2019-02-01 18:44:36,,0.0,0.0,0.0,btc,0.0,0.0,0.0,142
1,[],28,[],2019-02-01 18:44:41,78610.0,0.00002500,0.000000000866075,6559745,2019-02-01 18:44:41,btc,0.03619767585,1053.0,0.00002500,btc,722.8325,0.0,0.0293237,142
1,[],5,[],2019-02-01 18:44:24,0.00121889,0.00004092,0.0000000014175915600000002,6559740,2019-02-01 18:44:24,btc,7.7589622,3.4734818,0.00004092,btc,0.00625838,0.0,1.61117144,142
1,[],17,[],2019-02-01 18:44:25,12500.0,0.0000001,0.0000000000034643,6559741,2019-02-01 18:44:25,btc,20.260986025841216,0.0,0.0000001,btc,5932.0,0.0,0.00125,142
1,[],20,[],2019-02-01 18:44:31,149745.3593,0.000035048,0.0000000012141678640000001,6559742,2019-02-01 18:44:31,btc,2.8042903962253,5.0,0.000035048,btc,12101.5227,0.000206695,0.2499788757931,142
1,[],22,[],2019-02-01 18:44:35,990.0,0.00001880,0.0000000006512884,6559743,2019-02-01 18:44:35,BTC,3.00453575,0.0,0.00001880,BTC,900.098,0.0,0.00022106,142
0,[],22,[],2019-01-28 18:33:43,0.0,0,0,6521842,2019-01-28 18:33:43,,61.27958297,0.0,0,,815366265.8,0.0,0.0,143
1,[],21,[],2019-02-01 18:44:42,34639030.9585174,0.00000027,0.000000000009353610000000002,6559746,2019-02-01 18:44:42,btc,52.652612065752905,3804560.60047939,0.00000027,btc,90685285.02866592,1.04486566,4.963670634275928,145
0,[],22,[],2019-02-01 18:44:45,0.0,0,0,6559747,2019-02-01 18:44:45,,4.54910384,0.0,0,,1494760.5,0.0,0.0,146
,[],22,[],2018-11-20 23:01:11,0.0,0,0,4862114,2018-11-20 23:01:11,,2.56807021,0.0,,,61828.4988236,0.0,0.0,147
1,[],12,[],2019-02-01 18:44:46,8691257.62983509,0.00000315999999999999981465238600708556049312392133288085460662841796875,0.00000000010947188,6559748,2019-02-01 18:44:46,btc,16.566498988165957,0.0,0.00000315999999999999981465238600708556049312392133288085460662841796875,btc,112360.71991547,0.0023325412164879,0.1240398299999974,148
1,[],4,[],2019-02-01 18:44:47,209342.6407835,0.00000027,0.00000000000935361,6559749,2019-02-01 18:44:47,btc,0.6883241417512619,0.0,0.00000027,btc,503150.08636268,0.00026329,0.0421574567042101,152
0,[],22,[],2019-02-01 18:44:49,0.0,0,0,6559750,2019-02-01 18:44:49,,0.0,0.0,0,,0.0,0.0,0.0,152
1,[],5,[],2019-02-01 18:44:51,0.0,0,0,6559751,2019-02-01 18:44:51,btc,4.41264381,0.0,0,btc,0.00161275,0.0,0.0,153
,[],16,[],2019-01-11 15:38:59,0.0,0,0,6366141,2019-01-11 15:38:59,btc,0.0,0.0,,btc,0.0,0.0,0.0,155
0,[],22,[],2019-02-01 18:44:56,0.0,0,0,6559752,2019-02-01 18:44:56,,6.73310957,0.0,0,,4562882.742592593,0.0,0.0,156
0,[],23,[],2019-01-20 23:24:29,0.0,0,0,6476932,2019-01-20 23:24:29,,0.0,0.0,0,,0.0,0.0,0.0,156
1,[],22,[],2019-02-01 18:44:59,7906.0,0.00000801,0.00000000027749043000000004,6559753,2019-02-01 18:44:59,BTC,43.78801181,0.0,0.00000801,BTC,1067.5805334758436,0.0,0.00743836,157
0,[],22,[],2019-02-01 18:45:04,0.0,0,0,6559754,2019-02-01 18:45:04,,50175.6753658,0.0,0,,54007107.04179466,0.0,0.0,158
,[],17,[],2018-11-20 22:56:10,0.0,0,0,4861976,2018-11-20 22:56:10,btc,1.1265625,0.0,,btc,1000.0,0.0,0.0,159
,[],20,[],2018-11-20 22:56:12,0.0,0,0,4861977,2018-11-20 22:56:12,btc,11912.7940471,0.0,,btc,34413894.3617,0.0,0.0,159
1,[],12,[],2019-02-01 18:45:05,189402.11729033,0.00000802999999999999935075371826354029280992108397185802459716796875,0.00000000027818329,6559755,2019-02-01 18:45:05,btc,6.68886020720022,0.0,0.00000802999999999999935075371826354029280992108397185802459716796875,btc,14902.586489,0.0048986175,0.08960554179995339,168
1,[],17,[],2019-02-01 18:45:07,29784.95,0.000001,0.000000000034643,6559756,2019-02-01 18:45:07,btc,0.0353989844335,0.0,0.000001,btc,196.82520268,0.0,0.00716147,168
0,[],22,[],2019-02-01 18:45:10,0.0,0,0,6559757,2019-02-01 18:45:10,,1.13380276,0.0,0,,689102.5537281231,0.0,0.0,169
1,[],22,[],2019-02-01 18:45:14,74717.8,0.0000004,0.0000000000138572,6559758,2019-02-01 18:45:14,BTC,10.2178679,0.0,0.0000004,BTC,51847.24849195187,0.00640805,0.01342314,171
1,[],22,[],2019-02-01 18:45:18,158599.0,0.0000001,0.0000000000034643,6559759,2019-02-01 18:45:18,BTC,2.61906591,0.0,0.0000001,BTC,242507.5674200973,0.00263444,0.00769999,173
1,[],5,[],2019-02-01 18:45:20,4.4e-05,0.00000390,0.0000000001351077,6559760,2019-02-01 18:45:20,btc,0.42353766,0.01108517,0.00000390,btc,0.00034349,0.0,0.69827272,175
1,[],22,[],2019-02-01 18:45:33,142554.25714285715,0.00000037,0.000000000012817910000000001,6559761,2019-02-01 18:45:33,BTC,0.6250375,0.0,0.00000037,BTC,161012.17417750834,0.00517251,0.01517392,176
1,[],7,[],2019-02-01 18:45:34,0.0,0,0,6559762,2019-02-01 18:45:34,btc,10965.659150693702,1118.88111887,0,btc,122977465.68292761,1.119e-05,0.0,178
0,[],22,[],2019-02-01 18:45:37,0.0,0,0,6559763,2019-02-01 18:45:37,,1.00242428,0.0,0,,57512.0,0.0,0.0,178
0,[],2,[],2019-01-20 23:28:34,0.0,0,0,6477001,2019-01-20 23:28:34,,0.0,0.0,0,,0.0,0.0,0.0,178
1,[],5,[],2019-02-01 18:45:38,3e-08,0.00000002,0.00000000000069286,6559764,2019-02-01 18:45:38,btc,17.24128243,0.22346512,0.00000002,btc,2.088e-05,0.0,1.26745453,179
1,[],22,[],2019-02-01 18:45:42,7842183.0,0.00000003,0.0000000000010392900000000001,6559765,2019-02-01 18:45:42,BTC,5.47629698,0.0,0.00000003,"BTC,LTC",17032733.401989967,0.000378,0.38978517,179
0,[],23,[],2019-01-20 23:25:08,0.0,0,0,6476952,2019-01-20 23:25:08,,0.0,0.0,0,,0.0,0.0,0.0,179
1,[],17,[],2019-02-01 18:45:44,10504.725,0.0000001,0.0000000000034643,6559766,2019-02-01 18:45:44,btc,5.206877489877098,0.0,0.0000001,btc,7465.6174587,0.0,0.0010504725,180
1,[],22,[],2019-02-01 18:45:49,8515.4,0.0000001,0.0000000000034643,6559767,2019-02-01 18:45:49,BTC,0.09633436,0.0,0.0000001,"BTC,LTC",16823.80336569223,0.0,0.00085154,180
1,[],26,[],2019-02-01 18:45:49,0.0,0,0,6559768,2019-02-01 18:45:49,,0.0,0.0,0,,0.0,0.0,0.0,180
,[],7,[],2018-11-20 22:58:01,562227.975654,0.00000085,0.000000000036176765,4862015,2018-11-20 22:58:01,btc,21836.6059674,2491.87645172,,btc,749999.041456,0.00211021,0.127565380455,183
1,[],24,[],2019-02-01 18:45:50,0.0,0.000000000001,3.4643e-17,6559769,2019-02-01 18:45:50,btc,0.0,0.0,0.000000000001,btc,0.0,0.0,0.0,187
,[],5,[],2019-01-10 08:11:41,0.0,0,0,6347036,2019-01-10 08:11:41,btc,82.15055501,0.00261,,btc,1.19002445,0.0,0.0,187
,[],17,[],2018-11-16 20:58:10,4062536.27273,0.00000001,0.000000000000550501,4708775,2018-11-16 20:58:10,btc,3.36492563466,0.195460381006,,"btc,eth",110697919.549,0.0,0.0157628953496,187
0,[],22,[],2019-02-01 18:45:54,0.0,0,0,6559770,2019-02-01 18:45:54,,1.19382741,0.0,0,,13380.036201072173,0.0,0.0,191
0,[],22,[],2019-01-29 02:57:02,0.0,0,0,6524994,2019-01-29 02:57:02,,0.0,0.0,0,,0.0,0.0,0.0,197
0,[],23,[],2019-01-20 23:31:41,0.0,0,0,6477079,2019-01-20 23:31:41,,0.0,0.0,0,,0.0,0.0,0.0,199
1,[],26,[],2019-02-01 18:45:54,0.0,0,0,6559771,2019-02-01 18:45:54,,0.0,0.0,0,,0.0,0.0,0.0,199
0,[],17,[],2019-01-30 16:32:01,0.0,0,0,6540827,2019-01-30 16:32:01,btc,6.802544163788159,0.0,0,btc,105897.55575295,0.0,0.0,200
0,[],2,[],2019-01-20 23:30:49,0.0,0,0,6477059,2019-01-20 23:30:49,,0.0,0.0,0,,0.0,0.0,0.0,201
1,[],4,[],2019-01-25 15:51:35,2084389.58565343,0.00000936,0.000000000333526752,6499557,2019-01-25 15:51:35,btc,2.0092503037378524,0.0,0.00000936,btc,160195.80207885,0.19272417,1.242687955921835,211
1,[],7,[],2019-02-01 18:45:58,22411719.86041416,0.000001340000000000000087593235616190145975679115508683025836944580078125,0.000000000046421620000000004,6559772,2019-02-01 18:45:58,btc,16567794.773849532,1443564.25581,0.000001340000000000000087593235616190145975679115508683025836944580078125,btc,12802166.00047857,0.0,7.5862156711824325,212
1,[],5,[],2019-02-01 18:45:59,5.19e-06,0.00000035,0.000000000012125050000000002,6559773,2019-02-01 18:45:59,btc,1.01456717,0.22026877,0.00000035,btc,3.261e-05,0.0,0.28308163,213
1,[],24,[],2019-02-01 18:45:59,0.0,0.000000050000,0.00000000000173215,6559774,2019-02-01 18:45:59,btc,0.0,0.0,0.000000050000,btc,0.0,0.0,0.0,213
1,[],26,[],2019-02-01 18:45:59,0.0,0,0,6559775,2019-02-01 18:45:59,,0.0,0.0,0,,0.0,0.0,0.0,213
1,[],12,[],2019-01-25 02:44:32,207462.42853209,0.000001080000000000000035831255497387193287295303889550268650054931640625,0.000000000038610756000000006,6493050,2019-01-25 02:44:32,btc,85023.03793723314,0.0,0.000001080000000000000035831255497387193287295303889550268650054931640625,btc,43675.73520027,0.000146250909087,0.0348620860622024,213
1,[],22,[],2019-02-01 18:46:03,276400.0,0.00000002,0.00000000000069286,6559776,2019-02-01 18:46:03,BTC,70.20243801,0.0,0.00000002,BTC,241693.63137942314,0.00054,0.004714,216
1,[],27,[],2019-02-01 18:46:06,5094545.0,0.0000001,0.0000000000034643,6559777,2019-02-01 18:46:06,btc,313.97459420316,0.0,0.0000001,"btc,ltc",267019.13411,0.0,0.0537135,216
1,[],22,[],2019-02-01 18:46:09,328988.5301038225,0.00000277,0.00000000009596111,6559778,2019-02-01 18:46:09,BTC,12677.72883777,0.0,0.00000277,BTC,437722.452992478,0.02872576,0.52904073,217
1,[],7,[],2019-02-01 18:46:11,0.0,0,0,6559779,2019-02-01 18:46:11,btc,302.57931663911063,0.0,0,btc,134740320.6214003,0.0,0.0,219
0,[],27,[],2019-02-01 18:46:13,0.0,0,0,6559780,2019-02-01 18:46:13,,0.0741038339680918,0.0,0,btc,1542429.2070951,0.0,0.0,219
0.0000000000000055,[],28,[],2019-02-01 18:46:15,205345375.686,5.5055000000000005e-18,1.9072703650000003e-22,6559781,2019-02-01 18:46:15,doge,88554.0318717675,14233.0,0.00100100,"btc,doge",4969437.84751,0.0,3.0080312654889425e-11,219
1,[],22,[],2019-02-01 18:46:18,202618.0,0.00000055,0.000000000019053650000000002,6559782,2019-02-01 18:46:18,BTC,2.39211741,0.0,0.00000055,BTC,33805.55212317522,0.0,0.02032573,221
1,[],24,[],2019-02-01 18:46:18,0.0,0.000000100000,0.0000000000034643,6559783,2019-02-01 18:46:18,btc,0.0,435.83775,0.000000100000,btc,0.0,0.00021792,0.0,221
1,[],26,[],2019-02-01 18:46:19,0.0,0,0,6559784,2019-02-01 18:46:19,,0.0,0.0,0,,0.0,0.0,0.0,231
1,[],26,[],2019-02-01 18:46:19,0.0,0,0,6559785,2019-02-01 18:46:19,,0.0,0.0,0,,0.0,0.0,0.0,234
0,[],27,[],2019-02-01 18:46:21,0.0,0,0,6559786,2019-02-01 18:46:21,,0.0113483662182,0.0,0,"btc,eth",11462.99618,0.0,0.0,234
0.00000000009418690000000001,[],22,[],2019-02-01 18:46:25,8720000.0,9.41869e-19,3.2629167767000005e-23,6559787,2019-02-01 18:46:25,LTC,3.57314439,0.0,0.00000001,LTC,94891979.68217893,4.840939169204e-12,0.0872,235
1,[],4,[],2019-02-01 18:46:26,736256.16160604,0.00000073,0.00000000002528939,6559788,2019-02-01 18:46:26,btc,0.1467929107483579,0.0,0.00000073,btc,132482.26175734,0.04131062,0.1653676505983009,236
1,[],24,[],2019-02-01 18:46:26,0.0,0.000000010000,0.00000000000034643,6559789,2019-02-01 18:46:26,btc,0.0,0.0,0.000000010000,btc,0.0,0.0,0.0,236
1,[],20,[],2019-02-01 18:46:28,12102508.9958,0.00000006,0.0000000000020785800000000002,6559790,2019-02-01 18:46:28,btc,14.4669958372256,26973249.1769,0.00000006,btc,26291691.7489,1.7441744894315,0.3543051721232,237
1,[],22,[],2019-02-01 18:46:32,10000.0,0.00000001,0.00000000000034643,6559791,2019-02-01 18:46:32,BTC,0.04144357,0.0,0.00000001,BTC,10254.2,0.0,0.0001,237
1,[],4,[],2019-02-01 18:46:32,3609740.8305819,0.00000033,0.00000000001143219,6559792,2019-02-01 18:46:32,btc,0.4002020496565807,0.0,0.00000033,btc,1115272.23260507,0.2664072,1.0863721925141216,238
1,[],5,[],2019-02-01 18:46:34,4.29e-06,0.00000033,0.00000000001143219,6559793,2019-02-01 18:46:34,btc,0.81875342,0.00065749,0.00000033,btc,2.957e-05,0.0,0.37224806,238
1,[],22,[],2019-02-01 18:46:38,257468.0,0.00000004,0.00000000000138572,6559794,2019-02-01 18:46:38,BTC,15.4130398,0.0,0.00000004,BTC,277242.0139027493,9.209e-05,0.00829884,249
0.00000000009418690000000001,[],22,[],2019-02-01 18:46:41,4179658.0,3.767476e-18,1.3051667106800002e-22,6559795,2019-02-01 18:46:41,LTC,0.80669199,0.0,0.00000004,LTC,14605861.015,8.793741081120001e-13,0.12455864,252
1,[],28,[],2019-02-01 18:46:45,2289298.428,0.00000008,0.00000000000277144,6559796,2019-02-01 18:46:45,btc,164692.29364341125,107221.14,0.00000008,btc,796648.6695,0.0,0.07612174624,256
1,[],22,[],2019-02-01 18:46:49,104473.57142857143,0.00000008,0.00000000000277144,6559797,2019-02-01 18:46:49,BTC,35605.56382731,0.0,0.00000008,BTC,502357.43279209774,0.0005469,0.00314707,258
1,[],22,[],2019-01-26 20:58:41,368451.0,0.00000001,0.000000000000356135,6510120,2019-01-26 20:58:41,BTC,2.642917,0.0,0.00000001,"BTC,LTC",1862.0,0.0,0.02488451,259
1,[],22,[],2019-02-01 18:46:52,2299.8434677419355,0.00000800,0.000000000277144,6559798,2019-02-01 18:46:52,BTC,4.68960145,0.0,0.00000800,BTC,6366.988399675977,4.234e-05,0.01602867,262
1,[],5,[],2019-02-01 18:46:54,7.186e-05,0.00000380,0.00000000013164340000000002,6559799,2019-02-01 18:46:54,btc,1.19251479,0.55746673,0.00000380,btc,0.00098348,0.0,0.30002878,264
1,[],20,[],2019-02-01 18:46:59,1176185.5652,0.000003841,0.000000000133063763,6559800,2019-02-01 18:46:59,btc,5.0367683687554,26635.1651,0.000003841,btc,98213.8028,0.1093584680853,0.0359291102957,264
1,[],22,[],2019-02-01 18:47:29,143431.0,0.00000002,0.00000000000069286,6559801,2019-02-01 18:47:29,BTC,8.65643669,0.0,0.00000002,BTC,330779.0934647885,4.4e-06,0.00237099,271
0,[],22,[],2019-02-01 18:47:32,0.0,0,0,6559802,2019-02-01 18:47:32,,365.48564614,0.0,0,,14203859303.9,0.0,0.0,272
0.0000000000000055,[],28,[],2019-02-01 18:47:34,214487684198.014,7.425000000000001e-21,2.5722427500000004e-25,6559803,2019-02-01 18:47:34,doge,75059328.19845273,16755323231.01,0.00000135,doge,176259117306.662,0.0,6.879104938267208e-10,272
