pairValue,buyBook,exchangeId,sellBook,updated,buyTotal,satoshiPrice,usdPrice,exchangeLogId,created,bestPair,sellTotalBtc,volume,pairPrice,activePairs,sellTotal,volumeBtc,buyTotalBtc,coinId
1,[],4,[],2019-06-28 11:30:25,207800.35416828,0.00820009,0.000000972922638302,7774976,2019-06-28 11:30:25,btc,9.519157631142921,0.0,0.00820009,btc,461.93084919,4.66187001,0.6110949713539383,1
1,[],5,[],2019-06-28 11:30:27,0.0,0,0,7774977,2019-06-28 11:30:27,btc,0.0,0.38413408,0,btc,0.0,0.0,0.0,1
1,[],10,[],2019-06-28 11:30:29,246554.40564145,0.00350006,0.00000041527441886800005,7774978,2019-06-28 11:30:29,btc,6521.788823043246,2192.91737601,0.00350006,btc,1218.34622359,0.0,1.6373382174387023,1
1,[],12,[],2019-06-28 11:30:33,95.24416248,0.00831999999999999927113858433358473121188580989837646484375,0.000000987149696,7774979,2019-06-28 11:30:33,btc,0.656490381677,0.0,0.00831999999999999927113858433358473121188580989837646484375,btc,28.90607549,1.177373135474,0.14654833767359998,1
1,[],20,[],2019-06-28 11:30:34,928.1679,0.008014702,0.0000009509267599556001,7774980,2019-06-28 11:30:34,btc,0.1509765967611,0.6952,0.008014702,btc,11.278,0.0072273046,0.1258599344889,1
1,[],21,[],2019-06-28 11:30:36,2160.43415234,0.008330550000000000801514410398,0.0000009884014302900002,7774981,2019-06-28 11:30:36,btc,9.87283363442096,7476.15750275,0.00833055000000000080151441039788551279343664646148681640625,"btc,eth",1715.18446795,57.604398676589334,12.778804644930995,1
1,[],22,[],2019-06-28 11:30:40,0.0469,0.00850000,0.000001008506300000000076761610158,7774982,2019-06-28 11:30:40,BTC,0.01666796,0.0,0.00850000,BTC,0.25318100557485945,0.0,0.00025139,1
1,[],24,[],2019-06-28 11:30:41,0.0,0.000000000000,0,7774983,2019-06-28 11:30:41,btc,0.0,0.0,0.000000000000,btc,0.0,0.0,0.0,1
0.0,[],25,[],2019-06-28 11:30:42,0.0,0,0,7774984,2019-06-28 11:30:42,btc,51.78449999878347,15276.53392238,0.0,btc,5995.76017051,126.7,0.0,1
1,[],26,[],2019-06-28 11:30:46,0.0,0,0,7774985,2019-06-28 11:30:46,,0.0,0.0,0,,0.0,0.0,0.0,1
0,[],28,[],2019-06-28 11:30:47,0.0,0,0,7774986,2019-06-28 11:30:47,,0.0,0.0,0,,0.0,0.0,0.0,1
0,[],2,[],2019-01-20 23:28:45,0.0,0,0,6477011,2019-01-20 23:28:45,,0.0,0.0,0,,0.0,0.0,0.0,1
1,[],3,[],2019-06-28 11:30:23,33630.64181693974,0.008183849999999999458299981824893620796501636505126953125,0.0000009709957980300001,7774975,2019-06-28 11:30:23,btc,10.421816845702837,105.165621764,0.008183849999999999458299981824893620796501636505126953125,btc,43.71436473602,0.0,0.28641315041919413,1
1,[],5,[],2019-06-17 14:29:02,0.0,0,0,7740076,2019-06-17 14:29:02,btc,0.0,2.72e-05,0,btc,0.0,0.0,0.0,2
1,[],22,[],2019-06-17 14:29:06,11550.3,0.0000002,0.0000000000185828,7740077,2019-06-17 14:29:06,BTC,21.00897301,0.0,0.0000002,"BTC,XMR",20678.87287795317,1.754e-05,0.00143681,2
1,[],5,[],2019-06-03 14:48:58,0.0,0,0,7731126,2019-06-03 14:48:58,btc,0.0,0.05905545,0,btc,0.0,0.0,0.0,3
1,[],12,[],2019-06-03 14:48:59,3468623.70302,0.000000116,0.000000000009823402000000002,7731127,2019-06-03 14:48:59,btc,169531.0336573751,0.0,0.000000116,btc,2361209.62379607,0.041350953071,0.33764769154428,3
0,[],28,[],2019-06-03 14:49:00,0.0,0,0,7731128,2019-06-03 14:49:00,,0.0,0.0,0,,0.0,0.0,0.0,3
0,[],2,[],2019-01-20 23:31:32,0.0,0,0,6477077,2019-01-20 23:31:32,,0.0,0.0,0,,0.0,0.0,0.0,4
1,[],4,[],2019-05-18 21:29:50,562734.9206932,0.00000010,0.000000000007298720000000001,7650946,2019-05-18 21:29:50,btc,41.9347137769675,0.0,0.00000010,btc,1123702.32192634,0.00052462,0.029254593370966,4
0,[],12,[],2019-06-02 05:03:43,0.0,0,0,7724919,2019-06-02 05:03:43,btc,625.901992874995,0.0,0,btc,1211362.4995005,0.0,0.0,5
1,[],11,[],2019-06-28 11:30:49,6351847.276736,0.00000001,0.000000000001186478,7774987,2019-06-28 11:30:49,btc,9583.568469362632,300000.0,0.00000001,btc,76378844.64770687,0.0,0.06351847276736,6
0,[],2,[],2019-01-20 23:31:51,0.0,0,0,6477087,2019-01-20 23:31:51,,0.0,0.0,0,,0.0,0.0,0.0,6
1,[],3,[],2019-06-28 11:30:50,12581.661570225666,0.000053369999999999998929571531913751414322177879512310028076171875,0.000000006332233086,7774988,2019-06-28 11:30:50,btc,2027.994001798424,627.29874475,0.000053369999999999998929571531913751414322177879512310028076171875,btc,443.864339363096,0.0,0.018070680428898565,7
1,[],4,[],2019-06-28 11:30:51,549555.78985631,0.00006252,0.000000007417860456000001,7774989,2019-06-28 11:30:51,btc,6.779210343776408,0.0,0.00006252,btc,53844.87430606,1.53665019,1.6581081056659381,7
1,[],5,[],2019-06-28 11:30:52,0.0,0,0,7774990,2019-06-28 11:30:52,btc,0.0,0.11146901,0,btc,0.0,0.0,0.0,7
1,[],20,[],2019-04-07 22:06:50,3201475.0482,0.000000001,0.000000000000051590000000000004,7213932,2019-04-07 22:06:50,btc,30.8005781811902,0.0,0.000000001,btc,23077405.3926,0.0,0.0032014750482,8
1,[],4,[],2019-06-28 11:30:55,1904814.3972522,0.00000040,0.000000000047459120000000006,7774991,2019-06-28 11:30:55,btc,2.93858033461563,0.0,0.00000040,btc,3087795.41099067,0.31941937,0.3039949005723855,9
0,[],28,[],2019-06-28 11:30:56,0.0,0,0,7774992,2019-06-28 11:30:56,,0.0,0.0,0,,0.0,0.0,0.0,9
0,[],2,[],2019-01-20 23:22:42,0.0,0,0,6476876,2019-01-20 23:22:42,,0.0,0.0,0,,0.0,0.0,0.0,9
0,[],23,[],2019-01-20 23:22:48,0.0,0,0,6476878,2019-01-20 23:22:48,,0.0,0.0,0,,0.0,0.0,0.0,9
1,[],1,[],2019-02-17 23:31:42,1822507.21,0.00000181000000000000003456111265232042484285557293333113193511962890625,0.000000000066086901,6701244,2019-02-17 23:31:42,btc,3.6990969245,17153386.5,0.00000181000000000000003456111265232042484285557293333113193511962890625,btc,1997391.71,31.11772986,3.2610482446,9
1,[],4,[],2019-02-17 11:22:43,4341674.27126056,0.00000002,0.0000000000007272960000000001,6696112,2019-02-17 11:22:43,btc,0.1997230937751353,0.0,0.00000002,btc,4109766.79808031,0.00215132,0.0479381022052112,10
1,[],4,[],2019-06-28 11:30:57,38950958.04724662,0.00000028,0.000000000033221384,7774993,2019-06-28 11:30:57,btc,7.325587605696128,0.0,0.00000028,btc,8427298.19541365,0.56046724,1.347898627775368,12
1,[],5,[],2019-06-28 11:30:58,0.0,0,0,7774994,2019-06-28 11:30:58,btc,0.0,0.02906294,0,btc,0.0,0.0,0.0,12
0.0,[],25,[],2019-06-28 11:31:00,0.0,0,0,7774995,2019-06-28 11:31:00,,0.0,0.0,0.0,btc,0.0,0.0,0.0,12
0,[],2,[],2019-01-20 23:23:08,0.0,0,0,6476890,2019-01-20 23:23:08,,0.0,0.0,0,,0.0,0.0,0.0,12
1,[],4,[],2019-06-28 11:31:02,443216.43116834,0.00000262,0.00000000031085723600000003,7774996,2019-06-28 11:31:02,btc,2.215070293681223,0.0,0.00000262,btc,390994.88824332,0.39235774,0.2030370536743082,13
1,[],21,[],2019-06-28 11:31:05,5682393.18739253,0.000002609999999999999998359602113,0.000000000309670758,7774997,2019-06-28 11:31:05,btc,3.6991222075943266,1398846.31117599,0.00000260999999999999999835960211302943179134672391228377819061279296875,btc,1030365.13579956,3.62357837,3.4600088067852703,13
1,[],10,[],2019-06-28 08:01:05,595698.27024093,0.00000259,0.000000000295588153,7774382,2019-06-28 08:01:05,btc,666797.6716647166,37303.4790241,0.00000259,btc,876337.21415404,0.0,0.2279312240146379,13
1,[],4,[],2019-06-28 11:31:07,1050078.33979302,0.00000037,0.000000000043899686000000004,7774998,2019-06-28 11:31:07,btc,3.0241689381110852,0.0,0.00000037,btc,769994.03187315,0.02524131,0.0835999526736371,14
1,[],12,[],2019-06-28 11:31:08,223112.0,0.00000045,0.00000000005339151,7774999,2019-06-28 11:31:08,btc,193.48016021927182,0.0,0.00000045,btc,40497.56526099,0.002669664096,0.00964934,14
1,[],26,[],2019-06-28 11:33:08,0.0,0.00000050,0.00000000005932390000000001,7775000,2019-06-28 11:33:08,btc,0.0,0.0,0.00000050,btc,0.0,0.0,0.0,14
0,[],17,[],2019-05-03 00:53:32,0.0,0,0,7558876,2019-05-03 00:53:32,btc,0.0,0.0,0,btc,0.0,0.0,0.0,14
0,[],4,[],2019-06-28 11:33:10,0.0,0,0,7775001,2019-06-28 11:33:10,,0.0,0.0,0,,0.0,0.0,0.0,15
,[],12,[],2018-12-01 15:15:48,204241.84496,0.00000489,0.000000000202473384,5260204,2018-12-01 15:15:48,btc,49.5475654835,0.0,,btc,35763.2193806,0.0163153972027625,0.0203389899998,15
1,[],4,[],2019-06-28 11:33:11,30785.15674179,0.00000816,0.000000000968166048,7775002,2019-06-28 11:33:11,btc,2.3621973558346476,0.0,0.00000816,btc,16524.06319608,0.0458475,0.0375031331415443,18
1,[],10,[],2019-06-28 11:33:13,399873.72038852,0.00000796,0.000000000944436488,7775003,2019-06-28 11:33:13,btc,14.898793998563585,29817.5229572,0.00000796,btc,11341.23763454,0.0,0.3070258454968161,18
1,[],12,[],2019-06-28 11:33:15,1709.43550471,0.000008509999999999999837252580292545900420009274967014789581298828125,0.0000000010096927780000001,7775004,2019-06-28 11:33:15,btc,0.5295009649545199,0.0,0.000008509999999999999837252580292545900420009274967014789581298828125,btc,1928.81278592,1.212675e-06,0.0036323166949521,18
0,[],2,[],2019-01-20 23:23:38,0.0,0,0,6476906,2019-01-20 23:23:38,,0.0,0.0,0,,0.0,0.0,0.0,18
0,[],17,[],2019-05-03 00:53:39,0.0,0,0,7558882,2019-05-03 00:53:39,btc,0.0,0.0,0,btc,0.0,0.0,0.0,18
1,[],3,[],2019-06-28 11:35:15,154352.68771627327,0.0000030800000000000001570857159627347954256038065068423748016357421875,0.00000000036543522400000007,7775005,2019-06-28 11:35:15,btc,190.34356215807767,17088.3479468,0.0000030800000000000001570857159627347954256038065068423748016357421875,btc,18640.820027660637,0.0,0.05285070033141525,19
1,[],4,[],2019-06-28 11:35:16,209941.91661868,0.00000729,0.0000000008649424620000001,7775006,2019-06-28 11:35:16,btc,4.488108125246482,0.0,0.00000729,btc,238789.70049685,0.29158651,0.7786704576769566,19
1,[],5,[],2019-06-28 11:35:19,0.0,0,0,7775007,2019-06-28 11:35:19,btc,0.0,0.0,0,btc,0.0,0.0,0.0,19
1,[],12,[],2019-06-28 11:35:20,107188.51203981,0.0000060599999999999995775427918953681682978640310466289520263671875,0.000000000719005668,7775008,2019-06-28 11:35:20,btc,1.206034549166484,0.0,0.0000060599999999999995775427918953681682978640310466289520263671875,btc,3008.56634116,0.0,0.0096925499997592,19
0,[],27,[],2019-06-28 11:35:25,0.0,0,0,7775009,2019-06-28 11:35:25,,0.0,0.0,0,btc,0.0,0.0,0.0,19
0,[],2,[],2019-01-20 23:24:19,0.0,0,0,6476924,2019-01-20 23:24:19,,0.0,0.0,0,,0.0,0.0,0.0,19
1,[],4,[],2019-06-28 11:35:26,9961191.09278478,0.00000005,0.000000000005932390000000001,7775010,2019-06-28 11:35:26,btc,5.160614082205169,0.0,0.00000005,btc,2226103.13343337,0.00332511,0.1113794166205056,20
0,[],4,[],2019-06-28 11:35:27,0.0,0,0,7775011,2019-06-28 11:35:27,,13845.886944021373,0.0,0,,165867433.57370672,0.0,0.0,21
0,[],12,[],2019-06-28 11:35:29,0.0,0,0,7775012,2019-06-28 11:35:29,btc,2602.9757493574525,0.0,0,btc,10311974.54345651,4.995e-07,0.0,21
0,[],17,[],2019-05-03 00:53:51,0.0,0,0,7558891,2019-05-03 00:53:51,btc,0.0,0.0,0,btc,0.0,0.0,0.0,21
1,[],12,[],2019-06-28 11:13:06,6510027709.455566,0.0000000005,0.00000000000005959585000000001,7774899,2019-06-28 11:13:06,btc,1426620280989.9006,0.0,0.0000000005,btc,2718811427.4455547,0.126637807836,1.7792471380000834,23
0.0000000002591397,[],27,[],2019-06-28 11:13:12,68047465.56396204,2.61731097e-16,3.1196174394294905e-20,7774900,2019-06-28 11:13:12,eth,1050.683085,6058239.0359001,0.00000101,eth,783036.294,1.4129372215819406e-08,6.6755677760201805e-09,23
1,[],4,[],2019-06-22 05:45:29,6100414.07522138,0.00000017,0.00000000001823352,7751732,2019-06-22 05:45:29,btc,10.22685272773715,0.0,0.00000017,btc,1790815.48208265,0.0,0.1345450262400025,24
0,[],22,[],2019-06-22 05:45:31,0.0,0,0,7751733,2019-06-22 05:45:31,,6.22e-05,0.0,0,,517.4264705882352,0.0,0.0,24
0.0,[],25,[],2019-06-22 05:45:32,0.0,0,0,7751734,2019-06-22 05:45:32,,0.0,0.0,0.0,btc,0.0,0.0,0.0,24
0,[],2,[],2019-01-20 23:25:56,0.0,0,0,6476976,2019-01-20 23:25:56,,0.0,0.0,0,,0.0,0.0,0.0,26
1,[],4,[],2019-06-28 11:13:13,26923618.0063512,0.00000324,0.000000000386181108,7774901,2019-06-28 11:13:13,btc,7.767051915614268,0.0,0.00000324,btc,207557.53442676,0.1151079,0.336820900025877,26
1,[],10,[],2019-06-28 11:13:15,129921.43684133,0.00000451,0.000000000537554567,7774902,2019-06-28 11:13:15,btc,25.131588846278262,4402.07140771,0.00000451,btc,19877.81222087,0.0,0.0480850041698935,26
1,[],5,[],2019-04-26 09:47:06,0.0,0,0,7465326,2019-04-26 09:47:06,btc,0.0,0.0,0,btc,0.0,0.0,0.0,27
1,[],3,[],2019-06-17 14:30:26,13571825.64059417,0.00000001,0.00000000000092914,7740112,2019-06-17 14:30:26,btc,3.485049956644059,4264730.43754,0.00000001,btc,23500048.28518193,0.0,0.1357182564059417,27
1,[],11,[],2019-06-17 14:30:28,2031833.58157834,0.00000001,0.00000000000092914,7740113,2019-06-17 14:30:28,btc,67502.92060589766,32677.9652116,0.00000001,btc,6487362.95640949,0.0,0.0203183358157834,27
1,[],4,[],2019-06-28 11:13:16,424242366.5287976,0.00000001,0.0000000000011919170000000001,7774903,2019-06-28 11:13:16,btc,10.58406381323993,0.0,0.00000001,"btc,ltc",671236025.4162146,0.31214945,0.0624372247107196,29
1,[],7,[],2019-06-28 11:13:18,6112538.30628903,0.00000001,0.0000000000011919170000000001,7774904,2019-06-28 11:13:18,btc,46548272.4047432,22638.3260785,0.00000001,btc,46117389.45366851,0.00026834,0.0611253830628903,29
0,[],17,[],2019-05-03 01:11:25,0.0,0,0,7559066,2019-05-03 01:11:25,btc,0.0,0.0,0,btc,0.0,0.0,0.0,30
1,[],4,[],2019-06-28 11:13:19,15746245.19040204,0.00000004,0.0000000000047676680000000005,7774905,2019-06-28 11:13:19,btc,2.5761836567667915,0.0,0.00000004,btc,2271461.54845355,0.0,0.1719683204267238,30
1,[],4,[],2019-06-28 11:15:20,218900.79284794,0.00002801,0.000000003338559517,7774906,2019-06-28 11:15:20,btc,3.63399745741086,0.0,0.00002801,btc,56004.31177596,0.37273597,0.3112962019688907,31
1,[],21,[],2019-06-28 11:15:21,688983.69036554,0.00002943999999999999934541076996,0.000000003509003648,7774907,2019-06-28 11:15:21,btc,5.072108574863974,114453.7070463,0.00002943999999999999934541076995753172695913235656917095184326171875,btc,128140.40441936,3.37671403,2.259258752336948,31
0,[],2,[],2019-01-20 23:28:43,0.0,0,0,6477009,2019-01-20 23:28:43,,0.0,0.0,0,,0.0,0.0,0.0,32
1,[],12,[],2019-03-30 07:55:10,40641173.964,0.00000003,0.000000000001228359,7108785,2019-03-30 07:55:10,btc,4233210.82356125,0.0,0.00000003,btc,28378394.68333462,0.0126927883965248,0.90752895892,33
0,[],4,[],2019-06-28 11:15:22,0.0,0,0,7774908,2019-06-28 11:15:22,,0.0,0.0,0,,0.0,0.0,0.0,33
0.0000000000993156,[],4,[],2019-06-28 11:15:24,149573753.2014589,5.4623580000000003e-17,6.5106773602860004e-21,7774909,2019-06-28 11:15:24,ltc,4.523081336842354,0.0,0.00000055,ltc,165492027.02344522,0.00077867,6.617415640227753e-10,34
1,[],5,[],2019-06-28 11:15:25,0.0,0,0,7774910,2019-06-28 11:15:25,btc,0.0,0.00018496,0,btc,0.0,0.0,0.0,34
0.0000000002926451,[],17,[],2019-05-02 18:17:47,200000.0,2.9264510000000002e-18,1.596703856561e-22,7556430,2019-05-02 18:17:47,eth,0.20942468735267253,0.0,0.00000001,"btc,eth",1018272.20243647,0.0,5.852902e-13,36
0.0000000001311821,[],4,[],2019-05-31 13:28:19,2417517744.0607657,1.311821e-18,1.105058333085e-22,7717483,2019-05-31 13:28:19,ltc,5.019900492391546e-08,0.0,0.00000001,ltc,7102398142.262129,0.0,3.171350544531538e-09,36
1,[],5,[],2019-05-31 13:28:21,0.0,0,0,7717484,2019-05-31 13:28:21,btc,0.0,0.0,0,btc,0.0,0.0,0.0,36
0.0000000003108179,[],27,[],2019-05-31 13:30:34,10388811.226876,6.216358000000001e-18,5.236566733830001e-22,7717485,2019-05-31 13:30:34,eth,1569.8708019850988,761866.634299,0.00000002,"ltc,eth",5084024.2511555,4.736034912207001e-12,3.3251980286483705e-11,36
1,[],4,[],2019-06-25 10:05:55,10747826.61931615,0.00000014,0.000000000015920562,7762320,2019-06-25 10:05:55,btc,19773.05513423956,0.0,0.00000014,btc,682946.14349671,0.0006293,0.1362851255028938,37
1,[],12,[],2019-06-25 10:05:57,4167862.54235103,0.00000013,0.000000000014783379,7762321,2019-06-25 10:05:57,btc,7.381091518261743,0.0,0.00000013,btc,1713444.53926904,0.016313049979,0.1478110147956336,37
1,[],27,[],2019-06-25 10:08:02,10970.0,0.00000019,0.000000000021606477,7762322,2019-06-25 10:08:02,btc,22.62970013895233,0.0,0.00000019,btc,4298.824295,0.0,0.00167419,37
1,[],17,[],2019-05-03 01:11:36,211752.74075282,0.00000025,0.000000000013700074999999998,7559074,2019-05-03 01:11:36,btc,0.055484923955058496,0.0,0.00000025,"btc,eth",1387.19918473,0.0,0.0005381851887916605,37
1,[],5,[],2019-06-28 11:15:27,0.0,0,0,7774911,2019-06-28 11:15:27,btc,0.0,0.19751066,0,btc,0.0,0.0,0.0,42
1,[],12,[],2019-06-28 11:15:29,2023972.92635426,0.000001399999999999999936647356556240762159859514213167130947113037109375,0.00000000016686838,7774912,2019-06-28 11:15:29,btc,524.5617502239244,0.0,0.000001399999999999999936647356556240762159859514213167130947113037109375,btc,140261.22395225,0.087641312096,0.0607283999999625,42
1,[],27,[],2019-06-28 11:15:36,683.0,0.00000140,0.00000000016686838,7774913,2019-06-28 11:15:36,btc,0.07600425,0.0,0.00000140,"btc,eth",18.0,0.0,0.0005422,42
1,[],12,[],2019-03-13 09:13:29,1112112.0,0.00000001,0.000000000000386531,6919902,2019-03-13 09:13:29,btc,29058.00478931866,0.0,0.00000001,btc,5967681.93306694,9.99000999e-07,0.01112112,43
1,[],5,[],2019-04-26 22:38:52,0.0,0,0,7474154,2019-04-26 22:38:52,btc,0.0,0.02638891,0,btc,0.0,0.0,0.0,43
0,[],17,[],2019-04-26 22:38:53,0.0,0,0,7474155,2019-04-26 22:38:53,btc,0.0,0.0,0,btc,0.0,0.0,0.0,43
1,[],12,[],2019-03-05 01:54:08,639326.02,0.00000004,0.000000000001486676,6845775,2019-03-05 01:54:08,btc,11116042.728239931,0.0,0.00000004,btc,1103841.4595604,0.0003330765234764,0.014975410599999999,44
0.0000000000993156,[],4,[],2019-06-28 11:15:37,109630074.98253629,4.2705708e-17,5.090165936223601e-21,7774914,2019-06-28 11:15:37,ltc,2762.2134684232806,0.0,0.00000043,ltc,26829433.82532352,0.00066187,4.4917280048241905e-10,49
0.0000000000993156,[],4,[],2019-06-28 11:15:38,318186744.73165256,1.9863120000000003e-17,2.367519040104e-21,7774915,2019-06-28 11:15:38,ltc,28232.106432975466,0.0,0.0000002,ltc,195956744.31908157,0.0,1.8399606136459383e-09,52
0,[],22,[],2019-06-27 15:51:08,0.0,0,0,7771544,2019-06-27 15:51:08,,10289.80784133,0.0,0,,287058287.4566013,0.0,0.0,57
0,[],27,[],2019-06-27 15:51:16,0.0,0,0,7771545,2019-06-27 15:51:16,,0.0,0.0,0,"btc,eth",0.0,0.0,0.0,57
1,[],17,[],2019-05-03 01:12:09,1200000.0,0.0000000001,0.00000000000000548003,7559085,2019-05-03 01:12:09,btc,1e+24,0.0,0.0000000001,"btc,eth",39516342.31952568,0.0,0.00010000000058666061,58
0,[],4,[],2019-06-28 11:15:39,0.0,0,0,7774916,2019-06-28 11:15:39,,19.719361630580934,0.0,0,,6085129995.992692,0.0,0.0,58
0,[],12,[],2019-06-28 11:15:40,0.0,0,0,7774917,2019-06-28 11:15:40,btc,54078057.087987535,0.0,0,btc,3419983058.360596,0.00011224735,0.0,58
0.000000000083223,[],22,[],2019-06-28 11:17:44,126877.0,8.3223e-19,9.9194908491e-23,7774918,2019-06-28 11:17:44,XMR,68.17454206,0.0,0.00000001,XMR,9626402.6,0.0,0.00126877,58
1,[],5,[],2019-06-17 14:31:27,0.0,0,0,7740135,2019-06-17 14:31:27,btc,0.0,0.00079154,0,btc,0.0,0.0,0.0,61
1,[],22,[],2019-06-17 14:31:30,13612.833333333334,0.00000012,0.00000000001114968,7740136,2019-06-17 14:31:30,BTC,1002.29123003,0.0,0.00000012,BTC,15014.200177125656,0.0,0.00153257,61
1,[],26,[],2019-06-17 14:31:30,0.0,0.00000050,0.000000000046457,7740137,2019-06-17 14:31:30,btc,0.0,0.0,0.00000050,btc,0.0,0.0,0.0,61
1,[],27,[],2019-06-17 14:31:36,8400.0,0.00000018,0.00000000001672452,7740138,2019-06-17 14:31:36,btc,1.9742539297246655,0.0,0.00000018,"btc,eth",10953.51663696,0.0,0.001512,61
0,[],28,[],2019-06-17 14:31:38,0.0,0,0,7740139,2019-06-17 14:31:38,,0.0,0.0,0,,0.0,0.0,0.0,61
1,[],4,[],2019-06-28 11:17:45,314542.50236965,0.00000067,0.000000000079858439,7774919,2019-06-28 11:17:45,btc,3.468694451271781,0.0,0.00000067,btc,1305315.30348909,0.04756492,0.1493497877861229,67
0.0,[],25,[],2019-06-28 11:17:47,0.0,0,0,7774920,2019-06-28 11:17:47,,0.0,0.0,0.0,btc,0.0,0.0,0.0,67
1,[],12,[],2019-06-02 06:23:14,910048.355,0.00000006,0.000000000005154929999999999,7725270,2019-06-02 06:23:14,btc,5.167005424215783,0.0,0.00000006,btc,738530.60239759,0.003159757462,0.0187188113,71
,[],5,[],2018-11-20 23:02:39,1.5e-07,0.00000005,0.000000000002128045,4862160,2018-11-20 23:02:39,btc,2.84511358,0.0,,btc,0.00036572,0.0,0.07381892,74
1,[],5,[],2019-06-28 11:17:48,0.0,0,0,7774921,2019-06-28 11:17:48,btc,0.0,0.00182975,0,btc,0.0,0.0,0.0,75
1,[],4,[],2019-06-04 03:25:15,715281.46076168,0.00000001,0.000000000000803619,7734085,2019-06-04 03:25:15,btc,581089.6218469425,0.0,0.00000001,btc,37692563.61091116,0.0,0.0071528146076168,81
0,[],20,[],2019-01-25 09:30:31,0.0,0,0,6495923,2019-01-25 09:30:31,btc,0.0,0.0,0,btc,0.0,0.0,0.0,81
1,[],4,[],2019-06-28 11:17:49,222009.65387349,0.00007017,0.000000008363681589,7774922,2019-06-28 11:17:49,btc,58.53147380757723,0.0,0.00007017,btc,120044.57542046,0.53622175,0.2017503646741597,82
1,[],21,[],2019-06-28 11:17:50,324245.43610875,0.00007310999999999999627870589380,0.000000008714105187,7774923,2019-06-28 11:17:50,btc,4.47673971393713,80877.62936599,0.000073109999999999996278705893804072957209427841007709503173828125,btc,45361.12897425,5.11281625,3.423069939427569,82
0,[],17,[],2019-03-25 22:42:34,0.0,0,0,7038780,2019-03-25 22:42:34,btc,0.0445064681804024,0.0,0,btc,995513.18476001,0.0,0.0,84
0.0000000001161485,[],4,[],2019-05-20 13:09:39,216715621.0206096,1.161485e-18,9.0533806701e-23,7657228,2019-05-20 13:09:39,ltc,1.6511566870244727,0.0,0.00000001,ltc,471032407.9048656,0.0,2.5171194308112273e-10,85
,[],22,[],2018-11-20 23:09:34,3408.1,0.0000001,0.0000000000041895,4862324,2018-11-20 23:09:34,BTC,0.04624735,0.0,,BTC,4990.0,0.0,0.00033081,86
1,[],22,[],2019-06-26 09:07:19,62694.0,0.00000005,0.0000000000063518149999999994,7766682,2019-06-26 09:07:19,BTC,1.85249053,0.0,0.00000005,BTC,287024.94736842107,0.0003,0.00062846,87
1,[],27,[],2019-06-26 09:07:25,361781.0,0.0000002,0.000000000025407259999999998,7766683,2019-06-26 09:07:25,btc,19.86923154858,99950.0,0.0000002,btc,548343.482,0.01999,0.01237888,87
,[],2,[],2018-11-20 23:10:47,0.0,0,0,4862359,2018-11-20 23:10:47,,0.0,0.0,,,0.0,0.0,0.0,88
1,[],11,[],2019-06-17 14:31:59,193715.3529613,0.000073310000000000001140094962881477158589405007660388946533203125,0.00000000681152534,7740147,2019-06-17 14:31:59,btc,168.35454702024953,5791.70569014,0.000073310000000000001140094962881477158589405007660388946533203125,btc,196971.41170107,0.0,1.1996165759440112,89
0,[],2,[],2019-01-20 23:31:45,0.0,0,0,6477083,2019-01-20 23:31:45,,0.0,0.0,0,,0.0,0.0,0.0,91
0,[],17,[],2019-05-03 01:12:26,0.0,0,0,7559096,2019-05-03 01:12:26,btc,0.0,0.0,0,btc,0.0,0.0,0.0,91
1,[],12,[],2019-06-28 11:17:51,395633.4530769,0.00000026,0.000000000030989842,7774924,2019-06-28 11:17:51,btc,122.14790483535572,0.0,0.00000026,btc,292630.68259661,0.000461238761,0.0253484629538402,91
1,[],22,[],2019-06-28 11:19:55,75900.0,0.00000001,0.0000000000011919170000000001,7774925,2019-06-28 11:19:55,BTC,0.495,0.0,0.00000001,"BTC,LTC",4.95,0.0,0.001659,91
1,[],22,[],2019-06-28 11:19:59,94060.0,0.00000002,0.0000000000023838340000000002,7774926,2019-06-28 11:19:59,BTC,11.44403514,0.0,0.00000002,"BTC,LTC",313351.4683191416,0.00034497000000143906,0.0662712,95
0,[],17,[],2019-05-03 01:12:32,0.0,0,0,7559100,2019-05-03 01:12:32,btc,0.0,0.0,0,btc,0.0,0.0,0.0,96
0.0000000000993156,[],4,[],2019-06-28 11:20:00,538374741.5344123,4.1712552e-17,4.9717899842184005e-21,7774927,2019-06-28 11:20:00,ltc,10.91665335230322,0.0,0.00000042,ltc,154606235.90013406,0.0,6.823841005914605e-10,96
0,[],12,[],2019-06-28 11:20:01,0.0,0,0,7774928,2019-06-28 11:20:01,btc,36.789572634485516,0.0,0,btc,9956057.448551439,0.0,0.0,96
1,[],4,[],2019-04-14 03:32:46,1039404.33283278,0.00000038,0.000000000019245518,7293458,2019-04-14 03:32:46,btc,4.170086055365747,0.0,0.00000038,btc,3097704.34561074,0.06260606,0.1859928211030784,99
0,[],2,[],2019-01-20 23:23:55,0.0,0,0,6476914,2019-01-20 23:23:55,,0.0,0.0,0,,0.0,0.0,0.0,100
1,[],4,[],2019-06-28 11:22:01,208295.18106915,0.00001310,0.00000000156141127,7774929,2019-06-28 11:22:01,btc,7.953985193253703,0.0,0.00001310,btc,173413.80554334,0.51634611,0.6129382496311505,100
1,[],22,[],2019-06-05 06:30:35,150000.0,0.00000002,0.000000000001558192,7740007,2019-06-05 06:30:35,BTC,28.56386409,0.0,0.00000002,BTC,12787.719,0.0,0.0017,101
1,[],4,[],2019-06-28 11:22:03,450421.15989395,0.00000153,0.00000000018236330100000002,7774930,2019-06-28 11:22:03,btc,882.6192650002594,0.0,0.00000153,btc,747728.01044236,0.00100805,0.0776777336010778,103
1,[],12,[],2019-06-17 14:32:14,179201505.10870332,0.000000005,0.00000000000046457,7740154,2019-06-17 14:32:14,btc,113577.79366343976,0.0,0.000000005,btc,79148141.67831126,0.019059029059,0.27280986350611003,105
1,[],27,[],2019-06-17 14:32:19,18306828.03496503,0.00000002,0.00000000000185828,7740155,2019-06-17 14:32:19,btc,180.7198218385489,1083.96503497,0.00000002,btc,276513.60142659,7.588e-05,0.3661365606993006,105
1,[],22,[],2019-04-21 00:17:26,21333.0,0.00000001,0.000000000000532493,7385819,2019-04-21 00:17:26,BTC,51.38182867,0.0,0.00000001,BTC,470435.0,0.0,0.00021333,107
1,[],26,[],2019-04-21 00:17:26,0.0,0.00000000,0,7385820,2019-04-21 00:17:26,btc,0.0,0.0,0.00000000,btc,0.0,0.0,0.0,107
1,[],5,[],2019-06-28 11:22:07,0.0,0,0,7774931,2019-06-28 11:22:07,btc,0.0,0.0,0,btc,0.0,0.0,0.0,112
0,[],22,[],2019-06-28 11:22:10,0.0,0,0,7774932,2019-06-28 11:22:10,,6.79500102,0.0,0,,3375892.0833333335,0.0,0.0,112
1,[],27,[],2019-06-28 11:22:17,1.0,0.00000001,0.0000000000011919170000000001,7774933,2019-06-28 11:22:17,btc,0.0,0.0,0.00000001,"btc,eth",0.0,0.0,1e-08,112
1,[],4,[],2019-06-28 11:22:18,992576.33758234,0.00000043,0.000000000051252431,7774934,2019-06-28 11:22:18,btc,6.385063985229216,0.0,0.00000043,btc,997806.41223221,0.02476005,0.1227104626065522,113
1,[],5,[],2019-06-28 11:22:19,0.0,0,0,7774935,2019-06-28 11:22:19,btc,0.0,6e-07,0,btc,0.0,0.0,0.0,113
1,[],17,[],2019-04-26 02:17:47,162738.278,0.00000004,0.0000000000021069000000000002,7461287,2019-04-26 02:17:47,btc,1.3331140273775473,0.0,0.00000004,btc,51796.221,0.0,0.00230953112,116
1,[],27,[],2019-05-22 05:13:01,210000.0,0.00000001,0.00000000000079145,7666372,2019-05-22 05:13:01,btc,3919.0005001478,0.0,0.00000001,btc,128660.871,0.0,0.0021,116
1,[],4,[],2019-05-21 22:31:11,138169.03963019,0.00000701,0.000000000558364025,7664793,2019-05-21 22:31:11,btc,150.95388250938234,0.0,0.00000701,btc,344631.17141974,0.07552974,0.4288357684941946,120
1,[],7,[],2019-05-21 22:31:12,3901.07750076,0.000010679999999999999389654892212320191902108490467071533203125,0.0000000008506887,7664794,2019-05-21 22:31:12,btc,231188.94669936574,0.0,0.000010679999999999999389654892212320191902108490467071533203125,btc,4133.83151364,0.0,0.0113888422364489,120
1,[],20,[],2019-04-07 18:42:29,1914137.0852,0.000000035,0.0000000000017871910000000002,7211992,2019-04-07 18:42:29,btc,32.2497668025648,25528.85,0.000000035,btc,1001975.4986,0.00089350975,0.0152723574729,125
1,[],22,[],2019-06-17 14:32:38,10000.0,0.00000001,0.00000000000092914,7740161,2019-06-17 14:32:38,BTC,0.032061,0.0,0.00000001,BTC,299316.7611111111,0.0,0.0001,126
0,[],2,[],2019-01-20 23:25:46,0.0,0,0,6476969,2019-01-20 23:25:46,,0.0,0.0,0,,0.0,0.0,0.0,131
1,[],17,[],2019-05-03 01:13:10,10000.0,0.00000001,0.000000000000548003,7559115,2019-05-03 01:13:10,btc,0.0953976503951408,0.0,0.00000001,btc,5037.62507334,0.0,0.0001,131
1,[],4,[],2019-06-28 11:22:21,900146.51834603,0.00000302,0.00000000035995893400000003,7774936,2019-06-28 11:22:21,btc,2.4034576897480084,0.0,0.00000302,btc,173658.65278424,0.04659587,0.5546581241770576,131
1,[],4,[],2019-06-17 14:32:42,4848.49465417,0.00007919,0.00000000735785966,7740163,2019-06-17 14:32:42,btc,0.9905723729472744,0.0,0.00007919,btc,202.13055914,0.0,0.0061509344290166,135
1,[],3,[],2019-06-05 06:33:11,40600.27748212,0.00000001,0.000000000000779096,7740019,2019-06-05 06:33:11,btc,0.2308097808993716,2146378.52189,0.00000001,btc,2477992.76904676,0.0,0.0004060027748212,136
1,[],4,[],2019-06-28 11:24:23,197736.77730593,0.00000163,0.000000000194282471,7774937,2019-06-28 11:24:23,btc,112.50073703939705,0.0,0.00000163,btc,501327.76314894,0.11995988,0.212101582106913,137
1,[],12,[],2019-06-28 11:24:25,62943.93268604,0.00000141999999999999995691814247411599581027985550463199615478515625,0.000000000169252214,7774938,2019-06-28 11:24:25,btc,80.24066397833643,0.0,0.00000141999999999999995691814247411599581027985550463199615478515625,btc,82608.19175735,0.001223454585,0.009545109999907,137
1,[],17,[],2019-05-03 01:13:16,32967.38636364,0.00000088,0.000000000048224264,7559122,2019-05-03 01:13:16,btc,20.06976206696776,0.0,0.00000088,btc,2746.079105,0.0,0.0105613000000032,142
1,[],4,[],2019-06-28 11:24:26,411574.30525488,0.00000967,0.000000001152583739,7774939,2019-06-28 11:24:26,btc,5.889969360246688,0.0,0.00000967,btc,169782.88618914,0.16778097,0.2245952074983985,142
1,[],5,[],2019-06-28 11:24:27,0.0,0,0,7774940,2019-06-28 11:24:27,btc,0.0,0.02615554,0,btc,0.0,0.0,0.0,142
1,[],20,[],2019-06-28 11:26:29,276143.9461,0.000010123,0.0000000012065775791,7774941,2019-06-28 11:26:29,btc,1.609556524692,12.0316,0.000010123,btc,10035.3533,0.0001219162028,0.0069022782128,142
1,[],22,[],2019-06-28 11:26:33,10820.0,0.00000600,0.0000000007151502,7774942,2019-06-28 11:26:33,BTC,2.99759384,0.0,0.00000600,BTC,835.7198755539798,0.0,0.0053672,142
0.0,[],25,[],2019-06-28 11:26:35,0.0,0,0,7774943,2019-06-28 11:26:35,,0.0,0.0,0.0,btc,0.0,0.0,0.0,142
0,[],28,[],2019-06-28 11:26:36,0.0,0,0,7774944,2019-06-28 11:26:36,,0.0,0.0,0,,0.0,0.0,0.0,142
0,[],22,[],2019-06-28 11:26:39,0.0,0,0,7774945,2019-06-28 11:26:39,,1635.49920992,0.0,0,,707007055.1744589,0.0,0.0,143
0,[],22,[],2019-02-25 15:42:22,0.0,0,0,6783783,2019-02-25 15:42:22,,4.2131946,0.0,0,,2322156.0,0.0,0.0,146
,[],22,[],2018-11-20 23:01:11,0.0,0,0,4862114,2018-11-20 23:01:11,,2.56807021,0.0,,,61828.4988236,0.0,0.0,147
1,[],12,[],2019-04-21 06:38:04,193091.5971266,0.00000071,0.000000000037635183,7388679,2019-04-21 06:38:04,btc,2.301232411611175,0.0,0.00000071,btc,9957.48302385,0.00023528,0.0313308199999888,148
1,[],4,[],2019-03-19 21:31:25,255810.0415942,0.00000029,0.000000000011615747,6982695,2019-03-19 21:31:25,btc,218.94922712414143,0.0,0.00000029,btc,793529.37642722,0.00117,0.0608347789473395,152
0,[],22,[],2019-03-19 21:31:27,0.0,0,0,6982696,2019-03-19 21:31:27,,0.0,0.0,0,,0.0,0.0,0.0,152
1,[],5,[],2019-04-26 09:36:59,0.0,0,0,7465040,2019-04-26 09:36:59,btc,0.0,0.0,0,btc,0.0,0.0,0.0,153
,[],16,[],2019-01-11 15:38:59,0.0,0,0,6366141,2019-01-11 15:38:59,btc,0.0,0.0,,btc,0.0,0.0,0.0,155
0,[],23,[],2019-01-20 23:24:29,0.0,0,0,6476932,2019-01-20 23:24:29,,0.0,0.0,0,,0.0,0.0,0.0,156
0,[],22,[],2019-06-04 06:02:09,0.0,0,0,7734688,2019-06-04 06:02:09,,7.43375324,0.0,0,,5955762.942592593,0.0,0.0,156
1,[],22,[],2019-06-28 11:26:44,6996.0,0.00000001,0.0000000000011919170000000001,7774946,2019-06-28 11:26:44,BTC,1.7543039,0.0,0.00000001,BTC,57.0,0.0,6.996e-05,157
0,[],22,[],2019-05-21 23:40:32,0.0,0,0,7665049,2019-05-21 23:40:32,,50234.60468402,0.0,0,,54786159.03179465,0.0,0.0,158
,[],17,[],2018-11-20 22:56:10,0.0,0,0,4861976,2018-11-20 22:56:10,btc,1.1265625,0.0,,btc,1000.0,0.0,0.0,159
,[],20,[],2018-11-20 22:56:12,0.0,0,0,4861977,2018-11-20 22:56:12,btc,11912.7940471,0.0,,btc,34413894.3617,0.0,0.0,159
1,[],12,[],2019-05-24 02:51:20,9178.522006449999,0.00000191999999999999982841307998027158276954651228152215480804443359375,0.000000000151222656,7676256,2019-05-24 02:51:20,btc,149.80414728631675,0.0,0.00000191999999999999982841307998027158276954651228152215480804443359375,btc,1115.7451448499999,0.01783167678326,0.0120075778999181,168
1,[],17,[],2019-05-03 01:13:36,42852.0,0.00000002,0.000000000001096006,7559132,2019-05-03 01:13:36,btc,0.04279856251542,0.0,0.00000002,btc,274.46171372,0.0,0.00052852,168
1,[],22,[],2019-05-17 03:01:52,10.0,0.00000001,0.000000000000778341,7642059,2019-05-17 03:01:52,BTC,41.95893009,0.0,0.00000001,BTC,1753972.7737547632,0.0,1e-07,169
1,[],22,[],2019-05-30 08:38:18,202834.0,0.00000002,0.0000000000017416160000000001,7711049,2019-05-30 08:38:18,BTC,27.87002826,0.0,0.00000002,BTC,462189.5410507793,0.0,0.00211768,171
1,[],22,[],2019-05-29 08:05:18,349870.0,0.00000002,0.000000000001705894,7705265,2019-05-29 08:05:18,BTC,24.05907723,0.0,0.00000002,"BTC,LTC",1224285.4355616204,0.0,0.0039847,173
1,[],5,[],2019-06-28 11:26:45,0.0,0,0,7774947,2019-06-28 11:26:45,btc,0.0,0.00339549,0,btc,0.0,0.0,0.0,175
1,[],22,[],2019-06-17 14:33:12,90671.0,0.00000001,0.00000000000092914,7740175,2019-06-17 14:33:12,BTC,394.35459412,0.0,0.00000001,BTC,136275.61833431243,0.0,0.00090671,176
0,[],2,[],2019-01-20 23:28:34,0.0,0,0,6477001,2019-01-20 23:28:34,,0.0,0.0,0,,0.0,0.0,0.0,178
1,[],7,[],2019-06-28 11:26:46,0.0,0,0,7774948,2019-06-28 11:26:46,btc,521516.243407432,0.0,0,btc,27713522.85351229,0.0,0.0,178
0,[],22,[],2019-06-28 11:26:49,0.0,0,0,7774949,2019-06-28 11:26:49,,1.00242428,0.0,0,,57512.0,0.0,0.0,178
0,[],23,[],2019-01-20 23:25:08,0.0,0,0,6476952,2019-01-20 23:25:08,,0.0,0.0,0,,0.0,0.0,0.0,179
1,[],5,[],2019-06-28 11:26:50,0.0,0,0,7774950,2019-06-28 11:26:50,btc,0.0,0.0,0,btc,0.0,0.0,0.0,179
0,[],22,[],2019-06-28 11:26:54,0.0,0,0,7774951,2019-06-28 11:26:54,,9.36129427,0.0,0,,14660379.311946675,0.0,0.0,179
1,[],17,[],2019-05-03 01:13:56,20504.725000000002,0.0000001,0.00000000000548003,7559141,2019-05-03 01:13:56,btc,5.2010695838400265,0.0,0.0000001,btc,5033.45945,0.0,0.0011504725,180
1,[],22,[],2019-06-28 11:28:58,695219.0863636363,0.0000004,0.00000000004767668,7774952,2019-06-28 11:28:58,BTC,40.60462657,0.0,0.0000004,"BTC,LTC",158776.44444646587,0.00347995,0.56509111,180
1,[],26,[],2019-06-28 11:28:58,0.0,0.00000010,0.00000000001191917,7774953,2019-06-28 11:28:58,btc,0.0,0.0,0.00000010,btc,0.0,0.0,0.0,180
,[],7,[],2018-11-20 22:58:01,562227.975654,0.00000085,0.000000000036176765,4862015,2018-11-20 22:58:01,btc,21836.6059674,2491.87645172,,btc,749999.041456,0.00211021,0.127565380455,183
,[],5,[],2019-01-10 08:11:41,0.0,0,0,6347036,2019-01-10 08:11:41,btc,82.15055501,0.00261,,btc,1.19002445,0.0,0.0,187
,[],17,[],2018-11-16 20:58:10,4062536.27273,0.00000001,0.000000000000550501,4708775,2018-11-16 20:58:10,btc,3.36492563466,0.195460381006,,"btc,eth",110697919.549,0.0,0.0157628953496,187
1,[],24,[],2019-05-22 21:04:52,0.0,0.000000000014,0.0000000000000010960978,7670219,2019-05-22 21:04:52,btc,0.0,0.0,0.000000000014,btc,0.0,0.0,0.0,187
0,[],22,[],2019-04-25 02:54:07,0.0,0,0,7447896,2019-04-25 02:54:07,,7.54794454,0.0,0,,76361.7243344055,0.0,0.0,191
0,[],22,[],2019-06-17 14:33:34,0.0,0,0,7740182,2019-06-17 14:33:34,,0.0,0.0,0,,0.0,0.0,0.0,197
0,[],23,[],2019-01-20 23:31:41,0.0,0,0,6477079,2019-01-20 23:31:41,,0.0,0.0,0,,0.0,0.0,0.0,199
0,[],22,[],2019-06-28 08:39:55,0.0,0,0,7774500,2019-06-28 08:39:55,,10.58263174,0.0,0,,84280969.0,0.0,0.0,199
1,[],26,[],2019-06-28 08:39:55,0.0,0.00000000,0,7774501,2019-06-28 08:39:55,btc,0.0,0.0,0.00000000,btc,0.0,0.0,0.0,199
0,[],2,[],2019-01-20 23:30:49,0.0,0,0,6477059,2019-01-20 23:30:49,,0.0,0.0,0,,0.0,0.0,0.0,201
1,[],4,[],2019-01-25 15:51:35,2084389.58565343,0.00000936,0.000000000333526752,6499557,2019-01-25 15:51:35,btc,2.0092503037378524,0.0,0.00000936,btc,160195.80207885,0.19272417,1.242687955921835,211
1,[],7,[],2019-06-28 11:29:01,1170054124.6898527,0.00000018,0.000000000021454506,7774954,2019-06-28 11:29:01,btc,1346736.4017957556,0.0,0.00000018,btc,5660791.41084385,0.0,11.954344045954047,212
1,[],12,[],2019-01-25 02:44:32,207462.42853209,0.000001080000000000000035831255497387193287295303889550268650054931640625,0.000000000038610756000000006,6493050,2019-01-25 02:44:32,btc,85023.03793723314,0.0,0.000001080000000000000035831255497387193287295303889550268650054931640625,btc,43675.73520027,0.000146250909087,0.0348620860622024,213
1,[],5,[],2019-05-30 00:07:46,0.0,0,0,7709357,2019-05-30 00:07:46,btc,0.0,0.06425239,0,btc,0.0,0.0,0.0,213
1,[],24,[],2019-05-30 00:07:46,0.0,0.000000399202,0.0000000000344859829346,7709358,2019-05-30 00:07:46,btc,0.0,0.0,0.000000399202,btc,0.0,0.0,0.0,213
1,[],26,[],2019-05-30 00:07:47,0.0,0.00000040,0.000000000034554919999999996,7709359,2019-05-30 00:07:47,btc,0.0,0.0,0.00000040,btc,0.0,0.0,0.0,213
0,[],22,[],2019-06-28 11:29:05,0.0,0,0,7774955,2019-06-28 11:29:05,,9.56923849,0.0,0,,3661587.2040649247,0.0,0.0,216
0,[],27,[],2019-06-28 11:29:13,0.0,0,0,7774956,2019-06-28 11:29:13,,1949.4811698191977,0.0,0,"btc,ltc",469700.29534794,0.0,0.0,216
1,[],22,[],2019-06-28 11:29:17,911695.5952380953,0.00000021,0.000000000025030257,7774957,2019-06-28 11:29:17,BTC,12055.85403553,0.0,0.00000021,BTC,535309.7178421671,0.00389016,0.0298551,217
1,[],7,[],2019-06-27 19:02:35,0.0,0,0,7772298,2019-06-27 19:02:35,btc,2123800.2774640615,0.0,0,btc,82333746.4752352,0.0,0.0,219
0,[],27,[],2019-06-28 11:29:23,0.0,0,0,7774958,2019-06-28 11:29:23,,250.21442758069674,0.0,0,btc,146772.535837,0.0,0.0,219
0,[],28,[],2019-06-28 11:29:25,0.0,0,0,7774959,2019-06-28 11:29:25,,0.0,0.0,0,,0.0,0.0,0.0,219
0,[],22,[],2019-06-26 23:36:41,0.0,0,0,7769178,2019-06-26 23:36:41,,56.75439223,0.0,0,,184664.6482738741,0.0,0.0,221
1,[],24,[],2019-06-26 23:36:41,0.0,0.000000030000,0.000000000003835668,7769179,2019-06-26 23:36:41,btc,0.0,0.0,0.000000030000,btc,0.0,0.0,0.0,221
1,[],20,[],2019-06-17 14:34:11,26882155.8301,0.000000003,0.000000000000278742,7740192,2019-06-17 14:34:11,btc,100050.81956632523,233521.3529,0.000000003,btc,38769742.8604,0.0007925640587,0.0306863532672,224
0,[],22,[],2019-06-17 14:34:13,0.0,0,0,7740193,2019-06-17 14:34:13,,0.0,0.0,0,,0.0,0.0,0.0,224
1,[],26,[],2019-06-28 11:29:26,0.0,0.00000022,0.000000000026222174000000002,7774960,2019-06-28 11:29:26,btc,0.0,0.0,0.00000022,btc,0.0,0.0,0.0,231
1,[],26,[],2019-06-28 11:29:26,0.0,0.00000005,0.000000000005959585,7774961,2019-06-28 11:29:26,btc,0.0,0.0,0.00000005,btc,0.0,0.0,0.0,234
0.0000000002591397,[],27,[],2019-06-28 11:29:33,100.0,2.5913970000000002e-18,3.0887301380490004e-22,7774962,2019-06-28 11:29:33,eth,0.0,0.0,0.00000001,"btc,eth",0.0,0.0,2.591397e-16,234
1,[],4,[],2019-05-22 17:06:12,91780.56053785,0.00000078,0.000000000061977552,7669277,2019-05-22 17:06:12,btc,5.573372450018177,0.0,0.00000078,btc,729173.93529783,0.0,0.0307060663355679,236
1,[],24,[],2019-05-22 17:06:12,0.0,0.000000010000,0.000000000000794584,7669278,2019-05-22 17:06:12,btc,0.0,0.0,0.000000010000,btc,0.0,0.0,0.0,236
1,[],5,[],2019-06-28 11:29:34,0.0,0,0,7774963,2019-06-28 11:29:34,btc,0.0,0.72839408,0,btc,0.0,0.0,0.0,237
1,[],20,[],2019-06-28 11:29:36,120494131.9529,0.000000061,0.0000000000072706937,7774964,2019-06-28 11:29:36,btc,8172548.606670427,13348560.8666,0.000000061,btc,45243263.8758,0.8499684705645,0.5096449888228,237
1,[],22,[],2019-06-28 11:29:40,2084614.0,0.00000004,0.0000000000047676680000000005,7774965,2019-06-28 11:29:40,BTC,1.20112188,0.0,0.00000004,"BTC,LTC",14507.148717948718,0.0,0.02587451,237
1,[],4,[],2019-06-28 11:29:42,32172663.14394344,0.00000006,0.000000000007151502,7774966,2019-06-28 11:29:42,btc,2.524187309846082,0.0,0.00000006,btc,11086512.00540447,0.06717626,0.5959659870959235,238
1,[],5,[],2019-06-28 11:29:43,0.0,0,0,7774967,2019-06-28 11:29:43,btc,0.0,0.00684865,0,btc,0.0,0.0,0.0,238
0,[],22,[],2019-03-12 16:49:32,0.0,0,0,6914458,2019-03-12 16:49:32,,0.40415746,0.0,0,,526736.5639027493,0.0,0.0,249
0,[],22,[],2019-05-28 23:53:45,0.0,0,0,7703643,2019-05-28 23:53:45,,13.44714864,0.0,0,,43777534.3426455,0.0,0.0,252
0,[],28,[],2019-06-28 11:29:44,0.0,0,0,7774968,2019-06-28 11:29:44,,0.0,0.0,0,,0.0,0.0,0.0,256
1,[],22,[],2019-06-28 11:29:48,528824.0,0.00000001,0.0000000000011919170000000001,7774969,2019-06-28 11:29:48,BTC,31471.48541794,0.0,0.00000001,"BTC,LTC",1165516.0289488921,8.108e-05,0.00768824,258
1,[],22,[],2019-05-19 18:12:02,400.0,0.00000001,0.0000000000007957800000000001,7653905,2019-05-19 18:12:02,BTC,2.415167,0.0,0.00000001,BTC,157.0,0.0,4e-06,259
1,[],5,[],2019-06-28 11:29:50,0.0,0,0,7774970,2019-06-28 11:29:50,btc,0.0,0.0330689,0,btc,0.0,0.0,0.0,264
1,[],20,[],2019-06-28 11:29:52,934942.6269,0.000000175,0.0000000000208585475,7774971,2019-06-28 11:29:52,btc,1.0495689509446,29453.6953,0.000000175,btc,33683.5225,0.011505126965,0.0055870801317,264
0,[],22,[],2019-04-12 17:57:27,0.0,0,0,7278186,2019-04-12 17:57:27,,66.37522201,0.0,0,,677842.4169881374,0.0,0.0,271
0,[],22,[],2019-06-28 11:29:55,0.0,0,0,7774972,2019-06-28 11:29:55,,33050469.74148113,0.0,0,,14261527780.7,0.0,0.0,272
0,[],28,[],2019-06-28 11:29:56,0.0,0,0,7774973,2019-06-28 11:29:56,,0.0,0.0,0,,0.0,0.0,0.0,272
1,[],22,[],2019-05-23 07:12:29,219930.0,0.00000004,0.000000000003048688,7671985,2019-05-23 07:12:29,BTC,426.77835217,0.0,0.00000004,BTC,248664.3325962929,0.0,0.00739728,281
0.0000000000993156,[],22,[],2019-06-28 11:30:00,3366.1,9.931560000000001e-17,1.1837595200520001e-20,7774974,2019-06-28 11:30:00,LTC,7.83977521,0.0,0.00000100,LTC,1139889.7660440896,1.1669583e-13,0.0033661,286
0,[],22,[],2019-06-17 14:34:53,0.0,0,0,7740207,2019-06-17 14:34:53,,7337915.80475575,0.0,0,,2078527309.6797826,0.0,0.0,294
