pairValue,buyBook,exchangeId,sellBook,updated,buyTotal,satoshiPrice,usdPrice,exchangeLogId,created,bestPair,sellTotalBtc,volume,pairPrice,activePairs,sellTotal,volumeBtc,buyTotalBtc,coinId
1,[],3,[],2019-01-24 07:58:00,99.545266230938,0.01239394000000000085892626344730160781182348728179931640625,0.00000043955727907000005,6484425,2019-01-24 07:58:00,btc,106.96113848237486,0.000107928945,0.01239394000000000085892626344730160781182348728179931640625,btc,13.487249579431001,0.0,0.11887530236937885,1
1,[],4,[],2019-01-24 07:58:01,25076.58888405,0.01253874,0.00000044469268347000004,6484426,2019-01-24 07:58:01,btc,1.6412816695267802,0.0,0.01253874,btc,125.25826546,0.63540811,1.2178384210525133,1
1,[],5,[],2019-01-24 07:58:02,0.20808952,0.01232203,0.00000043700695496500006,6484427,2019-01-24 07:58:02,btc,14578.48277682,0.05933318,0.01232203,btc,35555556.30071095,0.0,1.25740159,1
1,[],10,[],2019-01-24 07:58:03,269285.46888729,0.012209,0.0000004329982895,6484428,2019-01-24 07:58:03,btc,6368.83266440772,656.50215681,0.012209,btc,959.81632242,0.0,2.143627167477705,1
1,[],12,[],2019-01-24 07:58:06,10379.73056106,0.01256999999999999957644991610550277982838451862335205078125,0.000000445801335,6484429,2019-01-24 07:58:06,btc,0.6449376390369,0.0,0.01256999999999999957644991610550277982838451862335205078125,btc,44.72824615,0.1213358805813,0.2092405709966,1
1,[],20,[],2019-01-24 07:58:08,1344.3693,0.010510001,0.00000037274244046550003,6484430,2019-01-24 07:58:08,btc,0.0746164438962,0.0,0.010510001,btc,3.5114,0.0,0.0888300480751,1
0.000000000326562,[],21,[],2019-01-24 07:58:09,2152.72035168,0.00000000010286703000000001,0.000000000000003648230652465001,6484431,2019-01-24 07:58:09,eth,29.155294879160156,1868.85664385,0.315000000000000002220446049250313080847263336181640625,"btc,eth",2590.02839668,22.23359694,22.708616015909424,1
1,[],22,[],2019-01-24 07:58:13,0.0363776,0.01400000,0.0000004965170000000001,6484432,2019-01-24 07:58:13,BTC,0.312,0.0,0.01400000,BTC,0.031,0.0,0.00048472,1
1,[],24,[],2019-01-24 07:58:13,0.0,0.000000000000,0,6484433,2019-01-24 07:58:13,btc,0.0,0.0,0.000000000000,btc,0.0,0.0,0.0,1
1,[],25,[],2019-01-24 07:58:14,258.73458426,0.01228500,0.0000004356936675,6484434,2019-01-24 07:58:14,btc,29.23409999798296,538.92075328,0.01228500,btc,2264.63899461,6.8437,3.11999999969975,1
0,[],2,[],2019-01-20 23:28:45,0.0,0,0,6477011,2019-01-20 23:28:45,,0.0,0.0,0,,0.0,0.0,0.0,1
1,[],28,[],2019-01-24 07:58:20,987.9,0.01131000,0.00000040111480500000004,6484435,2019-01-24 07:58:20,btc,0.162839806,34641.6,0.01131000,btc,8.9,0.0,0.024551096,1
,[],26,[],2018-11-28 08:36:25,0.0,0.02269021,0.000000905623006625,5137884,2018-11-28 08:36:25,btc,0.0,2559.40051283,,btc,0.0,0.0,0.0,1
1,[],5,[],2019-01-24 08:46:01,1.616e-05,0.00000067,0.000000000023730395,6484459,2019-01-24 08:46:01,btc,0.17428589,0.02719321,0.00000067,btc,7.564e-05,0.0,0.50791005,2
0,[],22,[],2019-01-24 08:46:07,0.0,0,0,6484460,2019-01-24 08:46:07,,0.0,0.0,0,,0.0,0.0,0.0,2
1,[],5,[],2019-01-24 08:46:25,1.42e-06,0.00000017,0.000000000006021145,6484468,2019-01-24 08:46:25,btc,3.26754196,0.02497434,0.00000017,btc,2.267e-05,0.0,2.92456841,3
1,[],12,[],2019-01-24 08:46:26,11222478.28812884,0.000000169,0.000000000005985726499999999,6484469,2019-01-24 08:46:26,btc,921314.8717303543,0.0,0.000000169,btc,7939568.70606515,0.02788160272722903,0.4952124515783144,3
0,[],28,[],2019-01-24 08:46:27,0.0,0,0,6484470,2019-01-24 08:46:27,,0.0,0.0,0,,0.0,0.0,0.0,3
1,[],4,[],2019-01-24 08:49:57,1067703.37926464,0.00000047,0.000000000016646695,6484489,2019-01-24 08:49:57,btc,0.4755593872592595,0.0,0.00000047,btc,322032.73528788,0.0016172,0.0649593158906344,4
0,[],2,[],2019-01-20 23:31:32,0.0,0,0,6477077,2019-01-20 23:31:32,,0.0,0.0,0,,0.0,0.0,0.0,4
1,[],12,[],2019-01-24 08:49:59,1212877.5219999999,0.00000003,0.0000000000010625549999999998,6484491,2019-01-24 08:49:59,btc,11013867.817925906,0.0,0.00000003,btc,969763.77092902,0.0002715404395606,0.01589759044,5
1,[],11,[],2019-01-24 08:50:11,3485283.5,0.00000002,0.00000000000070837,6484496,2019-01-24 08:50:11,btc,9432.241645269964,238000.0,0.00000002,btc,41308357.70959839,0.0,0.03575736,6
0,[],2,[],2019-01-20 23:31:51,0.0,0,0,6477087,2019-01-20 23:31:51,,0.0,0.0,0,,0.0,0.0,0.0,6
1,[],3,[],2019-01-24 08:50:19,1049.631568128516,0.00015050999999999999383500093319554480331134982407093048095703125,0.000000005330838435,6484499,2019-01-24 08:50:19,btc,30.108593419388622,0.0,0.00015050999999999999383500093319554480331134982407093048095703125,btc,231.077492617847,0.0,0.027978323718350753,7
1,[],4,[],2019-01-24 08:50:20,28874.8398878,0.00017129,0.000000006066834865,6484500,2019-01-24 08:50:20,btc,2.458727574883433,0.0,0.00017129,btc,12770.01586262,1.64184702,4.445996993961498,7
1,[],5,[],2019-01-24 08:50:22,0.00533263,0.00017024,0.00000000602964544,6484501,2019-01-24 08:50:22,btc,1.28994032,0.15390295,0.00017024,btc,0.01149315,0.0,1.57876065,7
1,[],20,[],2019-01-24 08:50:36,61774165.6382,0.000000001,0.0000000000000354185,6484504,2019-01-24 08:50:36,btc,121.1922629947386,7238828.4357,0.000000001,btc,25493492.9975,0.0124738294316,0.0617741656382,8
0,[],2,[],2019-01-20 23:22:42,0.0,0,0,6476876,2019-01-20 23:22:42,,0.0,0.0,0,,0.0,0.0,0.0,9
1,[],1,[],2019-01-24 07:50:00,5573469.3,0.000001839999999999999959088173122345732934945772285573184490203857421875,0.00000000006525652,6484301,2019-01-24 07:50:00,btc,1.3798504824,21431850.17,0.000001839999999999999959088173122345732934945772285573184490203857421875,btc,734074.2699999999,40.15907344,10.105448773200001,9
0,[],23,[],2019-01-20 23:22:48,0.0,0,0,6476878,2019-01-20 23:22:48,,0.0,0.0,0,,0.0,0.0,0.0,9
1,[],4,[],2019-01-24 07:50:00,318781.63552048,0.00000185,0.000000000065611175,6484302,2019-01-24 07:50:00,btc,0.9157202342044789,0.0,0.00000185,btc,457941.6760508,0.86186352,0.5185609519598582,9
1,[],28,[],2019-01-24 07:50:25,34500.0,0.00000165,0.000000000058518075,6484303,2019-01-24 07:50:25,btc,2708.7525973402,7154998.0,0.00000165,btc,8331.02,0.0,0.02854,9
1,[],4,[],2019-01-24 07:50:30,5156005.01009386,0.00000002,0.00000000000070931,6484307,2019-01-24 07:50:30,btc,0.215595081207005,0.0,0.00000002,btc,4071661.13459358,0.00662019,0.0549494447018772,10
0,[],2,[],2019-01-20 23:23:08,0.0,0,0,6476890,2019-01-20 23:23:08,,0.0,0.0,0,,0.0,0.0,0.0,12
1,[],4,[],2019-01-24 07:50:44,1672104.07173746,0.00000145,0.000000000051424975000000004,6484314,2019-01-24 07:50:44,btc,0.9729118623563567,0.0,0.00000145,btc,626453.53484376,2.55193828,2.238663625826642,12
1,[],5,[],2019-01-24 07:50:47,1.757e-05,0.00000142,0.00000000005036101,6484315,2019-01-24 07:50:47,btc,0.22845025,0.33876217,0.00000142,btc,0.00011053,0.0,0.19680681,12
,[],25,[],2019-01-11 15:39:35,0.0,0,0,6366164,2019-01-11 15:39:35,,0.0,0.0,,btc,0.0,0.0,0.0,12
1,[],10,[],2019-01-24 06:49:54,619045.29506782,0.00000693,0.000000000245212506,6483982,2019-01-24 06:49:54,btc,666784.4411047983,7194.77634251,0.00000693,btc,829253.3907042,0.0,0.863509128892234,13
1,[],4,[],2019-01-24 07:55:20,285376.23564282,0.00000669,0.00000000023726419500000004,6484400,2019-01-24 07:55:20,btc,0.2197321674765647,0.0,0.00000669,btc,30981.02986533,0.93709342,1.2319384841147232,13
1,[],21,[],2019-01-24 07:55:26,1514619.3972008799,0.0000067800000000000003072910849388765797129963175393640995025634765625,0.00000000024045609,6484401,2019-01-24 07:55:26,btc,5.617773818265657,628053.41337902,0.0000067800000000000003072910849388765797129963175393640995025634765625,btc,732222.39162081,4.34766091,5.464510680887218,13
1,[],4,[],2019-01-24 07:51:00,687589.3956723,0.00000167,0.00000000005922738500000001,6484323,2019-01-24 07:51:00,btc,0.2234952517772963,0.0,0.00000167,btc,98946.06906041,0.21515039,0.1041493513034968,14
1,[],12,[],2019-01-24 07:51:01,88658.85021373,0.000001769999999999999994019540816569957542014890350401401519775390625,0.00000000006277393500000001,6484324,2019-01-24 07:51:01,btc,1.7807376592626836,0.0,0.000001769999999999999994019540816569957542014890350401401519775390625,btc,35581.70828436,0.0006450801136218,0.0215753929335921,14
0,[],17,[],2019-01-24 07:51:03,0.0,0,0,6484325,2019-01-24 07:51:03,btc,0.0,0.0,0,btc,0.0,0.0,0.0,14
1,[],26,[],2019-01-24 07:51:03,0.0,0.00000020,0.0000000000070931,6484326,2019-01-24 07:51:03,btc,0.0,0.0,0.00000020,btc,0.0,0.0,0.0,14
,[],12,[],2018-12-01 15:15:48,204241.84496,0.00000489,0.000000000202473384,5260204,2018-12-01 15:15:48,btc,49.5475654835,0.0,,btc,35763.2193806,0.0163153972027625,0.0203389899998,15
0,[],4,[],2019-01-24 07:58:32,0.0,0,0,6484444,2019-01-24 07:58:32,,0.0,0.0,0,,0.0,0.0,0.0,15
1,[],4,[],2019-01-24 07:51:09,32060.92712551,0.00001805,0.000000000640152275,6484329,2019-01-24 07:51:09,btc,1.393132609385005,0.0,0.00001805,btc,15980.48899851,0.04732732,0.1795201830814628,18
0,[],2,[],2019-01-20 23:23:38,0.0,0,0,6476906,2019-01-20 23:23:38,,0.0,0.0,0,,0.0,0.0,0.0,18
1,[],10,[],2019-01-24 07:51:11,391004.3041714,0.00001753,0.000000000621710215,6484330,2019-01-24 07:51:11,btc,15.554518260034126,2404.91244886,0.00001753,btc,10493.25916142,0.0,0.1986463533423885,18
1,[],12,[],2019-01-24 07:51:12,200217.74533251,0.0000176299999999999989163355917920483761918148957192897796630859375,0.000000000625256765,6484331,2019-01-24 07:51:12,btc,0.1967946444665632,0.0,0.0000176299999999999989163355917920483761918148957192897796630859375,btc,2079.79333117,0.0020365042882029,0.0179615701680566,18
0,[],17,[],2019-01-24 07:51:14,0.0,0,0,6484332,2019-01-24 07:51:14,btc,0.0,0.0,0,btc,0.0,0.0,0.0,18
1,[],3,[],2019-01-24 07:51:40,108489.6335957157,0.0000397999999999999984107330874838481804545153863728046417236328125,0.0000000014115269,6484345,2019-01-24 07:51:40,btc,1.311142888821322,0.345454738314,0.0000397999999999999984107330874838481804545153863728046417236328125,btc,8541.441022191411,0.0,0.1060954421039145,19
1,[],4,[],2019-01-24 07:51:40,72899.30380783,0.00004101,0.0000000014544401550000002,6484346,2019-01-24 07:51:40,btc,2.287029213242394,0.0,0.00004101,btc,48736.31585774,0.63539708,1.6744009646594444,19
1,[],5,[],2019-01-24 07:51:42,0.00036584,0.00003500,0.0000000012412925000000001,6484347,2019-01-24 07:51:42,btc,0.30992547,0.00016296,0.00003500,btc,0.0034792,0.0,0.19483889,19
0,[],2,[],2019-01-20 23:24:19,0.0,0,0,6476924,2019-01-20 23:24:19,,0.0,0.0,0,,0.0,0.0,0.0,19
1,[],12,[],2019-01-24 07:51:43,129234.58414432,0.00004213999999999999972362385580737509371829219162464141845703125,0.00000000149451617,6484348,2019-01-24 07:51:43,btc,1.9910434160667645,0.0,0.00004213999999999999972362385580737509371829219162464141845703125,btc,400.27457877,0.00012414,0.038417120000201595,19
0,[],27,[],2019-01-24 07:51:45,0.0,0,0,6484349,2019-01-24 07:51:45,,0.0,0.0,0,btc,0.0,0.0,0.0,19
1,[],4,[],2019-01-24 07:52:13,8412101.35457151,0.00000015,0.000000000005319825000000001,6484365,2019-01-24 07:52:13,btc,0.7612740642436147,0.0,0.00000015,btc,1464548.93204249,0.0001996,0.3916316875169587,20
1,[],4,[],2019-01-24 07:52:31,124151058.85101596,0.00000002,0.00000000000070931,6484371,2019-01-24 07:52:31,btc,0.8237876641730172,0.0,0.00000002,btc,18989516.4222454,0.22443498,1.5260638710701595,21
1,[],12,[],2019-01-24 07:52:32,20228032.0,0.00000002,0.00000000000070931,6484372,2019-01-24 07:52:32,btc,668.0228377689523,0.0,0.00000002,btc,7860530.8441585805,0.0330748351648351,0.27749765,21
0,[],17,[],2019-01-24 07:52:33,0.0,0,0,6484373,2019-01-24 07:52:33,btc,0.0,0.0,0,btc,0.0,0.0,0.0,21
1,[],12,[],2019-01-24 07:52:46,4558660508.531896,0.0000000001,0.0000000000000035465500000000004,6484381,2019-01-24 07:52:46,btc,621663601970.8304,0.0,0.0000000001,btc,6345108394.546685,0.013194926015984012,0.4558660508531896,23
0,[],27,[],2019-01-24 07:52:47,0.0,0,0,6484382,2019-01-24 07:52:47,,0.424699,0.0,0,eth,424699.0,0.0,0.0,23
,[],25,[],2019-01-11 15:42:09,0.0,0,0,6366241,2019-01-11 15:42:09,,0.0,0.0,,btc,0.0,0.0,0.0,24
1,[],4,[],2019-01-24 07:52:55,2213463.8234158,0.00000082,0.000000000029081710000000003,6484385,2019-01-24 07:52:55,btc,0.1294142506065851,0.0,0.00000082,btc,97028.55443669,0.01116322,0.433667417781048,24
1,[],22,[],2019-01-24 07:52:58,11.76,0.00000100,0.0000000000354655,6484386,2019-01-24 07:52:58,BTC,7.415e-05,0.0,0.00000100,BTC,23.919354838709676,0.0,1.176e-05,24
1,[],4,[],2019-01-24 07:55:10,29610755.49328664,0.00000756,0.00000000026811918,6484393,2019-01-24 07:55:10,btc,0.4371233425008975,0.0,0.00000756,btc,34522.8093029,0.12942884,0.4164721681523026,26
1,[],10,[],2019-01-24 07:55:12,734094.75493527,0.00000769,0.000000000272729695,6484394,2019-01-24 07:55:12,btc,27.974252205823593,0.0,0.00000769,btc,12525.42087038,0.0,0.2220622173992068,26
0,[],2,[],2019-01-20 23:25:56,0.0,0,0,6476976,2019-01-20 23:25:56,,0.0,0.0,0,,0.0,0.0,0.0,26
1,[],3,[],2019-01-24 07:55:13,7640686.32908122,0.00000001,0.000000000000354655,6484395,2019-01-24 07:55:13,btc,3.077787323357228,32711.5,0.00000001,btc,17666372.41788195,0.0,0.0764068632908122,27
1,[],5,[],2019-01-24 07:55:15,1e-08,0.00000001,0.000000000000354655,6484396,2019-01-24 07:55:15,btc,2.62189326,3.848e-05,0.00000001,btc,4.332e-05,0.0,0.01079372,27
1,[],11,[],2019-01-24 07:55:17,10597882.41182718,0.00000005,0.000000000001773275,6484397,2019-01-24 07:55:17,btc,370.53275036350783,1000.0,0.00000005,btc,8220964.80991447,0.0,0.4932896594767663,27
1,[],4,[],2019-01-24 07:55:18,272316804.17813843,0.00000003,0.0000000000010639650000000001,6484398,2019-01-24 07:55:18,btc,3.0549723408127814,0.0,0.00000003,"btc,ltc",101944243.24612425,3.40242386,3.2277761353682917,29
1,[],7,[],2019-01-24 07:55:19,35999768.9786329,0.00000003,0.000000000001063965,6484399,2019-01-24 07:55:19,btc,44465218.1258036,180184.563057,0.00000003,btc,39203450.17082732,0.00541803,0.6564244169750236,29
1,[],4,[],2019-01-24 07:55:49,1287214.2702842,0.00000042,0.00000000001489551,6484416,2019-01-24 07:55:49,btc,0.3791816427717823,0.0,0.00000042,btc,518987.55204418,0.02494309,0.076500569297161,30
0,[],17,[],2019-01-24 07:55:51,0.0,0,0,6484417,2019-01-24 07:55:51,btc,0.0,0.0,0,btc,0.0,0.0,0.0,30
1,[],4,[],2019-01-24 07:57:57,34761.16381219,0.00009653,0.0000000034234847150000003,6484422,2019-01-24 07:57:57,btc,0.8746762824754236,0.0,0.00009653,btc,7953.74751373,2.89399685,2.551559752802181,31
1,[],21,[],2019-01-24 07:57:58,73721.52286824,0.000095900000000000000001387778780781445675529539585113525390625,0.00000000340114145,6484423,2019-01-24 07:57:58,btc,8.868619954657882,712794.30598897,0.000095900000000000000001387778780781445675529539585113525390625,btc,84528.40869146,72.52485361,6.831049013227959,31
0,[],2,[],2019-01-20 23:28:43,0.0,0,0,6477009,2019-01-20 23:28:43,,0.0,0.0,0,,0.0,0.0,0.0,32
1,[],4,[],2019-01-24 07:58:33,140781823.73429072,0.00000006,0.0000000000021279300000000002,6484445,2019-01-24 07:58:33,btc,0.31818683785585,0.0,0.00000006,"btc,ltc",9606463.01391937,0.90398963,2.626504257472736,33
1,[],12,[],2019-01-24 07:58:34,22188523.0,0.00000006,0.00000000000212793,6484446,2019-01-24 07:58:34,btc,17261785.06221575,0.0,0.00000006,btc,86838170.64135852,0.0211775643356643,0.8756638099999999,33
1,[],4,[],2019-01-24 07:58:35,118748458.9622374,0.00000002,0.00000000000070931,6484447,2019-01-24 07:58:35,btc,0.8068279707830011,0.0,0.00000002,btc,26608343.38828351,0.02431722,1.2057254432311022,34
1,[],5,[],2019-01-24 07:58:37,3e-08,0.00000002,0.00000000000070931,6484448,2019-01-24 07:58:37,btc,3.12919715,0.0051067,0.00000002,btc,1.394e-05,0.0,0.80685855,34
0.0000000000885467,[],4,[],2019-01-24 07:52:06,2886403204.671101,3.541868e-18,1.2561411955400001e-22,6484361,2019-01-24 07:52:06,ltc,4.2344792178051435e-09,0.0,0.00000004,ltc,815759619.300128,0.0,6.720955859803435e-09,36
1,[],5,[],2019-01-24 07:52:08,0.0,0,0,6484362,2019-01-24 07:52:08,btc,202.42227387,0.0,0,btc,1.295e-05,0.0,0.0,36
0,[],17,[],2019-01-24 07:52:10,0.0,0,0,6484363,2019-01-24 07:52:10,btc,0.0821090449829243,0.0,0,btc,5843697.91583647,0.0,0.0,36
0.0000000000885467,[],27,[],2019-01-24 07:52:12,1000000.0,8.85467e-19,3.1403529888500004e-23,6484364,2019-01-24 07:52:12,ltc,448.55669329,0.0,0.00000001,"ltc,eth",3581972.58,0.0,8.85467e-13,36
1,[],4,[],2019-01-24 07:51:59,470677.60318716,0.00000146,0.00000000005177963,6484356,2019-01-24 07:51:59,btc,0.435038016504436,0.0,0.00000146,btc,228884.12336056,0.02395365,0.438059037507126,37
1,[],12,[],2019-01-24 07:52:00,477031.57042241,0.00000145999999999999999745971430986646311112053808756172657012939453125,0.00000000005177963,6484357,2019-01-24 07:52:00,btc,1330.914921897831,0.0,0.00000145999999999999999745971430986646311112053808756172657012939453125,btc,762919.03276622,0.1108157721607857,0.3170610003936997,37
1,[],17,[],2019-01-24 07:52:01,1752.74075282,0.00000025,0.000000000008866375,6484358,2019-01-24 07:52:01,btc,0.05548731397521517,0.0,0.00000025,btc,1388.79251806,0.0,0.00043818518820499993,37
0,[],27,[],2019-01-24 07:52:03,0.0,0,0,6484359,2019-01-24 07:52:03,,0.0,0.0,0,btc,0.0,0.0,0.0,37
1,[],5,[],2019-01-24 08:48:38,1.217e-05,0.00000103,0.000000000036481055,6484475,2019-01-24 08:48:38,btc,0.1090576,0.04585023,0.00000103,btc,0.00011339,0.0,0.03969091,42
1,[],12,[],2019-01-24 08:48:39,85812.6629181,0.000001300000000000000047051663780439678674838432925753295421600341796875,0.00000000004604405,6484476,2019-01-24 08:48:39,btc,108.81772798248544,0.0,0.000001300000000000000047051663780439678674838432925753295421600341796875,btc,31886.53816385,0.0363154917393027,0.033539707114131595,42
0,[],27,[],2019-01-24 08:48:41,0.0,0,0,6484477,2019-01-24 08:48:41,,0.00315028,0.0,0,"btc,eth",11.007,0.0,0.0,42
1,[],5,[],2019-01-24 08:50:43,3e-08,0.00000002,0.00000000000070837,6484506,2019-01-24 08:50:43,btc,5.73994143,0.09573028,0.00000002,btc,1.425e-05,0.0,0.47225369,43
1,[],12,[],2019-01-24 08:50:44,8221008.0,0.00000001,0.000000000000354185,6484507,2019-01-24 08:50:44,btc,20007433.13490201,0.0,0.00000001,btc,38551711.39000998,1.7982018e-07,0.08221008,43
0,[],17,[],2019-01-24 08:50:46,0.0,0,0,6484508,2019-01-24 08:50:46,btc,0.0,0.0,0,btc,0.0,0.0,0.0,43
1,[],12,[],2019-01-24 08:49:35,866526.0,0.00000007,0.000000000002479295,6484482,2019-01-24 08:49:35,btc,11114760.533252945,0.0,0.00000007,btc,956280.37320198,0.00055426,0.02588501,44
0.00000000008840870000000001,[],4,[],2019-01-24 08:48:30,184725275.8030894,1.3261305000000002e-16,4.696955311425001e-21,6484472,2019-01-24 08:48:30,ltc,1.0682284519001703e-08,0.0,0.00000150,ltc,3019705.10195849,0.00072978,4.511997442553091e-10,49
0.0000000000885467,[],4,[],2019-01-24 07:55:48,4647691939.032929,1.770934e-18,6.280705977700001e-23,6484414,2019-01-24 07:55:48,ltc,5.04411668782874,0.0,0.00000002,ltc,1562680078.0622854,0.0,5.5293591892074244e-09,52
0,[],22,[],2019-01-24 07:55:29,0.0,0,0,6484402,2019-01-24 07:55:29,,3707.88113808,0.0,0,,261065328.40932402,0.0,0.0,57
0,[],27,[],2019-01-24 07:55:31,0.0,0,0,6484403,2019-01-24 07:55:31,,0.0,0.0,0,"btc,eth",0.0,0.0,0.0,57
0.00000000008840870000000001,[],4,[],2019-01-24 08:46:13,1688267992.9886405,5.3045220000000006e-18,1.8787821245700002e-22,6484464,2019-01-24 08:46:13,ltc,3.44656712995252,0.0,0.00000006,ltc,860722198.5203501,0.00089475,7.350557430954506e-09,58
1,[],12,[],2019-01-24 08:46:15,2766074421.327952,0.0000000006,0.0000000000000212511,6484465,2019-01-24 08:46:15,btc,123038816824.12328,0.0,0.0000000006,btc,3109446482.057043,0.2286910488851785,1.0989684336915362,58
0,[],17,[],2019-01-24 08:46:16,0.0,0,0,6484466,2019-01-24 08:46:16,btc,1e+24,0.0,0,btc,41616695.958325684,0.0,0.0,58
0.000000000125723,[],22,[],2019-01-24 08:46:22,137438.0,1.25723e-18,4.4529200755e-23,6484467,2019-01-24 08:46:22,XMR,69.8835922,0.0,0.00000001,XMR,9887963.0,0.0,0.00137438,58
1,[],5,[],2019-01-24 07:52:35,4e-06,0.00000046,0.000000000016314130000000003,6484375,2019-01-24 07:52:35,btc,0.47806203,0.01567227,0.00000046,btc,0.00013951,0.0,0.05539418,61
1,[],22,[],2019-01-24 07:52:38,5111.5,0.00000011,0.000000000003901205,6484376,2019-01-24 07:52:38,BTC,1002.29606732,0.0,0.00000011,BTC,15028.700278135757,0.0,0.00051178,61
1,[],26,[],2019-01-24 07:52:38,0.0,0.00000800,0.000000000283724,6484377,2019-01-24 07:52:38,btc,0.0,0.0,0.00000800,btc,0.0,0.0,0.0,61
0,[],27,[],2019-01-24 07:52:40,0.0,0,0,6484378,2019-01-24 07:52:40,,0.0,0.0,0,"btc,eth",0.0,0.0,0.0,61
1,[],28,[],2019-01-24 07:52:41,1880.304,0.00000022,0.00000000000780241,6484379,2019-01-24 07:52:41,btc,2.065678837430106,1468.0,0.00000022,btc,11618.08240005,0.0,0.00016391304,61
,[],25,[],2019-01-11 15:43:02,0.0,0,0,6366273,2019-01-11 15:43:02,,0.0,0.0,,btc,0.0,0.0,0.0,67
1,[],4,[],2019-01-24 07:55:43,1251783.85155306,0.00000184,0.00000000006525652000000001,6484412,2019-01-24 07:55:43,btc,0.5633272071656871,0.0,0.00000184,btc,174757.96542968,0.09748177,0.8639736848344481,67
1,[],12,[],2019-01-24 07:51:36,2848143.0,0.00000008,0.00000000000283724,6484343,2019-01-24 07:51:36,btc,16893773.07593307,0.0,0.00000008,btc,2223704.1474525,0.0004392704395614,0.07598477,71
,[],5,[],2018-11-20 23:02:39,1.5e-07,0.00000005,0.000000000002128045,4862160,2018-11-20 23:02:39,btc,2.84511358,0.0,,btc,0.00036572,0.0,0.07381892,74
1,[],5,[],2019-01-24 08:50:00,3.337e-05,0.00000156,0.00000000005525286,6484492,2019-01-24 08:50:00,btc,1.43011192,0.0,0.00000156,btc,0.0001585,0.0,0.49537941,75
1,[],4,[],2019-01-24 07:50:52,64421539.78469478,0.00000001,0.000000000000354655,6484318,2019-01-24 07:50:52,btc,0.7486706825842339,0.0,0.00000001,btc,13906829.86456505,0.0,0.6442153978469478,81
0,[],20,[],2019-01-24 07:50:54,0.0,0,0,6484319,2019-01-24 07:50:54,btc,0.0,0.0,0,btc,0.0,0.0,0.0,81
1,[],4,[],2019-01-24 08:45:35,23779.6014825,0.00007618,0.00000000269818133,6484452,2019-01-24 08:45:35,btc,1.2205218136067397,0.0,0.00007618,btc,10751.17710863,0.1732482,0.0878506467347475,82
1,[],21,[],2019-01-24 08:45:36,69051.40471466,0.000081050000000000004961482613641265970727545209228992462158203125,0.000000002870669425,6484453,2019-01-24 08:45:36,btc,2.763920271655276,14489.19795949,0.000081050000000000004961482613641265970727545209228992462158203125,btc,29540.71749087,1.19799889,4.736089067151058,82
0,[],17,[],2019-01-24 07:51:08,0.0,0,0,6484328,2019-01-24 07:51:08,btc,0.0447233088476774,0.0,0,btc,999127.19588126,0.0,0.0,84
0.0000000000885467,[],4,[],2019-01-24 07:55:02,470492550.894736,1.1511071e-17,4.0824588855050005e-22,6484390,2019-01-24 07:55:02,ltc,0.1975418249569624,0.0,0.00000013,ltc,72846944.1426092,0.0,1.5703397453353088e-09,85
,[],22,[],2018-11-20 23:09:34,3408.1,0.0000001,0.0000000000041895,4862324,2018-11-20 23:09:34,BTC,0.04624735,0.0,,BTC,4990.0,0.0,0.00033081,86
0,[],22,[],2019-01-24 07:55:05,0.0,0,0,6484391,2019-01-24 07:55:05,,2.07810912,0.0,0,,154826.94736842104,0.0,0.0,87
0,[],27,[],2019-01-24 07:55:09,0.0,0,0,6484392,2019-01-24 07:55:09,,0.0,0.0,0,btc,0.0,0.0,0.0,87
,[],2,[],2018-11-20 23:10:47,0.0,0,0,4862359,2018-11-20 23:10:47,,0.0,0.0,,,0.0,0.0,0.0,88
1,[],11,[],2019-01-24 08:46:13,104662.94553644,0.00021502000000000001146693850984092932776547968387603759765625,0.00000000761568587,6484463,2019-01-24 08:46:13,btc,234.49779562327137,808.27947,0.00021502000000000001146693850984092932776547968387603759765625,btc,180227.16059804,0.0,8.67549394483669,89
1,[],12,[],2019-01-24 08:50:01,265895.51643858,0.000001390000000000000032391082004090687718189656152389943599700927734375,0.000000000049231715,6484493,2019-01-24 08:50:01,btc,1.1237311945818624,0.0,0.000001390000000000000032391082004090687718189656152389943599700927734375,btc,8563.91097855,0.0062374098408306,0.0923988549999865,91
0,[],17,[],2019-01-24 08:50:04,0.0,0,0,6484494,2019-01-24 08:50:04,btc,0.0,0.0,0,btc,0.0,0.0,0.0,91
0,[],2,[],2019-01-20 23:31:45,0.0,0,0,6477083,2019-01-20 23:31:45,,0.0,0.0,0,,0.0,0.0,0.0,91
0.0000000000885467,[],22,[],2019-01-24 07:52:16,48311955.0,5.3128020000000005e-18,1.8842117933100002e-22,6484366,2019-01-24 07:52:16,LTC,5.85724591,0.0,0.00000006,LTC,58637735.1,2.23042053564e-12,1.45775865,95
1,[],4,[],2019-01-24 07:50:56,140858795.6894671,0.00000001,0.000000000000354655,6484320,2019-01-24 07:50:56,btc,1.4045313171584932,0.0,0.00000001,"btc,ltc",68698120.24591842,0.00057316,0.07683051039032031,96
1,[],12,[],2019-01-24 07:50:57,1212391.0,0.00000001,0.000000000000354655,6484321,2019-01-24 07:50:57,btc,255059.2635896603,0.0,0.00000001,btc,7846613.56674301,1.126e-05,0.01212391,96
0,[],17,[],2019-01-24 07:50:59,0.0,0,0,6484322,2019-01-24 07:50:59,btc,0.0,0.0,0,btc,0.0,0.0,0.0,96
1,[],4,[],2019-01-24 07:52:34,1563111.14912319,0.00000040,0.0000000000141862,6484374,2019-01-24 07:52:34,btc,0.228515396736172,0.0,0.00000040,btc,382849.56367468,0.01360807,0.1677388510269201,99
1,[],4,[],2019-01-24 07:51:21,148187.51781852,0.00004083,0.0000000014480563650000001,6484336,2019-01-24 07:51:21,btc,1.8364716567130666,0.0,0.00004083,btc,39180.78972543,1.39299596,3.5881336960012655,100
0,[],2,[],2019-01-20 23:23:55,0.0,0,0,6476914,2019-01-20 23:23:55,,0.0,0.0,0,,0.0,0.0,0.0,100
1,[],22,[],2019-01-24 07:51:19,50000.0,0.00000001,0.000000000000354655,6484334,2019-01-24 07:51:19,BTC,23.49896609,0.0,0.00000001,BTC,10277.22,0.0,0.0005,101
1,[],4,[],2019-01-24 07:58:20,149435.46416226,0.00000106,0.000000000037593430000000005,6484436,2019-01-24 07:58:20,btc,0.4028190910398112,0.0,0.00000106,btc,142260.81894651,0.01517051,0.0573806334117959,103
1,[],12,[],2019-01-24 08:46:08,94378026.0,0.000000015,0.0000000000005312774999999999,6484461,2019-01-24 08:46:08,btc,9137280539.746641,0.0,0.000000015,btc,146789215.00199434,0.08955043704710466,0.554425751,105
1,[],27,[],2019-01-24 08:46:10,261901.0,0.00000006,0.00000000000212511,6484462,2019-01-24 08:46:10,btc,0.0720402019,0.0,0.00000006,btc,580.038,0.0,0.01014994,105
0,[],22,[],2019-01-24 07:52:19,0.0,0,0,6484367,2019-01-24 07:52:19,,1.07253299,0.0,0,,94300.0,0.0,0.0,107
1,[],26,[],2019-01-24 07:52:19,0.0,0.00000000,0,6484368,2019-01-24 07:52:19,btc,0.0,0.0,0.00000000,btc,0.0,0.0,0.0,107
1,[],5,[],2019-01-24 07:51:51,1e-08,0.00000001,0.000000000000354655,6484352,2019-01-24 07:51:51,btc,5.9858607,0.00640427,0.00000001,btc,1.512e-05,0.0,0.019164,112
1,[],22,[],2019-01-24 07:51:55,1966.0,0.00000001,0.000000000000354655,6484353,2019-01-24 07:51:55,BTC,2.85144061,0.0,0.00000001,BTC,1141651.5833333333,0.0,1.966e-05,112
0,[],27,[],2019-01-24 07:51:57,0.0,0,0,6484354,2019-01-24 07:51:57,,1.25125,0.0,0,"btc,eth",79.0,0.0,0.0,112
1,[],4,[],2019-01-24 08:48:31,461733.48639391,0.00000430,0.00000000015229955,6484473,2019-01-24 08:48:31,btc,0.4375619337162533,0.0,0.00000430,btc,68474.92297348,0.37658195,0.4700332461347246,113
1,[],5,[],2019-01-24 08:48:33,2.891e-05,0.00000406,0.00000000014379911,6484474,2019-01-24 08:48:33,btc,2.3628348,0.003425,0.00000406,btc,0.0036154,0.0,0.27695666,113
1,[],17,[],2019-01-24 08:51:07,233369.0,0.00000004,0.00000000000141674,6484520,2019-01-24 08:51:07,btc,1.3376290576003707,0.0,0.00000004,btc,72546.975,0.0,0.00543476,116
0,[],27,[],2019-01-24 08:51:09,0.0,0,0,6484521,2019-01-24 08:51:09,,0.0,0.0,0,btc,0.0,0.0,0.0,116
1,[],4,[],2019-01-24 08:50:56,58443.97113186,0.00002228,0.00000000078912418,6484513,2019-01-24 08:50:56,btc,1.1008016905162399,0.0,0.00002228,btc,38120.38005159,6.49784741,0.7223463536426915,120
1,[],7,[],2019-01-24 08:50:57,4314.2657391,0.0000167399999999999989671976841076883601999725215137004852294921875,0.00000000059290569,6484514,2019-01-24 08:50:57,btc,95.02188238329853,3016.47325664,0.0000167399999999999989671976841076883601999725215137004852294921875,btc,25325.96364593,0.08732626,0.0467542066950538,120
1,[],20,[],2019-01-24 08:51:05,1215767.5588,0.000000013,0.0000000000004604405,6484519,2019-01-24 08:51:05,btc,31.4063095068966,389.85,0.000000013,btc,1102100.3058,5.06805e-06,0.0068489678606,125
1,[],22,[],2019-01-24 08:49:34,3053.0,0.00000001,0.000000000000354185,6484481,2019-01-24 08:49:34,BTC,0.01415863,0.0,0.00000001,BTC,293039.4,3.198e-05,3.053e-05,126
0,[],22,[],2019-01-24 07:52:50,0.0,0,0,6484383,2019-01-24 07:52:50,,3.30709612,0.0,0,,19391.67229247642,0.0,0.0,130
1,[],4,[],2019-01-24 07:54:59,83278.83308442,0.00001557,0.0000000005521978350000001,6484387,2019-01-24 07:54:59,btc,0.5659360860146158,0.0,0.00001557,btc,28782.8284006,0.1626831,0.4130822480005608,131
0,[],17,[],2019-01-24 07:55:00,0.0,0,0,6484388,2019-01-24 07:55:00,btc,0.0008451375975800001,0.0,0,btc,30.89614684,0.0,0.0,131
0,[],2,[],2019-01-20 23:25:46,0.0,0,0,6476969,2019-01-20 23:25:46,,0.0,0.0,0,,0.0,0.0,0.0,131
1,[],4,[],2019-01-24 07:57:59,4563.52731457,0.00019580,0.000000006944144900000001,6484424,2019-01-24 07:57:59,btc,1.6269232683341472,0.0,0.00019580,btc,206.10257325,0.0,0.009908905734895,135
1,[],3,[],2019-01-24 07:51:46,370334.4001851,0.00000006,0.00000000000212793,6484350,2019-01-24 07:51:46,btc,0.3432162180965619,608395.490617,0.00000006,btc,867214.87782234,0.0,0.009331857337035199,136
1,[],4,[],2019-01-24 08:45:56,119277.55522714,0.00000190,0.00000000006729515,6484457,2019-01-24 08:45:56,btc,0.4805596298306959,0.0,0.00000190,btc,184562.38871906,0.09210184,0.1616862537943265,137
1,[],12,[],2019-01-24 08:45:57,303715.99683006,0.000001870000000000000095373470405946125794116596807725727558135986328125,0.000000000066232595,6484458,2019-01-24 08:45:57,btc,11798.823129973203,0.0,0.000001870000000000000095373470405946125794116596807725727558135986328125,btc,133399.08079908,0.0847632226569252,0.0332354980000139,137
1,[],5,[],2019-01-24 08:49:43,0.00106478,0.00003007,0.000000001065034295,6484484,2019-01-24 08:49:43,btc,5.56941523,0.78173892,0.00003007,btc,0.00179622,0.0,1.53018801,142
1,[],17,[],2019-01-24 08:49:45,12500.0,0.0000001,0.00000000000354185,6484485,2019-01-24 08:49:45,btc,0.5782815519482306,0.0,0.0000001,btc,4834.207754,0.0,0.00125,142
1,[],20,[],2019-01-24 08:49:47,148268.8962,0.00002511,0.000000000889358535,6484486,2019-01-24 08:49:47,btc,2.5057686606,36.4218,0.00002511,btc,5122.8931,0.0011632873008,0.0811377525098,142
1,[],22,[],2019-01-24 08:49:52,990.0,0.00001880,0.0000000006658678,6484487,2019-01-24 08:49:52,BTC,0.00152287,0.0,0.00001880,BTC,15.055608820709493,0.0,0.00022106,142
1,[],28,[],2019-01-24 08:49:56,78430.0,0.00002000,0.00000000070837,6484488,2019-01-24 08:49:56,btc,0.05152625387,95976.0,0.00002000,btc,1349.7234,0.0,0.0242247,142
,[],25,[],2019-01-11 15:38:27,0.0,0,0,6366122,2019-01-11 15:38:27,,0.0,0.0,,btc,0.0,0.0,0.0,142
0,[],22,[],2019-01-24 07:55:47,0.0,0,0,6484413,2019-01-24 07:55:47,,54.93330297,0.0,0,,667563265.8,0.0,0.0,143
1,[],21,[],2019-01-24 07:00:01,50611689.57764376,0.00000031,0.000000000010956051,6484213,2019-01-24 07:00:01,btc,35.652351299014825,33143101.48232326,0.00000031,btc,67894946.89174142,10.2631128,9.670315466264778,145
0,[],22,[],2019-01-24 08:50:26,0.0,0,0,6484502,2019-01-24 08:50:26,,2.39270934,0.0,0,,786514.0,0.0,0.0,146
,[],22,[],2018-11-20 23:01:11,0.0,0,0,4862114,2018-11-20 23:01:11,,2.56807021,0.0,,,61828.4988236,0.0,0.0,147
1,[],12,[],2019-01-24 07:55:49,8695826.4872734,0.0000040099999999999997232487218556951091841256129555404186248779296875,0.000000000142216655,6484415,2019-01-24 07:55:49,btc,17.07824137993702,0.0,0.0000040099999999999997232487218556951091841256129555404186248779296875,btc,111516.34227441,0.0018076430128358,0.1107421663612137,148
1,[],4,[],2019-01-24 07:58:27,111944.4061864,0.00000036,0.00000000001276758,6484440,2019-01-24 07:58:27,btc,0.6911761561789459,0.0,0.00000036,btc,514859.11156085,0.0013,0.0312220905124395,152
0,[],22,[],2019-01-24 07:58:30,0.0,0,0,6484441,2019-01-24 07:58:30,,0.0,0.0,0,,0.0,0.0,0.0,152
1,[],5,[],2019-01-24 07:51:58,0.0,0,0,6484355,2019-01-24 07:51:58,btc,4.32752783,1.001e-05,0,btc,0.00161275,0.0,0.0,153
,[],16,[],2019-01-11 15:38:59,0.0,0,0,6366141,2019-01-11 15:38:59,btc,0.0,0.0,,btc,0.0,0.0,0.0,155
0,[],22,[],2019-01-24 07:51:49,0.0,0,0,6484351,2019-01-24 07:51:49,,6.78848922,0.0,0,,4237721.742592593,0.0,0.0,156
0,[],23,[],2019-01-20 23:24:29,0.0,0,0,6476932,2019-01-20 23:24:29,,0.0,0.0,0,,0.0,0.0,0.0,156
1,[],22,[],2019-01-24 07:52:45,7906.0,0.00000801,0.000000000284078655,6484380,2019-01-24 07:52:45,BTC,43.81543407,0.0,0.00000801,BTC,1572.3690079421112,0.0,0.00743836,157
0,[],22,[],2019-01-24 08:50:55,0.0,0,0,6484512,2019-01-24 08:50:55,,50175.67300261,0.0,0,,53770788.04179466,0.0,0.0,158
,[],17,[],2018-11-20 22:56:10,0.0,0,0,4861976,2018-11-20 22:56:10,btc,1.1265625,0.0,,btc,1000.0,0.0,0.0,159
,[],20,[],2018-11-20 22:56:12,0.0,0,0,4861977,2018-11-20 22:56:12,btc,11912.7940471,0.0,,btc,34413894.3617,0.0,0.0,159
1,[],12,[],2019-01-24 08:52:35,185034.14869843,0.000010129999999999999573362108318264063200331293046474456787109375,0.000000000358789405,6484547,2019-01-24 08:52:35,btc,6.6522602944843605,0.0,0.000010129999999999999573362108318264063200331293046474456787109375,btc,13918.21908934,0.0118213433412915,0.1043688303999937,168
1,[],17,[],2019-01-24 08:52:37,29784.95,0.000001,0.0000000000354185,6484548,2019-01-24 08:52:37,btc,0.0353989844335,0.0,0.000001,btc,196.82520268,0.0,0.00716147,168
0,[],22,[],2019-01-24 08:52:26,0.0,0,0,6484541,2019-01-24 08:52:26,,1.13392792,0.0,0,,692360.5537281231,0.0,0.0,169
1,[],22,[],2019-01-24 08:50:33,54660.51851851852,0.00000027,0.000000000009562995,6484503,2019-01-24 08:50:33,BTC,2.75361357,0.0,0.00000027,BTC,66527.02426237162,0.00031366,0.00696163,171
1,[],22,[],2019-01-24 08:52:41,79460.47619047618,0.00000022,0.00000000000779207,6484549,2019-01-24 08:52:41,BTC,2.84648132,0.0,0.00000022,BTC,238656.2196865235,0.00309773,0.00730084,173
1,[],5,[],2019-01-24 07:51:38,4.904e-05,0.00000470,0.00000000016668785,6484344,2019-01-24 07:51:38,btc,0.41243067,0.02110955,0.00000470,btc,0.00034331,0.0,0.92675363,175
1,[],22,[],2019-01-24 08:49:41,56022.27333333333,0.00000150,0.00000000005312775,6484483,2019-01-24 08:49:41,BTC,0.55545542,0.0,0.00000150,BTC,109780.29444388876,0.00016607,0.04143299,176
1,[],7,[],2019-01-24 07:55:52,0.0,0,0,6484418,2019-01-24 07:55:52,btc,10931.193524921044,11769.0,0,btc,124615694.89995944,0.00011769,0.0,178
0,[],22,[],2019-01-24 07:55:54,0.0,0,0,6484419,2019-01-24 07:55:54,,1.00242428,0.0,0,,57512.0,0.0,0.0,178
0,[],2,[],2019-01-20 23:28:34,0.0,0,0,6477001,2019-01-20 23:28:34,,0.0,0.0,0,,0.0,0.0,0.0,178
1,[],5,[],2019-01-24 07:52:21,3e-08,0.00000002,0.00000000000070931,6484369,2019-01-24 07:52:21,btc,13.82399092,0.66856874,0.00000002,btc,2.21e-05,0.0,1.47634743,179
1,[],22,[],2019-01-24 07:52:30,9167103.5,0.00000002,0.00000000000070931,6484370,2019-01-24 07:52:30,BTC,5.51833531,0.0,0.00000002,"BTC,LTC",17388701.451989967,0.01727259,0.40081005,179
0,[],23,[],2019-01-20 23:25:08,0.0,0,0,6476952,2019-01-20 23:25:08,,0.0,0.0,0,,0.0,0.0,0.0,179
1,[],17,[],2019-01-24 08:45:38,10504.725,0.0000001,0.00000000000354185,6484454,2019-01-24 08:45:38,btc,5.206984534928563,0.0,0.0000001,btc,7893.797658699999,0.0,0.0010504725,180
1,[],22,[],2019-01-24 08:45:45,1468.0,0.00000031,0.000000000010979735,6484455,2019-01-24 08:45:45,BTC,0.22769588,0.0,0.00000031,"BTC,LTC",26805.816254853482,0.0,0.00040342,180
1,[],26,[],2019-01-24 08:45:55,0.0,0.00000010,0.00000000000354185,6484456,2019-01-24 08:45:55,btc,0.0,3344.02,0.00000010,btc,0.0,0.0,0.0,180
,[],7,[],2018-11-20 22:58:01,562227.975654,0.00000085,0.000000000036176765,4862015,2018-11-20 22:58:01,btc,21836.6059674,2491.87645172,,btc,749999.041456,0.00211021,0.127565380455,183
,[],5,[],2019-01-10 08:11:41,0.0,0,0,6347036,2019-01-10 08:11:41,btc,82.15055501,0.00261,,btc,1.19002445,0.0,0.0,187
1,[],24,[],2019-01-24 08:52:31,0.0,0.000000000001,3.5418499999999997e-17,6484543,2019-01-24 08:52:31,btc,0.0,0.0,0.000000000001,btc,0.0,0.0,0.0,187
,[],17,[],2018-11-16 20:58:10,4062536.27273,0.00000001,0.000000000000550501,4708775,2018-11-16 20:58:10,btc,3.36492563466,0.195460381006,,"btc,eth",110697919.549,0.0,0.0157628953496,187
0,[],22,[],2019-01-24 07:58:39,0.0,0,0,6484449,2019-01-24 07:58:39,,1.19410323,0.0,0,,13721.456201072173,0.0,0.0,191
0,[],22,[],2019-01-24 07:52:54,0.0,0,0,6484384,2019-01-24 07:52:54,,0.0,0.0,0,,0.0,0.0,0.0,197
1,[],26,[],2019-01-24 08:49:57,0.0,0.00000000,0,6484490,2019-01-24 08:49:57,btc,0.0,756174.0,0.00000000,btc,0.0,0.0,0.0,199
0,[],23,[],2019-01-20 23:31:41,0.0,0,0,6477079,2019-01-20 23:31:41,,0.0,0.0,0,,0.0,0.0,0.0,199
0,[],17,[],2019-01-24 07:55:56,0.0,0,0,6484420,2019-01-24 07:55:56,btc,6.802544163861147,0.0,0,btc,105897.55575295,0.0,0.0,200
0,[],2,[],2019-01-20 23:30:49,0.0,0,0,6477059,2019-01-20 23:30:49,,0.0,0.0,0,,0.0,0.0,0.0,201
1,[],4,[],2019-01-24 07:58:27,210456.55900604,0.00000968,0.00000000034330604,6484439,2019-01-24 07:58:27,btc,2.2212717148971373,0.0,0.00000968,btc,177885.82103116,0.28935429,1.5527790008937385,211
1,[],7,[],2019-01-24 07:55:02,17872294.09648524,0.000001170000000000000021170673721038202330646527116186916828155517578125,0.000000000041494635000000004,6484389,2019-01-24 07:55:02,btc,16317791.213527346,635260.261269,0.000001170000000000000021170673721038202330646527116186916828155517578125,btc,12685620.42497786,0.0,7.979815671198553,212
1,[],5,[],2019-01-24 07:55:41,4.96e-06,0.00000032,0.00000000001134896,6484408,2019-01-24 07:55:41,btc,0.93639417,0.06016109,0.00000032,btc,3.054e-05,0.0,0.14934649,213
1,[],12,[],2019-01-24 07:55:42,234358.00428967,0.000001069999999999999919816744131662034078544820658862590789794921875,0.000000000037948085,6484409,2019-01-24 07:55:42,btc,85023.03733787405,0.0,0.000001069999999999999919816744131662034078544820658862590789794921875,btc,43413.72820726,0.0002465853713759,0.0095691760622029,213
1,[],24,[],2019-01-24 07:55:42,0.0,0.000000050000,0.000000000001773275,6484410,2019-01-24 07:55:42,btc,0.0,0.0,0.000000050000,btc,0.0,0.0,0.0,213
1,[],26,[],2019-01-24 07:55:42,0.0,0.00000003,0.0000000000010639650000000001,6484411,2019-01-24 07:55:42,btc,0.0,0.0,0.00000003,btc,0.0,0.0,0.0,213
1,[],22,[],2019-01-24 08:49:06,304173.2,0.00000005,0.000000000001770925,6484478,2019-01-24 08:49:06,BTC,70.22067707,0.0,0.00000005,BTC,154148.9946272864,0.00116673,0.00595266,216
1,[],27,[],2019-01-24 08:49:08,5087845.0,0.00000011,0.000000000003896035,6484479,2019-01-24 08:49:08,btc,619.88408055716,5755.0,0.00000011,"btc,ltc",268761.09411,0.0040285,0.0534925,216
1,[],22,[],2019-01-24 07:58:46,288910.98182760586,0.00000230,0.00000000008157065000000001,6484451,2019-01-24 07:58:46,BTC,12547.87537727,0.0,0.00000230,BTC,357051.04314279975,0.06533612,0.40771602,217
1,[],7,[],2019-01-24 08:50:59,0.0,0,0,6484516,2019-01-24 08:50:59,btc,302.57309913911064,0.0,0,btc,133162724.1214003,0.0,0.0,219
0,[],27,[],2019-01-24 08:51:01,0.0,0,0,6484517,2019-01-24 08:51:01,,0.0747309448198,0.0,0,btc,1605140.29226592,0.0,0.0,219
0.0000000000000057,[],28,[],2019-01-24 08:51:03,238816286.198,2.280057e-18,8.075619885450001e-23,6484518,2019-01-24 08:51:03,doge,143035.5147817675,28744.0,0.00040001,"btc,doge",6859472.34751,0.0,1.738649571899051e-11,219
1,[],22,[],2019-01-24 08:52:01,209959.5,0.0000007,0.00000000002479295,6484524,2019-01-24 08:52:01,BTC,2.08332423,0.0,0.0000007,BTC,19472.55212317522,0.01222786,0.02459032,221
1,[],24,[],2019-01-24 08:52:01,0.0,0.000000800000,0.0000000000283348,6484525,2019-01-24 08:52:01,btc,0.0,0.0,0.000000800000,btc,0.0,0.0,0.0,221
1,[],26,[],2019-01-24 07:55:56,0.0,0.00000002,0.00000000000070931,6484421,2019-01-24 07:55:56,btc,0.0,11168.0,0.00000002,btc,0.0,0.0,0.0,231
1,[],26,[],2019-01-24 07:55:35,0.0,0.00000004,0.00000000000141862,6484406,2019-01-24 07:55:35,btc,0.0,0.0,0.00000004,btc,0.0,0.0,0.0,234
0,[],27,[],2019-01-24 07:55:37,0.0,0,0,6484407,2019-01-24 07:55:37,,0.001146299618,0.0,0,"btc,eth",11462.99618,0.0,0.0,234
0,[],22,[],2019-01-24 08:50:41,0.0,0,0,6484505,2019-01-24 08:50:41,,3.11852563,0.0,0,,90313875.02329598,0.0,0.0,235
1,[],4,[],2019-01-24 07:58:31,693563.99422613,0.00000105,0.000000000037238775,6484442,2019-01-24 07:58:31,btc,0.334709094586781,0.0,0.00000105,btc,241347.04647825,0.09995469,0.220084391112578,236
1,[],24,[],2019-01-24 07:58:31,0.0,0.000000010000,0.000000000000354655,6484443,2019-01-24 07:58:31,btc,0.0,0.0,0.000000010000,btc,0.0,0.0,0.0,236
1,[],20,[],2019-01-24 07:55:32,34279699.9879,0.000000062,0.0000000000021988610000000004,6484404,2019-01-24 07:55:32,btc,14.0944766029549,25388660.7531,0.000000062,btc,25444589.4786,1.6114375410423,0.3825195571596,237
0,[],22,[],2019-01-24 07:55:35,0.0,0,0,6484405,2019-01-24 07:55:35,,0.04083605,0.0,0,,4179.0,0.0,0.0,237
1,[],4,[],2019-01-24 08:52:33,5160486.22702607,0.00000031,0.000000000010979735,6484545,2019-01-24 08:52:33,btc,0.5641943254262023,0.0,0.00000031,btc,1675391.35808948,0.25165039,1.4695453077459624,238
1,[],5,[],2019-01-24 08:52:34,3.64e-06,0.00000031,0.000000000010979735,6484546,2019-01-24 08:52:34,btc,0.58991806,0.00029176,0.00000031,btc,2.855e-05,0.0,0.20669155,238
1,[],22,[],2019-01-24 08:52:45,281968.75,0.00000005,0.000000000001770925,6484550,2019-01-24 08:52:45,BTC,15.41132459,0.0,0.00000005,BTC,240508.69643307183,0.00012245,0.00945438,249
0.00000000008840870000000001,[],22,[],2019-01-24 08:52:16,2422166.0,4.420435000000001e-18,1.5656517704750002e-22,6484535,2019-01-24 08:52:16,LTC,0.43490749,0.0,0.00000005,LTC,12631887.29,7.912578650000001e-13,0.04470538,252
1,[],28,[],2019-01-24 08:53:33,3215469.1,0.00000009,0.000000000003187665,6484568,2019-01-24 08:53:33,btc,164692.82142318288,266777.11,0.00000009,btc,1085873.4025,0.0,0.05558683991,256
0,[],27,[],2019-01-24 08:46:29,0.0,0,0,6484471,2019-01-24 08:46:29,,4.96668,0.0,0,"btc,eth",90.59,0.0,0.0,257
1,[],22,[],2019-01-24 08:50:09,58118.25,0.00000008,0.00000000000283348,6484495,2019-01-24 08:50:09,BTC,35605.68067355,0.0,0.00000008,BTC,708394.3310213444,0.00019156,0.00094255,258
1,[],22,[],2019-01-24 07:58:42,6620.804,0.00000750,0.00000000026599125,6484450,2019-01-24 07:58:42,BTC,4.68382194,0.0,0.00000750,BTC,5828.378238095238,0.0,0.03359089,262
1,[],5,[],2019-01-24 07:58:24,4.523e-05,0.00000300,0.00000000010639650000000001,6484437,2019-01-24 07:58:24,btc,7.61806687,0.55325642,0.00000300,btc,0.02976072,0.0,0.18226415,264
1,[],20,[],2019-01-24 07:58:25,1783766.0978,0.00000221,0.000000000078378755,6484438,2019-01-24 07:58:25,btc,5.1230668587423,61056.0684,0.00000221,btc,84675.4917,0.3935631870757,0.0374824312097,264
1,[],22,[],2019-01-24 08:49:27,150501.0,0.00000018,0.00000000000637533,6484480,2019-01-24 08:49:27,BTC,126.56366524,0.0,0.00000018,BTC,200556.05470818645,0.00030876,0.00460907,271
0,[],22,[],2019-01-24 08:50:16,0.0,0,0,6484497,2019-01-24 08:50:16,,326.76482434,0.0,0,,10642389200.0,0.0,0.0,272
0.0000000000000057,[],28,[],2019-01-24 08:50:18,354980645548.264,3.4200000000000005e-21,1.2113127000000002e-25,6484498,2019-01-24 08:50:18,doge,4384904.8918885505,3241641401.998,0.0000006,doge,124879237712.73299,0.0,5.598333385195987e-10,272
