pairValue,buyBook,exchangeId,sellBook,updated,buyTotal,satoshiPrice,usdPrice,exchangeLogId,created,bestPair,sellTotalBtc,volume,pairPrice,activePairs,sellTotal,volumeBtc,buyTotalBtc,coinId
1,[],3,[],2019-02-11 13:51:51,151.971957031721,0.0130259999999999993847143997527382452972233295440673828125,0.00000047355892739999997,6634320,2019-02-11 13:51:51,btc,107.09833657872508,0.019595272549,0.0130259999999999993847143997527382452972233295440673828125,btc,23.831309564251,0.0,0.5626303354203898,1
1,[],4,[],2019-02-11 13:51:52,322.25029598,0.01308902,0.000000475850013198,6634321,2019-02-11 13:51:52,btc,1.102744585384141,0.0,0.01308902,btc,80.7043986,0.70788106,1.556047855526108,1
1,[],5,[],2019-02-11 13:51:55,0.28592572,0.01300000,0.00000047261369999999997,6634322,2019-02-11 13:51:55,btc,14577.90985613,0.2621597,0.01300000,btc,35555556.05860447,0.0,2.59247691,1
1,[],10,[],2019-02-11 13:51:57,414911.81662516,0.01187655,0.000000431770787595,6634323,2019-02-11 13:51:57,btc,6531.086067748052,1399.60649627,0.01187655,btc,865.08443988,0.0,4.1511281449331054,1
1,[],12,[],2019-02-11 13:52:00,10436.49309258,0.01289000000000000041577852272212112438865005970001220703125,0.000000468614661,6634324,2019-02-11 13:52:00,btc,0.4130783482346,0.0,0.01289000000000000041577852272212112438865005970001220703125,btc,24.34939484,0.6357421025518,0.3593439247408,1
1,[],20,[],2019-02-11 13:52:02,1151.3756,0.010400104,0.0000003780947409096,6634325,2019-02-11 13:52:02,btc,0.0573537536243,0.0,0.010400104,btc,2.5253,0.0,0.0832230535083,1
1,[],21,[],2019-02-11 13:52:03,2875.69153728,0.01303566999999999920234472484,0.00000047391047928299993,6634326,2019-02-11 13:52:03,btc,14.448734618383183,3940.9978033300004,0.013035669999999999202344724835711531341075897216796875,"btc,eth",1582.16689518,48.61432786219408,22.587607653534967,1
1,[],22,[],2019-02-11 13:52:07,0.0280576,0.01350000,0.00000049079115,6634327,2019-02-11 13:52:07,BTC,0.3139634,0.0,0.01350000,BTC,0.10070366666666666,1.62e-05,0.00036518,1
1,[],24,[],2019-02-11 13:52:07,0.0,0.000000000000,0,6634328,2019-02-11 13:52:07,btc,0.0,0.0,0.000000000000,btc,0.0,0.0,0.0,1
0.0,[],25,[],2019-02-11 13:52:08,0.0,0,0,6634329,2019-02-11 13:52:08,btc,20.77199999792436,544.62968412,0.0,btc,1549.66599136,7.2288,0.0,1
1,[],26,[],2019-02-11 13:52:18,0.0,0,0,6634330,2019-02-11 13:52:18,,0.0,0.0,0,,0.0,0.0,0.0,1
1,[],28,[],2019-02-11 13:52:24,992.968,0.01231000,0.000000447528819,6634331,2019-02-11 13:52:24,btc,0.163517306,15853.35,0.01231000,btc,8.95,0.0,0.086870176,1
0,[],2,[],2019-01-20 23:28:45,0.0,0,0,6477011,2019-01-20 23:28:45,,0.0,0.0,0,,0.0,0.0,0.0,1
1,[],5,[],2019-02-11 13:52:26,9.26e-06,0.00000052,0.000000000018904548,6634332,2019-02-11 13:52:26,btc,0.14699777,0.07001028,0.00000052,btc,6.171e-05,0.0,0.15783269,2
0,[],22,[],2019-02-11 13:52:29,0.0,0,0,6634333,2019-02-11 13:52:29,,0.0,0.0,0,,0.0,0.0,0.0,2
1,[],5,[],2019-02-11 13:52:30,1.12e-06,0.00000016,0.000000000005816784,6634334,2019-02-11 13:52:30,btc,4.33137069,0.00676091,0.00000016,btc,2.278e-05,0.0,2.89842162,3
1,[],12,[],2019-02-11 13:52:31,12128275.54421449,0.000000169,0.000000000006143978099999999,6634335,2019-02-11 13:52:31,btc,923494.5820148832,0.0,0.000000169,btc,8398610.99623074,0.06468174442457983,0.4902407735039416,3
0,[],28,[],2019-02-11 13:52:35,0.0,0,0,6634336,2019-02-11 13:52:35,,0.0,0.0,0,,0.0,0.0,0.0,3
0,[],2,[],2019-01-20 23:31:32,0.0,0,0,6477077,2019-01-20 23:31:32,,0.0,0.0,0,,0.0,0.0,0.0,4
1,[],4,[],2019-02-11 13:52:36,388453.74378225,0.00000033,0.000000000011997116999999999,6634337,2019-02-11 13:52:36,btc,0.3813419301034616,0.0,0.00000033,btc,338565.10181884,0.00148985,0.0509342803920374,4
1,[],12,[],2019-02-11 13:52:37,1573089.5219999999,0.00000004,0.000000000001454196,6634338,2019-02-11 13:52:37,btc,11113878.35212532,0.0,0.00000004,btc,1001393.07363661,0.0016346901898105,0.02680641044,5
0,[],2,[],2019-01-20 23:31:51,0.0,0,0,6477087,2019-01-20 23:31:51,,0.0,0.0,0,,0.0,0.0,0.0,6
1,[],11,[],2019-02-11 13:52:39,1647370.9999525,0.00000002,0.000000000000727098,6634339,2019-02-11 13:52:39,btc,9433.307180950409,14817.5,0.00000002,btc,40413947.85665806,0.0,0.024257114999050002,6
1,[],3,[],2019-02-11 13:52:39,1074.273146428111,0.00014521000000000000053346216333238771767355501651763916015625,0.0000000052790950289999995,6634340,2019-02-11 13:52:39,btc,28.399990609446498,0.0,0.00014521000000000000053346216333238771767355501651763916015625,btc,235.145665820227,0.0,0.031531977816658056,7
1,[],4,[],2019-02-11 13:52:40,22297.00182233,0.00019166,0.0000000069677801339999994,6634341,2019-02-11 13:52:40,btc,1.582121545764381,0.0,0.00019166,btc,7551.57436832,2.57432439,3.7084717770859656,7
1,[],5,[],2019-02-11 13:52:41,0.00590916,0.00018900,0.000000006871076099999999,6634342,2019-02-11 13:52:41,btc,1.44882446,0.24310375,0.00018900,btc,0.01195237,0.0,1.61450071,7
1,[],20,[],2019-02-11 13:52:43,59081135.5697,0.000000001,0.0000000000000363549,6634343,2019-02-11 13:52:43,btc,116.5916532606651,315535.1265,0.000000001,btc,33312875.6586,0.0003155351265,0.0590811355697,8
0,[],2,[],2019-01-20 23:22:42,0.0,0,0,6476876,2019-01-20 23:22:42,,0.0,0.0,0,,0.0,0.0,0.0,9
0,[],23,[],2019-01-20 23:22:48,0.0,0,0,6476878,2019-01-20 23:22:48,,0.0,0.0,0,,0.0,0.0,0.0,9
1,[],1,[],2019-02-11 13:52:44,3134384.1599999997,0.000001940000000000000060442102711721901187047478742897510528564453125,0.000000000070528506,6634344,2019-02-11 13:52:44,btc,2.8676009626,11942318.91,0.000001940000000000000060442102711721901187047478742897510528564453125,btc,1445349.82,23.52498573,5.991661328799999,9
1,[],4,[],2019-02-11 13:52:45,278238.21521024,0.00000195,0.00000000007089205499999999,6634345,2019-02-11 13:52:45,btc,0.8637379578518039,0.0,0.00000195,btc,433730.08199577,1.15559816,0.510338575683915,9
1,[],28,[],2019-02-11 13:52:47,34500.0,0.00000165,0.000000000059985585,6634346,2019-02-11 13:52:47,btc,2708.767537584,3149299.12,0.00000165,btc,15216.36,0.0,0.02854,9
1,[],4,[],2019-02-10 09:54:02,5828483.02026053,0.00000002,0.000000000000726692,6623074,2019-02-10 09:54:02,btc,0.2014004865591215,0.0,0.00000002,btc,4198675.28035349,0.00021932,0.0653957035452106,10
0,[],2,[],2019-01-20 23:23:08,0.0,0,0,6476890,2019-01-20 23:23:08,,0.0,0.0,0,,0.0,0.0,0.0,12
1,[],4,[],2019-02-11 13:52:47,2281153.54478108,0.00000143,0.000000000051987506999999995,6634347,2019-02-11 13:52:47,btc,1.5864999002578408,0.0,0.00000143,btc,1043833.09507653,0.97579302,3.08508580222093,12
1,[],5,[],2019-02-11 13:52:48,1.965e-05,0.00000141,0.000000000051260408999999996,6634348,2019-02-11 13:52:48,btc,0.44312398,0.40547143,0.00000141,btc,0.00011151,0.0,0.24041898,12
0.0,[],25,[],2019-02-11 13:52:50,0.0,0,0,6634349,2019-02-11 13:52:50,,0.0,0.0,0.0,btc,0.0,0.0,0.0,12
1,[],4,[],2019-02-11 13:52:51,1294586.51921769,0.00000606,0.00000000022031069399999999,6634350,2019-02-11 13:52:51,btc,0.867412110991669,0.0,0.00000606,btc,124650.34898852,0.64944906,1.1953108388954523,13
1,[],21,[],2019-02-11 13:52:55,682057.37549665,0.000006129999999999999754369661015,0.00000000022285553699999997,6634351,2019-02-11 13:52:55,btc,3.5872889035519657,1021280.35290047,0.0000061299999999999997543696610147190284578755381517112255096435546875,btc,513911.7249722,6.39013725,3.696866536936681,13
1,[],10,[],2019-02-11 13:45:37,442236.24127596,0.00000578,0.000000000210071788,6634144,2019-02-11 13:45:37,btc,666806.4982691738,7132.81747179,0.00000578,btc,756812.05103669,0.0,0.3529565008583304,13
1,[],4,[],2019-02-11 13:52:56,1074359.51986261,0.00000139,0.000000000050533311,6634352,2019-02-11 13:52:56,btc,0.1519229793878421,0.0,0.00000139,btc,83611.28982019,0.01459647,0.4694048465528554,14
1,[],12,[],2019-02-11 13:52:57,87862.2231405,0.000001230000000000000081983031474663903281907550990581512451171875,0.000000000044716527,6634353,2019-02-11 13:52:57,btc,1.7674743551359335,0.0,0.000001230000000000000081983031474663903281907550990581512451171875,btc,29139.33636749,6.758514486e-05,0.009419910000005,14
0,[],17,[],2019-02-11 13:52:59,0.0,0,0,6634354,2019-02-11 13:52:59,btc,0.0,0.0,0,btc,0.0,0.0,0.0,14
1,[],26,[],2019-02-11 13:52:59,0.0,0.00000050,0.00000000001817745,6634355,2019-02-11 13:52:59,btc,0.0,0.0,0.00000050,btc,0.0,0.0,0.0,14
0,[],4,[],2019-02-11 13:53:00,0.0,0,0,6634356,2019-02-11 13:53:00,,0.0,0.0,0,,0.0,0.0,0.0,15
,[],12,[],2018-12-01 15:15:48,204241.84496,0.00000489,0.000000000202473384,5260204,2018-12-01 15:15:48,btc,49.5475654835,0.0,,btc,35763.2193806,0.0163153972027625,0.0203389899998,15
0,[],2,[],2019-01-20 23:23:38,0.0,0,0,6476906,2019-01-20 23:23:38,,0.0,0.0,0,,0.0,0.0,0.0,18
1,[],4,[],2019-02-11 13:53:02,23776.10118601,0.00001839,0.0000000006685666109999999,6634357,2019-02-11 13:53:02,btc,2.2774069295126718,0.0,0.00001839,btc,10560.85375118,0.00987194,0.0443381595806046,18
1,[],10,[],2019-02-11 13:53:04,789472.16859182,0.0000184,0.00000000066893016,6634358,2019-02-11 13:53:04,btc,15.535145887664193,329.93743233,0.0000184,btc,10411.1151162,0.0,0.3044831544258704,18
1,[],12,[],2019-02-11 13:53:05,204910.21872898,0.0000178100000000000005810803227479510724151623435318470001220703125,0.000000000647480769,6634359,2019-02-11 13:53:05,btc,11.6620354447359,0.0,0.0000178100000000000005810803227479510724151623435318470001220703125,btc,1820.20048902,3.73888294904e-05,0.045281944918626,18
0,[],17,[],2019-02-11 13:53:08,0.0,0,0,6634360,2019-02-11 13:53:08,btc,0.0,0.0,0,btc,0.0,0.0,0.0,18
1,[],3,[],2019-02-11 13:53:08,129572.55099685682,0.0000220500000000000006433222010659989109626621939241886138916015625,0.000000000801625545,6634361,2019-02-11 13:53:08,btc,0.4672449630434957,0.0,0.0000220500000000000006433222010659989109626621939241886138916015625,btc,5018.393100515442,0.0,0.09780622493169126,19
1,[],4,[],2019-02-11 13:53:09,236005.74695999,0.00002863,0.0000000010408407869999999,6634362,2019-02-11 13:53:09,btc,0.2917089433028014,0.0,0.00002863,btc,9250.5450088,0.54398592,2.998950506086589,19
1,[],5,[],2019-02-11 13:53:11,0.000219,0.00002515,0.000000000914325735,6634363,2019-02-11 13:53:11,btc,0.2295901,0.00021616,0.00002515,btc,0.00292714,0.0,0.07513903,19
1,[],12,[],2019-02-11 13:53:12,134819.81970647,0.00002279000000000000033455009595950713219281169585883617401123046875,0.000000000828528171,6634364,2019-02-11 13:53:12,btc,0.030348627005227,0.0,0.00002279000000000000033455009595950713219281169585883617401123046875,btc,313.64095945,0.0013331599999996,0.0318352211104513,19
0,[],2,[],2019-01-20 23:24:19,0.0,0,0,6476924,2019-01-20 23:24:19,,0.0,0.0,0,,0.0,0.0,0.0,19
0,[],27,[],2019-02-11 13:53:15,0.0,0,0,6634365,2019-02-11 13:53:15,,0.0,0.0,0,btc,0.0,0.0,0.0,19
1,[],4,[],2019-02-11 13:53:15,8104105.2040485,0.00000015,0.0000000000054532349999999994,6634366,2019-02-11 13:53:15,btc,0.7687784087825957,0.0,0.00000015,btc,1574056.40843545,0.0060426,0.2634953332083667,20
1,[],4,[],2019-02-11 13:53:16,112794070.437557,0.00000002,0.000000000000727098,6634367,2019-02-11 13:53:16,btc,0.6078677429510098,0.0,0.00000002,btc,16635650.14575441,0.0074933,1.3240486129609803,21
1,[],12,[],2019-02-11 13:53:17,17619837.0,0.00000002,0.000000000000727098,6634368,2019-02-11 13:53:17,btc,669.7258355491022,0.0,0.00000002,btc,8580204.84915351,0.0276,0.22543702000000002,21
0,[],17,[],2019-02-11 13:53:19,0.0,0,0,6634369,2019-02-11 13:53:19,btc,0.0,0.0,0,btc,0.0,0.0,0.0,21
1,[],12,[],2019-02-11 13:46:04,2907081205.043896,0.0000000002,0.00000000000000726892,6634164,2019-02-11 13:46:04,btc,825864718656.4697,0.0,0.0000000002,btc,4294303288.9492536,0.009606712232767562,0.3341036414555898,23
0,[],27,[],2019-02-11 13:46:06,0.0,0,0,6634165,2019-02-11 13:46:06,,0.7240921565934114,0.0,0,eth,727098.85514486,0.0,0.0,23
1,[],4,[],2019-02-11 13:53:20,376691.24692933,0.00000069,0.000000000025084881,6634370,2019-02-11 13:53:20,btc,0.1470732974238697,0.0,0.00000069,btc,131350.83260025,0.02534112,0.1894867175568806,24
1,[],22,[],2019-02-11 13:53:23,11.76,0.00000100,0.0000000000363549,6634371,2019-02-11 13:53:23,BTC,7.415e-05,0.0,0.00000100,BTC,23.919354838709676,0.0,1.176e-05,24
0.0,[],25,[],2019-02-11 13:53:24,0.0,0,0,6634372,2019-02-11 13:53:24,,0.0,0.0,0.0,btc,0.0,0.0,0.0,24
1,[],4,[],2019-02-11 13:53:25,27835113.92361474,0.00000623,0.000000000226491027,6634373,2019-02-11 13:53:25,btc,0.4284023767795595,0.0,0.00000623,btc,35634.94984456,0.07313623,0.4187905385221552,26
1,[],10,[],2019-02-11 13:53:27,730947.4321827,0.00000601,0.000000000218492949,6634374,2019-02-11 13:53:27,btc,25.915558073199698,0.0,0.00000601,btc,13164.47848257,0.0,0.213205382896882,26
0,[],2,[],2019-01-20 23:25:56,0.0,0,0,6476976,2019-01-20 23:25:56,,0.0,0.0,0,,0.0,0.0,0.0,26
1,[],3,[],2019-02-11 13:53:28,6073701.94941962,0.00000001,0.000000000000363549,6634375,2019-02-11 13:53:28,btc,2.5185109726117756,5227.78943181,0.00000001,btc,16485730.49773268,0.0,0.06073701949419621,27
1,[],5,[],2019-02-11 13:53:29,1e-08,0.00000001,0.000000000000363549,6634376,2019-02-11 13:53:29,btc,1.55061482,0.00029891,0.00000001,btc,4.577e-05,0.0,0.11923465,27
1,[],11,[],2019-02-11 13:53:31,10064996.7912115,0.00000005,0.000000000001817745,6634377,2019-02-11 13:53:31,btc,370.63310344475406,219.9,0.00000005,btc,8170877.7193934005,0.0,0.4661206184459823,27
1,[],4,[],2019-02-11 13:53:32,528325746.1017529,0.00000002,0.000000000000727098,6634378,2019-02-11 13:53:32,btc,0.22745876382296945,0.0,0.00000002,"btc,ltc",27507305.24502891,0.30166304,7.158653326628167,29
1,[],7,[],2019-02-11 13:53:33,29035416.775896247,0.00000002,0.000000000000727098,6634379,2019-02-11 13:53:33,btc,44465207.12791258,16946.2258741,0.00000002,btc,52568751.44936652,0.0,0.4259103721086603,29
1,[],4,[],2019-02-11 13:53:34,1594132.70932483,0.00000029,0.000000000010542921,6634380,2019-02-11 13:53:34,btc,0.2127658138389363,0.0,0.00000029,btc,431752.76866774,0.00492781,0.1400341456167115,30
0,[],17,[],2019-02-11 13:53:36,0.0,0,0,6634381,2019-02-11 13:53:36,btc,0.0,0.0,0,btc,0.0,0.0,0.0,30
1,[],4,[],2019-02-11 13:53:37,1759666.2732665,0.00006293,0.000000002287813857,6634382,2019-02-11 13:53:37,btc,0.8923633100751402,0.0,0.00006293,btc,10972.50705531,1.14657554,2.436227985023941,31
1,[],21,[],2019-02-11 13:53:38,71899.54537605,0.00006407000000000000151587076225,0.000000002329258443,6634383,2019-02-11 13:53:38,btc,1.728636468815592,87087.54120284,0.0000640700000000000015158707622475731113809160888195037841796875,btc,24208.51880338,5.59279211,4.289629183207213,31
0,[],2,[],2019-01-20 23:28:43,0.0,0,0,6477009,2019-01-20 23:28:43,,0.0,0.0,0,,0.0,0.0,0.0,32
1,[],4,[],2019-02-11 13:53:39,133998796.19095996,0.00000004,0.000000000001454196,6634384,2019-02-11 13:53:39,btc,2.1632368976568865,0.0,0.00000004,"btc,ltc",47009510.37027589,0.32438939,1.8729890756432346,33
1,[],12,[],2019-02-11 13:53:40,12141532.0,0.00000005,0.000000000001817745,6634385,2019-02-11 13:53:40,btc,34509089.7047086,0.0,0.00000005,btc,89774925.91408575,0.0912199899600398,0.37099082,33
1,[],4,[],2019-02-11 13:53:41,120046705.42615794,0.00000002,0.000000000000727098,6634386,2019-02-11 13:53:41,btc,0.7469577285911442,0.0,0.00000002,btc,24898590.95303814,0.09869895,1.2256105402915793,34
1,[],5,[],2019-02-11 13:53:42,3e-08,0.00000002,0.000000000000727098,6634387,2019-02-11 13:53:42,btc,4.21606572,0.03625991,0.00000002,btc,1.394e-05,0.0,0.77441951,34
0.0000000001215281,[],4,[],2019-02-11 13:53:43,735268111.39584,3.645843e-18,1.325442576807e-22,6634388,2019-02-11 13:53:43,ltc,1.061530563887919e-08,0.0,0.00000003,ltc,1859712594.8015532,0.0,1.4298741622725305e-09,36
1,[],5,[],2019-02-11 13:53:45,0.0,0,0,6634389,2019-02-11 13:53:45,btc,197.40695613,0.0,0,btc,1.325e-05,0.0,0.0,36
0,[],17,[],2019-02-11 13:53:46,0.0,0,0,6634390,2019-02-11 13:53:46,btc,0.07464582793742235,0.0,0,btc,4105386.20243647,0.0,0.0,36
0.0000000001215281,[],27,[],2019-02-11 13:53:48,1000000.0,2.430562e-18,8.836283845379999e-23,6634391,2019-02-11 13:53:48,ltc,252.8263276744,0.0,0.00000002,"ltc,eth",3711879.06,0.0,2.430562e-12,36
1,[],4,[],2019-02-11 13:46:43,279971.83454523,0.00000130,0.00000000004724798,6634188,2019-02-11 13:46:43,btc,0.5604955712845737,0.0,0.00000130,btc,338195.02527392,0.15144305,0.1809747021150339,37
1,[],12,[],2019-02-11 13:46:44,413476.88686378,0.000001340000000000000087593235616190145975679115508683025836944580078125,0.00000000004870176400000001,6634189,2019-02-11 13:46:44,btc,1341.2738646288321,0.0,0.000001340000000000000087593235616190145975679115508683025836944580078125,btc,741473.92490773,0.1109644318614902,0.2049749733333435,37
1,[],17,[],2019-02-11 13:46:47,1752.74075282,0.00000025,0.00000000000908615,6634190,2019-02-11 13:46:47,btc,0.055484923980360555,0.0,0.00000025,btc,1387.19918473,0.0,0.00043818518820499993,37
1,[],27,[],2019-02-11 13:46:49,16422.0,0.00000052,0.000000000018899192,6634191,2019-02-11 13:46:49,btc,51.75602025030353,0.0,0.00000052,btc,29579.81438508,0.0,0.00569662,37
1,[],5,[],2019-02-11 13:53:50,1.708e-05,0.00000094,0.000000000034173606,6634392,2019-02-11 13:53:50,btc,0.09168357,0.1034852,0.00000094,btc,8.59e-05,0.0,0.04645519,42
1,[],12,[],2019-02-11 13:53:52,136173.04476499,0.000001039999999999999995289683661636725986454621306620538234710693359375,0.000000000037809096,6634393,2019-02-11 13:53:52,btc,96.34674962291173,0.0,0.000001039999999999999995289683661636725986454621306620538234710693359375,btc,101354.44997005,0.0286434494898683,0.0550279499999912,42
0,[],27,[],2019-02-11 13:53:54,0.0,0,0,6634394,2019-02-11 13:53:54,,0.00315028,0.0,0,"btc,eth",11.007,0.0,0.0,42
1,[],5,[],2019-02-11 13:53:55,6e-08,0.00000003,0.0000000000010906469999999999,6634395,2019-02-11 13:53:55,btc,6.25851383,0.00051975,0.00000003,btc,1.425e-05,0.0,0.56206184,43
1,[],12,[],2019-02-11 13:53:57,3951767.903,0.00000002,0.000000000000727098,6634396,2019-02-11 13:53:57,btc,20007456.492498808,0.0,0.00000002,btc,38967629.19920079,0.0011536066733267,0.03951772806,43
0,[],17,[],2019-02-11 13:53:58,0.0,0,0,6634397,2019-02-11 13:53:58,btc,0.0,0.0,0,btc,0.0,0.0,0.0,43
1,[],12,[],2019-02-11 13:54:00,760915.0,0.00000005,0.000000000001817745,6634398,2019-02-11 13:54:00,btc,11115166.91779671,0.0,0.00000005,btc,1021507.64235763,0.0029501000899094,0.02130255,44
1,[],4,[],2019-02-11 13:54:01,225350315.67902157,0.00000002,0.000000000000727098,6634399,2019-02-11 13:54:01,btc,0.18891612616083175,0.0,0.00000002,"btc,ltc",4488908.78819572,0.00403808,0.42910187652146037,49
0.0000000001215281,[],4,[],2019-02-11 13:54:02,2632102349.9357986,1.215281e-18,4.4181419226899997e-23,6634400,2019-02-11 13:54:02,ltc,4.645173507538352,0.0,0.00000001,ltc,3085005624.009269,0.0,3.1987439759323278e-09,52
0,[],22,[],2019-02-11 09:44:56,0.0,0,0,6632671,2019-02-11 09:44:56,,3935.19376955,0.0,0,,263411682.90882352,0.0,0.0,57
0,[],27,[],2019-02-11 09:44:58,0.0,0,0,6632672,2019-02-11 09:44:58,,0.0,0.0,0,"btc,eth",0.0,0.0,0.0,57
0.0000000001215281,[],4,[],2019-02-11 13:54:03,1191519336.688359,6.076405e-18,2.209070961345e-22,6634401,2019-02-11 13:54:03,ltc,3.279408607774721,0.0,0.00000005,ltc,929409188.3217124,0.00023558,3.750396420389114e-09,58
1,[],12,[],2019-02-11 13:54:05,1934860590.843957,0.0000000005,0.00000000000001817745,6634402,2019-02-11 13:54:05,btc,224005489717.17603,0.0,0.0000000005,btc,3712560653.3799253,0.009340629179820162,0.6824828911011391,58
0,[],17,[],2019-02-11 13:54:07,0.0,0,0,6634403,2019-02-11 13:54:07,btc,1e+24,0.0,0,btc,41481695.95832568,0.0,0.0,58
0.0000000001290445,[],22,[],2019-02-11 13:54:10,137438.0,1.290445e-18,4.6913998930499995e-23,6634404,2019-02-11 13:54:10,XMR,69.8835922,0.0,0.00000001,XMR,9887963.0,0.0,0.00137438,58
1,[],5,[],2019-02-11 13:54:12,1.309e-05,0.00000078,0.000000000028356822,6634405,2019-02-11 13:54:12,btc,0.21836683,0.01759359,0.00000078,btc,0.00011376,0.0,0.06969985,61
1,[],22,[],2019-02-11 13:54:16,5149.5,0.00000011,0.000000000003999039,6634406,2019-02-11 13:54:16,BTC,1002.29598212,0.0,0.00000011,BTC,14957.700278135757,0.0,0.00051596,61
1,[],26,[],2019-02-11 13:54:16,0.0,0.00000800,0.0000000002908392,6634407,2019-02-11 13:54:16,btc,0.0,0.0,0.00000800,btc,0.0,0.0,0.0,61
1,[],27,[],2019-02-11 13:54:18,12554.3559,0.00000059,0.000000000021449390999999998,6634408,2019-02-11 13:54:18,btc,10.764440334806674,471.78870423,0.00000059,"btc,eth",15310.44146575,0.00094358,0.0013863899827649085,61
1,[],28,[],2019-02-11 13:54:20,19904.304,0.00000101,0.000000000036718449,6634409,2019-02-11 13:54:20,btc,2.056400593700105,709.0,0.00000101,btc,9787.52450005,0.0,0.00994531304,61
1,[],4,[],2019-02-11 13:47:18,468465.98336892,0.00000255,0.00000000009267873,6634210,2019-02-11 13:47:18,btc,1.0743218226856628,0.0,0.00000255,btc,270592.45438741,0.12092189,0.7202515841822665,67
0.0,[],25,[],2019-02-11 13:47:19,0.0,0,0,6634211,2019-02-11 13:47:19,,0.0,0.0,0.0,btc,0.0,0.0,0.0,67
1,[],12,[],2019-02-11 13:54:21,2760925.99236388,0.00000028,0.000000000010179372,6634410,2019-02-11 13:54:21,btc,11115896.505495764,0.0,0.00000028,btc,1898193.65813487,0.0234958612287842,0.10745815553201819,71
,[],5,[],2018-11-20 23:02:39,1.5e-07,0.00000005,0.000000000002128045,4862160,2018-11-20 23:02:39,btc,2.84511358,0.0,,btc,0.00036572,0.0,0.07381892,74
1,[],5,[],2019-01-25 15:53:51,3.303e-05,0.00000156,0.000000000055588884,6499610,2019-01-25 15:53:51,btc,1.42844212,0.0,0.00000156,btc,0.00015937,0.0,0.49487621,75
1,[],4,[],2019-02-11 13:54:22,52520453.16892337,0.00000001,0.000000000000363549,6634411,2019-02-11 13:54:22,btc,0.7679829385714513,0.0,0.00000001,btc,14662066.58791845,0.0,0.5252045316892336,81
0,[],20,[],2019-01-25 09:30:31,0.0,0,0,6495923,2019-01-25 09:30:31,btc,0.0,0.0,0,btc,0.0,0.0,0.0,81
1,[],4,[],2019-02-11 13:47:23,23859.69744394,0.00007411,0.000000002693498306,6634214,2019-02-11 13:47:23,btc,0.8927003903995093,0.0,0.00007411,btc,8038.88523082,0.00785901,0.0919104005604226,82
1,[],21,[],2019-02-11 13:47:24,65714.29275795,0.00007511999999999999905707370740,0.000000002730206352,6634215,2019-02-11 13:47:24,btc,3.4340114015139074,2979.06118989,0.00007511999999999999905707370739804673576145432889461517333984375,btc,39899.95749042,0.22433774,3.0146148369390278,82
0,[],17,[],2019-02-07 10:02:39,0.0,0,0,6611495,2019-02-07 10:02:39,btc,0.0447233088476774,0.0,0,btc,999127.19588126,0.0,0.0,84
0.0000000001215281,[],4,[],2019-02-11 13:54:24,152982679.76589486,1.0937529e-17,3.9763277304209997e-22,6634412,2019-02-11 13:54:24,ltc,0.19569063247222157,0.0,0.00000009,ltc,74402018.58220981,0.0,7.439980236140924e-10,85
,[],22,[],2018-11-20 23:09:34,3408.1,0.0000001,0.0000000000041895,4862324,2018-11-20 23:09:34,BTC,0.04624735,0.0,,BTC,4990.0,0.0,0.00033081,86
0,[],22,[],2019-02-11 13:54:27,0.0,0,0,6634413,2019-02-11 13:54:27,,2.0760781,0.0,0,,140622.94736842104,0.0,0.0,87
0,[],27,[],2019-02-11 13:54:28,0.0,0,0,6634414,2019-02-11 13:54:28,,0.0,0.0,0,btc,0.0,0.0,0.0,87
,[],2,[],2018-11-20 23:10:47,0.0,0,0,4862359,2018-11-20 23:10:47,,0.0,0.0,,,0.0,0.0,0.0,88
1,[],11,[],2019-02-11 13:54:30,94490.61517309,0.00015311999999999999764500879795292576091014780104160308837890625,0.000000005566662288,6634415,2019-02-11 13:54:30,btc,702.3300844087362,1328.65617264,0.00015311999999999999764500879795292576091014780104160308837890625,btc,187553.21254861,0.0,6.2593792331998666,89
0,[],2,[],2019-01-20 23:31:45,0.0,0,0,6477083,2019-01-20 23:31:45,,0.0,0.0,0,,0.0,0.0,0.0,91
1,[],12,[],2019-02-11 13:47:32,437960.33682877,0.000003019999999999999884515121395534009707262157462537288665771484375,0.000000000109760692,6634220,2019-02-11 13:47:32,btc,1115.1226716710362,0.0,0.000003019999999999999884515121395534009707262157462537288665771484375,btc,41720.28046543,0.0086842655559191,0.0662389005708671,91
0,[],17,[],2019-02-11 13:47:34,0.0,0,0,6634221,2019-02-11 13:47:34,btc,0.0,0.0,0,btc,0.0,0.0,0.0,91
0.0000000001215281,[],22,[],2019-02-11 13:54:34,23303133.4,6.076405e-18,2.209070961345e-22,6634416,2019-02-11 13:54:34,LTC,8.17576354,0.0,0.00000005,LTC,67492261.1,5.4725124266040004e-12,0.89647531,95
1,[],4,[],2019-02-11 13:54:34,133243698.27815954,0.00000001,0.000000000000363549,6634417,2019-02-11 13:54:34,btc,0.9542200030802354,0.0,0.00000001,"btc,ltc",47551549.35690987,0.00738338,0.014444746443250809,96
1,[],12,[],2019-02-11 13:54:35,759866.0,0.00000001,0.000000000000363549,6634418,2019-02-11 13:54:35,btc,255063.4736351099,0.0,0.00000001,btc,8812348.54676297,0.00066162992008,0.00759866,96
0,[],17,[],2019-02-11 13:54:36,0.0,0,0,6634419,2019-02-11 13:54:36,btc,0.0,0.0,0,btc,0.0,0.0,0.0,96
1,[],4,[],2019-02-11 13:54:37,1856064.34385383,0.00000032,0.000000000011633568,6634420,2019-02-11 13:54:37,btc,0.117690094886433,0.0,0.00000032,btc,264549.57269709,0.00667744,0.2372209444978222,99
0,[],2,[],2019-01-20 23:23:55,0.0,0,0,6476914,2019-01-20 23:23:55,,0.0,0.0,0,,0.0,0.0,0.0,100
1,[],4,[],2019-02-11 13:54:38,218950.8231784,0.00004010,0.00000000145783149,6634421,2019-02-11 13:54:38,btc,1.1943256634474495,0.0,0.00004010,btc,26878.18996271,1.1449972,1.5165255562037434,100
1,[],22,[],2019-02-11 13:54:42,50000.0,0.00000001,0.000000000000363549,6634422,2019-02-11 13:54:42,BTC,23.50383609,0.0,0.00000001,BTC,11277.22,0.0,0.0005,101
1,[],4,[],2019-02-11 13:54:42,116242.81229739,0.00000102,0.000000000037081998,6634423,2019-02-11 13:54:42,btc,0.4222977729196116,0.0,0.00000102,btc,159639.94787546,0.02012587,0.0662762133050913,103
1,[],12,[],2019-02-11 13:54:45,53432041.4663887,0.000000016,0.0000000000005816784,6634424,2019-02-11 13:54:45,btc,137278794.72235006,0.0,0.000000016,btc,130995228.57586475,0.04094033132068014,0.3238148424622192,105
1,[],27,[],2019-02-11 13:54:47,4209342.89,0.00000001,0.000000000000363549,6634425,2019-02-11 13:54:47,btc,1.62008275136923,0.0,0.00000001,btc,575169.42860553,0.0,0.0420934289,105
0,[],22,[],2019-02-11 13:54:49,0.0,0,0,6634426,2019-02-11 13:54:49,,1.07253299,0.0,0,,94300.0,0.0,0.0,107
1,[],26,[],2019-02-11 13:54:49,0.0,0.00000000,0,6634427,2019-02-11 13:54:49,btc,0.0,0.0,0.00000000,btc,0.0,0.0,0.0,107
1,[],5,[],2019-02-11 13:54:51,1e-08,0.00000001,0.000000000000363549,6634428,2019-02-11 13:54:51,btc,2.8934074,0.01508694,0.00000001,btc,1.571e-05,0.0,0.08636521,112
1,[],22,[],2019-02-11 13:54:55,189099.0,0.00000002,0.000000000000727098,6634429,2019-02-11 13:54:55,BTC,2.81183288,0.0,0.00000002,BTC,808524.0833333334,0.0,0.00189105,112
0.0000000003348337,[],27,[],2019-02-11 13:54:57,500000.0,3.3483369999999998e-18,1.2172845680129998e-22,6634430,2019-02-11 13:54:57,eth,1.35132491849924,0.0,0.00000001,"btc,eth",1328.641654,0.0,1.6741684999999999e-12,112
1,[],4,[],2019-02-11 13:54:58,453987.54866053,0.00000325,0.000000000118153425,6634431,2019-02-11 13:54:58,btc,0.2588059665614041,0.0,0.00000325,btc,59338.13633947,0.08512269,0.2214587774354202,113
1,[],5,[],2019-02-11 13:55:00,1.222e-05,0.00000310,0.00000000011270018999999999,6634432,2019-02-11 13:55:00,btc,0.88267836,0.0,0.00000310,btc,0.00160639,0.0,0.19937741,113
1,[],17,[],2019-02-11 13:55:02,172038.724,0.00000004,0.000000000001454196,6634433,2019-02-11 13:55:02,btc,1.3373630274576767,0.0001,0.00000004,btc,60896.221,0.0,0.0029815489599999997,116
0,[],27,[],2019-02-11 13:55:04,0.0,0,0,6634434,2019-02-11 13:55:04,,0.0,0.0,0,btc,0.0,0.0,0.0,116
1,[],4,[],2019-02-11 13:55:05,29578.25878768,0.00002791,0.000000001014665259,6634435,2019-02-11 13:55:05,btc,0.7824132920914345,0.0,0.00002791,btc,23777.09113168,4.7753181,0.6978610552328457,120
1,[],7,[],2019-02-11 13:55:07,6396.06671214,0.0000298799999999999985208186392693363586658961139619350433349609375,0.000000001086284412,6634436,2019-02-11 13:55:07,btc,115647.2919986346,176.55978312,0.0000298799999999999985208186392693363586658961139619350433349609375,btc,29578.55846259,0.00617054,0.0574061325482506,120
1,[],20,[],2019-02-11 13:48:23,1094534.6666,0.000000014,0.0000000000005088244000000001,6634243,2019-02-11 13:48:23,btc,33.8688445501599,0.0,0.000000014,btc,1142782.3764,0.0,0.0052806482171,125
1,[],22,[],2019-02-11 13:55:12,3053.0,0.00000001,0.000000000000363549,6634437,2019-02-11 13:55:12,BTC,0.01444889,0.0,0.00000001,BTC,296264.5111111111,0.0,3.053e-05,126
0,[],2,[],2019-01-20 23:25:46,0.0,0,0,6476969,2019-01-20 23:25:46,,0.0,0.0,0,,0.0,0.0,0.0,131
1,[],4,[],2019-02-11 13:55:13,134178.4947948,0.00001432,0.000000000520602168,6634438,2019-02-11 13:55:13,btc,0.6643261952956057,0.0,0.00001432,btc,35987.28751146,0.14787537,0.5110424782916756,131
0,[],17,[],2019-02-11 13:55:15,0.0,0,0,6634439,2019-02-11 13:55:15,btc,0.0009561751951600001,0.0,0,btc,35.42829368,0.0,0.0,131
1,[],4,[],2019-02-11 13:55:15,4618.72218179,0.00016014,0.000000005821873686,6634440,2019-02-11 13:55:15,btc,1.6397450704738545,0.0,0.00016014,btc,295.92689166,0.0,0.0082576416574413,135
1,[],3,[],2019-02-11 13:55:16,1878994.19227397,0.00000006,0.0000000000021812939999999998,6634441,2019-02-11 13:55:16,btc,0.12396011445949519,12050.0,0.00000006,btc,428123.58715515,0.0,0.0706232194414789,136
1,[],4,[],2019-02-11 13:55:17,46531.78183518,0.00000171,0.00000000006216687899999999,6634442,2019-02-11 13:55:17,btc,0.0634914669398704,0.0,0.00000171,btc,30203.49389425,0.06731472,0.0482708269249587,137
1,[],12,[],2019-02-11 13:55:18,308749.70004691,0.00000176000000000000008976326626441988310034503228962421417236328125,0.000000000063984624,6634443,2019-02-11 13:55:18,btc,11982.945784273128,0.0,0.00000176000000000000008976326626441988310034503228962421417236328125,btc,157860.23843048,0.0601323701593033,0.048337516940894,137
1,[],20,[],2019-02-11 13:48:40,140244.195,0.00003003,0.000000001091428338,6634254,2019-02-11 13:48:40,btc,0.436609336007,9391.2141,0.00003003,btc,3765.8395,0.7502470477278,0.3077749215478,142
1,[],4,[],2019-02-11 13:55:19,3667.49686985,0.00005754,0.000000002091860946,6634444,2019-02-11 13:55:19,btc,1.2059955956641708,0.0,0.00005754,btc,16704.34584971,2.45707099,0.1780144625384205,142
1,[],5,[],2019-02-11 13:55:20,0.00197938,0.00006001,0.000000002181657549,6634445,2019-02-11 13:55:20,btc,1.84994072,2.19598596,0.00006001,btc,0.00369097,0.0,1.53326936,142
1,[],17,[],2019-02-11 13:55:22,22967.386363640002,0.00000088,0.000000000031992312,6634446,2019-02-11 13:55:22,btc,20.069913352581004,0.0,0.00000088,btc,2746.079105,0.0,0.0104613000000032,142
1,[],22,[],2019-02-11 13:55:27,1621.4,0.00001020,0.00000000037081998,6634447,2019-02-11 13:55:27,BTC,3.0087007,0.0,0.00001020,BTC,897.0985020382753,0.0,0.00189903,142
0.0,[],25,[],2019-02-11 13:55:28,0.0,0,0,6634448,2019-02-11 13:55:28,,0.0,0.0,0.0,btc,0.0,0.0,0.0,142
1,[],28,[],2019-02-11 13:55:30,78053.0,0.00004500,0.0000000016359704999999998,6634449,2019-02-11 13:55:30,btc,0.048809112,2396.3746,0.00004500,btc,249.5089,0.0,0.0602872,142
0,[],22,[],2019-02-11 13:55:33,0.0,0,0,6634450,2019-02-11 13:55:33,,68.47299197,0.0,0,,888990225.8,0.0,0.0,143
1,[],21,[],2019-02-11 13:55:35,47917433.25739411,0.00000028,0.000000000010179372,6634451,2019-02-11 13:55:35,btc,40.63075124571982,8195523.98006643,0.00000028,btc,78247489.17364804,2.37941703,8.474455479370903,145
0,[],22,[],2019-02-10 17:04:30,0.0,0,0,6625727,2019-02-10 17:04:30,,4.25427726,0.0,0,,2259598.0,0.0,0.0,146
,[],22,[],2018-11-20 23:01:11,0.0,0,0,4862114,2018-11-20 23:01:11,,2.56807021,0.0,,,61828.4988236,0.0,0.0,147
1,[],12,[],2019-02-11 13:48:56,8679618.78416469,0.0000030800000000000001570857159627347954256038065068423748016357421875,0.000000000111941368,6634260,2019-02-11 13:48:56,btc,16.563093578597744,0.0,0.0000030800000000000001570857159627347954256038065068423748016357421875,btc,122138.71584867,0.038676543489881,0.11020003000003391,148
1,[],4,[],2019-02-11 13:55:36,392027.01411087,0.00000045,0.000000000016359705,6634452,2019-02-11 13:55:36,btc,0.7853873559338292,0.0,0.00000045,btc,586983.44659021,0.00092332,0.1177041520288092,152
0,[],22,[],2019-02-11 13:55:39,0.0,0,0,6634453,2019-02-11 13:55:39,,0.0,0.0,0,,0.0,0.0,0.0,152
1,[],5,[],2019-02-11 13:55:41,0.0,0,0,6634454,2019-02-11 13:55:41,btc,4.35601725,0.0,0,btc,0.0021126,0.0,0.0,153
,[],16,[],2019-01-11 15:38:59,0.0,0,0,6366141,2019-01-11 15:38:59,btc,0.0,0.0,,btc,0.0,0.0,0.0,155
0,[],23,[],2019-01-20 23:24:29,0.0,0,0,6476932,2019-01-20 23:24:29,,0.0,0.0,0,,0.0,0.0,0.0,156
0,[],22,[],2019-02-11 13:55:44,0.0,0,0,6634455,2019-02-11 13:55:44,,6.74578916,0.0,0,,4614557.242592593,0.0,0.0,156
1,[],22,[],2019-02-11 13:55:48,7906.0,0.00000801,0.000000000291202749,6634456,2019-02-11 13:55:48,BTC,43.78801181,0.0,0.00000801,BTC,1067.5805334758436,0.0,0.00743836,157
0,[],22,[],2019-02-11 13:55:51,0.0,0,0,6634457,2019-02-11 13:55:51,,50175.67558609,0.0,0,,54029136.04179466,0.0,0.0,158
,[],17,[],2018-11-20 22:56:10,0.0,0,0,4861976,2018-11-20 22:56:10,btc,1.1265625,0.0,,btc,1000.0,0.0,0.0,159
,[],20,[],2018-11-20 22:56:12,0.0,0,0,4861977,2018-11-20 22:56:12,btc,11912.7940471,0.0,,btc,34413894.3617,0.0,0.0,159
1,[],12,[],2019-02-11 13:55:52,186578.51111911,0.00000743999999999999991743583616088386634146445430815219879150390625,0.000000000270480456,6634458,2019-02-11 13:55:52,btc,6.663241455258167,0.0,0.00000743999999999999991743583616088386634146445430815219879150390625,btc,14905.950160460001,0.0020761049,0.0893546104999914,168
1,[],17,[],2019-02-11 13:55:54,29784.95,0.000001,0.000000000036354899999999994,6634459,2019-02-11 13:55:54,btc,0.03026736251542,0.0,0.000001,btc,144.46171372,0.0,0.00716147,168
0,[],22,[],2019-02-11 13:55:56,0.0,0,0,6634460,2019-02-11 13:55:56,,1.14776715,0.0,0,,721548.0900917595,0.0,0.0,169
1,[],22,[],2019-02-11 13:56:00,245000.0,0.00000011,0.000000000003999039,6634461,2019-02-11 13:56:00,BTC,11.41019449,0.0,0.00000011,BTC,133310.7783789489,5.21e-06,0.0224,171
1,[],22,[],2019-02-11 13:56:05,230377.04554865425,0.00000023,0.000000000008361627,6634462,2019-02-11 13:56:05,BTC,2.6545697,0.0,0.00000023,BTC,236144.02370514462,0.00234255,0.01861125,173
1,[],5,[],2019-02-11 13:56:06,1.727e-05,0.00000314,0.000000000114154386,6634463,2019-02-11 13:56:06,btc,0.32405994,0.02138362,0.00000314,btc,0.00028286,0.0,0.69341984,175
1,[],22,[],2019-02-11 13:56:21,48834.52380952381,0.00000062,0.000000000022540038,6634464,2019-02-11 13:56:21,BTC,0.50041593,0.0,0.00000062,BTC,127686.46882822087,0.0,0.01774008,176
1,[],7,[],2019-02-11 13:49:40,0.0,0,0,6634274,2019-02-11 13:49:40,btc,410973.9169089935,0.0,0,btc,115465110.28145695,0.0,0.0,178
0,[],22,[],2019-02-11 13:49:42,0.0,0,0,6634275,2019-02-11 13:49:42,,1.00242428,0.0,0,,57512.0,0.0,0.0,178
0,[],2,[],2019-01-20 23:28:34,0.0,0,0,6477001,2019-01-20 23:28:34,,0.0,0.0,0,,0.0,0.0,0.0,178
1,[],5,[],2019-02-11 13:49:44,3e-08,0.00000002,0.000000000000726892,6634276,2019-02-11 13:49:44,btc,26.32863596,0.00611644,0.00000002,btc,2.088e-05,0.0,0.93615638,179
1,[],22,[],2019-02-11 13:49:48,7820284.0,0.00000002,0.000000000000726892,6634277,2019-02-11 13:49:48,BTC,5.48293504,0.0,0.00000002,"BTC,LTC",17867921.468656633,0.0,0.38366552,179
0,[],23,[],2019-01-20 23:25:08,0.0,0,0,6476952,2019-01-20 23:25:08,,0.0,0.0,0,,0.0,0.0,0.0,179
1,[],17,[],2019-02-11 13:56:24,10504.725,0.0000001,0.00000000000363549,6634465,2019-02-11 13:56:24,btc,5.206166879879235,0.0,0.0000001,btc,6755.0074587,0.0,0.0010504725,180
1,[],22,[],2019-02-11 13:56:28,17535.97894736842,0.00000095,0.000000000034537155,6634466,2019-02-11 13:56:28,BTC,0.09342657,0.0,0.00000095,"BTC,LTC",13886.975478042325,0.0006077,0.00555294,180
1,[],26,[],2019-02-11 13:56:28,0.0,0.00000010,0.00000000000363549,6634467,2019-02-11 13:56:28,btc,0.0,0.0,0.00000010,btc,0.0,0.0,0.0,180
,[],7,[],2018-11-20 22:58:01,562227.975654,0.00000085,0.000000000036176765,4862015,2018-11-20 22:58:01,btc,21836.6059674,2491.87645172,,btc,749999.041456,0.00211021,0.127565380455,183
,[],5,[],2019-01-10 08:11:41,0.0,0,0,6347036,2019-01-10 08:11:41,btc,82.15055501,0.00261,,btc,1.19002445,0.0,0.0,187
,[],17,[],2018-11-16 20:58:10,4062536.27273,0.00000001,0.000000000000550501,4708775,2018-11-16 20:58:10,btc,3.36492563466,0.195460381006,,"btc,eth",110697919.549,0.0,0.0157628953496,187
1,[],24,[],2019-02-11 13:56:29,0.0,0.000000000001,3.63549e-17,6634468,2019-02-11 13:56:29,btc,0.0,0.0,0.000000000001,btc,0.0,0.0,0.0,187
0,[],22,[],2019-02-11 13:56:32,0.0,0,0,6634469,2019-02-11 13:56:32,,1.19383767,0.0,0,,14406.036201072173,0.0,0.0,191
0,[],22,[],2019-02-11 13:56:38,0.0,0,0,6634470,2019-02-11 13:56:38,,0.0,0.0,0,,0.0,0.0,0.0,197
0,[],23,[],2019-01-20 23:31:41,0.0,0,0,6477079,2019-01-20 23:31:41,,0.0,0.0,0,,0.0,0.0,0.0,199
1,[],26,[],2019-02-11 13:56:39,0.0,0.00000000,0,6634471,2019-02-11 13:56:39,btc,0.0,776060.0,0.00000000,btc,0.0,0.0,0.0,199
0,[],17,[],2019-01-30 16:32:01,0.0,0,0,6540827,2019-01-30 16:32:01,btc,6.802544163788159,0.0,0,btc,105897.55575295,0.0,0.0,200
0,[],2,[],2019-01-20 23:30:49,0.0,0,0,6477059,2019-01-20 23:30:49,,0.0,0.0,0,,0.0,0.0,0.0,201
1,[],4,[],2019-01-25 15:51:35,2084389.58565343,0.00000936,0.000000000333526752,6499557,2019-01-25 15:51:35,btc,2.0092503037378524,0.0,0.00000936,btc,160195.80207885,0.19272417,1.242687955921835,211
1,[],7,[],2019-02-11 13:56:42,4477537.39563129,0.000001579999999999999907326193003542780246561960666440427303314208984375,0.00000000005744074199999999,6634472,2019-02-11 13:56:42,btc,16567788.699109944,723462.537297,0.000001579999999999999907326193003542780246561960666440427303314208984375,btc,10273806.90344241,0.0,3.3741762757063185,212
1,[],12,[],2019-01-25 02:44:32,207462.42853209,0.000001080000000000000035831255497387193287295303889550268650054931640625,0.000000000038610756000000006,6493050,2019-01-25 02:44:32,btc,85023.03793723314,0.0,0.000001080000000000000035831255497387193287295303889550268650054931640625,btc,43675.73520027,0.000146250909087,0.0348620860622024,213
1,[],5,[],2019-02-11 13:56:44,4.98e-06,0.00000036,0.000000000013087764,6634473,2019-02-11 13:56:44,btc,1.06857185,0.13751822,0.00000036,btc,3.22e-05,0.0,0.34915962,213
1,[],24,[],2019-02-11 13:56:44,0.0,0.000000050000,0.000000000001817745,6634474,2019-02-11 13:56:44,btc,0.0,0.0,0.000000050000,btc,0.0,0.0,0.0,213
1,[],26,[],2019-02-11 13:56:44,0.0,0.00000009,0.000000000003271941,6634475,2019-02-11 13:56:44,btc,0.0,0.0,0.00000009,btc,0.0,0.0,0.0,213
1,[],22,[],2019-02-11 13:50:16,182056.0,0.00000002,0.000000000000726892,6634289,2019-02-11 13:50:16,BTC,2.19518674,0.0,0.00000002,BTC,164778.63137942314,0.00178248,0.00282712,216
1,[],27,[],2019-02-11 13:50:18,5081157.5555,0.00000004,0.000000000001453784,6634290,2019-02-11 13:50:18,btc,391.91107336756,0.0,0.00000004,"btc,ltc",274171.569,0.0,0.05225726222,216
1,[],22,[],2019-02-11 13:56:49,304535.8247499803,0.00000209,0.000000000075981741,6634476,2019-02-11 13:56:49,BTC,12677.00132847,0.0,0.00000209,BTC,394463.1412294151,0.02869764,0.43359319,217
1,[],7,[],2019-02-11 13:56:50,0.0,0,0,6634477,2019-02-11 13:56:50,btc,77970.05582791512,0.0,0,btc,137091858.32140028,0.0,0.0,219
0,[],27,[],2019-02-11 13:56:52,0.0,0,0,6634478,2019-02-11 13:56:52,,5.3418937883169715,0.0,0,btc,1605140.99226592,0.0,0.0,219
0.0000000000000052,[],28,[],2019-02-11 13:56:54,203347515.944,6.5e-18,2.3630685e-22,6634479,2019-02-11 13:56:54,doge,88584.47496696751,12561.0,0.00125000,"btc,doge",4974548.69631,0.0,1.7985985508380396e-11,219
1,[],22,[],2019-02-11 13:56:57,230913.57777777777,0.00000099,0.000000000035991351,6634480,2019-02-11 13:56:57,BTC,3.0019949,0.0,0.00000099,BTC,66080.84955994174,0.06127646,0.04505845,221
1,[],24,[],2019-02-11 13:56:57,0.0,0.000000610000,0.000000000022176489,6634481,2019-02-11 13:56:57,btc,0.0,0.0,0.000000610000,btc,0.0,0.0,0.0,221
1,[],20,[],2019-02-11 13:56:59,52202920.2575,0.000000003,0.00000000000010906469999999999,6634482,2019-02-11 13:56:59,btc,49.923482619049,917412.5374,0.000000003,btc,10284905.1748,0.003073764277,0.0547525771171,224
0,[],22,[],2019-02-11 13:57:02,0.0,0,0,6634483,2019-02-11 13:57:02,,0.0,0.0,0,,0.0,0.0,0.0,224
1,[],26,[],2019-02-11 13:57:02,0.0,0.00000045,0.000000000016359705,6634484,2019-02-11 13:57:02,btc,0.0,0.0,0.00000045,btc,0.0,0.0,0.0,231
1,[],26,[],2019-02-11 13:57:03,0.0,0.00000004,0.000000000001454196,6634485,2019-02-11 13:57:03,btc,0.0,100.0,0.00000004,btc,0.0,0.0,0.0,234
0,[],27,[],2019-02-11 13:57:05,0.0,0,0,6634486,2019-02-11 13:57:05,,0.0113483662182,0.0,0,"btc,eth",11462.99618,0.0,0.0,234
0,[],22,[],2019-02-11 13:57:08,0.0,0,0,6634487,2019-02-11 13:57:08,,3.06868068,0.0,0,,103318217.06349206,0.0,0.0,235
1,[],4,[],2019-02-11 13:57:09,1262599.01578649,0.00000068,0.000000000024721332,6634488,2019-02-11 13:57:09,btc,0.1349989407321786,0.0,0.00000068,btc,122215.60040151,0.115907,0.3444458702905655,236
1,[],24,[],2019-02-11 13:57:09,0.0,0.000000020000,0.000000000000727098,6634489,2019-02-11 13:57:09,btc,0.0,0.0,0.000000020000,btc,0.0,0.0,0.0,236
1,[],20,[],2019-02-11 13:57:11,64841765.0248,0.000000065,0.0000000000023630685,6634490,2019-02-11 13:57:11,btc,757272.2817955738,29345427.9106,0.000000065,btc,28333650.9553,1.9361528229207,0.3290362151224,237
0.0000000001215281,[],22,[],2019-02-11 13:57:15,14400.0,1.215281e-17,4.41814192269e-22,6634491,2019-02-11 13:57:15,LTC,0.04083605,0.0,0.0000001,LTC,4179.0,0.0,0.00144,237
1,[],4,[],2019-02-11 13:57:16,4635485.64157149,0.00000034,0.000000000012360666,6634492,2019-02-11 13:57:16,btc,0.6083922425056384,0.0,0.00000034,btc,1528023.89315514,0.44279037,1.4432981257820638,238
1,[],5,[],2019-02-11 13:57:17,4.25e-06,0.00000033,0.000000000011997116999999999,6634493,2019-02-11 13:57:17,btc,0.82920891,0.01161871,0.00000033,btc,3.008e-05,0.0,0.2872672,238
0,[],22,[],2019-02-11 13:57:20,0.0,0,0,6634494,2019-02-11 13:57:20,,15.41678688,0.0,0,,370860.0639027493,0.0,0.0,249
0.0000000001215281,[],22,[],2019-02-11 13:57:24,7124354.333333333,3.645843e-18,1.325442576807e-22,6634495,2019-02-11 13:57:24,LTC,0.36811719,0.0,0.00000003,LTC,11588757.09,0.0,0.21273365,252
1,[],28,[],2019-02-11 13:57:26,3479213.286,0.00000013,0.000000000004726137,6634496,2019-02-11 13:57:26,btc,164693.5026367203,457.3,0.00000013,btc,555324.17,0.0,0.2108710963,256
1,[],22,[],2019-02-11 13:57:30,114807.0,0.00000001,0.000000000000363549,6634497,2019-02-11 13:57:30,BTC,30.20524227,0.0,0.00000001,BTC,445890.0289327789,0.0,0.00114807,258
1,[],22,[],2019-01-26 20:58:41,368451.0,0.00000001,0.000000000000356135,6510120,2019-01-26 20:58:41,BTC,2.642917,0.0,0.00000001,"BTC,LTC",1862.0,0.0,0.02488451,259
1,[],22,[],2019-02-11 13:57:34,13604.436495933667,0.00000711,0.00000000025848333899999996,6634498,2019-02-11 13:57:34,BTC,1293.13982505,0.0,0.00000711,"BTC,LTC",13283.51591503372,0.01049308,0.02779819,262
1,[],5,[],2019-02-11 13:57:35,4.438e-05,0.00000200,0.0000000000727098,6634499,2019-02-11 13:57:35,btc,0.28095239,0.33724172,0.00000200,btc,0.00018329,0.0,0.22420505,264
1,[],20,[],2019-02-11 13:57:37,1264323.292,0.000001511,0.0000000000549322539,6634500,2019-02-11 13:57:37,btc,4.9607944674562,27414.7645,0.000001511,btc,95550.3566,0.0825643249772,0.020507588253,264
1,[],22,[],2019-02-11 13:57:41,95356.5,0.00000002,0.000000000000727098,6634501,2019-02-11 13:57:41,BTC,9.1788482,0.0,0.00000002,BTC,371756.0417119935,0.0,0.0014095,271
0,[],22,[],2019-02-11 13:57:43,0.0,0,0,6634502,2019-02-11 13:57:43,,384.77798703,0.0,0,,15106717515.9,0.0,0.0,272
0.0000000000000052,[],28,[],2019-02-11 13:57:45,188834535602.097,4.68e-21,1.70140932e-25,6634503,2019-02-11 13:57:45,doge,375552088.29919744,17148815198.0,0.0000009,doge,216654260162.85458,0.0,4.92115214771813e-10,272
1,[],22,[],2019-02-11 13:57:50,11542.0,0.00001000,0.000000000363549,6634504,2019-02-11 13:57:50,BTC,74.0785149,0.0,0.00001000,"BTC,LTC",1524.3826333333334,0.0219928,0.01653632,281
