pairValue,buyBook,exchangeId,sellBook,updated,buyTotal,satoshiPrice,usdPrice,exchangeLogId,created,bestPair,sellTotalBtc,volume,pairPrice,activePairs,sellTotal,volumeBtc,buyTotalBtc,coinId
1,[],3,[],2019-03-08 14:12:45,30543.184658132763,0.01262338999999999995804689234546458465047180652618408203125,0.000000492506610206,6878298,2019-03-08 14:12:45,btc,61.13669481248393,0.0,0.01262338999999999995804689234546458465047180652618408203125,btc,26.987860632985,0.0,0.2932628559999671,1
1,[],4,[],2019-03-08 14:12:46,207898.04321076,0.01270002,0.000000495496360308,6878299,2019-03-08 14:12:46,btc,10.128469885639118,0.0,0.01270002,btc,329.35101417,1.08037244,2.920409177239298,1
1,[],5,[],2019-03-08 14:12:49,0.0,0,0,6878300,2019-03-08 14:12:49,btc,0.0,0.07671578,0,btc,0.0,0.0,0.0,1
1,[],10,[],2019-03-08 14:12:51,413968.75470415,0.01070848,0.000000417795630592,6878301,2019-03-08 14:12:51,btc,6521.779916111702,905.94959372,0.01070848,btc,1064.98811483,0.0,5.200540546984626,1
1,[],12,[],2019-03-08 14:12:53,103.48685891,0.01264999999999999978628206775965736596845090389251708984375,0.00000049354481,6878302,2019-03-08 14:12:53,btc,0.3235339817869,0.0,0.01264999999999999978628206775965736596845090389251708984375,btc,22.4441994,0.1263519331337,0.29922445695509997,1
1,[],20,[],2019-03-08 14:12:56,1152.5143,0.010500326,0.0000004096744190204,6878303,2019-03-08 14:12:56,btc,0.055456485683,0.3915,0.010500326,btc,2.4799,0.0046697723592,0.0963656724587,1
1,[],21,[],2019-03-08 14:12:57,1842.51893562,0.01267134999999999962760899308,0.00000049437778879,6878304,2019-03-08 14:12:57,btc,27.37550257998371,10564.4371165,0.01267134999999999962760899308022999321110546588897705078125,"btc,eth",3212.73366044,132.861081098642,16.25504464751304,1
1,[],22,[],2019-03-08 14:13:01,0.0059712,0.01250000,0.0000004876925,6878305,2019-03-08 14:13:01,BTC,0.31439419,0.0,0.01250000,BTC,0.12751438772928525,5.14e-06,7.464e-05,1
1,[],24,[],2019-03-08 14:13:01,0.0,0.000000000000,0,6878306,2019-03-08 14:13:01,btc,0.0,0.0,0.000000000000,btc,0.0,0.0,0.0,1
0.0,[],25,[],2019-03-08 14:13:02,0.0,0,0,6878307,2019-03-08 14:13:02,btc,31.341199998035393,444.78820471,0.0,btc,2400.08111381,5.812,0.0,1
1,[],26,[],2019-03-08 14:13:20,0.0,0,0,6878308,2019-03-08 14:13:20,,0.0,0.0,0,,0.0,0.0,0.0,1
1,[],28,[],2019-03-08 14:13:22,993.142,0.01323000,0.000000516173742,6878309,2019-03-08 14:13:22,btc,0.147901439075,17558.2,0.01323000,btc,7.9421,0.0,0.089302756,1
0,[],2,[],2019-01-20 23:28:45,0.0,0,0,6477011,2019-01-20 23:28:45,,0.0,0.0,0,,0.0,0.0,0.0,1
1,[],5,[],2019-03-08 14:13:24,0.0,0,0,6878310,2019-03-08 14:13:24,btc,0.0,0.02165871,0,btc,0.0,0.0,0.0,2
0.0000000001249528,[],22,[],2019-03-08 14:13:27,1148.0,1.3744808e-16,5.362591820432e-21,6878311,2019-03-08 14:13:27,XMR,21.01373823,0.0,0.00000110,XMR,14319.12581,0.0,0.00087635,2
1,[],5,[],2019-03-08 14:13:29,0.0,0,0,6878312,2019-03-08 14:13:29,btc,0.0,1.03832391,0,btc,0.0,0.0,0.0,3
1,[],12,[],2019-03-08 14:13:30,1925855.8573,0.000000176,0.0000000000068667104,6878313,2019-03-08 14:13:30,btc,22810.250693246453,0.0,0.000000176,btc,1057356.92195394,0.041472545163471,0.2789749766848,3
0,[],28,[],2019-03-08 14:13:32,0.0,0,0,6878314,2019-03-08 14:13:32,,0.0,0.0,0,,0.0,0.0,0.0,3
0,[],2,[],2019-01-20 23:31:32,0.0,0,0,6477077,2019-01-20 23:31:32,,0.0,0.0,0,,0.0,0.0,0.0,4
1,[],4,[],2019-03-08 14:13:33,397493.31801661,0.00000033,0.000000000012875082,6878315,2019-03-08 14:13:33,btc,32.25550523858344,0.0,0.00000033,btc,710397.77475616,0.0,0.0487285946256081,4
1,[],12,[],2019-03-08 14:13:35,371322.0,0.00000002,0.000000000000780308,6878316,2019-03-08 14:13:35,btc,1111742.62407669,0.0,0.00000002,btc,524136.0,0.0,0.00478618,5
0,[],2,[],2019-01-20 23:31:51,0.0,0,0,6477087,2019-01-20 23:31:51,,0.0,0.0,0,,0.0,0.0,0.0,6
1,[],11,[],2019-03-08 14:13:37,4785062.5,0.00000002,0.000000000000780308,6878317,2019-03-08 14:13:37,btc,9568.13038637766,68382.0,0.00000002,btc,42683320.90271394,0.0,0.063176085,6
1,[],3,[],2019-03-08 14:13:37,1084.133036465546,0.000151179999999999999278632589749804537859745323657989501953125,0.000000005898348172,6878318,2019-03-08 14:13:37,btc,28.402034233092024,0.0,0.000151179999999999999278632589749804537859745323657989501953125,btc,243.122414578101,0.0,0.03373108061156691,7
1,[],4,[],2019-03-08 14:13:38,106884.89491115,0.00026000,0.000000010144004,6878319,2019-03-08 14:13:38,btc,27.80527869528968,0.0,0.00026000,btc,59545.40951756,5.83316797,8.682038425589056,7
1,[],5,[],2019-03-08 14:13:40,0.0,0,0,6878320,2019-03-08 14:13:40,btc,0.0,0.18384809,0,btc,0.0,0.0,0.0,7
1,[],20,[],2019-02-20 02:16:17,39399275.8418,0.000000001,0.0000000000000390183,6728586,2019-02-20 02:16:17,btc,116.9737569154545,525.0,0.000000001,btc,56932965.8895,5.25e-07,0.0393992758418,8
0,[],2,[],2019-01-20 23:22:42,0.0,0,0,6476876,2019-01-20 23:22:42,,0.0,0.0,0,,0.0,0.0,0.0,9
0,[],23,[],2019-01-20 23:22:48,0.0,0,0,6476878,2019-01-20 23:22:48,,0.0,0.0,0,,0.0,0.0,0.0,9
1,[],4,[],2019-03-08 14:13:43,1065414.4588609,0.00000156,0.00000000006086402400000001,6878321,2019-03-08 14:13:43,btc,5.379018517382528,0.0,0.00000156,btc,2777261.52921299,1.89742306,0.834060017808022,9
1,[],28,[],2019-03-08 14:13:45,38863.15,0.00000166,0.000000000064765564,6878322,2019-03-08 14:13:45,btc,2708.761281370583,3581061.0,0.00000166,btc,11954.1497,0.0,0.035782829,9
1,[],1,[],2019-02-17 23:31:42,1822507.21,0.00000181000000000000003456111265232042484285557293333113193511962890625,0.000000000066086901,6701244,2019-02-17 23:31:42,btc,3.6990969245,17153386.5,0.00000181000000000000003456111265232042484285557293333113193511962890625,btc,1997391.71,31.11772986,3.2610482446,9
1,[],4,[],2019-02-17 11:22:43,4341674.27126056,0.00000002,0.0000000000007272960000000001,6696112,2019-02-17 11:22:43,btc,0.1997230937751353,0.0,0.00000002,btc,4109766.79808031,0.00215132,0.0479381022052112,10
0,[],2,[],2019-01-20 23:23:08,0.0,0,0,6476890,2019-01-20 23:23:08,,0.0,0.0,0,,0.0,0.0,0.0,12
1,[],4,[],2019-03-08 14:13:46,6975687.82215598,0.00000124,0.000000000048379096,6878323,2019-03-08 14:13:46,btc,11.592036106959288,0.0,0.00000124,btc,5931032.76131904,2.19799117,4.608499953735471,12
1,[],5,[],2019-03-08 14:13:47,0.0,0,0,6878324,2019-03-08 14:13:47,btc,0.0,0.4850558,0,btc,0.0,0.0,0.0,12
0.0,[],25,[],2019-03-08 14:13:48,0.0,0,0,6878325,2019-03-08 14:13:48,,0.0,0.0,0.0,btc,0.0,0.0,0.0,12
1,[],4,[],2019-03-08 14:13:49,32047870.02533858,0.00000610,0.00000000023799394,6878326,2019-03-08 14:13:49,btc,2.948233871509922,0.0,0.00000610,btc,380950.9863553,1.18765754,1.443567501694229,13
1,[],21,[],2019-03-08 14:13:53,718419.66666819,0.000005980000000000000343492595478,0.00000000023331209200000004,6878327,2019-03-08 14:13:53,btc,4.712487355517703,507646.36016886,0.0000059800000000000003434925954781675727645051665604114532470703125,btc,708600.61097345,3.03250621,3.910273748193266,13
1,[],10,[],2019-03-08 12:26:20,397073.56884334,0.00000578,0.000000000224987078,6877611,2019-03-08 12:26:20,btc,666801.3103800432,9251.18322997,0.00000578,btc,715002.5899944,0.0,0.2584952744803973,13
1,[],4,[],2019-03-08 14:13:53,694043.20438781,0.00000133,0.000000000051890482,6878328,2019-03-08 14:13:53,btc,6.508806893986055,0.0,0.00000133,btc,874639.82397612,0.03986594,0.1391669488900249,14
1,[],12,[],2019-03-08 14:13:54,268116.27692308,0.000001300000000000000047051663780439678674838432925753295421600341796875,0.000000000050720020000000005,6878329,2019-03-08 14:13:54,btc,0.1010336593345474,0.0,0.000001300000000000000047051663780439678674838432925753295421600341796875,btc,7721.81050557,3.46653347e-06,0.036241100000004,14
1,[],26,[],2019-03-08 14:14:05,0.0,0.00000050,0.0000000000195077,6878330,2019-03-08 14:14:05,btc,0.0,0.0,0.00000050,btc,0.0,0.0,0.0,14
0,[],17,[],2019-03-08 14:05:05,0.0,0,0,6878134,2019-03-08 14:05:05,btc,0.0,0.0,0,btc,0.0,0.0,0.0,14
0,[],4,[],2019-03-08 14:14:06,0.0,0,0,6878331,2019-03-08 14:14:06,,0.0,0.0,0,,0.0,0.0,0.0,15
,[],12,[],2018-12-01 15:15:48,204241.84496,0.00000489,0.000000000202473384,5260204,2018-12-01 15:15:48,btc,49.5475654835,0.0,,btc,35763.2193806,0.0163153972027625,0.0203389899998,15
0,[],2,[],2019-01-20 23:23:38,0.0,0,0,6476906,2019-01-20 23:23:38,,0.0,0.0,0,,0.0,0.0,0.0,18
1,[],4,[],2019-03-08 14:14:08,24932.92893518,0.00001554,0.000000000606299316,6878332,2019-03-08 14:14:08,btc,4.198420372206973,0.0,0.00001554,btc,19159.53083561,0.04568314,0.0587326542469135,18
1,[],10,[],2019-03-08 14:14:10,785838.09577219,0.00001666,0.000000000649996564,6878333,2019-03-08 14:14:10,btc,15.362596677958201,15103.4006063,0.00001666,btc,11967.46290506,0.0,0.1715153115377089,18
1,[],12,[],2019-03-08 14:14:11,374416.25187267,0.00001626000000000000017476471658728343072652933187782764434814453125,0.000000000634390404,6878334,2019-03-08 14:14:11,btc,0.0085014198745157,0.0,0.00001626000000000000017476471658728343072652933187782764434814453125,btc,322.96940871,0.0035275818909948,0.0290403090625635,18
0,[],17,[],2019-03-08 14:14:13,0.0,0,0,6878335,2019-03-08 14:14:13,btc,0.0,0.0,0,btc,0.0,0.0,0.0,18
0,[],2,[],2019-01-20 23:24:19,0.0,0,0,6476924,2019-01-20 23:24:19,,0.0,0.0,0,,0.0,0.0,0.0,19
1,[],3,[],2019-03-08 14:14:14,117265.52894652379,0.0000180200000000000002645279828517033138268743641674518585205078125,0.000000000703057508,6878336,2019-03-08 14:14:14,btc,0.49527666516665336,0.0,0.0000180200000000000002645279828517033138268743641674518585205078125,btc,8951.995959570942,0.0,0.015424777205632456,19
1,[],4,[],2019-03-08 14:14:14,272835.45554223,0.00001924,0.0000000007506562960000001,6878337,2019-03-08 14:14:14,btc,2.1560082579827893,0.0,0.00001924,btc,77157.81845947,0.61732979,2.5972688563229442,19
1,[],5,[],2019-03-08 14:14:17,0.0,0,0,6878338,2019-03-08 14:14:17,btc,0.0,0.00149204,0,btc,0.0,0.0,0.0,19
1,[],12,[],2019-03-08 14:14:18,170039.10699588,0.00001215000000000000056192030195578723805738263763487339019775390625,0.00000000047403711,6878339,2019-03-08 14:14:18,btc,0.2299644445202182,0.0,0.00001215000000000000056192030195578723805738263763487339019775390625,btc,358.27457877,0.0,0.037021469999942,19
0,[],27,[],2019-03-08 14:14:20,0.0,0,0,6878340,2019-03-08 14:14:20,,0.0,0.0,0,btc,0.0,0.0,0.0,19
1,[],4,[],2019-03-08 14:14:21,2779123.70923423,0.00000012,0.000000000004681848,6878341,2019-03-08 14:14:21,btc,7.383042289760813,0.0,0.00000012,btc,2876583.25385408,0.0,0.0777767845064956,20
1,[],4,[],2019-03-08 14:14:21,103810793.72147027,0.00000002,0.000000000000780308,6878342,2019-03-08 14:14:21,btc,1841.963316175191,0.0,0.00000002,btc,54908374.6818267,0.0,1.1629563175500457,21
1,[],12,[],2019-03-08 14:14:23,1225236.0,0.00000001,0.000000000000390154,6878343,2019-03-08 14:14:23,btc,1248.0047259895405,0.0,0.00000001,btc,2390092.97702298,0.0004995004995004,0.01225236,21
0,[],17,[],2019-03-08 14:14:24,0.0,0,0,6878344,2019-03-08 14:14:24,btc,0.0,0.0,0,btc,0.0,0.0,0.0,21
1,[],12,[],2019-03-08 14:14:26,2438843460.0,0.0000000001,0.00000000000000390154,6878345,2019-03-08 14:14:26,btc,5561.196847581329,0.0,0.0000000001,btc,1291918703.1462426,0.000681004794805192,0.243884346,23
0,[],27,[],2019-03-08 14:14:28,0.0,0,0,6878346,2019-03-08 14:14:28,,13.51825636659341,0.0,0,eth,2066931.35514486,0.0,0.0,23
1,[],4,[],2019-03-08 14:14:28,653502.3197255,0.00000050,0.0000000000195077,6878347,2019-03-08 14:14:28,btc,9.676585748880417,0.0,0.00000050,btc,1613768.21445593,0.01810684,0.1806420741509151,24
1,[],22,[],2019-03-08 14:14:32,11.76,0.00000100,0.0000000000390154,6878348,2019-03-08 14:14:32,BTC,7.415e-05,0.0,0.00000100,BTC,23.919354838709676,0.0,1.176e-05,24
0.0,[],25,[],2019-03-08 14:14:33,0.0,0,0,6878349,2019-03-08 14:14:33,,0.0,0.0,0.0,btc,0.0,0.0,0.0,24
1,[],4,[],2019-03-08 14:14:34,26573913.98705845,0.00000598,0.000000000233312092,6878350,2019-03-08 14:14:34,btc,57.63166874582501,0.0,0.00000598,btc,242946.29868841,0.10801213,0.4124064067269474,26
1,[],10,[],2019-03-08 14:14:36,690498.72378248,0.00000603,0.000000000235262862,6878351,2019-03-08 14:14:36,btc,26.132139591209082,3723.98667737,0.00000603,btc,14784.6569521,0.0,0.2222506993787379,26
0,[],2,[],2019-01-20 23:25:56,0.0,0,0,6476976,2019-01-20 23:25:56,,0.0,0.0,0,,0.0,0.0,0.0,26
1,[],3,[],2019-03-08 14:05:35,10976971.88133568,0.00000001,0.000000000000390436,6878156,2019-03-08 14:05:35,btc,2.265696742011112,382.0,0.00000001,btc,17418347.33071274,0.0,0.1097697188133568,27
1,[],5,[],2019-03-08 14:05:37,0.0,0,0,6878157,2019-03-08 14:05:37,btc,0.0,0.00020909,0,btc,0.0,0.0,0.0,27
1,[],11,[],2019-03-08 14:05:39,9464617.88103613,0.00000005,0.00000000000195218,6878158,2019-03-08 14:05:39,btc,67506.32843704063,170.63047893,0.00000005,btc,7972152.75036371,0.0,0.4411034133414386,27
1,[],4,[],2019-03-08 14:14:37,2155259496.609375,0.00000001,0.000000000000390154,6878352,2019-03-08 14:14:37,btc,2.831151002635716,0.0,0.00000001,"btc,ltc",191404861.4729677,1.00821947,9.633381456620183,29
1,[],7,[],2019-03-08 14:14:39,36848060.28313587,0.00000002,0.000000000000780308,6878353,2019-03-08 14:14:39,btc,44461588.00560396,698723.552092,0.00000002,btc,45098219.07395023,0.0,0.3812761975076593,29
1,[],4,[],2019-03-08 14:14:40,2341303.09912863,0.00000023,0.000000000008973542,6878354,2019-03-08 14:14:40,btc,2.660626281003104,0.0,0.00000023,btc,2069267.62131341,0.00011269,0.1027301115888875,30
0,[],17,[],2019-03-08 14:14:41,0.0,0,0,6878355,2019-03-08 14:14:41,btc,0.0,0.0,0,btc,0.0,0.0,0.0,30
1,[],4,[],2019-03-08 14:14:42,182382.1536558,0.00005783,0.0000000022562605820000002,6878356,2019-03-08 14:14:42,btc,8.605204259414196,0.0,0.00005783,btc,93985.82318123,2.09176464,2.149539088615357,31
1,[],21,[],2019-03-08 14:14:42,96591.77470272999,0.00005760999999999999899181341023,0.000000002247677194,6878357,2019-03-08 14:14:42,btc,3.170626438163261,459139.33746954,0.000057609999999999998991813410231799252869677729904651641845703125,btc,50191.42702696,27.11115669,4.928368650359121,31
0,[],2,[],2019-01-20 23:28:43,0.0,0,0,6477009,2019-01-20 23:28:43,,0.0,0.0,0,,0.0,0.0,0.0,32
1,[],4,[],2019-03-08 14:14:43,425749926.69971675,0.00000004,0.000000000001560616,6878358,2019-03-08 14:14:43,btc,10.249564073737359,0.0,0.00000004,"btc,ltc",190059933.10656697,0.42918343,10.257870955669574,33
1,[],12,[],2019-03-08 14:14:45,23142253.206666708,0.00000004,0.000000000001560616,6878359,2019-03-08 14:14:45,btc,1211628.431490075,0.0,0.00000004,btc,15290097.70329666,0.023211336023977,0.5534409919600016,33
1,[],4,[],2019-03-08 14:14:45,112542318.2360919,0.00000001,0.000000000000390154,6878360,2019-03-08 14:14:45,btc,3.531460249141166,0.0,0.00000001,btc,100617355.38250145,0.08492648,1.125423182360919,34
1,[],5,[],2019-03-08 14:14:46,0.0,0,0,6878361,2019-03-08 14:14:46,btc,0.0,0.09351675,0,btc,0.0,0.0,0.0,34
0.0000000001446204,[],4,[],2019-03-08 14:14:47,1251088503.1053333,1.446204e-18,5.642422754160001e-23,6878362,2019-03-08 14:14:47,ltc,4.1629330794716216e-08,0.0,0.00000001,ltc,6672097058.9748335,0.0,1.8093291975449457e-09,36
1,[],5,[],2019-03-08 14:14:48,0.0,0,0,6878363,2019-03-08 14:14:48,btc,0.0,0.0,0,btc,0.0,0.0,0.0,36
0,[],17,[],2019-03-08 14:14:50,0.0,0,0,6878364,2019-03-08 14:14:50,btc,0.07464582815093172,0.0,0,btc,4105386.20243647,0.0,0.0,36
0.000000000350238,[],27,[],2019-03-08 14:14:52,11290000.0,3.5023800000000005e-18,1.36646756652e-22,6878365,2019-03-08 14:14:52,eth,222.5593883364624,0.0,0.00000001,"ltc,eth",11165403.32426039,0.0,2.3837554272000003e-11,36
1,[],4,[],2019-03-08 14:14:53,280976.02839849,0.00000060,0.00000000002340924,6878366,2019-03-08 14:14:53,btc,19772.50057921722,0.0,0.00000060,btc,593521.72855196,0.00720733,0.1272037181429245,37
1,[],12,[],2019-03-08 14:14:53,1228394.80527378,0.0000006,0.00000000002340924,6878367,2019-03-08 14:14:53,btc,10.773802069170898,0.0,0.0000006,btc,343564.87153276,0.0489913131949918,0.11695648062927849,37
1,[],17,[],2019-03-08 14:14:56,1752.74075282,0.00000025,0.00000000000975385,6878368,2019-03-08 14:14:56,btc,0.0554849239895844,0.0,0.00000025,btc,1387.19918473,0.0,0.00043818518820499993,37
1,[],27,[],2019-03-08 14:14:58,34685.567,0.00000045,0.00000000001755693,6878369,2019-03-08 14:14:58,btc,25.74903392619233,0.0,0.00000045,btc,6518.38138508,0.0,0.00520032515,37
1,[],5,[],2019-03-08 14:15:01,0.0,0,0,6878370,2019-03-08 14:15:01,btc,0.0,0.05994426,0,btc,0.0,0.0,0.0,42
1,[],12,[],2019-03-08 14:15:02,256740.62975503,0.00000078,0.000000000030432012000000003,6878371,2019-03-08 14:15:02,btc,0.30272424153532057,0.0,0.00000078,btc,38247.60354982,0.0336338784176212,0.0202776799999719,42
0.000000000350238,[],27,[],2019-03-08 14:15:04,22000.0,3.50238e-17,1.3664675665200001e-21,6878372,2019-03-08 14:15:04,eth,0.00315028,0.0,0.0000001,"btc,eth",11.007,0.0,7.0748076e-13,42
1,[],5,[],2019-03-08 14:15:06,0.0,0,0,6878373,2019-03-08 14:15:06,btc,0.0,0.0,0,btc,0.0,0.0,0.0,43
1,[],12,[],2019-03-08 14:15:07,1018242.0,0.00000001,0.000000000000390154,6878374,2019-03-08 14:15:07,btc,2.32121442999001,0.0,0.00000001,btc,4360308.4995005,0.0,0.010182420000000001,43
0,[],17,[],2019-03-08 14:15:08,0.0,0,0,6878375,2019-03-08 14:15:08,btc,0.0,0.0,0,btc,0.0,0.0,0.0,43
1,[],12,[],2019-03-05 01:54:08,639326.02,0.00000004,0.000000000001486676,6845775,2019-03-05 01:54:08,btc,11116042.728239931,0.0,0.00000004,btc,1103841.4595604,0.0003330765234764,0.014975410599999999,44
1,[],4,[],2019-03-08 14:15:09,300784997.353099,0.00000004,0.000000000001560616,6878376,2019-03-08 14:15:09,btc,473.62773161376606,0.0,0.00000004,"btc,ltc",9747136.33128585,0.18209906,0.2999207324649513,49
0.0000000001446204,[],4,[],2019-03-08 14:15:10,30081414.62052,1.446204e-18,5.642422754160001e-23,6878377,2019-03-08 14:15:10,ltc,25.808545412396374,0.0,0.00000001,ltc,9724871229.04817,0.0,4.3503862149854507e-11,52
0.0000000001249528,[],22,[],2019-03-08 14:15:14,80845862.0,1.249528e-18,4.87508347312e-23,6878378,2019-03-08 14:15:14,XMR,4366.97466637,0.0,0.00000001,XMR,255820234.67882353,0.0,0.80845862,57
0.000000000350238,[],27,[],2019-03-08 14:15:16,2000.0,3.5023800000000005e-18,1.36646756652e-22,6878379,2019-03-08 14:15:16,eth,0.0,0.0,0.00000001,"btc,eth",0.0,0.0,7.004760000000001e-15,57
0.0000000001446204,[],4,[],2019-03-08 14:15:17,617225201.153,2.892408e-18,1.1284845508320002e-22,6878380,2019-03-08 14:15:17,ltc,18.807189226326567,0.0,0.00000002,ltc,4767500257.895821,0.0,1.342611017776298e-09,58
1,[],12,[],2019-03-08 14:15:18,372505901.0,0.0000000004,0.00000000000001560616,6878381,2019-03-08 14:15:18,btc,1121126.544587245,0.0,0.0000000004,btc,1275863957.794206,0.00273623036403596,0.1033337486,58
0.0000000001249528,[],22,[],2019-03-08 14:15:23,137438.0,1.249528e-18,4.87508347312e-23,6878382,2019-03-08 14:15:23,XMR,69.8835922,0.0,0.00000001,XMR,9887963.0,0.0,0.00137438,58
0,[],17,[],2019-03-08 14:06:54,0.0,0,0,6878186,2019-03-08 14:06:54,btc,1e+24,0.0,0,btc,49306342.21952568,0.0,0.0,58
1,[],5,[],2019-03-08 14:15:24,0.0,0,0,6878383,2019-03-08 14:15:24,btc,0.0,0.01157263,0,btc,0.0,0.0,0.0,61
1,[],22,[],2019-03-08 14:15:27,13757.0,0.00000012,0.000000000004681848,6878384,2019-03-08 14:15:27,BTC,1002.2960049,0.0,0.00000012,BTC,14976.68361146909,0.0,0.00154987,61
1,[],26,[],2019-03-08 14:15:28,0.0,0.00000800,0.0000000003121232,6878385,2019-03-08 14:15:28,btc,0.0,0.0,0.00000800,btc,0.0,0.0,0.0,61
1,[],27,[],2019-03-08 14:15:30,4411.22008,0.00000047,0.000000000018337238,6878386,2019-03-08 14:15:30,btc,2.898491041314132,0.0,0.00000047,"btc,eth",19485.01257617,0.0,0.001243759959545916,61
1,[],28,[],2019-03-08 14:15:32,13880.304,0.0000005,0.0000000000195077,6878387,2019-03-08 14:15:32,btc,2.056312978300105,811.0,0.0000005,btc,9730.59500005,0.0,0.00566391304,61
1,[],4,[],2019-03-08 14:07:16,1256952.32702911,0.00000270,0.00000000010541772000000001,6878193,2019-03-08 14:07:16,btc,8.912013487879086,0.0,0.00000270,btc,736010.67093768,0.18323345,0.9244435044803255,67
0.0,[],25,[],2019-03-08 14:07:18,0.0,0,0,6878194,2019-03-08 14:07:18,,0.0,0.0,0.0,btc,0.0,0.0,0.0,67
1,[],12,[],2019-03-08 14:15:33,310816.97626623,0.00000025,0.00000000000975385,6878388,2019-03-08 14:15:33,btc,15940.517842462566,0.0,0.00000025,btc,1042896.7391867,0.0136253769686571,0.0621665963804016,71
,[],5,[],2018-11-20 23:02:39,1.5e-07,0.00000005,0.000000000002128045,4862160,2018-11-20 23:02:39,btc,2.84511358,0.0,,btc,0.00036572,0.0,0.07381892,74
1,[],5,[],2019-03-08 14:15:35,0.0,0,0,6878389,2019-03-08 14:15:35,btc,0.0,0.0,0,btc,0.0,0.0,0.0,75
0,[],20,[],2019-01-25 09:30:31,0.0,0,0,6495923,2019-01-25 09:30:31,btc,0.0,0.0,0,btc,0.0,0.0,0.0,81
1,[],4,[],2019-03-08 14:15:36,13147768.81424166,0.00000001,0.000000000000390154,6878390,2019-03-08 14:15:36,btc,11388.985544584346,0.0,0.00000001,btc,40019471.49932191,0.0,0.1314776881424166,81
1,[],4,[],2019-03-08 14:15:38,27887.69516834,0.00007542,0.000000002942541468,6878391,2019-03-08 14:15:38,btc,18.11866939537633,0.0,0.00007542,btc,12268.78470013,0.03413277,0.140905901919188,82
1,[],21,[],2019-03-08 14:15:38,766598.0757827,0.00007550000000000000558320750743,0.0000000029456627000000004,6878392,2019-03-08 14:15:38,btc,3.496831441768839,8773.59336536,0.000075500000000000005583207507431353633364778943359851837158203125,btc,41886.16360562,0.65989138,3.007229798995263,82
0,[],17,[],2019-03-08 14:15:40,0.0,0,0,6878393,2019-03-08 14:15:40,btc,0.0447233088476774,0.0,0,btc,999127.19588126,0.0,0.0,84
0.0000000001446204,[],4,[],2019-03-08 14:15:41,115833288.97546291,2.892408e-18,1.1284845508320002e-22,6878394,2019-03-08 14:15:41,ltc,1.7493646322892709,0.0,0.00000002,ltc,420366381.0736893,0.0,2.214610200334202e-10,85
,[],22,[],2018-11-20 23:09:34,3408.1,0.0000001,0.0000000000041895,4862324,2018-11-20 23:09:34,BTC,0.04624735,0.0,,BTC,4990.0,0.0,0.00033081,86
1,[],22,[],2019-03-08 14:15:45,122000.0,0.00000003,0.000000000001170462,6878395,2019-03-08 14:15:45,BTC,2.078122,0.0,0.00000003,BTC,169918.94736842104,0.0,0.00186,87
0,[],27,[],2019-03-08 14:15:47,0.0,0,0,6878396,2019-03-08 14:15:47,,0.0,0.0,0,btc,0.0,0.0,0.0,87
,[],2,[],2018-11-20 23:10:47,0.0,0,0,4862359,2018-11-20 23:10:47,,0.0,0.0,,,0.0,0.0,0.0,88
1,[],11,[],2019-03-08 14:15:49,94945.95409258,0.0001461500000000000016979473382860987840103916823863983154296875,0.00000000570210071,6878397,2019-03-08 14:15:49,btc,606.9783175525698,1752.38522117,0.0001461500000000000016979473382860987840103916823863983154296875,btc,93107.54936146,0.0,6.550874089070652,89
0,[],2,[],2019-01-20 23:31:45,0.0,0,0,6477083,2019-01-20 23:31:45,,0.0,0.0,0,,0.0,0.0,0.0,91
1,[],12,[],2019-03-08 14:15:50,255600.8170977,0.000001129999999999999980629101885287735029805844533257186412811279296875,0.000000000044087402,6878398,2019-03-08 14:15:50,btc,61.64682438307082,0.0,0.000001129999999999999980629101885287735029805844533257186412811279296875,btc,120210.5892755,0.0262943229010229,0.0434808173999132,91
0,[],17,[],2019-03-08 14:15:51,0.0,0,0,6878399,2019-03-08 14:15:51,btc,0.0,0.0,0,btc,0.0,0.0,0.0,91
1,[],22,[],2019-03-08 14:15:55,65900.0,0.00000001,0.000000000000390154,6878400,2019-03-08 14:15:55,BTC,3e-06,0.0,0.00000001,BTC,1.0,0.0,0.000659,91
0,[],22,[],2019-03-08 14:15:58,0.0,0,0,6878401,2019-03-08 14:15:58,,7.49700824,0.0,0,,70508494.1,0.0,0.0,95
0.0000000001446204,[],4,[],2019-03-08 14:16:00,640878136.7047666,9.400326e-17,3.6675747902040006e-21,6878402,2019-03-08 14:16:00,ltc,11.886285795810505,0.0,0.00000065,ltc,135739107.9791913,0.0,1.716731415529078e-09,96
1,[],12,[],2019-03-08 14:16:01,19535.0,0.00000001,0.000000000000390154,6878403,2019-03-08 14:16:01,btc,10.57930944,0.0,0.00000001,btc,2034149.0,2.6e-07,0.00019535,96
0,[],17,[],2019-03-08 14:16:02,0.0,0,0,6878404,2019-03-08 14:16:02,btc,0.0,0.0,0,btc,0.0,0.0,0.0,96
1,[],4,[],2019-03-08 14:16:03,1627217.2675204,0.00000022,0.000000000008583388,6878405,2019-03-08 14:16:03,btc,2.573613643248252,0.0,0.00000022,btc,2574364.81240926,0.02313867,0.1334120726530249,99
0,[],2,[],2019-01-20 23:23:55,0.0,0,0,6476914,2019-01-20 23:23:55,,0.0,0.0,0,,0.0,0.0,0.0,100
1,[],4,[],2019-03-08 14:16:04,288280.27069619,0.00003985,0.00000000155476369,6878406,2019-03-08 14:16:04,btc,11.271046334265058,0.0,0.00003985,btc,158165.21281257,2.07289587,1.6708716347023398,100
1,[],22,[],2019-03-08 14:16:07,50000.0,0.00000001,0.000000000000390154,6878407,2019-03-08 14:16:07,BTC,23.49896609,0.0,0.00000001,BTC,10277.22,0.0,0.0005,101
1,[],4,[],2019-03-08 14:16:08,434691.599431,0.00000083,0.000000000032382782,6878408,2019-03-08 14:16:08,btc,308.0312173152365,0.0,0.00000083,btc,487562.01874317,0.00510808,0.2128079199543526,103
1,[],12,[],2019-03-08 14:16:11,26123180.887000002,0.000000009,0.0000000000003511386,6878409,2019-03-08 14:16:11,btc,3553649.0082625514,0.0,0.000000009,btc,55501714.07696599,0.0306991076983018,0.087617950983,105
1,[],27,[],2019-03-08 14:16:13,229397.89,0.00000001,0.000000000000390154,6878410,2019-03-08 14:16:13,btc,36.60591030491341,0.0,0.00000001,btc,1301440.23571724,0.0,0.0022939789,105
1,[],22,[],2019-03-08 14:16:17,9328.0,0.00000001,0.000000000000390154,6878411,2019-03-08 14:16:17,BTC,51.10837004,0.0,0.00000001,BTC,470435.0,0.0,9.328e-05,107
1,[],26,[],2019-03-08 14:16:17,0.0,0.00000000,0,6878412,2019-03-08 14:16:17,btc,0.0,0.0,0.00000000,btc,0.0,0.0,0.0,107
1,[],5,[],2019-03-08 14:16:18,0.0,0,0,6878413,2019-03-08 14:16:18,btc,0.0,0.00068997,0,btc,0.0,0.0,0.0,112
1,[],22,[],2019-03-08 14:16:22,1966.0,0.00000001,0.000000000000390154,6878414,2019-03-08 14:16:22,BTC,2.78273272,0.0,0.00000001,BTC,826524.0833333334,0.0,1.966e-05,112
0.000000000350238,[],27,[],2019-03-08 14:16:24,2000.0,3.5023800000000005e-18,1.36646756652e-22,6878415,2019-03-08 14:16:24,eth,1.24892491849924,0.0,0.00000001,"btc,eth",1288.641654,0.0,7.004760000000001e-15,112
1,[],4,[],2019-03-08 14:16:25,1332425.04332838,0.00000204,0.000000000079591416,6878416,2019-03-08 14:16:25,btc,4.869770267489626,0.0,0.00000204,btc,338864.33684279,0.03270187,1.0548719879371442,113
1,[],5,[],2019-03-08 14:16:27,0.0,0,0,6878417,2019-03-08 14:16:27,btc,0.0,0.00207524,0,btc,0.0,0.0,0.0,113
1,[],17,[],2019-03-08 14:09:04,152738.278,0.00000004,0.000000000001561744,6878224,2019-03-08 14:09:04,btc,1.33680302678,0.0,0.00000004,btc,50696.221,0.0,0.0022095311199999998,116
0,[],27,[],2019-03-08 14:16:39,0.0,0,0,6878418,2019-03-08 14:16:39,,0.0,0.0,0,btc,0.0,0.0,0.0,116
1,[],4,[],2019-03-08 14:16:40,75880.44815511,0.00002467,0.000000000962509918,6878419,2019-03-08 14:16:40,btc,29.565140449314587,0.0,0.00002467,btc,78570.55280004,0.0226031,1.1630159138338794,120
1,[],7,[],2019-03-08 14:16:43,20901.4991991,0.0000212500000000000015265566588595902430824935436248779296875,0.00000000082907725,6878420,2019-03-08 14:16:43,btc,115646.94897685917,2.90290374,0.0000212500000000000015265566588595902430824935436248779296875,btc,36705.9616105,7.388e-05,0.0526985192137034,120
1,[],20,[],2019-03-08 14:16:46,3002344.8805,0.000000035,0.000000000001365539,6878421,2019-03-08 14:16:46,btc,33.6156363984428,0.5,0.000000035,btc,1008323.7699,1.75e-08,0.0406402309044,125
1,[],22,[],2019-03-08 14:16:50,3053.0,0.00000001,0.000000000000390154,6878422,2019-03-08 14:16:50,BTC,0.01444887,0.0,0.00000001,BTC,296263.5111111111,0.0,3.053e-05,126
1,[],4,[],2019-03-08 14:09:15,145936.07424185,0.00001303,0.000000000508738108,6878230,2019-03-08 14:09:15,btc,3.6112804037441624,0.0,0.00001303,btc,121286.94443666,0.09145854,0.6486964646983384,131
0,[],17,[],2019-03-08 14:09:17,0.0,0,0,6878231,2019-03-08 14:09:17,btc,0.0009561751951600001,0.0,0,btc,35.42829368,0.0,0.0,131
0,[],2,[],2019-01-20 23:25:46,0.0,0,0,6476969,2019-01-20 23:25:46,,0.0,0.0,0,,0.0,0.0,0.0,131
1,[],4,[],2019-03-08 14:16:51,4547.79062839,0.00016000,0.0000000062424640000000004,6878423,2019-03-08 14:16:51,btc,1.619421954394496,0.0,0.00016000,btc,239.25503526,0.0,0.0068861669524034,135
1,[],3,[],2019-03-07 00:20:44,877702.73244099,0.00000004,0.00000000000154846,6863392,2019-03-07 00:20:44,btc,0.119366241821405,0.0,0.00000004,btc,760637.99421222,0.0,0.023771231960604298,136
1,[],4,[],2019-03-08 14:16:53,449100.57750071,0.00000180,0.00000000007022772,6878424,2019-03-08 14:16:53,btc,38.69528236893181,0.0,0.00000180,btc,517812.49388616,0.08511151,0.0914694432711487,137
1,[],12,[],2019-03-08 14:16:53,189371.15458996,0.000001709999999999999933207183062944256590753866476006805896759033203125,0.000000000066716334,6878425,2019-03-08 14:16:53,btc,5.056253161723428,0.0,0.000001709999999999999933207183062944256590753866476006805896759033203125,btc,2492.20896305,0.0040909763288134,0.007894089999893,137
1,[],17,[],2019-03-08 13:34:58,22967.386363640002,0.00000088,0.000000000034259896000000004,6878037,2019-03-08 13:34:58,btc,20.0699133484,0.0,0.00000088,btc,405.079105,0.0,0.0104613000000032,142
1,[],4,[],2019-03-08 14:16:55,16333.99355129,0.00003644,0.000000001421721176,6878426,2019-03-08 14:16:55,btc,28.597161931670023,0.0,0.00003644,btc,47569.87154277,0.17436702,0.4386197928405527,142
1,[],5,[],2019-03-08 14:16:57,0.0,0,0,6878427,2019-03-08 14:16:57,btc,0.0,0.15094911,0,btc,0.0,0.0,0.0,142
1,[],20,[],2019-03-08 14:17:09,135670.3788,0.00003202,0.000000001249273108,6878428,2019-03-08 14:17:09,btc,0.4342180901412,1434.7317,0.00003202,btc,4409.6559,0.064037469832,0.3101267135035,142
1,[],22,[],2019-03-08 14:17:12,1470.8988921568628,0.00004000,0.0000000015606160000000001,6878429,2019-03-08 14:17:12,BTC,3.00385504,0.0,0.00004000,BTC,891.218,0.0,0.0012358,142
0.0,[],25,[],2019-03-08 14:17:14,0.0,0,0,6878430,2019-03-08 14:17:14,,0.0,0.0,0.0,btc,0.0,0.0,0.0,142
1,[],28,[],2019-03-08 14:17:15,76201.664,0.00001500,0.000000000585231,6878431,2019-03-08 14:17:15,btc,0.067100461059305,1047.0,0.00001500,btc,552.61077999,0.0,0.00546896,142
0,[],22,[],2019-03-08 14:17:18,0.0,0,0,6878432,2019-03-08 14:17:18,,62.13631169,0.0,0,,837691921.3,0.0,0.0,143
0,[],22,[],2019-02-25 15:42:22,0.0,0,0,6783783,2019-02-25 15:42:22,,4.2131946,0.0,0,,2322156.0,0.0,0.0,146
,[],22,[],2018-11-20 23:01:11,0.0,0,0,4862114,2018-11-20 23:01:11,,2.56807021,0.0,,,61828.4988236,0.0,0.0,147
1,[],12,[],2019-03-08 14:17:20,330105.78568517,0.0000016700000000000001044238480407688740569938090629875659942626953125,0.00000000006515571800000001,6878433,2019-03-08 14:17:20,btc,1.719013619162526,0.0,0.0000016700000000000001044238480407688740569938090629875659942626953125,btc,29106.91505632,0.000236988343839,0.027311249999831103,148
1,[],4,[],2019-03-08 14:17:21,251540.38065909,0.00000029,0.000000000011314466,6878434,2019-03-08 14:17:21,btc,219.99864590534602,0.0,0.00000029,btc,840498.90453835,0.0,0.0597902236456187,152
0,[],22,[],2019-03-08 14:17:23,0.0,0,0,6878435,2019-03-08 14:17:23,,0.0,0.0,0,,0.0,0.0,0.0,152
1,[],5,[],2019-03-08 14:17:25,0.0,0,0,6878436,2019-03-08 14:17:25,btc,0.0,0.0,0,btc,0.0,0.0,0.0,153
,[],16,[],2019-01-11 15:38:59,0.0,0,0,6366141,2019-01-11 15:38:59,btc,0.0,0.0,,btc,0.0,0.0,0.0,155
0,[],22,[],2019-03-08 13:40:26,0.0,0,0,6878047,2019-03-08 13:40:26,,6.7463875,0.0,0,,4674391.242592593,0.0,0.0,156
0,[],23,[],2019-01-20 23:24:29,0.0,0,0,6476932,2019-01-20 23:24:29,,0.0,0.0,0,,0.0,0.0,0.0,156
1,[],22,[],2019-03-08 14:17:30,7073.8,0.00005300,0.0000000020678162,6878437,2019-03-08 14:17:30,BTC,1.80343699,0.0,0.00005300,BTC,899.6422341958436,0.0,0.00104336,157
0,[],22,[],2019-03-08 14:17:33,0.0,0,0,6878438,2019-03-08 14:17:33,,50175.67608608,0.0,0,,54079135.04179466,0.0,0.0,158
,[],17,[],2018-11-20 22:56:10,0.0,0,0,4861976,2018-11-20 22:56:10,btc,1.1265625,0.0,,btc,1000.0,0.0,0.0,159
,[],20,[],2018-11-20 22:56:12,0.0,0,0,4861977,2018-11-20 22:56:12,btc,11912.7940471,0.0,,btc,34413894.3617,0.0,0.0,159
1,[],12,[],2019-03-08 14:17:34,218458.93046179,0.000007250000000000000042500725161431773813092149794101715087890625,0.00000000028286165,6878439,2019-03-08 14:17:34,btc,0.771503179236651,0.0,0.000007250000000000000042500725161431773813092149794101715087890625,btc,7855.0613372,0.0010062230588235,0.0983543587032352,168
1,[],17,[],2019-03-08 14:17:45,29784.95,0.000001,0.0000000000390154,6878440,2019-03-08 14:17:45,btc,0.03026736251542,0.0,0.000001,btc,144.46171372,0.0,0.00716147,168
0,[],22,[],2019-03-07 13:06:36,0.0,0,0,6867364,2019-03-07 13:06:36,,1.1339604,0.0,0,,520283.17470714403,0.0,0.0,169
1,[],22,[],2019-03-08 14:17:48,310787.6666666667,0.00000005,0.00000000000195077,6878441,2019-03-08 14:17:48,BTC,14.35051537,0.0,0.00000005,BTC,156321.50757046542,0.00054747,0.00710767,171
1,[],22,[],2019-03-08 14:17:52,273732.7916666667,0.00000012,0.000000000004681848,6878442,2019-03-08 14:17:52,BTC,2.19300742,0.0,0.00000012,"BTC,LTC",268570.7917850755,1.1e-06,0.01389787,173
1,[],5,[],2019-03-05 01:59:40,0.0,0,0,6845846,2019-03-05 01:59:40,btc,0.0,0.00384852,0,btc,0.0,0.0,0.0,175
1,[],22,[],2019-03-08 14:17:55,35500.0,0.00000012,0.000000000004681848,6878443,2019-03-08 14:17:55,BTC,0.54559973,0.0,0.00000012,BTC,137776.41444619838,0.00021,0.00206,176
0,[],2,[],2019-01-20 23:28:34,0.0,0,0,6477001,2019-01-20 23:28:34,,0.0,0.0,0,,0.0,0.0,0.0,178
1,[],7,[],2019-03-08 14:17:58,0.0,0,0,6878444,2019-03-08 14:17:58,btc,410914.4951967229,0.0,0,btc,117143049.56236699,0.0,0.0,178
0,[],22,[],2019-03-08 14:18:00,0.0,0,0,6878445,2019-03-08 14:18:00,,1.00242438,0.0,0,,57522.0,0.0,0.0,178
0,[],23,[],2019-01-20 23:25:08,0.0,0,0,6476952,2019-01-20 23:25:08,,0.0,0.0,0,,0.0,0.0,0.0,179
1,[],5,[],2019-03-08 14:18:02,0.0,0,0,6878446,2019-03-08 14:18:02,btc,0.0,0.08325573,0,btc,0.0,0.0,0.0,179
1,[],22,[],2019-03-08 14:18:07,6937500.5,0.00000002,0.000000000000780308,6878447,2019-03-08 14:18:07,BTC,5.69614043,0.0,0.00000002,"BTC,LTC",19251380.756535422,1.749e-05,0.37369073,179
1,[],17,[],2019-03-08 13:41:40,10504.725,0.0000001,0.00000000000389317,6878058,2019-03-08 13:41:40,btc,5.2010695838170005,0.0,0.0000001,btc,4994.45945,0.0,0.0010504725,180
1,[],22,[],2019-03-08 14:18:11,658508.9301435407,0.00000095,0.00000000003706463,6878448,2019-03-08 14:18:11,BTC,0.25485111,0.0,0.00000095,"BTC,LTC",90029.95397841684,0.00064655,0.56282059,180
1,[],26,[],2019-03-08 14:18:12,0.0,0.00000125,0.000000000048769250000000003,6878449,2019-03-08 14:18:12,btc,0.0,390.0,0.00000125,btc,0.0,0.0,0.0,180
,[],7,[],2018-11-20 22:58:01,562227.975654,0.00000085,0.000000000036176765,4862015,2018-11-20 22:58:01,btc,21836.6059674,2491.87645172,,btc,749999.041456,0.00211021,0.127565380455,183
,[],5,[],2019-01-10 08:11:41,0.0,0,0,6347036,2019-01-10 08:11:41,btc,82.15055501,0.00261,,btc,1.19002445,0.0,0.0,187
,[],17,[],2018-11-16 20:58:10,4062536.27273,0.00000001,0.000000000000550501,4708775,2018-11-16 20:58:10,btc,3.36492563466,0.195460381006,,"btc,eth",110697919.549,0.0,0.0157628953496,187
1,[],24,[],2019-03-08 14:18:12,0.0,0.000000000001,3.90154e-17,6878450,2019-03-08 14:18:12,btc,0.0,0.0,0.000000000001,btc,0.0,0.0,0.0,187
0,[],22,[],2019-03-08 14:18:15,0.0,0,0,6878451,2019-03-08 14:18:15,,7.54802454,0.0,0,,79361.7243344055,0.0,0.0,191
0,[],22,[],2019-03-08 14:18:20,0.0,0,0,6878452,2019-03-08 14:18:20,,0.0,0.0,0,,0.0,0.0,0.0,197
0,[],23,[],2019-01-20 23:31:41,0.0,0,0,6477079,2019-01-20 23:31:41,,0.0,0.0,0,,0.0,0.0,0.0,199
0,[],22,[],2019-03-08 14:18:22,0.0,0,0,6878453,2019-03-08 14:18:22,,5.19077022,0.0,0,,21057953.0,0.0,0.0,199
1,[],26,[],2019-03-08 14:18:23,0.0,0.00000000,0,6878454,2019-03-08 14:18:23,btc,0.0,128863.0,0.00000000,btc,0.0,0.0,0.0,199
0,[],17,[],2019-01-30 16:32:01,0.0,0,0,6540827,2019-01-30 16:32:01,btc,6.802544163788159,0.0,0,btc,105897.55575295,0.0,0.0,200
0,[],2,[],2019-01-20 23:30:49,0.0,0,0,6477059,2019-01-20 23:30:49,,0.0,0.0,0,,0.0,0.0,0.0,201
1,[],4,[],2019-01-25 15:51:35,2084389.58565343,0.00000936,0.000000000333526752,6499557,2019-01-25 15:51:35,btc,2.0092503037378524,0.0,0.00000936,btc,160195.80207885,0.19272417,1.242687955921835,211
1,[],7,[],2019-03-08 14:18:26,1462393.5232146299,0.000001129999999999999980629101885287735029805844533257186412811279296875,0.000000000044087402,6878455,2019-03-08 14:18:26,btc,15476653.221472237,589667.71622,0.000001129999999999999980629101885287735029805844533257186412811279296875,btc,12898046.5840359,0.0,1.235862229553544,212
1,[],12,[],2019-01-25 02:44:32,207462.42853209,0.000001080000000000000035831255497387193287295303889550268650054931640625,0.000000000038610756000000006,6493050,2019-01-25 02:44:32,btc,85023.03793723314,0.0,0.000001080000000000000035831255497387193287295303889550268650054931640625,btc,43675.73520027,0.000146250909087,0.0348620860622024,213
1,[],5,[],2019-03-08 14:18:28,0.0,0,0,6878456,2019-03-08 14:18:28,btc,0.0,0.13706819,0,btc,0.0,0.0,0.0,213
1,[],24,[],2019-03-08 14:18:28,0.0,0.000000120000,0.000000000004681848,6878457,2019-03-08 14:18:28,btc,0.0,0.0,0.000000120000,btc,0.0,0.0,0.0,213
1,[],26,[],2019-03-08 14:18:28,0.0,0.00000010,0.00000000000390154,6878458,2019-03-08 14:18:28,btc,0.0,0.0,0.00000010,btc,0.0,0.0,0.0,213
1,[],22,[],2019-03-08 14:18:33,56616.0,0.00000003,0.000000000001170462,6878459,2019-03-08 14:18:33,BTC,2.23495082,0.0,0.00000003,BTC,675730.3963726171,0.00104052,0.00111678,216
1,[],27,[],2019-03-08 14:18:36,1298602.0,0.00000003,0.000000000001170462,6878460,2019-03-08 14:18:36,btc,317.9846054547724,0.0,0.00000003,"btc,ltc",240763.990324,0.0,0.033772040000260316,216
1,[],22,[],2019-03-08 14:18:39,182386.88666948496,0.00000188,0.000000000073348952,6878461,2019-03-08 14:18:39,BTC,12673.42562481,0.0,0.00000188,BTC,403701.68688473303,0.07962496,0.21339708,217
0.0000000000000051,[],28,[],2019-03-08 14:18:50,168883579.283,5.661e-18,2.208661794e-22,6878464,2019-03-08 14:18:50,doge,84451.8501148375,19523.0,0.00111000,"btc,doge",3563815.34751,0.0,1.5962013613894267e-11,219
1,[],7,[],2019-03-08 14:18:41,0.0,0,0,6878462,2019-03-08 14:18:41,btc,77969.39196740135,0.0,0,btc,136249679.67428493,0.0,0.0,219
0,[],27,[],2019-03-08 14:18:43,0.0,0,0,6878463,2019-03-08 14:18:43,,0.04027288,0.0,0,btc,2037233.0,0.0,0.0,219
1,[],22,[],2019-03-08 14:18:53,534638.5,0.00000005,0.00000000000195077,6878465,2019-03-08 14:18:53,BTC,2.76226415,0.0,0.00000005,BTC,86245.27041875875,0.0006202,0.02315155,221
1,[],24,[],2019-03-08 14:18:54,0.0,0.000000200000,0.00000000000780308,6878466,2019-03-08 14:18:54,btc,0.0,0.0,0.000000200000,btc,0.0,0.0,0.0,221
1,[],20,[],2019-03-08 14:18:56,39105329.5253,0.000000001,0.0000000000000390154,6878467,2019-03-08 14:18:56,btc,48.4427536687255,172770.0,0.000000001,btc,16154115.0042,0.00034554,0.0391053295253,224
0,[],22,[],2019-03-08 14:18:59,0.0,0,0,6878468,2019-03-08 14:18:59,,0.0,0.0,0,,0.0,0.0,0.0,224
1,[],26,[],2019-03-08 14:18:59,0.0,0.00000035,0.000000000013655390000000001,6878469,2019-03-08 14:18:59,btc,0.0,0.0,0.00000035,btc,0.0,0.0,0.0,231
1,[],26,[],2019-03-08 14:18:59,0.0,0.00000005,0.00000000000195077,6878470,2019-03-08 14:18:59,btc,0.0,100.0,0.00000005,btc,0.0,0.0,0.0,234
0.000000000350238,[],27,[],2019-03-08 14:19:01,2000.0,3.5023800000000005e-18,1.36646756652e-22,6878471,2019-03-08 14:19:01,eth,0.01134836604,0.0,0.00000001,"btc,eth",11462.996,0.0,7.004760000000001e-15,234
1,[],4,[],2019-03-08 14:19:03,820242.73041026,0.00000075,0.00000000002926155,6878472,2019-03-08 14:19:03,btc,4.431677941285509,0.0,0.00000075,btc,1223366.26185449,0.0917412,0.2286002802871435,236
1,[],24,[],2019-03-08 14:19:03,0.0,0.000000300000,0.00000000001170462,6878473,2019-03-08 14:19:03,btc,0.0,0.0,0.000000300000,btc,0.0,0.0,0.0,236
1,[],20,[],2019-03-08 14:11:41,25550158.8531,0.000000055,0.000000000002147398,6878282,2019-03-08 14:11:41,btc,13.7364971113768,12228805.3981,0.000000055,btc,38350919.2029,0.692478505629,0.358133411502,237
0.0000000001448689,[],22,[],2019-03-08 14:11:45,751594.9,2.4627713000000002e-17,9.615545752868e-22,6878283,2019-03-08 14:11:45,LTC,0.0405823,0.0,0.00000017,LTC,3164.0,0.0,0.12541949,237
1,[],4,[],2019-03-08 14:19:04,10168988.30584659,0.00000038,0.000000000014825852,6878474,2019-03-08 14:19:04,btc,8.76099614801173,0.0,0.00000038,btc,10396146.08406751,0.53691299,2.6916237263648832,238
1,[],5,[],2019-03-08 14:19:06,0.0,0,0,6878475,2019-03-08 14:19:06,btc,0.0,0.00615403,0,btc,0.0,0.0,0.0,238
0,[],22,[],2019-03-08 14:19:10,0.0,0,0,6878476,2019-03-08 14:19:10,,0.41504177,0.0,0,,481585.5639027493,0.0,0.0,249
0.0000000001446204,[],22,[],2019-03-08 14:19:40,49087200.666666664,5.784816e-18,2.2569691016640004e-22,6878477,2019-03-08 14:19:40,LTC,0.72309718,0.0,0.00000004,LTC,15253328.153636364,2.1977562891075602e-10,1.18162413,252
1,[],28,[],2019-03-08 14:19:47,2806323.713,0.00000038,0.000000000014825852,6878478,2019-03-08 14:19:47,btc,164734.27475098078,328588.561,0.00000038,btc,2959939.4027,0.0,0.57997390182,256
1,[],22,[],2019-03-08 14:19:50,1326984.1,0.00000005,0.00000000000195077,6878479,2019-03-08 14:19:50,BTC,31.45874107,0.0,0.00000005,BTC,714381.4124533612,0.00082283,0.01894055,258
1,[],22,[],2019-03-08 14:19:54,48751.0,0.00000001,0.000000000000390154,6878480,2019-03-08 14:19:54,BTC,2.4175745,0.0,0.00000001,BTC,1762.0,0.0,0.00048751,259
1,[],5,[],2019-03-08 14:19:55,0.0,0,0,6878481,2019-03-08 14:19:55,btc,0.0,0.10048861,0,btc,0.0,0.0,0.0,264
1,[],20,[],2019-03-08 14:19:57,1252616.2319,0.00000191,0.000000000074519414,6878482,2019-03-08 14:19:57,btc,7.4718918422716,145603.2297,0.00000191,btc,108593.8178,0.3046846729425,0.0182540523157,264
0,[],22,[],2019-03-08 14:20:00,0.0,0,0,6878483,2019-03-08 14:20:00,,8.45833143,0.0,0,,464287.34411321935,0.0,0.0,271
0,[],22,[],2019-03-08 14:20:06,0.0,0,0,6878484,2019-03-08 14:20:06,,266.25197304,0.0,0,,13937792767.692,0.0,0.0,272
0.0000000000000051,[],28,[],2019-03-08 14:20:13,255791203537.905,4.845e-21,1.89029613e-25,6878485,2019-03-08 14:20:13,doge,37043410.75679647,30104264961.5547,0.00000095,doge,229658619104.5003,0.0,7.712720285511465e-10,272
1,[],22,[],2019-03-08 14:20:17,169759.74,0.00000100,0.0000000000390154,6878486,2019-03-08 14:20:17,BTC,74.41828749,0.0,0.00000100,"BTC,LTC",19618.48778575859,0.036666,0.05468592,281
1,[],22,[],2019-03-08 14:20:22,87121.42081447964,0.00000017,0.000000000006632618,6878487,2019-03-08 14:20:22,BTC,0.56702594,0.0,0.00000017,BTC,192301.99536840303,0.05938972,0.01114683,286
0,[],22,[],2019-03-08 14:20:38,0.0,0,0,6878488,2019-03-08 14:20:38,,43638.74003002,0.0,0,,691637845.0,0.0,0.0,294
