pairValue,buyBook,exchangeId,sellBook,updated,buyTotal,satoshiPrice,usdPrice,exchangeLogId,created,bestPair,sellTotalBtc,volume,pairPrice,activePairs,sellTotal,volumeBtc,buyTotalBtc,coinId
1,[],26,[],2019-02-02 04:01:52,0.0,0,0,6562146,2019-02-02 04:01:52,,0.0,0.0,0,,0.0,0.0,0.0,1
1,[],28,[],2019-02-02 04:01:54,987.9,0.01131000,0.00000039207246,6562147,2019-02-02 04:01:54,btc,0.162839806,17192.05,0.01131000,btc,8.9,0.0,0.024551096,1
1,[],3,[],2019-02-02 04:50:04,116.735331361651,0.01269679999999999940596406844406374148093163967132568359375,0.00000043936260656,6562232,2019-02-02 04:50:04,btc,107.00469129202831,0.1437668,0.01269679999999999940596406844406374148093163967132568359375,btc,13.864359727064,0.0,0.28480879833219397,1
1,[],4,[],2019-02-02 04:50:04,25076.5082161,0.01251556,0.000000433090941352,6562233,2019-02-02 04:50:04,btc,0.9083430884414156,0.0,0.01251556,btc,68.04585265,0.24598116,1.218847814793276,1
1,[],5,[],2019-02-02 04:50:07,0.22333313,0.01259999,0.000000436012573958,6562234,2019-02-02 04:50:07,btc,14578.42722565,0.01763349,0.01259999,btc,35555556.26496428,0.0,1.42123011,1
1,[],10,[],2019-02-02 04:50:09,272779.71260305,0.012352,0.00000042743107840000004,6562235,2019-02-02 04:50:09,btc,6536.1812003224895,1001.0734651,0.012352,btc,906.65499253,0.0,5.57642558495023,1
1,[],12,[],2019-02-02 04:50:12,10425.84328163,0.01246000000000000058897331456364554469473659992218017578125,0.00000043116833200000005,6562236,2019-02-02 04:50:12,btc,0.4001208726928,0.0,0.01246000000000000058897331456364554469473659992218017578125,btc,25.96401199,0.6624849936527,0.2229954540612,1
1,[],20,[],2019-02-02 04:50:14,1352.6885,0.010510001,0.00000036369017660420004,6562237,2019-02-02 04:50:14,btc,0.0572229104203,0.0,0.010510001,btc,2.5381,0.0,0.1074288685251,1
1,[],21,[],2019-02-02 04:50:15,2412.65712293,0.01248379999999999975801578955,0.00000043199191196000003,6562238,2019-02-02 04:50:15,btc,14.893958592921637,2319.43640253,0.0124837999999999997580157895527008804492652416229248046875,"btc,eth",1689.07359454,28.687088464797917,22.61473097595418,1
1,[],22,[],2019-02-02 04:50:19,0.0263776,0.01350000,0.0000004671567,6562239,2019-02-02 04:50:19,BTC,0.31397231,0.0,0.01350000,BTC,0.10124366666666666,0.0,0.00034472,1
1,[],24,[],2019-02-02 04:50:19,0.0,0.000000000000,0,6562240,2019-02-02 04:50:19,btc,0.0,0.0,0.000000000000,btc,0.0,0.0,0.0,1
0.0,[],25,[],2019-02-02 04:50:20,0.0,0,0,6562241,2019-02-02 04:50:20,btc,17.255099997590257,799.84857087,0.0,btc,1320.61117679,10.1242,0.0,1
0,[],2,[],2019-01-20 23:28:45,0.0,0,0,6477011,2019-01-20 23:28:45,,0.0,0.0,0,,0.0,0.0,0.0,1
1,[],5,[],2019-02-02 03:51:51,1.856e-05,0.00000067,0.000000000023199219000000003,6561953,2019-02-02 03:51:51,btc,0.1458597,0.02940262,0.00000067,btc,7.012e-05,0.0,0.45263854,2
0,[],22,[],2019-02-02 03:51:53,0.0,0,0,6561954,2019-02-02 03:51:53,,0.0,0.0,0,,0.0,0.0,0.0,2
1,[],5,[],2019-02-02 04:01:56,1.25e-06,0.00000016,0.00000000000554656,6562148,2019-02-02 04:01:56,btc,3.86676765,0.71984708,0.00000016,btc,2.204e-05,0.0,2.95233728,3
1,[],12,[],2019-02-02 04:01:56,12227122.10262522,0.000000167,0.000000000005789222,6562149,2019-02-02 04:01:56,btc,921349.3539261231,0.0,0.000000167,btc,7952950.7853393,0.05391455498209943,0.5062346556993222,3
0,[],28,[],2019-02-02 04:01:58,0.0,0,0,6562150,2019-02-02 04:01:58,,0.0,0.0,0,,0.0,0.0,0.0,3
0,[],2,[],2019-01-20 23:31:32,0.0,0,0,6477077,2019-01-20 23:31:32,,0.0,0.0,0,,0.0,0.0,0.0,4
1,[],4,[],2019-02-02 03:52:01,399752.04807927,0.00000033,0.000000000011426481,6561958,2019-02-02 03:52:01,btc,0.4119270224190579,0.0,0.00000033,btc,335939.02763068,0.00057883,0.0532688736348725,4
1,[],12,[],2019-02-02 03:52:02,1686423.07755556,0.0000001,0.0000000000034625700000000003,6561959,2019-02-02 03:52:02,btc,11014980.059058083,0.0,0.0000001,btc,835746.96308049,0.0277745754264899,0.037682820440000396,5
0,[],2,[],2019-01-20 23:31:51,0.0,0,0,6477087,2019-01-20 23:31:51,,0.0,0.0,0,,0.0,0.0,0.0,6
1,[],11,[],2019-02-02 04:02:00,7539121.5,0.00000002,0.00000000000069332,6562151,2019-02-02 04:02:00,btc,9433.349919680317,392365.0,0.00000002,btc,41580125.45717939,0.0,0.115391215,6
1,[],3,[],2019-02-02 04:02:01,1069.652384675756,0.000150559999999999995050348200464895853656344115734100341796875,0.00000000521931296,6562152,2019-02-02 04:02:01,btc,28.510202753279106,0.0,0.000150559999999999995050348200464895853656344115734100341796875,btc,234.145665820227,0.0,0.030997767816609203,7
1,[],4,[],2019-02-02 04:02:02,25782.42722041,0.00017701,0.00000000613622866,6562153,2019-02-02 04:02:02,btc,2.596280324596144,0.0,0.00017701,btc,13038.52600158,3.14836165,4.0891518542330445,7
1,[],5,[],2019-02-02 04:02:03,0.00510599,0.00017034,0.00000000590500644,6562154,2019-02-02 04:02:03,btc,1.1886373,0.09906645,0.00017034,btc,0.01103128,0.0,1.64368857,7
1,[],20,[],2019-02-02 03:52:08,62771509.8802,0.000000001,0.000000000000034625700000000004,6561964,2019-02-02 03:52:08,btc,136.3892062542774,0.0,0.000000001,btc,29825029.7669,0.0,0.0627715098802,8
0,[],2,[],2019-01-20 23:22:42,0.0,0,0,6476876,2019-01-20 23:22:42,,0.0,0.0,0,,0.0,0.0,0.0,9
0,[],23,[],2019-01-20 23:22:48,0.0,0,0,6476878,2019-01-20 23:22:48,,0.0,0.0,0,,0.0,0.0,0.0,9
1,[],1,[],2019-02-02 04:02:04,2915647.31,0.000001959999999999999868954651816022050070387194864451885223388671875,0.00000000006794535999999999,6562155,2019-02-02 04:02:04,btc,9.3018273462,20542521.72,0.000001959999999999999868954651816022050070387194864451885223388671875,btc,4658125.99,39.08795299,5.6497200733,9
1,[],4,[],2019-02-02 04:02:04,516607.20049339,0.00000195,0.0000000000675987,6562156,2019-02-02 04:02:04,btc,0.9529812710564538,0.0,0.00000195,btc,476997.85349543,1.55002854,0.9095217947054755,9
1,[],28,[],2019-02-02 04:02:06,34500.0,0.00000165,0.0000000000571989,6562157,2019-02-02 04:02:06,btc,2708.75028702,3470228.0,0.00000165,btc,7642.68,0.0,0.02854,9
1,[],4,[],2019-02-02 03:52:17,7515436.37826053,0.00000002,0.000000000000692514,6561968,2019-02-02 03:52:17,btc,0.2016722631640986,0.0,0.00000002,btc,4035993.99941361,0.0,0.0821381318652106,10
0,[],2,[],2019-01-20 23:23:08,0.0,0,0,6476890,2019-01-20 23:23:08,,0.0,0.0,0,,0.0,0.0,0.0,12
1,[],4,[],2019-02-02 04:02:07,4238295.68667196,0.00000136,0.00000000004714576,6562158,2019-02-02 04:02:07,btc,0.9953373111810953,0.0,0.00000136,btc,694314.87534471,1.13491115,2.473603817536381,12
1,[],5,[],2019-02-02 04:02:08,1.447e-05,0.00000133,0.000000000046105779999999997,6562159,2019-02-02 04:02:08,btc,0.62049429,0.61446521,0.00000133,btc,0.00011276,0.0,0.2530806,12
0.0,[],25,[],2019-02-02 04:02:09,0.0,0,0,6562160,2019-02-02 04:02:09,,0.0,0.0,0.0,btc,0.0,0.0,0.0,12
1,[],4,[],2019-02-02 04:02:10,288109.66116463,0.00000614,0.00000000021284924,6562161,2019-02-02 04:02:10,btc,0.5612129583942734,0.0,0.00000614,btc,81897.35393326,0.82510547,1.2018765136896048,13
1,[],10,[],2019-02-02 04:02:12,553121.76130745,0.00000624,0.00000000021631584,6562162,2019-02-02 04:02:12,btc,666809.5964252984,4184.85353705,0.00000624,btc,732037.03822161,0.0,0.7450748564831771,13
1,[],21,[],2019-02-02 04:02:13,1067808.34762475,0.000006180000000000000122683981030,0.00000000021423588,6562163,2019-02-02 04:02:13,btc,5.549745307067376,473673.458378,0.000006180000000000000122683981029769739734547329135239124298095703125,btc,793647.20924724,3.02713798,5.311086581206462,13
1,[],4,[],2019-02-02 04:02:14,1144390.09635929,0.00000189,0.00000000006551873999999999,6562164,2019-02-02 04:02:14,btc,0.1268003154686326,0.0,0.00000189,btc,55543.63424788,0.16724367,0.4356774665365604,14
1,[],12,[],2019-02-02 04:02:15,86857.42857143,0.00000141999999999999995691814247411599581027985550463199615478515625,0.00000000004922572,6562165,2019-02-02 04:02:15,btc,1.7848201777191792,0.0,0.00000141999999999999995691814247411599581027985550463199615478515625,btc,37415.01291797,0.0002103879235849,0.0105000900000016,14
0,[],17,[],2019-02-02 04:02:16,0.0,0,0,6562166,2019-02-02 04:02:16,btc,0.0,0.0,0,btc,0.0,0.0,0.0,14
1,[],26,[],2019-02-02 04:02:16,0.0,0,0,6562167,2019-02-02 04:02:16,,0.0,0.0,0,,0.0,0.0,0.0,14
0,[],4,[],2019-02-02 04:02:17,0.0,0,0,6562168,2019-02-02 04:02:17,,0.0,0.0,0,,0.0,0.0,0.0,15
,[],12,[],2018-12-01 15:15:48,204241.84496,0.00000489,0.000000000202473384,5260204,2018-12-01 15:15:48,btc,49.5475654835,0.0,,btc,35763.2193806,0.0163153972027625,0.0203389899998,15
0,[],2,[],2019-01-20 23:23:38,0.0,0,0,6476906,2019-01-20 23:23:38,,0.0,0.0,0,,0.0,0.0,0.0,18
1,[],4,[],2019-02-02 04:02:18,25723.59501533,0.00001788,0.0000000006198280799999999,6562169,2019-02-02 04:02:18,btc,1.2345082845821078,0.0,0.00001788,btc,7810.6012157,0.01454505,0.0931676954562445,18
1,[],10,[],2019-02-02 04:02:20,392084.73611766,0.00001716,0.0000000005948685599999999,6562170,2019-02-02 04:02:20,btc,15.542350847895747,10317.4603294,0.00001716,btc,10252.28817952,0.0,0.2141593610737434,18
1,[],12,[],2019-02-02 04:02:21,201067.49837327,0.0000176000000000000008976326626441988310034503228962421417236328125,0.0000000006101216000000001,6562171,2019-02-02 04:02:21,btc,0.1835915026040905,0.0,0.0000176000000000000008976326626441988310034503228962421417236328125,btc,1599.72865824,0.0004990001179143,0.0215321560010091,18
0,[],17,[],2019-02-02 04:02:23,0.0,0,0,6562172,2019-02-02 04:02:23,btc,0.0,0.0,0,btc,0.0,0.0,0.0,18
0,[],2,[],2019-01-20 23:24:19,0.0,0,0,6476924,2019-01-20 23:24:19,,0.0,0.0,0,,0.0,0.0,0.0,19
1,[],3,[],2019-02-02 04:02:23,108630.2152140883,0.00002600999999999999999825660290664330887011601589620113372802734375,0.00000000090166266,6562173,2019-02-02 04:02:23,btc,0.4695847914020689,58.0259966007,0.00002600999999999999999825660290664330887011601589620113372802734375,btc,5275.009832565921,0.0,0.09625628493181745,19
1,[],4,[],2019-02-02 04:02:24,57747.39763462,0.00003168,0.00000000109821888,6562174,2019-02-02 04:02:24,btc,0.4239357318390865,0.0,0.00003168,btc,11889.46682283,0.46427279,0.9678575605465543,19
1,[],5,[],2019-02-02 04:02:25,0.00040701,0.00003155,0.0000000010937123,6562175,2019-02-02 04:02:25,btc,0.28833289,0.00126853,0.00003155,btc,0.00311698,0.0,0.23845369,19
1,[],12,[],2019-02-02 04:02:27,133662.44252027,0.000027140000000000001037676888859806467735324986279010772705078125,0.0000000009408352400000001,6562176,2019-02-02 04:02:27,btc,1.9914752524711454,0.0,0.000027140000000000001037676888859806467735324986279010772705078125,btc,450.27457877,0.0007307392608051,0.0336728900001278,19
0,[],27,[],2019-02-02 04:02:28,0.0,0,0,6562177,2019-02-02 04:02:28,,0.0,0.0,0,btc,0.0,0.0,0.0,19
1,[],4,[],2019-02-02 04:02:29,9014587.35985938,0.00000014,0.00000000000485324,6562178,2019-02-02 04:02:29,btc,0.8119940963808697,0.0,0.00000014,btc,1597393.93239221,0.0,0.3455227171115698,20
1,[],4,[],2019-02-02 04:02:30,118638626.87822224,0.00000002,0.00000000000069332,6562179,2019-02-02 04:02:30,btc,0.6249717074486204,0.0,0.00000002,btc,16119509.54060579,0.01530547,1.382552121774285,21
1,[],12,[],2019-02-02 04:02:31,19045785.0,0.00000002,0.00000000000069332,6562180,2019-02-02 04:02:31,btc,668.5423801035276,0.0,0.00000002,btc,8459755.66333932,0.0116343695104895,0.25385222,21
0,[],17,[],2019-02-02 04:02:32,0.0,0,0,6562181,2019-02-02 04:02:32,btc,0.0,0.0,0,btc,0.0,0.0,0.0,21
1,[],12,[],2019-02-02 04:02:33,2438165457.531895,0.0000000001,0.0000000000000034666,6562182,2019-02-02 04:02:33,btc,1729404715476.2708,0.0,0.0000000001,btc,5053043057.1011305,0.011237324828571519,0.24381654575318953,23
0,[],27,[],2019-02-02 04:02:35,0.0,0,0,6562183,2019-02-02 04:02:35,,0.424699,0.0,0,eth,424699.0,0.0,0.0,23
1,[],4,[],2019-02-02 03:54:53,874500.31130916,0.00000079,0.000000000027354303,6561994,2019-02-02 03:54:53,btc,0.0800045824149519,0.0,0.00000079,btc,69654.77747097,0.00583264,0.3647268277779411,24
1,[],22,[],2019-02-02 03:54:57,11.76,0.00000100,0.0000000000346257,6561995,2019-02-02 03:54:57,BTC,7.415e-05,0.0,0.00000100,BTC,23.919354838709676,0.0,1.176e-05,24
0.0,[],25,[],2019-02-02 03:54:58,0.0,0,0,6561996,2019-02-02 03:54:58,,0.0,0.0,0.0,btc,0.0,0.0,0.0,24
1,[],4,[],2019-02-02 04:02:35,27066180.05810933,0.00000659,0.00000000022844894,6562184,2019-02-02 04:02:35,btc,0.2750718675310239,0.0,0.00000659,btc,26598.2511218,0.05025257,0.4226461212036372,26
1,[],10,[],2019-02-02 04:02:38,726294.19332131,0.00000664,0.00000000023018224,6562185,2019-02-02 04:02:38,btc,27.98350961551914,583.1767273,0.00000664,btc,13249.47153674,0.0,0.2097839141378928,26
0,[],2,[],2019-01-20 23:25:56,0.0,0,0,6476976,2019-01-20 23:25:56,,0.0,0.0,0,,0.0,0.0,0.0,26
1,[],3,[],2019-02-02 04:02:38,10052992.172243249,0.00000002,0.00000000000069332,6562186,2019-02-02 04:02:38,btc,2.280990233521768,721596.366608,0.00000002,btc,15509829.2655567,0.0,0.1202077230563507,27
1,[],5,[],2019-02-02 04:02:39,3e-08,0.00000002,0.00000000000069332,6562187,2019-02-02 04:02:39,btc,1.5203327,0.00493167,0.00000002,btc,4.69e-05,0.0,0.13369465,27
1,[],11,[],2019-02-02 04:02:40,10615374.41182718,0.00000005,0.0000000000017332999999999999,6562188,2019-02-02 04:02:40,btc,370.5931920764931,1000.0,0.00000005,btc,8220964.80991447,0.0,0.4936394994767663,27
1,[],4,[],2019-02-02 04:02:41,233075003.76157486,0.00000003,0.00000000000103998,6562189,2019-02-02 04:02:41,btc,4.0186491316510295,0.0,0.00000003,"btc,ltc",136677904.69909132,0.2328653,2.7336975172793694,29
1,[],7,[],2019-02-02 04:02:42,40879133.65546089,0.00000003,0.00000000000103998,6562190,2019-02-02 04:02:42,btc,44465206.205001295,1115793.98197,0.00000003,btc,40576003.64796201,0.03397856,0.7583274788061164,29
1,[],4,[],2019-02-02 04:02:43,1767089.70133596,0.00000027,0.00000000000935982,6562191,2019-02-02 04:02:43,btc,0.2654450435901006,0.0,0.00000027,btc,564311.6256136,0.03224464,0.1635758885551488,30
0,[],17,[],2019-02-02 04:02:44,0.0,0,0,6562192,2019-02-02 04:02:44,btc,0.0,0.0,0,btc,0.0,0.0,0.0,30
1,[],4,[],2019-02-02 04:02:45,1137051.93968401,0.00007433,0.00000000257672378,6562193,2019-02-02 04:02:45,btc,1.6137595118514068,0.0,0.00007433,btc,19002.13274718,0.86984998,2.5588206899375785,31
1,[],21,[],2019-02-02 04:04:45,47217.77082231,0.00007394999999999999501249653422,0.0000000025635506999999997,6562194,2019-02-02 04:04:45,btc,3.2267840679519666,81116.27400767,0.000073949999999999995012496534219081922856275923550128936767578125,btc,39746.54226629,6.12921555,3.2267926540184906,31
0,[],2,[],2019-01-20 23:28:43,0.0,0,0,6477009,2019-01-20 23:28:43,,0.0,0.0,0,,0.0,0.0,0.0,32
1,[],4,[],2019-02-02 04:04:45,145578332.305077,0.00000006,0.00000000000207996,6562195,2019-02-02 04:04:45,btc,3.0567488505341065,0.0,0.00000006,"btc,ltc",48698541.78617116,0.46929639,2.1082002433087226,33
1,[],12,[],2019-02-02 04:04:47,19712691.0,0.00000006,0.00000000000207996,6562196,2019-02-02 04:04:47,btc,17261782.045209523,0.0,0.00000006,btc,87053190.54945038,0.0299846046153852,0.7551609499999999,33
1,[],4,[],2019-02-02 04:04:47,109236091.60015793,0.00000001,0.00000000000034666,6562197,2019-02-02 04:04:47,btc,0.7635704372908659,0.0,0.00000001,btc,25452347.90969553,0.03419126,1.0923609160015793,34
1,[],5,[],2019-02-02 04:04:49,3e-08,0.00000002,0.00000000000069332,6562198,2019-02-02 04:04:49,btc,4.01460192,0.05536386,0.00000002,btc,1.394e-05,0.0,0.76793698,34
0.0000000000953528,[],4,[],2019-02-02 04:04:49,1433688441.1102064,3.814112e-18,1.32220006592e-22,6562199,2019-02-02 04:04:49,ltc,8.191376833951158e-09,0.0,0.00000004,ltc,1657741167.71454,0.0,2.672213967097123e-09,36
1,[],5,[],2019-02-02 04:04:51,0.0,0,0,6562200,2019-02-02 04:04:51,btc,203.09561006,0.0,0,btc,1.295e-05,0.0,0.0,36
0,[],17,[],2019-02-02 04:04:52,0.0,0,0,6562201,2019-02-02 04:04:52,btc,0.08200904471585106,0.0,0,btc,4841707.91583647,0.0,0.0,36
0.0000000000953528,[],27,[],2019-02-02 04:04:56,2000000.0,1.907056e-18,6.6110003296e-23,6562202,2019-02-02 04:04:56,ltc,447.7310973004,0.0,0.00000002,"ltc,eth",3711879.16,0.0,2.8605840000000002e-12,36
1,[],4,[],2019-02-02 03:55:20,496835.04388581,0.00000156,0.000000000054016092000000004,6562016,2019-02-02 03:55:20,btc,0.3626998685219088,0.0,0.00000156,btc,188404.77949451,0.05432891,0.4864109860572664,37
1,[],12,[],2019-02-02 03:55:21,455145.96337837,0.000001529999999999999962528346615642238504051420022733509540557861328125,0.000000000052977321000000005,6562017,2019-02-02 03:55:21,btc,1330.9722738844766,0.0,0.000001529999999999999962528346615642238504051420022733509540557861328125,btc,714375.00430626,0.2304932277521408,0.3525368704933422,37
1,[],17,[],2019-02-02 03:55:22,1752.74075282,0.00000025,0.000000000008656425,6562018,2019-02-02 03:55:22,btc,0.05548731396453361,0.0,0.00000025,btc,1388.79251806,0.0,0.00043818518820499993,37
1,[],27,[],2019-02-02 03:55:24,16843.0,0.00000046,0.000000000015927822,6562019,2019-02-02 03:55:24,btc,24.45584702489649,0.0,0.00000046,btc,5279.81438508,0.0,0.00561124,37
1,[],5,[],2019-02-02 04:04:57,1.191e-05,0.00000087,0.00000000003015942,6562203,2019-02-02 04:04:57,btc,0.10793783,0.01499262,0.00000087,btc,0.00010896,0.0,0.04832659,42
1,[],12,[],2019-02-02 04:04:58,152053.11904762,0.00000101000000000000007076262319161141789436442195437848567962646484375,0.00000000003501266,6562204,2019-02-02 04:04:58,btc,85.09561677343976,0.0,0.00000101000000000000007076262319161141789436442195437848567962646484375,btc,56018.33111633,0.0276287848298686,0.0518317800000007,42
0,[],27,[],2019-02-02 04:05:02,0.0,0,0,6562205,2019-02-02 04:05:02,,0.00315028,0.0,0,"btc,eth",11.007,0.0,0.0,42
1,[],5,[],2019-02-02 03:55:30,6e-08,0.00000003,0.000000000001038771,6562023,2019-02-02 03:55:30,btc,6.10271066,0.0,0.00000003,btc,1.425e-05,0.0,0.53368313,43
1,[],12,[],2019-02-02 03:55:31,8247703.0,0.00000002,0.000000000000692514,6562024,2019-02-02 03:55:31,btc,20007456.464662522,0.0,0.00000002,btc,38831663.74765234,0.0,0.09953449,43
0,[],17,[],2019-02-02 03:55:32,0.0,0,0,6562025,2019-02-02 03:55:32,btc,0.0,0.0,0,btc,0.0,0.0,0.0,43
1,[],12,[],2019-02-01 22:48:24,908726.0,0.00000009,0.000000000003125628,6561584,2019-02-01 22:48:24,btc,11115205.987656148,0.0,0.00000009,btc,987530.39760239,0.0151503521478516,0.02880263,44
1,[],4,[],2019-02-02 04:05:02,236309621.59364605,0.00000003,0.00000000000103998,6562206,2019-02-02 04:05:02,btc,0.18153162482253044,0.0,0.00000003,"btc,ltc",3741493.20244636,0.0024,0.5480446154829898,49
0.00000000009534650000000001,[],4,[],2019-02-02 03:55:34,4380348607.605704,9.534650000000001e-19,3.3014393050500006e-23,6562027,2019-02-02 03:55:34,ltc,4.9943946350432435,0.0,0.00000001,ltc,2358813573.4749765,0.0,4.1765090851507736e-09,52
0,[],22,[],2019-02-02 03:55:37,0.0,0,0,6562028,2019-02-02 03:55:37,,3693.709799,0.0,0,,259802666.90882352,0.0,0.0,57
0,[],27,[],2019-02-02 03:55:39,0.0,0,0,6562029,2019-02-02 03:55:39,,0.0,0.0,0,"btc,eth",0.0,0.0,0.0,57
0.0000000000953528,[],4,[],2019-02-02 04:05:03,1295484612.6383877,5.721168e-18,1.98330009888e-22,6562207,2019-02-02 04:05:03,ltc,3.310165343522259,0.0,0.00000006,ltc,1351762553.5457022,0.0,5.461770290431907e-09,58
1,[],12,[],2019-02-02 04:05:04,2204285142.282997,0.0000000006,0.0000000000000207996,6562208,2019-02-02 04:05:04,btc,625179814243.439,0.0,0.0000000006,btc,3217213683.064036,0.0421562091818182,0.8334024252645632,58
0,[],17,[],2019-02-02 04:05:06,0.0,0,0,6562209,2019-02-02 04:05:06,btc,1e+24,0.0,0,btc,41616695.95832568,0.0,0.0,58
0.0000000001236942,[],22,[],2019-02-02 04:05:09,137438.0,1.236942e-18,4.2879831372000005e-23,6562210,2019-02-02 04:05:09,XMR,69.8835922,0.0,0.00000001,XMR,9887963.0,0.0,0.00137438,58
1,[],5,[],2019-02-02 03:55:47,6.94e-06,0.00000060,0.00000000002077542,6562034,2019-02-02 03:55:47,btc,0.47155276,0.00649724,0.00000060,btc,0.00013489,0.0,0.09207972,61
1,[],22,[],2019-02-02 03:55:50,5111.5,0.00000011,0.000000000003808827,6562035,2019-02-02 03:55:50,BTC,1002.29606732,0.0,0.00000011,BTC,15028.700278135757,0.0,0.00051178,61
1,[],26,[],2019-02-02 03:55:50,0.0,0,0,6562036,2019-02-02 03:55:50,,0.0,0.0,0,,0.0,0.0,0.0,61
0,[],27,[],2019-02-02 03:55:52,0.0,0,0,6562037,2019-02-02 03:55:52,,0.1550356,0.0,0,"btc,eth",155.72848,0.0,0.0,61
1,[],28,[],2019-02-02 03:55:57,6898.304,0.00000130,0.000000000045013410000000005,6562038,2019-02-02 03:55:57,btc,2.064424118300105,866.0,0.00000130,btc,11198.17500005,0.0,0.00218011304,61
1,[],4,[],2019-02-01 22:49:18,1270148.02822792,0.00000169,0.000000000058692348,6561598,2019-02-01 22:49:18,btc,0.7103750232535303,0.0,0.00000169,btc,258904.83144311,0.09849332,0.9009442937427183,67
0.0,[],25,[],2019-02-01 22:49:20,0.0,0,0,6561599,2019-02-01 22:49:20,,0.0,0.0,0.0,btc,0.0,0.0,0.0,67
1,[],12,[],2019-02-02 03:55:58,3100797.68300001,0.0000001,0.0000000000034625700000000003,6562039,2019-02-02 03:55:58,btc,16893709.226820435,0.0,0.0000001,btc,2204380.5300699,0.0004886768931075,0.0849912128411122,71
,[],5,[],2018-11-20 23:02:39,1.5e-07,0.00000005,0.000000000002128045,4862160,2018-11-20 23:02:39,btc,2.84511358,0.0,,btc,0.00036572,0.0,0.07381892,74
1,[],5,[],2019-01-25 15:53:51,3.303e-05,0.00000156,0.000000000055588884,6499610,2019-01-25 15:53:51,btc,1.42844212,0.0,0.00000156,btc,0.00015937,0.0,0.49487621,75
0,[],20,[],2019-01-25 09:30:31,0.0,0,0,6495923,2019-01-25 09:30:31,btc,0.0,0.0,0,btc,0.0,0.0,0.0,81
1,[],4,[],2019-02-02 03:55:59,70997797.82492337,0.00000001,0.000000000000346257,6562040,2019-02-02 03:55:59,btc,0.8204662712247847,0.0,0.00000001,btc,15308970.37745218,0.0,0.7099779782492337,81
1,[],4,[],2019-02-02 04:05:10,23755.89085353,0.00007687,0.00000000266477542,6562211,2019-02-02 04:05:10,btc,1.0166088306000371,0.0,0.00007687,btc,9149.02454904,0.00240414,0.0875706193555275,82
1,[],21,[],2019-02-02 04:05:11,88858.17813322,0.00007530999999999999554387702938,0.0000000026106964599999996,6562212,2019-02-02 04:05:11,btc,3.6701547350461117,1584.45617588,0.000075309999999999995543877029380297472016536630690097808837890625,btc,41766.03822022,0.11990418,4.637047357492077,82
0,[],17,[],2019-02-01 22:49:28,0.0,0,0,6561604,2019-02-01 22:49:28,btc,0.0447233088476774,0.0,0,btc,999127.19588126,0.0,0.0,84
0.00000000009534650000000001,[],4,[],2019-02-02 03:56:02,459665697.28731745,1.2395045e-17,4.291871096565001e-22,6562043,2019-02-02 03:56:02,ltc,0.19754182504139642,0.0,0.00000013,ltc,79546240.54246742,0.0,1.5980531301409883e-09,85
,[],22,[],2018-11-20 23:09:34,3408.1,0.0000001,0.0000000000041895,4862324,2018-11-20 23:09:34,BTC,0.04624735,0.0,,BTC,4990.0,0.0,0.00033081,86
0,[],22,[],2019-02-02 03:56:05,0.0,0,0,6562044,2019-02-02 03:56:05,,2.07810912,0.0,0,,154826.94736842104,0.0,0.0,87
0,[],27,[],2019-02-02 03:56:07,0.0,0,0,6562045,2019-02-02 03:56:07,,0.0,0.0,0,btc,0.0,0.0,0.0,87
,[],2,[],2018-11-20 23:10:47,0.0,0,0,4862359,2018-11-20 23:10:47,,0.0,0.0,,,0.0,0.0,0.0,88
1,[],11,[],2019-02-02 04:05:13,104034.16021488,0.00018557999999999999518086879479739081943989731371402740478515625,0.00000000643331628,6562213,2019-02-02 04:05:13,btc,235.44292171369423,1032.43694675,0.00018557999999999999518086879479739081943989731371402740478515625,btc,184536.53173433,0.0,7.907353521903465,89
0,[],17,[],2019-02-02 03:56:11,0.0,0,0,6562048,2019-02-02 03:56:11,btc,0.0,0.0,0,btc,0.0,0.0,0.0,91
0,[],2,[],2019-01-20 23:31:45,0.0,0,0,6477083,2019-01-20 23:31:45,,0.0,0.0,0,,0.0,0.0,0.0,91
1,[],12,[],2019-02-02 03:56:09,518743.62839713,0.00000278999999999999996903843856033144987804917036555707454681396484375,0.00000000009660570300000001,6562047,2019-02-02 03:56:09,btc,3.6089766080485566,0.0,0.00000278999999999999996903843856033144987804917036555707454681396484375,btc,24269.39415164,0.0125617501697046,0.1493063878000135,91
0.0000000000953528,[],22,[],2019-02-02 04:05:25,27704795.57142857,6.674696e-18,2.31385011536e-22,6562214,2019-02-02 04:05:25,LTC,8.49222787,0.0,0.00000007,LTC,73854658.1,3.6234064000000004e-13,1.42417449,95
0.0000000000953528,[],4,[],2019-02-02 04:05:26,132606290.58677725,9.821338400000001e-17,3.404665169744e-21,6562215,2019-02-02 04:05:26,ltc,1.365556883767019,0.0,0.00000103,ltc,68411223.64071868,0.00097025,6.93038015262554e-10,96
1,[],12,[],2019-02-02 04:05:28,331524.0,0.00000001,0.00000000000034666,6562216,2019-02-02 04:05:28,btc,255063.40018142562,0.0,0.00000001,btc,7855469.33297676,0.00876711,0.00331524,96
0,[],17,[],2019-02-02 04:05:29,0.0,0,0,6562217,2019-02-02 04:05:29,btc,0.0,0.0,0,btc,0.0,0.0,0.0,96
1,[],4,[],2019-01-28 01:29:03,1472892.19429314,0.00000039,0.000000000013841295,6517118,2019-01-28 01:29:03,btc,0.30363706505258,0.0,0.00000039,btc,473598.41813208,0.02260545,0.1322524391209234,99
0,[],2,[],2019-01-20 23:23:55,0.0,0,0,6476914,2019-01-20 23:23:55,,0.0,0.0,0,,0.0,0.0,0.0,100
1,[],4,[],2019-02-02 04:05:30,71727.2951934,0.00004618,0.00000000160087588,6562218,2019-02-02 04:05:30,btc,3.4780515027505605,0.0,0.00004618,btc,62022.80846356,3.92888392,2.8165304182497346,100
1,[],22,[],2019-02-02 03:56:21,50000.0,0.00000001,0.000000000000346257,6562054,2019-02-02 03:56:21,BTC,23.50383609,0.0,0.00000001,BTC,11277.22,0.0,0.0005,101
1,[],4,[],2019-02-02 04:05:31,129585.36742137,0.00000099,0.00000000003431934,6562219,2019-02-02 04:05:31,btc,0.4081950012171689,0.0,0.00000099,btc,148590.36727443,0.00509257,0.074932278281151,103
1,[],12,[],2019-02-02 04:05:33,78393766.968,0.000000016,0.000000000000554656,6562220,2019-02-02 04:05:33,btc,138278964.5894564,0.0,0.000000016,btc,152873952.1083831,0.15488563132209093,0.48927503551199997,105
1,[],27,[],2019-02-02 04:05:35,26282.89,0.00000001,0.00000000000034666,6562221,2019-02-02 04:05:35,btc,0.6931767791760939,23.0,0.00000001,btc,717067.82781977,4.6e-07,0.0002628289,105
0,[],22,[],2019-02-02 04:05:37,0.0,0,0,6562222,2019-02-02 04:05:37,,1.07253299,0.0,0,,94300.0,0.0,0.0,107
1,[],26,[],2019-02-02 04:05:37,0.0,0,0,6562223,2019-02-02 04:05:37,,0.0,0.0,0,,0.0,0.0,0.0,107
1,[],5,[],2019-02-02 03:56:31,1e-08,0.00000001,0.000000000000346257,6562060,2019-02-02 03:56:31,btc,3.17190454,0.02483852,0.00000001,btc,1.512e-05,0.0,0.06639049,112
1,[],22,[],2019-02-02 03:56:34,1966.0,0.00000001,0.000000000000346257,6562061,2019-02-02 03:56:34,BTC,2.84243449,0.0,0.00000001,BTC,977103.5833333334,0.0,1.966e-05,112
0.000000000308956,[],27,[],2019-02-02 03:56:36,500000.0,3.08956e-18,1.06978177692e-22,6562062,2019-02-02 03:56:36,eth,1.25356065,0.0,0.00000001,"btc,eth",1328.0,0.0,1.54478e-12,112
1,[],4,[],2019-02-02 04:05:38,468343.12689589,0.00000380,0.0000000001317308,6562224,2019-02-02 04:05:38,btc,0.4972125261968518,0.0,0.00000380,btc,90512.54364659,0.07845218,0.2483365584085086,113
1,[],5,[],2019-02-02 04:05:40,2.707e-05,0.00000366,0.00000000012687756,6562225,2019-02-02 04:05:40,btc,2.14543732,0.00175,0.00000366,btc,0.00294886,0.0,0.20218562,113
1,[],17,[],2019-02-02 03:56:40,212548.72400000002,0.00000004,0.000000000001385028,6562065,2019-02-02 03:56:40,btc,1.3368030274053022,0.0,0.00000004,btc,51896.221,0.0,0.00460194896,116
0,[],27,[],2019-02-02 03:56:41,0.0,0,0,6562066,2019-02-02 03:56:41,,0.0,0.0,0,btc,0.0,0.0,0.0,116
1,[],4,[],2019-02-02 03:56:42,16927.9137278,0.00001800,0.0000000006232626000000001,6562067,2019-02-02 03:56:42,btc,0.0941211291302206,0.0,0.00001800,btc,4704.00482021,0.12748495,0.24920486619071,120
1,[],7,[],2019-02-02 03:56:43,2259.90238582,0.00001805000000000000167136270101675421528852893970906734466552734375,0.0000000006249938850000001,6562068,2019-02-02 03:56:43,btc,90.08812355627099,1.46021706,0.00001805000000000000167136270101675421528852893970906734466552734375,btc,22649.52252804,2.636e-05,0.0221641363370772,120
1,[],20,[],2019-02-02 03:56:45,1607251.0096,0.000000013,0.0000000000004501341,6562069,2019-02-02 03:56:45,btc,33.7489442370083,0.0,0.000000013,btc,1074422.3317,0.0,0.0088351098642,125
1,[],22,[],2019-02-02 03:56:48,3053.0,0.00000001,0.000000000000346257,6562070,2019-02-02 03:56:48,BTC,0.01444889,0.0,0.00000001,BTC,296264.5111111111,0.0,3.053e-05,126
0,[],2,[],2019-01-20 23:25:46,0.0,0,0,6476969,2019-01-20 23:25:46,,0.0,0.0,0,,0.0,0.0,0.0,131
1,[],4,[],2019-02-02 04:05:41,96803.5825077,0.00001495,0.0000000005182567,6562226,2019-02-02 04:05:41,btc,0.5902338731908146,0.0,0.00001495,btc,30423.96499807,0.2884051,0.6610367809705536,131
0,[],17,[],2019-02-02 04:05:43,0.0,0,0,6562227,2019-02-02 04:05:43,btc,0.0008451375975800001,0.0,0,btc,30.89614684,0.0,0.0,131
1,[],4,[],2019-02-02 04:05:43,4614.27362018,0.00016003,0.00000000554759998,6562228,2019-02-02 04:05:43,btc,1.6409811634667983,0.0,0.00016003,btc,302.35845559,0.00040005,0.0118639733568174,135
1,[],3,[],2019-02-01 22:50:26,1854884.85018509,0.00000008,0.000000000002778336,6561636,2019-02-01 22:50:26,btc,0.1685557201148478,3894.95,0.00000008,btc,399446.27963658,0.0,0.066548837337035,136
1,[],4,[],2019-02-02 03:56:51,99027.61993357,0.00000210,0.00000000007271397,6562074,2019-02-02 03:56:51,btc,0.4524855872542064,0.0,0.00000210,btc,170341.66836203,0.17044328,0.1409530226508522,137
1,[],12,[],2019-02-02 03:56:52,298028.73480167,0.00000191999999999999982841307998027158276954651228152215480804443359375,0.000000000066481344,6562075,2019-02-02 03:56:52,btc,11982.848311150774,0.0,0.00000191999999999999982841307998027158276954651228152215480804443359375,btc,126290.53913332,0.1350201504066839,0.029279301999826198,137
1,[],5,[],2019-02-02 03:56:54,0.00173388,0.00003985,0.0000000013798341450000001,6562076,2019-02-02 03:56:54,btc,17.78576954,3.15915832,0.00003985,btc,0.00445661,0.0,1.31233222,142
1,[],17,[],2019-02-02 03:56:55,12500.0,0.0000001,0.0000000000034625700000000003,6562077,2019-02-02 03:56:55,btc,20.26098602585787,0.0,0.0000001,btc,5932.0,0.0,0.00125,142
1,[],20,[],2019-02-02 03:56:57,149876.2718,0.000035081,0.0000000012147041817,6562078,2019-02-02 03:56:57,btc,4.1634021929492,832.1899,0.000035081,btc,10274.3328,0.0344018982761,0.2545976601554,142
1,[],22,[],2019-02-02 03:57:00,962.0,0.00001800,0.0000000006232626000000001,6562079,2019-02-02 03:57:00,BTC,3.00453575,0.0,0.00001800,BTC,900.098,0.0,0.0001637,142
0.0,[],25,[],2019-02-02 03:57:02,0.0,0,0,6562080,2019-02-02 03:57:02,,0.0,0.0,0.0,btc,0.0,0.0,0.0,142
1,[],28,[],2019-02-02 03:57:07,78610.0,0.00002500,0.0000000008656425000000001,6562081,2019-02-02 03:57:07,btc,0.03667767585,132.0,0.00002500,btc,732.8325,0.0,0.0293237,142
0,[],22,[],2019-01-28 18:33:43,0.0,0,0,6521842,2019-01-28 18:33:43,,61.27958297,0.0,0,,815366265.8,0.0,0.0,143
1,[],21,[],2019-02-02 04:05:44,33625744.5521307,0.00000027,0.00000000000935982,6562229,2019-02-02 04:05:44,btc,53.26159878638114,4035403.08043645,0.00000027,btc,92406283.50829661,1.11874436,5.115809510912918,145
0,[],22,[],2019-02-02 03:57:11,0.0,0,0,6562083,2019-02-02 03:57:11,,4.54910384,0.0,0,,1494760.5,0.0,0.0,146
,[],22,[],2018-11-20 23:01:11,0.0,0,0,4862114,2018-11-20 23:01:11,,2.56807021,0.0,,,61828.4988236,0.0,0.0,147
1,[],12,[],2019-02-02 04:05:45,8691002.69285005,0.00000376999999999999990351576446834247491324276779778301715850830078125,0.00000000013069082,6562230,2019-02-02 04:05:45,btc,16.56552768746627,0.0,0.00000376999999999999990351576446834247491324276779778301715850830078125,btc,112286.49663261,0.0023325412164879,0.1234243399999947,148
1,[],4,[],2019-02-02 03:57:12,209342.6407835,0.00000027,0.000000000009348939,6562084,2019-02-02 03:57:12,btc,0.6884510752891355,0.0,0.00000027,btc,503150.08636268,0.0,0.0421574567042101,152
0,[],22,[],2019-02-02 03:57:14,0.0,0,0,6562085,2019-02-02 03:57:14,,0.0,0.0,0,,0.0,0.0,0.0,152
1,[],5,[],2019-02-02 03:57:16,0.0,0,0,6562086,2019-02-02 03:57:16,btc,4.41264381,0.0,0,btc,0.00161275,0.0,0.0,153
,[],16,[],2019-01-11 15:38:59,0.0,0,0,6366141,2019-01-11 15:38:59,btc,0.0,0.0,,btc,0.0,0.0,0.0,155
0,[],22,[],2019-02-02 03:57:21,0.0,0,0,6562087,2019-02-02 03:57:21,,6.73312347,0.0,0,,4564272.742592593,0.0,0.0,156
0,[],23,[],2019-01-20 23:24:29,0.0,0,0,6476932,2019-01-20 23:24:29,,0.0,0.0,0,,0.0,0.0,0.0,156
1,[],22,[],2019-02-02 04:05:49,7906.0,0.00000801,0.00000000027767466,6562231,2019-02-02 04:05:49,BTC,43.78801181,0.0,0.00000801,BTC,1067.5805334758436,0.0,0.00743836,157
0,[],22,[],2019-02-02 03:57:28,0.0,0,0,6562089,2019-02-02 03:57:28,,50175.6753658,0.0,0,,54007107.04179466,0.0,0.0,158
,[],17,[],2018-11-20 22:56:10,0.0,0,0,4861976,2018-11-20 22:56:10,btc,1.1265625,0.0,,btc,1000.0,0.0,0.0,159
,[],20,[],2018-11-20 22:56:12,0.0,0,0,4861977,2018-11-20 22:56:12,btc,11912.7940471,0.0,,btc,34413894.3617,0.0,0.0,159
1,[],12,[],2019-02-02 03:57:29,189480.8850027,0.000008019999999999999446497443711390218368251225911080837249755859375,0.000000000277698114,6562090,2019-02-02 03:57:29,btc,6.689379703484848,0.0,0.000008019999999999999446497443711390218368251225911080837249755859375,btc,14975.78124826,0.0027097750589539,0.0900070517999787,168
1,[],17,[],2019-02-02 03:57:30,29784.95,0.000001,0.0000000000346257,6562091,2019-02-02 03:57:30,btc,0.0353989844335,0.0,0.000001,btc,196.82520268,0.0,0.00716147,168
0,[],22,[],2019-02-02 03:57:33,0.0,0,0,6562092,2019-02-02 03:57:33,,1.13380276,0.0,0,,689102.5537281231,0.0,0.0,169
1,[],22,[],2019-02-02 03:57:36,74718.8,0.0000004,0.000000000013850280000000001,6562093,2019-02-02 03:57:36,BTC,10.28444069,0.0,0.0000004,BTC,91021.76970303636,0.00552474,0.01342354,171
1,[],22,[],2019-02-02 03:57:40,421943.95454545453,0.00000011,0.000000000003808827,6562094,2019-02-02 03:57:40,BTC,2.6193961,0.0,0.00000011,BTC,243483.55012686423,0.00011,0.02917297,173
1,[],5,[],2019-02-02 03:57:42,4.004e-05,0.00000385,0.000000000133308945,6562095,2019-02-02 03:57:42,btc,0.39561426,0.02425306,0.00000385,btc,0.00033426,0.0,0.68235692,175
1,[],22,[],2019-02-02 03:57:45,147101.25714285715,0.00000039,0.000000000013504023000000001,6562096,2019-02-02 03:57:45,BTC,0.6258775,0.0,0.00000039,BTC,161432.17417750834,1.636e-05,0.01684037,176
1,[],7,[],2019-02-02 03:57:46,0.0,0,0,6562097,2019-02-02 03:57:46,btc,10965.591289893979,1118.88111887,0,btc,116191385.7106025,1.119e-05,0.0,178
0,[],22,[],2019-02-02 03:57:51,0.0,0,0,6562098,2019-02-02 03:57:51,,1.00242428,0.0,0,,57512.0,0.0,0.0,178
0,[],2,[],2019-01-20 23:28:34,0.0,0,0,6477001,2019-01-20 23:28:34,,0.0,0.0,0,,0.0,0.0,0.0,178
1,[],5,[],2019-02-02 03:57:53,3e-08,0.00000002,0.000000000000692514,6562099,2019-02-02 03:57:53,btc,17.24279616,0.07716594,0.00000002,btc,2.088e-05,0.0,1.26745453,179
1,[],22,[],2019-02-02 03:57:58,7842183.0,0.00000003,0.000000000001038771,6562100,2019-02-02 03:57:58,BTC,5.47629698,0.0,0.00000003,"BTC,LTC",17032733.401989967,0.000208,0.38978517,179
0,[],23,[],2019-01-20 23:25:08,0.0,0,0,6476952,2019-01-20 23:25:08,,0.0,0.0,0,,0.0,0.0,0.0,179
1,[],17,[],2019-02-02 03:58:01,10504.725,0.0000001,0.0000000000034625700000000003,6562101,2019-02-02 03:58:01,btc,5.206877489877203,0.0,0.0000001,btc,7465.6174587,0.0,0.0010504725,180
1,[],22,[],2019-02-02 03:58:05,8515.4,0.0000001,0.0000000000034625700000000003,6562102,2019-02-02 03:58:05,BTC,0.09634697,0.0,0.0000001,"BTC,LTC",16836.80336569223,0.0,0.00085154,180
1,[],26,[],2019-02-02 03:58:05,0.0,0,0,6562103,2019-02-02 03:58:05,,0.0,0.0,0,,0.0,0.0,0.0,180
,[],7,[],2018-11-20 22:58:01,562227.975654,0.00000085,0.000000000036176765,4862015,2018-11-20 22:58:01,btc,21836.6059674,2491.87645172,,btc,749999.041456,0.00211021,0.127565380455,183
,[],5,[],2019-01-10 08:11:41,0.0,0,0,6347036,2019-01-10 08:11:41,btc,82.15055501,0.00261,,btc,1.19002445,0.0,0.0,187
1,[],24,[],2019-02-02 03:58:06,0.0,0.000000000001,3.4625700000000005e-17,6562104,2019-02-02 03:58:06,btc,0.0,0.0,0.000000000001,btc,0.0,0.0,0.0,187
,[],17,[],2018-11-16 20:58:10,4062536.27273,0.00000001,0.000000000000550501,4708775,2018-11-16 20:58:10,btc,3.36492563466,0.195460381006,,"btc,eth",110697919.549,0.0,0.0157628953496,187
0,[],22,[],2019-02-02 03:58:09,0.0,0,0,6562105,2019-02-02 03:58:09,,1.19382741,0.0,0,,13380.036201072173,0.0,0.0,191
0,[],22,[],2019-01-29 02:57:02,0.0,0,0,6524994,2019-01-29 02:57:02,,0.0,0.0,0,,0.0,0.0,0.0,197
0,[],23,[],2019-01-20 23:31:41,0.0,0,0,6477079,2019-01-20 23:31:41,,0.0,0.0,0,,0.0,0.0,0.0,199
1,[],26,[],2019-02-02 03:58:09,0.0,0,0,6562106,2019-02-02 03:58:09,,0.0,0.0,0,,0.0,0.0,0.0,199
0,[],17,[],2019-01-30 16:32:01,0.0,0,0,6540827,2019-01-30 16:32:01,btc,6.802544163788159,0.0,0,btc,105897.55575295,0.0,0.0,200
0,[],2,[],2019-01-20 23:30:49,0.0,0,0,6477059,2019-01-20 23:30:49,,0.0,0.0,0,,0.0,0.0,0.0,201
1,[],4,[],2019-01-25 15:51:35,2084389.58565343,0.00000936,0.000000000333526752,6499557,2019-01-25 15:51:35,btc,2.0092503037378524,0.0,0.00000936,btc,160195.80207885,0.19272417,1.242687955921835,211
1,[],7,[],2019-02-02 03:58:16,23219197.39506073,0.00000137999999999999991637657063836552850943917292170226573944091796875,0.000000000047783466,6562107,2019-02-02 03:58:16,btc,16567793.78621591,2147832.95595,0.00000137999999999999991637657063836552850943917292170226573944091796875,btc,12095393.83951216,0.0,8.914991978385798,212
1,[],12,[],2019-01-25 02:44:32,207462.42853209,0.000001080000000000000035831255497387193287295303889550268650054931640625,0.000000000038610756000000006,6493050,2019-01-25 02:44:32,btc,85023.03793723314,0.0,0.000001080000000000000035831255497387193287295303889550268650054931640625,btc,43675.73520027,0.000146250909087,0.0348620860622024,213
1,[],5,[],2019-02-01 23:07:33,5.47e-06,0.00000035,0.000000000012162815000000001,6561729,2019-02-01 23:07:33,btc,1.01857902,0.21720679,0.00000035,btc,3.204e-05,0.0,0.29850174,213
1,[],24,[],2019-02-01 23:07:33,0.0,0.000000050000,0.0000000000017375450000000001,6561730,2019-02-01 23:07:33,btc,0.0,0.0,0.000000050000,btc,0.0,0.0,0.0,213
1,[],26,[],2019-02-01 23:07:33,0.0,0,0,6561731,2019-02-01 23:07:33,,0.0,0.0,0,,0.0,0.0,0.0,213
1,[],22,[],2019-02-02 03:58:26,276400.0,0.00000002,0.000000000000692514,6562108,2019-02-02 03:58:26,BTC,70.20243801,0.0,0.00000002,BTC,241693.63137942314,0.00024,0.004714,216
1,[],27,[],2019-02-02 03:58:29,5094545.0,0.0000001,0.0000000000034625700000000003,6562109,2019-02-02 03:58:29,btc,313.98499368316,0.0,0.0000001,"btc,ltc",287018.13411,0.0,0.0537135,216
1,[],22,[],2019-02-02 03:58:32,304070.6614597546,0.00000277,0.00000000009591318900000001,6562110,2019-02-02 03:58:32,BTC,12677.72375284,0.0,0.00000277,BTC,425770.17524833576,0.02822086,0.46021503,217
1,[],7,[],2019-02-02 03:58:33,0.0,0,0,6562111,2019-02-02 03:58:33,btc,302.57931663911063,0.0,0,btc,134740320.6214003,0.0,0.0,219
0,[],27,[],2019-02-02 03:58:35,0.0,0,0,6562112,2019-02-02 03:58:35,,0.0741038339680918,0.0,0,btc,1542429.2070951,0.0,0.0,219
0.0000000000000055,[],28,[],2019-02-02 03:58:40,205135012.733,6.05e-18,2.0948548500000003e-22,6562113,2019-02-02 03:58:40,doge,88554.0318717675,14168.0,0.00110000,"btc,doge",4969437.84751,0.0,3.009177320395367e-11,219
1,[],22,[],2019-02-02 03:58:43,203501.0,0.00000055,0.000000000019044135000000002,6562114,2019-02-02 03:58:43,BTC,2.3886113,0.0,0.00000055,BTC,31917.55212317522,0.0,0.02055738,221
1,[],24,[],2019-02-02 03:58:43,0.0,0.000000100000,0.0000000000034625700000000003,6562115,2019-02-02 03:58:43,btc,0.0,0.0,0.000000100000,btc,0.0,0.0,0.0,221
1,[],26,[],2019-02-02 03:58:44,0.0,0,0,6562116,2019-02-02 03:58:44,,0.0,0.0,0,,0.0,0.0,0.0,231
1,[],26,[],2019-02-02 03:58:44,0.0,0,0,6562117,2019-02-02 03:58:44,,0.0,0.0,0,,0.0,0.0,0.0,234
0,[],27,[],2019-02-02 03:58:46,0.0,0,0,6562118,2019-02-02 03:58:46,,0.0113483662182,0.0,0,"btc,eth",11462.99618,0.0,0.0,234
0.00000000009534650000000001,[],22,[],2019-02-02 03:58:49,8720000.0,9.534650000000001e-19,3.3014393050500006e-23,6562119,2019-02-02 03:58:49,LTC,3.57434439,0.0,0.00000001,LTC,94891979.68217893,2.0949151594000003e-13,0.0872,235
1,[],4,[],2019-02-02 03:58:50,729686.38420038,0.00000073,0.000000000025276761000000003,6562120,2019-02-02 03:58:50,btc,0.1544722374033724,0.0,0.00000073,btc,135221.25623806,0.01203013,0.1419921930183087,236
1,[],24,[],2019-02-02 03:58:50,0.0,0.000000010000,0.000000000000346257,6562121,2019-02-02 03:58:50,btc,0.0,0.0,0.000000010000,btc,0.0,0.0,0.0,236
1,[],20,[],2019-02-02 03:58:52,12616640.0754,0.00000006,0.000000000002077542,6562122,2019-02-02 03:58:52,btc,14.4451140817384,29524853.5445,0.00000006,btc,26059568.6873,1.9169825086982,0.3830734615818,237
1,[],22,[],2019-02-02 03:58:55,10000.0,0.00000001,0.000000000000346257,6562123,2019-02-02 03:58:55,BTC,0.04103605,0.0,0.00000001,BTC,6179.0,0.0,0.0001,237
1,[],4,[],2019-02-02 03:58:56,3627191.69976693,0.00000033,0.000000000011426481,6562124,2019-02-02 03:58:56,btc,0.4044723554645807,0.0,0.00000033,btc,1127875.22408743,0.12716125,1.0885832044044128,238
1,[],5,[],2019-02-02 03:58:57,4.29e-06,0.00000033,0.000000000011426481,6562125,2019-02-02 03:58:57,btc,0.78415344,0.0021876,0.00000033,btc,2.957e-05,0.0,0.37055658,238
1,[],22,[],2019-02-02 03:59:09,257468.0,0.00000004,0.000000000001385028,6562126,2019-02-02 03:59:09,BTC,15.41337693,0.0,0.00000004,BTC,283113.3139027493,0.0,0.00829884,249
0.00000000009534650000000001,[],22,[],2019-02-02 03:59:19,4179658.0,3.8138600000000004e-18,1.3205757220200002e-22,6562127,2019-02-02 03:59:19,LTC,0.78482199,0.0,0.00000004,LTC,14362861.015,8.9020069032e-13,0.12455864,252
1,[],28,[],2019-02-02 03:59:23,2209610.428,0.00000007,0.000000000002423799,6562128,2019-02-02 03:59:23,btc,164692.29415161125,173875.84,0.00000007,btc,797374.6695,0.0,0.06974358624,256
1,[],22,[],2019-02-02 03:59:27,110523.69642857143,0.00000008,0.000000000002770056,6562129,2019-02-02 03:59:27,BTC,35605.5639614,0.0,0.00000008,BTC,503576.43279209774,0.00058079,0.00319128,258
1,[],22,[],2019-01-26 20:58:41,368451.0,0.00000001,0.000000000000356135,6510120,2019-01-26 20:58:41,BTC,2.642917,0.0,0.00000001,"BTC,LTC",1862.0,0.0,0.02488451,259
1,[],22,[],2019-02-02 03:59:30,2299.8434677419355,0.00000800,0.0000000002770056,6562130,2019-02-02 03:59:30,BTC,4.68960145,0.0,0.00000800,BTC,6366.988399675977,4.234e-05,0.01602867,262
1,[],5,[],2019-02-02 03:59:32,6.184e-05,0.00000292,0.00000000010110704400000001,6562131,2019-02-02 03:59:32,btc,1.25331753,0.63720043,0.00000292,btc,0.00097228,0.0,0.28664253,264
1,[],20,[],2019-02-02 03:59:33,1176018.2912,0.00000231,0.00000000007998536700000001,6562132,2019-02-02 03:59:33,btc,5.0226633680484,40953.9141,0.00000231,btc,96876.6998,0.1737559406502,0.0361780820618,264
1,[],22,[],2019-02-02 03:59:37,143431.0,0.00000002,0.000000000000692514,6562133,2019-02-02 03:59:37,BTC,8.65643669,0.0,0.00000002,BTC,330779.0934647885,0.0,0.00237099,271
0,[],22,[],2019-02-02 03:59:47,0.0,0,0,6562134,2019-02-02 03:59:47,,365.48564614,0.0,0,,14203859303.9,0.0,0.0,272
0.0000000000000055,[],28,[],2019-02-02 03:59:51,221578774181.668,5.83e-21,2.0186783100000003e-25,6562135,2019-02-02 03:59:51,doge,75034691.88199472,497734528.0,0.00000106,doge,176259117306.662,0.0,6.986840587321168e-10,272
