pairValue,buyBook,exchangeId,sellBook,updated,buyTotal,satoshiPrice,usdPrice,exchangeLogId,created,bestPair,sellTotalBtc,volume,pairPrice,activePairs,sellTotal,volumeBtc,buyTotalBtc,coinId
1,[],3,[],2019-06-27 04:55:32,31402.264607312736,0.0078529900000000006643485761514966725371778011322021484375,0.000001020192925086000061941084242,7769936,2019-06-27 04:55:32,btc,9.416313259708495,44.8703930531,0.0078529900000000006643485761514966725371778011322021484375,btc,47.962666245689,0.0,0.31955870623092747,1
1,[],4,[],2019-06-27 04:55:33,207802.08897855,0.00791001,0.000001027600473113999975457715418,7769937,2019-06-27 04:55:33,btc,9.495980778138232,0.0,0.00791001,btc,466.25358917,7.05735385,0.6071762736257628,1
1,[],5,[],2019-06-27 04:55:34,0.0,0,0,7769938,2019-06-27 04:55:34,btc,0.0,0.19741764,0,btc,0.0,0.0,0.0,1
1,[],10,[],2019-06-27 04:55:37,249028.96860412,0.00220484,0.000000286433851176,7769939,2019-06-27 04:55:37,btc,6521.426567064954,1567.70565038,0.00220484,btc,1260.84577254,0.0,1.2075488231059999,1
1,[],12,[],2019-06-27 04:55:39,105.61798923,0.00788999999999999944433337617510915151797235012054443359375,0.000001025000945999999903332371149,7769940,2019-06-27 04:55:39,btc,0.6440471158883,0.0,0.00788999999999999944433337617510915151797235012054443359375,btc,28.41307305,2.26682906373,0.2067645422933,1
1,[],20,[],2019-06-27 04:55:40,928.1516,0.008010042,0.000001040595770278799975147347440,7769941,2019-06-27 04:55:40,btc,0.1470081562978,0.6692,0.008010042,btc,10.9622,0.0069389491548,0.1256093742807,1
1,[],21,[],2019-06-27 04:55:41,2314.41932561,0.007884399999999999741895351235,0.000001024273442159999942006438962,7769942,2019-06-27 04:55:41,btc,11.194788027228967,25244.289528459998,0.00788439999999999974189535123514360748231410980224609375,"btc,eth",1952.27944047,184.99301913909122,13.283521781387448,1
1,[],22,[],2019-06-27 04:55:45,0.0199,0.00110000,0.00000014290254,7769943,2019-06-27 04:55:45,BTC,0.01666796,0.0,0.00110000,BTC,0.25318100557485945,0.0,2.189e-05,1
1,[],24,[],2019-06-27 04:55:46,0.0,0.000000000000,0,7769944,2019-06-27 04:55:46,btc,0.0,0.0,0.000000000000,btc,0.0,0.0,0.0,1
0.0,[],25,[],2019-06-27 04:55:47,0.0,0,0,7769945,2019-06-27 04:55:47,btc,15.184499999480474,20141.78651298,0.0,btc,1786.0593831,167.113,0.0,1
1,[],26,[],2019-06-27 04:55:49,0.0,0,0,7769946,2019-06-27 04:55:49,,0.0,0.0,0,,0.0,0.0,0.0,1
0,[],28,[],2019-06-27 04:55:51,0.0,0,0,7769947,2019-06-27 04:55:51,,0.0,0.0,0,,0.0,0.0,0.0,1
0,[],2,[],2019-01-20 23:28:45,0.0,0,0,6477011,2019-01-20 23:28:45,,0.0,0.0,0,,0.0,0.0,0.0,1
1,[],5,[],2019-06-17 14:29:02,0.0,0,0,7740076,2019-06-17 14:29:02,btc,0.0,2.72e-05,0,btc,0.0,0.0,0.0,2
1,[],22,[],2019-06-17 14:29:06,11550.3,0.0000002,0.0000000000185828,7740077,2019-06-17 14:29:06,BTC,21.00897301,0.0,0.0000002,"BTC,XMR",20678.87287795317,1.754e-05,0.00143681,2
1,[],5,[],2019-06-03 14:48:58,0.0,0,0,7731126,2019-06-03 14:48:58,btc,0.0,0.05905545,0,btc,0.0,0.0,0.0,3
1,[],12,[],2019-06-03 14:48:59,3468623.70302,0.000000116,0.000000000009823402000000002,7731127,2019-06-03 14:48:59,btc,169531.0336573751,0.0,0.000000116,btc,2361209.62379607,0.041350953071,0.33764769154428,3
0,[],28,[],2019-06-03 14:49:00,0.0,0,0,7731128,2019-06-03 14:49:00,,0.0,0.0,0,,0.0,0.0,0.0,3
0,[],2,[],2019-01-20 23:31:32,0.0,0,0,6477077,2019-01-20 23:31:32,,0.0,0.0,0,,0.0,0.0,0.0,4
1,[],4,[],2019-05-18 21:29:50,562734.9206932,0.00000010,0.000000000007298720000000001,7650946,2019-05-18 21:29:50,btc,41.9347137769675,0.0,0.00000010,btc,1123702.32192634,0.00052462,0.029254593370966,4
0,[],12,[],2019-06-02 05:03:43,0.0,0,0,7724919,2019-06-02 05:03:43,btc,625.901992874995,0.0,0,btc,1211362.4995005,0.0,0.0,5
0,[],2,[],2019-01-20 23:31:51,0.0,0,0,6477087,2019-01-20 23:31:51,,0.0,0.0,0,,0.0,0.0,0.0,6
1,[],11,[],2019-06-27 04:55:52,6351847.276736,0.00000001,0.000000000001299114,7769948,2019-06-27 04:55:52,btc,9583.574569362632,10000.0,0.00000001,btc,76678844.64770687,0.0,0.06351847276736,6
1,[],3,[],2019-06-27 04:55:53,11552.538883735666,0.0000521500000000000004459106694998382636185851879417896270751953125,0.00000000677487951,7769949,2019-06-27 04:55:53,btc,1026.2793349029862,627.29874475,0.0000521500000000000004459106694998382636185851879417896270751953125,btc,344.652431773096,0.0,0.013470278540137165,7
1,[],4,[],2019-06-27 04:55:54,318396.07965849,0.00006463,0.000000008396173782,7769950,2019-06-27 04:55:54,btc,6.743757953918026,0.0,0.00006463,btc,52308.61012656,1.09774749,1.861647697823534,7
1,[],5,[],2019-06-27 04:55:56,0.0,0,0,7769951,2019-06-27 04:55:56,btc,0.0,0.24989088,0,btc,0.0,0.0,0.0,7
1,[],20,[],2019-04-07 22:06:50,3201475.0482,0.000000001,0.000000000000051590000000000004,7213932,2019-04-07 22:06:50,btc,30.8005781811902,0.0,0.000000001,btc,23077405.3926,0.0,0.0032014750482,8
0,[],2,[],2019-01-20 23:22:42,0.0,0,0,6476876,2019-01-20 23:22:42,,0.0,0.0,0,,0.0,0.0,0.0,9
0,[],23,[],2019-01-20 23:22:48,0.0,0,0,6476878,2019-01-20 23:22:48,,0.0,0.0,0,,0.0,0.0,0.0,9
1,[],4,[],2019-06-27 04:55:58,1792691.48923517,0.00000038,0.000000000049366331999999996,7769952,2019-06-27 04:55:58,btc,2.91596770577031,0.0,0.00000038,btc,3083919.68725122,0.59189848,0.2857769252533607,9
0,[],28,[],2019-06-27 04:55:59,0.0,0,0,7769953,2019-06-27 04:55:59,,0.0,0.0,0,,0.0,0.0,0.0,9
1,[],1,[],2019-02-17 23:31:42,1822507.21,0.00000181000000000000003456111265232042484285557293333113193511962890625,0.000000000066086901,6701244,2019-02-17 23:31:42,btc,3.6990969245,17153386.5,0.00000181000000000000003456111265232042484285557293333113193511962890625,btc,1997391.71,31.11772986,3.2610482446,9
1,[],4,[],2019-02-17 11:22:43,4341674.27126056,0.00000002,0.0000000000007272960000000001,6696112,2019-02-17 11:22:43,btc,0.1997230937751353,0.0,0.00000002,btc,4109766.79808031,0.00215132,0.0479381022052112,10
0,[],2,[],2019-01-20 23:23:08,0.0,0,0,6476890,2019-01-20 23:23:08,,0.0,0.0,0,,0.0,0.0,0.0,12
1,[],4,[],2019-06-27 04:56:02,43592399.78642399,0.00000027,0.000000000035076078,7769954,2019-06-27 04:56:02,btc,6.97868692481625,0.0,0.00000027,btc,8000552.19239739,0.80748933,1.8408439088631012,12
1,[],5,[],2019-06-27 04:56:03,0.0,0,0,7769955,2019-06-27 04:56:03,btc,0.0,0.10031624,0,btc,0.0,0.0,0.0,12
0.0,[],25,[],2019-06-27 04:56:05,0.0,0,0,7769956,2019-06-27 04:56:05,,0.0,0.0,0.0,btc,0.0,0.0,0.0,12
1,[],10,[],2019-06-27 04:17:13,620061.5136679,0.00000245,0.000000000319410175,7769881,2019-06-27 04:17:13,btc,666797.6785815855,103563.522129,0.00000245,btc,882380.56011386,0.0,0.2505864018604287,13
1,[],4,[],2019-06-27 04:56:07,500106.79013275,0.00000252,0.000000000327376728,7769957,2019-06-27 04:56:07,btc,1.9876513733098649,0.0,0.00000252,btc,340075.92656595,0.25545876,0.3099765073788119,13
1,[],21,[],2019-06-27 04:56:10,6064155.98414999,0.000002449999999999999836193314770,0.00000000031828293,7769958,2019-06-27 04:56:10,btc,3.446897377802713,1203894.49729446,0.00000244999999999999983619331477002756258798399358056485652923583984375,btc,1017213.92533345,3.2286547,3.1707077638897707,13
1,[],4,[],2019-06-27 04:56:11,890950.00892015,0.00000042,0.000000000054562788,7769959,2019-06-27 04:56:11,btc,3.8160638609029625,0.0,0.00000042,btc,1644712.24233424,0.00431861,0.0614267632100082,14
1,[],12,[],2019-06-27 04:56:12,227470.38575391,0.00000049,0.000000000063656586,7769960,2019-06-27 04:56:12,btc,193.4813962564078,0.0,0.00000049,btc,37629.58920806,0.00625517,0.01183512999999,14
1,[],26,[],2019-06-27 04:58:12,0.0,0.00000050,0.0000000000649557,7769961,2019-06-27 04:58:12,btc,0.0,0.0,0.00000050,btc,0.0,0.0,0.0,14
0,[],17,[],2019-05-03 00:53:32,0.0,0,0,7558876,2019-05-03 00:53:32,btc,0.0,0.0,0,btc,0.0,0.0,0.0,14
0,[],4,[],2019-06-27 04:58:13,0.0,0,0,7769962,2019-06-27 04:58:13,,0.0,0.0,0,,0.0,0.0,0.0,15
,[],12,[],2018-12-01 15:15:48,204241.84496,0.00000489,0.000000000202473384,5260204,2018-12-01 15:15:48,btc,49.5475654835,0.0,,btc,35763.2193806,0.0163153972027625,0.0203389899998,15
0,[],2,[],2019-01-20 23:23:38,0.0,0,0,6476906,2019-01-20 23:23:38,,0.0,0.0,0,,0.0,0.0,0.0,18
1,[],4,[],2019-06-27 04:58:14,31390.18038955,0.00000803,0.000000001043188542,7769963,2019-06-27 04:58:14,btc,2.3677643869487155,0.0,0.00000803,btc,17250.77155584,0.03370502,0.0404724683912523,18
1,[],10,[],2019-06-27 04:58:16,402363.47025958,0.00000777,0.000000001009411578,7769964,2019-06-27 04:58:16,btc,14.904516642571583,23558.3360266,0.00000777,btc,12001.89959674,0.0,0.2887920142364818,18
1,[],12,[],2019-06-27 04:58:16,930.67693448,0.000008509999999999999837252580292545900420009274967014789581298828125,0.000000001105546014,7769965,2019-06-27 04:58:16,btc,0.5224305991799477,0.0,0.000008509999999999999837252580292545900420009274967014789581298828125,btc,1928.78278592,1.6213e-06,0.0035333622689148,18
0,[],17,[],2019-05-03 00:53:39,0.0,0,0,7558882,2019-05-03 00:53:39,btc,0.0,0.0,0,btc,0.0,0.0,0.0,18
1,[],3,[],2019-06-27 04:21:21,153230.47999281556,0.0000062700000000000001080233992534207487778985523618757724761962890625,0.000000000817429305,7769889,2019-06-27 04:21:21,btc,190.3349010782261,16784.9873264,0.0000062700000000000001080233992534207487778985523618757724761962890625,btc,18320.362927770635,0.0,0.0506997797746771,19
1,[],4,[],2019-06-27 04:21:22,220677.85158687,0.00000694,0.00000000090477821,7769890,2019-06-27 04:21:22,btc,4.684612894451283,0.0,0.00000694,btc,240648.66020203,0.45374372,0.8729769455018981,19
1,[],5,[],2019-06-27 04:21:23,0.0,0,0,7769891,2019-06-27 04:21:23,btc,0.0,0.0105485,0,btc,0.0,0.0,0.0,19
1,[],12,[],2019-06-27 04:21:24,107198.06485887,0.0000060599999999999995775427918953681682978640310466289520263671875,0.0000000007900512899999999,7769892,2019-06-27 04:21:24,btc,1.20414472106861,0.0,0.0000060599999999999995775427918953681682978640310466289520263671875,btc,2887.62639864,3.03e-05,0.0097525499996651,19
0,[],27,[],2019-06-27 04:21:29,0.0,0,0,7769893,2019-06-27 04:21:29,,0.0,0.0,0,btc,0.0,0.0,0.0,19
0,[],2,[],2019-01-20 23:24:19,0.0,0,0,6476924,2019-01-20 23:24:19,,0.0,0.0,0,,0.0,0.0,0.0,19
1,[],4,[],2019-06-27 04:21:30,10071183.5721973,0.00000005,0.000000000006518575,7769894,2019-06-27 04:21:30,btc,5.167998863111745,0.0,0.00000005,btc,2252055.32861253,0.00297019,0.1164441385301316,20
0,[],4,[],2019-06-27 04:21:30,0.0,0,0,7769895,2019-06-27 04:21:30,,12556.882051226485,0.0,0,,81616188.36940409,0.0,0.0,21
0,[],12,[],2019-06-27 04:21:32,0.0,0,0,7769896,2019-06-27 04:21:32,btc,2602.952842246953,0.0,0,btc,8021263.49350646,0.0,0.0,21
0,[],17,[],2019-05-03 00:53:51,0.0,0,0,7558891,2019-05-03 00:53:51,btc,0.0,0.0,0,btc,0.0,0.0,0.0,21
1,[],12,[],2019-06-27 04:23:34,5889521432.277,0.0000000004,0.000000000000052148600000000003,7769897,2019-06-27 04:23:34,btc,1426620275134.3132,0.0,0.0000000004,btc,2824659049.717716,0.036514726358,1.4683283903108002,23
0.00000000025993140000000003,[],27,[],2019-06-27 04:23:38,115818000.53796203,7.797942e-18,1.0166293954530001e-21,7769898,2019-06-27 04:23:38,eth,1072.78354600082,538939.96203796,0.00000003,eth,5546298.756,4.2026228614800004e-12,5.694883677253419e-10,23
1,[],4,[],2019-06-22 05:45:29,6100414.07522138,0.00000017,0.00000000001823352,7751732,2019-06-22 05:45:29,btc,10.22685272773715,0.0,0.00000017,btc,1790815.48208265,0.0,0.1345450262400025,24
0,[],22,[],2019-06-22 05:45:31,0.0,0,0,7751733,2019-06-22 05:45:31,,6.22e-05,0.0,0,,517.4264705882352,0.0,0.0,24
0.0,[],25,[],2019-06-22 05:45:32,0.0,0,0,7751734,2019-06-22 05:45:32,,0.0,0.0,0.0,btc,0.0,0.0,0.0,24
0,[],2,[],2019-01-20 23:25:56,0.0,0,0,6476976,2019-01-20 23:25:56,,0.0,0.0,0,,0.0,0.0,0.0,26
1,[],4,[],2019-06-27 04:00:32,26916162.70174179,0.00000256,0.000000000328059392,7769783,2019-06-27 04:00:32,btc,6.132396852572632,0.0,0.00000256,btc,205584.22698279,0.11669925,0.3176367423835361,26
1,[],10,[],2019-06-27 04:00:34,129721.9448488,0.0000036,0.00000000046133351999999996,7769784,2019-06-27 04:00:34,btc,25.362476865190306,5743.29714033,0.0000036,btc,20542.52217703,0.0,0.0499004046960662,26
1,[],5,[],2019-04-26 09:47:06,0.0,0,0,7465326,2019-04-26 09:47:06,btc,0.0,0.0,0,btc,0.0,0.0,0.0,27
1,[],3,[],2019-06-17 14:30:26,13571825.64059417,0.00000001,0.00000000000092914,7740112,2019-06-17 14:30:26,btc,3.485049956644059,4264730.43754,0.00000001,btc,23500048.28518193,0.0,0.1357182564059417,27
1,[],11,[],2019-06-17 14:30:28,2031833.58157834,0.00000001,0.00000000000092914,7740113,2019-06-17 14:30:28,btc,67502.92060589766,32677.9652116,0.00000001,btc,6487362.95640949,0.0,0.0203183358157834,27
0.00000000010015170000000001,[],4,[],2019-06-27 04:23:39,355046371.5381934,9.614563200000001e-17,1.2534650262288001e-20,7769899,2019-06-27 04:23:39,ltc,10.144424653963863,0.0,0.00000096,ltc,575543071.4525312,3.18886608,8.651348256712496e-09,29
1,[],7,[],2019-06-27 04:23:40,61853297.37986747,0.00000001,0.000000000001303715,7769900,2019-06-27 04:23:40,btc,46548272.25371038,19563529.9337,0.00000001,btc,39926093.157072924,0.19564076,0.6185329737986748,29
1,[],4,[],2019-06-27 04:23:41,15532901.4650687,0.00000003,0.000000000003911145,7769901,2019-06-27 04:23:41,btc,2.5710630992907073,0.0,0.00000003,btc,2210862.83729887,0.00260452,0.1640680086667236,30
0,[],17,[],2019-05-03 01:11:25,0.0,0,0,7559066,2019-05-03 01:11:25,btc,0.0,0.0,0,btc,0.0,0.0,0.0,30
1,[],4,[],2019-06-27 04:25:41,239495.99030089,0.00002771,0.000000003612594265,7769902,2019-06-27 04:25:41,btc,3.3737030657020544,0.0,0.00002771,btc,54807.26560712,0.8780307,0.5157319123809936,31
1,[],21,[],2019-06-27 04:25:42,854758.32068876,0.00003011000000000000140091063749,0.000000003925485865,7769903,2019-06-27 04:25:42,btc,9.019642881191293,1043877.2412662,0.0000301100000000000014009106374945901052342378534376621246337890625,btc,231795.59473888,31.63133417,4.985096983147571,31
0,[],2,[],2019-01-20 23:28:43,0.0,0,0,6477009,2019-01-20 23:28:43,,0.0,0.0,0,,0.0,0.0,0.0,32
1,[],12,[],2019-03-30 07:55:10,40641173.964,0.00000003,0.000000000001228359,7108785,2019-03-30 07:55:10,btc,4233210.82356125,0.0,0.00000003,btc,28378394.68333462,0.0126927883965248,0.90752895892,33
0,[],4,[],2019-06-27 04:02:39,0.0,0,0,7769790,2019-06-27 04:02:39,,0.0,0.0,0,,0.0,0.0,0.0,33
0.0000000001015919,[],4,[],2019-06-27 04:02:41,147147204.2517082,4.4700436e-17,5.7282804126152006e-21,7769791,2019-06-27 04:02:41,ltc,4.522920209384021,0.0,0.00000044,ltc,164057111.67375258,0.0,6.070303496613278e-10,34
1,[],5,[],2019-06-27 04:02:42,0.0,0,0,7769792,2019-06-27 04:02:42,btc,0.0,0.0427168,0,btc,0.0,0.0,0.0,34
0.0000000002926451,[],17,[],2019-05-02 18:17:47,200000.0,2.9264510000000002e-18,1.596703856561e-22,7556430,2019-05-02 18:17:47,eth,0.20942468735267253,0.0,0.00000001,"btc,eth",1018272.20243647,0.0,5.852902e-13,36
0.0000000001311821,[],4,[],2019-05-31 13:28:19,2417517744.0607657,1.311821e-18,1.105058333085e-22,7717483,2019-05-31 13:28:19,ltc,5.019900492391546e-08,0.0,0.00000001,ltc,7102398142.262129,0.0,3.171350544531538e-09,36
1,[],5,[],2019-05-31 13:28:21,0.0,0,0,7717484,2019-05-31 13:28:21,btc,0.0,0.0,0,btc,0.0,0.0,0.0,36
0.0000000003108179,[],27,[],2019-05-31 13:30:34,10388811.226876,6.216358000000001e-18,5.236566733830001e-22,7717485,2019-05-31 13:30:34,eth,1569.8708019850988,761866.634299,0.00000002,"ltc,eth",5084024.2511555,4.736034912207001e-12,3.3251980286483705e-11,36
1,[],4,[],2019-06-25 10:05:55,10747826.61931615,0.00000014,0.000000000015920562,7762320,2019-06-25 10:05:55,btc,19773.05513423956,0.0,0.00000014,btc,682946.14349671,0.0006293,0.1362851255028938,37
1,[],12,[],2019-06-25 10:05:57,4167862.54235103,0.00000013,0.000000000014783379,7762321,2019-06-25 10:05:57,btc,7.381091518261743,0.0,0.00000013,btc,1713444.53926904,0.016313049979,0.1478110147956336,37
1,[],27,[],2019-06-25 10:08:02,10970.0,0.00000019,0.000000000021606477,7762322,2019-06-25 10:08:02,btc,22.62970013895233,0.0,0.00000019,btc,4298.824295,0.0,0.00167419,37
1,[],17,[],2019-05-03 01:11:36,211752.74075282,0.00000025,0.000000000013700074999999998,7559074,2019-05-03 01:11:36,btc,0.055484923955058496,0.0,0.00000025,"btc,eth",1387.19918473,0.0,0.0005381851887916605,37
1,[],5,[],2019-06-27 04:25:44,0.0,0,0,7769904,2019-06-27 04:25:44,btc,0.0,0.28803984,0,btc,0.0,0.0,0.0,42
1,[],12,[],2019-06-27 04:25:45,2037881.60750604,0.000001599999999999999927596978921418013896982301957905292510986328125,0.00000000020859439999999998,7769905,2019-06-27 04:25:45,btc,524.5534530993189,0.0,0.000001599999999999999927596978921418013896982301957905292510986328125,btc,132973.82756479,0.13890221556,0.0772919849998497,42
1,[],27,[],2019-06-27 04:25:51,683.0,0.00000140,0.00000000018252009999999999,7769906,2019-06-27 04:25:51,btc,0.28121195,0.0,0.00000140,"btc,eth",42.62,0.0,0.0005422,42
1,[],12,[],2019-03-13 09:13:29,1112112.0,0.00000001,0.000000000000386531,6919902,2019-03-13 09:13:29,btc,29058.00478931866,0.0,0.00000001,btc,5967681.93306694,9.99000999e-07,0.01112112,43
1,[],5,[],2019-04-26 22:38:52,0.0,0,0,7474154,2019-04-26 22:38:52,btc,0.0,0.02638891,0,btc,0.0,0.0,0.0,43
0,[],17,[],2019-04-26 22:38:53,0.0,0,0,7474155,2019-04-26 22:38:53,btc,0.0,0.0,0,btc,0.0,0.0,0.0,43
1,[],12,[],2019-03-05 01:54:08,639326.02,0.00000004,0.000000000001486676,6845775,2019-03-05 01:54:08,btc,11116042.728239931,0.0,0.00000004,btc,1103841.4595604,0.0003330765234764,0.014975410599999999,44
0.00000000010015170000000001,[],4,[],2019-06-27 04:25:52,108351376.9511354,4.2063714e-17,5.4839094897510005e-21,7769907,2019-06-27 04:25:52,ltc,2762.209237637441,0.0,0.00000042,ltc,26120831.29496898,0.0013066,4.719767057022844e-10,49
0.00000000010015170000000001,[],4,[],2019-06-27 04:25:52,316804675.38699335,1.9028823e-17,2.4808161977445e-21,7769908,2019-06-27 04:25:52,ltc,28231.036048292695,0.0,0.00000019,ltc,196293526.36265674,0.0,1.8282937469324992e-09,52
0,[],22,[],2019-06-27 04:25:55,0.0,0,0,7769909,2019-06-27 04:25:55,,10289.80784133,0.0,0,,287058287.4566013,0.0,0.0,57
0,[],27,[],2019-06-27 04:26:00,0.0,0,0,7769910,2019-06-27 04:26:00,,0.0,0.0,0,"btc,eth",0.0,0.0,0.0,57
0,[],4,[],2019-06-27 04:26:01,0.0,0,0,7769911,2019-06-27 04:26:01,,19.719361843137953,0.0,0,,6089767882.372392,0.0,0.0,58
0,[],12,[],2019-06-27 04:26:03,0.0,0,0,7769912,2019-06-27 04:26:03,btc,53667811.647031985,0.0,0,btc,3798127686.8910656,0.000139060035,0.0,58
0.00000000007920240000000001,[],22,[],2019-06-27 04:28:06,126877.0,7.92024e-19,1.03257356916e-22,7769913,2019-06-27 04:28:06,XMR,68.17454206,0.0,0.00000001,XMR,9626402.6,0.0,0.00126877,58
1,[],17,[],2019-05-03 01:12:09,1200000.0,0.0000000001,0.00000000000000548003,7559085,2019-05-03 01:12:09,btc,1e+24,0.0,0.0000000001,"btc,eth",39516342.31952568,0.0,0.00010000000058666061,58
1,[],5,[],2019-06-17 14:31:27,0.0,0,0,7740135,2019-06-17 14:31:27,btc,0.0,0.00079154,0,btc,0.0,0.0,0.0,61
1,[],22,[],2019-06-17 14:31:30,13612.833333333334,0.00000012,0.00000000001114968,7740136,2019-06-17 14:31:30,BTC,1002.29123003,0.0,0.00000012,BTC,15014.200177125656,0.0,0.00153257,61
1,[],26,[],2019-06-17 14:31:30,0.0,0.00000050,0.000000000046457,7740137,2019-06-17 14:31:30,btc,0.0,0.0,0.00000050,btc,0.0,0.0,0.0,61
1,[],27,[],2019-06-17 14:31:36,8400.0,0.00000018,0.00000000001672452,7740138,2019-06-17 14:31:36,btc,1.9742539297246655,0.0,0.00000018,"btc,eth",10953.51663696,0.0,0.001512,61
0,[],28,[],2019-06-17 14:31:38,0.0,0,0,7740139,2019-06-17 14:31:38,,0.0,0.0,0,,0.0,0.0,0.0,61
1,[],4,[],2019-06-27 04:05:11,370729.37207882,0.00000066,0.000000000084577812,7769803,2019-06-27 04:05:11,btc,3.4745911722589056,0.0,0.00000066,btc,1305392.31030353,0.05854104,0.1864305408781098,67
0.0,[],25,[],2019-06-27 04:05:13,0.0,0,0,7769804,2019-06-27 04:05:13,,0.0,0.0,0.0,btc,0.0,0.0,0.0,67
1,[],12,[],2019-06-02 06:23:14,910048.355,0.00000006,0.000000000005154929999999999,7725270,2019-06-02 06:23:14,btc,5.167005424215783,0.0,0.00000006,btc,738530.60239759,0.003159757462,0.0187188113,71
,[],5,[],2018-11-20 23:02:39,1.5e-07,0.00000005,0.000000000002128045,4862160,2018-11-20 23:02:39,btc,2.84511358,0.0,,btc,0.00036572,0.0,0.07381892,74
1,[],5,[],2019-06-27 04:05:14,0.0,0,0,7769805,2019-06-27 04:05:14,btc,0.0,0.01501242,0,btc,0.0,0.0,0.0,75
1,[],4,[],2019-06-04 03:25:15,715281.46076168,0.00000001,0.000000000000803619,7734085,2019-06-04 03:25:15,btc,581089.6218469425,0.0,0.00000001,btc,37692563.61091116,0.0,0.0071528146076168,81
0,[],20,[],2019-01-25 09:30:31,0.0,0,0,6495923,2019-01-25 09:30:31,btc,0.0,0.0,0,btc,0.0,0.0,0.0,81
1,[],4,[],2019-06-27 04:05:15,199992.5251161,0.00008400,0.0000000107644488,7769806,2019-06-27 04:05:15,btc,58.51621628824711,0.0,0.00008400,btc,119767.95332682,0.22408595,0.1293252271813844,82
1,[],21,[],2019-06-27 04:05:17,309241.30902533,0.00007524999999999999950647117108,0.00000000964315205,7769807,2019-06-27 04:05:17,btc,4.434234773762988,55125.03033695,0.000075249999999999999506471171084598381639807485044002532958984375,btc,42490.82815173,4.25747656,2.6357243614858614,82
0,[],17,[],2019-03-25 22:42:34,0.0,0,0,7038780,2019-03-25 22:42:34,btc,0.0445064681804024,0.0,0,btc,995513.18476001,0.0,0.0,84
0.0000000001161485,[],4,[],2019-05-20 13:09:39,216715621.0206096,1.161485e-18,9.0533806701e-23,7657228,2019-05-20 13:09:39,ltc,1.6511566870244727,0.0,0.00000001,ltc,471032407.9048656,0.0,2.5171194308112273e-10,85
,[],22,[],2018-11-20 23:09:34,3408.1,0.0000001,0.0000000000041895,4862324,2018-11-20 23:09:34,BTC,0.04624735,0.0,,BTC,4990.0,0.0,0.00033081,86
1,[],22,[],2019-06-26 09:07:19,62694.0,0.00000005,0.0000000000063518149999999994,7766682,2019-06-26 09:07:19,BTC,1.85249053,0.0,0.00000005,BTC,287024.94736842107,0.0003,0.00062846,87
1,[],27,[],2019-06-26 09:07:25,361781.0,0.0000002,0.000000000025407259999999998,7766683,2019-06-26 09:07:25,btc,19.86923154858,99950.0,0.0000002,btc,548343.482,0.01999,0.01237888,87
,[],2,[],2018-11-20 23:10:47,0.0,0,0,4862359,2018-11-20 23:10:47,,0.0,0.0,,,0.0,0.0,0.0,88
1,[],11,[],2019-06-17 14:31:59,193715.3529613,0.000073310000000000001140094962881477158589405007660388946533203125,0.00000000681152534,7740147,2019-06-17 14:31:59,btc,168.35454702024953,5791.70569014,0.000073310000000000001140094962881477158589405007660388946533203125,btc,196971.41170107,0.0,1.1996165759440112,89
0,[],2,[],2019-01-20 23:31:45,0.0,0,0,6477083,2019-01-20 23:31:45,,0.0,0.0,0,,0.0,0.0,0.0,91
1,[],12,[],2019-06-18 02:35:48,427715.74,0.00000015,0.000000000013911045000000001,7746087,2019-06-18 02:35:48,btc,116.61022144471085,0.0,0.00000015,btc,193315.55943968,0.000180759303,0.0129558314,91
1,[],22,[],2019-06-20 20:27:07,75910.0,0.00000002,0.000000000001914908,7746207,2019-06-20 20:27:07,BTC,0.49565371,0.0,0.00000002,"BTC,LTC",6.384990670617935,0.0,0.0016592,91
0,[],17,[],2019-05-03 01:12:26,0.0,0,0,7559096,2019-05-03 01:12:26,btc,0.0,0.0,0,btc,0.0,0.0,0.0,91
1,[],22,[],2019-06-27 04:05:21,105655.66666666667,0.00000003,0.000000000003844446,7769808,2019-06-27 04:05:21,BTC,11.48182956,0.0,0.00000003,"BTC,LTC",315261.4683191416,0.0,0.06677967,95
0,[],17,[],2019-05-03 01:12:32,0.0,0,0,7559100,2019-05-03 01:12:32,btc,0.0,0.0,0,btc,0.0,0.0,0.0,96
0.0000000001015919,[],4,[],2019-06-27 04:05:21,540978023.7012302,3.0477570000000004e-17,3.905645735874e-21,7769809,2019-06-27 04:05:21,ltc,10.925358709643719,0.0,0.0000003,ltc,152994225.05475128,0.0,7.682541422213048e-10,96
0,[],12,[],2019-06-27 04:05:23,0.0,0,0,7769810,2019-06-27 04:05:23,btc,36.38288093448551,0.0,0,btc,9955245.448551439,7.5644356e-05,0.0,96
1,[],4,[],2019-04-14 03:32:46,1039404.33283278,0.00000038,0.000000000019245518,7293458,2019-04-14 03:32:46,btc,4.170086055365747,0.0,0.00000038,btc,3097704.34561074,0.06260606,0.1859928211030784,99
0,[],2,[],2019-01-20 23:23:55,0.0,0,0,6476914,2019-01-20 23:23:55,,0.0,0.0,0,,0.0,0.0,0.0,100
1,[],4,[],2019-06-27 04:07:24,249291.75360344,0.00000957,0.000000001226378274,7769811,2019-06-27 04:07:24,btc,7.621935712058405,0.0,0.00000957,btc,171970.06250214,0.13711975,0.240315374570011,100
1,[],22,[],2019-06-05 06:30:35,150000.0,0.00000002,0.000000000001558192,7740007,2019-06-05 06:30:35,BTC,28.56386409,0.0,0.00000002,BTC,12787.719,0.0,0.0017,101
1,[],4,[],2019-06-27 04:07:25,433424.10917547,0.00000148,0.000000000189659336,7769812,2019-06-27 04:07:25,btc,882.8563621772138,0.0,0.00000148,btc,749701.54674861,0.0279194,0.0728961334013063,103
1,[],12,[],2019-06-17 14:32:14,179201505.10870332,0.000000005,0.00000000000046457,7740154,2019-06-17 14:32:14,btc,113577.79366343976,0.0,0.000000005,btc,79148141.67831126,0.019059029059,0.27280986350611003,105
1,[],27,[],2019-06-17 14:32:19,18306828.03496503,0.00000002,0.00000000000185828,7740155,2019-06-17 14:32:19,btc,180.7198218385489,1083.96503497,0.00000002,btc,276513.60142659,7.588e-05,0.3661365606993006,105
1,[],22,[],2019-04-21 00:17:26,21333.0,0.00000001,0.000000000000532493,7385819,2019-04-21 00:17:26,BTC,51.38182867,0.0,0.00000001,BTC,470435.0,0.0,0.00021333,107
1,[],26,[],2019-04-21 00:17:26,0.0,0.00000000,0,7385820,2019-04-21 00:17:26,btc,0.0,0.0,0.00000000,btc,0.0,0.0,0.0,107
1,[],5,[],2019-06-27 04:07:28,0.0,0,0,7769813,2019-06-27 04:07:28,btc,0.0,0.0,0,btc,0.0,0.0,0.0,112
0,[],22,[],2019-06-27 04:07:30,0.0,0,0,7769814,2019-06-27 04:07:30,,6.79500102,0.0,0,,3375892.0833333335,0.0,0.0,112
1,[],27,[],2019-06-27 04:07:36,1.0,0.00000001,0.000000000001281482,7769815,2019-06-27 04:07:36,btc,0.0,0.0,0.00000001,"btc,eth",0.0,0.0,1e-08,112
1,[],4,[],2019-06-27 04:07:37,943375.54119981,0.00000050,0.0000000000640741,7769816,2019-06-27 04:07:37,btc,6.5951387149007115,0.0,0.00000050,btc,1006181.93226106,0.0387501,0.1071293760772959,113
1,[],5,[],2019-06-27 04:07:38,0.0,0,0,7769817,2019-06-27 04:07:38,btc,0.0,0.0,0,btc,0.0,0.0,0.0,113
1,[],17,[],2019-04-26 02:17:47,162738.278,0.00000004,0.0000000000021069000000000002,7461287,2019-04-26 02:17:47,btc,1.3331140273775473,0.0,0.00000004,btc,51796.221,0.0,0.00230953112,116
1,[],27,[],2019-05-22 05:13:01,210000.0,0.00000001,0.00000000000079145,7666372,2019-05-22 05:13:01,btc,3919.0005001478,0.0,0.00000001,btc,128660.871,0.0,0.0021,116
1,[],4,[],2019-05-21 22:31:11,138169.03963019,0.00000701,0.000000000558364025,7664793,2019-05-21 22:31:11,btc,150.95388250938234,0.0,0.00000701,btc,344631.17141974,0.07552974,0.4288357684941946,120
1,[],7,[],2019-05-21 22:31:12,3901.07750076,0.000010679999999999999389654892212320191902108490467071533203125,0.0000000008506887,7664794,2019-05-21 22:31:12,btc,231188.94669936574,0.0,0.000010679999999999999389654892212320191902108490467071533203125,btc,4133.83151364,0.0,0.0113888422364489,120
1,[],20,[],2019-04-07 18:42:29,1914137.0852,0.000000035,0.0000000000017871910000000002,7211992,2019-04-07 18:42:29,btc,32.2497668025648,25528.85,0.000000035,btc,1001975.4986,0.00089350975,0.0152723574729,125
1,[],22,[],2019-06-17 14:32:38,10000.0,0.00000001,0.00000000000092914,7740161,2019-06-17 14:32:38,BTC,0.032061,0.0,0.00000001,BTC,299316.7611111111,0.0,0.0001,126
0,[],2,[],2019-01-20 23:25:46,0.0,0,0,6476969,2019-01-20 23:25:46,,0.0,0.0,0,,0.0,0.0,0.0,131
1,[],17,[],2019-05-03 01:13:10,10000.0,0.00000001,0.000000000000548003,7559115,2019-05-03 01:13:10,btc,0.0953976503951408,0.0,0.00000001,btc,5037.62507334,0.0,0.0001,131
1,[],4,[],2019-06-27 04:07:38,1181018.73534788,0.00000316,0.000000000404948312,7769818,2019-06-27 04:07:38,btc,2.4190215913571436,0.0,0.00000316,btc,178798.15574038,0.09901189,0.6406058190434747,131
1,[],4,[],2019-06-17 14:32:42,4848.49465417,0.00007919,0.00000000735785966,7740163,2019-06-17 14:32:42,btc,0.9905723729472744,0.0,0.00007919,btc,202.13055914,0.0,0.0061509344290166,135
1,[],3,[],2019-06-05 06:33:11,40600.27748212,0.00000001,0.000000000000779096,7740019,2019-06-05 06:33:11,btc,0.2308097808993716,2146378.52189,0.00000001,btc,2477992.76904676,0.0,0.0004060027748212,136
1,[],4,[],2019-06-27 04:09:40,819305.19931698,0.00000140,0.00000000017940748,7769819,2019-06-27 04:09:40,btc,112.00968687210656,0.0,0.00000140,btc,492176.80370549,0.08145716,0.310839680270612,137
1,[],12,[],2019-06-27 04:09:41,63462.92690963,0.000001610000000000000043611490287143173105732785188592970371246337890625,0.000000000206318602,7769820,2019-06-27 04:09:41,btc,80.24182552344844,0.0,0.000001610000000000000043611490287143173105732785188592970371246337890625,btc,83174.92097078,1.61e-06,0.010027099999969,137
1,[],17,[],2019-05-03 01:13:16,32967.38636364,0.00000088,0.000000000048224264,7559122,2019-05-03 01:13:16,btc,20.06976206696776,0.0,0.00000088,btc,2746.079105,0.0,0.0105613000000032,142
1,[],4,[],2019-06-27 04:09:42,418901.65154426,0.00000982,0.000000001258415324,7769821,2019-06-27 04:09:42,btc,6.065975975470782,0.0,0.00000982,btc,168797.34197669,0.4113206,0.2841553772750623,142
1,[],5,[],2019-06-27 04:09:43,0.0,0,0,7769822,2019-06-27 04:09:43,btc,0.0,0.05946657,0,btc,0.0,0.0,0.0,142
1,[],20,[],2019-06-27 04:11:45,268558.8897,0.000010133,0.0000000012985257106,7769823,2019-06-27 04:11:45,btc,1.6106097093973,71.3191,0.000010133,btc,10022.5864,0.0007465826375,0.006542276955,142
1,[],22,[],2019-06-27 04:11:48,10820.0,0.00000600,0.0000000007688892,7769824,2019-06-27 04:11:48,BTC,2.99759384,0.0,0.00000600,BTC,835.7198755539798,0.0,0.0053672,142
0.0,[],25,[],2019-06-27 04:11:50,0.0,0,0,7769825,2019-06-27 04:11:50,,0.0,0.0,0.0,btc,0.0,0.0,0.0,142
0,[],28,[],2019-06-27 04:11:51,0.0,0,0,7769826,2019-06-27 04:11:51,,0.0,0.0,0,,0.0,0.0,0.0,142
0,[],22,[],2019-06-27 04:11:54,0.0,0,0,7769827,2019-06-27 04:11:54,,1635.98618676,0.0,0,,788450755.3,0.0,0.0,143
0,[],22,[],2019-02-25 15:42:22,0.0,0,0,6783783,2019-02-25 15:42:22,,4.2131946,0.0,0,,2322156.0,0.0,0.0,146
,[],22,[],2018-11-20 23:01:11,0.0,0,0,4862114,2018-11-20 23:01:11,,2.56807021,0.0,,,61828.4988236,0.0,0.0,147
1,[],12,[],2019-04-21 06:38:04,193091.5971266,0.00000071,0.000000000037635183,7388679,2019-04-21 06:38:04,btc,2.301232411611175,0.0,0.00000071,btc,9957.48302385,0.00023528,0.0313308199999888,148
1,[],4,[],2019-03-19 21:31:25,255810.0415942,0.00000029,0.000000000011615747,6982695,2019-03-19 21:31:25,btc,218.94922712414143,0.0,0.00000029,btc,793529.37642722,0.00117,0.0608347789473395,152
0,[],22,[],2019-03-19 21:31:27,0.0,0,0,6982696,2019-03-19 21:31:27,,0.0,0.0,0,,0.0,0.0,0.0,152
1,[],5,[],2019-04-26 09:36:59,0.0,0,0,7465040,2019-04-26 09:36:59,btc,0.0,0.0,0,btc,0.0,0.0,0.0,153
,[],16,[],2019-01-11 15:38:59,0.0,0,0,6366141,2019-01-11 15:38:59,btc,0.0,0.0,,btc,0.0,0.0,0.0,155
0,[],23,[],2019-01-20 23:24:29,0.0,0,0,6476932,2019-01-20 23:24:29,,0.0,0.0,0,,0.0,0.0,0.0,156
0,[],22,[],2019-06-04 06:02:09,0.0,0,0,7734688,2019-06-04 06:02:09,,7.43375324,0.0,0,,5955762.942592593,0.0,0.0,156
1,[],22,[],2019-06-27 04:11:59,6996.0,0.00000001,0.000000000001281482,7769828,2019-06-27 04:11:59,BTC,1.7543039,0.0,0.00000001,BTC,57.0,0.0,6.996e-05,157
0,[],22,[],2019-05-21 23:40:32,0.0,0,0,7665049,2019-05-21 23:40:32,,50234.60468402,0.0,0,,54786159.03179465,0.0,0.0,158
,[],17,[],2018-11-20 22:56:10,0.0,0,0,4861976,2018-11-20 22:56:10,btc,1.1265625,0.0,,btc,1000.0,0.0,0.0,159
,[],20,[],2018-11-20 22:56:12,0.0,0,0,4861977,2018-11-20 22:56:12,btc,11912.7940471,0.0,,btc,34413894.3617,0.0,0.0,159
1,[],12,[],2019-05-24 02:51:20,9178.522006449999,0.00000191999999999999982841307998027158276954651228152215480804443359375,0.000000000151222656,7676256,2019-05-24 02:51:20,btc,149.80414728631675,0.0,0.00000191999999999999982841307998027158276954651228152215480804443359375,btc,1115.7451448499999,0.01783167678326,0.0120075778999181,168
1,[],17,[],2019-05-03 01:13:36,42852.0,0.00000002,0.000000000001096006,7559132,2019-05-03 01:13:36,btc,0.04279856251542,0.0,0.00000002,btc,274.46171372,0.0,0.00052852,168
1,[],22,[],2019-05-17 03:01:52,10.0,0.00000001,0.000000000000778341,7642059,2019-05-17 03:01:52,BTC,41.95893009,0.0,0.00000001,BTC,1753972.7737547632,0.0,1e-07,169
1,[],22,[],2019-05-30 08:38:18,202834.0,0.00000002,0.0000000000017416160000000001,7711049,2019-05-30 08:38:18,BTC,27.87002826,0.0,0.00000002,BTC,462189.5410507793,0.0,0.00211768,171
1,[],22,[],2019-05-29 08:05:18,349870.0,0.00000002,0.000000000001705894,7705265,2019-05-29 08:05:18,BTC,24.05907723,0.0,0.00000002,"BTC,LTC",1224285.4355616204,0.0,0.0039847,173
1,[],5,[],2019-06-27 04:12:00,0.0,0,0,7769829,2019-06-27 04:12:00,btc,0.0,0.0061157,0,btc,0.0,0.0,0.0,175
1,[],22,[],2019-06-17 14:33:12,90671.0,0.00000001,0.00000000000092914,7740175,2019-06-17 14:33:12,BTC,394.35459412,0.0,0.00000001,BTC,136275.61833431243,0.0,0.00090671,176
0,[],2,[],2019-01-20 23:28:34,0.0,0,0,6477001,2019-01-20 23:28:34,,0.0,0.0,0,,0.0,0.0,0.0,178
1,[],7,[],2019-06-27 04:12:01,0.0,0,0,7769830,2019-06-27 04:12:01,btc,521516.2430877047,0.0,0,btc,27713522.85351229,0.0,0.0,178
0,[],22,[],2019-06-27 04:12:04,0.0,0,0,7769831,2019-06-27 04:12:04,,1.00242428,0.0,0,,57512.0,0.0,0.0,178
0,[],23,[],2019-01-20 23:25:08,0.0,0,0,6476952,2019-01-20 23:25:08,,0.0,0.0,0,,0.0,0.0,0.0,179
1,[],5,[],2019-06-27 04:12:05,0.0,0,0,7769832,2019-06-27 04:12:05,btc,0.0,0.00093048,0,btc,0.0,0.0,0.0,179
0,[],22,[],2019-06-27 04:12:07,0.0,0,0,7769833,2019-06-27 04:12:07,,9.34623917,0.0,0,,14491075.311946675,0.0,0.0,179
1,[],17,[],2019-05-03 01:13:56,20504.725000000002,0.0000001,0.00000000000548003,7559141,2019-05-03 01:13:56,btc,5.2010695838400265,0.0,0.0000001,btc,5033.45945,0.0,0.0011504725,180
1,[],22,[],2019-06-27 04:14:11,699334.6113636363,0.0000004,0.00000000005125928,7769834,2019-06-27 04:14:11,BTC,40.60614537,0.0,0.0000004,"BTC,LTC",160463.39682741827,0.00205764,0.56273732,180
1,[],26,[],2019-06-27 04:14:12,0.0,0.00000010,0.00000000001281482,7769835,2019-06-27 04:14:12,btc,0.0,0.0,0.00000010,btc,0.0,0.0,0.0,180
,[],7,[],2018-11-20 22:58:01,562227.975654,0.00000085,0.000000000036176765,4862015,2018-11-20 22:58:01,btc,21836.6059674,2491.87645172,,btc,749999.041456,0.00211021,0.127565380455,183
,[],5,[],2019-01-10 08:11:41,0.0,0,0,6347036,2019-01-10 08:11:41,btc,82.15055501,0.00261,,btc,1.19002445,0.0,0.0,187
,[],17,[],2018-11-16 20:58:10,4062536.27273,0.00000001,0.000000000000550501,4708775,2018-11-16 20:58:10,btc,3.36492563466,0.195460381006,,"btc,eth",110697919.549,0.0,0.0157628953496,187
1,[],24,[],2019-05-22 21:04:52,0.0,0.000000000014,0.0000000000000010960978,7670219,2019-05-22 21:04:52,btc,0.0,0.0,0.000000000014,btc,0.0,0.0,0.0,187
0,[],22,[],2019-04-25 02:54:07,0.0,0,0,7447896,2019-04-25 02:54:07,,7.54794454,0.0,0,,76361.7243344055,0.0,0.0,191
0,[],22,[],2019-06-17 14:33:34,0.0,0,0,7740182,2019-06-17 14:33:34,,0.0,0.0,0,,0.0,0.0,0.0,197
0,[],23,[],2019-01-20 23:31:41,0.0,0,0,6477079,2019-01-20 23:31:41,,0.0,0.0,0,,0.0,0.0,0.0,199
0,[],22,[],2019-06-27 04:14:15,0.0,0,0,7769836,2019-06-27 04:14:15,,10.58263174,0.0,0,,84280969.0,0.0,0.0,199
1,[],26,[],2019-06-27 04:14:15,0.0,0.00000000,0,7769837,2019-06-27 04:14:15,btc,0.0,0.0,0.00000000,btc,0.0,0.0,0.0,199
0,[],2,[],2019-01-20 23:30:49,0.0,0,0,6477059,2019-01-20 23:30:49,,0.0,0.0,0,,0.0,0.0,0.0,201
1,[],4,[],2019-01-25 15:51:35,2084389.58565343,0.00000936,0.000000000333526752,6499557,2019-01-25 15:51:35,btc,2.0092503037378524,0.0,0.00000936,btc,160195.80207885,0.19272417,1.242687955921835,211
1,[],7,[],2019-06-27 04:54:13,1170054124.6898527,0.00000018,0.000000000023385762,7769914,2019-06-27 04:54:13,btc,1346838.6258339162,0.0,0.00000018,btc,5739479.26464841,0.0,11.954344045954047,212
1,[],12,[],2019-01-25 02:44:32,207462.42853209,0.000001080000000000000035831255497387193287295303889550268650054931640625,0.000000000038610756000000006,6493050,2019-01-25 02:44:32,btc,85023.03793723314,0.0,0.000001080000000000000035831255497387193287295303889550268650054931640625,btc,43675.73520027,0.000146250909087,0.0348620860622024,213
1,[],5,[],2019-05-30 00:07:46,0.0,0,0,7709357,2019-05-30 00:07:46,btc,0.0,0.06425239,0,btc,0.0,0.0,0.0,213
1,[],24,[],2019-05-30 00:07:46,0.0,0.000000399202,0.0000000000344859829346,7709358,2019-05-30 00:07:46,btc,0.0,0.0,0.000000399202,btc,0.0,0.0,0.0,213
1,[],26,[],2019-05-30 00:07:47,0.0,0.00000040,0.000000000034554919999999996,7709359,2019-05-30 00:07:47,btc,0.0,0.0,0.00000040,btc,0.0,0.0,0.0,213
0,[],22,[],2019-06-27 04:54:16,0.0,0,0,7769915,2019-06-27 04:54:16,,9.56923849,0.0,0,,3661587.2040649247,0.0,0.0,216
0,[],27,[],2019-06-27 04:54:23,0.0,0,0,7769916,2019-06-27 04:54:23,,1949.5038794861975,915.0,0,"btc,ltc",478785.29534794,9.15e-06,0.0,216
1,[],22,[],2019-06-27 04:54:27,1419290.982051282,0.00000018,0.000000000023385762000000002,7769917,2019-06-27 04:54:27,BTC,12055.86525512,0.0,0.00000018,BTC,555580.7506667499,0.00179363,0.03825929,217
1,[],7,[],2019-06-27 04:54:28,0.0,0,0,7769918,2019-06-27 04:54:28,btc,2123800.2786640613,0.0,0,btc,82453746.4752352,0.0,0.0,219
0,[],27,[],2019-06-27 04:54:33,0.0,0,0,7769919,2019-06-27 04:54:33,,250.21442758069674,0.0,0,btc,146772.535837,0.0,0.0,219
0,[],28,[],2019-06-27 04:54:34,0.0,0,0,7769920,2019-06-27 04:54:34,,0.0,0.0,0,,0.0,0.0,0.0,219
0,[],22,[],2019-06-26 23:36:41,0.0,0,0,7769178,2019-06-26 23:36:41,,56.75439223,0.0,0,,184664.6482738741,0.0,0.0,221
1,[],24,[],2019-06-26 23:36:41,0.0,0.000000030000,0.000000000003835668,7769179,2019-06-26 23:36:41,btc,0.0,0.0,0.000000030000,btc,0.0,0.0,0.0,221
1,[],20,[],2019-06-17 14:34:11,26882155.8301,0.000000003,0.000000000000278742,7740192,2019-06-17 14:34:11,btc,100050.81956632523,233521.3529,0.000000003,btc,38769742.8604,0.0007925640587,0.0306863532672,224
0,[],22,[],2019-06-17 14:34:13,0.0,0,0,7740193,2019-06-17 14:34:13,,0.0,0.0,0,,0.0,0.0,0.0,224
1,[],26,[],2019-06-27 04:54:37,0.0,0.00000022,0.000000000028582598,7769921,2019-06-27 04:54:37,btc,0.0,0.0,0.00000022,btc,0.0,0.0,0.0,231
1,[],26,[],2019-06-27 04:54:37,0.0,0.00000005,0.000000000006496045,7769922,2019-06-27 04:54:37,btc,0.0,0.0,0.00000005,btc,0.0,0.0,0.0,234
0.00000000025937510000000003,[],27,[],2019-06-27 04:54:43,100.0,2.593751e-18,3.3698246429590004e-22,7769923,2019-06-27 04:54:43,eth,0.0,0.0,0.00000001,"btc,eth",0.0,0.0,2.5937510000000003e-16,234
1,[],4,[],2019-05-22 17:06:12,91780.56053785,0.00000078,0.000000000061977552,7669277,2019-05-22 17:06:12,btc,5.573372450018177,0.0,0.00000078,btc,729173.93529783,0.0,0.0307060663355679,236
1,[],24,[],2019-05-22 17:06:12,0.0,0.000000010000,0.000000000000794584,7669278,2019-05-22 17:06:12,btc,0.0,0.0,0.000000010000,btc,0.0,0.0,0.0,236
1,[],5,[],2019-06-27 04:54:46,0.0,0,0,7769924,2019-06-27 04:54:46,btc,0.0,1.96127786,0,btc,0.0,0.0,0.0,237
1,[],20,[],2019-06-27 04:54:48,125321551.1349,0.000000065,0.0000000000084448585,7769925,2019-06-27 04:54:48,btc,8172549.264834994,22118089.4995,0.000000065,btc,46147155.9952,1.5489635790691,0.7705299390683,237
1,[],22,[],2019-06-27 04:54:51,2084614.0,0.00000004,0.0000000000051968360000000004,7769926,2019-06-27 04:54:51,BTC,1.20112188,0.0,0.00000004,"BTC,LTC",14507.148717948718,0.0,0.02587451,237
1,[],4,[],2019-06-27 04:54:52,32113809.45993535,0.00000005,0.000000000006496045,7769927,2019-06-27 04:54:52,btc,2.3563340891142133,0.0,0.00000005,btc,11142945.11129109,0.11640651,0.5651349486634331,238
1,[],5,[],2019-06-27 04:54:54,0.0,0,0,7769928,2019-06-27 04:54:54,btc,0.0,0.03617348,0,btc,0.0,0.0,0.0,238
0,[],22,[],2019-03-12 16:49:32,0.0,0,0,6914458,2019-03-12 16:49:32,,0.40415746,0.0,0,,526736.5639027493,0.0,0.0,249
0,[],22,[],2019-05-28 23:53:45,0.0,0,0,7703643,2019-05-28 23:53:45,,13.44714864,0.0,0,,43777534.3426455,0.0,0.0,252
0,[],28,[],2019-06-27 04:54:56,0.0,0,0,7769929,2019-06-27 04:54:56,,0.0,0.0,0,,0.0,0.0,0.0,256
1,[],22,[],2019-06-27 04:54:59,526932.0,0.00000001,0.0000000000012992090000000001,7769930,2019-06-27 04:54:59,BTC,31464.57209997,0.0,0.00000001,BTC,1031955.2230878276,0.00018379,0.00526932,258
1,[],22,[],2019-05-19 18:12:02,400.0,0.00000001,0.0000000000007957800000000001,7653905,2019-05-19 18:12:02,BTC,2.415167,0.0,0.00000001,BTC,157.0,0.0,4e-06,259
1,[],5,[],2019-06-27 04:55:00,0.0,0,0,7769931,2019-06-27 04:55:00,btc,0.0,0.00063401,0,btc,0.0,0.0,0.0,264
1,[],20,[],2019-06-27 04:55:02,933828.4019,0.000000175,0.000000000022736157500000002,7769932,2019-06-27 04:55:02,btc,1.0499434715731,6203.8411,0.000000175,btc,33665.6188,0.0037511507996,0.0055749327802,264
0,[],22,[],2019-04-12 17:57:27,0.0,0,0,7278186,2019-04-12 17:57:27,,66.37522201,0.0,0,,677842.4169881374,0.0,0.0,271
0,[],22,[],2019-06-27 04:55:07,0.0,0,0,7769933,2019-06-27 04:55:07,,33050469.74148113,0.0,0,,14261527780.7,0.0,0.0,272
0,[],28,[],2019-06-27 04:55:09,0.0,0,0,7769934,2019-06-27 04:55:09,,0.0,0.0,0,,0.0,0.0,0.0,272
1,[],22,[],2019-05-23 07:12:29,219930.0,0.00000004,0.000000000003048688,7671985,2019-05-23 07:12:29,BTC,426.77835217,0.0,0.00000004,BTC,248664.3325962929,0.0,0.00739728,281
1,[],22,[],2019-06-27 04:55:13,5541.1,0.00000001,0.0000000000012992090000000001,7769935,2019-06-27 04:55:13,BTC,4.68189807,0.0,0.00000001,"BTC,LTC",1104326.9657646376,0.00019067,0.0045511,286
0,[],22,[],2019-06-17 14:34:53,0.0,0,0,7740207,2019-06-17 14:34:53,,7337915.80475575,0.0,0,,2078527309.6797826,0.0,0.0,294
