pairValue,buyBook,exchangeId,sellBook,updated,buyTotal,satoshiPrice,usdPrice,exchangeLogId,created,bestPair,sellTotalBtc,volume,pairPrice,activePairs,sellTotal,volumeBtc,buyTotalBtc,coinId
1,[],3,[],2019-01-24 15:23:06,101.577303137528,0.01256554000000000004266809128239401616156101226806640625,0.00000044674892639,6487564,2019-01-24 15:23:06,btc,106.96105233536045,0.0,0.01256554000000000004266809128239401616156101226806640625,btc,13.473826453751,0.0,0.14537123655672804,1
1,[],4,[],2019-01-24 15:23:06,25288.16685638,0.01260774,0.00000044824928409,6487565,2019-01-24 15:23:06,btc,1.6251414315979789,0.0,0.01260774,btc,123.98121875,0.56033869,1.3036279480374526,1
1,[],5,[],2019-01-24 15:23:08,0.20941163,0.01232208,0.00000043809307127999997,6487566,2019-01-24 15:23:08,btc,14578.45712015,0.08925079,0.01232208,btc,35555556.27546666,0.0,1.25991701,1
1,[],10,[],2019-01-24 15:23:09,269402.72087887,0.01249998,0.00000044441803893,6487567,2019-01-24 15:23:09,btc,6366.100316550577,1029.49761877,0.01249998,btc,906.50546138,0.0,2.2117503270793883,1
1,[],12,[],2019-01-24 15:23:13,10370.7536808,0.012619999999999999273914141895147622562944889068603515625,0.00000044868517,6487568,2019-01-24 15:23:13,btc,0.3577637803413,0.0,0.012619999999999999273914141895147622562944889068603515625,btc,22.37167441,0.3090627975871,0.09782711805540001,1
1,[],20,[],2019-01-24 15:23:15,1344.3693,0.010510001,0.0000003736673205535,6487569,2019-01-24 15:23:15,btc,0.0746164438962,0.0,0.010510001,btc,3.5114,0.0,0.0888300480751,1
0.00000000032605410000000004,[],21,[],2019-01-24 15:23:16,2506.64489462,0.00000000010390241778087901,0.000000000000003694094610572482,6487570,2019-01-24 15:23:16,eth,26.71209859240524,2259.79478131,0.318666190000000015825065702301799319684505462646484375,"btc,eth",2362.45605579,26.55811757,26.79515612636721,1
1,[],22,[],2019-01-24 15:23:20,0.0363776,0.01400000,0.000000497749,6487571,2019-01-24 15:23:20,BTC,0.312,0.0,0.01400000,BTC,0.031,0.0,0.00048472,1
1,[],24,[],2019-01-24 15:23:20,0.0,0.000000000000,0,6487572,2019-01-24 15:23:20,btc,0.0,0.0,0.000000000000,btc,0.0,0.0,0.0,1
1,[],25,[],2019-01-24 15:23:21,256.35261708,0.01246072,0.00000044302220852,6487573,2019-01-24 15:23:21,btc,28.141099997923327,202.91152469,0.01246072,btc,2151.55886425,2.5685,3.119999999540397,1
1,[],28,[],2019-01-24 15:23:24,987.9,0.01131000,0.000000402110085,6487574,2019-01-24 15:23:24,btc,0.162839806,33710.8,0.01131000,btc,8.9,0.0,0.024551096,1
0,[],2,[],2019-01-20 23:28:45,0.0,0,0,6477011,2019-01-20 23:28:45,,0.0,0.0,0,,0.0,0.0,0.0,1
,[],26,[],2018-11-28 08:36:25,0.0,0.02269021,0.000000905623006625,5137884,2018-11-28 08:36:25,btc,0.0,2559.40051283,,btc,0.0,0.0,0.0,1
1,[],5,[],2019-01-24 15:15:03,1.682e-05,0.00000066,0.00000000002346531,6487389,2019-01-24 15:15:03,btc,0.17214863,0.01612789,0.00000066,btc,7.565e-05,0.0,0.45573184,2
1,[],22,[],2019-01-24 15:15:08,1254.625335862178,0.00000039,0.000000000013865865,6487390,2019-01-24 15:15:08,BTC,0.0231611,0.0,0.00000039,"BTC,XMR",14562.72385,0.0,0.00091682,2
1,[],5,[],2019-01-24 15:15:24,1.42e-06,0.00000017,0.000000000006044095,6487398,2019-01-24 15:15:24,btc,3.25658541,0.03333788,0.00000017,btc,2.267e-05,0.0,2.90999112,3
1,[],12,[],2019-01-24 15:15:25,11214912.85202884,0.000000168,0.000000000005972988,6487399,2019-01-24 15:15:25,btc,921314.8489909065,0.0,0.000000168,btc,7907160.34306515,0.02627976822990939,0.4939276760694144,3
0,[],28,[],2019-01-24 15:15:27,0.0,0,0,6487400,2019-01-24 15:15:27,,0.0,0.0,0,,0.0,0.0,0.0,3
0,[],2,[],2019-01-20 23:31:32,0.0,0,0,6477077,2019-01-20 23:31:32,,0.0,0.0,0,,0.0,0.0,0.0,4
1,[],4,[],2019-01-24 15:18:14,1087703.37926464,0.00000047,0.000000000016710145,6487419,2019-01-24 15:18:14,btc,0.4756489228562679,0.0,0.00000047,btc,322032.73528788,0.0016172,0.0651593158906344,4
1,[],12,[],2019-01-24 15:18:17,1212877.5219999999,0.00000003,0.000000000001066605,6487421,2019-01-24 15:18:17,btc,11013867.817925906,0.0,0.00000003,btc,969763.77092902,0.0002695604395606,0.01589759044,5
0,[],2,[],2019-01-20 23:31:51,0.0,0,0,6477087,2019-01-20 23:31:51,,0.0,0.0,0,,0.0,0.0,0.0,6
1,[],11,[],2019-01-24 15:18:29,3492166.5,0.00000002,0.00000000000071107,6487426,2019-01-24 15:18:29,btc,9432.243145269964,238000.0,0.00000002,btc,41358357.70959839,0.0,0.03599502,6
1,[],3,[],2019-01-24 15:18:34,1049.631568128516,0.00015050999999999999383500093319554480331134982407093048095703125,0.000000005351157285,6487429,2019-01-24 15:18:34,btc,30.108593419388622,0.0,0.00015050999999999999383500093319554480331134982407093048095703125,btc,231.077492617847,0.0,0.027978323718350753,7
1,[],4,[],2019-01-24 15:18:35,26394.47123123,0.00016818,0.00000000597938763,6487430,2019-01-24 15:18:35,btc,2.099492586242074,0.0,0.00016818,btc,11066.58388322,1.52220595,4.039525406866952,7
1,[],5,[],2019-01-24 15:18:36,0.0053325,0.00017009,0.000000006047294815,6487431,2019-01-24 15:18:36,btc,1.27322668,0.03680994,0.00017009,btc,0.01140086,0.0,1.52131543,7
1,[],20,[],2019-01-24 15:18:46,61771509.8802,0.000000001,0.0000000000000355535,6487434,2019-01-24 15:18:46,btc,121.1922629947386,2655.758,0.000000001,btc,25493492.9975,2.655758e-06,0.0617715098802,8
0,[],2,[],2019-01-20 23:22:42,0.0,0,0,6476876,2019-01-20 23:22:42,,0.0,0.0,0,,0.0,0.0,0.0,9
0,[],23,[],2019-01-20 23:22:48,0.0,0,0,6476878,2019-01-20 23:22:48,,0.0,0.0,0,,0.0,0.0,0.0,9
1,[],1,[],2019-01-24 15:18:55,2834305.63,0.00000181999999999999993881738720447049928452543099410831928253173828125,0.00000000006470737,6487439,2019-01-24 15:18:55,btc,2.1044743418,20376121.77,0.00000181999999999999993881738720447049928452543099410831928253173828125,btc,1135693.6,37.99409252,5.045595802799999,9
1,[],4,[],2019-01-24 15:18:56,781406.18051813,0.00000181,0.000000000064351835,6487440,2019-01-24 15:18:56,btc,0.881241862549196,0.0,0.00000181,btc,442768.19382942,0.6012713,0.4174157292364585,9
1,[],28,[],2019-01-24 15:18:58,34500.0,0.00000165,0.000000000058663275,6487441,2019-01-24 15:18:58,btc,2708.7525973402,6928890.0,0.00000165,btc,8331.02,0.0,0.02854,9
1,[],4,[],2019-01-24 15:19:03,5162164.01659386,0.00000002,0.00000000000071107,6487445,2019-01-24 15:19:03,btc,0.2206326436414873,0.0,0.00000002,btc,4050137.5046537,0.00927923,0.0550726248318772,10
0,[],2,[],2019-01-20 23:23:08,0.0,0,0,6476890,2019-01-20 23:23:08,,0.0,0.0,0,,0.0,0.0,0.0,12
1,[],4,[],2019-01-24 15:19:17,2050499.92044286,0.00000150,0.00000000005333025,6487452,2019-01-24 15:19:17,btc,1.0114006047600588,0.0,0.00000150,btc,651802.79975977,2.59605367,2.804508989463736,12
1,[],5,[],2019-01-24 15:19:18,1.677e-05,0.00000142,0.00000000005048597,6487453,2019-01-24 15:19:18,btc,0.22845025,0.2876566,0.00000142,btc,0.00011053,0.0,0.11079084,12
,[],25,[],2019-01-11 15:39:35,0.0,0,0,6366164,2019-01-11 15:39:35,,0.0,0.0,,btc,0.0,0.0,0.0,12
1,[],10,[],2019-01-24 15:12:35,622011.14841959,0.00000682,0.000000000242459866,6487329,2019-01-24 15:12:35,btc,666784.4406801419,7077.68335105,0.00000682,btc,829188.62396561,0.0,0.8839832476114876,13
1,[],4,[],2019-01-24 15:22:22,324143.77956122,0.00000681,0.000000000242119335,6487538,2019-01-24 15:22:22,btc,0.235850529707698,0.0,0.00000681,btc,31714.68507563,0.87171887,1.490540605384158,13
1,[],21,[],2019-01-24 15:22:25,1545901.56864447,0.0000068499999999999996370850068039271008046853239648044109344482421875,0.00000000024354147499999997,6487539,2019-01-24 15:22:25,btc,5.538695847807606,823916.24561175,0.0000068499999999999996370850068039271008046853239648044109344482421875,btc,710257.40241693,5.68790455,5.684296388041231,13
1,[],4,[],2019-01-24 15:19:31,892430.45168541,0.00000172,0.00000000006115201999999999,6487461,2019-01-24 15:19:31,btc,0.2580623223886452,0.0,0.00000172,btc,113718.44940796,0.21607817,0.1204950681609437,14
1,[],12,[],2019-01-24 15:19:34,87892.47933816,0.0000017799999999999998982758153687200319836847484111785888671875,0.00000000006328523,6487462,2019-01-24 15:19:34,btc,1.7878210582722733,0.0,0.0000017799999999999998982758153687200319836847484111785888671875,btc,37226.52646617,0.0019006665633807,0.0203203464838332,14
0,[],17,[],2019-01-24 15:19:35,0.0,0,0,6487463,2019-01-24 15:19:35,btc,0.0,0.0,0,btc,0.0,0.0,0.0,14
1,[],26,[],2019-01-24 15:19:35,0.0,0.00000020,0.0000000000071106999999999996,6487464,2019-01-24 15:19:35,btc,0.0,0.0,0.00000020,btc,0.0,0.0,0.0,14
0,[],4,[],2019-01-24 15:23:38,0.0,0,0,6487583,2019-01-24 15:23:38,,0.0,0.0,0,,0.0,0.0,0.0,15
,[],12,[],2018-12-01 15:15:48,204241.84496,0.00000489,0.000000000202473384,5260204,2018-12-01 15:15:48,btc,49.5475654835,0.0,,btc,35763.2193806,0.0163153972027625,0.0203389899998,15
0,[],2,[],2019-01-20 23:23:38,0.0,0,0,6476906,2019-01-20 23:23:38,,0.0,0.0,0,,0.0,0.0,0.0,18
1,[],4,[],2019-01-24 15:19:42,31980.46846869,0.00001810,0.00000000064351835,6487467,2019-01-24 15:19:42,btc,1.391270853123942,0.0,0.00001810,btc,15879.72356793,0.02619244,0.1780901394549737,18
1,[],10,[],2019-01-24 15:19:44,390831.02210783,0.00001752,0.00000000062289732,6487468,2019-01-24 15:19:44,btc,15.559735199357041,2633.14904083,0.00001752,btc,10768.22647982,0.0,0.1957216933226405,18
1,[],12,[],2019-01-24 15:19:45,200137.23522452,0.0000170500000000000010813398787501427023016731254756450653076171875,0.0000000006061871750000001,6487469,2019-01-24 15:19:45,btc,0.1967999748781292,0.0,0.0000170500000000000010813398787501427023016731254756450653076171875,btc,2080.10643457,0.0002923506961134,0.0160457007555102,18
0,[],17,[],2019-01-24 15:19:46,0.0,0,0,6487470,2019-01-24 15:19:46,btc,0.0,0.0,0,btc,0.0,0.0,0.0,18
0,[],2,[],2019-01-20 23:24:19,0.0,0,0,6476924,2019-01-20 23:24:19,,0.0,0.0,0,,0.0,0.0,0.0,19
1,[],3,[],2019-01-24 15:20:23,108466.0375716757,0.0000397999999999999984107330874838481804545153863728046417236328125,0.0000000014150293,6487483,2019-01-24 15:20:23,btc,1.311140868821322,0.044938820912,0.0000397999999999999984107330874838481804545153863728046417236328125,btc,8541.396083370499,0.0,0.1052669856998701,19
1,[],4,[],2019-01-24 15:20:23,63237.26330334,0.00003900,0.0000000013865865,6487484,2019-01-24 15:20:23,btc,1.7913571331403049,0.0,0.00003900,btc,38106.16123326,0.69424059,1.3151288235683851,19
1,[],5,[],2019-01-24 15:20:24,0.00036632,0.00003501,0.000000001244728035,6487485,2019-01-24 15:20:24,btc,0.31003724,0.00035906,0.00003501,btc,0.00347864,0.0,0.19311703,19
1,[],12,[],2019-01-24 15:20:26,129220.92796351,0.0000356099999999999995638384764351513922520098276436328887939453125,0.000000001266060135,6487486,2019-01-24 15:20:26,btc,1.9921276036443865,0.0,0.0000356099999999999995638384764351513922520098276436328887939453125,btc,420.49251023,0.00115525,0.037763844780591097,19
0,[],27,[],2019-01-24 15:20:27,0.0,0,0,6487487,2019-01-24 15:20:27,,0.0,0.0,0,btc,0.0,0.0,0.0,19
1,[],4,[],2019-01-24 15:21:01,8512101.35457151,0.00000015,0.000000000005333025,6487503,2019-01-24 15:21:01,btc,0.7611005051066847,0.0,0.00000015,btc,1463396.61210199,0.0,0.4060316875169587,20
1,[],4,[],2019-01-24 15:21:15,124088011.08101596,0.00000002,0.00000000000071107,6487509,2019-01-24 15:21:15,btc,0.8249340682330172,0.0,0.00000002,btc,19053743.7232454,0.22449745,1.5248029156701597,21
1,[],12,[],2019-01-24 15:21:16,20228032.0,0.00000002,0.00000000000071107,6487510,2019-01-24 15:21:16,btc,668.0228377689523,0.0,0.00000002,btc,7860530.8441585805,0.0330748351648351,0.27749765,21
0,[],17,[],2019-01-24 15:21:19,0.0,0,0,6487511,2019-01-24 15:21:19,btc,0.0,0.0,0,btc,0.0,0.0,0.0,21
1,[],12,[],2019-01-24 15:21:44,4653652866.531896,0.0000000001,0.0000000000000035553500000000005,6487519,2019-01-24 15:21:44,btc,621663601965.824,0.0,0.0000000001,btc,6350108951.894338,0.011147521405394602,0.4653652866531896,23
0,[],27,[],2019-01-24 15:21:46,0.0,0,0,6487520,2019-01-24 15:21:46,,0.424699,0.0,0,eth,424699.0,0.0,0.0,23
,[],25,[],2019-01-11 15:42:09,0.0,0,0,6366241,2019-01-11 15:42:09,,0.0,0.0,,btc,0.0,0.0,0.0,24
1,[],4,[],2019-01-24 15:21:55,2213311.6234158,0.00000082,0.00000000002915387,6487523,2019-01-24 15:21:55,btc,0.1163268755065851,0.0,0.00000082,btc,89398.12843669,0.00611211,0.433542613781048,24
1,[],22,[],2019-01-24 15:21:59,11.76,0.00000100,0.0000000000355535,6487524,2019-01-24 15:21:59,BTC,7.415e-05,0.0,0.00000100,BTC,23.919354838709676,0.0,1.176e-05,24
0,[],2,[],2019-01-20 23:25:56,0.0,0,0,6476976,2019-01-20 23:25:56,,0.0,0.0,0,,0.0,0.0,0.0,26
1,[],4,[],2019-01-24 15:22:11,29610057.35193526,0.00000746,0.00000000026522911,6487531,2019-01-24 15:22:11,btc,0.4414412176540408,0.0,0.00000746,btc,34841.17467701,0.09416636,0.4111813896875862,26
1,[],10,[],2019-01-24 15:22:13,734094.75493527,0.00000769,0.000000000273406415,6487532,2019-01-24 15:22:13,btc,27.974244351193015,0.0,0.00000769,btc,12525.42087038,0.0,0.2220622173992068,26
1,[],3,[],2019-01-24 15:22:14,7640501.32908122,0.00000001,0.000000000000355535,6487533,2019-01-24 15:22:14,btc,3.079669178259441,22730.0,0.00000001,btc,17760465.16299259,0.0,0.0764050132908122,27
1,[],5,[],2019-01-24 15:22:17,1e-08,0.00000001,0.000000000000355535,6487534,2019-01-24 15:22:17,btc,2.62189326,3.848e-05,0.00000001,btc,4.332e-05,0.0,0.01079372,27
1,[],11,[],2019-01-24 15:22:19,10597882.41182718,0.00000005,0.0000000000017776749999999999,6487535,2019-01-24 15:22:19,btc,370.53275036350783,1000.0,0.00000005,btc,8220964.80991447,0.0,0.4932896594767663,27
1,[],4,[],2019-01-24 15:22:20,275316753.0281054,0.00000003,0.000000000001066605,6487536,2019-01-24 15:22:20,btc,3.5018087323599714,0.0,0.00000003,"btc,ltc",113672875.79042955,2.15203188,3.368990070706866,29
1,[],7,[],2019-01-24 15:22:21,35999768.9786329,0.00000003,0.000000000001066605,6487537,2019-01-24 15:22:21,btc,44465218.125782974,249.75024975,0.00000003,btc,39203450.17082732,0.0,0.6564244169750236,29
1,[],4,[],2019-01-24 15:22:52,1458062.06941241,0.00000042,0.00000000001493247,6487554,2019-01-24 15:22:52,btc,0.3560289385565263,0.0,0.00000042,btc,497872.5982325,0.02494309,0.0722000575571629,30
0,[],17,[],2019-01-24 15:22:54,0.0,0,0,6487555,2019-01-24 15:22:54,btc,0.0,0.0,0,btc,0.0,0.0,0.0,30
1,[],4,[],2019-01-24 15:23:03,35718.48771762,0.00009690,0.00000000344513415,6487561,2019-01-24 15:23:03,btc,0.7993139176430074,0.0,0.00009690,btc,7218.77486827,2.61737739,2.6840274412907643,31
1,[],21,[],2019-01-24 15:23:03,103473.66495736,0.00009751000000000000660950461028875224656076170504093170166015625,0.0000000034668217850000002,6487562,2019-01-24 15:23:03,btc,13.345898072035334,511296.13883026,0.00009751000000000000660950461028875224656076170504093170166015625,btc,124986.03916853,50.88589058,9.741332265975727,31
0,[],2,[],2019-01-20 23:28:43,0.0,0,0,6477009,2019-01-20 23:28:43,,0.0,0.0,0,,0.0,0.0,0.0,32
1,[],4,[],2019-01-24 15:23:39,138319252.5928941,0.00000006,0.00000000000213321,6487584,2019-01-24 15:23:39,btc,0.3177042450636543,0.0,0.00000006,"btc,ltc",9554165.21945962,0.49754305,2.5203734480171534,33
1,[],12,[],2019-01-24 15:23:40,22251313.0,0.00000006,0.00000000000213321,6487585,2019-01-24 15:23:40,btc,17261786.897520196,0.0,0.00000006,btc,87747597.0149849,0.0241288524475519,0.87943121,33
1,[],4,[],2019-01-24 15:23:41,119685287.7313646,0.00000002,0.00000000000071107,6487586,2019-01-24 15:23:41,btc,0.7764690503830004,0.0,0.00000002,btc,25575760.44161682,0.02811351,1.202430070573646,34
1,[],5,[],2019-01-24 15:23:43,3e-08,0.00000002,0.00000000000071107,6487587,2019-01-24 15:23:43,btc,3.12919866,0.0006278,0.00000002,btc,1.394e-05,0.0,0.80535651,34
0.00000000008963129999999999,[],4,[],2019-01-24 15:20:54,2867064766.036695,3.585252e-18,1.27468256982e-22,6487499,2019-01-24 15:20:54,ltc,3.8681040370153914e-09,0.0,0.00000004,ltc,763719967.4882973,0.0,6.984486328188957e-09,36
1,[],5,[],2019-01-24 15:20:57,0.0,0,0,6487500,2019-01-24 15:20:57,btc,202.42227387,0.0,0,btc,1.295e-05,0.0,0.0,36
0,[],17,[],2019-01-24 15:20:59,0.0,0,0,6487501,2019-01-24 15:20:59,btc,0.08210904497584395,0.0,0,btc,5843697.91583647,0.0,0.0,36
0.00000000008963129999999999,[],27,[],2019-01-24 15:21:01,1000000.0,8.96313e-19,3.18670642455e-23,6487502,2019-01-24 15:21:01,ltc,448.55669329,0.0,0.00000001,"ltc,eth",3581972.58,0.0,8.96313e-13,36
1,[],4,[],2019-01-24 15:20:42,428850.09240793,0.00000146,0.00000000005190811,6487494,2019-01-24 15:20:42,btc,0.4335923791550952,0.0,0.00000146,btc,228408.94016889,0.00891789,0.3777818914379795,37
1,[],12,[],2019-01-24 15:20:44,467811.6027529,0.00000145999999999999999745971430986646311112053808756172657012939453125,0.00000000005190811,6487495,2019-01-24 15:20:44,btc,1330.895772483202,0.0,0.00000145999999999999999745971430986646311112053808756172657012939453125,btc,750175.92687211,0.0937587428101406,0.3039581903937006,37
1,[],17,[],2019-01-24 15:20:45,1752.74075282,0.00000025,0.000000000008888375,6487496,2019-01-24 15:20:45,btc,0.05548731397490703,0.0,0.00000025,btc,1388.79251806,0.0,0.00043818518820499993,37
0,[],27,[],2019-01-24 15:20:48,0.0,0,0,6487497,2019-01-24 15:20:48,,22.368038083756,0.0,0,btc,2948.3724,0.0,0.0,37
1,[],5,[],2019-01-24 15:17:36,1.176e-05,0.00000104,0.00000000003697564,6487405,2019-01-24 15:17:36,btc,0.10133616,0.01101243,0.00000104,btc,0.00011339,0.0,0.03464391,42
1,[],12,[],2019-01-24 15:17:37,89025.12841675,0.000001219999999999999965968520108938744073157067759893834590911865234375,0.00000000004337527,6487406,2019-01-24 15:17:37,btc,108.82989096665297,0.0,0.000001219999999999999965968520108938744073157067759893834590911865234375,btc,36936.30860972,0.0514501561545507,0.0347594377703666,42
0,[],27,[],2019-01-24 15:17:39,0.0,0,0,6487407,2019-01-24 15:17:39,,0.00315028,0.0,0,"btc,eth",11.007,0.0,0.0,42
1,[],5,[],2019-01-24 15:18:50,3e-08,0.00000002,0.00000000000071107,6487436,2019-01-24 15:18:50,btc,5.73994143,0.09573028,0.00000002,btc,1.425e-05,0.0,0.5022237,43
1,[],12,[],2019-01-24 15:18:51,8221008.0,0.00000001,0.000000000000355535,6487437,2019-01-24 15:18:51,btc,20007433.13489997,0.0,0.00000001,btc,38551621.36903097,1.9802397602e-06,0.08221008,43
0,[],17,[],2019-01-24 15:18:53,0.0,0,0,6487438,2019-01-24 15:18:53,btc,0.0,0.0,0,btc,0.0,0.0,0.0,43
1,[],12,[],2019-01-24 15:17:54,775168.0,0.00000007,0.0000000000024887450000000002,6487412,2019-01-24 15:17:54,btc,11114761.212539265,0.0,0.00000007,btc,956280.37320198,0.00055608,0.02131507,44
1,[],4,[],2019-01-24 15:15:30,238197301.10265353,0.00000003,0.000000000001066605,6487402,2019-01-24 15:15:30,btc,0.24216482691089827,0.0,0.00000003,"btc,ltc",6551052.50438543,0.00161778,0.6163606734096256,49
0.00000000008963129999999999,[],4,[],2019-01-24 15:22:50,4629090710.95756,1.792626e-18,6.3734128491e-23,6487552,2019-01-24 15:22:50,ltc,5.0441166877528945,0.0,0.00000002,ltc,1532538987.1681023,0.0,5.563742732280666e-09,52
0,[],22,[],2019-01-24 15:22:28,0.0,0,0,6487540,2019-01-24 15:22:28,,3707.87208998,0.0,0,,260561923.40932402,0.0,0.0,57
0,[],27,[],2019-01-24 15:22:30,0.0,0,0,6487541,2019-01-24 15:22:30,,0.0,0.0,0,"btc,eth",0.0,0.0,0.0,57
0.00000000008963129999999999,[],4,[],2019-01-24 15:15:15,1539458623.4623072,5.377878e-18,1.9120238547299999e-22,6487394,2019-01-24 15:15:15,ltc,3.446567129630953,0.0,0.00000006,ltc,815249514.586037,0.00089475,6.615315569340287e-09,58
1,[],12,[],2019-01-24 15:15:16,2764343270.327952,0.0000000006,0.0000000000000213321,6487395,2019-01-24 15:15:16,btc,123038818699.27658,0.0,0.0000000006,btc,3113563316.6474524,0.02794490688517855,1.0966158819915361,58
0,[],17,[],2019-01-24 15:15:18,0.0,0,0,6487396,2019-01-24 15:15:18,btc,1e+24,0.0,0,btc,41616695.958325684,0.0,0.0,58
0.000000000126385,[],22,[],2019-01-24 15:15:21,137438.0,1.26385e-18,4.4934290975e-23,6487397,2019-01-24 15:15:21,XMR,69.8835922,0.0,0.00000001,XMR,9887963.0,0.0,0.00137438,58
1,[],5,[],2019-01-24 15:21:23,5e-06,0.00000060,0.0000000000213321,6487513,2019-01-24 15:21:23,btc,0.45362842,0.05781456,0.00000060,btc,0.00012529,0.0,0.10984987,61
1,[],22,[],2019-01-24 15:21:26,5111.5,0.00000011,0.000000000003910885,6487514,2019-01-24 15:21:26,BTC,1002.29606732,0.0,0.00000011,BTC,15028.700278135757,0.0,0.00051178,61
1,[],26,[],2019-01-24 15:21:26,0.0,0.00000800,0.000000000284428,6487515,2019-01-24 15:21:26,btc,0.0,0.0,0.00000800,btc,0.0,0.0,0.0,61
0,[],27,[],2019-01-24 15:21:28,0.0,0,0,6487516,2019-01-24 15:21:28,,0.0,0.0,0,"btc,eth",0.0,0.0,0.0,61
1,[],28,[],2019-01-24 15:21:30,1880.304,0.00000022,0.00000000000782177,6487517,2019-01-24 15:21:30,btc,2.065678837430106,1328.0,0.00000022,btc,11618.08240005,0.0,0.00016391304,61
,[],25,[],2019-01-11 15:43:02,0.0,0,0,6366273,2019-01-11 15:43:02,,0.0,0.0,,btc,0.0,0.0,0.0,67
1,[],4,[],2019-01-24 15:22:45,1278200.31760863,0.00000183,0.000000000065062905,6487550,2019-01-24 15:22:45,btc,0.5157749670583457,0.0,0.00000183,btc,164206.78156284,0.10165727,0.8688300465664958,67
1,[],12,[],2019-01-24 15:20:20,2833774.85714286,0.00000008,0.00000000000284428,6487481,2019-01-24 15:20:20,btc,16893773.08354639,0.0,0.00000008,btc,2231326.47912084,0.0006441497702301,0.0758144200000002,71
,[],5,[],2018-11-20 23:02:39,1.5e-07,0.00000005,0.000000000002128045,4862160,2018-11-20 23:02:39,btc,2.84511358,0.0,,btc,0.00036572,0.0,0.07381892,74
1,[],5,[],2019-01-24 15:18:20,3.303e-05,0.00000156,0.00000000005546346,6487422,2019-01-24 15:18:20,btc,1.43011192,0.0,0.00000156,btc,0.0001585,0.0,0.49487621,75
1,[],4,[],2019-01-24 15:19:24,64411459.98469478,0.00000001,0.000000000000355535,6487456,2019-01-24 15:19:24,btc,0.7468077492509007,0.0,0.00000001,btc,13906829.86456505,0.0,0.6441145998469479,81
0,[],20,[],2019-01-24 15:19:26,0.0,0,0,6487457,2019-01-24 15:19:26,btc,0.0,0.0,0,btc,0.0,0.0,0.0,81
1,[],4,[],2019-01-24 15:14:40,23779.46777263,0.00007624,0.00000000271059884,6487382,2019-01-24 15:14:40,btc,1.2336454443819613,0.0,0.00007624,btc,10847.00710863,0.13598901,0.0878412305854307,82
1,[],21,[],2019-01-24 15:14:41,68574.32148936,0.00008297000000000000013121448372288568862131796777248382568359375,0.000000002949873895,6487383,2019-01-24 15:14:41,btc,2.7386574620538,11239.17613966,0.00008297000000000000013121448372288568862131796777248382568359375,btc,29230.89567184,0.93147527,4.7330068862073205,82
0,[],17,[],2019-01-24 15:19:41,0.0,0,0,6487466,2019-01-24 15:19:41,btc,0.0447233088476774,0.0,0,btc,999127.19588126,0.0,0.0,84
0.00000000008963129999999999,[],4,[],2019-01-24 15:22:04,468643934.205746,1.1652069e-17,4.142718351915e-22,6487528,2019-01-24 15:22:04,ltc,0.19754182486943161,0.0,0.00000013,ltc,67078881.62757533,0.0,1.5706946232225732e-09,85
,[],22,[],2018-11-20 23:09:34,3408.1,0.0000001,0.0000000000041895,4862324,2018-11-20 23:09:34,BTC,0.04624735,0.0,,BTC,4990.0,0.0,0.00033081,86
0,[],22,[],2019-01-24 15:22:07,0.0,0,0,6487529,2019-01-24 15:22:07,,2.07810912,0.0,0,,154826.94736842104,0.0,0.0,87
0,[],27,[],2019-01-24 15:22:10,0.0,0,0,6487530,2019-01-24 15:22:10,,0.0,0.0,0,btc,0.0,0.0,0.0,87
,[],2,[],2018-11-20 23:10:47,0.0,0,0,4862359,2018-11-20 23:10:47,,0.0,0.0,,,0.0,0.0,0.0,88
1,[],11,[],2019-01-24 15:15:14,103718.91904484,0.00021399999999999999751587598240121224080212414264678955078125,0.000000007608449,6487393,2019-01-24 15:15:14,btc,234.68628411064967,2929.06903579,0.00021399999999999999751587598240121224080212414264678955078125,btc,180936.56355423,0.0,8.46937851679951,89
0,[],2,[],2019-01-20 23:31:45,0.0,0,0,6477083,2019-01-20 23:31:45,,0.0,0.0,0,,0.0,0.0,0.0,91
1,[],12,[],2019-01-24 15:18:21,237940.42713951,0.00000137999999999999991637657063836552850943917292170226573944091796875,0.00000000004906383,6487423,2019-01-24 15:18:21,btc,1.1595729316769126,0.0,0.00000137999999999999991637657063836552850943917292170226573944091796875,btc,17391.03750083,0.0193318506283806,0.0558333151999646,91
0,[],17,[],2019-01-24 15:18:22,0.0,0,0,6487424,2019-01-24 15:18:22,btc,0.0,0.0,0,btc,0.0,0.0,0.0,91
0.00000000008963129999999999,[],22,[],2019-01-24 15:21:05,48311955.0,5.377878e-18,1.9120238547299999e-22,6487504,2019-01-24 15:21:05,LTC,7.63458711,0.0,0.00000006,LTC,71617635.1,2.25774074196e-12,1.45775865,95
0.00000000008963129999999999,[],4,[],2019-01-24 15:19:28,133175744.72025393,9.3216552e-17,3.314174681532e-21,6487458,2019-01-24 15:19:28,ltc,1.4018299468954372,0.0,0.00000104,ltc,68615019.24305014,0.00030517,7.067406542940313e-10,96
1,[],12,[],2019-01-24 15:19:29,1212365.0,0.00000001,0.000000000000355535,6487459,2019-01-24 15:19:29,btc,255059.2635896603,0.0,0.00000001,btc,7846613.56674301,1.101e-05,0.01212365,96
0,[],17,[],2019-01-24 15:19:30,0.0,0,0,6487460,2019-01-24 15:19:30,btc,0.0,0.0,0,btc,0.0,0.0,0.0,96
1,[],4,[],2019-01-24 15:21:20,1523883.36895972,0.00000040,0.000000000014221399999999999,6487512,2019-01-24 15:21:20,btc,0.2260372947556473,0.0,0.00000040,btc,376770.73702559,0.01271724,0.1530765975561429,99
0,[],2,[],2019-01-20 23:23:55,0.0,0,0,6476914,2019-01-20 23:23:55,,0.0,0.0,0,,0.0,0.0,0.0,100
1,[],4,[],2019-01-24 15:20:06,142300.66820903,0.00004088,0.00000000145342708,6487474,2019-01-24 15:20:06,btc,1.8206537162222485,0.0,0.00004088,btc,38957.86103881,0.78724038,3.3853543383870344,100
1,[],22,[],2019-01-24 15:20:05,50000.0,0.00000001,0.000000000000355535,6487472,2019-01-24 15:20:05,BTC,23.49896609,0.0,0.00000001,BTC,10277.22,0.0,0.0005,101
1,[],4,[],2019-01-24 15:23:26,148529.34685219,0.00000103,0.000000000036620105,6487575,2019-01-24 15:23:26,btc,0.3994421490785099,0.0,0.00000103,btc,142498.26782906,0.00531743,0.0563125876538581,103
1,[],12,[],2019-01-24 15:15:10,117904323.27229841,0.000000015,0.0000000000005333025,6487391,2019-01-24 15:15:10,btc,9137280584.611725,0.0,0.000000015,btc,146705108.34687677,0.1138448888053416,0.6021966000844762,105
1,[],27,[],2019-01-24 15:15:12,136332.5,0.00000004,0.00000000000142214,6487392,2019-01-24 15:15:12,btc,0.0722679519,125568.5,0.00000004,btc,2857.538,0.00502274,0.0044302,105
0,[],22,[],2019-01-24 15:21:08,0.0,0,0,6487505,2019-01-24 15:21:08,,1.07253299,0.0,0,,94300.0,0.0,0.0,107
1,[],26,[],2019-01-24 15:21:08,0.0,0.00000000,0,6487506,2019-01-24 15:21:08,btc,0.0,0.0,0.00000000,btc,0.0,0.0,0.0,107
1,[],5,[],2019-01-24 15:20:34,3e-08,0.00000002,0.00000000000071107,6487490,2019-01-24 15:20:34,btc,5.96633264,0.05229749,0.00000002,btc,1.589e-05,0.0,0.09604876,112
1,[],22,[],2019-01-24 15:20:37,1966.0,0.00000001,0.000000000000355535,6487491,2019-01-24 15:20:37,BTC,2.84070818,0.0,0.00000001,BTC,932218.0833333334,0.0,1.966e-05,112
0,[],27,[],2019-01-24 15:20:40,0.0,0,0,6487492,2019-01-24 15:20:40,,1.25125,0.0,0,"btc,eth",79.0,0.0,0.0,112
1,[],4,[],2019-01-24 15:15:31,453911.5923464,0.00000430,0.00000000015288005,6487403,2019-01-24 15:15:31,btc,0.4441581113045938,0.0,0.00000430,btc,70171.03856978,0.38983986,0.4393598795170411,113
1,[],5,[],2019-01-24 15:17:31,0.0,0,0,6487404,2019-01-24 15:17:31,btc,0.0,0.003425,0,btc,0.0,0.0,0.0,113
1,[],17,[],2019-01-24 15:19:13,233369.0,0.00000004,0.00000000000142214,6487450,2019-01-24 15:19:13,btc,1.3376290575999075,0.0,0.00000004,btc,72546.975,0.0,0.00543476,116
0,[],27,[],2019-01-24 15:19:16,0.0,0,0,6487451,2019-01-24 15:19:16,,0.0,0.0,0,btc,0.0,0.0,0.0,116
1,[],4,[],2019-01-24 15:19:01,115237.087122,0.00002010,0.00000000071462535,6487443,2019-01-24 15:19:01,btc,0.7241671948198127,0.0,0.00002010,btc,27022.99763234,6.41438676,0.750863678564267,120
1,[],7,[],2019-01-24 15:19:02,4188.69491269,0.000017719999999999999748707957269999724303488619625568389892578125,0.0000000006300080199999999,6487444,2019-01-24 15:19:02,btc,94.98408565277741,3016.47325664,0.000017719999999999999748707957269999724303488619625568389892578125,btc,25098.92340953,0.08732626,0.0449410624906161,120
1,[],20,[],2019-01-24 15:19:11,1215767.5588,0.000000013,0.0000000000004621955,6487449,2019-01-24 15:19:11,btc,31.4063095068966,389.85,0.000000013,btc,1102100.3058,5.06805e-06,0.0068489678606,125
1,[],22,[],2019-01-24 15:17:53,3053.0,0.00000001,0.000000000000355535,6487411,2019-01-24 15:17:53,BTC,0.01415863,0.0,0.00000001,BTC,293039.4,0.0,3.053e-05,126
0,[],22,[],2019-01-24 15:21:50,0.0,0,0,6487521,2019-01-24 15:21:50,,3.30709612,0.0,0,,19391.67229247642,0.0,0.0,130
0,[],2,[],2019-01-20 23:25:46,0.0,0,0,6476969,2019-01-20 23:25:46,,0.0,0.0,0,,0.0,0.0,0.0,131
1,[],4,[],2019-01-24 15:22:01,81020.17779329,0.00001555,0.000000000552856925,6487525,2019-01-24 15:22:01,btc,0.5482032829767484,0.0,0.00001555,btc,28003.88024409,0.15138371,0.3779241143755431,131
0,[],17,[],2019-01-24 15:22:02,0.0,0,0,6487526,2019-01-24 15:22:02,btc,0.0008451375975800001,0.0,0,btc,30.89614684,0.0,0.0,131
1,[],4,[],2019-01-24 15:23:04,6060.90609026,0.00019652,0.0000000069869738199999996,6487563,2019-01-24 15:23:04,btc,1.6269232683341472,0.0,0.00019652,btc,206.10257325,0.0,0.0102407159618989,135
1,[],3,[],2019-01-24 15:20:29,715221.88351842,0.00000005,0.0000000000017776749999999999,6487488,2019-01-24 15:20:29,btc,0.3494505371548471,636857.090617,0.00000005,btc,939667.67454555,0.0,0.0230010615037015,136
1,[],4,[],2019-01-24 15:14:59,115421.42872426,0.00000191,0.000000000067907185,6487387,2019-01-24 15:14:59,btc,0.4766894084531176,0.0,0.00000191,btc,183636.74572492,0.07680276,0.1544509353261845,137
1,[],12,[],2019-01-24 15:15:00,302191.06508961,0.000001870000000000000095373470405946125794116596807725727558135986328125,0.000000000066485045,6487388,2019-01-24 15:15:00,btc,11798.821887285627,0.0,0.000001870000000000000095373470405946125794116596807725727558135986328125,btc,132697.800652,0.0703767998147201,0.0303818920000072,137
1,[],5,[],2019-01-24 15:18:02,0.00101926,0.00002973,0.000000001057005555,6487414,2019-01-24 15:18:02,btc,5.43290242,0.9634313,0.00002973,btc,0.00182805,0.0,1.70993665,142
1,[],17,[],2019-01-24 15:18:04,12500.0,0.0000001,0.0000000000035553499999999998,6487415,2019-01-24 15:18:04,btc,0.5782815519453723,0.0,0.0000001,btc,4834.207754,0.0,0.00125,142
1,[],20,[],2019-01-24 15:18:05,148569.4458,0.00003201,0.000000001138067535,6487416,2019-01-24 15:18:05,btc,2.50561291,8.5809,0.00003201,btc,5118.3122,0.0002917506,0.0908377510158,142
1,[],22,[],2019-01-24 15:18:10,990.0,0.00001880,0.0000000006684058,6487417,2019-01-24 15:18:10,BTC,0.00152287,0.0,0.00001880,BTC,15.055608820709493,0.0,0.00022106,142
1,[],28,[],2019-01-24 15:18:13,78430.0,0.00002000,0.00000000071107,6487418,2019-01-24 15:18:13,btc,0.05152625387,90414.0,0.00002000,btc,1349.7234,0.0,0.0242247,142
,[],25,[],2019-01-11 15:38:27,0.0,0,0,6366122,2019-01-11 15:38:27,,0.0,0.0,,btc,0.0,0.0,0.0,142
0,[],22,[],2019-01-24 15:22:49,0.0,0,0,6487551,2019-01-24 15:22:49,,54.93330297,0.0,0,,667563265.8,0.0,0.0,143
1,[],21,[],2019-01-24 15:23:02,51574127.878178634,0.00000031,0.000000000011021585,6487560,2019-01-24 15:23:02,btc,38.7193087222291,23579172.09275323,0.00000031,btc,70351839.66597833,7.24230762,9.96223823161616,145
0,[],22,[],2019-01-24 15:18:39,0.0,0,0,6487432,2019-01-24 15:18:39,,2.39270934,0.0,0,,786514.0,0.0,0.0,146
,[],22,[],2018-11-20 23:01:11,0.0,0,0,4862114,2018-11-20 23:01:11,,2.56807021,0.0,,,61828.4988236,0.0,0.0,147
1,[],12,[],2019-01-24 15:22:51,8696531.63290079,0.000004099999999999999708588140079346118227476836182177066802978515625,0.00000000014576934999999998,6487553,2019-01-24 15:22:51,btc,17.06834835120477,0.0,0.000004099999999999999708588140079346118227476836182177066802978515625,btc,110387.03090909,0.00193726869252,0.1106917163613375,148
1,[],4,[],2019-01-24 15:23:33,111944.4061864,0.00000036,0.00000000001279926,6487579,2019-01-24 15:23:33,btc,0.6907040476985206,0.0,0.00000036,btc,514859.11156085,0.0013,0.0312220905124395,152
0,[],22,[],2019-01-24 15:23:35,0.0,0,0,6487580,2019-01-24 15:23:35,,0.0,0.0,0,,0.0,0.0,0.0,152
1,[],5,[],2019-01-24 15:20:42,0.0,0,0,6487493,2019-01-24 15:20:42,btc,4.32752783,0.0,0,btc,0.00161275,0.0,0.0,153
,[],16,[],2019-01-11 15:38:59,0.0,0,0,6366141,2019-01-11 15:38:59,btc,0.0,0.0,,btc,0.0,0.0,0.0,155
0,[],23,[],2019-01-20 23:24:29,0.0,0,0,6476932,2019-01-20 23:24:29,,0.0,0.0,0,,0.0,0.0,0.0,156
0,[],22,[],2019-01-24 15:20:32,0.0,0,0,6487489,2019-01-24 15:20:32,,6.78848922,0.0,0,,4237721.742592593,0.0,0.0,156
1,[],22,[],2019-01-24 15:21:43,7906.0,0.00000801,0.000000000284783535,6487518,2019-01-24 15:21:43,BTC,43.81543407,0.0,0.00000801,BTC,1572.3690079421112,0.0,0.00743836,157
0,[],22,[],2019-01-24 15:19:00,0.0,0,0,6487442,2019-01-24 15:19:00,,50175.67300261,0.0,0,,53770788.04179466,0.0,0.0,158
,[],17,[],2018-11-20 22:56:10,0.0,0,0,4861976,2018-11-20 22:56:10,btc,1.1265625,0.0,,btc,1000.0,0.0,0.0,159
,[],20,[],2018-11-20 22:56:12,0.0,0,0,4861977,2018-11-20 22:56:12,btc,11912.7940471,0.0,,btc,34413894.3617,0.0,0.0,159
1,[],12,[],2019-01-24 15:20:10,185004.67529874,0.000009929999999999999794170722766661896230289130471646785736083984375,0.000000000353046255,6487477,2019-01-24 15:20:10,btc,6.6522578721585885,0.0,0.000009929999999999999794170722766661896230289130471646785736083984375,btc,13918.21908934,0.0117095087412915,0.1038668481999454,168
1,[],17,[],2019-01-24 15:20:11,29784.95,0.000001,0.0000000000355535,6487478,2019-01-24 15:20:11,btc,0.0353989844335,0.0,0.000001,btc,196.82520268,0.0,0.00716147,168
0,[],22,[],2019-01-24 15:19:59,0.0,0,0,6487471,2019-01-24 15:19:59,,1.13392792,0.0,0,,692360.5537281231,0.0,0.0,169
1,[],22,[],2019-01-24 15:18:43,59154.0,0.00000024,0.00000000000853284,6487433,2019-01-24 15:18:43,BTC,2.46110457,0.0,0.00000024,BTC,65247.02426237162,0.00066781,0.0069595,171
1,[],22,[],2019-01-24 15:20:16,75345.16666666667,0.00000022,0.00000000000782177,6487479,2019-01-24 15:20:16,BTC,2.83165409,0.0,0.00000022,BTC,229914.9973180491,0.00656671,0.0038795,173
1,[],5,[],2019-01-24 15:20:22,7.564e-05,0.00000518,0.00000000018416713,6487482,2019-01-24 15:20:22,btc,0.45451583,0.18202104,0.00000518,btc,0.00040833,0.0,0.84984183,175
1,[],22,[],2019-01-24 15:17:59,57698.0,0.00000095,0.000000000033775825,6487413,2019-01-24 15:17:59,BTC,0.56541542,0.0,0.00000095,BTC,113780.29444388876,0.00575999,0.04147248,176
1,[],7,[],2019-01-24 15:22:56,0.0,0,0,6487556,2019-01-24 15:22:56,btc,10931.193526931043,12818.0,0,btc,124614895.89995943,0.00012818,0.0,178
0,[],22,[],2019-01-24 15:22:58,0.0,0,0,6487557,2019-01-24 15:22:58,,1.00242428,0.0,0,,57512.0,0.0,0.0,178
0,[],2,[],2019-01-20 23:28:34,0.0,0,0,6477001,2019-01-20 23:28:34,,0.0,0.0,0,,0.0,0.0,0.0,178
0,[],23,[],2019-01-20 23:25:08,0.0,0,0,6476952,2019-01-20 23:25:08,,0.0,0.0,0,,0.0,0.0,0.0,179
1,[],5,[],2019-01-24 15:21:10,6e-08,0.00000003,0.000000000001066605,6487507,2019-01-24 15:21:10,btc,14.05680217,0.68325103,0.00000003,btc,2.424e-05,0.0,2.00453971,179
1,[],22,[],2019-01-24 15:21:14,9174123.0,0.00000002,0.00000000000071107,6487508,2019-01-24 15:21:14,BTC,5.5182925,0.0,0.00000002,"BTC,LTC",17387274.451989967,0.0155954,0.40095044,179
1,[],17,[],2019-01-24 15:14:43,10504.725,0.0000001,0.0000000000035553499999999998,6487384,2019-01-24 15:14:43,btc,5.206984534928545,0.0,0.0000001,btc,7893.797658699999,0.0,0.0010504725,180
1,[],22,[],2019-01-24 15:14:48,1468.0,0.00000031,0.000000000011021585,6487385,2019-01-24 15:14:48,BTC,0.22768944,0.0,0.00000031,"BTC,LTC",26798.816254853482,0.0,0.00040342,180
1,[],26,[],2019-01-24 15:14:58,0.0,0.00000010,0.0000000000035553499999999998,6487386,2019-01-24 15:14:58,btc,0.0,3328.02,0.00000010,btc,0.0,0.0,0.0,180
,[],7,[],2018-11-20 22:58:01,562227.975654,0.00000085,0.000000000036176765,4862015,2018-11-20 22:58:01,btc,21836.6059674,2491.87645172,,btc,749999.041456,0.00211021,0.127565380455,183
,[],5,[],2019-01-10 08:11:41,0.0,0,0,6347036,2019-01-10 08:11:41,btc,82.15055501,0.00261,,btc,1.19002445,0.0,0.0,187
,[],17,[],2018-11-16 20:58:10,4062536.27273,0.00000001,0.000000000000550501,4708775,2018-11-16 20:58:10,btc,3.36492563466,0.195460381006,,"btc,eth",110697919.549,0.0,0.0157628953496,187
1,[],24,[],2019-01-24 15:20:05,0.0,0.000000000001,3.55535e-17,6487473,2019-01-24 15:20:05,btc,0.0,0.0,0.000000000001,btc,0.0,0.0,0.0,187
0,[],22,[],2019-01-24 15:23:46,0.0,0,0,6487588,2019-01-24 15:23:46,,1.19413437,0.0,0,,14499.956201072173,0.0,0.0,191
0,[],22,[],2019-01-24 15:21:55,0.0,0,0,6487522,2019-01-24 15:21:55,,0.0,0.0,0,,0.0,0.0,0.0,197
0,[],23,[],2019-01-20 23:31:41,0.0,0,0,6477079,2019-01-20 23:31:41,,0.0,0.0,0,,0.0,0.0,0.0,199
1,[],26,[],2019-01-24 15:18:14,0.0,0.00000000,0,6487420,2019-01-24 15:18:14,btc,0.0,766213.0,0.00000000,btc,0.0,0.0,0.0,199
0,[],17,[],2019-01-24 15:23:00,0.0,0,0,6487558,2019-01-24 15:23:00,btc,6.802544163858351,0.0,0,btc,105897.55575295,0.0,0.0,200
0,[],2,[],2019-01-20 23:30:49,0.0,0,0,6477059,2019-01-20 23:30:49,,0.0,0.0,0,,0.0,0.0,0.0,201
1,[],4,[],2019-01-24 15:23:32,324933.05857709,0.00000940,0.0000000003342029,6487578,2019-01-24 15:23:32,btc,2.0826197496382237,0.0,0.00000940,btc,167490.38650996,0.25437572,1.4046051470433276,211
1,[],7,[],2019-01-24 15:22:03,17814208.49555937,0.000001170000000000000021170673721038202330646527116186916828155517578125,0.000000000041597595,6487527,2019-01-24 15:22:03,btc,16317791.153317219,181256.97528,0.000001170000000000000021170673721038202330646527116186916828155517578125,btc,12582417.95714941,0.0,7.915171058612731,212
1,[],5,[],2019-01-24 15:22:42,4.64e-06,0.00000031,0.000000000011021585,6487546,2019-01-24 15:22:42,btc,0.87980133,0.03231388,0.00000031,btc,2.942e-05,0.0,0.13987189,213
1,[],12,[],2019-01-24 15:22:43,234810.42853209,0.000001069999999999999919816744131662034078544820658862590789794921875,0.000000000038042244999999996,6487547,2019-01-24 15:22:43,btc,85023.03782571404,0.0,0.000001069999999999999919816744131662034078544820658862590789794921875,btc,43667.72820726,0.0001884726840595,0.009526376062202399,213
1,[],24,[],2019-01-24 15:22:43,0.0,0.000000050000,0.0000000000017776749999999999,6487548,2019-01-24 15:22:43,btc,0.0,0.0,0.000000050000,btc,0.0,0.0,0.0,213
1,[],26,[],2019-01-24 15:22:44,0.0,0.00000003,0.000000000001066605,6487549,2019-01-24 15:22:44,btc,0.0,0.0,0.00000003,btc,0.0,0.0,0.0,213
1,[],22,[],2019-01-24 15:17:43,302399.2,0.00000005,0.0000000000017776749999999999,6487408,2019-01-24 15:17:43,BTC,70.22092064,0.0,0.00000005,BTC,156697.9946272864,0.00119599,0.00586396,216
1,[],27,[],2019-01-24 15:17:45,5088645.0,0.00000016,0.00000000000568856,6487409,2019-01-24 15:17:45,btc,619.88407456916,5755.0,0.00000016,"btc,ltc",268761.09411,0.0040285,0.0536195,216
1,[],22,[],2019-01-24 15:23:53,288089.98182760586,0.00000233,0.000000000082839655,6487590,2019-01-24 15:23:53,BTC,12677.86284727,0.0,0.00000233,BTC,357081.04314279975,0.04497835,0.40682054,217
1,[],7,[],2019-01-24 15:19:05,0.0,0,0,6487446,2019-01-24 15:19:05,btc,302.5779742541106,0.0,0,btc,133650235.62140028,0.0,0.0,219
0,[],27,[],2019-01-24 15:19:07,0.0,0,0,6487447,2019-01-24 15:19:07,,0.0747309448198,0.0,0,btc,1605140.29226592,0.0,0.0,219
0.0000000000000057,[],28,[],2019-01-24 15:19:09,238816286.198,2.280057e-18,8.106400654950001e-23,6487448,2019-01-24 15:19:09,doge,143035.5147817675,27052.0,0.00040001,"btc,doge",6859472.34751,0.0,1.738649571899051e-11,219
1,[],22,[],2019-01-24 15:19:23,210628.5,0.00000071,0.000000000025242985,6487454,2019-01-24 15:19:23,BTC,2.08332423,0.0,0.00000071,BTC,19472.55212317522,0.0,0.02506531,221
1,[],24,[],2019-01-24 15:19:23,0.0,0.000000800000,0.000000000028442799999999998,6487455,2019-01-24 15:19:23,btc,0.0,0.0,0.000000800000,btc,0.0,0.0,0.0,221
1,[],26,[],2019-01-24 15:23:01,0.0,0.00000002,0.00000000000071107,6487559,2019-01-24 15:23:01,btc,0.0,11048.0,0.00000002,btc,0.0,0.0,0.0,231
1,[],26,[],2019-01-24 15:22:37,0.0,0.00000004,0.00000000000142214,6487544,2019-01-24 15:22:37,btc,0.0,1600.0,0.00000004,btc,0.0,0.0,0.0,234
0,[],27,[],2019-01-24 15:22:39,0.0,0,0,6487545,2019-01-24 15:22:39,,0.001146299618,0.0,0,"btc,eth",11462.99618,0.0,0.0,234
0,[],22,[],2019-01-24 15:18:49,0.0,0,0,6487435,2019-01-24 15:18:49,,3.11852563,0.0,0,,90313875.02329598,0.0,0.0,235
1,[],4,[],2019-01-24 15:23:36,688066.35159086,0.00000104,0.00000000003697564,6487581,2019-01-24 15:23:36,btc,0.2869372549864225,0.0,0.00000104,btc,207667.6560173,0.06515573,0.2143196325871136,236
1,[],24,[],2019-01-24 15:23:36,0.0,0.000000010000,0.000000000000355535,6487582,2019-01-24 15:23:36,btc,0.0,0.0,0.000000010000,btc,0.0,0.0,0.0,236
1,[],20,[],2019-01-24 15:22:34,35811627.0604,0.000000063,0.0000000000022398705,6487542,2019-01-24 15:22:34,btc,14.0968984014519,27476935.0381,0.000000063,btc,25479460.528,1.7671968904595,0.4590888939205,237
0,[],22,[],2019-01-24 15:22:36,0.0,0,0,6487543,2019-01-24 15:22:36,,0.04083605,0.0,0,,4179.0,0.0,0.0,237
1,[],4,[],2019-01-24 15:20:07,5275996.78403129,0.00000031,0.000000000011021585,6487475,2019-01-24 15:20:07,btc,0.5525085565671737,0.0,0.00000031,btc,1644765.15102458,0.3250972,1.4575872236166305,238
1,[],5,[],2019-01-24 15:20:08,3.96e-06,0.00000032,0.00000000001137712,6487476,2019-01-24 15:20:08,btc,0.57203728,0.04572361,0.00000032,btc,2.906e-05,0.0,0.20275652,238
1,[],22,[],2019-01-24 15:20:19,281968.75,0.00000005,0.0000000000017776749999999999,6487480,2019-01-24 15:20:19,BTC,15.41132459,0.0,0.00000005,BTC,240508.69643307183,0.0,0.00945438,249
0.00000000008963129999999999,[],22,[],2019-01-24 15:19:39,2414166.0,4.481565e-18,1.593353212275e-22,6487465,2019-01-24 15:19:39,LTC,0.43490749,0.0,0.00000005,LTC,12631887.29,7.0808727e-13,0.04430538,252
1,[],28,[],2019-01-24 15:20:53,3195236.1,0.00000009,0.000000000003199815,6487498,2019-01-24 15:20:53,btc,164692.82892950226,44312.666,0.00000009,btc,1139489.9695,0.0,0.05376586991,256
0,[],27,[],2019-01-24 15:15:29,0.0,0,0,6487401,2019-01-24 15:15:29,,4.96668,0.0,0,"btc,eth",90.59,0.0,0.0,257
1,[],22,[],2019-01-24 15:18:26,56934.375,0.00000008,0.00000000000284428,6487425,2019-01-24 15:18:26,BTC,35605.68067355,0.0,0.00000008,BTC,708394.3310213444,0.00021839,0.00084784,258
1,[],22,[],2019-01-24 15:23:50,6578.442666666667,0.00000750,0.00000000026665125,6487589,2019-01-24 15:23:50,BTC,4.68622194,0.0,0.00000750,BTC,6028.378238095238,0.00031771,0.03327318,262
1,[],5,[],2019-01-24 15:23:29,4.605e-05,0.00000300,0.0000000001066605,6487576,2019-01-24 15:23:29,btc,7.72104655,0.55464581,0.00000300,btc,0.03475608,0.0,0.18233194,264
1,[],20,[],2019-01-24 15:23:30,1779458.0018,0.00000339,0.000000000120526365,6487577,2019-01-24 15:23:30,btc,5.1264363347577,58576.7156,0.00000339,btc,84705.3917,0.37489097984,0.0358053530677,264
1,[],22,[],2019-01-24 15:17:49,138480.25,0.00000004,0.00000000000142214,6487410,2019-01-24 15:17:49,BTC,6.39655524,0.0,0.00000004,BTC,199536.05470818645,0.00087211,0.00404572,271
0,[],22,[],2019-01-24 15:18:31,0.0,0,0,6487427,2019-01-24 15:18:31,,326.76482434,0.0,0,,10642389200.0,0.0,0.0,272
0.0000000000000057,[],28,[],2019-01-24 15:18:33,354980645548.264,3.4200000000000005e-21,1.2159297e-25,6487428,2019-01-24 15:18:33,doge,4424572.688191119,11080332204.374,0.0000006,doge,127722961010.3808,0.0,5.598333385195987e-10,272
