pairValue,buyBook,exchangeId,sellBook,updated,buyTotal,satoshiPrice,usdPrice,exchangeLogId,created,bestPair,sellTotalBtc,volume,pairPrice,activePairs,sellTotal,volumeBtc,buyTotalBtc,coinId
1,[],3,[],2019-02-28 20:17:33,30534.630291786,0.01252045000000000067597039077327281120233237743377685546875,0.000000477486141425,6813215,2019-02-28 20:17:33,btc,61.12006585569524,0.0,0.01252045000000000067597039077327281120233237743377685546875,btc,25.906225477809002,0.0,0.23970779313778884,1
1,[],4,[],2019-02-28 20:17:34,208037.22707984,0.01270101,0.0000004843720678650001,6813216,2019-02-28 20:17:34,btc,9.182261281344676,0.0,0.01270101,btc,259.52196829,0.60226818,2.7508195707373178,1
1,[],5,[],2019-02-28 20:17:36,0.0,0,0,6813217,2019-02-28 20:17:36,btc,0.0,0.01874498,0,btc,0.0,0.0,0.0,1
1,[],10,[],2019-02-28 20:17:39,414737.23895848,0.01026758,0.00000039156956467,6813218,2019-02-28 20:17:39,btc,6521.1266057966905,1940.84865946,0.01026758,btc,1007.69376876,0.0,5.240775176343609,1
1,[],12,[],2019-02-28 20:17:42,10438.75446234,0.01255999999999999998390176614293523016385734081268310546875,0.00000047899444,6813219,2019-02-28 20:17:42,btc,0.551805489247,0.0,0.01255999999999999998390176614293523016385734081268310546875,btc,34.32656366,0.336728409952,0.3610478656666,1
1,[],20,[],2019-02-28 20:17:43,1149.9388,0.01051,0.000000400814615,6813220,2019-02-28 20:17:43,btc,0.0662082325693,0.1076,0.01051,btc,3.0133,0.001130876,0.0864181696215,1
1,[],21,[],2019-02-28 20:17:44,2045.90359648,0.01260001000000000002942979194,0.000000480520281365,6813221,2019-02-28 20:17:44,btc,17.120001326524612,2261.6117897500003,0.01260001000000000002942979193676364957354962825775146484375,"btc,eth",1745.8061166,25.935130195193903,22.435271104227844,1
1,[],22,[],2019-02-28 20:17:48,0.006382215384615385,0.01300000,0.0000004957745,6813222,2019-02-28 20:17:48,BTC,0.31439419,0.0,0.01300000,BTC,0.12751438772928525,0.00012994,7.978e-05,1
1,[],24,[],2019-02-28 20:17:49,0.0,0.000000000000,0,6813223,2019-02-28 20:17:49,btc,0.0,0.0,0.000000000000,btc,0.0,0.0,0.0,1
0.0,[],25,[],2019-02-28 20:17:49,0.0,0,0,6813224,2019-02-28 20:17:49,btc,28.638699997520906,3490.08330837,0.0,btc,2219.79973631,44.9416,0.0,1
1,[],26,[],2019-02-28 20:17:50,0.0,0,0,6813225,2019-02-28 20:17:50,,0.0,0.0,0,,0.0,0.0,0.0,1
1,[],28,[],2019-02-28 20:17:52,993.142,0.01323000,0.000000504545895,6813226,2019-02-28 20:17:52,btc,0.162839806,18023.95,0.01323000,btc,8.9,0.0,0.089302756,1
0,[],2,[],2019-01-20 23:28:45,0.0,0,0,6477011,2019-01-20 23:28:45,,0.0,0.0,0,,0.0,0.0,0.0,1
1,[],5,[],2019-02-28 20:17:55,0.0,0,0,6813227,2019-02-28 20:17:55,btc,0.0,0.01829308,0,btc,0.0,0.0,0.0,2
0.0000000001258452,[],22,[],2019-02-28 20:17:59,1148.0,1.3842972000000001e-16,5.2792250167800006e-21,6813228,2019-02-28 20:17:59,XMR,21.01373823,0.0,0.00000110,XMR,14319.12581,0.0,0.00087635,2
1,[],5,[],2019-02-28 20:18:01,0.0,0,0,6813229,2019-02-28 20:18:01,btc,0.0,0.60344947,0,btc,0.0,0.0,0.0,3
1,[],12,[],2019-02-28 20:18:02,13186743.54422,0.000000174,0.0000000000066357510000000004,6813230,2019-02-28 20:18:02,btc,924396.248946613,0.0,0.000000174,btc,8197937.5350824,0.03458356958337308,0.65414227733542,3
0,[],28,[],2019-02-28 20:18:04,0.0,0,0,6813231,2019-02-28 20:18:04,,0.0,0.0,0,,0.0,0.0,0.0,3
0,[],2,[],2019-01-20 23:31:32,0.0,0,0,6477077,2019-01-20 23:31:32,,0.0,0.0,0,,0.0,0.0,0.0,4
1,[],4,[],2019-02-28 20:18:04,394515.51681416,0.00000033,0.000000000012585045000000001,6813232,2019-02-28 20:18:04,btc,31.98462224995629,0.0,0.00000033,btc,710602.55491406,0.0,0.0533407895458889,4
1,[],12,[],2019-02-22 14:50:14,1367032.5219999999,0.00000003,0.000000000001190475,6759350,2019-02-22 14:50:14,btc,11013869.583570713,0.0,0.00000003,btc,1211697.32371984,0.00024567976024,0.02065290044,5
0,[],2,[],2019-01-20 23:31:51,0.0,0,0,6477087,2019-01-20 23:31:51,,0.0,0.0,0,,0.0,0.0,0.0,6
1,[],11,[],2019-02-28 20:18:06,6414218.5,0.00000002,0.00000000000076273,6813233,2019-02-28 20:18:06,btc,9432.763145092815,663111.0,0.00000002,btc,41598830.57452957,0.0,0.085759205,6
1,[],3,[],2019-02-28 20:18:07,1085.537475048359,0.0001510600000000000072038208731584063571062870323657989501953125,0.000000005760899690000001,6813234,2019-02-28 20:18:07,btc,26.3363151709563,0.0,0.0001510600000000000072038208731584063571062870323657989501953125,btc,247.537822229004,0.0,0.03339742781632559,7
1,[],4,[],2019-02-28 20:18:08,95999.609956,0.00023005,0.000000008773301825000001,6813235,2019-02-28 20:18:08,btc,11.065408943491365,0.0,0.00023005,btc,36656.3441194,2.45025288,6.119960337673612,7
1,[],5,[],2019-02-28 20:18:10,0.0,0,0,6813236,2019-02-28 20:18:10,btc,0.0,0.92904242,0,btc,0.0,0.0,0.0,7
1,[],20,[],2019-02-20 02:16:17,39399275.8418,0.000000001,0.0000000000000390183,6728586,2019-02-20 02:16:17,btc,116.9737569154545,525.0,0.000000001,btc,56932965.8895,5.25e-07,0.0393992758418,8
1,[],4,[],2019-02-28 20:18:11,2113601.80356112,0.00000175,0.000000000066738875,6813237,2019-02-28 20:18:11,btc,6.971561826068113,0.0,0.00000175,btc,2829210.93702605,1.52341409,0.97532103663358,9
1,[],28,[],2019-02-28 20:18:13,77766.22,0.00000181,0.000000000069027065,6813238,2019-02-28 20:18:13,btc,2708.763406715895,3502293.0,0.00000181,btc,12476.4655,0.0,0.08624565433,9
0,[],2,[],2019-01-20 23:22:42,0.0,0,0,6476876,2019-01-20 23:22:42,,0.0,0.0,0,,0.0,0.0,0.0,9
0,[],23,[],2019-01-20 23:22:48,0.0,0,0,6476878,2019-01-20 23:22:48,,0.0,0.0,0,,0.0,0.0,0.0,9
1,[],1,[],2019-02-17 23:31:42,1822507.21,0.00000181000000000000003456111265232042484285557293333113193511962890625,0.000000000066086901,6701244,2019-02-17 23:31:42,btc,3.6990969245,17153386.5,0.00000181000000000000003456111265232042484285557293333113193511962890625,btc,1997391.71,31.11772986,3.2610482446,9
1,[],4,[],2019-02-17 11:22:43,4341674.27126056,0.00000002,0.0000000000007272960000000001,6696112,2019-02-17 11:22:43,btc,0.1997230937751353,0.0,0.00000002,btc,4109766.79808031,0.00215132,0.0479381022052112,10
1,[],4,[],2019-02-28 20:18:13,4418752.51943853,0.00000124,0.000000000047289260000000005,6813239,2019-02-28 20:18:13,btc,10.198620191919968,0.0,0.00000124,btc,5334714.18798369,2.98873319,2.4870417350336744,12
1,[],5,[],2019-02-28 20:18:15,0.0,0,0,6813240,2019-02-28 20:18:15,btc,0.0,0.31993021,0,btc,0.0,0.0,0.0,12
0.0,[],25,[],2019-02-28 20:18:16,0.0,0,0,6813241,2019-02-28 20:18:16,,0.0,0.0,0.0,btc,0.0,0.0,0.0,12
0,[],2,[],2019-01-20 23:23:08,0.0,0,0,6476890,2019-01-20 23:23:08,,0.0,0.0,0,,0.0,0.0,0.0,12
1,[],4,[],2019-02-28 20:18:17,31940348.96254567,0.00000556,0.00000000021203894,6813242,2019-02-28 20:18:17,btc,3.099889525946544,0.0,0.00000556,btc,430481.61702396,0.34963492,0.7327222334468076,13
1,[],21,[],2019-02-28 20:18:20,796326.92428296,0.000005660000000000000019160020792,0.00000000021585259000000002,6813243,2019-02-28 20:18:20,btc,6.07373481422341,332717.99285246,0.00000566000000000000001916002079216383435777970589697360992431640625,btc,961121.43516801,1.92115853,4.203409348491851,13
1,[],10,[],2019-02-28 20:07:40,400842.72062043,0.00000559,0.000000000213414461,6813045,2019-02-28 20:07:40,btc,666802.6142520498,4208.72847857,0.00000559,btc,745076.68464246,0.0,0.2582599660804261,13
1,[],4,[],2019-02-28 20:07:43,700893.68082365,0.00000139,0.000000000053067281,6813047,2019-02-28 20:07:43,btc,331.193311117398,0.0,0.00000139,btc,862892.93299976,0.13046477,0.1497008282947164,14
1,[],12,[],2019-02-28 20:07:44,216535.35506902,0.0000011599999999999999051561623553130431218960438854992389678955078125,0.000000000044286364,6813048,2019-02-28 20:07:44,btc,5.286809659989185,0.0,0.0000011599999999999999051561623553130431218960438854992389678955078125,btc,29319.10027682,0.0023358128671912,0.0243677099999217,14
1,[],26,[],2019-02-28 20:07:55,0.0,0.00000050,0.00000000001908895,6813049,2019-02-28 20:07:55,btc,0.0,0.0,0.00000050,btc,0.0,0.0,0.0,14
0,[],17,[],2019-02-28 19:08:44,0.0,0,0,6812667,2019-02-28 19:08:44,btc,0.0,0.0,0,btc,0.0,0.0,0.0,14
0,[],4,[],2019-02-28 20:18:21,0.0,0,0,6813244,2019-02-28 20:18:21,,0.0,0.0,0,,0.0,0.0,0.0,15
,[],12,[],2018-12-01 15:15:48,204241.84496,0.00000489,0.000000000202473384,5260204,2018-12-01 15:15:48,btc,49.5475654835,0.0,,btc,35763.2193806,0.0163153972027625,0.0203389899998,15
1,[],4,[],2019-02-28 20:18:22,25979.86494339,0.00001785,0.000000000680736525,6813245,2019-02-28 20:18:22,btc,1.221762703203008,0.0,0.00001785,btc,8899.64942207,0.02951579,0.0836007521523781,18
1,[],10,[],2019-02-28 20:18:24,783195.55696706,0.00001744,0.00000000066510056,6813246,2019-02-28 20:18:24,btc,26.528257304319613,14968.1192573,0.00001744,btc,52086.15258807,0.0,0.1380728419434507,18
1,[],12,[],2019-02-28 20:18:27,193627.95472312,0.0000174999999999999984669381281054967303134617395699024200439453125,0.0000000006673887499999999,6813247,2019-02-28 20:18:27,btc,23.630464885502462,0.0,0.0000174999999999999984669381281054967303134617395699024200439453125,btc,1864.03352308,2.80336999907e-05,0.0339221675588359,18
0,[],17,[],2019-02-28 20:18:29,0.0,0,0,6813248,2019-02-28 20:18:29,btc,0.0,0.0,0,btc,0.0,0.0,0.0,18
0,[],2,[],2019-01-20 23:23:38,0.0,0,0,6476906,2019-01-20 23:23:38,,0.0,0.0,0,,0.0,0.0,0.0,18
1,[],3,[],2019-02-28 20:18:29,118460.72643361954,0.00002004999999999999946327655653277588498895056545734405517578125,0.000000000764636825,6813249,2019-02-28 20:18:29,btc,0.54488773071046,0.0,0.00002004999999999999946327655653277588498895056545734405517578125,btc,9078.168872553742,0.0,0.032778428598817425,19
1,[],4,[],2019-02-28 20:18:30,521264.58360197,0.00001922,0.00000000073298353,6813250,2019-02-28 20:18:30,btc,1.9406676982088509,0.0,0.00001922,btc,66937.50936417,0.34627196,2.421474858658726,19
1,[],5,[],2019-02-28 20:18:31,0.0,0,0,6813251,2019-02-28 20:18:31,btc,0.0,7.283e-05,0,btc,0.0,0.0,0.0,19
1,[],12,[],2019-02-28 20:18:33,135338.44154207,0.000019080000000000000280088452431215273463749326765537261962890625,0.00000000072764442,6813252,2019-02-28 20:18:33,btc,6.899222625771562,0.0,0.000019080000000000000280088452431215273463749326765537261962890625,btc,467.01038266,0.0002886132405072,0.1096842699999127,19
0,[],27,[],2019-02-28 20:18:36,0.0,0,0,6813253,2019-02-28 20:18:36,,0.0,0.0,0,btc,0.0,0.0,0.0,19
0,[],2,[],2019-01-20 23:24:19,0.0,0,0,6476924,2019-01-20 23:24:19,,0.0,0.0,0,,0.0,0.0,0.0,19
1,[],4,[],2019-02-28 20:18:36,2815062.46050745,0.00000013,0.000000000004957745,6813254,2019-02-28 20:18:36,btc,7.374235915885102,0.0,0.00000013,btc,2837033.34039723,0.00030506,0.0810309973314801,20
1,[],4,[],2019-02-28 20:18:37,104036087.13737024,0.00000002,0.00000000000076273,6813255,2019-02-28 20:18:37,btc,1807.0292177693548,0.0,0.00000002,btc,54968187.81106001,0.00031635,1.1684621866280451,21
1,[],12,[],2019-02-28 20:18:38,18207001.0,0.00000002,0.00000000000076273,6813256,2019-02-28 20:18:38,btc,670.3733702334847,0.0,0.00000002,btc,8127598.32857329,1.3e-06,0.23638026,21
0,[],17,[],2019-02-28 18:56:52,0.0,0,0,6812489,2019-02-28 18:56:52,btc,0.0,0.0,0,btc,0.0,0.0,0.0,21
1,[],12,[],2019-02-28 20:18:50,3050121708.531895,0.0000000002,0.0000000000000076273,6813257,2019-02-28 20:18:50,btc,875865853963.9414,0.0,0.0000000002,btc,4944073634.183255,0.024202025051148872,0.3162956209531895,23
0.0000000003554984,[],27,[],2019-02-28 20:18:52,2000.0,3.554984e-18,1.35574647316e-22,6813258,2019-02-28 20:18:52,eth,1.3829826565934114,0.0,0.00000001,eth,2164879.85514486,0.0,7.109968e-15,23
1,[],4,[],2019-02-28 20:18:52,477486.80784322,0.00000056,0.00000000002135644,6813259,2019-02-28 20:18:52,btc,8.868889971927436,0.0,0.00000056,btc,1518361.76842946,0.00314025,0.1529982391106927,24
1,[],22,[],2019-02-28 20:18:56,11.76,0.00000100,0.0000000000381365,6813260,2019-02-28 20:18:56,BTC,7.415e-05,0.0,0.00000100,BTC,23.919354838709676,0.0,1.176e-05,24
0.0,[],25,[],2019-02-28 20:18:57,0.0,0,0,6813261,2019-02-28 20:18:57,,0.0,0.0,0.0,btc,0.0,0.0,0.0,24
1,[],4,[],2019-02-28 20:18:57,22699223.36060781,0.00000582,0.00000000022195443,6813262,2019-02-28 20:18:57,btc,155.80276594470843,0.0,0.00000582,btc,240229.37990139,0.25727299,0.3761265219531172,26
1,[],10,[],2019-02-28 20:18:59,691197.25496664,0.00000604,0.00000000023034446,6813263,2019-02-28 20:18:59,btc,26.125976899340316,4646.61941681,0.00000604,btc,14054.67408507,0.0,0.2391008409624604,26
0,[],2,[],2019-01-20 23:25:56,0.0,0,0,6476976,2019-01-20 23:25:56,,0.0,0.0,0,,0.0,0.0,0.0,26
1,[],3,[],2019-02-28 20:19:00,5548785.57033568,0.00000001,0.000000000000381365,6813264,2019-02-28 20:19:00,btc,2.2569646723824555,651638.6318,0.00000001,btc,17202495.89669768,0.0,0.0554878557033568,27
1,[],5,[],2019-02-28 20:19:02,0.0,0,0,6813265,2019-02-28 20:19:02,btc,0.0,0.00376492,0,btc,0.0,0.0,0.0,27
1,[],11,[],2019-02-28 20:19:03,9491944.20350207,0.00000005,0.000000000001906825,6813266,2019-02-28 20:19:03,btc,67506.40605986067,169525.403564,0.00000005,btc,8002256.57282965,0.0,0.44249750446473557,27
1,[],4,[],2019-02-28 20:19:04,1517103694.245929,0.00000002,0.00000000000076273,6813267,2019-02-28 20:19:04,btc,3.197799046585897,0.0,0.00000002,"btc,ltc",302325315.9555482,0.17823157,12.39245007787392,29
1,[],7,[],2019-02-28 20:19:05,47461398.451005116,0.00000002,0.00000000000076273,6813268,2019-02-28 20:19:05,btc,44462590.767964035,263573.486633,0.00000002,btc,46991509.65157622,0.0,0.6187255018940157,29
1,[],4,[],2019-02-28 20:19:05,1402921.24143847,0.00000026,0.00000000000991549,6813269,2019-02-28 20:19:05,btc,2.3389218872289517,0.0,0.00000026,btc,1559554.56336826,0.01168642,0.0870734372794454,30
0,[],17,[],2019-02-28 20:09:01,0.0,0,0,6813075,2019-02-28 20:09:01,btc,0.0,0.0,0,btc,0.0,0.0,0.0,30
1,[],4,[],2019-02-28 20:19:07,117227.0129456,0.00004891,0.000000001865256215,6813270,2019-02-28 20:19:07,btc,5.678759470681783,0.0,0.00004891,btc,67678.3810726,0.88787467,0.9063548704170926,31
1,[],21,[],2019-02-28 20:19:07,74517.42183563,0.00004866999999999999988340923518,0.000000001856103455,6813271,2019-02-28 20:19:07,btc,2.351494179113621,74212.31176815,0.0000486699999999999998834092351795987951845745556056499481201171875,btc,42884.10823048,3.63233505,2.689117362990061,31
0,[],2,[],2019-01-20 23:28:43,0.0,0,0,6477009,2019-01-20 23:28:43,,0.0,0.0,0,,0.0,0.0,0.0,32
1,[],4,[],2019-02-28 20:19:08,380615530.8870222,0.00000004,0.00000000000152546,6813272,2019-02-28 20:19:08,btc,11.547590426190574,0.0,0.00000004,"btc,ltc",204587667.0270084,0.4691928,8.610098129604514,33
1,[],12,[],2019-02-28 20:19:09,16882577.0,0.00000004,0.00000000000152546,6813273,2019-02-28 20:19:09,btc,35630703.64316231,0.0,0.00000004,btc,90575286.13192673,0.0010362288511485,0.5430564,33
1,[],4,[],2019-02-28 20:19:10,121997137.32862756,0.00000001,0.000000000000381365,6813274,2019-02-28 20:19:10,btc,3.9973010376194464,0.0,0.00000001,btc,100005801.2882267,0.03125849,1.2199713732862756,34
1,[],5,[],2019-02-28 20:19:13,0.0,0,0,6813275,2019-02-28 20:19:13,btc,0.0,0.18369747,0,btc,0.0,0.0,0.0,34
0.00000000012006420000000002,[],4,[],2019-02-28 20:19:14,2493515127.5842943,2.401284e-18,9.1576567266e-23,6813276,2019-02-28 20:19:14,ltc,4.752895349100826e-08,0.0,0.00000002,ltc,5501466963.407516,0.0,4.103762620315194e-09,36
1,[],5,[],2019-02-28 20:19:16,0.0,0,0,6813277,2019-02-28 20:19:16,btc,0.0,0.0,0,btc,0.0,0.0,0.0,36
0.0000000003554984,[],27,[],2019-02-28 20:19:19,1000000.0,3.554984e-18,1.35574647316e-22,6813278,2019-02-28 20:19:19,eth,222.5997971062634,0.0,0.00000001,"ltc,eth",11163566.48751039,0.0,1.205350684e-12,36
0,[],17,[],2019-02-28 19:19:47,0.0,0,0,6812895,2019-02-28 19:19:47,btc,0.07464582823293663,0.0,0,btc,4105386.20243647,0.0,0.0,36
1,[],4,[],2019-02-28 20:19:19,281701.45306407,0.00000062,0.000000000023644630000000002,6813279,2019-02-28 20:19:19,btc,19772.49895647207,0.0,0.00000062,btc,567204.41012782,0.02089627,0.1316811364931277,37
1,[],12,[],2019-02-28 20:19:21,466292.25037441,0.0000006,0.0000000000228819,6813280,2019-02-28 20:19:21,btc,1345.9101413055143,0.0,0.0000006,btc,1010749.04423781,0.127863457519235,0.1119201499999969,37
1,[],17,[],2019-02-28 20:19:22,1752.74075282,0.00000025,0.000000000009534125,6813281,2019-02-28 20:19:22,btc,0.05548492399277588,0.0,0.00000025,btc,1387.19918473,0.0,0.00043818518820499993,37
1,[],27,[],2019-02-28 20:19:24,14685.567,0.00000045,0.000000000017161425,6813282,2019-02-28 20:19:24,btc,25.82160105111233,0.0,0.00000045,btc,6804.86438508,0.0,0.00480032515,37
1,[],5,[],2019-02-28 20:19:26,0.0,0,0,6813283,2019-02-28 20:19:26,btc,0.0,0.01333663,0,btc,0.0,0.0,0.0,42
1,[],12,[],2019-02-28 20:19:27,254520.30009367,0.00000094,0.000000000035848310000000004,6813284,2019-02-28 20:19:27,btc,94.68785237576957,0.0,0.00000094,btc,101534.68163221,0.0887693989818329,0.0599030409044487,42
0.0000000003554984,[],27,[],2019-02-28 20:19:29,2000.0,3.554984e-18,1.35574647316e-22,6813285,2019-02-28 20:19:29,eth,0.00315028,0.0,0.00000001,"btc,eth",11.007,0.0,7.109968e-15,42
1,[],5,[],2019-02-28 20:19:30,0.0,0,0,6813286,2019-02-28 20:19:30,btc,0.0,0.10381416,0,btc,0.0,0.0,0.0,43
1,[],12,[],2019-02-28 20:19:31,1079271.0,0.00000001,0.000000000000381365,6813287,2019-02-28 20:19:31,btc,3569.629441896553,0.0,0.00000001,btc,12100972.67372626,2.347982018e-06,0.01079271,43
0,[],17,[],2019-02-28 20:19:43,0.0,0,0,6813288,2019-02-28 20:19:43,btc,0.0,0.0,0,btc,0.0,0.0,0.0,43
1,[],12,[],2019-02-28 20:19:44,644472.0,0.00000005,0.000000000001906825,6813289,2019-02-28 20:19:44,btc,11116042.727855908,0.0,0.00000005,btc,1102947.40161834,0.0003088945254745,0.01577006,44
1,[],4,[],2019-02-28 20:19:44,290685695.5103865,0.00000002,0.00000000000076273,6813290,2019-02-28 20:19:44,btc,473.61013953980137,0.0,0.00000002,"btc,ltc",12308384.80365541,0.00131157,0.19751143868132778,49
0,[],4,[],2019-02-28 20:19:45,0.0,0,0,6813291,2019-02-28 20:19:45,,25.47533666788572,0.0,0,,10246447712.46598,0.0,0.0,52
0.0000000001258452,[],22,[],2019-02-28 20:19:48,80845862.0,1.258452e-18,4.7992954698e-23,6813292,2019-02-28 20:19:48,XMR,4366.96996713,0.0,0.00000001,XMR,255350310.67882353,0.0,0.80845862,57
0.0000000003554984,[],27,[],2019-02-28 20:19:51,2000.0,3.554984e-18,1.35574647316e-22,6813293,2019-02-28 20:19:51,eth,0.0,0.0,0.00000001,"btc,eth",0.0,0.0,7.109968e-15,57
0.00000000012006420000000002,[],4,[],2019-02-28 20:19:52,1660544438.2391615,4.802568e-18,1.83153134532e-22,6813294,2019-02-28 20:19:52,ltc,18.807184706541655,0.0,0.00000004,ltc,3900570703.1800942,0.00026681,3.5206945783518483e-09,58
1,[],12,[],2019-02-28 20:19:53,1619055015.843957,0.0000000004,0.0000000000000152546,6813295,2019-02-28 20:19:53,btc,224005480191.4387,0.0,0.0000000004,btc,3777779076.008467,0.02054882978141857,0.5227632209011391,58
0,[],17,[],2019-02-28 20:19:55,0.0,0,0,6813296,2019-02-28 20:19:55,btc,1e+24,0.0,0,btc,49306342.21952568,0.0,0.0,58
0.0000000001258452,[],22,[],2019-02-28 20:19:59,137438.0,1.258452e-18,4.7992954698e-23,6813297,2019-02-28 20:19:59,XMR,69.8835922,0.0,0.00000001,XMR,9887963.0,0.0,0.00137438,58
1,[],5,[],2019-02-28 20:20:00,0.0,0,0,6813298,2019-02-28 20:20:00,btc,0.0,0.00692929,0,btc,0.0,0.0,0.0,61
1,[],22,[],2019-02-28 20:20:07,13788.5,0.00000012,0.00000000000457638,6813299,2019-02-28 20:20:07,BTC,1002.29597012,0.0,0.00000012,BTC,14947.700278135757,0.0,0.00155365,61
1,[],26,[],2019-02-28 20:20:08,0.0,0.00000800,0.000000000305092,6813300,2019-02-28 20:20:08,btc,0.0,0.0,0.00000800,btc,0.0,0.0,0.0,61
1,[],27,[],2019-02-28 20:20:10,2360.118,0.00000045,0.000000000017161425,6813301,2019-02-28 20:20:10,btc,7.76205105961638,0.0,0.00000045,"btc,eth",20757.11257617,0.0,0.00019959750339543035,61
1,[],28,[],2019-02-28 20:20:12,13880.304,0.0000005,0.00000000001906825,6813302,2019-02-28 20:20:12,btc,2.056312978300105,669.0,0.0000005,btc,9730.59500005,0.0,0.00566391304,61
1,[],4,[],2019-02-28 20:20:13,1496568.14982139,0.00000280,0.00000000010678220000000001,6813303,2019-02-28 20:20:13,btc,11.225633426182032,0.0,0.00000280,btc,792274.55964669,0.08065617,1.5798188350895421,67
0.0,[],25,[],2019-02-28 20:20:15,0.0,0,0,6813304,2019-02-28 20:20:15,,0.0,0.0,0.0,btc,0.0,0.0,0.0,67
1,[],12,[],2019-02-28 20:20:16,1673362.40362067,0.00000019,0.000000000007245935000000001,6813305,2019-02-28 20:20:16,btc,11115999.002361223,0.0,0.00000019,btc,2187423.2610131702,0.0062984317354616,0.0634641364411105,71
,[],5,[],2018-11-20 23:02:39,1.5e-07,0.00000005,0.000000000002128045,4862160,2018-11-20 23:02:39,btc,2.84511358,0.0,,btc,0.00036572,0.0,0.07381892,74
1,[],5,[],2019-02-28 20:20:18,0.0,0,0,6813306,2019-02-28 20:20:18,btc,0.0,0.0,0,btc,0.0,0.0,0.0,75
1,[],4,[],2019-02-28 20:20:20,16180270.251575,0.00000001,0.000000000000381365,6813307,2019-02-28 20:20:20,btc,11388.6318068588,0.0,0.00000001,btc,34456445.8995017,0.0,0.16180270251575,81
0,[],20,[],2019-01-25 09:30:31,0.0,0,0,6495923,2019-01-25 09:30:31,btc,0.0,0.0,0,btc,0.0,0.0,0.0,81
1,[],4,[],2019-02-28 20:20:22,28632.45994115,0.00007504,0.0000000028617629600000002,6813308,2019-02-28 20:20:22,btc,17.74755796022688,0.0,0.00007504,btc,12669.75894486,0.00603693,0.1349858530213256,82
1,[],21,[],2019-02-28 20:20:22,28213.38596343,0.00007289999999999999659525823370,0.00000000278015085,6813309,2019-02-28 20:20:22,btc,2.044939021182589,7197.49336229,0.000072899999999999996595258233700320715797715820372104644775390625,btc,22307.3100225,0.53422295,1.1907019231054339,82
0,[],17,[],2019-02-28 19:20:28,0.0,0,0,6812918,2019-02-28 19:20:28,btc,0.0447233088476774,0.0,0,btc,999127.19588126,0.0,0.0,84
0.00000000012006420000000002,[],4,[],2019-02-28 20:20:34,113512903.34560134,3.6019260000000005e-18,1.3736485089900002e-22,6813310,2019-02-28 20:20:34,ltc,1.7828321765955286,0.0,0.00000003,ltc,398881213.10967857,0.0,2.1923359755611878e-10,85
,[],22,[],2018-11-20 23:09:34,3408.1,0.0000001,0.0000000000041895,4862324,2018-11-20 23:09:34,BTC,0.04624735,0.0,,BTC,4990.0,0.0,0.00033081,86
0,[],22,[],2019-02-22 12:52:35,0.0,0,0,6758847,2019-02-22 12:52:35,,2.0760781,0.0,0,,140622.94736842104,0.0,0.0,87
0,[],27,[],2019-02-22 12:52:37,0.0,0,0,6758848,2019-02-22 12:52:37,,0.0,0.0,0,btc,0.0,0.0,0.0,87
,[],2,[],2018-11-20 23:10:47,0.0,0,0,4862359,2018-11-20 23:10:47,,0.0,0.0,,,0.0,0.0,0.0,88
1,[],11,[],2019-02-28 20:20:36,90343.32180005,0.000141139999999999993761379268875089110224507749080657958984375,0.00000000538258561,6813311,2019-02-28 20:20:36,btc,609.4630806950407,1680.53856918,0.000141139999999999993761379268875089110224507749080657958984375,btc,97597.41641283,0.0,5.868096882997385,89
0,[],2,[],2019-01-20 23:31:45,0.0,0,0,6477083,2019-01-20 23:31:45,,0.0,0.0,0,,0.0,0.0,0.0,91
0,[],17,[],2019-02-28 17:43:05,0.0,0,0,6812056,2019-02-28 17:43:05,btc,0.0,0.0,0,btc,0.0,0.0,0.0,91
1,[],12,[],2019-02-28 20:10:51,466871.19522215,0.00000145000000000000009320343975771638866945068002678453922271728515625,0.000000000055357955000000005,6813118,2019-02-28 20:10:51,btc,4.361369282604872,0.0,0.00000145000000000000009320343975771638866945068002678453922271728515625,btc,59920.22679684,9.994006004e-06,0.0798795019938168,91
0,[],22,[],2019-02-28 20:10:54,0.0,0,0,6813119,2019-02-28 20:10:54,,3e-06,0.0,0,,1.0,0.0,0.0,91
0.00000000012006420000000002,[],22,[],2019-02-28 20:20:39,1520600.0,7.203852000000001e-18,2.7472970179800004e-22,6813312,2019-02-28 20:20:39,LTC,8.53161599,0.0,0.00000006,LTC,71994962.1,0.0,0.091236,95
0.00000000012006420000000002,[],4,[],2019-02-28 20:20:40,646332400.07109,7.4439804e-17,2.8388735852460003e-21,6813313,2019-02-28 20:20:40,ltc,11.885879407768773,0.0,0.00000062,ltc,136621224.3803981,0.0,1.854043434519066e-09,96
0,[],12,[],2019-02-28 20:20:41,0.0,0,0,6813314,2019-02-28 20:20:41,btc,255076.9668640679,0.0,0,btc,8739616.94636337,0.0023627672327673,0.0,96
0,[],17,[],2019-02-28 20:20:53,0.0,0,0,6813315,2019-02-28 20:20:53,btc,0.0,0.0,0,btc,0.0,0.0,0.0,96
1,[],4,[],2019-02-28 20:11:02,1362786.60791882,0.00000030,0.00000000001145337,6813123,2019-02-28 20:11:02,btc,2.8261590557932945,0.0,0.00000030,btc,2357310.33686487,0.00314231,0.1014982765584847,99
0,[],2,[],2019-01-20 23:23:55,0.0,0,0,6476914,2019-01-20 23:23:55,,0.0,0.0,0,,0.0,0.0,0.0,100
1,[],4,[],2019-02-28 20:11:03,379691.63606782,0.00004525,0.000000001727549975,6813124,2019-02-28 20:11:03,btc,11.901111532737515,0.0,0.00004525,btc,163098.47203445,2.05476392,4.222661574290799,100
1,[],22,[],2019-02-28 20:21:02,50000.0,0.00000001,0.000000000000381365,6813316,2019-02-28 20:21:02,BTC,23.49896609,0.0,0.00000001,BTC,10277.22,0.0,0.0005,101
1,[],4,[],2019-02-28 20:21:03,487216.44996942,0.00000087,0.000000000033178755,6813317,2019-02-28 20:21:03,btc,256.2999081524521,0.0,0.00000087,btc,489135.08590207,0.00800674,0.2523803088725443,103
1,[],12,[],2019-02-28 20:11:10,70116942.9,0.00000001,0.000000000000381779,6813127,2019-02-28 20:11:10,btc,137278937.32804298,0.0,0.00000001,btc,126439806.77602124,0.01679600514321988,0.282393815,105
1,[],27,[],2019-02-28 20:11:12,462856.89,0.00000001,0.000000000000381779,6813128,2019-02-28 20:11:12,btc,36.58422120075966,0.0,0.00000001,btc,531915.56793212,0.0,0.0046285689,105
1,[],22,[],2019-02-28 20:21:07,9328.0,0.00000001,0.000000000000381365,6813318,2019-02-28 20:21:07,BTC,51.10837004,0.0,0.00000001,BTC,470435.0,0.0,9.328e-05,107
1,[],26,[],2019-02-28 20:21:07,0.0,0.00000000,0,6813319,2019-02-28 20:21:07,btc,0.0,0.0,0.00000000,btc,0.0,0.0,0.0,107
1,[],5,[],2019-02-28 20:21:10,0.0,0,0,6813320,2019-02-28 20:21:10,btc,0.0,0.02618699,0,btc,0.0,0.0,0.0,112
1,[],22,[],2019-02-28 20:21:18,1966.0,0.00000001,0.000000000000381365,6813321,2019-02-28 20:21:18,BTC,2.81183288,0.0,0.00000001,BTC,808524.0833333334,0.0,1.966e-05,112
0.0000000003554984,[],27,[],2019-02-28 20:21:21,2000.0,3.554984e-18,1.35574647316e-22,6813322,2019-02-28 20:21:21,eth,1.35132491849924,0.0,0.00000001,"btc,eth",1328.641654,0.0,7.109968e-15,112
1,[],4,[],2019-02-28 20:21:23,410731.27189878,0.00000275,0.000000000104875375,6813323,2019-02-28 20:21:23,btc,70.39360952543967,0.0,0.00000275,btc,329732.16094951,0.02949814,0.1724348683987576,113
1,[],5,[],2019-02-28 20:21:24,0.0,0,0,6813324,2019-02-28 20:21:24,btc,0.0,0.02496803,0,btc,0.0,0.0,0.0,113
0,[],27,[],2019-02-28 20:21:28,0.0,0,0,6813325,2019-02-28 20:21:28,,0.0,0.0,0,btc,0.0,0.0,0.0,116
1,[],17,[],2019-02-28 20:11:27,152738.278,0.00000004,0.000000000001527116,6813136,2019-02-28 20:11:27,btc,1.3368030275000096,0.0,0.00000004,btc,51896.221,0.0,0.0022095311199999998,116
1,[],4,[],2019-02-28 20:21:29,177758.4541032,0.00002550,0.00000000097248075,6813326,2019-02-28 20:21:29,btc,83.69218043070936,0.0,0.00002550,btc,102220.45528865,3.09727114,1.6028398907336465,120
1,[],7,[],2019-02-28 20:21:31,21458.72069889,0.00001557999999999999990907446900667565614639897830784320831298828125,0.00000000059416667,6813327,2019-02-28 20:21:31,btc,115647.76120457661,659.38634347,0.00001557999999999999990907446900667565614639897830784320831298828125,btc,56304.82936872,0.01201786,0.0560572179768095,120
1,[],20,[],2019-02-28 20:21:35,1488672.9309,0.000000039,0.0000000000014873235,6813328,2019-02-28 20:21:35,btc,32.2920319419844,6408.4429,0.000000039,btc,949484.1857,0.0002910092836,0.0097763369056,125
1,[],22,[],2019-02-28 20:23:36,3053.0,0.00000001,0.000000000000381365,6813329,2019-02-28 20:23:36,BTC,0.01444887,0.0,0.00000001,BTC,296263.5111111111,0.0,3.053e-05,126
1,[],4,[],2019-02-28 20:23:38,2648281.13893351,0.00001361,0.0000000005190377650000001,6813330,2019-02-28 20:23:38,btc,6.29101386125699,0.0,0.00001361,btc,119934.46317947,0.45400278,0.2479682639695714,131
0,[],2,[],2019-01-20 23:25:46,0.0,0,0,6476969,2019-01-20 23:25:46,,0.0,0.0,0,,0.0,0.0,0.0,131
0,[],17,[],2019-02-28 20:13:47,0.0,0,0,6813143,2019-02-28 20:13:47,btc,0.0009561751951600001,0.0,0,btc,35.42829368,0.0,0.0,131
1,[],4,[],2019-02-28 20:23:50,4555.79028046,0.00016001,0.000000006102221365000001,6813331,2019-02-28 20:23:50,btc,1.6201318745974367,0.0,0.00016001,btc,238.12730989,0.00051462,0.0082138371900915,135
1,[],3,[],2019-02-28 17:48:40,1024913.8877684299,0.00000004,0.0000000000015273360000000001,6812080,2019-02-28 17:48:40,btc,0.6351930129087457,260.0,0.00000004,btc,2364505.75112032,0.0,0.033059678173701895,136
1,[],4,[],2019-02-28 20:13:50,266787.12444273,0.00000178,0.000000000067956662,6813145,2019-02-28 20:13:50,btc,38.98917122463598,0.0,0.00000178,btc,581751.11742614,0.00919112,0.0816584429736916,137
1,[],12,[],2019-02-28 20:13:51,322710.79635422,0.00000172999999999999995347796898081949024117420776747167110443115234375,0.000000000066047767,6813146,2019-02-28 20:13:51,btc,11807.602305809522,0.0,0.00000172999999999999995347796898081949024117420776747167110443115234375,btc,125498.09394387,0.0051440311911045,0.0682725601641508,137
1,[],17,[],2019-02-28 19:22:05,22967.386363640002,0.00000088,0.000000000033663344,6812953,2019-02-28 19:22:05,btc,20.0699133484,0.0,0.00000088,btc,405.079105,0.0,0.0104613000000032,142
1,[],4,[],2019-02-28 20:23:51,99909.84578001,0.00003196,0.00000000121884254,6813332,2019-02-28 20:23:51,btc,28.680766174844546,0.0,0.00003196,btc,39968.89238607,0.12191825,0.3889906516251122,142
1,[],5,[],2019-02-28 20:23:53,0.0,0,0,6813333,2019-02-28 20:23:53,btc,0.0,0.43156388,0,btc,0.0,0.0,0.0,142
1,[],20,[],2019-02-28 20:24:05,132956.8903,0.00002513,0.000000000958370245,6813334,2019-02-28 20:24:05,btc,0.3031953570239,19.3542,0.00002513,btc,1336.4908,0.00060925516,0.2257987447377,142
1,[],22,[],2019-02-28 20:24:09,1685.8988921568628,0.00004000,0.00000000152546,6813335,2019-02-28 20:24:09,BTC,3.00385504,0.0,0.00004000,BTC,891.218,0.0,0.00174536,142
0.0,[],25,[],2019-02-28 20:24:10,0.0,0,0,6813336,2019-02-28 20:24:10,,0.0,0.0,0.0,btc,0.0,0.0,0.0,142
1,[],28,[],2019-02-28 20:24:12,76600.0,0.00004400,0.000000001678006,6813337,2019-02-28 20:24:12,btc,0.0639742472,1201.0,0.00004400,btc,500.6113,0.0,0.0261072,142
0,[],22,[],2019-02-28 20:24:14,0.0,0,0,6813338,2019-02-28 20:24:14,,60.72280694,0.0,0,,696341446.3,0.0,0.0,143
0,[],22,[],2019-02-25 15:42:22,0.0,0,0,6783783,2019-02-25 15:42:22,,4.2131946,0.0,0,,2322156.0,0.0,0.0,146
,[],22,[],2018-11-20 23:01:11,0.0,0,0,4862114,2018-11-20 23:01:11,,2.56807021,0.0,,,61828.4988236,0.0,0.0,147
1,[],12,[],2019-02-28 20:14:20,218070.84642943,0.00000250000000000000020450763478507827386465578456409275531768798828125,0.00000000009544475000000001,6813154,2019-02-28 20:14:20,btc,16.614072876240076,0.0,0.00000250000000000000020450763478507827386465578456409275531768798828125,btc,117097.25034917,0.0008308916083837,0.0246577800000089,148
1,[],4,[],2019-02-28 20:24:16,245619.74504268,0.00000032,0.00000000001220368,6813339,2019-02-28 20:24:16,btc,219.96754745565943,0.0,0.00000032,btc,800822.7951546,0.00038709,0.0582338765710576,152
0,[],22,[],2019-02-28 20:24:18,0.0,0,0,6813340,2019-02-28 20:24:18,,0.0,0.0,0,,0.0,0.0,0.0,152
1,[],5,[],2019-02-28 20:14:25,0.0,0,0,6813157,2019-02-28 20:14:25,btc,0.0,0.0,0,btc,0.0,0.0,0.0,153
,[],16,[],2019-01-11 15:38:59,0.0,0,0,6366141,2019-01-11 15:38:59,btc,0.0,0.0,,btc,0.0,0.0,0.0,155
0,[],23,[],2019-01-20 23:24:29,0.0,0,0,6476932,2019-01-20 23:24:29,,0.0,0.0,0,,0.0,0.0,0.0,156
0,[],22,[],2019-02-28 20:24:21,0.0,0,0,6813341,2019-02-28 20:24:21,,6.74829967,0.0,0,,4646626.747643097,0.0,0.0,156
1,[],22,[],2019-02-28 20:24:25,7073.8,0.00005300,0.0000000020212345000000003,6813342,2019-02-28 20:24:25,BTC,1.80343699,0.0,0.00005300,BTC,899.6422341958436,0.0,0.00104336,157
0,[],22,[],2019-02-28 20:24:28,0.0,0,0,6813343,2019-02-28 20:24:28,,50175.68008609,0.0,0,,54479136.04179466,0.0,0.0,158
,[],17,[],2018-11-20 22:56:10,0.0,0,0,4861976,2018-11-20 22:56:10,btc,1.1265625,0.0,,btc,1000.0,0.0,0.0,159
,[],20,[],2018-11-20 22:56:12,0.0,0,0,4861977,2018-11-20 22:56:12,btc,11912.7940471,0.0,,btc,34413894.3617,0.0,0.0,159
1,[],12,[],2019-02-28 20:24:29,181650.44169844,0.0000071899999999999997699301305942309880947505007497966289520263671875,0.00000000027420143500000003,6813344,2019-02-28 20:24:29,btc,6.643389881634951,0.0,0.0000071899999999999997699301305942309880947505007497966289520263671875,btc,13771.47413222,0.0085640322971432,0.0921286381000562,168
1,[],17,[],2019-02-28 20:14:54,29784.95,0.000001,0.0000000000381779,6813162,2019-02-28 20:14:54,btc,0.03026736251542,0.0,0.000001,btc,144.46171372,0.0,0.00716147,168
0,[],22,[],2019-02-28 20:14:57,0.0,0,0,6813163,2019-02-28 20:14:57,,1.1341504,0.0,0,,539283.174707144,0.0,0.0,169
1,[],22,[],2019-02-28 20:15:00,203600.0,0.00000002,0.000000000000763558,6813164,2019-02-28 20:15:00,BTC,13.2501524,0.0,0.00000002,BTC,144336.2939341018,0.0,0.002072,171
1,[],22,[],2019-02-28 20:15:07,1404714.0,0.00000003,0.000000000001145337,6813165,2019-02-28 20:15:07,BTC,2.19752822,0.0,0.00000003,BTC,242323.72389025902,0.0,0.02490464,173
1,[],5,[],2019-02-28 20:15:10,0.0,0,0,6813166,2019-02-28 20:15:10,btc,0.0,0.01107278,0,btc,0.0,0.0,0.0,175
1,[],22,[],2019-02-28 20:24:44,45904.0,0.0000003,0.00000000001144095,6813345,2019-02-28 20:24:44,BTC,0.52955903,0.0,0.0000003,BTC,143368.41384013777,0.0,0.0052148,176
1,[],7,[],2019-02-28 20:24:46,0.0,0,0,6813346,2019-02-28 20:24:46,btc,410932.5273358376,0.0,0,btc,117801559.31901672,0.0,0.0,178
0,[],22,[],2019-02-28 20:24:48,0.0,0,0,6813347,2019-02-28 20:24:48,,1.00242428,0.0,0,,57512.0,0.0,0.0,178
0,[],2,[],2019-01-20 23:28:34,0.0,0,0,6477001,2019-01-20 23:28:34,,0.0,0.0,0,,0.0,0.0,0.0,178
0,[],23,[],2019-01-20 23:25:08,0.0,0,0,6476952,2019-01-20 23:25:08,,0.0,0.0,0,,0.0,0.0,0.0,179
1,[],5,[],2019-02-28 20:15:18,0.0,0,0,6813170,2019-02-28 20:15:18,btc,0.0,0.09289303,0,btc,0.0,0.0,0.0,179
1,[],22,[],2019-02-28 20:15:23,6961684.0,0.00000002,0.000000000000763558,6813171,2019-02-28 20:15:23,BTC,5.6311133,0.0,0.00000002,"BTC,LTC",17083809.756535422,0.00255564,0.3741744,179
1,[],17,[],2019-02-28 20:15:24,10504.725,0.0000001,0.00000000000381779,6813172,2019-02-28 20:15:24,btc,5.201069583844927,0.0,0.0000001,btc,5033.45945,0.0,0.0010504725,180
1,[],22,[],2019-02-28 20:15:28,134180.4,0.00000125,0.000000000047722375,6813173,2019-02-28 20:15:28,BTC,0.23543458,0.0,0.00000125,"BTC,LTC",79949.47314885251,0.00354801,0.00272419,180
1,[],26,[],2019-02-28 20:15:29,0.0,0.00000160,0.00000000006108464,6813174,2019-02-28 20:15:29,btc,0.0,0.0,0.00000160,btc,0.0,0.0,0.0,180
,[],7,[],2018-11-20 22:58:01,562227.975654,0.00000085,0.000000000036176765,4862015,2018-11-20 22:58:01,btc,21836.6059674,2491.87645172,,btc,749999.041456,0.00211021,0.127565380455,183
,[],5,[],2019-01-10 08:11:41,0.0,0,0,6347036,2019-01-10 08:11:41,btc,82.15055501,0.00261,,btc,1.19002445,0.0,0.0,187
,[],17,[],2018-11-16 20:58:10,4062536.27273,0.00000001,0.000000000000550501,4708775,2018-11-16 20:58:10,btc,3.36492563466,0.195460381006,,"btc,eth",110697919.549,0.0,0.0157628953496,187
1,[],24,[],2019-02-28 20:15:29,0.0,0.000000000001,3.81779e-17,6813175,2019-02-28 20:15:29,btc,0.0,0.0,0.000000000001,btc,0.0,0.0,0.0,187
0,[],22,[],2019-02-27 04:05:17,0.0,0,0,6799309,2019-02-27 04:05:17,,1.19374396,0.0,0,,16308.869534405507,0.0,0.0,191
0,[],22,[],2019-02-28 20:15:36,0.0,0,0,6813176,2019-02-28 20:15:36,,0.0,0.0,0,,0.0,0.0,0.0,197
0,[],23,[],2019-01-20 23:31:41,0.0,0,0,6477079,2019-01-20 23:31:41,,0.0,0.0,0,,0.0,0.0,0.0,199
0,[],22,[],2019-02-28 20:24:56,0.0,0,0,6813348,2019-02-28 20:24:56,,5.19477622,0.0,0,,21058553.0,0.0,0.0,199
1,[],26,[],2019-02-28 20:24:56,0.0,0.00000000,0,6813349,2019-02-28 20:24:56,btc,0.0,0.0,0.00000000,btc,0.0,0.0,0.0,199
0,[],17,[],2019-01-30 16:32:01,0.0,0,0,6540827,2019-01-30 16:32:01,btc,6.802544163788159,0.0,0,btc,105897.55575295,0.0,0.0,200
0,[],2,[],2019-01-20 23:30:49,0.0,0,0,6477059,2019-01-20 23:30:49,,0.0,0.0,0,,0.0,0.0,0.0,201
1,[],4,[],2019-01-25 15:51:35,2084389.58565343,0.00000936,0.000000000333526752,6499557,2019-01-25 15:51:35,btc,2.0092503037378524,0.0,0.00000936,btc,160195.80207885,0.19272417,1.242687955921835,211
1,[],7,[],2019-02-28 20:15:41,2530385.9913765,0.00000137000000000000001212029608621545406776931486092507839202880859375,0.000000000052303723,6813179,2019-02-28 20:15:41,btc,15476836.57022833,1356115.30615,0.00000137000000000000001212029608621545406776931486092507839202880859375,btc,13336366.49044063,0.0,2.575391824719912,212
1,[],12,[],2019-01-25 02:44:32,207462.42853209,0.000001080000000000000035831255497387193287295303889550268650054931640625,0.000000000038610756000000006,6493050,2019-01-25 02:44:32,btc,85023.03793723314,0.0,0.000001080000000000000035831255497387193287295303889550268650054931640625,btc,43675.73520027,0.000146250909087,0.0348620860622024,213
1,[],5,[],2019-02-28 20:24:59,0.0,0,0,6813350,2019-02-28 20:24:59,btc,0.0,0.3055923,0,btc,0.0,0.0,0.0,213
1,[],24,[],2019-02-28 20:25:00,0.0,0.000000110000,0.000000000004195015,6813351,2019-02-28 20:25:00,btc,0.0,0.0,0.000000110000,btc,0.0,0.0,0.0,213
1,[],26,[],2019-02-28 20:25:00,0.0,0.00000010,0.0000000000038136500000000004,6813352,2019-02-28 20:25:00,btc,0.0,0.0,0.00000010,btc,0.0,0.0,0.0,213
1,[],22,[],2019-02-28 20:25:06,29544.0,0.00000002,0.00000000000076273,6813353,2019-02-28 20:25:06,BTC,2.22730776,0.0,0.00000002,BTC,474814.3963726171,0.00168636,0.00030003,216
1,[],27,[],2019-02-28 20:25:09,6248602.0,0.00000003,0.000000000001144095,6813354,2019-02-28 20:25:09,btc,316.25826073644,2699.005988,0.00000003,"btc,ltc",235048.907,0.00032388,0.03377204001210247,216
1,[],22,[],2019-02-28 20:15:53,219258.2070459645,0.00000212,0.000000000080937148,6813185,2019-02-28 20:15:53,BTC,12673.42436754,0.0,0.00000212,BTC,379106.44691532286,0.04077564,0.29163717,217
1,[],7,[],2019-02-28 20:15:54,0.0,0,0,6813186,2019-02-28 20:15:54,btc,77969.77488735563,0.0,0,btc,137043486.5550253,0.0,0.0,219
0,[],27,[],2019-02-28 20:15:56,0.0,0,0,6813187,2019-02-28 20:15:56,,0.0740438339680921,0.0,0,btc,1536429.20709513,0.0,0.0,219
0.0000000000000051,[],28,[],2019-02-28 20:16:04,167533953.514,2.305047e-18,8.80018538613e-23,6813188,2019-02-28 20:16:04,doge,83967.8662171375,14223.0,0.00045197,"btc,doge",4844846.53751,0.0,8.92607691757437e-12,219
1,[],22,[],2019-02-28 20:16:08,236664.5,0.00000002,0.000000000000763558,6813189,2019-02-28 20:16:08,BTC,2.94533216,0.0,0.00000002,BTC,114179.27041875875,0.00107001,0.00432664,221
1,[],24,[],2019-02-28 20:16:08,0.0,0.000000200000,0.00000000000763558,6813190,2019-02-28 20:16:08,btc,0.0,0.0,0.000000200000,btc,0.0,0.0,0.0,221
1,[],20,[],2019-02-28 20:16:10,40748456.2707,0.000000001,0.0000000000000381779,6813191,2019-02-28 20:16:10,btc,48.238454715312,101498.1409,0.000000001,btc,13447893.9365,0.0002029962818,0.0407484562707,224
0,[],22,[],2019-02-28 20:16:13,0.0,0,0,6813192,2019-02-28 20:16:13,,0.0,0.0,0,,0.0,0.0,0.0,224
1,[],26,[],2019-02-28 20:25:10,0.0,0.00000035,0.000000000013347775000000001,6813355,2019-02-28 20:25:10,btc,0.0,0.0,0.00000035,btc,0.0,0.0,0.0,231
1,[],26,[],2019-02-28 20:16:13,0.0,0.00000006,0.000000000002290674,6813194,2019-02-28 20:16:13,btc,0.0,0.0,0.00000006,btc,0.0,0.0,0.0,234
0.00000000035575000000000004,[],27,[],2019-02-28 20:16:15,2000.0,3.5575000000000005e-18,1.3581787925e-22,6813195,2019-02-28 20:16:15,eth,0.0113483662182,0.0,0.00000001,"btc,eth",11462.99618,0.0,7.115000000000001e-15,234
1,[],4,[],2019-02-28 20:16:16,921849.87354165,0.00000073,0.000000000027869867,6813196,2019-02-28 20:16:16,btc,4.479310238330068,0.0,0.00000073,btc,1192677.95518101,0.06652765,0.256974926768705,236
1,[],24,[],2019-02-28 20:16:16,0.0,0.000000300000,0.00000000001145337,6813197,2019-02-28 20:16:16,btc,0.0,0.0,0.000000300000,btc,0.0,0.0,0.0,236
1,[],20,[],2019-02-28 20:25:11,156444929.3784,0.000000061,0.0000000000023263265000000002,6813356,2019-02-28 20:25:11,btc,10.8051757244906,48037787.3804,0.000000061,btc,44577729.1142,2.89872381514,0.7585849901231,237
0.00000000012006420000000002,[],22,[],2019-02-28 20:25:15,14400.0,1.200642e-17,4.5788283633e-22,6813357,2019-02-28 20:25:15,LTC,0.0413973,0.0,0.0000001,LTC,7239.0,0.0,0.00144,237
1,[],4,[],2019-02-28 20:16:22,7361301.10482364,0.00000034,0.000000000012980486,6813200,2019-02-28 20:16:22,btc,6.534668128219582,0.0,0.00000034,btc,9858061.18182038,0.35702212,1.6191590094179005,238
1,[],5,[],2019-02-28 20:16:24,0.0,0,0,6813201,2019-02-28 20:16:24,btc,0.0,0.00027996,0,btc,0.0,0.0,0.0,238
0,[],22,[],2019-02-28 20:25:18,0.0,0,0,6813358,2019-02-28 20:25:18,,0.41356282,0.0,0,,316008.5639027493,0.0,0.0,249
0.00000000012006420000000002,[],22,[],2019-02-28 20:25:22,48086463.666666664,3.6019260000000005e-18,1.3736485089900002e-22,6813359,2019-02-28 20:25:22,LTC,0.51873562,0.0,0.00000003,LTC,19020641.09,3.893199347916e-12,1.04159693,252
1,[],28,[],2019-02-28 20:16:36,4477758.07,0.00000022,0.000000000008399138,6813204,2019-02-28 20:16:36,btc,164725.09449298677,300951.534,0.00000022,btc,2071831.2742,0.0,0.36181729946,256
1,[],22,[],2019-02-28 20:25:36,1053354.0,0.00000001,0.000000000000381365,6813360,2019-02-28 20:25:36,BTC,31.47160001,0.0,0.00000001,BTC,670687.0957866946,0.0002009,0.01053354,258
1,[],22,[],2019-02-28 20:16:43,48751.0,0.00000001,0.000000000000381779,6813206,2019-02-28 20:16:43,BTC,2.4175745,0.0,0.00000001,BTC,1762.0,0.0,0.00048751,259
1,[],5,[],2019-02-28 20:16:45,0.0,0,0,6813207,2019-02-28 20:16:45,btc,0.0,0.07447843,0,btc,0.0,0.0,0.0,264
1,[],20,[],2019-02-28 20:16:46,1227400.6497,0.000002213,0.0000000000844876927,6813208,2019-02-28 20:16:46,btc,7.2779665768114,51591.3676,0.000002213,btc,102311.9409,0.1691684813435,0.0250999310769,264
0,[],22,[],2019-02-28 20:16:49,0.0,0,0,6813209,2019-02-28 20:16:49,,8.33272543,0.0,0,,413548.34411321935,0.0,0.0,271
0,[],22,[],2019-02-28 20:25:38,0.0,0,0,6813361,2019-02-28 20:25:38,,271.16935057,0.0,0,,14411474420.692,0.0,0.0,272
0.0000000000000051,[],28,[],2019-02-28 20:25:40,223987821380.905,4.845e-21,1.847713425e-25,6813362,2019-02-28 20:25:40,doge,35467136.365431316,114766500190.825,0.00000095,doge,175006045529.1318,0.0,6.226130789033025e-10,272
1,[],22,[],2019-02-28 20:17:04,118201.72913043479,0.00000460,0.00000000017561834,6813212,2019-02-28 20:17:04,BTC,74.20234185,0.0,0.00000460,"BTC,LTC",8368.517743939856,5.544e-05,0.05631172,281
1,[],22,[],2019-02-28 20:17:08,863814.5,0.00000002,0.000000000000763558,6813213,2019-02-28 20:17:08,BTC,1.33226952,0.0,0.00000002,BTC,135417.6655455173,0.000288,0.01714417,286
0,[],22,[],2019-02-28 20:17:11,0.0,0,0,6813214,2019-02-28 20:17:11,,43635.94989914,0.0,0,,388269283.0,0.0,0.0,294
