pairValue,buyBook,exchangeId,sellBook,updated,buyTotal,satoshiPrice,usdPrice,exchangeLogId,created,bestPair,sellTotalBtc,volume,pairPrice,activePairs,sellTotal,volumeBtc,buyTotalBtc,coinId
1,[],10,[],2019-02-03 08:24:33,272775.98421181,0.01223011,0.00000042249037296100006,6570496,2019-02-03 08:24:33,btc,6536.979870552569,1035.49275293,0.01223011,btc,972.44145177,0.0,4.958837983725093,1
1,[],12,[],2019-02-03 08:24:36,10422.17540091,0.01229000000000000057676086129276882275007665157318115234375,0.00000042455927900000007,6570497,2019-02-03 08:24:36,btc,0.6144906921447,0.0,0.01229000000000000057676086129276882275007665157318115234375,btc,42.92249209,0.0398550384579,0.1755461163753,1
1,[],20,[],2019-02-03 08:24:37,1155.1059,0.01052001,0.000000363414797451,6570498,2019-02-03 08:24:37,btc,0.0571053524203,0.06,0.01052001,btc,2.5234,0.00075174,0.1463140587123,1
1,[],21,[],2019-02-03 08:24:38,1905.49345051,0.01234092999999999995530686192,0.000000426318660943,6570499,2019-02-03 08:24:38,btc,19.27448345100025,11498.92625524,0.0123409299999999999553068619206896983087062835693359375,"btc,eth",2085.63169553,132.39997763196084,15.68378463594445,1
1,[],22,[],2019-02-03 08:24:42,0.0263776,0.01350000,0.00000046635885000000007,6570500,2019-02-03 08:24:42,BTC,0.31397231,0.0,0.01350000,BTC,0.10124366666666666,0.0,0.00034472,1
1,[],24,[],2019-02-03 08:24:42,0.0,0.000000000000,0,6570501,2019-02-03 08:24:42,btc,0.0,0.0,0.000000000000,btc,0.0,0.0,0.0,1
0.0,[],25,[],2019-02-03 08:24:43,0.0,0,0,6570502,2019-02-03 08:24:43,btc,13.83189999865623,1191.41102242,0.0,btc,1093.71128404,14.6795,0.0,1
1,[],26,[],2019-02-03 08:24:53,0.0,0,0,6570503,2019-02-03 08:24:53,,0.0,0.0,0,,0.0,0.0,0.0,1
1,[],28,[],2019-02-03 08:24:55,987.9,0.01131000,0.00000039070508100000003,6570504,2019-02-03 08:24:55,btc,0.162839806,17443.3,0.01131000,btc,8.9,0.0,0.024551096,1
0,[],2,[],2019-01-20 23:28:45,0.0,0,0,6477011,2019-01-20 23:28:45,,0.0,0.0,0,,0.0,0.0,0.0,1
1,[],3,[],2019-02-03 08:24:26,118.407018978753,0.012345609999999999917275061989130335859954357147216796875,0.000000426480332011,6570493,2019-02-03 08:24:26,btc,106.9622545520586,19.6217624066,0.012345609999999999917275061989130335859954357147216796875,btc,13.756554687064002,0.0,0.05964861652138146,1
1,[],4,[],2019-02-03 08:24:28,25060.93247043,0.01233792,0.000000426214680192,6570494,2019-02-03 08:24:28,btc,0.8593562866626014,0.0,0.01233792,btc,65.24338183,0.41709098,0.9317925225849181,1
1,[],5,[],2019-02-03 08:24:31,0.16091079,0.01220000,0.00000042145022,6570495,2019-02-03 08:24:31,btc,14578.46391754,0.43545732,0.01220000,btc,35555556.30222435,0.0,1.14829174,1
1,[],5,[],2019-02-03 08:24:56,1.923e-05,0.00000068,0.000000000023490668000000002,6570505,2019-02-03 08:24:56,btc,0.1460576,0.00130154,0.00000068,btc,7.015e-05,0.0,0.493435,2
1,[],22,[],2019-02-03 08:25:01,1648.0,0.0000004,0.000000000013818040000000002,6570506,2019-02-03 08:25:01,BTC,0.0231601,0.0,0.0000004,"BTC,XMR",14562.72385,0.0,0.00107635,2
1,[],5,[],2019-02-03 08:25:02,1.25e-06,0.00000016,0.0000000000055272160000000005,6570507,2019-02-03 08:25:02,btc,3.85906407,0.01167363,0.00000016,btc,2.204e-05,0.0,2.94658187,3
1,[],12,[],2019-02-03 08:25:03,12546968.69114546,0.000000168,0.0000000000058035768,6570508,2019-02-03 08:25:03,btc,921349.4178064951,0.0,0.000000168,btc,8303481.63346466,0.04833341413824588,0.5558818269386808,3
0,[],28,[],2019-02-03 08:25:04,0.0,0,0,6570509,2019-02-03 08:25:04,,0.0,0.0,0,,0.0,0.0,0.0,3
1,[],4,[],2019-02-03 08:25:05,588730.63531504,0.00000034,0.000000000011745334000000001,6570510,2019-02-03 08:25:05,btc,0.3690025091778335,0.0,0.00000034,btc,343007.58799285,0.01690415,0.0849823715198993,4
0,[],2,[],2019-01-20 23:31:32,0.0,0,0,6477077,2019-01-20 23:31:32,,0.0,0.0,0,,0.0,0.0,0.0,4
1,[],12,[],2019-02-03 08:25:06,1517799.8553333299,0.00000006,0.000000000002072706,6570511,2019-02-03 08:25:06,btc,11014980.033653079,0.0,0.00000006,btc,847927.05698658,0.0054496025738804,0.0317573004399998,5
1,[],11,[],2019-02-03 08:25:08,7655951.5,0.00000002,0.0000000000006909020000000001,6570512,2019-02-03 08:25:08,btc,9433.369001181367,597000.0,0.00000002,btc,41221552.76067939,0.0,0.116679515,6
0,[],2,[],2019-01-20 23:31:51,0.0,0,0,6477087,2019-01-20 23:31:51,,0.0,0.0,0,,0.0,0.0,0.0,6
1,[],3,[],2019-02-03 08:25:09,1069.652384675756,0.000150559999999999995050348200464895853656344115734100341796875,0.000000005201110256,6570513,2019-02-03 08:25:09,btc,28.510202753279106,0.0,0.000150559999999999995050348200464895853656344115734100341796875,btc,234.145665820227,0.0,0.030997767816609203,7
1,[],4,[],2019-02-03 08:25:10,23799.8760035,0.00018609,0.000000006428497659000001,6570514,2019-02-03 08:25:10,btc,2.879121540142501,0.0,0.00018609,btc,13231.8555999,2.77213826,3.815975512785405,7
1,[],5,[],2019-02-03 08:25:11,0.00562965,0.00017503,0.000000006046428853000001,6570515,2019-02-03 08:25:11,btc,1.17793544,0.4243439,0.00017503,btc,0.01165643,0.0,1.57585687,7
1,[],20,[],2019-02-03 08:25:14,65771509.91,0.000000001,0.0000000000000345451,6570516,2019-02-03 08:25:14,btc,136.3892062542774,0.0,0.000000001,btc,29825029.7669,0.0,0.06577150991,8
1,[],1,[],2019-02-03 08:25:15,3235257.7600000002,0.00000198000000000000010098367454747236848788816132582724094390869140625,0.00000000006839929800000001,6570517,2019-02-03 08:25:15,btc,9.0157017805,21556693.01,0.00000198000000000000010098367454747236848788816132582724094390869140625,btc,4444019.3,43.50480019,6.320516604200001,9
1,[],4,[],2019-02-03 08:25:16,309302.45857569,0.00000195,0.000000000067362945,6570518,2019-02-03 08:25:16,btc,0.8454795944909526,0.0,0.00000195,btc,405453.49970264,1.5914074,0.5568843346662561,9
1,[],28,[],2019-02-03 08:25:17,34500.0,0.00000165,0.000000000056999415,6570519,2019-02-03 08:25:17,btc,2708.772384288,3547050.0,0.00000165,btc,14914.28,0.0,0.02854,9
0,[],2,[],2019-01-20 23:22:42,0.0,0,0,6476876,2019-01-20 23:22:42,,0.0,0.0,0,,0.0,0.0,0.0,9
0,[],23,[],2019-01-20 23:22:48,0.0,0,0,6476878,2019-01-20 23:22:48,,0.0,0.0,0,,0.0,0.0,0.0,9
1,[],4,[],2019-02-03 08:25:18,7404102.37826053,0.00000002,0.0000000000006909020000000001,6570520,2019-02-03 08:25:18,btc,0.2046613552280866,0.0,0.00000002,btc,4138582.13835349,0.00085406,0.0799114518652106,10
1,[],4,[],2019-02-03 08:25:19,3345672.73343523,0.00000137,0.000000000047326787000000006,6570521,2019-02-03 08:25:19,btc,1.334340867653905,0.0,0.00000137,btc,938228.83357777,2.24358058,3.057060480725656,12
1,[],5,[],2019-02-03 08:25:20,1.433e-05,0.00000133,0.000000000045944983000000006,6570522,2019-02-03 08:25:20,btc,0.70245987,0.6352023,0.00000133,btc,0.0001148,0.0,0.29218496,12
0.0,[],25,[],2019-02-03 08:25:22,0.0,0,0,6570523,2019-02-03 08:25:22,,0.0,0.0,0.0,btc,0.0,0.0,0.0,12
0,[],2,[],2019-01-20 23:23:08,0.0,0,0,6476890,2019-01-20 23:23:08,,0.0,0.0,0,,0.0,0.0,0.0,12
1,[],4,[],2019-02-03 08:25:23,346866.14856535,0.00000613,0.00000000021176146300000002,6570524,2019-02-03 08:25:23,btc,0.6414837522756334,0.0,0.00000613,btc,94201.56431852,0.71637061,1.5608256976534998,13
1,[],21,[],2019-02-03 08:25:26,1414499.86734027,0.000006270000000000000108023399253,0.000000000216597777,6570525,2019-02-03 08:25:26,btc,5.280713735753448,490923.62852554,0.0000062700000000000001080233992534207487778985523618757724761962890625,btc,758439.2582922099,3.04272195,7.489033790580192,13
1,[],10,[],2019-02-03 04:17:13,610414.66104969,0.00000621,0.000000000216417258,6569326,2019-02-03 04:17:13,btc,666809.647991443,4206.5878641,0.00000621,btc,737860.47227262,0.0,0.7941841760910395,13
1,[],4,[],2019-02-03 09:17:58,1134046.67023228,0.00000166,0.000000000057407282,6570666,2019-02-03 09:17:58,btc,0.1214463789534275,0.0,0.00000166,btc,56232.70957068,0.00454458,0.4338293488956205,14
1,[],12,[],2019-02-03 09:18:01,87500.85121468,0.000001390000000000000032391082004090687718189656152389943599700927734375,0.000000000048069953,6570667,2019-02-03 09:18:01,btc,1.785117927719179,0.0,0.000001390000000000000032391082004090687718189656152389943599700927734375,btc,37457.01291797,1.8283544823e-06,0.0115314799999994,14
0,[],17,[],2019-02-03 09:18:02,0.0,0,0,6570668,2019-02-03 09:18:02,btc,0.0,0.0,0,btc,0.0,0.0,0.0,14
1,[],26,[],2019-02-03 09:18:12,0.0,0.00000049,0.000000000016945523,6570669,2019-02-03 09:18:12,btc,0.0,0.0,0.00000049,btc,0.0,0.0,0.0,14
0,[],4,[],2019-02-03 08:25:30,0.0,0,0,6570530,2019-02-03 08:25:30,,0.0,0.0,0,,0.0,0.0,0.0,15
,[],12,[],2018-12-01 15:15:48,204241.84496,0.00000489,0.000000000202473384,5260204,2018-12-01 15:15:48,btc,49.5475654835,0.0,,btc,35763.2193806,0.0163153972027625,0.0203389899998,15
0,[],2,[],2019-01-20 23:23:38,0.0,0,0,6476906,2019-01-20 23:23:38,,0.0,0.0,0,,0.0,0.0,0.0,18
1,[],4,[],2019-02-03 09:18:13,23445.76562294,0.00001755,0.000000000606926385,6570670,2019-02-03 09:18:13,btc,1.23080162642536,0.0,0.00001755,btc,7606.29030949,0.0428078,0.0529989557521791,18
1,[],10,[],2019-02-03 09:18:16,408269.23183947,0.00001732,0.000000000598972364,6570671,2019-02-03 09:18:16,btc,15.58382697398408,16194.218334,0.00001732,btc,12299.06906819,0.0,0.484793525372251,18
1,[],12,[],2019-02-03 09:18:17,200756.54241947,0.00001769999999999999994019540816569957542014890350401401519775390625,0.00000000061211379,6570672,2019-02-03 09:18:17,btc,0.1835915026040905,0.0,0.00001769999999999999994019540816569957542014890350401401519775390625,btc,1599.72865824,0.0,0.0168864549240232,18
0,[],17,[],2019-02-03 09:18:19,0.0,0,0,6570673,2019-02-03 09:18:19,btc,0.0,0.0,0,btc,0.0,0.0,0.0,18
1,[],3,[],2019-02-03 08:25:36,111845.12520012693,0.0000400000000000000032721221565612523818344925530254840850830078125,0.0000000013818040000000002,6570535,2019-02-03 08:25:36,btc,0.45094209595449714,11.97840172,0.0000400000000000000032721221565612523818344925530254840850830078125,btc,5170.719121372528,0.0,0.2309507588628983,19
1,[],4,[],2019-02-03 08:25:37,55227.25304126,0.00002814,0.0000000009720991140000001,6570536,2019-02-03 08:25:37,btc,0.4477629460064422,0.0,0.00002814,btc,12850.09539895,1.19355177,0.9051077586745861,19
1,[],5,[],2019-02-03 08:25:38,0.00024242,0.00003050,0.00000000105362555,6570537,2019-02-03 08:25:38,btc,0.28833289,0.00847302,0.00003050,btc,0.00311698,0.0,0.18412493,19
1,[],12,[],2019-02-03 08:25:39,133620.63787375,0.00003009999999999999980258846843383935265592299401760101318359375,0.00000000103980751,6570538,2019-02-03 08:25:39,btc,1.9938064110659222,0.0,0.00003009999999999999980258846843383935265592299401760101318359375,btc,472.27457877,0.0004832863635273,0.032670789999875,19
0,[],27,[],2019-02-03 08:25:42,0.0,0,0,6570539,2019-02-03 08:25:42,,0.0,0.0,0,btc,0.0,0.0,0.0,19
0,[],2,[],2019-01-20 23:24:19,0.0,0,0,6476924,2019-01-20 23:24:19,,0.0,0.0,0,,0.0,0.0,0.0,19
1,[],4,[],2019-02-03 09:18:20,9033548.33782042,0.00000014,0.000000000004841578,6570674,2019-02-03 09:18:20,btc,0.8116994368808697,0.0,0.00000014,btc,1595552.31051721,0.00029465,0.34762807277157,20
1,[],4,[],2019-02-03 08:25:43,122596191.34422223,0.00000002,0.0000000000006909020000000001,6570541,2019-02-03 08:25:43,btc,0.7531024352112767,0.0,0.00000002,btc,16548567.25238166,0.11735944,1.4617034110942853,21
1,[],12,[],2019-02-03 08:25:44,19028564.0,0.00000002,0.0000000000006909020000000001,6570542,2019-02-03 08:25:44,btc,668.544642243258,0.0,0.00000002,btc,8531814.65434831,0.0002188096703297,0.25351136,21
0,[],17,[],2019-02-03 08:25:45,0.0,0,0,6570543,2019-02-03 08:25:45,btc,0.0,0.0,0,btc,0.0,0.0,0.0,21
1,[],12,[],2019-02-03 08:25:47,2283213545.531895,0.0000000001,0.0000000000000034545100000000006,6570544,2019-02-03 08:25:47,btc,1729404717463.8262,0.0,0.0000000001,btc,5076925101.472755,0.004166340598901608,0.22832135455318953,23
0,[],27,[],2019-02-03 08:25:49,0.0,0,0,6570545,2019-02-03 08:25:49,,0.424699,0.0,0,eth,424699.0,0.0,0.0,23
1,[],4,[],2019-02-03 09:18:22,3580705.91773094,0.00000082,0.000000000028357814,6570675,2019-02-03 09:18:22,btc,0.0849063578044157,0.0,0.00000082,btc,75288.96570188,0.0143444,0.4278425397542441,24
1,[],22,[],2019-02-03 09:18:27,11.76,0.00000100,0.0000000000345827,6570676,2019-02-03 09:18:27,BTC,7.415e-05,0.0,0.00000100,BTC,23.919354838709676,0.0,1.176e-05,24
0.0,[],25,[],2019-02-03 09:18:28,0.0,0,0,6570677,2019-02-03 09:18:28,,0.0,0.0,0.0,btc,0.0,0.0,0.0,24
1,[],4,[],2019-02-03 08:25:54,27065591.20837948,0.00000689,0.000000000238015739,6570549,2019-02-03 08:25:54,btc,0.2881441750433404,0.0,0.00000689,btc,27926.25075931,0.1124278,0.4213145807959511,26
1,[],10,[],2019-02-03 08:25:56,725860.70874179,0.00000588,0.00000000020312518800000001,6570550,2019-02-03 08:25:56,btc,25.975773677598465,226.22818433,0.00000588,btc,13118.16646401,0.0,0.2069550833237116,26
0,[],2,[],2019-01-20 23:25:56,0.0,0,0,6476976,2019-01-20 23:25:56,,0.0,0.0,0,,0.0,0.0,0.0,26
1,[],3,[],2019-02-03 08:25:57,9442582.93283504,0.00000002,0.0000000000006909020000000001,6570551,2019-02-03 08:25:57,btc,2.280887203521768,80103.3881346,0.00000002,btc,15506394.93222337,0.0,0.1133830782681865,27
1,[],5,[],2019-02-03 08:25:58,3e-08,0.00000002,0.0000000000006909020000000001,6570552,2019-02-03 08:25:58,btc,1.52458241,0.00556828,0.00000002,btc,4.69e-05,0.0,0.0986663,27
1,[],11,[],2019-02-03 08:25:59,10615374.41182718,0.00000005,0.000000000001727255,6570553,2019-02-03 08:25:59,btc,370.6426334117441,1000.0,0.00000005,btc,8221035.4403934,0.0,0.4936394994767663,27
1,[],4,[],2019-02-03 09:18:29,330785242.07251626,0.00000003,0.0000000000010374810000000001,6570678,2019-02-03 09:18:29,btc,4.048961782895815,0.0,0.00000003,"btc,ltc",119400632.3586536,1.25936236,4.415878542409401,29
1,[],7,[],2019-02-03 09:18:30,39456119.26515805,0.00000003,0.000000000001037481,6570679,2019-02-03 09:18:30,btc,44465206.117165886,1375808.10239,0.00000003,btc,38695198.18229003,0.04128625,0.7166051773190297,29
1,[],4,[],2019-02-03 09:18:30,1356230.04352203,0.00000030,0.00000000001037481,6570680,2019-02-03 09:18:30,btc,0.2719866301263703,0.0,0.00000030,btc,558811.95653063,0.00879355,0.0772205137204175,30
0,[],17,[],2019-02-03 09:18:32,0.0,0,0,6570681,2019-02-03 09:18:32,btc,0.0,0.0,0,btc,0.0,0.0,0.0,30
1,[],4,[],2019-02-03 09:18:32,1134119.26159587,0.00007218,0.000000002496179286,6570682,2019-02-03 09:18:32,btc,1.8070965529365124,0.0,0.00007218,btc,21951.49827363,1.55479247,1.783678515341805,31
1,[],21,[],2019-02-03 09:18:34,77199.06104084,0.00007284000000000000055785237540,0.000000002519003868,6570683,2019-02-03 09:18:34,btc,0.8852881009956223,109213.92962327,0.000072840000000000000557852375404621625420986674726009368896484375,btc,11441.9679526,7.9649168,5.104539320405218,31
0,[],2,[],2019-01-20 23:28:43,0.0,0,0,6477009,2019-01-20 23:28:43,,0.0,0.0,0,,0.0,0.0,0.0,32
1,[],4,[],2019-02-03 09:18:35,141802847.174795,0.00000005,0.000000000001729135,6570684,2019-02-03 09:18:35,btc,3.61096978174402,0.0,0.00000005,"btc,ltc",58685504.98425783,0.19492748,2.3300725088854577,33
1,[],12,[],2019-02-03 09:18:36,19065614.278,0.00000006,0.000000000002074962,6570685,2019-02-03 09:18:36,btc,17261782.27003453,0.0,0.00000006,btc,89466197.45354629,0.0074512711088916,0.71633731668,33
1,[],4,[],2019-02-03 09:18:37,111179547.47515793,0.00000001,0.000000000000345827,6570686,2019-02-03 09:18:37,btc,0.7718564331524844,0.0,0.00000001,btc,25728547.77174948,0.00965176,1.1117954747515792,34
1,[],5,[],2019-02-03 09:18:38,1e-08,0.00000001,0.000000000000345827,6570687,2019-02-03 09:18:38,btc,3.91224338,0.02565023,0.00000001,btc,1.343e-05,0.0,0.72905166,34
0.0000000000973392,[],4,[],2019-02-03 08:26:11,1397742654.2472064,3.893568e-18,1.345036959168e-22,6570564,2019-02-03 08:26:11,ltc,8.194387631565775e-09,0.0,0.00000004,ltc,1622680880.2794733,0.0,2.634142104022083e-09,36
1,[],5,[],2019-02-03 08:26:13,0.0,0,0,6570565,2019-02-03 08:26:13,btc,202.3675558,0.0,0,btc,1.295e-05,0.0,0.0,36
0.0000000000973392,[],27,[],2019-02-03 08:26:15,1000000.0,1.946784e-18,6.72518479584e-23,6570566,2019-02-03 08:26:15,ltc,447.7307979714,0.0,0.00000002,"ltc,eth",3711879.16,0.0,1.946784e-12,36
0,[],17,[],2019-02-03 07:18:00,0.0,0,0,6570166,2019-02-03 07:18:00,btc,0.1418527084028536,0.0,0,btc,10826074.27743647,0.0,0.0,36
1,[],4,[],2019-02-03 09:18:39,507914.90069459,0.00000151,0.000000000052219877,6570688,2019-02-03 09:18:39,btc,0.4225340833984391,0.0,0.00000151,btc,221137.30520029,0.07585205,0.5058348020253916,37
1,[],12,[],2019-02-03 09:18:40,408953.3882503,0.000001439999999999999977188928391991229460700196796096861362457275390625,0.000000000049799088,6570689,2019-02-03 09:18:40,btc,1331.022480705566,0.0,0.000001439999999999999977188928391991229460700196796096861362457275390625,btc,744758.24409993,0.2500039619933182,0.2820672999999751,37
1,[],17,[],2019-02-03 09:18:41,1752.74075282,0.00000025,0.000000000008645675,6570690,2019-02-03 09:18:41,btc,0.05548492396669306,0.000676639999995,0.00000025,btc,1387.19918473,0.0,0.00043818518820499993,37
1,[],27,[],2019-02-03 09:18:43,16843.0,0.00000046,0.000000000015908042,6570691,2019-02-03 09:18:43,btc,24.45584702489649,0.0,0.00000046,btc,5279.81438508,0.0,0.00561124,37
1,[],5,[],2019-02-03 08:18:15,1.307e-05,0.00000095,0.000000000032854705,6570372,2019-02-03 08:18:15,btc,0.10739889,0.12406262,0.00000095,btc,0.00010306,0.0,0.05630502,42
1,[],12,[],2019-02-03 08:18:15,155789.17517518,0.00000110999999999999996035831596741250137938550324179232120513916015625,0.000000000038388128999999995,6570373,2019-02-03 08:18:15,btc,196.05338504000684,0.0,0.00000110999999999999996035831596741250137938550324179232120513916015625,btc,80685.41894452,0.0453977168624139,0.0573250500000055,42
0,[],27,[],2019-02-03 08:18:18,0.0,0,0,6570374,2019-02-03 08:18:18,,0.00315028,0.0,0,"btc,eth",11.007,0.0,0.0,42
1,[],5,[],2019-02-03 08:18:19,6e-08,0.00000003,0.0000000000010375169999999999,6570375,2019-02-03 08:18:19,btc,6.10271066,0.0,0.00000003,btc,1.425e-05,0.0,0.53368313,43
1,[],12,[],2019-02-03 08:18:20,6512129.0,0.00000002,0.000000000000691678,6570376,2019-02-03 08:18:20,btc,20007456.464722443,0.0,0.00000002,btc,38833161.74765234,0.00036916,0.06512143000000001,43
0,[],17,[],2019-02-03 08:18:21,0.0,0,0,6570377,2019-02-03 08:18:21,btc,0.0,0.0,0,btc,0.0,0.0,0.0,43
1,[],12,[],2019-02-03 08:26:16,916417.0,0.00000008,0.0000000000027636080000000002,6570567,2019-02-03 08:26:16,btc,11115205.991265818,0.0,0.00000008,btc,1007691.39860139,0.00087353982018,0.029092919999999998,44
1,[],4,[],2019-02-03 09:18:44,235564875.78300673,0.00000002,0.000000000000691654,6570692,2019-02-03 09:18:44,btc,0.18123808906634864,0.0,0.00000002,"btc,ltc",8173281.98161888,0.0005052,0.5430027653990689,49
0.0000000000973392,[],4,[],2019-02-03 08:26:17,4514623026.187139,9.73392e-19,3.36259239792e-23,6570569,2019-02-03 08:26:17,ltc,4.994394633261878,0.0,0.00000001,ltc,1680194103.0773818,0.0,4.394497936706352e-09,52
0,[],22,[],2019-02-03 08:26:20,0.0,0,0,6570570,2019-02-03 08:26:20,,3693.67822752,0.0,0,,258485157.90882352,0.0,0.0,57
0,[],27,[],2019-02-03 08:26:22,0.0,0,0,6570571,2019-02-03 08:26:22,,0.0,0.0,0,"btc,eth",0.0,0.0,0.0,57
0.0000000000974573,[],4,[],2019-02-03 09:18:46,1322396189.019609,5.847437999999999e-18,2.022201941226e-22,6570693,2019-02-03 09:18:46,ltc,3.2882093429338872,0.0,0.00000006,ltc,1296960076.3969736,0.021956,5.526751605797755e-09,58
1,[],12,[],2019-02-03 09:18:47,2016076753.718957,0.0000000006,0.00000000000002074962,6570694,2019-02-03 09:18:47,btc,625179814392.244,0.0,0.0000000006,btc,3156471972.326773,0.14177587202517483,0.7231102081261391,58
0,[],17,[],2019-02-03 09:18:49,0.0,0,0,6570695,2019-02-03 09:18:49,btc,1e+24,0.0,0,btc,41616695.95832568,0.0,0.0,58
0.00000000012163510000000002,[],22,[],2019-02-03 09:19:05,137438.0,1.2163510000000002e-18,4.20647017277e-23,6570696,2019-02-03 09:19:05,XMR,69.8835922,0.0,0.00000001,XMR,9887963.0,0.0,0.00137438,58
1,[],5,[],2019-02-03 09:19:07,6.07e-06,0.00000061,0.000000000021095447,6570697,2019-02-03 09:19:07,btc,0.37763803,0.08338518,0.00000061,btc,0.00015227,0.0,0.06820941,61
1,[],22,[],2019-02-03 09:19:10,5111.5,0.00000011,0.000000000003804097,6570698,2019-02-03 09:19:10,BTC,1002.29606732,0.0,0.00000011,BTC,15028.700278135757,0.0,0.00051178,61
1,[],26,[],2019-02-03 09:19:10,0.0,0.00000800,0.0000000002766616,6570699,2019-02-03 09:19:10,btc,0.0,0.0,0.00000800,btc,0.0,0.0,0.0,61
0,[],27,[],2019-02-03 09:19:12,0.0,0,0,6570700,2019-02-03 09:19:12,,0.1550356,0.0,0,"btc,eth",155.72848,0.0,0.0,61
1,[],28,[],2019-02-03 09:19:17,6888.304,0.0000008,0.00000000002766616,6570701,2019-02-03 09:19:17,btc,2.064690685900105,743.0,0.0000008,btc,11329.09500005,0.0,0.00216911304,61
1,[],4,[],2019-02-03 09:19:17,1298462.7735667,0.00000178,0.000000000061557206,6570702,2019-02-03 09:19:17,btc,0.696341313880743,0.0,0.00000178,btc,251057.08006206,0.09503224,0.9503637628150924,67
0.0,[],25,[],2019-02-03 09:19:19,0.0,0,0,6570703,2019-02-03 09:19:19,,0.0,0.0,0.0,btc,0.0,0.0,0.0,67
1,[],12,[],2019-02-03 09:19:20,3098368.68300001,0.0000001,0.00000000000345827,6570704,2019-02-03 09:19:20,btc,16893709.42495523,0.0,0.0000001,btc,2485165.58001995,0.0002292171728276,0.0847348628411122,71
,[],5,[],2018-11-20 23:02:39,1.5e-07,0.00000005,0.000000000002128045,4862160,2018-11-20 23:02:39,btc,2.84511358,0.0,,btc,0.00036572,0.0,0.07381892,74
1,[],5,[],2019-01-25 15:53:51,3.303e-05,0.00000156,0.000000000055588884,6499610,2019-01-25 15:53:51,btc,1.42844212,0.0,0.00000156,btc,0.00015937,0.0,0.49487621,75
0,[],20,[],2019-01-25 09:30:31,0.0,0,0,6495923,2019-01-25 09:30:31,btc,0.0,0.0,0,btc,0.0,0.0,0.0,81
1,[],4,[],2019-02-03 09:19:21,70997797.82492337,0.00000001,0.000000000000345827,6570705,2019-02-03 09:19:21,btc,0.8164048853705091,0.0,0.00000001,btc,15307943.35273608,0.0,0.7099779782492337,81
1,[],4,[],2019-02-03 09:19:23,23281.45672451,0.00006980,0.00000000241387246,6570706,2019-02-03 09:19:23,btc,0.8660455470430479,0.0,0.00006980,btc,8059.55278555,0.05134832,0.0535545614358141,82
1,[],21,[],2019-02-03 09:19:24,86834.91081635,0.00007524999999999999950647117108,0.000000002602348175,6570707,2019-02-03 09:19:24,btc,3.6297754641206157,4135.99363866,0.000075249999999999999506471171084598381639807485044002532958984375,btc,41431.58741475,0.31508805,4.483632129438479,82
0,[],17,[],2019-02-03 09:19:25,0.0,0,0,6570708,2019-02-03 09:19:25,btc,0.0447233088476774,0.0,0,btc,999127.19588126,0.0,0.0,84
0.0000000000974573,[],4,[],2019-02-03 09:19:25,347898649.8980007,1.1694875999999999e-17,4.044403882452e-22,6570709,2019-02-03 09:19:25,ltc,0.1975418248592035,0.0,0.00000012,ltc,70718663.68661451,0.0,1.4642898191354064e-09,85
,[],22,[],2018-11-20 23:09:34,3408.1,0.0000001,0.0000000000041895,4862324,2018-11-20 23:09:34,BTC,0.04624735,0.0,,BTC,4990.0,0.0,0.00033081,86
0,[],22,[],2019-02-03 09:19:29,0.0,0,0,6570710,2019-02-03 09:19:29,,2.07810912,0.0,0,,154826.94736842104,0.0,0.0,87
0,[],27,[],2019-02-03 09:19:32,0.0,0,0,6570711,2019-02-03 09:19:32,,0.0,0.0,0,btc,0.0,0.0,0.0,87
,[],2,[],2018-11-20 23:10:47,0.0,0,0,4862359,2018-11-20 23:10:47,,0.0,0.0,,,0.0,0.0,0.0,88
1,[],11,[],2019-02-03 09:19:34,102513.24229343,0.00018547999999999999275017426025868871874990873038768768310546875,0.000000006414399196,6570712,2019-02-03 09:19:34,btc,236.46358585709734,654.999,0.00018547999999999999275017426025868871874990873038768768310546875,btc,185559.30018949,0.0,7.615117429142094,89
0,[],2,[],2019-01-20 23:31:45,0.0,0,0,6477083,2019-01-20 23:31:45,,0.0,0.0,0,,0.0,0.0,0.0,91
1,[],12,[],2019-02-03 09:19:35,516008.3969307,0.000002849999999999999818092559500382066062229569070041179656982421875,0.000000000098560695,6570713,2019-02-03 09:19:35,btc,3.6556605818427075,0.0,0.000002849999999999999818092559500382066062229569070041179656982421875,btc,28876.29415164,0.0054819634,0.144064553800014,91
0,[],17,[],2019-02-03 09:19:36,0.0,0,0,6570714,2019-02-03 09:19:36,btc,0.0,0.0,0,btc,0.0,0.0,0.0,91
0.0000000000974573,[],22,[],2019-02-03 09:19:40,37704795.571428575,6.822011e-18,2.359235598097e-22,6570715,2019-02-03 09:19:40,LTC,8.80622787,0.0,0.00000007,LTC,76324658.1,0.0,1.72417449,95
0.0000000000974573,[],4,[],2019-02-03 09:19:41,132469922.04604858,9.940644599999999e-17,3.4377433000842e-21,6570716,2019-02-03 09:19:41,ltc,1.122688019951357,0.0,0.00000102,ltc,68513279.29988769,0.0,6.958252475087398e-10,96
1,[],12,[],2019-02-03 09:19:42,327026.0,0.00000001,0.00000000000034582700000000004,6570717,2019-02-03 09:19:42,btc,255063.40259308563,0.0,0.00000001,btc,7976052.33297676,4.498e-05,0.00327026,96
0,[],17,[],2019-02-03 09:19:43,0.0,0,0,6570718,2019-02-03 09:19:43,btc,0.0,0.0,0,btc,0.0,0.0,0.0,96
1,[],4,[],2019-01-28 01:29:03,1472892.19429314,0.00000039,0.000000000013841295,6517118,2019-01-28 01:29:03,btc,0.30363706505258,0.0,0.00000039,btc,473598.41813208,0.02260545,0.1322524391209234,99
0,[],2,[],2019-01-20 23:23:55,0.0,0,0,6476914,2019-01-20 23:23:55,,0.0,0.0,0,,0.0,0.0,0.0,100
1,[],4,[],2019-02-03 09:19:44,79818.94425433,0.00004399,0.000000001521292973,6570719,2019-02-03 09:19:44,btc,4.097611068310836,0.0,0.00004399,btc,75176.06765257,1.45875423,2.714485302396212,100
1,[],22,[],2019-02-03 09:19:53,50000.0,0.00000001,0.000000000000345827,6570720,2019-02-03 09:19:53,BTC,23.50383609,0.0,0.00000001,BTC,11277.22,0.0,0.0005,101
1,[],4,[],2019-02-03 09:19:54,111633.13121431,0.00000095,0.000000000032853565,6570721,2019-02-03 09:19:54,btc,0.4015329338163686,0.0,0.00000095,btc,152970.60866793,0.03036997,0.0630831470905768,103
1,[],12,[],2019-02-03 09:19:57,92090090.0,0.000000014,0.0000000000004841578,6570722,2019-02-03 09:19:57,btc,138278963.45447457,0.0,0.000000014,btc,144993853.87754348,0.09590689042769937,0.53854924,105
1,[],27,[],2019-02-03 09:19:59,10158052.89,0.00000001,0.000000000000345827,6570723,2019-02-03 09:19:59,btc,0.6930127791760939,8200.0,0.00000001,btc,708867.82781977,0.000164,0.1015805289,105
0,[],22,[],2019-02-03 09:20:04,0.0,0,0,6570724,2019-02-03 09:20:04,,1.07253299,0.0,0,,94300.0,0.0,0.0,107
1,[],26,[],2019-02-03 09:20:04,0.0,0.00000000,0,6570725,2019-02-03 09:20:04,btc,0.0,0.0,0.00000000,btc,0.0,0.0,0.0,107
1,[],5,[],2019-02-03 09:20:05,6e-08,0.00000003,0.0000000000010374810000000001,6570726,2019-02-03 09:20:05,btc,2.99714908,0.13248917,0.00000003,btc,1.773e-05,0.0,0.16015133,112
1,[],22,[],2019-02-03 09:20:09,1966.0,0.00000001,0.000000000000345827,6570727,2019-02-03 09:20:09,BTC,2.84203449,0.0,0.00000001,BTC,957103.5833333334,0.0,1.966e-05,112
0.0000000003125071,[],27,[],2019-02-03 09:20:11,500000.0,3.1250710000000003e-18,1.0807339287170002e-22,6570728,2019-02-03 09:20:11,eth,1.25356065,0.0,0.00000001,"btc,eth",1328.0,0.0,1.5625355000000002e-12,112
1,[],4,[],2019-02-03 09:20:12,531170.48112255,0.00000369,0.000000000127610163,6570729,2019-02-03 09:20:12,btc,0.5248143878624861,0.0,0.00000369,btc,97573.22998241,0.10310131,0.4727787035349279,113
1,[],5,[],2019-02-03 09:20:13,2.494e-05,0.00000375,0.000000000129685125,6570730,2019-02-03 09:20:13,btc,2.49260376,0.00412126,0.00000375,btc,0.00405162,0.0,0.21575842,113
1,[],17,[],2019-02-03 09:20:15,212548.72400000002,0.00000004,0.0000000000013833080000000001,6570731,2019-02-03 09:20:15,btc,1.3368030274124894,0.0,0.00000004,btc,51896.221,0.0,0.00460194896,116
0,[],27,[],2019-02-03 09:20:17,0.0,0,0,6570732,2019-02-03 09:20:17,,0.0,0.0,0,btc,0.0,0.0,0.0,116
1,[],4,[],2019-02-03 09:20:18,54476.39091301,0.00002385,0.0000000008247973950000001,6570733,2019-02-03 09:20:18,btc,0.8358325202668737,0.0,0.00002385,btc,28764.81589559,0.68242759,0.9487565964079993,120
1,[],7,[],2019-02-03 09:20:19,11037.06628548,0.00001796000000000000083899033553880286717685521580278873443603515625,0.000000000621105292,6570734,2019-02-03 09:20:19,btc,88979.01297641236,31.45000271,0.00001796000000000000083899033553880286717685521580278873443603515625,btc,23649.8457715,0.00113348,0.09826908905500481,120
1,[],20,[],2019-02-03 09:20:21,1607028.1906,0.000000013,0.0000000000004495751,6570735,2019-02-03 09:20:21,btc,33.7489442370083,222.819,0.000000013,btc,1074422.3317,2.896647e-06,0.0088322132172,125
1,[],22,[],2019-02-03 09:20:24,3053.0,0.00000001,0.000000000000345827,6570736,2019-02-03 09:20:24,BTC,0.01444889,0.0,0.00000001,BTC,296264.5111111111,0.0,3.053e-05,126
0,[],2,[],2019-01-20 23:25:46,0.0,0,0,6476969,2019-01-20 23:25:46,,0.0,0.0,0,,0.0,0.0,0.0,131
1,[],4,[],2019-02-03 09:20:25,91021.60208633,0.00001499,0.000000000518394673,6570737,2019-02-03 09:20:25,btc,0.5256790577159621,0.0,0.00001499,btc,27229.57373547,0.26042679,0.5794219674727321,131
0,[],17,[],2019-02-03 09:20:27,0.0,0,0,6570738,2019-02-03 09:20:27,btc,0.0008451375975800001,0.0,0,btc,30.89614684,0.0,0.0,131
1,[],4,[],2019-02-03 09:20:28,4614.82785198,0.00016007,0.000000005535652789,6570739,2019-02-03 09:20:28,btc,1.6408808191700246,0.0,0.00016007,btc,302.35845559,0.0,0.0120659733502197,135
1,[],3,[],2019-02-03 09:20:28,1787721.66354937,0.00000007,0.000000000002420789,6570740,2019-02-03 09:20:28,btc,0.1406559683714911,17991.1866357,0.00000007,btc,399436.80852494,0.0,0.0656253942725346,136
1,[],4,[],2019-02-03 09:20:29,91229.8190376,0.00000179,0.000000000061903033,6570741,2019-02-03 09:20:29,btc,0.4248141541958946,0.0,0.00000179,btc,164820.2762505,0.13442836,0.125243552256092,137
1,[],12,[],2019-02-03 09:20:30,297161.02753153,0.000001830000000000000054831898570195658493275914224795997142791748046875,0.000000000063286341,6570742,2019-02-03 09:20:30,btc,11982.852084572522,0.0,0.000001830000000000000054831898570195658493275914224795997142791748046875,btc,127678.75747667,0.1077834973489039,0.0277694299998572,137
1,[],5,[],2019-02-03 09:20:32,0.00113903,0.00003676,0.0000000012712600520000001,6570743,2019-02-03 09:20:32,btc,3.72725201,0.88782404,0.00003676,btc,0.00258513,0.0,1.31062615,142
1,[],17,[],2019-02-03 09:20:33,12500.0,0.0000001,0.00000000000345827,6570744,2019-02-03 09:20:33,btc,20.26102157903187,0.0001070700002253,0.0000001,btc,5931.99821453,0.0,0.00125,142
1,[],20,[],2019-02-03 09:20:35,149665.6766,0.000025423,0.0000000008791959821,6570745,2019-02-03 09:20:35,btc,4.1908266424,165.568,0.000025423,btc,10940.3001,0.0068356928796,0.2471364743976,142
1,[],22,[],2019-02-03 09:20:38,962.0,0.00001800,0.0000000006224886000000001,6570746,2019-02-03 09:20:38,BTC,3.00449528,0.0,0.00001800,BTC,899.098,0.0,0.0001637,142
0.0,[],25,[],2019-02-03 09:20:39,0.0,0,0,6570747,2019-02-03 09:20:39,,0.0,0.0,0.0,btc,0.0,0.0,0.0,142
1,[],28,[],2019-02-03 09:20:44,78705.0,0.00002500,0.0000000008645675,6570748,2019-02-03 09:20:44,btc,0.0367822,1479.665,0.00002500,btc,730.0,0.0,0.0312237,142
0,[],22,[],2019-01-28 18:33:43,0.0,0,0,6521842,2019-01-28 18:33:43,,61.27958297,0.0,0,,815366265.8,0.0,0.0,143
1,[],21,[],2019-02-03 09:20:45,29675252.26826768,0.00000027,0.000000000009337329000000001,6570749,2019-02-03 09:20:45,btc,51.65014857071862,2389534.24097697,0.00000027,btc,88276339.13323182,0.65147893,3.877450181414257,145
0,[],22,[],2019-02-03 09:20:49,0.0,0,0,6570750,2019-02-03 09:20:49,,4.58989651,0.0,0,,1927123.5,0.0,0.0,146
,[],22,[],2018-11-20 23:01:11,0.0,0,0,4862114,2018-11-20 23:01:11,,2.56807021,0.0,,,61828.4988236,0.0,0.0,147
1,[],12,[],2019-02-03 09:20:50,8690494.46002291,0.000003530000000000000083782807080989840642359922640025615692138671875,0.000000000122076931,6570751,2019-02-03 09:20:50,btc,16.56580486746627,0.0,0.000003530000000000000083782807080989840642359922640025615692138671875,btc,112319.49663261,0.0,0.1219653200000282,148
1,[],4,[],2019-02-03 09:20:51,306042.43277379,0.00000037,0.000000000012795599,6570752,2019-02-03 09:20:51,btc,0.6875961683770753,0.0,0.00000037,btc,502571.3208287,0.00040399,0.0678840162441816,152
0,[],22,[],2019-02-03 09:20:54,0.0,0,0,6570753,2019-02-03 09:20:54,,0.0,0.0,0,,0.0,0.0,0.0,152
1,[],5,[],2019-02-03 09:20:55,0.0,0,0,6570754,2019-02-03 09:20:55,btc,4.41264381,0.0,0,btc,0.00161275,0.0,0.0,153
,[],16,[],2019-01-11 15:38:59,0.0,0,0,6366141,2019-01-11 15:38:59,btc,0.0,0.0,,btc,0.0,0.0,0.0,155
0,[],22,[],2019-02-03 09:20:58,0.0,0,0,6570755,2019-02-03 09:20:58,,6.73312347,0.0,0,,4564272.742592593,0.0,0.0,156
0,[],23,[],2019-01-20 23:24:29,0.0,0,0,6476932,2019-01-20 23:24:29,,0.0,0.0,0,,0.0,0.0,0.0,156
1,[],22,[],2019-02-03 09:21:01,7906.0,0.00000801,0.000000000277007427,6570756,2019-02-03 09:21:01,BTC,43.78801181,0.0,0.00000801,BTC,1067.5805334758436,0.0,0.00743836,157
0,[],22,[],2019-02-03 09:21:05,0.0,0,0,6570757,2019-02-03 09:21:05,,50175.6753658,0.0,0,,54007107.04179466,0.0,0.0,158
,[],17,[],2018-11-20 22:56:10,0.0,0,0,4861976,2018-11-20 22:56:10,btc,1.1265625,0.0,,btc,1000.0,0.0,0.0,159
,[],20,[],2018-11-20 22:56:12,0.0,0,0,4861977,2018-11-20 22:56:12,btc,11912.7940471,0.0,,btc,34413894.3617,0.0,0.0,159
1,[],12,[],2019-02-03 09:21:06,189108.98568862,0.000008300000000000000153804920188793659008297254331409931182861328125,0.00000000028703641,6570758,2019-02-03 09:21:06,btc,6.685788963618698,0.0,0.000008300000000000000153804920188793659008297254331409931182861328125,btc,14746.68124826,0.0039205326,0.0870487914999816,168
1,[],17,[],2019-02-03 09:21:08,29784.95,0.000001,0.0000000000345827,6570759,2019-02-03 09:21:08,btc,0.03026736251542,0.0,0.000001,btc,144.46171372,0.0,0.00716147,168
1,[],22,[],2019-02-03 09:21:12,3800.0,0.00000001,0.000000000000345827,6570760,2019-02-03 09:21:12,BTC,1.13102814,0.0,0.00000001,BTC,689102.4758060451,0.0,3.8e-05,169
1,[],22,[],2019-02-03 09:21:15,70848.4129032258,0.00000031,0.000000000010720637,6570761,2019-02-03 09:21:15,BTC,10.32537922,0.0,0.00000031,BTC,112239.88622677524,0.00044683,0.01171261,171
1,[],22,[],2019-02-03 09:21:18,476139.78205128206,0.00000013,0.000000000004495751,6570762,2019-02-03 09:21:18,BTC,2.63950555,0.0,0.00000013,BTC,245666.90387703563,0.0,0.03640804,173
1,[],5,[],2019-02-03 09:21:20,4.004e-05,0.00000385,0.000000000133143395,6570763,2019-02-03 09:21:20,btc,0.36109801,0.00066722,0.00000385,btc,0.00032048,0.0,0.69653193,175
1,[],22,[],2019-02-03 09:21:23,49549.25714285715,0.0000004,0.00000000001383308,6570764,2019-02-03 09:21:23,BTC,0.6257983,0.0,0.0000004,BTC,161300.17417750834,5.28e-05,0.01679357,176
1,[],7,[],2019-02-03 09:21:24,0.0,0,0,6570765,2019-02-03 09:21:24,btc,233208.59190894547,1248.75124875,0,btc,116200784.21566916,1.249e-05,0.0,178
0,[],22,[],2019-02-03 09:21:27,0.0,0,0,6570766,2019-02-03 09:21:27,,1.00242428,0.0,0,,57512.0,0.0,0.0,178
0,[],2,[],2019-01-20 23:28:34,0.0,0,0,6477001,2019-01-20 23:28:34,,0.0,0.0,0,,0.0,0.0,0.0,178
1,[],5,[],2019-02-03 09:21:29,3e-08,0.00000002,0.000000000000691654,6570767,2019-02-03 09:21:29,btc,17.06936905,0.01775256,0.00000002,btc,2.088e-05,0.0,1.31454824,179
1,[],22,[],2019-02-03 09:21:33,7842183.0,0.00000003,0.0000000000010374810000000001,6570768,2019-02-03 09:21:33,BTC,5.52741121,0.0,0.00000003,"BTC,LTC",18415229.401989967,0.0,0.38978517,179
0,[],23,[],2019-01-20 23:25:08,0.0,0,0,6476952,2019-01-20 23:25:08,,0.0,0.0,0,,0.0,0.0,0.0,179
1,[],17,[],2019-02-03 09:21:35,10504.725,0.0000001,0.00000000000345827,6570769,2019-02-03 09:21:35,btc,5.2061668798774825,0.0,0.0000001,btc,6755.0074587,0.0,0.0010504725,180
1,[],22,[],2019-02-03 09:21:39,33882.94545454546,0.00000011,0.000000000003804097,6570770,2019-02-03 09:21:39,BTC,0.09806895,0.0,0.00000011,"BTC,LTC",18638.916593151593,7.697e-05,0.00351358,180
1,[],26,[],2019-02-03 09:21:39,0.0,0.00000010,0.00000000000345827,6570771,2019-02-03 09:21:39,btc,0.0,0.0,0.00000010,btc,0.0,0.0,0.0,180
,[],7,[],2018-11-20 22:58:01,562227.975654,0.00000085,0.000000000036176765,4862015,2018-11-20 22:58:01,btc,21836.6059674,2491.87645172,,btc,749999.041456,0.00211021,0.127565380455,183
1,[],24,[],2019-02-03 09:21:40,0.0,0.000000000001,3.45827e-17,6570772,2019-02-03 09:21:40,btc,0.0,0.0,0.000000000001,btc,0.0,0.0,0.0,187
,[],5,[],2019-01-10 08:11:41,0.0,0,0,6347036,2019-01-10 08:11:41,btc,82.15055501,0.00261,,btc,1.19002445,0.0,0.0,187
,[],17,[],2018-11-16 20:58:10,4062536.27273,0.00000001,0.000000000000550501,4708775,2018-11-16 20:58:10,btc,3.36492563466,0.195460381006,,"btc,eth",110697919.549,0.0,0.0157628953496,187
0,[],22,[],2019-02-03 09:21:43,0.0,0,0,6570773,2019-02-03 09:21:43,,1.19382741,0.0,0,,13380.036201072173,0.0,0.0,191
0,[],22,[],2019-01-29 02:57:02,0.0,0,0,6524994,2019-01-29 02:57:02,,0.0,0.0,0,,0.0,0.0,0.0,197
1,[],26,[],2019-02-03 09:21:43,0.0,0.00000000,0,6570774,2019-02-03 09:21:43,btc,0.0,738471.0,0.00000000,btc,0.0,0.0,0.0,199
0,[],23,[],2019-01-20 23:31:41,0.0,0,0,6477079,2019-01-20 23:31:41,,0.0,0.0,0,,0.0,0.0,0.0,199
0,[],17,[],2019-01-30 16:32:01,0.0,0,0,6540827,2019-01-30 16:32:01,btc,6.802544163788159,0.0,0,btc,105897.55575295,0.0,0.0,200
0,[],2,[],2019-01-20 23:30:49,0.0,0,0,6477059,2019-01-20 23:30:49,,0.0,0.0,0,,0.0,0.0,0.0,201
1,[],4,[],2019-01-25 15:51:35,2084389.58565343,0.00000936,0.000000000333526752,6499557,2019-01-25 15:51:35,btc,2.0092503037378524,0.0,0.00000936,btc,160195.80207885,0.19272417,1.242687955921835,211
1,[],7,[],2019-02-03 09:21:46,17341328.38046856,0.000001390000000000000032391082004090687718189656152389943599700927734375,0.000000000048069953,6570775,2019-02-03 09:21:46,btc,16567795.771221852,482002.027387,0.000001390000000000000032391082004090687718189656152389943599700927734375,btc,12474843.14967618,0.0,8.976429497244233,212
1,[],5,[],2019-02-03 09:21:48,5.29e-06,0.00000035,0.000000000012103945,6570776,2019-02-03 09:21:48,btc,1.11456736,0.05163009,0.00000035,btc,3.171e-05,0.0,0.26240822,213
1,[],24,[],2019-02-03 09:21:48,0.0,0.000000050000,0.000000000001729135,6570777,2019-02-03 09:21:48,btc,0.0,0.0,0.000000050000,btc,0.0,0.0,0.0,213
1,[],26,[],2019-02-03 09:21:48,0.0,0.00000009,0.000000000003112443,6570778,2019-02-03 09:21:48,btc,0.0,0.0,0.00000009,btc,0.0,0.0,0.0,213
1,[],12,[],2019-01-25 02:44:32,207462.42853209,0.000001080000000000000035831255497387193287295303889550268650054931640625,0.000000000038610756000000006,6493050,2019-01-25 02:44:32,btc,85023.03793723314,0.0,0.000001080000000000000035831255497387193287295303889550268650054931640625,btc,43675.73520027,0.000146250909087,0.0348620860622024,213
1,[],22,[],2019-02-03 09:21:53,276400.0,0.00000002,0.000000000000691654,6570779,2019-02-03 09:21:53,BTC,70.20492877,0.0,0.00000002,BTC,291693.63137942314,0.0,0.004714,216
1,[],27,[],2019-02-03 09:21:55,5050645.0,0.0000001,0.00000000000345827,6570780,2019-02-03 09:21:55,btc,313.98413178316,0.0,0.0000001,"btc,ltc",287018.13411,0.0,0.0510735,216
1,[],22,[],2019-02-03 09:21:58,249491.07761164804,0.00000235,0.000000000081269345,6570781,2019-02-03 09:21:58,BTC,12677.89641213,0.0,0.00000235,BTC,481321.85445181513,0.14090382,0.32136658,217
1,[],7,[],2019-02-03 09:21:59,0.0,0,0,6570782,2019-02-03 09:21:59,btc,77970.02600413912,0.0,0,btc,134531561.1214003,0.0,0.0,219
0,[],27,[],2019-02-03 09:22:01,0.0,0,0,6570783,2019-02-03 09:22:01,,0.0741038339680918,0.0,0,btc,1542429.2070951,0.0,0.0,219
0.0000000000000055,[],28,[],2019-02-03 09:22:03,205135012.733,6.05e-18,2.09225335e-22,6570784,2019-02-03 09:22:03,doge,88554.0318717675,14222.0,0.00110000,"btc,doge",4969437.84751,0.0,3.009177320395367e-11,219
1,[],22,[],2019-02-03 09:22:06,203201.0,0.00000038,0.000000000013141426,6570785,2019-02-03 09:22:06,BTC,2.99902229,0.0,0.00000038,BTC,31872.55212317522,0.000165,0.02039238,221
1,[],24,[],2019-02-03 09:22:06,0.0,0.000000100000,0.00000000000345827,6570786,2019-02-03 09:22:06,btc,0.0,0.0,0.000000100000,btc,0.0,0.0,0.0,221
1,[],20,[],2019-02-03 09:22:09,7367007.9295,0.000000005,0.0000000000001729135,6570787,2019-02-03 09:22:09,btc,2.3589143846472,1469086.5621,0.000000005,btc,5581118.4606,0.0143695243338,0.0087087713734,224
0,[],22,[],2019-02-03 09:22:11,0.0,0,0,6570788,2019-02-03 09:22:11,,0.0,0.0,0,,0.0,0.0,0.0,224
1,[],26,[],2019-02-03 09:22:11,0.0,0.00000002,0.000000000000691654,6570789,2019-02-03 09:22:11,btc,0.0,4497.844,0.00000002,btc,0.0,0.0,0.0,231
1,[],26,[],2019-02-03 09:22:12,0.0,0.00000004,0.000000000001383308,6570790,2019-02-03 09:22:12,btc,0.0,2654.0,0.00000004,btc,0.0,0.0,0.0,234
0,[],27,[],2019-02-03 09:22:14,0.0,0,0,6570791,2019-02-03 09:22:14,,0.0113483662182,0.0,0,"btc,eth",11462.99618,0.0,0.0,234
0.0000000000974573,[],22,[],2019-02-03 09:22:17,8720000.0,9.745729999999999e-19,3.37033656871e-23,6570792,2019-02-03 09:22:17,LTC,3.62791965,0.0,0.00000001,LTC,99030043.76551227,0.0,0.0872,235
1,[],4,[],2019-02-03 09:22:18,762981.5050296,0.00000068,0.000000000023516236000000002,6570793,2019-02-03 09:22:18,btc,0.1646830768768372,0.0,0.00000068,btc,142108.36601675,0.03946904,0.1604917813397459,236
1,[],24,[],2019-02-03 09:22:18,0.0,0.000000010000,0.000000000000345827,6570794,2019-02-03 09:22:18,btc,0.0,0.0,0.000000010000,btc,0.0,0.0,0.0,236
1,[],20,[],2019-02-03 09:22:20,12708785.2717,0.00000006,0.0000000000020749620000000002,6570795,2019-02-03 09:22:20,btc,14.423428192783,13407547.9801,0.00000006,btc,25749898.6756,0.8734656375955,0.3727602827908,237
1,[],22,[],2019-02-03 09:22:23,10000.0,0.00000001,0.000000000000345827,6570796,2019-02-03 09:22:23,BTC,0.04103605,0.0,0.00000001,BTC,6179.0,0.0,0.0001,237
1,[],4,[],2019-02-03 09:22:24,3184923.711906,0.00000032,0.000000000011066464,6570797,2019-02-03 09:22:24,btc,0.8855146422078636,0.0,0.00000032,btc,2579266.68833863,0.07197735,0.9240778353379263,238
1,[],5,[],2019-02-03 09:22:25,3.64e-06,0.00000031,0.000000000010720637,6570798,2019-02-03 09:22:25,btc,0.77545234,0.04150275,0.00000031,btc,2.906e-05,0.0,0.27111075,238
1,[],22,[],2019-02-03 09:22:29,247742.5,0.00000004,0.000000000001383308,6570799,2019-02-03 09:22:29,BTC,15.41538995,0.0,0.00000004,BTC,305689.9139027493,0.00038902,0.00790982,249
0.0000000000974573,[],22,[],2019-02-03 09:22:32,4179658.0,3.8982919999999996e-18,1.348134627484e-22,6570800,2019-02-03 09:22:32,LTC,0.78482199,0.0,0.00000004,LTC,14362861.015,0.0,0.12455864,252
1,[],28,[],2019-02-03 09:22:34,2353106.872,0.00000009,0.000000000003112443,6570801,2019-02-03 09:22:34,btc,164692.27472170623,207714.3816,0.00000009,btc,718339.3995,0.0,0.0817353362,256
1,[],22,[],2019-02-03 09:22:37,101597.57142857143,0.00000007,0.000000000002420789,6570802,2019-02-03 09:22:37,BTC,35605.56385719,0.0,0.00000007,BTC,505765.34188300685,0.00069222,0.00249905,258
1,[],22,[],2019-01-26 20:58:41,368451.0,0.00000001,0.000000000000356135,6510120,2019-01-26 20:58:41,BTC,2.642917,0.0,0.00000001,"BTC,LTC",1862.0,0.0,0.02488451,259
1,[],22,[],2019-02-03 09:22:40,1874.5321847690386,0.00000810,0.00000000028011987,6570803,2019-02-03 09:22:40,BTC,4.68960145,0.0,0.00000810,BTC,6366.988399675977,0.0,0.01502652,262
1,[],5,[],2019-02-03 09:22:42,6.677e-05,0.00000310,0.00000000010720637,6570804,2019-02-03 09:22:42,btc,1.22118011,0.08864043,0.00000310,btc,0.00100888,0.0,0.22685425,264
1,[],20,[],2019-02-03 09:22:44,1175018.7825,0.00000256,0.000000000088531712,6570805,2019-02-03 09:22:44,btc,5.0131172957134,4435.7203,0.00000256,btc,96528.4779,0.0196579543509,0.0341176350194,264
1,[],22,[],2019-02-03 09:22:47,139217.0,0.00000002,0.000000000000691654,6570806,2019-02-03 09:22:47,BTC,8.66233915,0.0,0.00000002,BTC,334094.0934647885,9.658e-05,0.00228671,271
0,[],22,[],2019-02-03 09:22:49,0.0,0,0,6570807,2019-02-03 09:22:49,,368.98163014,0.0,0,,14553457703.9,0.0,0.0,272
0.0000000000000055,[],28,[],2019-02-03 09:22:51,218274529255.48,5.775000000000001e-21,1.9971509250000002e-25,6570808,2019-02-03 09:22:51,doge,299051986.7333987,7009511734.9,0.00000105,doge,194052484450.1598,0.0,6.798132992338158e-10,272
0,[],22,[],2019-02-03 09:22:54,0.0,0,0,6570809,2019-02-03 09:22:54,,0.0,0.0,0,,0.0,0.0,0.0,281
