pairValue,buyBook,exchangeId,sellBook,updated,buyTotal,satoshiPrice,usdPrice,exchangeLogId,created,bestPair,sellTotalBtc,volume,pairPrice,activePairs,sellTotal,volumeBtc,buyTotalBtc,coinId
1,[],3,[],2019-03-18 18:50:17,31040.23669098008,0.01305526000000000082235107612405045074410736560821533203125,0.0000005193656588460001,6968368,2019-03-18 18:50:17,btc,60.174721247652776,0.050123664296,0.01305526000000000082235107612405045074410736560821533203125,btc,26.595471267314,0.0,0.3157673585920665,1
1,[],4,[],2019-03-18 18:50:18,207745.89705544,0.01300186,0.000000517241294706,6968369,2019-03-18 18:50:18,btc,13.351446933913254,0.0,0.01300186,btc,245.68651864,0.91717085,1.0600379459597002,1
1,[],5,[],2019-03-18 18:50:20,0.0,0,0,6968370,2019-03-18 18:50:20,btc,0.0,0.34518907,0,btc,0.0,0.0,0.0,1
1,[],10,[],2019-03-18 18:50:22,413715.8551979,0.01114625,0.000000443421232125,6968371,2019-03-18 18:50:22,btc,6523.0795064370695,1878.73581201,0.01114625,btc,995.12305747,0.0,4.650480766234232,1
1,[],12,[],2019-03-18 18:50:24,56.053113589999995,0.0129599999999999992983390484369010664522647857666015625,0.000000515576016,6968372,2019-03-18 18:50:24,btc,0.1721282295927,0.0,0.0129599999999999992983390484369010664522647857666015625,btc,12.666364,0.0262658770095,0.4335085128679,1
1,[],20,[],2019-03-18 18:50:26,1155.1518,0.01100001,0.000000437603497821,6968373,2019-03-18 18:50:26,btc,0.0423738248054,0.0,0.01100001,btc,1.8879,0.0,0.1254053403381,1
1,[],21,[],2019-03-18 18:50:28,2358.35640818,0.01300097000000000058150817495,0.0000005172058886370001,6968374,2019-03-18 18:50:28,btc,99.90744510661992,12210.82666152,0.0130009700000000005815081749460659921169281005859375,"btc,eth",8472.05372038,155.08906040924896,21.879017947999017,1
1,[],22,[],2019-03-18 18:50:31,0.07686088253968254,0.01260000,0.00000050125446,6968375,2019-03-18 18:50:31,BTC,0.31439419,0.0,0.01260000,BTC,0.12751438772928525,0.0,0.00096785,1
1,[],24,[],2019-03-18 18:50:32,0.0,0.000000000000,0,6968376,2019-03-18 18:50:32,btc,0.0,0.0,0.000000000000,btc,0.0,0.0,0.0,1
0.0,[],25,[],2019-03-18 18:50:33,0.0,0,0,6968377,2019-03-18 18:50:33,btc,39.541199998128,540.77486514,0.0,btc,2979.81497265,7.107,0.0,1
1,[],26,[],2019-03-18 18:50:34,0.0,0,0,6968378,2019-03-18 18:50:34,,0.0,0.0,0,,0.0,0.0,0.0,1
1,[],28,[],2019-03-18 18:50:41,994.123,0.01250000,0.00000049727625,6968379,2019-03-18 18:50:41,btc,0.151703079,19021.36,0.01250000,btc,8.184,0.0,0.101388596,1
0,[],2,[],2019-01-20 23:28:45,0.0,0,0,6477011,2019-01-20 23:28:45,,0.0,0.0,0,,0.0,0.0,0.0,1
1,[],5,[],2019-03-18 18:50:43,0.0,0,0,6968380,2019-03-18 18:50:43,btc,0.0,0.08640395,0,btc,0.0,0.0,0.0,2
0,[],22,[],2019-03-18 18:50:46,0.0,0,0,6968381,2019-03-18 18:50:46,,0.0,0.0,0,,0.0,0.0,0.0,2
1,[],5,[],2019-03-18 18:50:47,0.0,0,0,6968382,2019-03-18 18:50:47,btc,0.0,1.02715377,0,btc,0.0,0.0,0.0,3
1,[],12,[],2019-03-18 18:50:49,2755690.3203911,0.000000191,0.000000000007598381100000001,6968383,2019-03-18 18:50:49,btc,23468.628287803793,0.0,0.000000191,btc,1418630.26755005,0.04403957825584506,0.395392920533918,3
0,[],28,[],2019-03-18 18:50:55,0.0,0,0,6968384,2019-03-18 18:50:55,,0.0,0.0,0,,0.0,0.0,0.0,3
0,[],2,[],2019-01-20 23:31:32,0.0,0,0,6477077,2019-01-20 23:31:32,,0.0,0.0,0,,0.0,0.0,0.0,4
1,[],4,[],2019-03-18 18:50:56,350799.63089,0.00000030,0.00000000001193463,6968385,2019-03-18 18:50:56,btc,32.07924660579981,0.0,0.00000030,btc,716372.72080371,0.00365224,0.0340753245567701,4
1,[],12,[],2019-03-18 18:50:57,394075.0,0.00000002,0.0000000000007956420000000001,6968386,2019-03-18 18:50:57,btc,1111853.28843344,0.0,0.00000002,btc,786424.33266733,0.0,0.00434124,5
0,[],2,[],2019-01-20 23:31:51,0.0,0,0,6477087,2019-01-20 23:31:51,,0.0,0.0,0,,0.0,0.0,0.0,6
1,[],11,[],2019-03-18 18:50:58,3935711.8988200002,0.00000002,0.0000000000007956420000000001,6968387,2019-03-18 18:50:58,btc,9574.299939218543,10000.0,0.00000002,btc,43079165.57380908,0.0,0.0449565813342,6
1,[],3,[],2019-03-18 18:51:00,1103.875362529904,0.00016001000000000000791054721727135756736970506608486175537109375,0.000000006365533821000001,6968388,2019-03-18 18:51:00,btc,29.634654231634162,0.0,0.00016001000000000000791054721727135756736970506608486175537109375,btc,241.020514578101,0.0,0.03702596781778915,7
1,[],4,[],2019-03-18 18:51:01,103735.79881629,0.00022900,0.000000009110100900000001,6968389,2019-03-18 18:51:01,btc,11.850523427254132,0.0,0.00022900,btc,41903.51894808,5.85230263,10.705436855849275,7
1,[],5,[],2019-03-18 18:51:03,0.0,0,0,6968390,2019-03-18 18:51:03,btc,0.0,1.26195932,0,btc,0.0,0.0,0.0,7
1,[],20,[],2019-02-20 02:16:17,39399275.8418,0.000000001,0.0000000000000390183,6728586,2019-02-20 02:16:17,btc,116.9737569154545,525.0,0.000000001,btc,56932965.8895,5.25e-07,0.0393992758418,8
1,[],4,[],2019-03-18 18:51:05,1667040.37929628,0.00000155,0.000000000061662255,6968391,2019-03-18 18:51:05,btc,6.991533013113632,0.0,0.00000155,btc,3164867.66314075,2.04792728,1.0259123297676098,9
1,[],28,[],2019-03-18 18:51:12,27403.0,0.00000160,0.00000000006365136,6968392,2019-03-18 18:51:12,btc,2708.776551247723,3673740.0,0.00000160,btc,20316.3373,0.0,0.0164095,9
0,[],2,[],2019-01-20 23:22:42,0.0,0,0,6476876,2019-01-20 23:22:42,,0.0,0.0,0,,0.0,0.0,0.0,9
0,[],23,[],2019-01-20 23:22:48,0.0,0,0,6476878,2019-01-20 23:22:48,,0.0,0.0,0,,0.0,0.0,0.0,9
1,[],1,[],2019-02-17 23:31:42,1822507.21,0.00000181000000000000003456111265232042484285557293333113193511962890625,0.000000000066086901,6701244,2019-02-17 23:31:42,btc,3.6990969245,17153386.5,0.00000181000000000000003456111265232042484285557293333113193511962890625,btc,1997391.71,31.11772986,3.2610482446,9
1,[],4,[],2019-02-17 11:22:43,4341674.27126056,0.00000002,0.0000000000007272960000000001,6696112,2019-02-17 11:22:43,btc,0.1997230937751353,0.0,0.00000002,btc,4109766.79808031,0.00215132,0.0479381022052112,10
1,[],4,[],2019-03-18 18:51:13,5633215.14960392,0.00000182,0.000000000072403422,6968393,2019-03-18 18:51:13,btc,13.696658163628209,0.0,0.00000182,btc,5299302.42629572,2.94922574,6.751603875984994,12
0,[],2,[],2019-01-20 23:23:08,0.0,0,0,6476890,2019-01-20 23:23:08,,0.0,0.0,0,,0.0,0.0,0.0,12
1,[],5,[],2019-03-18 18:23:33,0.0,0,0,6968185,2019-03-18 18:23:33,btc,0.0,0.05876182,0,btc,0.0,0.0,0.0,12
0.0,[],25,[],2019-03-18 18:23:34,0.0,0,0,6968186,2019-03-18 18:23:34,,0.0,0.0,0.0,btc,0.0,0.0,0.0,12
1,[],4,[],2019-03-18 18:23:35,32909893.30503941,0.00001097,0.00000000043675738600000003,6968187,2019-03-18 18:23:35,btc,3.268145630484027,0.0,0.00001097,btc,245067.25528783,2.00031093,1.2671856536366546,13
1,[],10,[],2019-03-18 18:23:37,481835.10206142,0.00000912,0.00000000036310185600000006,6968188,2019-03-18 18:23:37,btc,666776.3130943305,81942.9422109,0.00000912,btc,637432.12601808,0.0,0.6476782180990124,13
1,[],21,[],2019-03-18 18:23:38,1622206.30973203,0.00001084999999999999945607745411,0.00000000043197973,6968189,2019-03-18 18:23:38,btc,14.596777156305881,5322249.5221228,0.0000108499999999999994560774541074721355471410788595676422119140625,btc,1177486.25873355,60.69089235,15.958514250848218,13
1,[],4,[],2019-03-18 18:23:39,1096718.80482233,0.00000083,0.000000000033045454000000004,6968190,2019-03-18 18:23:39,btc,5.395770225383276,0.0,0.00000083,btc,993217.95886212,0.02389514,0.1827438033213432,14
1,[],12,[],2019-03-18 18:23:41,303845.50704225,0.00000071,0.000000000028267798000000002,6968191,2019-03-18 18:23:41,btc,0.0558421655186984,0.0,0.00000071,btc,13799.95186185,2.213786214e-05,0.0323323999999975,14
0,[],17,[],2019-03-18 18:23:52,0.0,0,0,6968192,2019-03-18 18:23:52,btc,0.0,0.0,0,btc,0.0,0.0,0.0,14
1,[],26,[],2019-03-18 18:23:52,0.0,0.00000050,0.0000000000199069,6968193,2019-03-18 18:23:52,btc,0.0,0.0,0.00000050,btc,0.0,0.0,0.0,14
0,[],4,[],2019-03-18 18:23:54,0.0,0,0,6968194,2019-03-18 18:23:54,,0.0,0.0,0,,0.0,0.0,0.0,15
,[],12,[],2018-12-01 15:15:48,204241.84496,0.00000489,0.000000000202473384,5260204,2018-12-01 15:15:48,btc,49.5475654835,0.0,,btc,35763.2193806,0.0163153972027625,0.0203389899998,15
0,[],2,[],2019-01-20 23:23:38,0.0,0,0,6476906,2019-01-20 23:23:38,,0.0,0.0,0,,0.0,0.0,0.0,18
1,[],4,[],2019-03-18 18:23:55,75703.00697245,0.00001530,0.00000000060915114,6968195,2019-03-18 18:23:55,btc,2.1084551194041974,0.0,0.00001530,btc,18412.78562695,0.04313889,0.0682396003751706,18
1,[],10,[],2019-03-18 18:23:57,783623.61166555,0.00001494,0.000000000594818172,6968196,2019-03-18 18:23:57,btc,15.397272370176438,3983.94261274,0.00001494,btc,12876.46752746,0.0,0.1288839554743603,18
1,[],12,[],2019-03-18 18:23:58,338310.27362594,0.00001544999999999999945967700532012401026804582215845584869384765625,0.00000000061512321,6968197,2019-03-18 18:23:58,btc,33214.727823236346,0.0,0.00001544999999999999945967700532012401026804582215845584869384765625,btc,812.3600877,0.0086947338802033,0.0595038220334793,18
0,[],17,[],2019-03-18 18:24:00,0.0,0,0,6968198,2019-03-18 18:24:00,btc,0.0,0.0,0,btc,0.0,0.0,0.0,18
1,[],3,[],2019-03-18 18:35:56,119797.6207156881,0.00001830000000000000097183545932910675446692039258778095245361328125,0.0000000007282137300000001,6968362,2019-03-18 18:35:56,btc,0.6919407325489582,0.0,0.00001830000000000000097183545932910675446692039258778095245361328125,btc,15054.205445313173,0.0,0.04661833199876726,19
1,[],4,[],2019-03-18 18:35:57,223480.14433423,0.00001954,0.000000000777557174,6968363,2019-03-18 18:35:57,btc,2.0162228125747848,0.0,0.00001954,btc,71449.63767988,0.42226312,2.3526969297324327,19
1,[],5,[],2019-03-18 18:35:58,0.0,0,0,6968364,2019-03-18 18:35:58,btc,0.0,2.21e-06,0,btc,0.0,0.0,0.0,19
1,[],12,[],2019-03-18 18:35:59,193595.29664213,0.00002301000000000000161631992512401012618283857591450214385986328125,0.0000000009156392310000001,6968365,2019-03-18 18:35:59,btc,0.1801114370708644,0.0,0.00002301000000000000161631992512401012618283857591450214385986328125,btc,1354.38216938,0.0023933747954228,0.0519094980179846,19
0,[],27,[],2019-03-18 18:36:01,0.0,0,0,6968366,2019-03-18 18:36:01,,0.0,0.0,0,btc,0.0,0.0,0.0,19
0,[],2,[],2019-01-20 23:24:19,0.0,0,0,6476924,2019-01-20 23:24:19,,0.0,0.0,0,,0.0,0.0,0.0,19
1,[],4,[],2019-03-18 18:36:02,2831377.68725894,0.00000013,0.000000000005173103,6968367,2019-03-18 18:36:02,btc,7.380201587426975,0.0,0.00000013,btc,2861915.63183601,0.00127417,0.0847130666487597,20
0,[],17,[],2019-03-18 18:06:56,0.0,0,0,6967851,2019-03-18 18:06:56,btc,0.0,0.0,0,btc,0.0,0.0,0.0,21
1,[],4,[],2019-03-18 18:24:08,88205732.71693596,0.00000001,0.000000000000398138,6968205,2019-03-18 18:24:08,btc,39417.36354616193,0.0,0.00000001,btc,57973279.54791303,0.14261092,0.8820573271693596,21
1,[],12,[],2019-03-18 18:24:09,2175593.0,0.00000001,0.000000000000398138,6968206,2019-03-18 18:24:09,btc,2870.5375631702896,0.0,0.00000001,btc,2924523.51448551,1.38086913088e-05,0.02175593,21
1,[],12,[],2019-03-18 18:24:21,3180207604.0,0.0000000002,0.00000000000000796276,6968207,2019-03-18 18:24:21,btc,1951142.8819606483,0.0,0.0000000002,btc,1648453681.0489511,0.050733520285692106,0.3195707054,23
0,[],27,[],2019-03-18 18:24:23,0.0,0,0,6968208,2019-03-18 18:24:23,,13.9750273112066,0.0,0,eth,6313324.08723636,0.0,0.0,23
1,[],4,[],2019-03-18 18:24:24,673855.40081875,0.00000045,0.00000000001791621,6968209,2019-03-18 18:24:24,btc,9.713449019007141,0.0,0.00000045,btc,1611006.72609749,0.00637624,0.1699253520267986,24
1,[],22,[],2019-03-18 18:24:27,11.76,0.00000100,0.0000000000398138,6968210,2019-03-18 18:24:27,BTC,7.415e-05,0.0,0.00000100,BTC,23.919354838709676,0.0,1.176e-05,24
0.0,[],25,[],2019-03-18 18:24:28,0.0,0,0,6968211,2019-03-18 18:24:28,,0.0,0.0,0.0,btc,0.0,0.0,0.0,24
1,[],4,[],2019-03-18 18:24:29,28220031.2044802,0.00000723,0.000000000287853774,6968212,2019-03-18 18:24:29,btc,141.60658939417576,0.0,0.00000723,btc,264254.76215812,0.22217004,0.7018576772322255,26
1,[],10,[],2019-03-18 18:24:31,603102.01693441,0.00000543,0.000000000216188934,6968213,2019-03-18 18:24:31,btc,25.238707989551383,2140.96943828,0.00000543,btc,15115.03027449,0.0,0.145991635898837,26
0,[],2,[],2019-01-20 23:25:56,0.0,0,0,6476976,2019-01-20 23:25:56,,0.0,0.0,0,,0.0,0.0,0.0,26
1,[],3,[],2019-03-18 18:24:31,10183533.48184747,0.00000001,0.000000000000398138,6968214,2019-03-18 18:24:31,btc,2.0597466498556036,4818.059,0.00000001,btc,15878409.83068006,0.0,0.1018353348184747,27
1,[],5,[],2019-03-18 18:24:33,0.0,0,0,6968215,2019-03-18 18:24:33,btc,0.0,0.00034602,0,btc,0.0,0.0,0.0,27
1,[],11,[],2019-03-18 18:24:34,8483599.24590115,0.00000006,0.000000000002388828,6968216,2019-03-18 18:24:34,btc,67506.1891365516,10079.0,0.00000006,btc,7956117.08369704,0.0,0.4685351649180229,27
1,[],4,[],2019-03-18 18:24:36,2153737705.5394316,0.00000001,0.000000000000398138,6968217,2019-03-18 18:24:36,btc,3.3225120462206603,0.0,0.00000001,"btc,ltc",278244769.65803766,0.05715379,9.924037756758452,29
1,[],7,[],2019-03-18 18:24:43,35608182.13418711,0.00000001,0.000000000000398138,6968218,2019-03-18 18:24:43,btc,44461604.29819431,755.0,0.00000001,btc,52425034.42656505,0.0,0.3560818213418711,29
1,[],4,[],2019-03-18 18:24:44,4117317.42631564,0.00000017,0.0000000000067683460000000005,6968219,2019-03-18 18:24:44,btc,2.787510612512129,0.0,0.00000017,btc,2241679.26232259,0.00223854,0.1149231110774417,30
0,[],17,[],2019-03-18 18:13:25,0.0,0,0,6968033,2019-03-18 18:13:25,btc,0.0,0.0,0,btc,0.0,0.0,0.0,30
1,[],4,[],2019-03-18 18:24:56,213079.71528402,0.00006000,0.000000002388828,6968220,2019-03-18 18:24:56,btc,6.014424836229164,0.0,0.00006000,btc,63642.04441426,0.92288175,2.664210502001733,31
1,[],21,[],2019-03-18 18:24:56,59091.9537924,0.00005975999999999999704163727854,0.000000002379272688,6968221,2019-03-18 18:24:56,btc,8.0232169613172,310898.40717437,0.000059759999999999997041637278538672717331792227923870086669921875,btc,117386.66383204,18.81335137,3.2295627773338142,31
0,[],2,[],2019-01-20 23:28:43,0.0,0,0,6477009,2019-01-20 23:28:43,,0.0,0.0,0,,0.0,0.0,0.0,32
1,[],4,[],2019-03-18 18:24:57,402360491.9769453,0.00000004,0.000000000001592552,6968222,2019-03-18 18:24:57,btc,8.777518506949058,0.0,0.00000004,"btc,ltc",180116503.36444294,0.15876787,8.625161410944214,33
1,[],12,[],2019-03-18 18:24:59,30457772.99233333,0.00000004,0.000000000001592552,6968223,2019-03-18 18:24:59,btc,4127602.5776925404,0.0,0.00000004,btc,23409035.89423076,0.0494267448588913,0.7216206967199998,33
1,[],4,[],2019-03-18 18:25:00,89959402.61217007,0.00000001,0.000000000000398138,6968224,2019-03-18 18:25:00,btc,3.226032592049121,0.0,0.00000001,btc,102830935.04310039,0.00207907,0.8995940261217007,34
1,[],5,[],2019-03-18 18:25:01,0.0,0,0,6968225,2019-03-18 18:25:01,btc,0.0,0.05304968,0,btc,0.0,0.0,0.0,34
0.0000000001481429,[],4,[],2019-03-18 18:25:03,5089340965.398448,1.4814290000000002e-18,5.89813179202e-23,6968226,2019-03-18 18:25:03,ltc,4.963801167141467e-08,0.0,0.00000001,ltc,6359323714.516047,0.0,7.539497297029257e-09,36
1,[],5,[],2019-03-18 18:25:04,0.0,0,0,6968227,2019-03-18 18:25:04,btc,0.0,0.0,0,btc,0.0,0.0,0.0,36
0.000000000345822,[],27,[],2019-03-18 18:25:10,992184.46325,3.45822e-18,1.37684879436e-22,6968228,2019-03-18 18:25:10,eth,223.74879145924785,5815.7,0.00000001,"ltc,eth",12165384.61058689,8.615991064000001e-15,1.469851159919115e-12,36
0,[],17,[],2019-03-18 18:13:46,0.0,0,0,6968042,2019-03-18 18:13:46,btc,0.14155809404650171,0.0,0,btc,10794800.77743647,0.0,0.0,36
1,[],4,[],2019-03-18 15:47:37,187422.74659501,0.00000059,0.000000000023476631000000003,6966099,2019-03-18 15:47:37,btc,19772.471642210516,0.0,0.00000059,btc,590386.20471469,0.02012727,0.0706604724745266,37
1,[],12,[],2019-03-18 15:47:39,549303.87319944,0.00000059,0.000000000023476631,6966100,2019-03-18 15:47:39,btc,21.747288604327178,0.0,0.00000059,btc,485316.22657649,0.0388394912534359,0.212631396412483,37
1,[],17,[],2019-03-18 15:47:40,1752.74075282,0.00000025,0.000000000009947725,6966101,2019-03-18 15:47:40,btc,0.055484923986580746,0.0,0.00000025,btc,1387.19918473,0.0,0.00043818518820499993,37
1,[],27,[],2019-03-18 15:47:42,14685.567,0.00000045,0.000000000017905905,6966102,2019-03-18 15:47:42,btc,24.25536383611233,0.0,0.00000045,btc,6518.38138508,0.0,0.00480032515,37
1,[],5,[],2019-03-18 18:25:11,0.0,0,0,6968229,2019-03-18 18:25:11,btc,0.0,0.06929292,0,btc,0.0,0.0,0.0,42
1,[],12,[],2019-03-18 18:25:13,255753.72784772,0.00000089,0.000000000035434282,6968230,2019-03-18 18:25:13,btc,5.57988049662387,0.0,0.00000089,btc,29452.99224678,0.0148972400884771,0.0178800499999944,42
0.000000000345822,[],27,[],2019-03-18 18:25:15,22000.0,4.149864e-17,1.6522185532320002e-21,6968231,2019-03-18 18:25:15,eth,0.00315028,0.0,0.00000012,"btc,eth",11.007,0.0,8.368892400000001e-13,42
0,[],17,[],2019-03-18 18:07:32,0.0,0,0,6967878,2019-03-18 18:07:32,btc,0.0,0.0,0,btc,0.0,0.0,0.0,43
1,[],5,[],2019-03-18 18:25:17,0.0,0,0,6968232,2019-03-18 18:25:17,btc,0.0,0.000157,0,btc,0.0,0.0,0.0,43
1,[],12,[],2019-03-13 09:13:29,1112112.0,0.00000001,0.000000000000386531,6919902,2019-03-13 09:13:29,btc,29058.00478931866,0.0,0.00000001,btc,5967681.93306694,9.99000999e-07,0.01112112,43
1,[],12,[],2019-03-05 01:54:08,639326.02,0.00000004,0.000000000001486676,6845775,2019-03-05 01:54:08,btc,11116042.728239931,0.0,0.00000004,btc,1103841.4595604,0.0003330765234764,0.014975410599999999,44
1,[],4,[],2019-03-18 18:25:19,298312773.89737284,0.00000002,0.000000000000796276,6968233,2019-03-18 18:25:19,btc,501.8435283895062,0.0,0.00000002,"btc,ltc",16824403.24219975,0.00504616,0.28392044691253265,49
0.0000000001481429,[],4,[],2019-03-18 18:25:20,505561308.62466913,1.4814290000000002e-18,5.89813179202e-23,6968234,2019-03-18 18:25:20,ltc,25.901654674280916,0.0,0.00000001,ltc,8614125116.009727,0.0,7.489531838745351e-10,52
0,[],22,[],2019-03-18 18:25:22,0.0,0,0,6968235,2019-03-18 18:25:22,,4428.59026215,0.0,0,,305937213.5359664,0.0,0.0,57
0.000000000345822,[],27,[],2019-03-18 18:25:25,2000.0,3.45822e-18,1.37684879436e-22,6968236,2019-03-18 18:25:25,eth,0.0,0.0,0.00000001,"btc,eth",0.0,0.0,6.91644e-15,57
0.0000000001481429,[],4,[],2019-03-18 18:25:25,751123760.9328182,2.9628580000000003e-18,1.179626358404e-22,6968237,2019-03-18 18:25:25,ltc,18.657617376811732,0.0,0.00000002,ltc,4663894118.967522,0.0,1.664830325633633e-09,58
1,[],12,[],2019-03-18 18:25:27,1432565703.0,0.0000000003,0.00000000000001194414,6968238,2019-03-18 18:25:27,btc,4265309.709889023,0.0,0.0000000003,btc,1611215374.2197802,0.002314682570429516,0.368093805,58
0,[],17,[],2019-03-18 18:25:29,0.0,0,0,6968239,2019-03-18 18:25:29,btc,1e+24,0.0,0,btc,49306342.21952568,0.0,0.0,58
0.0000000001303654,[],22,[],2019-03-18 18:25:32,137438.0,1.303654e-18,5.19034196252e-23,6968240,2019-03-18 18:25:32,XMR,69.1795942,0.0,0.00000001,XMR,9887963.0,0.0,0.00137438,58
1,[],5,[],2019-03-18 18:25:33,0.0,0,0,6968241,2019-03-18 18:25:33,btc,0.0,0.02721271,0,btc,0.0,0.0,0.0,61
1,[],22,[],2019-03-18 18:25:36,13656.0,0.00000012,0.000000000004777656,6968242,2019-03-18 18:25:36,BTC,1002.2960049,0.0,0.00000012,BTC,14976.68361146909,0.0,0.00153775,61
1,[],26,[],2019-03-18 18:25:36,0.0,0.00000800,0.0000000003185104,6968243,2019-03-18 18:25:36,btc,0.0,0.0,0.00000800,btc,0.0,0.0,0.0,61
1,[],27,[],2019-03-18 18:25:39,2058.72798,0.00000047,0.000000000018712486,6968244,2019-03-18 18:25:39,btc,2.884958570314132,159.84,0.00000047,"btc,eth",19782.59257617,7.512e-05,0.0001608151935087722,61
1,[],28,[],2019-03-18 18:25:41,13880.304,0.0000005,0.0000000000199069,6968245,2019-03-18 18:25:41,btc,2.056312978300105,803.0,0.0000005,btc,9730.59500005,0.0,0.00566391304,61
1,[],4,[],2019-03-18 18:25:42,1373960.2637801,0.00000270,0.00000000010749726000000001,6968246,2019-03-18 18:25:42,btc,9.350011111949522,0.0,0.00000270,btc,731426.15018963,1.18674337,1.231015743047704,67
0.0,[],25,[],2019-03-18 18:25:43,0.0,0,0,6968247,2019-03-18 18:25:43,,0.0,0.0,0.0,btc,0.0,0.0,0.0,67
1,[],12,[],2019-03-18 18:25:44,1216913.63495845,0.00000014,0.000000000005573932000000001,6968248,2019-03-18 18:25:44,btc,1111615.2291905952,0.0,0.00000014,btc,976197.3581329,0.000872525704296,0.0847296641918149,71
,[],5,[],2018-11-20 23:02:39,1.5e-07,0.00000005,0.000000000002128045,4862160,2018-11-20 23:02:39,btc,2.84511358,0.0,,btc,0.00036572,0.0,0.07381892,74
1,[],5,[],2019-03-18 18:25:46,0.0,0,0,6968249,2019-03-18 18:25:46,btc,0.0,0.0,0,btc,0.0,0.0,0.0,75
0,[],20,[],2019-01-25 09:30:31,0.0,0,0,6495923,2019-01-25 09:30:31,btc,0.0,0.0,0,btc,0.0,0.0,0.0,81
1,[],4,[],2019-03-18 18:25:47,13382103.94481309,0.00000001,0.000000000000398138,6968250,2019-03-18 18:25:47,btc,11370.01882265495,0.0,0.00000001,btc,39916337.06932191,0.00062383,0.1338210394481309,81
1,[],4,[],2019-03-18 18:25:52,23551.18123453,0.00007973,0.0000000031743542740000003,6968251,2019-03-18 18:25:52,btc,17.93639709294357,0.0,0.00007973,btc,12361.67209213,0.00691848,0.0747037050823545,82
1,[],21,[],2019-03-18 18:25:53,911439.31919485,0.00007554999999999999324602761863,0.0000000030079325899999997,6968252,2019-03-18 18:25:53,btc,2.6757152538453917,12599.70976909,0.00007554999999999999324602761863189925861661322414875030517578125,btc,29857.80231167,0.96674337,3.1124561287145127,82
0,[],17,[],2019-03-18 18:14:48,0.0,0,0,6968065,2019-03-18 18:14:48,btc,0.0447233088476774,0.0,0,btc,999127.19588126,0.0,0.0,84
0.0000000001481429,[],4,[],2019-03-18 18:26:05,149291050.4678183,4.4442870000000005e-18,1.7694395376060002e-22,6968253,2019-03-18 18:26:05,ltc,1.6750569608169183,0.0,0.00000003,ltc,386725688.9596393,0.00123456,3.220221853759358e-10,85
,[],22,[],2018-11-20 23:09:34,3408.1,0.0000001,0.0000000000041895,4862324,2018-11-20 23:09:34,BTC,0.04624735,0.0,,BTC,4990.0,0.0,0.00033081,86
1,[],22,[],2019-03-18 18:26:08,111869.83333333333,0.00000006,0.000000000002388828,6968254,2019-03-18 18:26:08,BTC,2.07824106,0.0,0.00000006,BTC,165278.94736842104,0.0,0.00185219,87
1,[],27,[],2019-03-18 18:26:10,50.0,0.00000001,0.000000000000398138,6968255,2019-03-18 18:26:10,btc,5.061790002021791,0.0,0.00000001,btc,27725.90385964,0.0,5e-07,87
,[],2,[],2018-11-20 23:10:47,0.0,0,0,4862359,2018-11-20 23:10:47,,0.0,0.0,,,0.0,0.0,0.0,88
1,[],11,[],2019-03-18 18:26:13,105948.43074055,0.00015016000000000001243262437444769830108270980417728424072265625,0.000000005978440208000001,6968256,2019-03-18 18:26:13,btc,612.1522928078572,8161.20356222,0.00015016000000000001243262437444769830108270980417728424072265625,btc,101052.63317274,0.0,8.210210433063915,89
0,[],2,[],2019-01-20 23:31:45,0.0,0,0,6477083,2019-01-20 23:31:45,,0.0,0.0,0,,0.0,0.0,0.0,91
1,[],12,[],2019-03-18 18:26:14,312936.96295595,0.00000091,0.000000000036230558,6968257,2019-03-18 18:26:14,btc,58.444229986124384,0.0,0.00000091,btc,88704.5830187,0.0002235406593412,0.0315361835852575,91
0,[],17,[],2019-03-18 18:26:26,0.0,0,0,6968258,2019-03-18 18:26:26,btc,0.0,0.0,0,btc,0.0,0.0,0.0,91
1,[],22,[],2019-03-18 18:26:36,65900.0,0.00000001,0.000000000000398138,6968259,2019-03-18 18:26:36,BTC,3e-06,0.0,0.00000001,BTC,1.0,0.0,0.000659,91
0.0000000001481429,[],22,[],2019-03-18 18:26:41,24500000.0,8.888574000000001e-18,3.5388790752120003e-22,6968260,2019-03-18 18:26:41,LTC,3.43618784,0.0,0.00000006,LTC,46700566.95714286,0.0,0.58,95
0,[],17,[],2019-03-18 18:15:05,0.0,0,0,6968073,2019-03-18 18:15:05,btc,0.0,0.0,0,btc,0.0,0.0,0.0,96
0.0000000001481429,[],4,[],2019-03-18 18:26:42,543005871.4588805,6.666430500000001e-17,2.6541593064090004e-21,6968261,2019-03-18 18:26:42,ltc,11.878918696003744,0.0,0.00000045,ltc,134434292.09667292,0.0001203,1.2841656045492712e-09,96
0,[],12,[],2019-03-18 18:26:44,0.0,0,0,6968262,2019-03-18 18:26:44,btc,20.929211384735265,0.0,0,btc,3213526.47352644,2.08791208792e-05,0.0,96
1,[],4,[],2019-03-18 18:26:46,3982643.77748039,0.00000051,0.000000000020305038,6968263,2019-03-18 18:26:46,btc,5.935535349328093,0.0,0.00000051,btc,3092335.42621806,0.42739207,0.7888820146927927,99
0,[],2,[],2019-01-20 23:23:55,0.0,0,0,6476914,2019-01-20 23:23:55,,0.0,0.0,0,,0.0,0.0,0.0,100
1,[],4,[],2019-03-18 18:26:47,294972.98377993,0.00003621,0.0000000014416576980000002,6968264,2019-03-18 18:26:47,btc,12.353344972433216,0.0,0.00003621,btc,184090.07468872,1.00904524,1.5111164916688806,100
1,[],22,[],2019-03-18 18:26:50,120000.0,0.00000002,0.000000000000796276,6968265,2019-03-18 18:26:50,BTC,24.82891609,0.0,0.00000002,BTC,11877.22,0.0,0.0014,101
1,[],4,[],2019-03-18 18:26:51,1250928.86520112,0.00000094,0.000000000037424972,6968266,2019-03-18 18:26:51,btc,292.60303770238664,0.0,0.00000094,btc,567159.45421532,0.01899704,0.2070679420470846,103
1,[],12,[],2019-03-18 18:26:54,33345929.0,0.000000007,0.0000000000002786966,6968267,2019-03-18 18:26:54,btc,3219028.6763188364,0.0,0.000000007,btc,67135871.20220777,0.02428853635681415,0.050741044,105
0,[],27,[],2019-03-18 18:26:57,0.0,0,0,6968268,2019-03-18 18:26:57,,36.61213037936601,0.0,0,btc,1531551.60039724,0.0,0.0,105
1,[],22,[],2019-03-18 18:15:21,9328.0,0.00000001,0.00000000000039819,6968080,2019-03-18 18:15:21,BTC,51.10837004,0.0,0.00000001,BTC,470435.0,0.0,9.328e-05,107
1,[],26,[],2019-03-18 18:15:21,0.0,0.00000000,0,6968081,2019-03-18 18:15:21,btc,0.0,0.0,0.00000000,btc,0.0,0.0,0.0,107
1,[],5,[],2019-03-18 18:26:58,0.0,0,0,6968269,2019-03-18 18:26:58,btc,0.0,0.00223848,0,btc,0.0,0.0,0.0,112
1,[],22,[],2019-03-18 18:27:56,1966.0,0.00000001,0.000000000000398138,6968270,2019-03-18 18:27:56,BTC,2.7794366,0.0,0.00000001,BTC,826409.0833333334,0.0,1.966e-05,112
0.000000000345822,[],27,[],2019-03-18 18:27:59,2000.0,3.45822e-18,1.37684879436e-22,6968271,2019-03-18 18:27:59,eth,1.24996908,0.0,0.00000001,"btc,eth",1289.0,0.0,6.91644e-15,112
1,[],4,[],2019-03-18 18:28:00,792532.36462125,0.00000193,0.00000000007684063400000001,6968272,2019-03-18 18:28:00,btc,4.32090906103424,0.0,0.00000193,btc,410686.5263809,0.13490424,0.7953193333356678,113
1,[],5,[],2019-03-18 18:28:02,0.0,0,0,6968273,2019-03-18 18:28:02,btc,0.0,0.0,0,btc,0.0,0.0,0.0,113
1,[],17,[],2019-03-18 18:28:03,152738.278,0.00000004,0.000000000001592552,6968274,2019-03-18 18:28:03,btc,1.33680302678,0.0,0.00000004,btc,50696.221,0.0,0.0022095311199999998,116
0,[],27,[],2019-03-18 18:28:05,0.0,0,0,6968275,2019-03-18 18:28:05,,0.0,0.0,0,btc,0.0,0.0,0.0,116
1,[],4,[],2019-03-18 18:28:06,63140.05989389,0.00004116,0.000000001638736008,6968276,2019-03-18 18:28:06,btc,103.08972523332744,0.0,0.00004116,btc,47767.72972802,0.33967216,1.1841267719389204,120
1,[],7,[],2019-03-18 18:28:08,23166.57185908,0.00002801000000000000117830224743986633484382764436304569244384765625,0.0000000011151845380000001,6968277,2019-03-18 18:28:08,btc,115651.27473432754,0.0,0.00002801000000000000117830224743986633484382764436304569244384765625,btc,27816.70457454,0.0,0.0579318204138464,120
1,[],20,[],2019-03-18 18:28:11,1562430.1285,0.000000034,0.0000000000013536692,6968278,2019-03-18 18:28:11,btc,32.3019190406648,9355.159,0.000000034,btc,1028084.0986,0.000318075406,0.0118051535596,125
1,[],22,[],2019-03-18 18:29:28,3053.0,0.00000001,0.000000000000398138,6968279,2019-03-18 18:29:28,BTC,0.01444887,0.0,0.00000001,BTC,296263.5111111111,0.0,3.053e-05,126
0,[],2,[],2019-01-20 23:25:46,0.0,0,0,6476969,2019-01-20 23:25:46,,0.0,0.0,0,,0.0,0.0,0.0,131
1,[],4,[],2019-03-18 18:29:29,1302828.23651961,0.00001121,0.00000000044631269800000003,6968280,2019-03-18 18:29:29,btc,3.0148944169940814,0.0,0.00001121,btc,125730.39414825,0.10514407,0.4825738058465476,131
0,[],17,[],2019-03-18 18:29:40,0.0,0,0,6968281,2019-03-18 18:29:40,btc,0.0953976503951408,0.0,0,btc,5037.62507334,0.0,0.0,131
1,[],4,[],2019-03-18 18:29:42,4580.2861748,0.00025556,0.000000010174814728,6968282,2019-03-18 18:29:42,btc,0.5243819944450135,0.0,0.00025556,btc,191.55119446,0.00446606,0.0138432457716874,135
1,[],3,[],2019-03-07 00:20:44,877702.73244099,0.00000004,0.00000000000154846,6863392,2019-03-07 00:20:44,btc,0.119366241821405,0.0,0.00000004,btc,760637.99421222,0.0,0.023771231960604298,136
1,[],4,[],2019-03-18 18:29:44,265983.49816598,0.00000127,0.000000000050563526000000004,6968283,2019-03-18 18:29:44,btc,38.76431097298144,0.0,0.00000127,btc,578275.68939612,0.14627719,0.2464662681397261,137
1,[],12,[],2019-03-18 18:29:45,170669.9795781,0.00000119999999999999994569773419106351042273672646842896938323974609375,0.00000000004777656,6968284,2019-03-18 18:29:45,btc,37.49954597018544,0.0,0.00000119999999999999994569773419106351042273672646842896938323974609375,btc,5296.32065971,0.0046046138154677,0.0104412599999181,137
1,[],4,[],2019-03-18 18:29:47,42746.69319684,0.00003750,0.0000000014930175000000001,6968285,2019-03-18 18:29:47,btc,28.852380655172336,0.0,0.00003750,btc,52603.61669773,0.4183027,0.5422910651578609,142
1,[],5,[],2019-03-18 18:29:49,0.0,0,0,6968286,2019-03-18 18:29:49,btc,0.0,0.16852888,0,btc,0.0,0.0,0.0,142
1,[],17,[],2019-03-18 18:29:50,22967.386363640002,0.00000088,0.000000000035036144000000006,6968287,2019-03-18 18:29:50,btc,20.06991335271821,0.0,0.00000088,btc,2746.079105,0.0,0.0104613000000032,142
1,[],20,[],2019-03-18 18:29:52,149083.428,0.000032001,0.0000000012740814138,6968288,2019-03-18 18:29:52,btc,0.3359263738872,3.2093,0.000032001,btc,2242.1771,9.6516995e-05,0.3127570519104,142
1,[],22,[],2019-03-18 18:30:30,1470.2803921568627,0.00001020,0.00000000040610076,6968289,2019-03-18 18:30:30,BTC,3.0054103,0.0,0.00001020,BTC,910.5995,0.0,0.00121106,142
0.0,[],25,[],2019-03-18 18:30:32,0.0,0,0,6968290,2019-03-18 18:30:32,,0.0,0.0,0.0,btc,0.0,0.0,0.0,142
1,[],28,[],2019-03-18 18:30:38,82318.0,0.00001400,0.0000000005573932000000001,6968291,2019-03-18 18:30:38,btc,0.0598892044,956.1636,0.00001400,btc,406.39693,0.0,0.07022398,142
0,[],22,[],2019-03-18 18:30:52,0.0,0,0,6968292,2019-03-18 18:30:52,,65.73454167,0.0,0,,1043215670.8,0.0,0.0,143
0,[],22,[],2019-02-25 15:42:22,0.0,0,0,6783783,2019-02-25 15:42:22,,4.2131946,0.0,0,,2322156.0,0.0,0.0,146
,[],22,[],2018-11-20 23:01:11,0.0,0,0,4862114,2018-11-20 23:01:11,,2.56807021,0.0,,,61828.4988236,0.0,0.0,147
1,[],12,[],2019-03-18 18:30:54,343536.35496526,0.000002120000000000000031120939159023919273749925196170806884765625,0.00000000008440525600000001,6968293,2019-03-18 18:30:54,btc,9.691141436081605,0.0,0.000002120000000000000031120939159023919273749925196170806884765625,btc,108329.52426484,0.0014051830769232,0.14666083716384978,148
1,[],4,[],2019-03-18 14:38:26,266824.85382063,0.00000030,0.00000000001193823,6964858,2019-03-18 14:38:26,btc,218.95563091013318,0.0,0.00000030,btc,801811.42486661,0.00142141,0.0643635474147626,152
0,[],22,[],2019-03-18 14:38:29,0.0,0,0,6964859,2019-03-18 14:38:29,,0.0,0.0,0,,0.0,0.0,0.0,152
1,[],5,[],2019-03-18 18:30:56,0.0,0,0,6968294,2019-03-18 18:30:56,btc,0.0,0.0,0,btc,0.0,0.0,0.0,153
,[],16,[],2019-01-11 15:38:59,0.0,0,0,6366141,2019-01-11 15:38:59,btc,0.0,0.0,,btc,0.0,0.0,0.0,155
0,[],23,[],2019-01-20 23:24:29,0.0,0,0,6476932,2019-01-20 23:24:29,,0.0,0.0,0,,0.0,0.0,0.0,156
0,[],22,[],2019-03-18 18:31:45,0.0,0,0,6968295,2019-03-18 18:31:45,,6.74640151,0.0,0,,4675792.242592593,0.0,0.0,156
1,[],22,[],2019-03-18 18:32:07,7073.8,0.00005300,0.0000000021101314,6968296,2019-03-18 18:32:07,BTC,1.79802465,0.0,0.00005300,BTC,802.6461988741639,0.0,0.00104336,157
0,[],22,[],2019-03-18 18:32:10,0.0,0,0,6968297,2019-03-18 18:32:10,,50175.67608608,0.0,0,,54079135.04179466,0.0,0.0,158
,[],17,[],2018-11-20 22:56:10,0.0,0,0,4861976,2018-11-20 22:56:10,btc,1.1265625,0.0,,btc,1000.0,0.0,0.0,159
,[],20,[],2018-11-20 22:56:12,0.0,0,0,4861977,2018-11-20 22:56:12,btc,11912.7940471,0.0,,btc,34413894.3617,0.0,0.0,159
1,[],12,[],2019-03-18 18:32:11,236014.0281774,0.0000073499999999999999320964179372328572981132310815155506134033203125,0.00000000029263143,6968298,2019-03-18 18:32:11,btc,12.666976261931964,0.0,0.0000073499999999999999320964179372328572981132310815155506134033203125,btc,7854.95334372,0.0019692901342101,0.1218316644997194,168
1,[],17,[],2019-03-18 18:32:23,29784.95,0.000001,0.0000000000398138,6968299,2019-03-18 18:32:23,btc,0.03026736251542,0.0,0.000001,btc,144.46171372,0.0,0.00716147,168
0,[],22,[],2019-03-18 18:16:22,0.0,0,0,6968112,2019-03-18 18:16:22,,45.65713776,0.0,0,,516897.19471078104,0.0,0.0,169
1,[],22,[],2019-03-18 18:32:56,199055.14285714287,0.00000007,0.0000000000027869660000000003,6968300,2019-03-18 18:32:56,BTC,14.35309206,0.0,0.00000007,BTC,170481.20365968585,4.171e-05,0.00215941,171
1,[],22,[],2019-03-18 18:33:06,237722.0,0.0000001,0.0000000000039813800000000006,6968301,2019-03-18 18:33:06,BTC,2.03198176,0.0,0.0000001,"BTC,LTC",274823.3745229191,0.02468906,0.01172498,173
1,[],5,[],2019-03-18 18:33:08,0.0,0,0,6968302,2019-03-18 18:33:08,btc,0.0,0.00291856,0,btc,0.0,0.0,0.0,175
1,[],22,[],2019-03-18 18:33:13,133183.2,0.00000011,0.000000000004379518,6968303,2019-03-18 18:33:13,BTC,0.6265795,0.0,0.00000011,BTC,151921.20308941446,0.0006857,0.01140555,176
0,[],2,[],2019-01-20 23:28:34,0.0,0,0,6477001,2019-01-20 23:28:34,,0.0,0.0,0,,0.0,0.0,0.0,178
1,[],7,[],2019-03-18 18:33:14,8257215.32339492,0.00000001,0.000000000000398138,6968304,2019-03-18 18:33:14,btc,410193.903866363,73135008.7157,0.00000001,btc,33472625.085324842,0.74366664,0.0825721532339492,178
0,[],22,[],2019-03-18 18:33:23,0.0,0,0,6968305,2019-03-18 18:33:23,,1.00242438,0.0,0,,57522.0,0.0,0.0,178
0,[],23,[],2019-01-20 23:25:08,0.0,0,0,6476952,2019-01-20 23:25:08,,0.0,0.0,0,,0.0,0.0,0.0,179
1,[],5,[],2019-03-18 18:33:26,0.0,0,0,6968306,2019-03-18 18:33:26,btc,0.0,0.11821703,0,btc,0.0,0.0,0.0,179
1,[],22,[],2019-03-18 18:33:29,6704665.0,0.00000002,0.000000000000796276,6968307,2019-03-18 18:33:29,BTC,5.63218152,0.0,0.00000002,"BTC,LTC",17390276.489868753,0.00238434,0.36903402,179
1,[],17,[],2019-03-18 18:10:33,10504.725,0.0000001,0.00000000000398146,6967949,2019-03-18 18:10:33,btc,5.2010695838170005,0.0,0.0000001,btc,4994.45945,0.0,0.0010504725,180
1,[],22,[],2019-03-18 18:33:44,665304.7090909091,0.00000130,0.000000000051757940000000004,6968308,2019-03-18 18:33:44,BTC,38.01108607,0.0,0.00000130,"BTC,LTC",109886.43521133099,0.00147204,0.57039738,180
1,[],26,[],2019-03-18 18:33:44,0.0,0.00000125,0.00000000004976725,6968309,2019-03-18 18:33:44,btc,0.0,0.0,0.00000125,btc,0.0,0.0,0.0,180
,[],7,[],2018-11-20 22:58:01,562227.975654,0.00000085,0.000000000036176765,4862015,2018-11-20 22:58:01,btc,21836.6059674,2491.87645172,,btc,749999.041456,0.00211021,0.127565380455,183
,[],5,[],2019-01-10 08:11:41,0.0,0,0,6347036,2019-01-10 08:11:41,btc,82.15055501,0.00261,,btc,1.19002445,0.0,0.0,187
,[],17,[],2018-11-16 20:58:10,4062536.27273,0.00000001,0.000000000000550501,4708775,2018-11-16 20:58:10,btc,3.36492563466,0.195460381006,,"btc,eth",110697919.549,0.0,0.0157628953496,187
1,[],24,[],2019-03-18 18:33:44,0.0,0.000000000001,3.98138e-17,6968310,2019-03-18 18:33:44,btc,0.0,0.0,0.000000000001,btc,0.0,0.0,0.0,187
1,[],22,[],2019-03-18 18:17:00,13812.0,0.00000001,0.00000000000039819,6968124,2019-03-18 18:17:00,BTC,7.56699454,0.0,0.00000001,BTC,79361.7243344055,0.0,0.00013812,191
0,[],22,[],2019-03-18 18:33:48,0.0,0,0,6968311,2019-03-18 18:33:48,,0.0,0.0,0,,0.0,0.0,0.0,197
0,[],23,[],2019-01-20 23:31:41,0.0,0,0,6477079,2019-01-20 23:31:41,,0.0,0.0,0,,0.0,0.0,0.0,199
0,[],22,[],2019-03-18 18:33:50,0.0,0,0,6968312,2019-03-18 18:33:50,,5.2941966,0.0,0,,24038399.0,0.0,0.0,199
1,[],26,[],2019-03-18 18:33:50,0.0,0.00000000,0,6968313,2019-03-18 18:33:50,btc,0.0,131449.0,0.00000000,btc,0.0,0.0,0.0,199
0,[],2,[],2019-01-20 23:30:49,0.0,0,0,6477059,2019-01-20 23:30:49,,0.0,0.0,0,,0.0,0.0,0.0,201
1,[],4,[],2019-01-25 15:51:35,2084389.58565343,0.00000936,0.000000000333526752,6499557,2019-01-25 15:51:35,btc,2.0092503037378524,0.0,0.00000936,btc,160195.80207885,0.19272417,1.242687955921835,211
1,[],7,[],2019-03-18 18:19:17,3985000.70303385,0.0000010600000000000000155604695795119596368749625980854034423828125,0.00000000004220814,6968126,2019-03-18 18:19:17,btc,15476711.9446766,672470.374777,0.0000010600000000000000155604695795119596368749625980854034423828125,btc,13672727.23108635,0.0,3.088960792554375,212
1,[],12,[],2019-01-25 02:44:32,207462.42853209,0.000001080000000000000035831255497387193287295303889550268650054931640625,0.000000000038610756000000006,6493050,2019-01-25 02:44:32,btc,85023.03793723314,0.0,0.000001080000000000000035831255497387193287295303889550268650054931640625,btc,43675.73520027,0.000146250909087,0.0348620860622024,213
1,[],5,[],2019-03-18 18:33:54,0.0,0,0,6968314,2019-03-18 18:33:54,btc,0.0,0.06646336,0,btc,0.0,0.0,0.0,213
1,[],24,[],2019-03-18 18:33:54,0.0,0.000000220000,0.000000000008759036,6968315,2019-03-18 18:33:54,btc,0.0,0.0,0.000000220000,btc,0.0,0.0,0.0,213
1,[],26,[],2019-03-18 18:33:55,0.0,0.00000040,0.000000000015925520000000002,6968316,2019-03-18 18:33:55,btc,0.0,0.0,0.00000040,btc,0.0,0.0,0.0,213
1,[],22,[],2019-03-18 18:33:58,25000.0,0.00000001,0.000000000000398138,6968317,2019-03-18 18:33:58,BTC,2.28287774,0.0,0.00000001,BTC,570573.3963726171,0.0,0.00025,216
1,[],27,[],2019-03-18 18:34:00,1233122.0,0.00000003,0.000000000001194414,6968318,2019-03-18 18:34:00,btc,316.9775071147724,0.0,0.00000003,"btc,ltc",239299.924324,0.0,0.03375764000007407,216
1,[],22,[],2019-03-18 18:34:04,171207.3620689655,0.00000139,0.000000000055341182000000003,6968319,2019-03-18 18:34:04,BTC,12543.63926437,0.0,0.00000139,BTC,446580.0266742655,0.01399194,0.15447635,217
1,[],7,[],2019-03-18 18:34:04,0.0,0,0,6968320,2019-03-18 18:34:04,btc,77969.37657097446,0.0,0,btc,136311624.2426053,0.0,0.0,219
0,[],27,[],2019-03-18 18:34:07,0.0,0,0,6968321,2019-03-18 18:34:07,,0.03997288,0.0,0,btc,2007233.0,0.0,0.0,219
0.0000000000000052,[],28,[],2019-03-18 18:34:14,170722989.525,2.6e-18,1.0351588e-22,6968322,2019-03-18 18:34:14,doge,117038.46072123502,35416.468,0.00050000,"btc,doge",9203399.80861,0.0,1.735449385700524e-11,219
1,[],22,[],2019-03-18 18:34:17,405411.0,0.00000008,0.000000000003185104,6968323,2019-03-18 18:34:17,BTC,18.11764433,0.0,0.00000008,BTC,97180.74459740352,0.0,0.01918633,221
1,[],24,[],2019-03-18 18:34:17,0.0,0.000000200000,0.000000000007962760000000001,6968324,2019-03-18 18:34:17,btc,0.0,0.0,0.000000200000,btc,0.0,0.0,0.0,221
1,[],20,[],2019-03-18 18:34:19,45760647.862,0.00000001,0.000000000000398138,6968325,2019-03-18 18:34:19,btc,506.0499066920088,3216248.0425,0.00000001,btc,18001028.7433,0.0320686582166,0.0612670910892,224
0,[],22,[],2019-03-18 18:34:22,0.0,0,0,6968326,2019-03-18 18:34:22,,0.0,0.0,0,,0.0,0.0,0.0,224
1,[],26,[],2019-03-18 18:34:22,0.0,0.00000022,0.000000000008759036,6968327,2019-03-18 18:34:22,btc,0.0,0.0,0.00000022,btc,0.0,0.0,0.0,231
1,[],26,[],2019-03-18 18:34:22,0.0,0.00000005,0.0000000000019906900000000003,6968328,2019-03-18 18:34:22,btc,0.0,200.0,0.00000005,btc,0.0,0.0,0.0,234
0.000000000345822,[],27,[],2019-03-18 18:34:24,2000.0,3.45822e-18,1.37684879436e-22,6968329,2019-03-18 18:34:24,eth,0.01134836604,0.0,0.00000001,"btc,eth",11462.996,0.0,6.91644e-15,234
1,[],4,[],2019-03-18 18:34:26,987989.05165436,0.00000118,0.000000000046980284000000005,6968330,2019-03-18 18:34:26,btc,4.2754169324011535,0.0,0.00000118,btc,1010575.64561557,0.25436949,0.435276525881792,236
1,[],24,[],2019-03-18 18:34:26,0.0,0.000000500000,0.0000000000199069,6968331,2019-03-18 18:34:26,btc,0.0,0.0,0.000000500000,btc,0.0,0.0,0.0,236
1,[],20,[],2019-03-18 18:34:28,218265679.7002,0.000000043,0.0000000000017119934,6968332,2019-03-18 18:34:28,btc,94.291355507191,6104185.6211,0.000000043,btc,30879430.7654,0.2786305546388,0.3844274175716,237
0.0000000001481429,[],22,[],2019-03-18 18:34:31,751594.9,2.5184293e-17,1.0026824046434001e-21,6968333,2019-03-18 18:34:31,LTC,1.20370855,0.0,0.00000017,LTC,18673.0,0.0,0.12541949,237
1,[],4,[],2019-03-18 18:34:32,10850429.73575102,0.00000037,0.000000000014731106,6968334,2019-03-18 18:34:32,btc,5.584735055039975,0.0,0.00000037,btc,7894660.0280844,0.71478977,3.099738378142795,238
1,[],5,[],2019-03-18 18:34:33,0.0,0,0,6968335,2019-03-18 18:34:33,btc,0.0,0.14877708,0,btc,0.0,0.0,0.0,238
0,[],22,[],2019-03-12 16:49:32,0.0,0,0,6914458,2019-03-12 16:49:32,,0.40415746,0.0,0,,526736.5639027493,0.0,0.0,249
0.0000000001481016,[],22,[],2019-03-18 18:04:27,48086691.666666664,4.443048e-18,1.7665247834639998e-22,6967797,2019-03-18 18:04:27,LTC,0.95711324,0.0,0.00000003,LTC,18565111.353636365,0.0,1.04160377,252
1,[],28,[],2019-03-18 18:34:40,1875177.661,0.0000007,0.00000000002786966,6968336,2019-03-18 18:34:40,btc,164753.73431248125,76889.89,0.0000007,btc,570863.451,0.0,0.5645720955,256
1,[],22,[],2019-03-18 18:34:44,1335373.3333333333,0.00000003,0.000000000001194414,6968337,2019-03-18 18:34:44,BTC,34.00324405,0.0,0.00000003,BTC,842096.352203122,0.00023893,0.01899412,258
1,[],22,[],2019-03-13 00:07:30,47146.0,0.00000001,0.000000000000387233,6917028,2019-03-13 00:07:30,BTC,2.415167,0.0,0.00000001,BTC,157.0,0.0,0.00047146,259
1,[],5,[],2019-03-18 18:34:45,0.0,0,0,6968338,2019-03-18 18:34:45,btc,0.0,0.29873894,0,btc,0.0,0.0,0.0,264
1,[],20,[],2019-03-18 18:34:47,1272491.4166,0.00000192,0.000000000076442496,6968339,2019-03-18 18:34:47,btc,7.2052988645425,16910.68,0.00000192,btc,99052.6253,0.0389107624971,0.026421200181,264
0,[],22,[],2019-03-18 18:34:50,0.0,0,0,6968340,2019-03-18 18:34:50,,8.75641439,0.0,0,,455745.2241309945,0.0,0.0,271
0,[],22,[],2019-03-18 18:34:52,0.0,0,0,6968341,2019-03-18 18:34:52,,111821.87121834,0.0,0,,14098217297.692,0.0,0.0,272
0.0000000000000052,[],28,[],2019-03-18 18:34:58,201696804678.671,3.796e-21,1.511331848e-25,6968342,2019-03-18 18:34:58,doge,146114839.2683263,4700381145.0522,0.00000073,doge,251391438191.5693,0.0,5.143183129210455e-10,272
1,[],22,[],2019-03-18 18:35:04,185349.69,0.0000006,0.00000000002388828,6968343,2019-03-18 18:35:04,BTC,276.19557448,0.0,0.0000006,"BTC,LTC",192621.2932424812,0.00456762,0.04649061,281
1,[],22,[],2019-03-18 18:35:07,276604.0,0.00000005,0.0000000000019906900000000003,6968344,2019-03-18 18:35:07,BTC,1.32231559,0.0,0.00000005,BTC,409956.05476508307,0.00401934,0.00840312,286
0,[],22,[],2019-03-18 18:22:25,0.0,0,0,6968158,2019-03-18 18:22:25,,1044639.42668954,0.0,0,,762403797.0,0.0,0.0,294
