pairValue,buyBook,exchangeId,sellBook,updated,buyTotal,satoshiPrice,usdPrice,exchangeLogId,created,bestPair,sellTotalBtc,volume,pairPrice,activePairs,sellTotal,volumeBtc,buyTotalBtc,coinId
0,[],2,[],2019-01-20 23:28:45,0.0,0,0,6477011,2019-01-20 23:28:45,,0.0,0.0,0,,0.0,0.0,0.0,1
1,[],3,[],2019-05-30 01:36:57,34.753810938966,0.0108328399999999998304378578950490918941795825958251953125,0.0000009421591769,7709652,2019-05-30 01:36:57,btc,0.14900969073943288,45.8795143383,0.0108328399999999998304378578950490918941795825958251953125,btc,12.832921206535,0.0,0.2998069746207021,1
1,[],4,[],2019-05-30 01:36:58,207682.61072852,0.01085603,0.000000944176069175,7709653,2019-05-30 01:36:58,btc,7.7150155865719885,0.0,0.01085603,btc,307.32285798,1.59884734,0.614058578297292,1
1,[],5,[],2019-05-30 01:37:01,0.0,0,0,7709654,2019-05-30 01:37:01,btc,0.0,0.00389977,0,btc,0.0,0.0,0.0,1
1,[],10,[],2019-05-30 01:37:04,312366.46434755,0.00656,0.0000005705396,7709655,2019-05-30 01:37:04,btc,6521.329690220248,1235.93272054,0.00656,btc,1338.43139103,0.0,2.2919159586120252,1
1,[],12,[],2019-05-30 01:37:06,77.29857009,0.010899999999999999966693309261245303787291049957275390625,0.00000094800025,7709656,2019-05-30 01:37:06,btc,0.17339672982,0.0,0.010899999999999999966693309261245303787291049957275390625,btc,15.00130538,0.082236145993,0.2961108975209,1
1,[],20,[],2019-05-30 01:37:08,973.2107,0.0092008,0.000000800216578,7709657,2019-05-30 01:37:08,btc,0.2228043790553,25.9925,0.0092008,btc,17.2576,0.266251344778,0.1061847511506,1
1,[],21,[],2019-05-30 01:37:09,4051.0609824,0.01093896999999999924968463461,0.0000009513895683249999,7709658,2019-05-30 01:37:09,btc,12.519511659454617,4456.94665261,0.010938969999999999249684634605728206224739551544189453125,"btc,eth",1507.47502123,44.985366594759164,39.85119539649665,1
1,[],22,[],2019-05-30 01:37:13,0.0025666666666666667,0.00900000,0.0000007827525,7709659,2019-05-30 01:37:13,BTC,0.31629903,0.0,0.00900000,BTC,0.2505752479991019,0.0,2.31e-05,1
1,[],24,[],2019-05-30 01:37:14,0.0,0.000000000000,0,7709660,2019-05-30 01:37:14,btc,0.0,0.0,0.000000000000,btc,0.0,0.0,0.0,1
0.0,[],25,[],2019-05-30 01:37:15,0.0,0,0,7709661,2019-05-30 01:37:15,btc,12.699999999354214,10966.34730696,0.0,btc,1078.47050136,119.996,0.0,1
1,[],26,[],2019-05-30 01:37:16,0.0,0,0,7709662,2019-05-30 01:37:16,,0.0,0.0,0,,0.0,0.0,0.0,1
0,[],28,[],2019-05-30 01:37:18,0.0,0,0,7709663,2019-05-30 01:37:18,,0.0,352181.1,0,,0.0,0.0,0.0,1
1,[],5,[],2019-05-30 01:37:19,0.0,0,0,7709664,2019-05-30 01:37:19,btc,0.0,0.02515449,0,btc,0.0,0.0,0.0,2
1,[],22,[],2019-05-30 01:37:23,11638.0,0.0000002,0.0000000000173945,7709665,2019-05-30 01:37:23,BTC,21.00897301,0.0,0.0000002,"BTC,XMR",20678.87287795317,0.0,0.00145435,2
1,[],5,[],2019-05-30 01:37:24,0.0,0,0,7709666,2019-05-30 01:37:24,btc,0.0,0.04578759,0,btc,0.0,0.0,0.0,3
1,[],12,[],2019-05-30 01:37:25,879125.13826,0.000000098,0.000000000008523305,7709667,2019-05-30 01:37:25,btc,169516.7534548412,0.0,0.000000098,btc,4642300.5553087,0.248228520077,0.045702605209479996,3
0,[],28,[],2019-05-30 01:37:27,0.0,0,0,7709668,2019-05-30 01:37:27,,0.0,0.0,0,,0.0,0.0,0.0,3
0,[],2,[],2019-01-20 23:31:32,0.0,0,0,6477077,2019-01-20 23:31:32,,0.0,0.0,0,,0.0,0.0,0.0,4
1,[],4,[],2019-05-18 21:29:50,562734.9206932,0.00000010,0.000000000007298720000000001,7650946,2019-05-18 21:29:50,btc,41.9347137769675,0.0,0.00000010,btc,1123702.32192634,0.00052462,0.029254593370966,4
0,[],12,[],2019-05-30 00:11:06,0.0,0,0,7709399,2019-05-30 00:11:06,btc,625.866520484995,0.0,0,btc,1099325.4995005,0.0,0.0,5
0,[],2,[],2019-01-20 23:31:51,0.0,0,0,6477087,2019-01-20 23:31:51,,0.0,0.0,0,,0.0,0.0,0.0,6
1,[],11,[],2019-05-30 01:37:28,14173136.776736,0.00000002,0.00000000000173945,7709669,2019-05-30 01:37:28,btc,9578.193651006304,680490.0,0.00000002,btc,59536020.54660394,0.0,0.23900788276736,6
1,[],3,[],2019-05-30 01:37:29,11448.70824950379,0.0000888800000000000028389790518446034184307791292667388916015625,0.000000007730115800000001,7709670,2019-05-30 01:37:29,btc,0.27243002426660096,176.533509258,0.0000888800000000000028389790518446034184307791292667388916015625,btc,272.22630203111,0.0,0.023752842499673084,7
1,[],4,[],2019-05-30 01:37:31,331520.26970681,0.00009211,0.000000008011036975,7709671,2019-05-30 01:37:31,btc,8.938462549430739,0.0,0.00009211,btc,51960.4429557,2.75342327,2.573193209643778,7
1,[],5,[],2019-05-30 01:37:32,0.0,0,0,7709672,2019-05-30 01:37:32,btc,0.0,0.28520451,0,btc,0.0,0.0,0.0,7
1,[],20,[],2019-04-07 22:06:50,3201475.0482,0.000000001,0.000000000000051590000000000004,7213932,2019-04-07 22:06:50,btc,30.8005781811902,0.0,0.000000001,btc,23077405.3926,0.0,0.0032014750482,8
0,[],2,[],2019-01-20 23:22:42,0.0,0,0,6476876,2019-01-20 23:22:42,,0.0,0.0,0,,0.0,0.0,0.0,9
0,[],23,[],2019-01-20 23:22:48,0.0,0,0,6476878,2019-01-20 23:22:48,,0.0,0.0,0,,0.0,0.0,0.0,9
1,[],1,[],2019-02-17 23:31:42,1822507.21,0.00000181000000000000003456111265232042484285557293333113193511962890625,0.000000000066086901,6701244,2019-02-17 23:31:42,btc,3.6990969245,17153386.5,0.00000181000000000000003456111265232042484285557293333113193511962890625,btc,1997391.71,31.11772986,3.2610482446,9
1,[],4,[],2019-05-30 01:37:35,20884081.09445554,0.00000050,0.000000000043486250000000003,7709673,2019-05-30 01:37:35,btc,3.8860222749147786,0.0,0.00000050,btc,3371714.69250643,0.31058339,0.5106407122194144,9
0,[],28,[],2019-05-30 01:37:38,0.0,0,0,7709674,2019-05-30 01:37:38,,0.0,3609497.0,0,,0.0,0.0,0.0,9
1,[],4,[],2019-02-17 11:22:43,4341674.27126056,0.00000002,0.0000000000007272960000000001,6696112,2019-02-17 11:22:43,btc,0.1997230937751353,0.0,0.00000002,btc,4109766.79808031,0.00215132,0.0479381022052112,10
0,[],2,[],2019-01-20 23:23:08,0.0,0,0,6476890,2019-01-20 23:23:08,,0.0,0.0,0,,0.0,0.0,0.0,12
1,[],4,[],2019-05-30 01:37:38,7467510.23780613,0.00000050,0.000000000043486250000000003,7709675,2019-05-30 01:37:38,btc,4.70282684349796,0.0,0.00000050,btc,4760029.98654845,0.76952112,1.255005537433995,12
1,[],5,[],2019-05-30 01:37:40,0.0,0,0,7709676,2019-05-30 01:37:40,btc,0.0,0.05426775,0,btc,0.0,0.0,0.0,12
0.0,[],25,[],2019-05-30 01:37:41,0.0,0,0,7709677,2019-05-30 01:37:41,,0.0,0.0,0.0,btc,0.0,0.0,0.0,12
1,[],4,[],2019-05-30 01:37:43,341720.42706634,0.00000574,0.00000000049922215,7709678,2019-05-30 01:37:43,btc,1.8579182111447425,0.0,0.00000574,btc,237770.63990895,0.70192406,0.5199774622026822,13
1,[],10,[],2019-05-30 01:37:45,635835.26128878,0.0000045,0.00000000039137625000000004,7709679,2019-05-30 01:37:45,btc,666803.2610536678,22071.8432618,0.0000045,btc,862686.57054138,0.0,0.1625143653608806,13
1,[],21,[],2019-05-30 01:37:46,1869596.20472349,0.000005730000000000000195986889912,0.000000000498352425,7709680,2019-05-30 01:37:46,btc,2.951838048804701,261162.0555926,0.0000057300000000000001959868899115146945177912130020558834075927734375,btc,462703.75911803,1.51639947,7.820739542100377,13
0,[],17,[],2019-05-03 00:53:32,0.0,0,0,7558876,2019-05-03 00:53:32,btc,0.0,0.0,0,btc,0.0,0.0,0.0,14
1,[],4,[],2019-05-30 01:37:47,858979.65067802,0.00000078,0.00000000006783855,7709681,2019-05-30 01:37:47,btc,4.064212886586601,0.0,0.00000078,btc,795489.03579445,0.01382173,0.0438423987549723,14
1,[],12,[],2019-05-30 01:37:48,135187.81106827,0.00000084,0.0000000000730569,7709682,2019-05-30 01:37:48,btc,14.13469640693229,0.0,0.00000084,btc,21632.5685685,0.000408651119,0.0151993299999803,14
1,[],26,[],2019-05-30 01:39:48,0.0,0.00000050,0.000000000043486250000000003,7709683,2019-05-30 01:39:48,btc,0.0,0.0,0.00000050,btc,0.0,0.0,0.0,14
,[],12,[],2018-12-01 15:15:48,204241.84496,0.00000489,0.000000000202473384,5260204,2018-12-01 15:15:48,btc,49.5475654835,0.0,,btc,35763.2193806,0.0163153972027625,0.0203389899998,15
0,[],4,[],2019-05-30 01:39:49,0.0,0,0,7709684,2019-05-30 01:39:49,,0.0,0.0,0,,0.0,0.0,0.0,15
0,[],2,[],2019-01-20 23:23:38,0.0,0,0,6476906,2019-01-20 23:23:38,,0.0,0.0,0,,0.0,0.0,0.0,18
0,[],17,[],2019-05-03 00:53:39,0.0,0,0,7558882,2019-05-03 00:53:39,btc,0.0,0.0,0,btc,0.0,0.0,0.0,18
1,[],4,[],2019-05-30 01:39:50,35277.90684713,0.00001134,0.00000000098626815,7709685,2019-05-30 01:39:50,btc,0.9670967066148699,0.0,0.00001134,btc,10686.86751242,0.04321098,0.0906967401615218,18
1,[],10,[],2019-05-30 01:39:53,494638.19060787,0.00001234,0.0000000010732406500000001,7709686,2019-05-30 01:39:53,btc,15.341874366710853,4036.71607894,0.00001234,btc,13392.46564481,0.0,0.1289670552882165,18
1,[],12,[],2019-05-30 01:39:53,4094.6497489,0.00001071000000000000079648961037737109336376306600868701934814453125,0.0000000009314754750000002,7709687,2019-05-30 01:39:53,btc,0.39968739848618573,0.0,0.00001071000000000000079648961037737109336376306600868701934814453125,btc,1355.34716176,0.000229937613,0.01219279487089,18
0,[],2,[],2019-01-20 23:24:19,0.0,0,0,6476924,2019-01-20 23:24:19,,0.0,0.0,0,,0.0,0.0,0.0,19
1,[],3,[],2019-05-30 01:41:54,148832.48102332905,0.000008339999999999999770830018397393956774976686574518680572509765625,0.00000000072535065,7709688,2019-05-30 01:41:54,btc,0.1639048731387552,3754.77071591,0.000008339999999999999770830018397393956774976686574518680572509765625,btc,4230.65838724648,0.0,0.0479673463845904,19
1,[],4,[],2019-05-30 01:41:55,511449.12055418,0.00000806,0.0000000007009983500000001,7709689,2019-05-30 01:41:55,btc,3.601510131901613,0.0,0.00000806,btc,167802.85129434,0.47062955,0.4127971113525549,19
1,[],5,[],2019-05-30 01:41:56,0.0,0,0,7709690,2019-05-30 01:41:56,btc,0.0,0.01246359,0,btc,0.0,0.0,0.0,19
1,[],12,[],2019-05-30 01:41:58,15096.45809134,0.00000711999999999999959310326147488012793473899364471435546875,0.0000000006192442,7709691,2019-05-30 01:41:58,btc,0.0580269554043379,0.0,0.00000711999999999999959310326147488012793473899364471435546875,btc,1857.18082631,0.0004984,0.027030359999478098,19
0,[],27,[],2019-05-30 01:42:05,0.0,0,0,7709692,2019-05-30 01:42:05,,0.0,0.0,0,btc,0.0,0.0,0.0,19
1,[],4,[],2019-05-30 01:42:05,10062076.88478525,0.00000007,0.000000000006088075,7709693,2019-05-30 01:42:05,btc,6.411239436602338,0.0,0.00000007,btc,2322306.93095912,0.0,0.1174938176872809,20
0,[],17,[],2019-05-03 00:53:51,0.0,0,0,7558891,2019-05-03 00:53:51,btc,0.0,0.0,0,btc,0.0,0.0,0.0,21
1,[],4,[],2019-05-30 01:42:06,72092660.2473748,0.00000001,0.000000000000869725,7709694,2019-05-30 01:42:06,btc,1740.1043467371803,0.0,0.00000001,btc,67059503.01973631,0.00010803,0.7209266024737481,21
1,[],12,[],2019-05-30 01:42:07,2397776.0,0.00000001,0.000000000000869725,7709695,2019-05-30 01:42:07,btc,1010.9711713328372,0.0,0.00000001,btc,5961673.6413586205,0.0004175,0.02397776,21
1,[],12,[],2019-05-30 01:44:09,5467229510.0,0.0000000003,0.00000000000002609175,7709696,2019-05-30 01:44:09,btc,708410087.3726201,0.0,0.0000000003,btc,3007097001.391608,0.118299922247,1.1704120809,23
0.0000000003121612,[],27,[],2019-05-30 01:44:18,156568645.72788173,9.364836e-18,8.1448319901e-22,7709697,2019-05-30 01:44:18,eth,1177.1183123257968,200214141.47773704,0.00000003,eth,70403873.87966673,2.499963466704392e-09,1.1838109264672277e-09,23
1,[],4,[],2019-05-30 01:44:19,1865879.77678582,0.00000018,0.00000000001565505,7709698,2019-05-30 01:44:19,btc,13.346440246551051,0.0,0.00000018,btc,2124242.48040556,0.01262027,0.0559146919444506,24
1,[],22,[],2019-05-30 01:44:22,21.76,0.00000100,0.00000000008697250000000001,7709699,2019-05-30 01:44:22,BTC,7.415e-05,0.0,0.00000100,BTC,23.919354838709676,0.0,1.186e-05,24
0.0,[],25,[],2019-05-30 01:44:23,0.0,0,0,7709700,2019-05-30 01:44:23,,0.0,0.0,0.0,btc,0.0,0.0,0.0,24
1,[],4,[],2019-05-30 01:44:24,7645222.65301148,0.00000477,0.000000000414858825,7709701,2019-05-30 01:44:24,btc,15.205154215730719,0.0,0.00000477,btc,254906.26385944,0.2675831,0.2924619731705463,26
1,[],10,[],2019-05-30 01:44:27,149281.76569314,0.00000582,0.00000000050617995,7709702,2019-05-30 01:44:27,btc,25.583147534601366,4288.7306644,0.00000582,btc,22941.60163711,0.0,0.0346960553749336,26
0,[],2,[],2019-01-20 23:25:56,0.0,0,0,6476976,2019-01-20 23:25:56,,0.0,0.0,0,,0.0,0.0,0.0,26
1,[],3,[],2019-05-30 01:44:27,22461914.5,0.00000001,0.000000000000869725,7709703,2019-05-30 01:44:27,btc,3.6524317989231165,15913841.3837,0.00000001,btc,22359801.35223299,0.0,0.224619145,27
1,[],11,[],2019-05-30 01:44:29,1070969.08157834,0.00000002,0.00000000000173945,7709704,2019-05-30 01:44:29,btc,67503.02945665807,19676.5543251,0.00000002,btc,6590405.9414731,0.0,0.0107207058157834,27
1,[],5,[],2019-04-26 09:47:06,0.0,0,0,7465326,2019-04-26 09:47:06,btc,0.0,0.0,0,btc,0.0,0.0,0.0,27
1,[],4,[],2019-05-30 01:44:29,1095443446.5271814,0.00000001,0.000000000000869725,7709705,2019-05-30 01:44:29,btc,4.76836132981459,0.0,0.00000001,"btc,ltc",299724095.0384687,0.38166038,7.421580054776392,29
1,[],7,[],2019-05-30 01:44:30,85534659.40740813,0.00000001,0.000000000000869725,7709706,2019-05-30 01:44:30,btc,46548272.11045483,0.0,0.00000001,btc,35005911.82154329,0.0,0.8553465940740813,29
1,[],4,[],2019-05-30 01:44:32,15519916.04711071,0.00000007,0.000000000006088075,7709707,2019-05-30 01:44:32,btc,2.7068190303212707,0.0,0.00000007,btc,2102648.09973194,0.00194769,0.1805860002365781,30
0,[],17,[],2019-05-03 01:11:25,0.0,0,0,7559066,2019-05-03 01:11:25,btc,0.0,0.0,0,btc,0.0,0.0,0.0,30
1,[],4,[],2019-05-30 01:46:33,109234.38741447,0.00004327,0.0000000037633000750000005,7709708,2019-05-30 01:46:33,btc,3.6471229539256984,0.0,0.00004327,btc,46383.46614703,0.65833418,0.5612566390381915,31
1,[],21,[],2019-05-30 01:46:34,69403.04451427,0.00004284000000000000318595844151,0.000000003725901900000001,7709709,2019-05-30 01:46:34,btc,4.386148232493704,253932.14795816,0.000042840000000000003185958441509484373455052264034748077392578125,btc,89910.15335771,11.28893797,2.746452622996029,31
0,[],2,[],2019-01-20 23:28:43,0.0,0,0,6477009,2019-01-20 23:28:43,,0.0,0.0,0,,0.0,0.0,0.0,32
0,[],4,[],2019-05-30 01:46:35,0.0,0,0,7709710,2019-05-30 01:46:35,,0.0,0.0,0,,0.0,0.0,0.0,33
1,[],12,[],2019-03-30 07:55:10,40641173.964,0.00000003,0.000000000001228359,7108785,2019-03-30 07:55:10,btc,4233210.82356125,0.0,0.00000003,btc,28378394.68333462,0.0126927883965248,0.90752895892,33
0.000000000133219,[],4,[],2019-05-30 01:46:36,510404567.5484082,2.66438e-17,2.3172778955e-21,7709711,2019-05-30 01:46:36,ltc,3.5056361190360046,0.0,0.0000002,ltc,154260963.70342898,0.0,2.0769647883583578e-09,34
1,[],5,[],2019-05-30 01:46:37,0.0,0,0,7709712,2019-05-30 01:46:37,btc,0.0,0.0,0,btc,0.0,0.0,0.0,34
0.000000000133219,[],4,[],2019-05-30 01:46:38,59384001.42676589,1.33219e-18,1.15863894775e-22,7709713,2019-05-30 01:46:38,ltc,5.0946394603536047e-08,0.0,0.00000001,ltc,7087906061.087266,0.0,7.911077286072324e-11,36
1,[],5,[],2019-05-30 01:46:40,0.0,0,0,7709714,2019-05-30 01:46:40,btc,0.0,0.0,0,btc,0.0,0.0,0.0,36
0.0000000003121612,[],27,[],2019-05-30 01:48:46,11879411.226876,9.364836e-18,8.1448319901e-22,7709715,2019-05-30 01:48:46,eth,1579.9688989506772,995718549.773124,0.00000003,"ltc,eth",5798600.62557775,6.0238835580839865e-09,4.357613805735594e-11,36
0.0000000002926451,[],17,[],2019-05-02 18:17:47,200000.0,2.9264510000000002e-18,1.596703856561e-22,7556430,2019-05-02 18:17:47,eth,0.20942468735267253,0.0,0.00000001,"btc,eth",1018272.20243647,0.0,5.852902e-13,36
1,[],4,[],2019-05-30 01:48:47,9978449.49556125,0.00000019,0.000000000016524775000000002,7709716,2019-05-30 01:48:47,btc,19772.53850766184,0.0,0.00000019,btc,722622.50751044,0.01601564,0.1418021256862878,37
1,[],12,[],2019-05-30 01:48:48,3781421.36528572,0.00000019,0.000000000016524775000000002,7709717,2019-05-30 01:48:48,btc,8.378809948404339,0.0,0.00000019,btc,976327.02325206,0.010981599904,0.1851660561442866,37
1,[],27,[],2019-05-30 01:50:54,6187.0,0.00000016,0.0000000000139156,7709718,2019-05-30 01:50:54,btc,24.11463822903233,0.0,0.00000016,btc,5792.59438508,0.0,0.00076392,37
1,[],17,[],2019-05-03 01:11:36,211752.74075282,0.00000025,0.000000000013700074999999998,7559074,2019-05-03 01:11:36,btc,0.055484923955058496,0.0,0.00000025,"btc,eth",1387.19918473,0.0,0.0005381851887916605,37
1,[],5,[],2019-05-30 01:50:57,0.0,0,0,7709719,2019-05-30 01:50:57,btc,0.0,0.10144876,0,btc,0.0,0.0,0.0,42
1,[],12,[],2019-05-30 01:50:58,129019.70211324,0.0000009,0.00000000007827525,7709720,2019-05-30 01:50:58,btc,24.761530017579187,0.0,0.0000009,btc,71296.51105406,0.003046337146,0.0424180299999719,42
1,[],27,[],2019-05-30 01:51:09,506.0,0.00000002,0.00000000000173945,7709721,2019-05-30 01:51:09,btc,0.39085425,0.0,0.00000002,"btc,eth",735.0,0.0,6.000000327956557e-06,42
1,[],12,[],2019-03-13 09:13:29,1112112.0,0.00000001,0.000000000000386531,6919902,2019-03-13 09:13:29,btc,29058.00478931866,0.0,0.00000001,btc,5967681.93306694,9.99000999e-07,0.01112112,43
1,[],5,[],2019-04-26 22:38:52,0.0,0,0,7474154,2019-04-26 22:38:52,btc,0.0,0.02638891,0,btc,0.0,0.0,0.0,43
0,[],17,[],2019-04-26 22:38:53,0.0,0,0,7474155,2019-04-26 22:38:53,btc,0.0,0.0,0,btc,0.0,0.0,0.0,43
1,[],12,[],2019-03-05 01:54:08,639326.02,0.00000004,0.000000000001486676,6845775,2019-03-05 01:54:08,btc,11116042.728239931,0.0,0.00000004,btc,1103841.4595604,0.0003330765234764,0.014975410599999999,44
1,[],4,[],2019-05-30 01:51:10,115381921.17891559,0.00000001,0.000000000000869725,7709722,2019-05-30 01:51:10,btc,291324.21927306167,0.0,0.00000001,"btc,ltc",27179164.23224099,0.00079135,0.07859584774973946,49
0.000000000133219,[],4,[],2019-05-30 01:51:11,175155379.27607223,4.129789e-17,3.591780738025e-21,7709723,2019-05-30 01:51:11,ltc,22049.959339217592,0.0,0.00000031,ltc,158440879.41149408,0.0,1.321563684467658e-09,52
0,[],22,[],2019-05-30 01:51:13,0.0,0,0,7709724,2019-05-30 01:51:13,,10289.55991011,0.0,0,,308568058.4566013,0.0,0.0,57
1,[],27,[],2019-05-30 01:51:23,2297.0,0.0000003,0.00000000002609175,7709725,2019-05-30 01:51:23,btc,0.0,0.0,0.0000003,"btc,eth",0.0,0.0,0.0003891,57
0.000000000133219,[],4,[],2019-05-30 01:51:24,2661554925.956109,1.33219e-18,1.15863894775e-22,7709726,2019-05-30 01:51:24,ltc,19.26387194122214,0.0,0.00000001,ltc,5784416102.343987,0.0,3.5456968568094688e-09,58
1,[],12,[],2019-05-30 01:51:25,1094556202.0,0.0000000001,0.00000000000000869725,7709727,2019-05-30 01:51:25,btc,2192498.1905571013,0.0,0.0000000001,btc,2568677925.0159407,0.00103019783,0.1094556202,58
0.00000000010970769999999999,[],22,[],2019-05-30 01:53:28,126877.0,1.097077e-18,9.541552938249999e-23,7709728,2019-05-30 01:53:28,XMR,68.17454206,0.0,0.00000001,XMR,9626402.6,0.0,0.00126877,58
1,[],17,[],2019-05-03 01:12:09,1200000.0,0.0000000001,0.00000000000000548003,7559085,2019-05-03 01:12:09,btc,1e+24,0.0,0.0000000001,"btc,eth",39516342.31952568,0.0,0.00010000000058666061,58
1,[],5,[],2019-05-30 01:53:29,0.0,0,0,7709729,2019-05-30 01:53:29,btc,0.0,4.499e-05,0,btc,0.0,0.0,0.0,61
1,[],22,[],2019-05-30 01:53:32,13613.833333333334,0.00000012,0.0000000000104367,7709730,2019-05-30 01:53:32,BTC,1002.29123003,0.0,0.00000012,BTC,15014.200177125656,0.0,0.00153269,61
1,[],26,[],2019-05-30 01:53:32,0.0,0.00000050,0.000000000043486250000000003,7709731,2019-05-30 01:53:32,btc,0.0,0.0,0.00000050,btc,0.0,0.0,0.0,61
1,[],27,[],2019-05-30 01:53:37,8450.0,0.0000002,0.0000000000173945,7709732,2019-05-30 01:53:37,btc,1.9582485601246655,0.0,0.0000002,"btc,eth",11379.41563696,0.0,0.001522,61
0,[],28,[],2019-05-30 01:53:39,0.0,0,0,7709733,2019-05-30 01:53:39,,0.0,767.0,0,,0.0,0.0,0.0,61
1,[],4,[],2019-05-30 01:53:40,941831.48800019,0.00000079,0.00000000006870827500000001,7709734,2019-05-30 01:53:40,btc,2.5997447334620807,0.0,0.00000079,btc,843288.68937055,0.04313053,0.5421551274554701,67
0.0,[],25,[],2019-05-30 01:53:42,0.0,0,0,7709735,2019-05-30 01:53:42,,0.0,0.0,0.0,btc,0.0,0.0,0.0,67
1,[],12,[],2019-05-30 01:53:43,813766.0,0.00000005,0.000000000004348625,7709736,2019-05-30 01:53:43,btc,5.170888557082915,0.0,0.00000005,btc,773607.038961,0.000182146404,0.01771946,71
,[],5,[],2018-11-20 23:02:39,1.5e-07,0.00000005,0.000000000002128045,4862160,2018-11-20 23:02:39,btc,2.84511358,0.0,,btc,0.00036572,0.0,0.07381892,74
1,[],5,[],2019-05-30 01:53:45,0.0,0,0,7709737,2019-05-30 01:53:45,btc,0.0,0.04573199,0,btc,0.0,0.0,0.0,75
0,[],4,[],2019-05-25 21:33:44,0.0,0,0,7686249,2019-05-25 21:33:44,,133656.37989170782,0.0,0,,33439209.5909442,0.0,0.0,81
0,[],20,[],2019-01-25 09:30:31,0.0,0,0,6495923,2019-01-25 09:30:31,btc,0.0,0.0,0,btc,0.0,0.0,0.0,81
1,[],4,[],2019-05-30 01:53:46,36945.01390897,0.00013000,0.000000011306425,7709738,2019-05-30 01:53:46,btc,24.71249374336932,0.0,0.00013000,btc,22017.40916518,1.43837823,1.6282428526196646,82
1,[],21,[],2019-05-30 01:53:46,74460.72912928001,0.0001236599999999999917148219009,0.00000001075501935,7709739,2019-05-30 01:53:46,btc,33.82338607857489,184083.8254584,0.0001236599999999999917148219008566911725210957229137420654296875,btc,187308.13129565,23.04928295,6.6052729250049165,82
0,[],17,[],2019-03-25 22:42:34,0.0,0,0,7038780,2019-03-25 22:42:34,btc,0.0445064681804024,0.0,0,btc,995513.18476001,0.0,0.0,84
0.0000000001161485,[],4,[],2019-05-20 13:09:39,216715621.0206096,1.161485e-18,9.0533806701e-23,7657228,2019-05-20 13:09:39,ltc,1.6511566870244727,0.0,0.00000001,ltc,471032407.9048656,0.0,2.5171194308112273e-10,85
,[],22,[],2018-11-20 23:09:34,3408.1,0.0000001,0.0000000000041895,4862324,2018-11-20 23:09:34,BTC,0.04624735,0.0,,BTC,4990.0,0.0,0.00033081,86
1,[],22,[],2019-05-30 01:53:49,65156.0,0.00000001,0.000000000000869725,7709740,2019-05-30 01:53:49,BTC,1.44930041,0.0,0.00000001,BTC,188535.29736842104,3e-05,0.00065156,87
1,[],27,[],2019-05-30 01:53:54,70160.0,0.00000004,0.0000000000034789,7709741,2019-05-30 01:53:54,btc,5.374707418036,98305.819,0.00000004,btc,146149.67341,0.00393223,0.0013416,87
,[],2,[],2018-11-20 23:10:47,0.0,0,0,4862359,2018-11-20 23:10:47,,0.0,0.0,,,0.0,0.0,0.0,88
1,[],11,[],2019-05-30 01:53:55,204930.48316574,0.000080010000000000001366302904148852803700719960033893585205078125,0.000000006958669725000001,7709742,2019-05-30 01:53:55,btc,186.5959287302089,381.10332115,0.000080010000000000001366302904148852803700719960033893585205078125,btc,239321.13382186,0.0,2.2079907849944327,89
0,[],2,[],2019-01-20 23:31:45,0.0,0,0,6477083,2019-01-20 23:31:45,,0.0,0.0,0,,0.0,0.0,0.0,91
1,[],12,[],2019-05-30 01:53:56,198666.81478629,0.00000032,0.0000000000278312,7709743,2019-05-30 01:53:56,btc,87.69153086258625,0.0,0.00000032,btc,144741.53253856,0.001144954886,0.0103334618999906,91
1,[],22,[],2019-05-30 01:56:00,75910.55,0.0000002,0.0000000000173945,7709744,2019-05-30 01:56:00,BTC,0.495,0.0,0.0000002,"BTC,LTC",4.95,0.0,0.00165931,91
0,[],17,[],2019-05-03 01:12:26,0.0,0,0,7559096,2019-05-03 01:12:26,btc,0.0,0.0,0,btc,0.0,0.0,0.0,91
1,[],22,[],2019-04-09 20:17:52,374949.73333333334,0.00000015,0.000000000007771935,7235704,2019-04-09 20:17:52,BTC,6.87372503,0.0,0.00000015,"BTC,LTC",159980.01196797504,1.1e-05,0.80510266,95
0.000000000133219,[],4,[],2019-05-30 01:56:01,541447573.4950762,2.797599e-17,2.433141790275e-21,7709745,2019-05-30 01:56:01,ltc,11.298912868079022,0.0,0.00000021,ltc,152157387.46346194,0.0,8.443011398491983e-10,96
0,[],12,[],2019-05-30 01:56:02,0.0,0,0,7709746,2019-05-30 01:56:02,btc,17.11109572037962,0.0,0,btc,7876886.03796204,0.0,0.0,96
0,[],17,[],2019-05-03 01:12:32,0.0,0,0,7559100,2019-05-03 01:12:32,btc,0.0,0.0,0,btc,0.0,0.0,0.0,96
1,[],4,[],2019-04-14 03:32:46,1039404.33283278,0.00000038,0.000000000019245518,7293458,2019-04-14 03:32:46,btc,4.170086055365747,0.0,0.00000038,btc,3097704.34561074,0.06260606,0.1859928211030784,99
1,[],4,[],2019-05-30 01:58:04,209248.28588947,0.00001758,0.00000000152897655,7709747,2019-05-30 01:58:04,btc,6.926351491045055,0.0,0.00001758,btc,137707.14732367,0.22864474,0.3433656698230558,100
0,[],2,[],2019-01-20 23:23:55,0.0,0,0,6476914,2019-01-20 23:23:55,,0.0,0.0,0,,0.0,0.0,0.0,100
1,[],22,[],2019-05-30 01:58:07,150000.0,0.00000002,0.00000000000173945,7709748,2019-05-30 01:58:07,BTC,24.83526409,0.0,0.00000002,BTC,11187.719,0.0,0.0017,101
1,[],4,[],2019-05-30 01:58:08,500163.54927034,0.00000147,0.000000000127849575,7709749,2019-05-30 01:58:08,btc,361.99843328684955,0.0,0.00000147,btc,560519.33521125,0.0722042,0.1190579595327055,103
1,[],12,[],2019-05-30 01:58:10,140414568.83268034,0.000000004,0.00000000000034789000000000005,7709750,2019-05-30 01:58:10,btc,2395.3739692254053,0.0,0.000000004,btc,62534462.47502998,0.046098864183,0.1709153733307214,105
0,[],27,[],2019-05-30 01:58:17,0.0,0,0,7709751,2019-05-30 01:58:17,,0.3273326523531397,277188.915,0,btc,1742492.35947933,0.00277189,0.0,105
1,[],22,[],2019-04-21 00:17:26,21333.0,0.00000001,0.000000000000532493,7385819,2019-04-21 00:17:26,BTC,51.38182867,0.0,0.00000001,BTC,470435.0,0.0,0.00021333,107
1,[],26,[],2019-04-21 00:17:26,0.0,0.00000000,0,7385820,2019-04-21 00:17:26,btc,0.0,0.0,0.00000000,btc,0.0,0.0,0.0,107
1,[],5,[],2019-05-30 01:58:18,0.0,0,0,7709752,2019-05-30 01:58:18,btc,0.0,0.0,0,btc,0.0,0.0,0.0,112
0,[],22,[],2019-05-30 01:58:21,0.0,0,0,7709753,2019-05-30 01:58:21,,6.79726681,0.0,0,,3375892.0833333335,0.0,0.0,112
1,[],27,[],2019-05-30 01:58:28,1.0,0.00000001,0.000000000000869725,7709754,2019-05-30 01:58:28,btc,1.15032588,0.0,0.00000001,"btc,eth",1818.0,0.0,1e-08,112
1,[],4,[],2019-05-30 01:58:30,275018.27814287,0.00000085,0.00000000007392662500000001,7709755,2019-05-30 01:58:30,btc,5.705721837038076,0.0,0.00000085,btc,596718.1907202,0.05273508,0.1689393820289567,113
1,[],5,[],2019-05-30 01:58:32,0.0,0,0,7709756,2019-05-30 01:58:32,btc,0.0,0.0,0,btc,0.0,0.0,0.0,113
1,[],17,[],2019-04-26 02:17:47,162738.278,0.00000004,0.0000000000021069000000000002,7461287,2019-04-26 02:17:47,btc,1.3331140273775473,0.0,0.00000004,btc,51796.221,0.0,0.00230953112,116
1,[],27,[],2019-05-22 05:13:01,210000.0,0.00000001,0.00000000000079145,7666372,2019-05-22 05:13:01,btc,3919.0005001478,0.0,0.00000001,btc,128660.871,0.0,0.0021,116
1,[],4,[],2019-05-21 22:31:11,138169.03963019,0.00000701,0.000000000558364025,7664793,2019-05-21 22:31:11,btc,150.95388250938234,0.0,0.00000701,btc,344631.17141974,0.07552974,0.4288357684941946,120
1,[],7,[],2019-05-21 22:31:12,3901.07750076,0.000010679999999999999389654892212320191902108490467071533203125,0.0000000008506887,7664794,2019-05-21 22:31:12,btc,231188.94669936574,0.0,0.000010679999999999999389654892212320191902108490467071533203125,btc,4133.83151364,0.0,0.0113888422364489,120
1,[],20,[],2019-04-07 18:42:29,1914137.0852,0.000000035,0.0000000000017871910000000002,7211992,2019-04-07 18:42:29,btc,32.2497668025648,25528.85,0.000000035,btc,1001975.4986,0.00089350975,0.0152723574729,125
1,[],22,[],2019-05-30 01:58:35,10000.0,0.00000001,0.000000000000869725,7709757,2019-05-30 01:58:35,BTC,0.032061,0.0,0.00000001,BTC,299316.7611111111,0.0,0.0001,126
1,[],4,[],2019-05-30 01:58:37,374438.70455049,0.00000671,0.0000000005835854750000001,7709758,2019-05-30 01:58:37,btc,5.073372439224407,0.0,0.00000671,btc,191082.54748825,0.40279529,1.182319855024665,131
0,[],2,[],2019-01-20 23:25:46,0.0,0,0,6476969,2019-01-20 23:25:46,,0.0,0.0,0,,0.0,0.0,0.0,131
1,[],17,[],2019-05-03 01:13:10,10000.0,0.00000001,0.000000000000548003,7559115,2019-05-03 01:13:10,btc,0.0953976503951408,0.0,0.00000001,btc,5037.62507334,0.0,0.0001,131
1,[],4,[],2019-05-30 02:00:38,4752.31384644,0.00007919,0.000000006887352275,7709759,2019-05-30 02:00:38,btc,5.031677250289016,0.0,0.00007919,btc,202.13055914,0.0,0.0065409533894065,135
1,[],3,[],2019-05-30 02:00:39,624652.22392675,0.00000001,0.000000000000869725,7709760,2019-05-30 02:00:39,btc,0.2228455309877797,1577354.09937,0.00000001,btc,1910497.4316845,0.0,0.0062465222392675,136
1,[],4,[],2019-05-30 02:00:40,2697452.0146977,0.00000189,0.000000000164378025,7709761,2019-05-30 02:00:40,btc,108.7268514856098,0.0,0.00000189,btc,515499.19678356,0.04442742,0.5758745686828426,137
1,[],12,[],2019-05-30 02:00:40,88658.22366636,0.000001790000000000000014290326734445191192435231641866266727447509765625,0.00000000015568077500000001,7709762,2019-05-30 02:00:40,btc,57.7809207999912,0.0,0.000001790000000000000014290326734445191192435231641866266727447509765625,btc,49738.34635867,0.000276653347,0.0186462299998966,137
1,[],4,[],2019-05-30 02:00:41,60653.89821731,0.00001973,0.000000001715967425,7709763,2019-05-30 02:00:41,btc,9.520934948297919,0.0,0.00001973,btc,150905.60705535,0.86331347,0.3764591621264624,142
1,[],5,[],2019-05-30 02:00:43,0.0,0,0,7709764,2019-05-30 02:00:43,btc,0.0,0.01389027,0,btc,0.0,0.0,0.0,142
1,[],20,[],2019-05-30 02:02:45,209014.9354,0.00001423,0.0000000012376186750000001,7709765,2019-05-30 02:02:45,btc,1.6079757920993,0.0,0.00001423,btc,9872.7963,0.0,0.0183895671607,142
1,[],22,[],2019-05-30 02:02:48,11028.645,0.00001000,0.000000000869725,7709766,2019-05-30 02:02:48,BTC,3.2754788,0.0,0.00001000,BTC,1133.9993657797618,0.0,0.00745365,142
0.0,[],25,[],2019-05-30 02:02:49,0.0,0,0,7709767,2019-05-30 02:02:49,,0.0,0.0,0.0,btc,0.0,0.0,0.0,142
0,[],28,[],2019-05-30 02:02:52,0.0,0,0,7709768,2019-05-30 02:02:52,,0.0,0.0,0,,0.0,0.0,0.0,142
1,[],17,[],2019-05-03 01:13:16,32967.38636364,0.00000088,0.000000000048224264,7559122,2019-05-03 01:13:16,btc,20.06976206696776,0.0,0.00000088,btc,2746.079105,0.0,0.0105613000000032,142
0,[],22,[],2019-05-30 02:02:55,0.0,0,0,7709769,2019-05-30 02:02:55,,65.51518676,0.0,0,,839924755.3,0.0,0.0,143
0,[],22,[],2019-02-25 15:42:22,0.0,0,0,6783783,2019-02-25 15:42:22,,4.2131946,0.0,0,,2322156.0,0.0,0.0,146
,[],22,[],2018-11-20 23:01:11,0.0,0,0,4862114,2018-11-20 23:01:11,,2.56807021,0.0,,,61828.4988236,0.0,0.0,147
1,[],12,[],2019-04-21 06:38:04,193091.5971266,0.00000071,0.000000000037635183,7388679,2019-04-21 06:38:04,btc,2.301232411611175,0.0,0.00000071,btc,9957.48302385,0.00023528,0.0313308199999888,148
1,[],4,[],2019-03-19 21:31:25,255810.0415942,0.00000029,0.000000000011615747,6982695,2019-03-19 21:31:25,btc,218.94922712414143,0.0,0.00000029,btc,793529.37642722,0.00117,0.0608347789473395,152
0,[],22,[],2019-03-19 21:31:27,0.0,0,0,6982696,2019-03-19 21:31:27,,0.0,0.0,0,,0.0,0.0,0.0,152
1,[],5,[],2019-04-26 09:36:59,0.0,0,0,7465040,2019-04-26 09:36:59,btc,0.0,0.0,0,btc,0.0,0.0,0.0,153
,[],16,[],2019-01-11 15:38:59,0.0,0,0,6366141,2019-01-11 15:38:59,btc,0.0,0.0,,btc,0.0,0.0,0.0,155
0,[],22,[],2019-05-30 02:02:59,0.0,0,0,7709770,2019-05-30 02:02:59,,7.44455324,0.0,0,,5955762.942592593,0.0,0.0,156
0,[],23,[],2019-01-20 23:24:29,0.0,0,0,6476932,2019-01-20 23:24:29,,0.0,0.0,0,,0.0,0.0,0.0,156
1,[],22,[],2019-05-30 02:03:02,6996.0,0.00000001,0.000000000000869725,7709771,2019-05-30 02:03:02,BTC,1.7543039,0.0,0.00000001,BTC,57.0,0.0,6.996e-05,157
0,[],22,[],2019-05-21 23:40:32,0.0,0,0,7665049,2019-05-21 23:40:32,,50234.60468402,0.0,0,,54786159.03179465,0.0,0.0,158
,[],17,[],2018-11-20 22:56:10,0.0,0,0,4861976,2018-11-20 22:56:10,btc,1.1265625,0.0,,btc,1000.0,0.0,0.0,159
,[],20,[],2018-11-20 22:56:12,0.0,0,0,4861977,2018-11-20 22:56:12,btc,11912.7940471,0.0,,btc,34413894.3617,0.0,0.0,159
1,[],12,[],2019-05-24 02:51:20,9178.522006449999,0.00000191999999999999982841307998027158276954651228152215480804443359375,0.000000000151222656,7676256,2019-05-24 02:51:20,btc,149.80414728631675,0.0,0.00000191999999999999982841307998027158276954651228152215480804443359375,btc,1115.7451448499999,0.01783167678326,0.0120075778999181,168
1,[],17,[],2019-05-03 01:13:36,42852.0,0.00000002,0.000000000001096006,7559132,2019-05-03 01:13:36,btc,0.04279856251542,0.0,0.00000002,btc,274.46171372,0.0,0.00052852,168
1,[],22,[],2019-05-17 03:01:52,10.0,0.00000001,0.000000000000778341,7642059,2019-05-17 03:01:52,BTC,41.95893009,0.0,0.00000001,BTC,1753972.7737547632,0.0,1e-07,169
1,[],22,[],2019-05-30 02:03:06,202834.0,0.00000002,0.00000000000173945,7709772,2019-05-30 02:03:06,BTC,27.86993734,0.0,0.00000002,BTC,462189.5785507793,0.0001666,0.00211768,171
1,[],22,[],2019-05-29 08:05:18,349870.0,0.00000002,0.000000000001705894,7705265,2019-05-29 08:05:18,BTC,24.05907723,0.0,0.00000002,"BTC,LTC",1224285.4355616204,0.0,0.0039847,173
1,[],5,[],2019-05-30 02:03:07,0.0,0,0,7709773,2019-05-30 02:03:07,btc,0.0,0.00375675,0,btc,0.0,0.0,0.0,175
1,[],22,[],2019-05-30 02:03:10,90671.0,0.00000001,0.000000000000869725,7709774,2019-05-30 02:03:10,BTC,394.35459412,0.0,0.00000001,BTC,136275.61833431243,0.0,0.00090671,176
1,[],7,[],2019-05-30 02:03:11,0.0,0,0,7709775,2019-05-30 02:03:11,btc,522274.2171378036,0.0,0,btc,22704134.34310774,0.0,0.0,178
0,[],22,[],2019-05-30 02:03:14,0.0,0,0,7709776,2019-05-30 02:03:14,,1.00242428,0.0,0,,57512.0,0.0,0.0,178
0,[],2,[],2019-01-20 23:28:34,0.0,0,0,6477001,2019-01-20 23:28:34,,0.0,0.0,0,,0.0,0.0,0.0,178
1,[],5,[],2019-05-30 02:03:15,0.0,0,0,7709777,2019-05-30 02:03:15,btc,0.0,0.05374849,0,btc,0.0,0.0,0.0,179
0,[],22,[],2019-05-30 02:03:18,0.0,0,0,7709778,2019-05-30 02:03:18,,5.31489813,0.0,0,,13465409.311946675,0.0,0.0,179
0,[],23,[],2019-01-20 23:25:08,0.0,0,0,6476952,2019-01-20 23:25:08,,0.0,0.0,0,,0.0,0.0,0.0,179
1,[],22,[],2019-05-30 02:05:22,674104.0606446359,0.00000103,0.000000000089581675,7709779,2019-05-30 02:05:22,BTC,39.2077345,0.0,0.00000103,"BTC,LTC",158206.3213531212,0.01378864,0.5727961,180
1,[],26,[],2019-05-30 02:05:22,0.0,0.00000010,0.00000000000869725,7709780,2019-05-30 02:05:22,btc,0.0,0.0,0.00000010,btc,0.0,0.0,0.0,180
1,[],17,[],2019-05-03 01:13:56,20504.725000000002,0.0000001,0.00000000000548003,7559141,2019-05-03 01:13:56,btc,5.2010695838400265,0.0,0.0000001,btc,5033.45945,0.0,0.0011504725,180
,[],7,[],2018-11-20 22:58:01,562227.975654,0.00000085,0.000000000036176765,4862015,2018-11-20 22:58:01,btc,21836.6059674,2491.87645172,,btc,749999.041456,0.00211021,0.127565380455,183
,[],5,[],2019-01-10 08:11:41,0.0,0,0,6347036,2019-01-10 08:11:41,btc,82.15055501,0.00261,,btc,1.19002445,0.0,0.0,187
,[],17,[],2018-11-16 20:58:10,4062536.27273,0.00000001,0.000000000000550501,4708775,2018-11-16 20:58:10,btc,3.36492563466,0.195460381006,,"btc,eth",110697919.549,0.0,0.0157628953496,187
1,[],24,[],2019-05-22 21:04:52,0.0,0.000000000014,0.0000000000000010960978,7670219,2019-05-22 21:04:52,btc,0.0,0.0,0.000000000014,btc,0.0,0.0,0.0,187
0,[],22,[],2019-04-25 02:54:07,0.0,0,0,7447896,2019-04-25 02:54:07,,7.54794454,0.0,0,,76361.7243344055,0.0,0.0,191
0,[],22,[],2019-05-30 02:05:26,0.0,0,0,7709781,2019-05-30 02:05:26,,0.0,0.0,0,,0.0,0.0,0.0,197
0,[],23,[],2019-01-20 23:31:41,0.0,0,0,6477079,2019-01-20 23:31:41,,0.0,0.0,0,,0.0,0.0,0.0,199
0,[],22,[],2019-05-30 02:05:29,0.0,0,0,7709782,2019-05-30 02:05:29,,10.91949999,0.0,0,,98428037.0,0.0,0.0,199
1,[],26,[],2019-05-30 02:05:29,0.0,0.00000000,0,7709783,2019-05-30 02:05:29,btc,0.0,0.0,0.00000000,btc,0.0,0.0,0.0,199
0,[],2,[],2019-01-20 23:30:49,0.0,0,0,6477059,2019-01-20 23:30:49,,0.0,0.0,0,,0.0,0.0,0.0,201
1,[],4,[],2019-01-25 15:51:35,2084389.58565343,0.00000936,0.000000000333526752,6499557,2019-01-25 15:51:35,btc,2.0092503037378524,0.0,0.00000936,btc,160195.80207885,0.19272417,1.242687955921835,211
1,[],7,[],2019-05-30 02:05:33,1183628761.1063375,0.00000064,0.0000000000556624,7709784,2019-05-30 02:05:33,btc,15201841.046859156,281896.106606,0.00000064,btc,8428929.44674457,0.0,13.448880103699596,212
1,[],12,[],2019-01-25 02:44:32,207462.42853209,0.000001080000000000000035831255497387193287295303889550268650054931640625,0.000000000038610756000000006,6493050,2019-01-25 02:44:32,btc,85023.03793723314,0.0,0.000001080000000000000035831255497387193287295303889550268650054931640625,btc,43675.73520027,0.000146250909087,0.0348620860622024,213
1,[],5,[],2019-05-30 00:07:46,0.0,0,0,7709357,2019-05-30 00:07:46,btc,0.0,0.06425239,0,btc,0.0,0.0,0.0,213
1,[],24,[],2019-05-30 00:07:46,0.0,0.000000399202,0.0000000000344859829346,7709358,2019-05-30 00:07:46,btc,0.0,0.0,0.000000399202,btc,0.0,0.0,0.0,213
1,[],26,[],2019-05-30 00:07:47,0.0,0.00000040,0.000000000034554919999999996,7709359,2019-05-30 00:07:47,btc,0.0,0.0,0.00000040,btc,0.0,0.0,0.0,213
0,[],22,[],2019-05-30 02:05:35,0.0,0,0,7709785,2019-05-30 02:05:35,,9.61445386,0.0,0,,3661587.094064925,0.0,0.0,216
1,[],27,[],2019-05-30 02:05:45,397300.0,0.00000001,0.000000000000869725,7709786,2019-05-30 02:05:45,btc,75.61743967917752,3933.0,0.00000001,"btc,ltc",386835.407688,3.933e-05,0.003973,216
1,[],22,[],2019-05-30 02:05:48,720626.8260869565,0.00000027,0.000000000023482575,7709787,2019-05-30 02:05:48,BTC,12056.48402077,0.0,0.00000027,BTC,518338.7595090601,0.00504677,0.0536882,217
1,[],7,[],2019-05-30 02:05:49,0.0,0,0,7709788,2019-05-30 02:05:49,btc,1234864.1040716618,0.0,0,btc,164001712.13147992,0.0,0.0,219
0,[],27,[],2019-05-30 02:05:55,0.0,0,0,7709789,2019-05-30 02:05:55,,0.8070218541206141,12357640.376908,0,btc,33802510.24032222,0.1235764,0.0,219
0,[],28,[],2019-05-30 02:05:58,0.0,0,0,7709790,2019-05-30 02:05:58,,0.0,16642175.9053,0,,0.0,0.0,0.0,219
1,[],22,[],2019-05-23 16:41:05,172069.0,0.00000004,0.0000000000031167080000000004,7674065,2019-05-23 16:41:05,BTC,56.76466137,0.0,0.00000004,BTC,127061.6482738741,0.0,0.00393676,221
1,[],24,[],2019-05-23 16:41:05,0.0,0.000000010000,0.0000000000007791770000000001,7674066,2019-05-23 16:41:05,btc,0.0,0.0,0.000000010000,btc,0.0,0.0,0.0,221
1,[],20,[],2019-05-30 02:06:00,2683426.3644,0.000000001,0.0000000000000869725,7709791,2019-05-30 02:06:00,btc,100053.67854003386,6675997.5333,0.000000001,btc,49809393.1499,0.0080763584831,0.0026834263644,224
0,[],22,[],2019-05-30 02:06:02,0.0,0,0,7709792,2019-05-30 02:06:02,,0.0,0.0,0,,0.0,0.0,0.0,224
1,[],26,[],2019-05-30 02:06:03,0.0,0.00000025,0.000000000021743125000000002,7709793,2019-05-30 02:06:03,btc,0.0,0.0,0.00000025,btc,0.0,0.0,0.0,231
1,[],26,[],2019-05-30 02:06:03,0.0,0.00000006,0.00000000000521835,7709794,2019-05-30 02:06:03,btc,0.0,0.0,0.00000006,btc,0.0,0.0,0.0,234
0,[],27,[],2019-05-30 02:06:13,0.0,0,0,7709795,2019-05-30 02:06:13,,0.01134836604,0.0,0,"btc,eth",11462.996,0.0,0.0,234
1,[],4,[],2019-05-22 17:06:12,91780.56053785,0.00000078,0.000000000061977552,7669277,2019-05-22 17:06:12,btc,5.573372450018177,0.0,0.00000078,btc,729173.93529783,0.0,0.0307060663355679,236
1,[],24,[],2019-05-22 17:06:12,0.0,0.000000010000,0.000000000000794584,7669278,2019-05-22 17:06:12,btc,0.0,0.0,0.000000010000,btc,0.0,0.0,0.0,236
1,[],5,[],2019-05-30 02:06:15,0.0,0,0,7709796,2019-05-30 02:06:15,btc,0.0,0.0128314,0,btc,0.0,0.0,0.0,237
1,[],20,[],2019-05-30 02:06:17,121619476.0253,0.00000004,0.0000000000034789,7709797,2019-05-30 02:06:17,btc,58795.17709644853,15304024.7902,0.00000004,btc,43157853.1521,0.6474924678787,0.4914010547037,237
1,[],22,[],2019-05-30 02:06:21,288100.0,0.00000003,0.000000000002609175,7709798,2019-05-30 02:06:21,BTC,1.20267422,0.0,0.00000003,"BTC,LTC",17930.94871794872,0.0,0.007541,237
1,[],4,[],2019-05-30 02:06:21,26918535.74801949,0.00000011,0.000000000009566975000000001,7709799,2019-05-30 02:06:21,btc,2.7971569036700097,0.0,0.00000011,btc,8730747.17799559,0.09888558,0.5610496406811035,238
1,[],5,[],2019-05-30 02:06:23,0.0,0,0,7709800,2019-05-30 02:06:23,btc,0.0,0.0049941,0,btc,0.0,0.0,0.0,238
0,[],22,[],2019-03-12 16:49:32,0.0,0,0,6914458,2019-03-12 16:49:32,,0.40415746,0.0,0,,526736.5639027493,0.0,0.0,249
0,[],22,[],2019-05-28 23:53:45,0.0,0,0,7703643,2019-05-28 23:53:45,,13.44714864,0.0,0,,43777534.3426455,0.0,0.0,252
0,[],28,[],2019-05-30 02:06:25,0.0,0,0,7709801,2019-05-30 02:06:25,,0.0,202184.9,0,,0.0,0.0,0.0,256
1,[],22,[],2019-05-30 02:06:28,1039243.0,0.00000001,0.000000000000869725,7709802,2019-05-30 02:06:28,BTC,31464.5506474,0.0,0.00000001,BTC,585656.6675322719,0.0,0.01039243,258
1,[],22,[],2019-05-19 18:12:02,400.0,0.00000001,0.0000000000007957800000000001,7653905,2019-05-19 18:12:02,BTC,2.415167,0.0,0.00000001,BTC,157.0,0.0,4e-06,259
1,[],5,[],2019-05-30 02:06:29,0.0,0,0,7709803,2019-05-30 02:06:29,btc,0.0,0.04573341,0,btc,0.0,0.0,0.0,264
1,[],20,[],2019-05-30 02:06:31,955358.9382,0.000000153,0.0000000000133067925,7709804,2019-05-30 02:06:31,btc,0.9758976161061,19166.7825,0.000000153,btc,49906.8327,0.011084106427,0.0075237773946,264
0,[],22,[],2019-04-12 17:57:27,0.0,0,0,7278186,2019-04-12 17:57:27,,66.37522201,0.0,0,,677842.4169881374,0.0,0.0,271
0,[],22,[],2019-05-29 08:10:20,0.0,0,0,7705301,2019-05-29 08:10:20,,33050470.74998113,0.0,0,,14361377780.7,0.0,0.0,272
0,[],28,[],2019-05-29 08:10:54,0.0,0,0,7705302,2019-05-29 08:10:54,,0.0,22189957216.5758,0,,0.0,0.0,0.0,272
1,[],22,[],2019-05-23 07:12:29,219930.0,0.00000004,0.000000000003048688,7671985,2019-05-23 07:12:29,BTC,426.77835217,0.0,0.00000004,BTC,248664.3325962929,0.0,0.00739728,281
1,[],22,[],2019-05-30 02:06:36,406106.68333333335,0.00000004,0.0000000000034789,7709805,2019-05-30 02:06:36,BTC,31.66076306,0.0,0.00000004,"BTC,LTC",1335394.5141012324,0.00346399,0.01548737,286
0,[],22,[],2019-05-30 02:06:39,0.0,0,0,7709806,2019-05-30 02:06:39,,7337904.96568486,0.0,0,,2004620112.6797826,0.0,0.0,294
