pairValue,buyBook,exchangeId,sellBook,updated,buyTotal,satoshiPrice,usdPrice,exchangeLogId,created,bestPair,sellTotalBtc,volume,pairPrice,activePairs,sellTotal,volumeBtc,buyTotalBtc,coinId
1,[],3,[],2019-02-19 03:54:41,30563.276225620128,0.01314719999999999951179052715133366291411221027374267578125,0.0000005106175272,6715404,2019-02-19 03:54:41,btc,107.05987138304766,0.005,0.01314719999999999951179052715133366291411221027374267578125,btc,20.933342226307,0.0,0.36482314945583927,1
1,[],4,[],2019-02-19 03:54:42,91.69743157,0.01313150,0.00000051000776275,6715405,2019-02-19 03:54:42,btc,0.6936233795533548,0.0,0.01313150,btc,47.79049161,1.40726573,1.136845648806746,1
1,[],5,[],2019-02-19 03:54:45,0.0,0,0,6715406,2019-02-19 03:54:45,btc,0.0,0.20576203,0,btc,0.0,0.0,0.0,1
1,[],10,[],2019-02-19 03:54:47,414095.57760157,0.01130797,0.00000043918459284500004,6715407,2019-02-19 03:54:47,btc,6520.781558488331,1269.05946741,0.01130797,btc,897.71165584,0.0,4.030275072009235,1
1,[],12,[],2019-02-19 03:54:49,10440.48096191,0.01307999999999999961308727591813294566236436367034912109375,0.00000050800758,6715408,2019-02-19 03:54:49,btc,0.3217830038166,0.0,0.01307999999999999961308727591813294566236436367034912109375,btc,17.42894829,0.2688257006909,0.4001843629635,1
1,[],20,[],2019-02-19 03:54:52,1151.7372,0.010500212,0.000000407812483762,6715409,2019-02-19 03:54:52,btc,0.0588401269655,0.0,0.010500212,btc,2.6354,0.0,0.0962413350083,1
1,[],21,[],2019-02-19 03:54:53,2565.83030025,0.01308907999999999946516560101,0.00000050836023358,6715410,2019-02-19 03:54:53,btc,25.89186052850451,3091.4750180899996,0.0130890799999999994651656010091755888424813747406005859375,"btc,eth",2388.56117323,35.64032365848923,24.37907918898182,1
1,[],22,[],2019-02-19 03:55:00,0.0163776,0.01300000,0.0000005049005,6715411,2019-02-19 03:55:00,BTC,0.31407927,0.0,0.01300000,BTC,0.10751954901960785,0.0,0.00020972,1
1,[],24,[],2019-02-19 03:55:00,0.0,0.000000000000,0,6715412,2019-02-19 03:55:00,btc,0.0,0.0,0.000000000000,btc,0.0,0.0,0.0,1
0.0,[],25,[],2019-02-19 03:55:01,0.0,0,0,6715413,2019-02-19 03:55:01,btc,25.103299997622912,927.95760731,0.0,btc,1858.56111295,12.193,0.0,1
1,[],26,[],2019-02-19 03:55:28,0.0,0,0,6715414,2019-02-19 03:55:28,,0.0,0.0,0,,0.0,0.0,0.0,1
1,[],28,[],2019-02-19 03:55:30,992.968,0.01231000,0.000000478101935,6715415,2019-02-19 03:55:30,btc,0.162839806,18335.8,0.01231000,btc,8.9,0.0,0.086870176,1
0,[],2,[],2019-01-20 23:28:45,0.0,0,0,6477011,2019-01-20 23:28:45,,0.0,0.0,0,,0.0,0.0,0.0,1
1,[],5,[],2019-02-19 03:55:31,0.0,0,0,6715416,2019-02-19 03:55:31,btc,0.0,0.00664882,0,btc,0.0,0.0,0.0,2
0.000000000131476,[],22,[],2019-02-19 03:55:35,1148.0,1.4462360000000001e-16,5.6169636886000005e-21,6715417,2019-02-19 03:55:35,XMR,21.01373823,0.0,0.00000110,XMR,14319.12581,0.0,0.00087635,2
1,[],5,[],2019-02-19 03:55:37,0.0,0,0,6715418,2019-02-19 03:55:37,btc,0.0,0.01727047,0,btc,0.0,0.0,0.0,3
1,[],12,[],2019-02-19 03:55:38,12242293.7824395,0.000000171,0.0000000000066413835000000005,6715419,2019-02-19 03:55:38,btc,923823.8128792589,0.0,0.000000171,btc,9067309.8033564,0.0634841829477119,0.5065068141890716,3
0,[],28,[],2019-02-19 03:55:40,0.0,0,0,6715420,2019-02-19 03:55:40,,0.0,0.0,0,,0.0,0.0,0.0,3
0,[],2,[],2019-01-20 23:31:32,0.0,0,0,6477077,2019-01-20 23:31:32,,0.0,0.0,0,,0.0,0.0,0.0,4
1,[],4,[],2019-02-19 03:55:40,400705.04836527,0.00000032,0.00000000001242832,6715421,2019-02-19 03:55:40,btc,0.384785387488259,0.0,0.00000032,btc,337830.34099658,0.0,0.0548027983140441,4
1,[],12,[],2019-02-19 03:55:42,1355569.18866667,0.00000003,0.0000000000011651549999999998,6715422,2019-02-19 03:55:42,btc,11113878.271275336,0.0,0.00000003,btc,1230284.19484872,0.00025776,0.0217927504400001,5
1,[],11,[],2019-02-19 03:55:44,1381209.5,0.00000002,0.00000000000077677,6715423,2019-02-19 03:55:44,btc,9433.306063620637,10000.0,0.00000002,btc,40264064.15478057,0.0,0.019133885,6
0,[],2,[],2019-01-20 23:31:51,0.0,0,0,6477087,2019-01-20 23:31:51,,0.0,0.0,0,,0.0,0.0,0.0,6
1,[],3,[],2019-02-19 03:55:44,1098.434459242364,0.000153189999999999988504473247274972891318611800670623779296875,0.000000005949669815,6715424,2019-02-19 03:55:44,btc,27.605796873748474,0.0,0.000153189999999999988504473247274972891318611800670623779296875,btc,249.144760639695,0.0,0.03519856329986154,7
1,[],4,[],2019-02-19 03:55:45,13450.65909691,0.00022019,0.000000008551849315,6715425,2019-02-19 03:55:45,btc,3.514627595103029,0.0,0.00022019,btc,14397.48361423,4.54824893,2.6043123294881725,7
1,[],5,[],2019-02-19 03:55:46,0.0,0,0,6715426,2019-02-19 03:55:46,btc,0.0,0.78706378,0,btc,0.0,0.0,0.0,7
1,[],20,[],2019-02-19 03:55:49,39399800.8418,0.000000001,0.0000000000000388385,6715427,2019-02-19 03:55:49,btc,116.9737581404545,0.0,0.000000001,btc,56932990.8895,0.0,0.0393998008418,8
1,[],4,[],2019-02-19 03:55:52,308634.14299692,0.00000181,0.000000000070297685,6715428,2019-02-19 03:55:52,btc,1.820722612587649,0.0,0.00000181,btc,990062.76453882,2.00058734,0.5246375186951449,9
1,[],28,[],2019-02-19 03:55:54,43300.0,0.00000166,0.00000000006447191,6715429,2019-02-19 03:55:54,btc,2709.147620057195,3591764.72,0.00000166,btc,204959.7701,0.0,0.043148,9
0,[],2,[],2019-01-20 23:22:42,0.0,0,0,6476876,2019-01-20 23:22:42,,0.0,0.0,0,,0.0,0.0,0.0,9
0,[],23,[],2019-01-20 23:22:48,0.0,0,0,6476878,2019-01-20 23:22:48,,0.0,0.0,0,,0.0,0.0,0.0,9
1,[],1,[],2019-02-17 23:31:42,1822507.21,0.00000181000000000000003456111265232042484285557293333113193511962890625,0.000000000066086901,6701244,2019-02-17 23:31:42,btc,3.6990969245,17153386.5,0.00000181000000000000003456111265232042484285557293333113193511962890625,btc,1997391.71,31.11772986,3.2610482446,9
1,[],4,[],2019-02-17 11:22:43,4341674.27126056,0.00000002,0.0000000000007272960000000001,6696112,2019-02-17 11:22:43,btc,0.1997230937751353,0.0,0.00000002,btc,4109766.79808031,0.00215132,0.0479381022052112,10
1,[],4,[],2019-02-19 03:55:55,1795786.32434148,0.00000159,0.000000000061753215,6715430,2019-02-19 03:55:55,btc,3.927925689923406,0.0,0.00000159,btc,2192159.37610071,6.43488526,2.598462842818995,12
1,[],5,[],2019-02-19 03:55:56,0.0,0,0,6715431,2019-02-19 03:55:56,btc,0.0,0.81181761,0,btc,0.0,0.0,0.0,12
0.0,[],25,[],2019-02-19 03:55:57,0.0,0,0,6715432,2019-02-19 03:55:57,,0.0,0.0,0.0,btc,0.0,0.0,0.0,12
0,[],2,[],2019-01-20 23:23:08,0.0,0,0,6476890,2019-01-20 23:23:08,,0.0,0.0,0,,0.0,0.0,0.0,12
1,[],4,[],2019-02-19 03:55:58,1308188.66485548,0.00000581,0.000000000225651685,6715433,2019-02-19 03:55:58,btc,0.3594317811150693,0.0,0.00000581,btc,55817.83817926,1.15078912,1.3302235380080185,13
1,[],10,[],2019-02-19 03:56:00,458869.81318056,0.00000579,0.000000000224874915,6715434,2019-02-19 03:56:00,btc,666802.4542907091,6298.11307748,0.00000579,btc,721664.60186212,0.0,0.3931507156607111,13
1,[],21,[],2019-02-19 03:56:01,453955.93545645,0.000005759999999999999908755713568,0.00000000022370975999999999,6715435,2019-02-19 03:56:01,btc,4.426945530875871,1610959.38330466,0.0000057599999999999999087557135679649178428007871843874454498291015625,btc,674115.85780531,9.61975981,2.3717228385632594,13
1,[],4,[],2019-02-19 03:56:02,987435.10036468,0.00000152,0.00000000005903452,6715436,2019-02-19 03:56:02,btc,0.1364595147542408,0.0,0.00000152,btc,62864.28286628,0.10604491,0.4155495375533099,14
1,[],12,[],2019-02-19 03:56:03,87619.95479834,0.000001489999999999999921986774779891771203210737439803779125213623046875,0.000000000057869365,6715437,2019-02-19 03:56:03,btc,5.30757764626373,0.0,0.000001489999999999999921986774779891771203210737439803779125213623046875,btc,31452.002997,0.0016767885073913,0.0123502699999602,14
1,[],26,[],2019-02-19 03:56:14,0.0,0.00000050,0.00000000001941925,6715438,2019-02-19 03:56:14,btc,0.0,0.0,0.00000050,btc,0.0,0.0,0.0,14
0,[],17,[],2019-02-19 03:23:28,0.0,0,0,6715322,2019-02-19 03:23:28,btc,0.0,0.0,0,btc,0.0,0.0,0.0,14
0,[],4,[],2019-02-19 03:56:15,0.0,0,0,6715439,2019-02-19 03:56:15,,0.0,0.0,0,,0.0,0.0,0.0,15
,[],12,[],2018-12-01 15:15:48,204241.84496,0.00000489,0.000000000202473384,5260204,2018-12-01 15:15:48,btc,49.5475654835,0.0,,btc,35763.2193806,0.0163153972027625,0.0203389899998,15
1,[],4,[],2019-02-19 03:56:17,27991.24713709,0.00001836,0.00000000071307486,6715440,2019-02-19 03:56:17,btc,1.2429858989943956,0.0,0.00001836,btc,8433.04271321,0.02896577,0.1189018209078056,18
1,[],10,[],2019-02-19 03:56:19,784590.94557988,0.00001931,0.000000000749971435,6715441,2019-02-19 03:56:19,btc,15.516814193203091,22439.4015123,0.00001931,btc,9598.41268519,0.0,0.2251455492041841,18
1,[],12,[],2019-02-19 03:56:20,204179.87216748,0.00001775000000000000115554267543505062576514319516718387603759765625,0.000000000689383375,6715442,2019-02-19 03:56:20,btc,21.90983094989637,0.0,0.00001775000000000000115554267543505062576514319516718387603759765625,btc,1744.54067689,0.0013790653135788,0.0323108021741872,18
0,[],2,[],2019-01-20 23:23:38,0.0,0,0,6476906,2019-01-20 23:23:38,,0.0,0.0,0,,0.0,0.0,0.0,18
0,[],17,[],2019-02-19 03:23:47,0.0,0,0,6715328,2019-02-19 03:23:47,btc,0.0,0.0,0,btc,0.0,0.0,0.0,18
1,[],3,[],2019-02-19 03:56:27,121725.74630751197,0.0000228100000000000001430626450638072810761514119803905487060546875,0.000000000885906185,6715443,2019-02-19 03:56:27,btc,0.48919632353939174,2070.81791577,0.0000228100000000000001430626450638072810761514119803905487060546875,btc,5244.077411380873,0.0,0.10144587899905481,19
1,[],4,[],2019-02-19 03:56:28,311762.77702453,0.00002254,0.00000000087541979,6715444,2019-02-19 03:56:28,btc,0.2762303435705641,0.0,0.00002254,btc,10740.89880221,0.66727526,3.380774715123045,19
1,[],5,[],2019-02-19 03:56:29,0.0,0,0,6715445,2019-02-19 03:56:29,btc,0.0,0.00514718,0,btc,0.0,0.0,0.0,19
1,[],12,[],2019-02-19 03:56:31,134813.74059318,0.000022589999999999998861292815899304287086124531924724578857421875,0.0000000008773617149999999,6715446,2019-02-19 03:56:31,btc,0.0291788367813548,0.0,0.000022589999999999998861292815899304287086124531924724578857421875,btc,280.66393647,0.0003454945055518,0.0327010999999362,19
0,[],27,[],2019-02-19 03:56:38,0.0,0,0,6715447,2019-02-19 03:56:38,,0.0,0.0,0,btc,0.0,0.0,0.0,19
0,[],2,[],2019-01-20 23:24:19,0.0,0,0,6476924,2019-01-20 23:24:19,,0.0,0.0,0,,0.0,0.0,0.0,19
1,[],4,[],2019-02-19 03:56:38,8073339.77783351,0.00000015,0.000000000005825775,6715448,2019-02-19 03:56:38,btc,0.7483254850397547,0.0,0.00000015,btc,1596183.29804811,0.000117,0.2590475804794153,20
1,[],4,[],2019-02-19 03:56:39,110814403.16461639,0.00000002,0.00000000000077677,6715449,2019-02-19 03:56:39,btc,0.4052000963908996,0.0,0.00000002,btc,11921192.93946572,0.01279508,1.2541285071729682,21
1,[],12,[],2019-02-19 03:56:41,18389644.0,0.00000002,0.00000000000077677,6715450,2019-02-19 03:56:41,btc,669.7773900317494,0.0,0.00000002,btc,8580697.27073194,0.00034938,0.24003316,21
0,[],17,[],2019-02-19 03:26:07,0.0,0,0,6715337,2019-02-19 03:26:07,btc,0.0,0.0,0,btc,0.0,0.0,0.0,21
1,[],12,[],2019-02-19 03:56:43,2889606090.043896,0.0000000002,0.0000000000000077677,6715451,2019-02-19 03:56:43,btc,880865841676.5204,0.0,0.0000000002,btc,4242689785.967484,0.029664299735064938,0.2928527472555898,23
0,[],27,[],2019-02-19 03:56:51,0.0,0,0,6715452,2019-02-19 03:56:51,,1.3429826565934113,0.0,0,eth,1964879.85514486,0.0,0.0,23
1,[],4,[],2019-02-19 03:56:52,313671.52773098,0.00000064,0.00000000002485664,6715453,2019-02-19 03:56:52,btc,0.1767233560873529,0.0,0.00000064,btc,183623.80158374,0.01131637,0.1586353619313299,24
1,[],22,[],2019-02-19 03:56:56,11.76,0.00000100,0.0000000000388385,6715454,2019-02-19 03:56:56,BTC,7.415e-05,0.0,0.00000100,BTC,23.919354838709676,0.0,1.176e-05,24
0.0,[],25,[],2019-02-19 03:56:58,0.0,0,0,6715455,2019-02-19 03:56:58,,0.0,0.0,0.0,btc,0.0,0.0,0.0,24
1,[],4,[],2019-02-19 03:56:59,26860629.77753374,0.00000596,0.00000000023147746,6715456,2019-02-19 03:56:59,btc,0.5248043308677892,0.0,0.00000596,btc,43707.06591521,0.15498907,0.4436426560465486,26
1,[],10,[],2019-02-19 03:57:01,682874.19163166,0.0000054,0.00000000020972789999999999,6715457,2019-02-19 03:57:01,btc,25.927272136924913,0.0,0.0000054,btc,14351.41452713,0.0,0.2128385226438311,26
0,[],2,[],2019-01-20 23:25:56,0.0,0,0,6476976,2019-01-20 23:25:56,,0.0,0.0,0,,0.0,0.0,0.0,26
1,[],3,[],2019-02-19 03:57:02,5971966.70213569,0.00000001,0.000000000000388385,6715458,2019-02-19 03:57:02,btc,2.6999895815470616,10056.257,0.00000001,btc,17039949.32009258,0.0,0.0597196670213569,27
1,[],5,[],2019-02-19 03:57:03,0.0,0,0,6715459,2019-02-19 03:57:03,btc,0.0,0.0024425,0,btc,0.0,0.0,0.0,27
1,[],11,[],2019-02-19 03:57:05,9803584.35433359,0.00000005,0.000000000001941925,6715460,2019-02-19 03:57:05,btc,67506.53097482225,8080.0,0.00000005,btc,8171781.9463934,0.0,0.458287845339645,27
1,[],4,[],2019-02-19 03:57:06,558401233.932156,0.00000002,0.00000000000077677,6715461,2019-02-19 03:57:06,btc,0.2224015760380439,0.0,0.00000002,"btc,ltc",20978676.13430246,0.16586094,7.115122709087545,29
1,[],7,[],2019-02-19 03:57:07,35538183.205262125,0.00000002,0.00000000000077677,6715462,2019-02-19 03:57:07,btc,44465227.339596495,2784806.76051,0.00000002,btc,58709671.38337782,0.0561163,0.3559042401445292,29
1,[],4,[],2019-02-19 03:57:08,1501635.11144523,0.00000030,0.00000000001165155,6715463,2019-02-19 03:57:08,btc,0.249175500653964,0.0,0.00000030,btc,503584.15795606,0.00787385,0.1224950578175307,30
0,[],17,[],2019-02-19 03:57:10,0.0,0,0,6715464,2019-02-19 03:57:10,btc,0.0,0.0,0,btc,0.0,0.0,0.0,30
1,[],4,[],2019-02-19 03:57:11,69758.10797078,0.00006062,0.00000000235438987,6715465,2019-02-19 03:57:11,btc,2.101482216665173,0.0,0.00006062,btc,31613.91477451,2.67989326,1.5064777331330943,31
1,[],21,[],2019-02-19 03:57:11,62603.98522957,0.00006014999999999999838982966960,0.000000002336135775,6715466,2019-02-19 03:57:11,btc,2.149685588496099,128882.02157571,0.00006014999999999999838982966959832765496685169637203216552734375,btc,32750.43117008,7.91445067,3.4885846891485244,31
0,[],2,[],2019-01-20 23:28:43,0.0,0,0,6477009,2019-01-20 23:28:43,,0.0,0.0,0,,0.0,0.0,0.0,32
1,[],4,[],2019-02-19 03:57:12,132478434.39510056,0.00000004,0.00000000000155354,6715467,2019-02-19 03:57:12,btc,4.4077163832181725,0.0,0.00000004,"btc,ltc",90629794.81008798,0.63311721,2.1621447309552617,33
1,[],12,[],2019-02-19 03:57:13,15140159.225,0.00000005,0.000000000001941925,6715468,2019-02-19 03:57:13,btc,35620102.16124454,0.0,0.00000005,btc,88814404.06992981,0.013971858041958,0.50035317125,33
1,[],4,[],2019-02-19 03:57:14,136172828.49863935,0.00000001,0.000000000000388385,6715469,2019-02-19 03:57:14,btc,0.938990148378849,0.0,0.00000001,btc,39051688.34489838,0.00299078,1.3617282849863936,34
1,[],5,[],2019-02-19 03:57:16,0.0,0,0,6715470,2019-02-19 03:57:16,btc,0.0,0.33039273,0,btc,0.0,0.0,0.0,34
0.0000000001211947,[],4,[],2019-02-19 03:57:17,1026999434.3710978,2.423894e-18,9.414040711900001e-23,6715471,2019-02-19 03:57:17,ltc,9.154693360654122e-09,0.0,0.00000002,ltc,1818024850.2499475,0.0,2.0211898540554383e-09,36
1,[],5,[],2019-02-19 03:57:18,0.0,0,0,6715472,2019-02-19 03:57:18,btc,0.0,0.0,0,btc,0.0,0.0,0.0,36
0,[],17,[],2019-02-19 03:57:19,0.0,0,0,6715473,2019-02-19 03:57:19,btc,0.07464582851655732,0.0,0,btc,4105386.20243647,0.0,0.0,36
0,[],27,[],2019-02-19 03:57:31,0.0,0,0,6715474,2019-02-19 03:57:31,,113.82128944818679,0.0,0,"ltc,eth",3757762.7424504,0.0,0.0,36
1,[],17,[],2019-02-19 03:13:04,1752.74075282,0.00000025,0.000000000009683175,6715165,2019-02-19 03:13:04,btc,0.055484923777095005,0.0,0.00000025,btc,1319.19918473,0.0,0.00043818518820499993,37
1,[],4,[],2019-02-19 03:57:32,432114.62152419,0.00000077,0.000000000029905645,6715475,2019-02-19 03:57:32,btc,0.2962822537151414,0.0,0.00000077,btc,218461.87933309,0.23207326,0.1658014613290167,37
1,[],12,[],2019-02-19 03:57:33,535153.39003828,0.00000086,0.000000000033401110000000003,6715476,2019-02-19 03:57:33,btc,1364.1813432253646,0.0,0.00000086,btc,812168.9437022,0.1877398464541943,0.1776943316532186,37
1,[],27,[],2019-02-19 03:57:52,14752.0,0.00000045,0.000000000017477325,6715477,2019-02-19 03:57:52,btc,26.25770832162233,0.0,0.00000045,btc,6830.24738508,0.0,0.00483022,37
1,[],5,[],2019-02-19 03:57:53,0.0,0,0,6715478,2019-02-19 03:57:53,btc,0.0,0.09324024,0,btc,0.0,0.0,0.0,42
1,[],12,[],2019-02-19 03:57:54,133239.32537838,0.00000096,0.000000000037284959999999993,6715479,2019-02-19 03:57:54,btc,94.67431754103828,0.0,0.00000096,btc,89500.29317003,0.000829138391606,0.0406391291200012,42
0,[],27,[],2019-02-19 03:58:00,0.0,0,0,6715480,2019-02-19 03:58:00,,0.00315028,0.0,0,"btc,eth",11.007,0.0,0.0,42
0,[],17,[],2019-02-19 02:56:42,0.0,0,0,6714968,2019-02-19 02:56:42,btc,0.0,0.0,0,btc,0.0,0.0,0.0,43
1,[],5,[],2019-02-19 03:58:01,0.0,0,0,6715481,2019-02-19 03:58:01,btc,0.0,0.0,0,btc,0.0,0.0,0.0,43
1,[],12,[],2019-02-19 03:58:03,4099188.0,0.00000002,0.00000000000077677,6715482,2019-02-19 03:58:03,btc,20007435.274306607,0.0,0.00000002,btc,38969229.21618381,0.0001362888911088,0.04100091,43
1,[],12,[],2019-02-19 03:58:15,678345.0,0.00000005,0.000000000001941925,6715483,2019-02-19 03:58:15,btc,11115167.675800832,0.0,0.00000005,btc,1069788.31470526,0.00081391,0.017234,44
1,[],4,[],2019-02-19 03:58:16,324843325.2038739,0.00000002,0.00000000000077677,6715484,2019-02-19 03:58:16,btc,0.18822660693598803,0.0,0.00000002,"btc,ltc",4537751.25245401,0.00486098,0.42386877199763257,49
0,[],4,[],2019-02-19 03:58:17,0.0,0,0,6715485,2019-02-19 03:58:17,,4.645173508040217,0.0,0,,3529258786.0098734,0.0,0.0,52
0,[],22,[],2019-02-19 03:58:20,0.0,0,0,6715486,2019-02-19 03:58:20,,4368.07440295,0.0,0,,262751443.67882353,0.0,0.0,57
0,[],27,[],2019-02-19 03:58:30,0.0,0,0,6715487,2019-02-19 03:58:30,,0.0,0.0,0,"btc,eth",0.0,0.0,0.0,57
0.0000000001211947,[],4,[],2019-02-19 03:58:31,711869028.4331539,3.635841e-18,1.412106106785e-22,6715488,2019-02-19 03:58:31,ltc,3.27220900472406,0.0,0.00000003,ltc,1296439482.6795392,0.0,1.5252316123466327e-09,58
1,[],12,[],2019-02-19 03:58:32,1667707214.843957,0.0000000004,0.0000000000000155354,6715489,2019-02-19 03:58:32,btc,224005480211.35342,0.0,0.0000000004,btc,3707397925.0802207,0.10773324015623108,0.5418139849011392,58
0.000000000131476,[],22,[],2019-02-19 03:58:47,137438.0,1.31476e-18,5.1063306260000006e-23,6715490,2019-02-19 03:58:47,XMR,69.8835922,0.0,0.00000001,XMR,9887963.0,0.0,0.00137438,58
0,[],17,[],2019-02-19 03:28:02,0.0,0,0,6715372,2019-02-19 03:28:02,btc,1e+24,0.0,0,btc,41481695.95832568,0.0,0.0,58
1,[],5,[],2019-02-19 03:58:49,0.0,0,0,6715491,2019-02-19 03:58:49,btc,0.0,0.0113542,0,btc,0.0,0.0,0.0,61
1,[],22,[],2019-02-19 03:58:53,5149.5,0.00000011,0.000000000004272235,6715492,2019-02-19 03:58:53,BTC,1002.29597012,0.0,0.00000011,BTC,14947.700278135757,0.0,0.00051596,61
1,[],26,[],2019-02-19 03:58:53,0.0,0.00000800,0.000000000310708,6715493,2019-02-19 03:58:53,btc,0.0,0.0,0.00000800,btc,0.0,0.0,0.0,61
1,[],27,[],2019-02-19 03:59:03,5582.64,0.00000045,0.000000000017477325,6715494,2019-02-19 03:59:03,btc,2.935325846318174,0.0,0.00000045,"btc,eth",18504.38399471,0.0,0.000970997205170201,61
1,[],28,[],2019-02-19 03:59:09,13882.304,0.0000005,0.00000000001941925,6715495,2019-02-19 03:59:09,btc,2.062488404235105,744.0,0.0000005,btc,15611.87550005,0.0,0.00566491304,61
1,[],4,[],2019-02-19 03:59:10,380218.94358608,0.00000331,0.000000000128555435,6715496,2019-02-19 03:59:10,btc,1.0570965501216032,0.0,0.00000331,btc,245788.79425062,0.85416923,0.7559501408919367,67
0.0,[],25,[],2019-02-19 03:59:11,0.0,0,0,6715497,2019-02-19 03:59:11,,0.0,0.0,0.0,btc,0.0,0.0,0.0,67
1,[],12,[],2019-02-19 03:59:12,3109383.65504109,0.00000017,0.000000000006602544999999999,6715498,2019-02-19 03:59:12,btc,11115995.89049635,0.0,0.00000017,btc,1837969.32753308,0.0096344005483113,0.1145469264411126,71
,[],5,[],2018-11-20 23:02:39,1.5e-07,0.00000005,0.000000000002128045,4862160,2018-11-20 23:02:39,btc,2.84511358,0.0,,btc,0.00036572,0.0,0.07381892,74
1,[],5,[],2019-02-19 03:59:13,0.0,0,0,6715499,2019-02-19 03:59:13,btc,0.0,0.0,0,btc,0.0,0.0,0.0,75
1,[],4,[],2019-02-19 03:59:14,17976001.10892337,0.00000001,0.000000000000388385,6715500,2019-02-19 03:59:14,btc,0.8634517537739842,0.0,0.00000001,btc,15391342.79181637,0.0,0.1797600110892337,81
0,[],20,[],2019-01-25 09:30:31,0.0,0,0,6495923,2019-01-25 09:30:31,btc,0.0,0.0,0,btc,0.0,0.0,0.0,81
1,[],4,[],2019-02-19 03:59:16,34569.09247946,0.00007546,0.00000000293075321,6715501,2019-02-19 03:59:16,btc,1.3174532692020642,0.0,0.00007546,btc,11160.57462227,0.02033618,0.598776462661275,82
1,[],21,[],2019-02-19 03:59:17,87470.03786454,0.00008262000000000000517631076891,0.00000000320883687,6715502,2019-02-19 03:59:17,btc,2.6589823095121266,6699.56265996,0.000082620000000000005176310768906233761299517937004566192626953125,btc,25549.32703957,0.53416267,3.260190411661453,82
0,[],17,[],2019-02-19 03:59:19,0.0,0,0,6715503,2019-02-19 03:59:19,btc,0.0447233088476774,0.0,0,btc,999127.19588126,0.0,0.0,84
0.0000000001211947,[],4,[],2019-02-19 03:59:20,127932044.68163714,8.483629e-18,3.294914249165e-22,6715504,2019-02-19 03:59:20,ltc,0.19541526438623705,0.0,0.00000007,ltc,98731886.09212644,0.00027536,5.218741699565731e-10,85
,[],22,[],2018-11-20 23:09:34,3408.1,0.0000001,0.0000000000041895,4862324,2018-11-20 23:09:34,BTC,0.04624735,0.0,,BTC,4990.0,0.0,0.00033081,86
0,[],22,[],2019-02-19 03:59:25,0.0,0,0,6715505,2019-02-19 03:59:25,,2.0760781,0.0,0,,140622.94736842104,0.0,0.0,87
0,[],27,[],2019-02-19 03:59:31,0.0,0,0,6715506,2019-02-19 03:59:31,,0.0,0.0,0,btc,0.0,0.0,0.0,87
,[],2,[],2018-11-20 23:10:47,0.0,0,0,4862359,2018-11-20 23:10:47,,0.0,0.0,,,0.0,0.0,0.0,88
1,[],11,[],2019-02-19 03:59:33,96888.52051021,0.00014342000000000000581312775693731964565813541412353515625,0.00000000557021767,6715507,2019-02-19 03:59:33,btc,610.2354956516658,55.4,0.00014342000000000000581312775693731964565813541412353515625,btc,95158.38405293,0.0,6.548392521488546,89
0,[],2,[],2019-01-20 23:31:45,0.0,0,0,6477083,2019-01-20 23:31:45,,0.0,0.0,0,,0.0,0.0,0.0,91
0,[],17,[],2019-02-19 03:14:43,0.0,0,0,6715193,2019-02-19 03:14:43,btc,0.0,0.0,0,btc,0.0,0.0,0.0,91
1,[],12,[],2019-02-19 03:59:34,437530.75028167,0.000001870000000000000095373470405946125794116596807725727558135986328125,0.000000000072627995,6715508,2019-02-19 03:59:34,btc,15.382050241588804,0.0,0.000001870000000000000095373470405946125794116596807725727558135986328125,btc,51888.37042796,0.0041003568381772,0.0661370902999923,91
0.0000000001211947,[],22,[],2019-02-19 03:59:51,3506520.0,4.847788e-18,1.8828081423800002e-22,6715509,2019-02-19 03:59:51,LTC,9.13211897,0.0,0.00000004,LTC,72065348.1,2.423894e-14,0.1050108,95
0.0000000001211947,[],4,[],2019-02-19 03:59:52,135032367.11567372,9.453186600000001e-17,3.6714758776410004e-21,6715510,2019-02-19 03:59:52,ltc,0.6710830044848082,0.0,0.00000078,ltc,37975196.69279285,0.00798995,1.0946112610793574e-09,96
1,[],12,[],2019-02-19 03:59:54,257630.0,0.00000001,0.000000000000388385,6715511,2019-02-19 03:59:54,btc,255075.83077264484,0.0,0.00000001,btc,8791501.79451522,0.0003672084815186,0.0025763,96
0,[],17,[],2019-02-19 03:28:43,0.0,0,0,6715385,2019-02-19 03:28:43,btc,0.0,0.0,0,btc,0.0,0.0,0.0,96
1,[],4,[],2019-02-19 04:00:06,1728003.67481789,0.00000033,0.000000000012816705,6715512,2019-02-19 04:00:06,btc,0.6044485399501545,0.0,0.00000033,btc,934834.69337419,1.49214273,0.2309427543845806,99
0,[],2,[],2019-01-20 23:23:55,0.0,0,0,6476914,2019-01-20 23:23:55,,0.0,0.0,0,,0.0,0.0,0.0,100
1,[],4,[],2019-02-19 04:00:06,197249.75254358,0.00003933,0.000000001527518205,6715513,2019-02-19 04:00:06,btc,0.9384284243059088,0.0,0.00003933,btc,21377.70555906,0.42642408,1.2497009334522238,100
1,[],22,[],2019-02-19 04:00:12,50000.0,0.00000001,0.000000000000388385,6715514,2019-02-19 04:00:12,BTC,23.49896609,0.0,0.00000001,BTC,10277.22,0.0,0.0005,101
1,[],4,[],2019-02-19 04:00:13,449673.78644099,0.00000086,0.00000000003340111,6715515,2019-02-19 04:00:13,btc,0.3994578968386891,0.0,0.00000086,btc,167511.85105386,0.03254856,0.2367100908666772,103
1,[],12,[],2019-02-19 04:00:16,57364435.0,0.000000015,0.0000000000005825774999999999,6715516,2019-02-19 04:00:16,btc,137279442.49427584,0.0,0.000000015,btc,120679532.2971906,0.05047670460215162,0.20306644000000001,105
1,[],27,[],2019-02-19 04:00:27,3997411.89,0.00000001,0.000000000000388385,6715517,2019-02-19 04:00:27,btc,0.2583299431492299,0.0,0.00000001,btc,303168.20460553,0.0,0.0399741189,105
1,[],22,[],2019-02-19 04:00:32,9328.0,0.00000001,0.000000000000388385,6715518,2019-02-19 04:00:32,BTC,51.10825004,0.0,0.00000001,BTC,468935.0,0.0,9.328e-05,107
1,[],26,[],2019-02-19 04:00:33,0.0,0.00000000,0,6715519,2019-02-19 04:00:33,btc,0.0,0.0,0.00000000,btc,0.0,0.0,0.0,107
1,[],5,[],2019-02-19 04:00:34,0.0,0,0,6715520,2019-02-19 04:00:34,btc,0.0,0.004019,0,btc,0.0,0.0,0.0,112
1,[],22,[],2019-02-19 04:00:40,1966.0,0.00000001,0.000000000000388385,6715521,2019-02-19 04:00:40,BTC,2.81183288,0.0,0.00000001,BTC,808524.0833333334,0.0,1.966e-05,112
0,[],27,[],2019-02-19 04:00:52,0.0,0,0,6715522,2019-02-19 04:00:52,,1.35132491849924,0.0,0,"btc,eth",1328.641654,0.0,0.0,112
1,[],4,[],2019-02-19 04:00:53,469901.73027259,0.00000316,0.00000000012272966,6715523,2019-02-19 04:00:53,btc,0.3082354277397174,0.0,0.00000316,btc,75753.1904147,0.34975258,0.2476695792973339,113
1,[],5,[],2019-02-19 04:00:55,0.0,0,0,6715524,2019-02-19 04:00:55,btc,0.0,0.0,0,btc,0.0,0.0,0.0,113
1,[],17,[],2019-02-19 04:00:56,152738.278,0.00000004,0.00000000000155354,6715525,2019-02-19 04:00:56,btc,1.3368030275422431,0.0,0.00000004,btc,51896.221,0.0,0.0022095311199999998,116
0,[],27,[],2019-02-19 04:01:02,0.0,0,0,6715526,2019-02-19 04:01:02,,0.0,0.0,0,btc,0.0,0.0,0.0,116
1,[],4,[],2019-02-19 04:01:03,27630.70357511,0.00003105,0.000000001205935425,6715527,2019-02-19 04:01:03,btc,0.9062754827075107,0.0,0.00003105,btc,26107.38989922,1.05086671,0.6827491064663059,120
1,[],7,[],2019-02-19 04:01:07,18204.2457068,0.0000295399999999999983879735154790324713758309371769428253173828125,0.00000000114728929,6715528,2019-02-19 04:01:07,btc,115649.94781833973,41.62128753,0.0000295399999999999983879735154790324713758309371769428253173828125,btc,27736.85061065,0.00125102,0.0761010389557579,120
1,[],20,[],2019-02-19 04:01:13,1073956.4397,0.000000017,0.0000000000006602545,6715529,2019-02-19 04:01:13,btc,31.909191296025,2628.95,0.000000017,btc,1141578.7853,4.469215e-05,0.0050864568674,125
1,[],22,[],2019-02-19 03:31:15,3053.0,0.00000001,0.000000000000387381,6715394,2019-02-19 03:31:15,BTC,0.01444887,0.0,0.00000001,BTC,296263.5111111111,0.0,3.053e-05,126
1,[],4,[],2019-02-19 03:16:06,127481.13908927,0.00001693,0.0000000006557446110000001,6715216,2019-02-19 03:16:06,btc,0.9236903544741014,0.0,0.00001693,btc,43733.92171121,0.42220231,1.059498152914785,131
0,[],17,[],2019-02-19 03:16:08,0.0,0,0,6715217,2019-02-19 03:16:08,btc,0.0009561751951600001,0.0,0,btc,35.42829368,0.0,0.0,131
0,[],2,[],2019-01-20 23:25:46,0.0,0,0,6476969,2019-01-20 23:25:46,,0.0,0.0,0,,0.0,0.0,0.0,131
1,[],4,[],2019-02-19 04:01:21,4559.23604539,0.00016200,0.000000006291837,6715532,2019-02-19 04:01:21,btc,1.647401424516374,0.0,0.00016200,btc,334.44418488,0.0,0.0093084667748179,135
1,[],3,[],2019-02-19 04:01:22,1717523.63905174,0.00000005,0.000000000001941925,6715533,2019-02-19 04:01:22,btc,0.1305819625138315,19752.0,0.00000005,btc,546874.90940695,0.0,0.0625399017803675,136
1,[],4,[],2019-02-19 04:01:22,60270.23792828,0.00000171,0.000000000066413835,6715534,2019-02-19 04:01:22,btc,0.1185102137770024,0.0,0.00000171,btc,56635.49444277,0.08422121,0.0701363102209088,137
1,[],12,[],2019-02-19 04:01:24,295633.24895461,0.00000172999999999999995347796898081949024117420776747167110443115234375,0.000000000067190605,6715535,2019-02-19 04:01:24,btc,11807.700726126717,0.0,0.00000172999999999999995347796898081949024117420776747167110443115234375,btc,157827.15676263,0.0002406299994118,0.0252690298326081,137
1,[],17,[],2019-02-19 03:31:30,22967.386363640002,0.00000088,0.000000000034089528,6715399,2019-02-19 03:31:30,btc,20.0699133484,0.0,0.00000088,btc,405.079105,0.0,0.0104613000000032,142
1,[],20,[],2019-02-19 03:31:32,133929.4737,0.000033861,0.0000000013117108041,6715400,2019-02-19 03:31:32,btc,0.3745729089222,5089.7983,0.000033861,btc,3489.7846,0.389674957848,0.2521758680129,142
1,[],22,[],2019-02-19 03:32:44,1613.354305200341,0.00003220,0.0000000012473668200000001,6715401,2019-02-19 03:32:44,BTC,3.0070065,0.0,0.00003220,BTC,896.9784641392417,0.0,0.0018856,142
0.0,[],25,[],2019-02-19 03:32:45,0.0,0,0,6715402,2019-02-19 03:32:45,,0.0,0.0,0.0,btc,0.0,0.0,0.0,142
1,[],28,[],2019-02-19 03:32:47,77743.0,0.00004500,0.0000000017432145,6715403,2019-02-19 03:32:47,btc,0.057100837,474.0,0.00004500,btc,356.4989,0.0,0.0519372,142
1,[],4,[],2019-02-19 04:01:25,198601.08459144,0.00005319,0.000000002065819815,6715536,2019-02-19 04:01:25,btc,1.4946796596002898,0.0,0.00005319,btc,20879.8505766,1.66767077,0.2720437608633277,142
1,[],5,[],2019-02-19 04:01:26,0.0,0,0,6715537,2019-02-19 04:01:26,btc,0.0,0.97001869,0,btc,0.0,0.0,0.0,142
0,[],22,[],2019-02-19 03:16:42,0.0,0,0,6715228,2019-02-19 03:16:42,,67.24443376,0.0,0,,817363658.3,0.0,0.0,143
1,[],21,[],2019-02-19 03:01:19,31667474.06286539,0.00000025,0.00000000000969125,6715033,2019-02-19 03:01:19,btc,64.70414019549257,19108267.46605831,0.00000025,btc,104567365.92880204,4.94439401,4.425427650652239,145
0,[],22,[],2019-02-19 03:01:22,0.0,0,0,6715034,2019-02-19 03:01:22,,4.24946284,0.0,0,,1812156.0,0.0,0.0,146
,[],22,[],2018-11-20 23:01:11,0.0,0,0,4862114,2018-11-20 23:01:11,,2.56807021,0.0,,,61828.4988236,0.0,0.0,147
1,[],12,[],2019-02-19 03:16:43,8679323.1593337,0.00000279999999999999987329471311248152431971902842633426189422607421875,0.00000000010845155999999999,6715229,2019-02-19 03:16:43,btc,16.58405710482083,0.0,0.00000279999999999999987329471311248152431971902842633426189422607421875,btc,122572.3440185,0.0005456822237856,0.107962347999998,148
1,[],4,[],2019-02-19 03:16:44,247751.67438999,0.00000030,0.00000000001161981,6715230,2019-02-19 03:16:44,btc,0.7780199853748894,0.0,0.00000030,btc,593167.18068715,0.00020876,0.0586340587886126,152
0,[],22,[],2019-02-19 03:16:47,0.0,0,0,6715231,2019-02-19 03:16:47,,0.0,0.0,0,,0.0,0.0,0.0,152
1,[],5,[],2019-02-19 03:16:50,0.0,0,0,6715232,2019-02-19 03:16:50,btc,0.0,0.0,0,btc,0.0,0.0,0.0,153
,[],16,[],2019-01-11 15:38:59,0.0,0,0,6366141,2019-01-11 15:38:59,btc,0.0,0.0,,btc,0.0,0.0,0.0,155
0,[],22,[],2019-02-19 03:17:32,0.0,0,0,6715233,2019-02-19 03:17:32,,6.74608761,0.0,0,,4644402.242592593,0.0,0.0,156
0,[],23,[],2019-01-20 23:24:29,0.0,0,0,6476932,2019-01-20 23:24:29,,0.0,0.0,0,,0.0,0.0,0.0,156
1,[],22,[],2019-02-19 03:17:38,7073.8,0.00005300,0.0000000020528331,6715234,2019-02-19 03:17:38,BTC,43.78801181,0.0,0.00005300,BTC,1067.5805334758436,0.0,0.00104336,157
0,[],22,[],2019-02-19 03:17:42,0.0,0,0,6715235,2019-02-19 03:17:42,,50175.68008609,0.0,0,,54479136.04179466,0.0,0.0,158
,[],17,[],2018-11-20 22:56:10,0.0,0,0,4861976,2018-11-20 22:56:10,btc,1.1265625,0.0,,btc,1000.0,0.0,0.0,159
,[],20,[],2018-11-20 22:56:12,0.0,0,0,4861977,2018-11-20 22:56:12,btc,11912.7940471,0.0,,btc,34413894.3617,0.0,0.0,159
1,[],12,[],2019-02-19 03:17:44,188468.26349539,0.00000740000000000000030041073795228356857478502206504344940185546875,0.00000000028662198,6715236,2019-02-19 03:17:44,btc,6.657397357707822,0.0,0.00000740000000000000030041073795228356857478502206504344940185546875,btc,14477.21569509,0.0058080886657922,0.0942376335000029,168
1,[],17,[],2019-02-19 02:16:46,29784.95,0.000001,0.0000000000388217,6714834,2019-02-19 02:16:46,btc,0.03026736251542,0.0,0.000001,btc,144.46171372,0.0,0.00716147,168
0,[],22,[],2019-02-19 03:17:50,0.0,0,0,6715237,2019-02-19 03:17:50,,1.14655792,0.0,0,,759972.8900917594,0.0,0.0,169
1,[],22,[],2019-02-19 03:17:54,179276.0,0.00000021,0.000000000008133867,6715238,2019-02-19 03:17:54,BTC,13.29204226,0.0,0.00000021,BTC,164829.50740750547,1.108e-05,0.02507036,171
1,[],22,[],2019-02-19 03:18:00,133596.6,0.00000005,0.000000000001936635,6715239,2019-02-19 03:18:00,BTC,2.66238545,0.0,0.00000005,BTC,265394.9375988837,0.00377032,0.00533987,173
1,[],5,[],2019-02-19 03:18:01,0.0,0,0,6715240,2019-02-19 03:18:01,btc,0.0,0.13050903,0,btc,0.0,0.0,0.0,175
1,[],22,[],2019-02-19 03:18:08,37430.0,0.0000003,0.00000000001161981,6715241,2019-02-19 03:18:08,BTC,0.53079598,0.0,0.0000003,BTC,143403.40970790636,0.0,0.0032426,176
1,[],7,[],2019-02-19 03:18:13,0.0,0,0,6715242,2019-02-19 03:18:13,btc,410918.63489866455,0.0,0,btc,115828955.16222881,0.0,0.0,178
0,[],22,[],2019-02-19 03:18:16,0.0,0,0,6715243,2019-02-19 03:18:16,,1.00242428,0.0,0,,57512.0,0.0,0.0,178
0,[],2,[],2019-01-20 23:28:34,0.0,0,0,6477001,2019-01-20 23:28:34,,0.0,0.0,0,,0.0,0.0,0.0,178
1,[],5,[],2019-02-19 03:18:17,0.0,0,0,6715244,2019-02-19 03:18:17,btc,0.0,0.93542223,0,btc,0.0,0.0,0.0,179
1,[],22,[],2019-02-19 03:18:23,7859285.0,0.00000002,0.000000000000774654,6715245,2019-02-19 03:18:23,BTC,5.49491223,0.0,0.00000002,"BTC,LTC",17558294.468656633,0.0,0.38444554,179
0,[],23,[],2019-01-20 23:25:08,0.0,0,0,6476952,2019-01-20 23:25:08,,0.0,0.0,0,,0.0,0.0,0.0,179
1,[],22,[],2019-02-19 03:18:41,128933.32,0.00000025,0.000000000009683175,6715246,2019-02-19 03:18:41,BTC,0.19903667,0.0,0.00000025,"BTC,LTC",57249.550688868796,0.00115418,0.00134617,180
1,[],26,[],2019-02-19 03:18:41,0.0,0.00000100,0.0000000000387327,6715247,2019-02-19 03:18:41,btc,0.0,0.0,0.00000100,btc,0.0,0.0,0.0,180
1,[],17,[],2019-02-19 02:17:39,10504.725,0.0000001,0.00000000000388217,6714844,2019-02-19 02:17:39,btc,5.201913593507951,0.0,0.0000001,btc,5427.1328087,0.0,0.0010504725,180
,[],7,[],2018-11-20 22:58:01,562227.975654,0.00000085,0.000000000036176765,4862015,2018-11-20 22:58:01,btc,21836.6059674,2491.87645172,,btc,749999.041456,0.00211021,0.127565380455,183
,[],5,[],2019-01-10 08:11:41,0.0,0,0,6347036,2019-01-10 08:11:41,btc,82.15055501,0.00261,,btc,1.19002445,0.0,0.0,187
1,[],24,[],2019-02-19 03:18:41,0.0,0.000000000001,3.8732700000000003e-17,6715248,2019-02-19 03:18:41,btc,0.0,0.0,0.000000000001,btc,0.0,0.0,0.0,187
,[],17,[],2018-11-16 20:58:10,4062536.27273,0.00000001,0.000000000000550501,4708775,2018-11-16 20:58:10,btc,3.36492563466,0.195460381006,,"btc,eth",110697919.549,0.0,0.0157628953496,187
0,[],22,[],2019-02-19 03:18:45,0.0,0,0,6715249,2019-02-19 03:18:45,,1.19374426,0.0,0,,16338.869534405507,0.0,0.0,191
0,[],22,[],2019-02-19 03:19:20,0.0,0,0,6715250,2019-02-19 03:19:20,,0.0,0.0,0,,0.0,0.0,0.0,197
0,[],23,[],2019-01-20 23:31:41,0.0,0,0,6477079,2019-01-20 23:31:41,,0.0,0.0,0,,0.0,0.0,0.0,199
0,[],22,[],2019-02-19 03:19:24,0.0,0,0,6715251,2019-02-19 03:19:24,,5.17330081,0.0,0,,21824453.0,0.0,0.0,199
1,[],26,[],2019-02-19 03:19:24,0.0,0.00000000,0,6715252,2019-02-19 03:19:24,btc,0.0,747758.0,0.00000000,btc,0.0,0.0,0.0,199
0,[],17,[],2019-01-30 16:32:01,0.0,0,0,6540827,2019-01-30 16:32:01,btc,6.802544163788159,0.0,0,btc,105897.55575295,0.0,0.0,200
0,[],2,[],2019-01-20 23:30:49,0.0,0,0,6477059,2019-01-20 23:30:49,,0.0,0.0,0,,0.0,0.0,0.0,201
1,[],4,[],2019-01-25 15:51:35,2084389.58565343,0.00000936,0.000000000333526752,6499557,2019-01-25 15:51:35,btc,2.0092503037378524,0.0,0.00000936,btc,160195.80207885,0.19272417,1.242687955921835,211
1,[],7,[],2019-02-19 03:19:27,4652305.7803287,0.000001410000000000000052661867921965921368609997443854808807373046875,0.000000000054613107,6715253,2019-02-19 03:19:27,btc,15475875.870093314,1816969.32258,0.000001410000000000000052661867921965921368609997443854808807373046875,btc,12815917.84377944,0.0,3.024813438361977,212
1,[],5,[],2019-02-19 03:19:28,0.0,0,0,6715254,2019-02-19 03:19:28,btc,0.0,0.23251375,0,btc,0.0,0.0,0.0,213
1,[],24,[],2019-02-19 03:19:28,0.0,0.000000050000,0.000000000001936635,6715255,2019-02-19 03:19:28,btc,0.0,20.0,0.000000050000,btc,0.0,1.76e-05,0.0,213
1,[],26,[],2019-02-19 03:19:28,0.0,0.00000009,0.000000000003485943,6715256,2019-02-19 03:19:28,btc,0.0,0.0,0.00000009,btc,0.0,0.0,0.0,213
1,[],12,[],2019-01-25 02:44:32,207462.42853209,0.000001080000000000000035831255497387193287295303889550268650054931640625,0.000000000038610756000000006,6493050,2019-01-25 02:44:32,btc,85023.03793723314,0.0,0.000001080000000000000035831255497387193287295303889550268650054931640625,btc,43675.73520027,0.000146250909087,0.0348620860622024,213
0,[],22,[],2019-02-19 03:19:33,0.0,0,0,6715257,2019-02-19 03:19:33,,2.19551377,0.0,0,,211112.59081706151,0.0,0.0,216
1,[],27,[],2019-02-19 03:19:42,5204157.5615,0.00000006,0.000000000002323962,6715258,2019-02-19 03:19:42,btc,362.0745472606,200.0,0.00000006,"btc,ltc",264161.775,2e-05,0.05478726246,216
1,[],22,[],2019-02-19 03:19:47,186611.22052495697,0.00000192,0.000000000074366784,6715259,2019-02-19 03:19:47,BTC,12676.7714325,0.0,0.00000192,BTC,397739.78051871946,0.05759539,0.21042763,217
1,[],7,[],2019-02-19 03:19:48,0.0,0,0,6715260,2019-02-19 03:19:48,btc,77969.6156418105,0.0,0,btc,137055636.5050253,0.0,0.0,219
0,[],27,[],2019-02-19 03:19:58,0.0,0,0,6715261,2019-02-19 03:19:58,,5.341833788316972,0.0,0,btc,1599140.99226595,0.0,0.0,219
0.0000000000000053,[],28,[],2019-02-19 03:20:04,168163313.092,4.399477e-18,1.7040362279790002e-22,6715262,2019-02-19 03:20:04,doge,84047.8870939895,14040.0,0.00083009,"btc,doge",4762557.44411,0.0,1.1688635191466321e-11,219
1,[],22,[],2019-02-19 03:20:11,245477.6,0.00000019,0.000000000007359213,6715263,2019-02-19 03:20:11,BTC,2.99452318,0.0,0.00000019,BTC,90991.46837794242,0.0,0.02663551,221
1,[],24,[],2019-02-19 03:20:11,0.0,0.000000180000,0.000000000006971886,6715264,2019-02-19 03:20:11,btc,0.0,0.0,0.000000180000,btc,0.0,0.0,0.0,221
1,[],20,[],2019-02-19 03:20:13,47081815.8425,0.000000002,0.0000000000000774654,6715265,2019-02-19 03:20:13,btc,47.9786214075211,0.0,0.000000002,btc,10194573.1132,0.0,0.0477109711063,224
0,[],22,[],2019-02-19 03:20:17,0.0,0,0,6715266,2019-02-19 03:20:17,,0.0,0.0,0,,0.0,0.0,0.0,224
1,[],26,[],2019-02-19 03:20:17,0.0,0.00000033,0.000000000012781791,6715267,2019-02-19 03:20:17,btc,0.0,0.0,0.00000033,btc,0.0,0.0,0.0,231
1,[],26,[],2019-02-19 03:20:17,0.0,0.00000006,0.000000000002323962,6715268,2019-02-19 03:20:17,btc,0.0,100.0,0.00000006,btc,0.0,0.0,0.0,234
0,[],27,[],2019-02-19 03:20:36,0.0,0,0,6715269,2019-02-19 03:20:36,,0.0113483662182,0.0,0,"btc,eth",11462.99618,0.0,0.0,234
0,[],22,[],2019-02-19 03:20:41,0.0,0,0,6715270,2019-02-19 03:20:41,,4.08286522,0.0,0,,104073927.81349206,0.0,0.0,235
1,[],4,[],2019-02-19 03:20:42,1101701.34330673,0.00000081,0.000000000031373487,6715271,2019-02-19 03:20:42,btc,0.3098562513213872,0.0,0.00000081,btc,244189.99629055,0.0643535,0.3874317443833958,236
1,[],24,[],2019-02-19 03:20:42,0.0,0.000000020010,0.000000000000775041327,6715272,2019-02-19 03:20:42,btc,0.0,0.0,0.000000020010,btc,0.0,0.0,0.0,236
1,[],20,[],2019-02-19 03:20:44,70817815.6944,0.000000072,0.0000000000027887544,6715273,2019-02-19 03:20:44,btc,16.9790969565331,38381296.2547,0.000000072,btc,41259390.6022,2.9629091756182,0.6458676912278,237
1,[],22,[],2019-02-19 03:20:50,116403.0,0.00000004,0.000000000001549308,6715274,2019-02-19 03:20:50,BTC,0.0405823,0.0,0.00000004,"BTC,LTC",3164.0,0.0,0.00482009,237
1,[],4,[],2019-02-19 03:20:52,4781704.24599508,0.00000034,0.000000000013169118,6715275,2019-02-19 03:20:52,btc,0.5422949172435361,0.0,0.00000034,btc,1356508.95709322,0.35930012,1.522107374480289,238
1,[],5,[],2019-02-19 03:20:53,0.0,0,0,6715276,2019-02-19 03:20:53,btc,0.0,0.05470898,0,btc,0.0,0.0,0.0,238
0,[],22,[],2019-02-19 03:20:58,0.0,0,0,6715277,2019-02-19 03:20:58,,27.41701007,0.0,0,,370860.0639027493,0.0,0.0,249
0.0000000001206722,[],22,[],2019-02-19 03:21:05,7021097.666666667,3.620166e-18,1.402188036282e-22,6715278,2019-02-19 03:21:05,LTC,0.56670218,0.0,0.00000003,LTC,15147487.09,0.0,0.20963595,252
1,[],28,[],2019-02-19 03:21:07,4391956.698,0.0000001,0.00000000000387327,6715279,2019-02-19 03:21:07,btc,164693.70150149014,65405.7,0.0000001,btc,1119203.9751,0.0,0.2663411375,256
1,[],22,[],2019-02-19 03:21:12,1494873.6666666667,0.00000003,0.000000000001161981,6715280,2019-02-19 03:21:12,BTC,30.15825348,0.0,0.00000003,BTC,398516.42423192423,0.0,0.04370093,258
1,[],22,[],2019-02-19 03:21:17,49651.0,0.00000002,0.000000000000774654,6715281,2019-02-19 03:21:17,BTC,2.629917,0.0,0.00000002,BTC,1762.0,0.0,0.00050551,259
1,[],22,[],2019-02-19 03:21:24,11260.0,0.00000782,0.000000000302889714,6715282,2019-02-19 03:21:24,BTC,1293.00653575,0.0,0.00000782,"BTC,LTC",5151.303258935249,0.00935328,0.01363705,262
1,[],5,[],2019-02-19 03:21:25,0.0,0,0,6715283,2019-02-19 03:21:25,btc,0.0,0.10592044,0,btc,0.0,0.0,0.0,264
1,[],20,[],2019-02-19 03:21:27,1235453.624,0.00000101,0.000000000039120027,6715284,2019-02-19 03:21:27,btc,8.6497379732275,18688.2542,0.00000101,btc,157372.5759,0.06878833596,0.0183951445528,264
1,[],22,[],2019-02-19 03:21:33,62163.5,0.00000002,0.000000000000774654,6715285,2019-02-19 03:21:33,BTC,8.43553312,0.0,0.00000002,BTC,415509.1485028838,0.00015,0.00074564,271
0,[],22,[],2019-02-19 03:21:37,0.0,0,0,6715286,2019-02-19 03:21:37,,385.44178703,0.0,0,,15173097515.9,0.0,0.0,272
0.0000000000000053,[],28,[],2019-02-19 03:21:40,205546362856.083,4.134e-21,1.6012098180000002e-25,6715287,2019-02-19 03:21:40,doge,441787186.49928653,20706553106.603,0.00000078,doge,213168589474.28006,0.0,5.418529853117355e-10,272
1,[],22,[],2019-02-19 03:21:49,19113.156998003993,0.00000550,0.00000000021302985,6715288,2019-02-19 03:21:49,BTC,74.21378631,0.0,0.00000550,"BTC,LTC",4145.887704275736,0.05193403,0.07312473,281
