pairValue,buyBook,exchangeId,sellBook,updated,buyTotal,satoshiPrice,usdPrice,exchangeLogId,created,bestPair,sellTotalBtc,volume,pairPrice,activePairs,sellTotal,volumeBtc,buyTotalBtc,coinId
1,[],3,[],2019-02-20 04:18:27,30551.576508980128,0.01280082999999999915363702029935666359961032867431640625,0.000000501815577494,6729791,2019-02-20 04:18:27,btc,61.12087796576604,5.16507124641,0.01280082999999999915363702029935666359961032867431640625,btc,25.712509053197,0.0,0.20876178050578106,1
1,[],4,[],2019-02-20 04:18:28,119.47403734,0.01305004,0.000000511585058072,6729792,2019-02-20 04:18:28,btc,0.9971432641042158,0.0,0.01305004,btc,70.47305785,1.76456708,0.9535942748185487,1
1,[],5,[],2019-02-20 04:18:30,0.0,0,0,6729793,2019-02-20 04:18:30,btc,0.0,0.33589406,0,btc,0.0,0.0,0.0,1
1,[],10,[],2019-02-20 04:18:32,414249.65313117,0.01171376,0.00000045920047676799997,6729794,2019-02-20 04:18:32,btc,6523.055467320092,1371.83371391,0.01171376,btc,1081.21316221,0.0,4.957440728571978,1
1,[],12,[],2019-02-20 04:18:34,10426.60581287,0.01281999999999999979849452103053408791311085224151611328125,0.000000502567076,6729795,2019-02-20 04:18:34,btc,0.2754016951566,0.0,0.01281999999999999979849452103053408791311085224151611328125,btc,14.1946001,0.117169786019,0.2160971935919,1
1,[],20,[],2019-02-20 04:18:36,1151.124,0.010500214,0.0000004116272891852,6729796,2019-02-20 04:18:36,btc,0.0588401269655,0.0098,0.010500214,btc,2.6354,0.0001029020776,0.0961611111815,1
1,[],21,[],2019-02-20 04:18:37,2549.63841422,0.01281417999999999966787012085,0.000000502338921524,6729797,2019-02-20 04:18:37,btc,25.01893111546161,8043.668430889999,0.01281417999999999966787012084523666999302804470062255859375,"btc,eth",2418.72606373,100.52450890516542,23.09919545886777,1
1,[],22,[],2019-02-20 04:18:42,0.0163776,0.01300000,0.0000005096234,6729798,2019-02-20 04:18:42,BTC,0.31423927,0.0,0.01300000,BTC,0.11751954901960784,0.0,0.00020972,1
1,[],24,[],2019-02-20 04:18:42,0.0,0.000000000000,0,6729799,2019-02-20 04:18:42,btc,0.0,0.0,0.000000000000,btc,0.0,0.0,0.0,1
0.0,[],25,[],2019-02-20 04:18:43,0.0,0,0,6729800,2019-02-20 04:18:43,btc,24.39329999774121,2929.35333725,0.0,btc,1856.38093233,39.434,0.0,1
1,[],26,[],2019-02-20 04:19:00,0.0,0,0,6729801,2019-02-20 04:19:00,,0.0,0.0,0,,0.0,0.0,0.0,1
1,[],28,[],2019-02-20 04:19:02,993.21,0.01323000,0.000000518639814,6729802,2019-02-20 04:19:02,btc,0.162839806,17696.0,0.01323000,btc,8.9,0.0,0.090071836,1
0,[],2,[],2019-01-20 23:28:45,0.0,0,0,6477011,2019-01-20 23:28:45,,0.0,0.0,0,,0.0,0.0,0.0,1
1,[],5,[],2019-02-20 04:19:03,0.0,0,0,6729803,2019-02-20 04:19:03,btc,0.0,0.00292676,0,btc,0.0,0.0,0.0,2
0.00000000012769450000000001,[],22,[],2019-02-20 04:19:06,1148.0,1.4046395e-16,5.50643967511e-21,6729804,2019-02-20 04:19:06,XMR,21.01373823,0.0,0.00000110,XMR,14319.12581,0.0,0.00087635,2
1,[],5,[],2019-02-20 04:19:07,0.0,0,0,6729805,2019-02-20 04:19:07,btc,0.0,1.05757604,0,btc,0.0,0.0,0.0,3
1,[],12,[],2019-02-20 04:19:08,12604457.50461863,0.000000175,0.0000000000068603149999999995,6729806,2019-02-20 04:19:08,btc,924398.2930949542,0.0,0.000000175,btc,8921978.03364099,0.11608608476449422,0.5654973898282138,3
0,[],28,[],2019-02-20 04:19:10,0.0,0,0,6729807,2019-02-20 04:19:10,,0.0,0.0,0,,0.0,0.0,0.0,3
0,[],2,[],2019-01-20 23:31:32,0.0,0,0,6477077,2019-01-20 23:31:32,,0.0,0.0,0,,0.0,0.0,0.0,4
1,[],4,[],2019-02-20 04:19:11,401048.17324027,0.00000032,0.000000000012544576,6729808,2019-02-20 04:19:11,btc,0.384841883779883,0.0,0.00000032,btc,337830.34099658,0.0,0.0549125982740441,4
1,[],12,[],2019-02-20 04:19:12,1281863.18866667,0.00000003,0.000000000001176054,6729809,2019-02-20 04:19:12,btc,11013879.498835737,0.0,0.00000003,btc,1239213.19484872,0.00221118,0.019581570440000102,5
0,[],2,[],2019-01-20 23:31:51,0.0,0,0,6477087,2019-01-20 23:31:51,,0.0,0.0,0,,0.0,0.0,0.0,6
1,[],11,[],2019-02-20 04:19:14,2195155.5,0.00000002,0.000000000000784036,6729810,2019-02-20 04:19:14,btc,9433.301703841978,10000.0,0.00000002,btc,40590803.19947657,0.0,0.025912805,6
1,[],3,[],2019-02-20 04:19:15,1098.446460383364,0.00015302999999999999003637285444057170025189407169818878173828125,0.000000005999051453999999,6729811,2019-02-20 04:19:15,btc,27.605796873748474,0.0,0.00015302999999999999003637285444057170025189407169818878173828125,btc,249.144760639695,0.0,0.035198713367701605,7
1,[],4,[],2019-02-20 04:19:16,14808.27385316,0.00021322,0.000000008358607795999999,6729812,2019-02-20 04:19:16,btc,2.479438959539439,0.0,0.00021322,btc,10207.00569129,4.27327415,2.813254453252659,7
1,[],5,[],2019-02-20 04:19:17,0.0,0,0,6729813,2019-02-20 04:19:17,btc,0.0,0.32932866,0,btc,0.0,0.0,0.0,7
1,[],20,[],2019-02-20 02:16:17,39399275.8418,0.000000001,0.0000000000000390183,6728586,2019-02-20 02:16:17,btc,116.9737569154545,525.0,0.000000001,btc,56932965.8895,5.25e-07,0.0393992758418,8
0,[],2,[],2019-01-20 23:22:42,0.0,0,0,6476876,2019-01-20 23:22:42,,0.0,0.0,0,,0.0,0.0,0.0,9
0,[],23,[],2019-01-20 23:22:48,0.0,0,0,6476878,2019-01-20 23:22:48,,0.0,0.0,0,,0.0,0.0,0.0,9
1,[],4,[],2019-02-20 04:19:19,478838.31054901,0.00000179,0.000000000070171222,6729814,2019-02-20 04:19:19,btc,1.5462359403193053,0.0,0.00000179,btc,839282.14225852,2.74344876,0.8210575189063117,9
1,[],28,[],2019-02-20 04:19:21,43948.0,0.00000175,0.00000000006860315,6729815,2019-02-20 04:19:21,btc,2709.147620057195,3722398.0,0.00000175,btc,204959.7701,0.0,0.044282,9
1,[],1,[],2019-02-17 23:31:42,1822507.21,0.00000181000000000000003456111265232042484285557293333113193511962890625,0.000000000066086901,6701244,2019-02-17 23:31:42,btc,3.6990969245,17153386.5,0.00000181000000000000003456111265232042484285557293333113193511962890625,btc,1997391.71,31.11772986,3.2610482446,9
1,[],4,[],2019-02-17 11:22:43,4341674.27126056,0.00000002,0.0000000000007272960000000001,6696112,2019-02-17 11:22:43,btc,0.1997230937751353,0.0,0.00000002,btc,4109766.79808031,0.00215132,0.0479381022052112,10
1,[],4,[],2019-02-20 04:19:22,2633118.27114284,0.00000151,0.000000000059194718,6729816,2019-02-20 04:19:22,btc,4.120370509012502,0.0,0.00000151,btc,2414787.22480153,4.36168191,3.8314585680244164,12
1,[],5,[],2019-02-20 04:19:23,0.0,0,0,6729817,2019-02-20 04:19:23,btc,0.0,1.29347806,0,btc,0.0,0.0,0.0,12
0.0,[],25,[],2019-02-20 04:19:24,0.0,0,0,6729818,2019-02-20 04:19:24,,0.0,0.0,0.0,btc,0.0,0.0,0.0,12
0,[],2,[],2019-01-20 23:23:08,0.0,0,0,6476890,2019-01-20 23:23:08,,0.0,0.0,0,,0.0,0.0,0.0,12
1,[],4,[],2019-02-20 04:19:25,1311786.10915674,0.00000584,0.000000000228938512,6729819,2019-02-20 04:19:25,btc,0.5377875175338203,0.0,0.00000584,btc,85040.92848752,0.48712668,1.3591697343678997,13
1,[],10,[],2019-02-20 04:19:27,468287.63144182,0.00000592,0.000000000232074656,6729820,2019-02-20 04:19:27,btc,666802.4559913754,9240.47590169,0.00000592,btc,721819.18982852,0.0,0.3946311315334064,13
1,[],21,[],2019-02-20 04:19:29,1179027.75371272,0.000006000000000000000152005144582,0.0000000002352108,6729821,2019-02-20 04:19:29,btc,5.179149846474493,263024.84367125,0.00000600000000000000015200514458246772164784488268196582794189453125,btc,781269.62199981,1.55283673,3.628122697813325,13
1,[],4,[],2019-02-20 04:19:29,948976.31338901,0.00000125,0.00000000004900225,6729822,2019-02-20 04:19:29,btc,0.1195704451108239,0.0,0.00000125,btc,61798.20726547,0.15359114,0.358802403124195,14
1,[],12,[],2019-02-20 04:19:30,85796.2231405,0.00000128000000000000002678087786256444502441809163428843021392822265625,0.000000000050178304,6729823,2019-02-20 04:19:30,btc,5.311364356192959,0.0,0.00000128000000000000002678087786256444502441809163428843021392822265625,btc,33400.45958492,0.0030983453533414,0.009661160000005,14
0,[],17,[],2019-02-20 04:19:42,0.0,0,0,6729824,2019-02-20 04:19:42,btc,0.0,0.0,0,btc,0.0,0.0,0.0,14
1,[],26,[],2019-02-20 04:19:42,0.0,0.00000050,0.000000000019600899999999998,6729825,2019-02-20 04:19:42,btc,0.0,0.0,0.00000050,btc,0.0,0.0,0.0,14
0,[],4,[],2019-02-20 04:19:43,0.0,0,0,6729826,2019-02-20 04:19:43,,0.0,0.0,0,,0.0,0.0,0.0,15
,[],12,[],2018-12-01 15:15:48,204241.84496,0.00000489,0.000000000202473384,5260204,2018-12-01 15:15:48,btc,49.5475654835,0.0,,btc,35763.2193806,0.0163153972027625,0.0203389899998,15
1,[],4,[],2019-02-20 04:19:44,27448.72306427,0.00001851,0.000000000725625318,6729827,2019-02-20 04:19:44,btc,1.2072076226665163,0.0,0.00001851,btc,6657.52983084,0.02899196,0.1100501682125036,18
1,[],10,[],2019-02-20 04:19:46,784197.32455076,0.00001875,0.00000000073503375,6729828,2019-02-20 04:19:46,btc,15.526569828313916,1128.55315304,0.00001875,btc,10077.63596276,0.0,0.2176605558043388,18
1,[],12,[],2019-02-20 04:19:48,204672.18451974,0.00001800000000000000045601543374740316494353464804589748382568359375,0.0000000007056324,6729829,2019-02-20 04:19:48,btc,21.90984585230514,0.0,0.00001800000000000000045601543374740316494353464804589748382568359375,btc,1745.30420256,6.6008472319e-06,0.0372738758579425,18
0,[],2,[],2019-01-20 23:23:38,0.0,0,0,6476906,2019-01-20 23:23:38,,0.0,0.0,0,,0.0,0.0,0.0,18
0,[],17,[],2019-02-20 03:40:52,0.0,0,0,6729639,2019-02-20 03:40:52,btc,0.0,0.0,0,btc,0.0,0.0,0.0,18
1,[],3,[],2019-02-20 04:20:00,120791.79559893461,0.00002298999999999999841967558700250862102620885707437992095947265625,0.0000000009012493819999999,6729830,2019-02-20 04:20:00,btc,0.5706770983412571,230.202476782,0.00002298999999999999841967558700250862102620885707437992095947265625,btc,7965.885039700873,0.0,0.08015772305156595,19
1,[],4,[],2019-02-20 04:20:02,311964.53819829,0.00002295,0.00000000089968131,6729831,2019-02-20 04:20:02,btc,0.3206799367416154,0.0,0.00002295,btc,12756.55516627,0.27645649,3.3949423443349827,19
1,[],5,[],2019-02-20 04:20:04,0.0,0,0,6729832,2019-02-20 04:20:04,btc,0.0,0.01508096,0,btc,0.0,0.0,0.0,19
1,[],12,[],2019-02-20 04:20:05,134765.04968747,0.000022929999999999998994137939689608174376189708709716796875,0.000000000898897274,6729833,2019-02-20 04:20:05,btc,1.2821167411440526,0.0,0.000022929999999999998994137939689608174376189708709716796875,btc,346.16286621,0.0026918207712522,0.0316144346268848,19
0,[],27,[],2019-02-20 04:20:07,0.0,0,0,6729834,2019-02-20 04:20:07,,0.0,0.0,0,btc,0.0,0.0,0.0,19
0,[],2,[],2019-01-20 23:24:19,0.0,0,0,6476924,2019-01-20 23:24:19,,0.0,0.0,0,,0.0,0.0,0.0,19
1,[],4,[],2019-02-20 04:20:08,8071365.41899576,0.00000014,0.000000000005488252,6729835,2019-02-20 04:20:08,btc,0.7489880752473539,0.0,0.00000014,btc,1600922.19540293,0.001,0.2586275804948392,20
0,[],17,[],2019-02-20 03:18:55,0.0,0,0,6729246,2019-02-20 03:18:55,btc,0.0,0.0,0,btc,0.0,0.0,0.0,21
1,[],4,[],2019-02-20 04:20:09,109940238.30220357,0.00000002,0.000000000000784036,6729836,2019-02-20 04:20:09,btc,0.4393521018606995,0.0,0.00000002,btc,12759592.96071072,0.01823591,1.2365266674847117,21
1,[],12,[],2019-02-20 04:20:11,18704049.0,0.00000002,0.000000000000784036,6729837,2019-02-20 04:20:11,btc,670.5914468315067,0.0,0.00000002,btc,8569477.26263923,0.0002997302427813,0.24632122,21
1,[],12,[],2019-02-20 04:20:12,3089121940.567895,0.0000000002,0.00000000000000784036,6729838,2019-02-20 04:20:12,btc,880865842705.763,0.0,0.0000000002,btc,4707684212.229221,0.027029246521478933,0.3114108719603895,23
0,[],27,[],2019-02-20 04:20:14,0.0,0,0,6729839,2019-02-20 04:20:14,,1.3429826565934113,0.0,0,eth,1964879.85514486,0.0,0.0,23
1,[],4,[],2019-02-20 04:20:15,314524.25306801,0.00000063,0.000000000024697134,6729840,2019-02-20 04:20:15,btc,0.1777166361795377,0.0,0.00000063,btc,185691.40652262,0.00658992,0.1589603469583655,24
1,[],22,[],2019-02-20 04:20:20,11.76,0.00000100,0.000000000039201799999999996,6729841,2019-02-20 04:20:20,BTC,7.415e-05,0.0,0.00000100,BTC,23.919354838709676,0.0,1.176e-05,24
0.0,[],25,[],2019-02-20 04:20:21,0.0,0,0,6729842,2019-02-20 04:20:21,,0.0,0.0,0.0,btc,0.0,0.0,0.0,24
1,[],4,[],2019-02-20 04:20:22,26863841.04602875,0.00000591,0.000000000231682638,6729843,2019-02-20 04:20:22,btc,0.5095343680891674,0.0,0.00000591,btc,42041.74913668,0.10171012,0.4598820572859464,26
1,[],10,[],2019-02-20 04:20:24,689666.50194645,0.00000541,0.000000000212081738,6729844,2019-02-20 04:20:24,btc,25.927243565998797,2550.98364448,0.00000541,btc,14351.41452713,0.0,0.2140092917256679,26
0,[],2,[],2019-01-20 23:25:56,0.0,0,0,6476976,2019-01-20 23:25:56,,0.0,0.0,0,,0.0,0.0,0.0,26
1,[],3,[],2019-02-20 04:20:27,5821005.70213569,0.00000001,0.000000000000392018,6729845,2019-02-20 04:20:27,btc,2.7794441329339814,13958.0,0.00000001,btc,18075315.03207521,0.0,0.0582100570213569,27
1,[],5,[],2019-02-20 04:20:28,0.0,0,0,6729846,2019-02-20 04:20:28,btc,0.0,1.051e-05,0,btc,0.0,0.0,0.0,27
1,[],11,[],2019-02-20 04:20:30,9803584.35433359,0.00000005,0.00000000000196009,6729847,2019-02-20 04:20:30,btc,67506.53097482225,8080.0,0.00000005,btc,8171781.9463934,0.0,0.458287845339645,27
1,[],4,[],2019-02-20 04:20:30,510424791.87972534,0.00000002,0.000000000000784036,6729848,2019-02-20 04:20:30,btc,0.23160298620347464,0.0,0.00000002,"btc,ltc",42859290.61413762,0.24960423,6.172358932973348,29
1,[],7,[],2019-02-20 04:20:31,35488357.53007294,0.00000002,0.000000000000784036,6729849,2019-02-20 04:20:31,btc,44465227.34008119,228771.475041,0.00000002,btc,58747827.9692386,0.00471146,0.35490772664074566,29
1,[],4,[],2019-02-20 04:20:32,1480769.16633651,0.00000030,0.00000000001176054,6729850,2019-02-20 04:20:32,btc,0.2106439395524738,0.0,0.00000030,btc,446097.19596192,0.00908217,0.1159411379804655,30
0,[],17,[],2019-02-20 04:20:44,0.0,0,0,6729851,2019-02-20 04:20:44,btc,0.0,0.0,0,btc,0.0,0.0,0.0,30
1,[],4,[],2019-02-20 04:20:44,1123735.65065372,0.00006005,0.00000000235406809,6729852,2019-02-20 04:20:44,btc,1.7915323541707437,0.0,0.00006005,btc,27062.67538002,3.04215556,1.1783696405007622,31
1,[],21,[],2019-02-20 04:20:45,41392.70753971,0.00005975999999999999704163727854,0.000000002342699568,6729853,2019-02-20 04:20:45,btc,2.5657005189338604,57929.47586781,0.000059759999999999997041637278538672717331792227923870086669921875,btc,40196.73254165,3.50957977,2.2322975566892924,31
0,[],2,[],2019-01-20 23:28:43,0.0,0,0,6477009,2019-01-20 23:28:43,,0.0,0.0,0,,0.0,0.0,0.0,32
1,[],4,[],2019-02-20 04:20:46,140784868.92910174,0.00000004,0.000000000001568072,6729854,2019-02-20 04:20:46,btc,3.657351061865883,0.0,0.00000004,"btc,ltc",78464286.23530062,0.25949644,2.4936982637369436,33
1,[],12,[],2019-02-20 04:20:47,15429396.0,0.00000005,0.00000000000196009,6729855,2019-02-20 04:20:47,btc,35620452.293604046,0.0,0.00000005,btc,89143683.01298675,0.0009548334165836,0.51228823,33
1,[],4,[],2019-02-20 04:20:48,130909493.88172509,0.00000001,0.000000000000392018,6729856,2019-02-20 04:20:48,btc,0.9303583187273557,0.0,0.00000001,btc,39401911.81332372,0.03979946,1.3090949388172508,34
1,[],5,[],2019-02-20 04:20:49,0.0,0,0,6729857,2019-02-20 04:20:49,btc,0.0,0.20200641,0,btc,0.0,0.0,0.0,34
0.0000000001209236,[],4,[],2019-02-20 04:20:50,1044238184.5710979,2.418472e-18,9.48084556496e-23,6729858,2019-02-20 04:20:50,ltc,8.982692679488784e-09,0.0,0.00000002,ltc,1776845227.2938497,0.0,2.058360096222906e-09,36
1,[],5,[],2019-02-20 04:20:51,0.0,0,0,6729859,2019-02-20 04:20:51,btc,0.0,5e-06,0,btc,0.0,0.0,0.0,36
0,[],17,[],2019-02-20 04:20:53,0.0,0,0,6729860,2019-02-20 04:20:53,btc,0.07464582833903918,0.0,0,btc,4105386.20243647,0.0,0.0,36
0,[],27,[],2019-02-20 04:20:55,0.0,0,0,6729861,2019-02-20 04:20:55,,114.1676941557863,0.0,0,"ltc,eth",4107666.4875004,0.0,0.0,36
1,[],4,[],2019-02-20 04:20:56,478955.14320138,0.00000079,0.000000000030969422,6729862,2019-02-20 04:20:56,btc,0.2669134805169263,0.0,0.00000079,btc,195237.42829582,0.02289313,0.1635834237928895,37
1,[],12,[],2019-02-20 04:20:57,473184.01898198,0.00000085,0.00000000003332153,6729863,2019-02-20 04:20:57,btc,1364.2662001046413,0.0,0.00000085,btc,892360.71380471,0.2487796066425093,0.1231270473799985,37
1,[],27,[],2019-02-20 04:21:00,14752.0,0.00000045,0.00000000001764081,6729864,2019-02-20 04:21:00,btc,26.15331482162233,0.0,0.00000045,btc,6830.24738508,0.0,0.00483022,37
1,[],17,[],2019-02-20 03:42:00,1752.74075282,0.00000025,0.000000000009799525,6729670,2019-02-20 03:42:00,btc,0.055484923777095005,0.0,0.00000025,btc,1319.19918473,0.0,0.00043818518820499993,37
1,[],5,[],2019-02-20 04:21:01,0.0,0,0,6729865,2019-02-20 04:21:01,btc,0.0,0.11457079,0,btc,0.0,0.0,0.0,42
1,[],12,[],2019-02-20 04:21:02,134570.96074338,0.0000008,0.00000000003136144,6729866,2019-02-20 04:21:02,btc,94.67973097392549,0.0,0.0000008,btc,90747.29317003,0.00102427,0.0415891099999986,42
0,[],27,[],2019-02-20 04:21:04,0.0,0,0,6729867,2019-02-20 04:21:04,,0.00315028,0.0,0,"btc,eth",11.007,0.0,0.0,42
1,[],5,[],2019-02-20 04:21:06,0.0,0,0,6729868,2019-02-20 04:21:06,btc,0.0,2.202e-05,0,btc,0.0,0.0,0.0,43
1,[],12,[],2019-02-20 04:21:07,4025812.0,0.00000001,0.000000000000392018,6729869,2019-02-20 04:21:07,btc,20007435.274506606,0.0,0.00000001,btc,38974229.21618381,6.565e-05,0.04025812,43
0,[],17,[],2019-02-20 04:21:08,0.0,0,0,6729870,2019-02-20 04:21:08,btc,0.0,0.0,0,btc,0.0,0.0,0.0,43
1,[],12,[],2019-02-20 04:21:09,701143.0,0.00000005,0.00000000000196009,6729871,2019-02-20 04:21:09,btc,11115177.676600281,0.0,0.00000005,btc,1077637.31470526,0.0003334,0.01837606,44
1,[],4,[],2019-02-20 04:21:10,304463646.77817446,0.00000002,0.000000000000784036,6729872,2019-02-20 04:21:10,btc,0.18867959293238545,0.0,0.00000002,"btc,ltc",4555651.05245401,0.00058058,0.21904189094260132,49
0,[],4,[],2019-02-20 04:21:11,0.0,0,0,6729873,2019-02-20 04:21:11,,4.633523909392776,0.0,0,,4257161513.018429,0.0,0.0,52
0.00000000012769450000000001,[],22,[],2019-02-20 04:21:14,88142979.0,1.2769450000000001e-18,5.0058542501e-23,6729874,2019-02-20 04:21:14,XMR,4367.75012543,0.0,0.00000001,XMR,250574391.67882353,4.996398727764e-11,0.88142979,57
0,[],27,[],2019-02-20 04:21:16,0.0,0,0,6729875,2019-02-20 04:21:16,,0.0,0.0,0,"btc,eth",0.0,0.0,0.0,57
0,[],17,[],2019-02-20 03:33:07,0.0,0,0,6729487,2019-02-20 03:33:07,btc,1e+24,0.0,0,btc,41481695.95832568,0.0,0.0,58
0.0000000001209236,[],4,[],2019-02-20 04:21:17,818428831.4340672,4.836944e-18,1.896169112992e-22,6729876,2019-02-20 04:21:17,ltc,3.2722090045555814,0.0,0.00000004,ltc,1279642364.8848472,0.0,2.0068337771951137e-09,58
1,[],12,[],2019-02-20 04:21:19,1652318164.843957,0.0000000004,0.00000000000001568072,6729877,2019-02-20 04:21:19,btc,224005479815.76865,0.0,0.0000000004,btc,3688401450.5487523,0.016258402473526466,0.5361078033011392,58
0.00000000012769450000000001,[],22,[],2019-02-20 04:21:33,137438.0,1.2769450000000001e-18,5.0058542501e-23,6729878,2019-02-20 04:21:33,XMR,69.8835922,0.0,0.00000001,XMR,9887963.0,0.0,0.00137438,58
1,[],5,[],2019-02-20 04:21:34,0.0,0,0,6729879,2019-02-20 04:21:34,btc,0.0,0.12810084,0,btc,0.0,0.0,0.0,61
1,[],22,[],2019-02-20 04:21:38,5149.5,0.00000011,0.000000000004312198,6729880,2019-02-20 04:21:38,BTC,1002.29597012,0.0,0.00000011,BTC,14947.700278135757,0.0,0.00051596,61
1,[],26,[],2019-02-20 04:21:38,0.0,0.00000800,0.00000000031361439999999997,6729881,2019-02-20 04:21:38,btc,0.0,0.0,0.00000800,btc,0.0,0.0,0.0,61
1,[],27,[],2019-02-20 04:21:40,5415.728,0.00000045,0.00000000001764081,6729882,2019-02-20 04:21:40,btc,2.9546370344781736,0.0,0.00000045,"btc,eth",18727.81599471,0.0,0.0009709972049449718,61
1,[],28,[],2019-02-20 04:21:42,13882.304,0.0000005,0.000000000019600899999999998,6729883,2019-02-20 04:21:42,btc,2.062488404235105,754.0,0.0000005,btc,15611.87550005,0.0,0.00566491304,61
1,[],4,[],2019-02-20 04:21:44,390448.49732576,0.00000340,0.00000000013328612,6729884,2019-02-20 04:21:44,btc,1.220229279450003,0.0,0.00000340,btc,278235.63234894,0.2833822,0.8438743847522615,67
0.0,[],25,[],2019-02-20 04:21:45,0.0,0,0,6729885,2019-02-20 04:21:45,,0.0,0.0,0.0,btc,0.0,0.0,0.0,67
1,[],12,[],2019-02-20 04:21:46,3014331.85333093,0.0000002,0.00000000000784036,6729886,2019-02-20 04:21:46,btc,11115996.064162116,0.0,0.0000002,btc,1817124.95874124,0.0327876585234145,0.1026377164411123,71
,[],5,[],2018-11-20 23:02:39,1.5e-07,0.00000005,0.000000000002128045,4862160,2018-11-20 23:02:39,btc,2.84511358,0.0,,btc,0.00036572,0.0,0.07381892,74
1,[],5,[],2019-02-20 04:21:48,0.0,0,0,6729887,2019-02-20 04:21:48,btc,0.0,0.0,0,btc,0.0,0.0,0.0,75
1,[],4,[],2019-02-20 04:21:49,17954943.30892337,0.00000001,0.000000000000392018,6729888,2019-02-20 04:21:49,btc,0.8634517537739842,0.0,0.00000001,btc,15391342.79181637,0.0,0.1795494330892337,81
0,[],20,[],2019-01-25 09:30:31,0.0,0,0,6495923,2019-01-25 09:30:31,btc,0.0,0.0,0,btc,0.0,0.0,0.0,81
1,[],4,[],2019-02-20 04:21:51,28486.18388732,0.00007560,0.00000000296365608,6729889,2019-02-20 04:21:51,btc,1.239848503518873,0.0,0.00007560,btc,10627.17790094,0.00706278,0.1286229965048323,82
1,[],21,[],2019-02-20 04:21:51,170073.16895823,0.00008129999999999999748569179392,0.00000000318710634,6729890,2019-02-20 04:21:51,btc,2.67576031914494,4386.7137143,0.00008129999999999999748569179391921579735935665667057037353515625,btc,25861.50795345,0.36614277,3.484740396606736,82
0,[],17,[],2019-02-20 03:20:58,0.0,0,0,6729299,2019-02-20 03:20:58,btc,0.0447233088476774,0.0,0,btc,999127.19588126,0.0,0.0,84
0.0000000001209236,[],4,[],2019-02-20 04:22:05,211258143.81498742,7.255416e-18,2.844253669488e-22,6729891,2019-02-20 04:22:05,ltc,0.19541526459112707,0.0,0.00000006,ltc,119863178.9833939,0.0,6.749540059435516e-10,85
,[],22,[],2018-11-20 23:09:34,3408.1,0.0000001,0.0000000000041895,4862324,2018-11-20 23:09:34,BTC,0.04624735,0.0,,BTC,4990.0,0.0,0.00033081,86
0,[],22,[],2019-02-20 04:22:08,0.0,0,0,6729892,2019-02-20 04:22:08,,2.0760781,0.0,0,,140622.94736842104,0.0,0.0,87
0,[],27,[],2019-02-20 04:22:10,0.0,0,0,6729893,2019-02-20 04:22:10,,0.0,0.0,0,btc,0.0,0.0,0.0,87
,[],2,[],2018-11-20 23:10:47,0.0,0,0,4862359,2018-11-20 23:10:47,,0.0,0.0,,,0.0,0.0,0.0,88
1,[],11,[],2019-02-20 04:22:12,96424.69132981,0.0001451299999999999877468848108463816970470361411571502685546875,0.0000000056893572339999995,6729894,2019-02-20 04:22:12,btc,609.8313541691538,967.8,0.0001451299999999999877468848108463816970470361411571502685546875,btc,93030.42031262,0.0,6.554873844725792,89
0,[],2,[],2019-01-20 23:31:45,0.0,0,0,6477083,2019-01-20 23:31:45,,0.0,0.0,0,,0.0,0.0,0.0,91
1,[],12,[],2019-02-20 04:22:13,430713.87046119,0.0000015099999999999999422575606977670048536310787312686443328857421875,0.000000000059194718,6729895,2019-02-20 04:22:13,btc,4.289487085464429,0.0,0.0000015099999999999999422575606977670048536310787312686443328857421875,btc,52618.89276562,0.0048666157051708,0.0446716753998744,91
0,[],17,[],2019-02-20 03:43:25,0.0,0,0,6729702,2019-02-20 03:43:25,btc,0.0,0.0,0,btc,0.0,0.0,0.0,91
0.0000000001209236,[],22,[],2019-02-20 04:22:17,3506520.0,4.836944e-18,1.896169112992e-22,6729896,2019-02-20 04:22:17,LTC,9.13252809,0.0,0.00000004,LTC,72070462.1,0.0,0.1050108,95
0.0000000001209236,[],4,[],2019-02-20 04:22:17,135021947.12536603,9.4320408e-17,3.6975297703344e-21,6729897,2019-02-20 04:22:17,ltc,0.6399013300218674,0.0,0.00000078,ltc,37187038.28079285,0.0,1.091179911245655e-09,96
1,[],12,[],2019-02-20 04:22:19,217259.0,0.00000001,0.000000000000392018,6729898,2019-02-20 04:22:19,btc,255075.85575814487,0.0,0.00000001,btc,8791026.79551422,0.00040657998002,0.00217259,96
0,[],17,[],2019-02-20 04:22:30,0.0,0,0,6729899,2019-02-20 04:22:30,btc,0.0,0.0,0,btc,0.0,0.0,0.0,96
1,[],4,[],2019-02-20 04:22:31,1903713.31464413,0.00000035,0.000000000013720629999999999,6729900,2019-02-20 04:22:31,btc,0.5533068123539292,0.0,0.00000035,btc,879705.21899562,0.04757613,0.283505263463238,99
0,[],2,[],2019-01-20 23:23:55,0.0,0,0,6476914,2019-01-20 23:23:55,,0.0,0.0,0,,0.0,0.0,0.0,100
1,[],4,[],2019-02-20 04:22:32,206568.08380568,0.00003751,0.000000001470459518,6729901,2019-02-20 04:22:32,btc,1.8292033629865851,0.0,0.00003751,btc,44790.03429293,1.49703533,1.5293550522664292,100
1,[],22,[],2019-02-20 04:22:36,50000.0,0.00000001,0.000000000000392018,6729902,2019-02-20 04:22:36,BTC,23.49896609,0.0,0.00000001,BTC,10277.22,0.0,0.0005,101
1,[],4,[],2019-02-20 04:22:37,467708.71268074,0.00000095,0.00000000003724171,6729903,2019-02-20 04:22:37,btc,0.3992612673837327,0.0,0.00000095,btc,159886.38070814,0.01968679,0.235444587753022,103
1,[],12,[],2019-02-20 04:22:41,60077907.0,0.000000015,0.000000000000588027,6729904,2019-02-20 04:22:41,btc,137279928.47069022,0.0,0.000000015,btc,118157163.4595776,0.04900467300920208,0.230208057,105
1,[],27,[],2019-02-20 04:22:42,454529.89,0.00000001,0.000000000000392018,6729905,2019-02-20 04:22:42,btc,0.1938898355560939,9020.0,0.00000001,btc,289795.05581977,0.0001804,0.0045452989,105
1,[],22,[],2019-02-20 04:22:47,9328.0,0.00000001,0.000000000000392018,6729906,2019-02-20 04:22:47,BTC,51.10825004,0.0,0.00000001,BTC,468935.0,0.0,9.328e-05,107
1,[],26,[],2019-02-20 04:22:47,0.0,0.00000000,0,6729907,2019-02-20 04:22:47,btc,0.0,0.0,0.00000000,btc,0.0,0.0,0.0,107
1,[],5,[],2019-02-20 04:22:49,0.0,0,0,6729908,2019-02-20 04:22:49,btc,0.0,0.02266448,0,btc,0.0,0.0,0.0,112
1,[],22,[],2019-02-20 04:23:04,1966.0,0.00000001,0.000000000000392018,6729909,2019-02-20 04:23:04,BTC,2.81183288,0.0,0.00000001,BTC,808524.0833333334,0.0,1.966e-05,112
0,[],27,[],2019-02-20 04:23:07,0.0,0,0,6729910,2019-02-20 04:23:07,,1.35132491849924,0.0,0,"btc,eth",1328.641654,0.0,0.0,112
1,[],4,[],2019-02-20 04:23:08,447847.25172768,0.00000308,0.000000000120741544,6729911,2019-02-20 04:23:08,btc,0.2751134197620713,0.0,0.00000308,btc,68897.01368095,0.10605555,0.1826997917680187,113
1,[],5,[],2019-02-20 04:23:09,0.0,0,0,6729912,2019-02-20 04:23:09,btc,0.0,0.0,0,btc,0.0,0.0,0.0,113
1,[],17,[],2019-02-20 03:34:58,152738.278,0.00000004,0.000000000001570032,6729523,2019-02-20 03:34:58,btc,1.3368030275184979,0.0,0.00000004,btc,51896.221,0.0,0.0022095311199999998,116
0,[],27,[],2019-02-20 04:23:11,0.0,0,0,6729913,2019-02-20 04:23:11,,0.0,0.0,0,btc,0.0,0.0,0.0,116
1,[],4,[],2019-02-20 04:23:13,24887.90780905,0.00003002,0.000000001176838036,6729914,2019-02-20 04:23:13,btc,0.8060450579625608,0.0,0.00003002,btc,23346.7643828,0.97798282,0.5738830821947392,120
1,[],7,[],2019-02-20 04:23:15,18161.50390254,0.0000295399999999999983879735154790324713758309371769428253173828125,0.0000000011580211719999998,6729915,2019-02-20 04:23:15,btc,115649.95225360275,0.0,0.0000295399999999999983879735154790324713758309371769428253173828125,btc,27866.75789845,0.0,0.0755201329188523,120
1,[],20,[],2019-02-20 04:23:18,1072995.3897,0.000000016,0.0000000000006272288,6729916,2019-02-20 04:23:18,btc,31.9239866811223,961.05,0.000000016,btc,1149811.605,1.627785e-05,0.0050701790174,125
1,[],22,[],2019-02-20 04:23:21,3053.0,0.00000001,0.000000000000392018,6729917,2019-02-20 04:23:21,BTC,0.01444887,0.0,0.00000001,BTC,296263.5111111111,0.0,3.053e-05,126
0,[],2,[],2019-01-20 23:25:46,0.0,0,0,6476969,2019-01-20 23:25:46,,0.0,0.0,0,,0.0,0.0,0.0,131
1,[],4,[],2019-02-20 04:23:22,117070.05430863,0.00001617,0.000000000633893106,6729918,2019-02-20 04:23:22,btc,0.8457704291949877,0.0,0.00001617,btc,42256.24312894,0.26381181,0.8882797510905568,131
0,[],17,[],2019-02-20 04:23:24,0.0,0,0,6729919,2019-02-20 04:23:24,btc,0.0009561751951600001,0.0,0,btc,35.42829368,0.0,0.0,131
1,[],4,[],2019-02-20 04:23:26,4559.14529109,0.00016377,0.000000006420078786,6729920,2019-02-20 04:23:26,btc,1.647401424516374,0.0,0.00016377,btc,334.44418488,0.0,0.0093154017191119,135
1,[],3,[],2019-02-20 04:23:27,1688873.63905174,0.00000005,0.00000000000196009,6729921,2019-02-20 04:23:27,btc,0.131736700386973,28650.0,0.00000005,btc,561670.4667498,0.0,0.0611074017803675,136
1,[],4,[],2019-02-20 04:23:28,56978.42367081,0.00000170,0.00000000006664306,6729922,2019-02-20 04:23:28,btc,0.1145133578923057,0.0,0.00000170,btc,55015.66603041,0.0944249,0.0613060107061412,137
1,[],12,[],2019-02-20 04:23:29,295758.14500514,0.0000016899999999999999129363971450690229403335251845419406890869140625,0.000000000066251042,6729923,2019-02-20 04:23:29,btc,11807.701057421003,0.0,0.0000016899999999999999129363971450690229403335251845419406890869140625,btc,158028.15676263,0.00016224,0.025460230000025,137
1,[],17,[],2019-02-20 03:35:33,22967.386363640002,0.00000088,0.000000000034540704000000004,6729536,2019-02-20 03:35:33,btc,20.069913352956245,0.0,0.00000088,btc,2746.079105,0.0,0.0104613000000032,142
1,[],4,[],2019-02-20 04:23:31,210642.55423146,0.00004862,0.000000001905991516,6729924,2019-02-20 04:23:31,btc,0.9490667563860908,0.0,0.00004862,btc,14757.17148958,0.20943716,0.4670007890970885,142
1,[],5,[],2019-02-20 04:23:32,0.0,0,0,6729925,2019-02-20 04:23:32,btc,0.0,0.72740895,0,btc,0.0,0.0,0.0,142
1,[],20,[],2019-02-20 04:23:34,133781.6771,0.0000451,0.00000000176800118,6729926,2019-02-20 04:23:34,btc,0.4783117430344,0.0,0.0000451,btc,4874.999,0.0,0.2491229847886,142
1,[],22,[],2019-02-20 04:23:38,1821.8342438405475,0.00005011,0.000000001964402198,6729927,2019-02-20 04:23:38,BTC,3.00430747,0.0,0.00005011,BTC,896.9784641392417,0.0,0.01164385,142
0.0,[],25,[],2019-02-20 04:23:40,0.0,0,0,6729928,2019-02-20 04:23:40,,0.0,0.0,0.0,btc,0.0,0.0,0.0,142
1,[],28,[],2019-02-20 04:23:42,77453.0,0.00004500,0.0000000017640809999999999,6729929,2019-02-20 04:23:42,btc,0.057100837,827.0,0.00004500,btc,356.4989,0.0,0.0488782,142
0,[],22,[],2019-02-20 04:23:44,0.0,0,0,6729930,2019-02-20 04:23:44,,67.24443376,0.0,0,,817363658.3,0.0,0.0,143
1,[],21,[],2019-02-20 02:23:44,33859790.79060333,0.00000025,0.000000000009754575,6728700,2019-02-20 02:23:44,btc,59.55708661747538,19285602.39858732,0.00000025,btc,100578009.23818286,4.91310207,4.657706458308745,145
0,[],22,[],2019-02-20 04:23:47,0.0,0,0,6729931,2019-02-20 04:23:47,,4.24946284,0.0,0,,1812156.0,0.0,0.0,146
,[],22,[],2018-11-20 23:01:11,0.0,0,0,4862114,2018-11-20 23:01:11,,2.56807021,0.0,,,61828.4988236,0.0,0.0,147
1,[],12,[],2019-02-20 04:23:48,8680160.7976922,0.000002810000000000000201067461291781768295550136826932430267333984375,0.000000000110157058,6729932,2019-02-20 04:23:48,btc,16.570436645189034,0.0,0.000002810000000000000201067461291781768295550136826932430267333984375,btc,119775.3460165,0.0041975133812928,0.10931957799999001,148
1,[],4,[],2019-02-20 04:23:50,242354.10868999,0.00000029,0.000000000011368522,6729933,2019-02-20 04:23:50,btc,0.7777994413070868,0.0,0.00000029,btc,593167.18068715,0.0,0.0570147890786126,152
0,[],22,[],2019-02-20 04:23:52,0.0,0,0,6729934,2019-02-20 04:23:52,,0.0,0.0,0,,0.0,0.0,0.0,152
1,[],5,[],2019-02-20 04:23:54,0.0,0,0,6729935,2019-02-20 04:23:54,btc,0.0,0.0,0,btc,0.0,0.0,0.0,153
,[],16,[],2019-01-11 15:38:59,0.0,0,0,6366141,2019-01-11 15:38:59,btc,0.0,0.0,,btc,0.0,0.0,0.0,155
0,[],23,[],2019-01-20 23:24:29,0.0,0,0,6476932,2019-01-20 23:24:29,,0.0,0.0,0,,0.0,0.0,0.0,156
0,[],22,[],2019-02-20 04:23:57,0.0,0,0,6729936,2019-02-20 04:23:57,,6.74608761,0.0,0,,4644402.242592593,0.0,0.0,156
1,[],22,[],2019-02-20 04:24:01,7073.8,0.00005300,0.0000000020776954,6729937,2019-02-20 04:24:01,BTC,43.78801181,0.0,0.00005300,BTC,1067.5805334758436,0.0,0.00104336,157
0,[],22,[],2019-02-20 04:24:04,0.0,0,0,6729938,2019-02-20 04:24:04,,50175.68008609,0.0,0,,54479136.04179466,0.0,0.0,158
,[],17,[],2018-11-20 22:56:10,0.0,0,0,4861976,2018-11-20 22:56:10,btc,1.1265625,0.0,,btc,1000.0,0.0,0.0,159
,[],20,[],2018-11-20 22:56:12,0.0,0,0,4861977,2018-11-20 22:56:12,btc,11912.7940471,0.0,,btc,34413894.3617,0.0,0.0,159
1,[],12,[],2019-02-20 04:24:05,183737.04731558,0.00000740000000000000030041073795228356857478502206504344940185546875,0.00000000029009332,6729939,2019-02-20 04:24:05,btc,6.6573978723298595,0.0,0.00000740000000000000030041073795228356857478502206504344940185546875,btc,14477.21569509,0.001529062,0.103670921200002,168
1,[],17,[],2019-02-20 04:24:07,29784.95,0.000001,0.000000000039201799999999996,6729940,2019-02-20 04:24:07,btc,0.03026736251542,0.0,0.000001,btc,144.46171372,0.0,0.00716147,168
0,[],22,[],2019-02-20 04:24:11,0.0,0,0,6729941,2019-02-20 04:24:11,,1.14655792,0.0,0,,759972.8900917594,0.0,0.0,169
1,[],22,[],2019-02-20 04:24:14,179295.22727272726,0.00000022,0.000000000008624396,6729942,2019-02-20 04:24:14,BTC,13.29420081,0.0,0.00000022,BTC,169340.83393811772,0.0,0.02507459,171
1,[],22,[],2019-02-20 04:24:18,132892.2,0.00000005,0.00000000000196009,6729943,2019-02-20 04:24:18,BTC,2.67289416,0.0,0.00000005,BTC,283361.17282365897,9.521e-05,0.00530465,173
1,[],5,[],2019-02-20 04:24:20,0.0,0,0,6729944,2019-02-20 04:24:20,btc,0.0,0.0815543,0,btc,0.0,0.0,0.0,175
1,[],22,[],2019-02-20 04:24:24,41784.0,0.0000003,0.00000000001176054,6729945,2019-02-20 04:24:24,BTC,0.53059598,0.0,0.0000003,BTC,143403.40970790636,0.0,0.0053116,176
0,[],2,[],2019-01-20 23:28:34,0.0,0,0,6477001,2019-01-20 23:28:34,,0.0,0.0,0,,0.0,0.0,0.0,178
1,[],7,[],2019-02-20 04:24:25,0.0,0,0,6729946,2019-02-20 04:24:25,btc,410918.636931483,0.0,0,btc,115840912.91762574,0.0,0.0,178
0,[],22,[],2019-02-20 04:24:28,0.0,0,0,6729947,2019-02-20 04:24:28,,1.00242428,0.0,0,,57512.0,0.0,0.0,178
0,[],23,[],2019-01-20 23:25:08,0.0,0,0,6476952,2019-01-20 23:25:08,,0.0,0.0,0,,0.0,0.0,0.0,179
1,[],5,[],2019-02-20 04:24:29,0.0,0,0,6729948,2019-02-20 04:24:29,btc,0.0,0.16514516,0,btc,0.0,0.0,0.0,179
1,[],22,[],2019-02-20 04:24:33,7091197.0,0.00000002,0.000000000000784036,6729949,2019-02-20 04:24:33,BTC,5.49491223,0.0,0.00000002,"BTC,LTC",17558294.468656633,0.0,0.37676466,179
1,[],17,[],2019-02-20 04:24:35,10504.725,0.0000001,0.00000000000392018,6729950,2019-02-20 04:24:35,btc,5.201069583845559,0.0,0.0000001,btc,5033.45945,0.0,0.0010504725,180
1,[],22,[],2019-02-20 04:24:39,159605.4,0.00000025,0.000000000009800449999999999,6729951,2019-02-20 04:24:39,BTC,0.1867305,0.0,0.00000025,"BTC,LTC",53482.16700850164,0.01443719,0.00470544,180
1,[],26,[],2019-02-20 04:24:39,0.0,0.00000100,0.000000000039201799999999996,6729952,2019-02-20 04:24:39,btc,0.0,800.0,0.00000100,btc,0.0,0.0,0.0,180
,[],7,[],2018-11-20 22:58:01,562227.975654,0.00000085,0.000000000036176765,4862015,2018-11-20 22:58:01,btc,21836.6059674,2491.87645172,,btc,749999.041456,0.00211021,0.127565380455,183
,[],5,[],2019-01-10 08:11:41,0.0,0,0,6347036,2019-01-10 08:11:41,btc,82.15055501,0.00261,,btc,1.19002445,0.0,0.0,187
,[],17,[],2018-11-16 20:58:10,4062536.27273,0.00000001,0.000000000000550501,4708775,2018-11-16 20:58:10,btc,3.36492563466,0.195460381006,,"btc,eth",110697919.549,0.0,0.0157628953496,187
1,[],24,[],2019-02-20 04:24:39,0.0,0.000000000001,3.92018e-17,6729953,2019-02-20 04:24:39,btc,0.0,0.0,0.000000000001,btc,0.0,0.0,0.0,187
0,[],22,[],2019-02-20 04:24:42,0.0,0,0,6729954,2019-02-20 04:24:42,,1.19374396,0.0,0,,16308.869534405507,0.0,0.0,191
0,[],22,[],2019-02-20 04:24:47,0.0,0,0,6729955,2019-02-20 04:24:47,,0.0,0.0,0,,0.0,0.0,0.0,197
0,[],23,[],2019-01-20 23:31:41,0.0,0,0,6477079,2019-01-20 23:31:41,,0.0,0.0,0,,0.0,0.0,0.0,199
0,[],22,[],2019-02-20 04:24:50,0.0,0,0,6729956,2019-02-20 04:24:50,,5.17330081,0.0,0,,21824453.0,0.0,0.0,199
1,[],26,[],2019-02-20 04:24:50,0.0,0.00000000,0,6729957,2019-02-20 04:24:50,btc,0.0,35996.0,0.00000000,btc,0.0,0.0,0.0,199
0,[],17,[],2019-01-30 16:32:01,0.0,0,0,6540827,2019-01-30 16:32:01,btc,6.802544163788159,0.0,0,btc,105897.55575295,0.0,0.0,200
0,[],2,[],2019-01-20 23:30:49,0.0,0,0,6477059,2019-01-20 23:30:49,,0.0,0.0,0,,0.0,0.0,0.0,201
1,[],4,[],2019-01-25 15:51:35,2084389.58565343,0.00000936,0.000000000333526752,6499557,2019-01-25 15:51:35,btc,2.0092503037378524,0.0,0.00000936,btc,160195.80207885,0.19272417,1.242687955921835,211
1,[],7,[],2019-02-20 04:24:54,4974055.73586618,0.000001390000000000000032391082004090687718189656152389943599700927734375,0.000000000054490502,6729958,2019-02-20 04:24:54,btc,15475875.700732637,227545.791632,0.000001390000000000000032391082004090687718189656152389943599700927734375,btc,12607365.10055615,0.0,3.4582638088936584,212
1,[],12,[],2019-01-25 02:44:32,207462.42853209,0.000001080000000000000035831255497387193287295303889550268650054931640625,0.000000000038610756000000006,6493050,2019-01-25 02:44:32,btc,85023.03793723314,0.0,0.000001080000000000000035831255497387193287295303889550268650054931640625,btc,43675.73520027,0.000146250909087,0.0348620860622024,213
1,[],5,[],2019-02-20 04:24:56,0.0,0,0,6729959,2019-02-20 04:24:56,btc,0.0,0.13523529,0,btc,0.0,0.0,0.0,213
1,[],24,[],2019-02-20 04:24:56,0.0,0.000000050000,0.00000000000196009,6729960,2019-02-20 04:24:56,btc,0.0,0.0,0.000000050000,btc,0.0,0.0,0.0,213
1,[],26,[],2019-02-20 04:24:56,0.0,0.00000009,0.000000000003528162,6729961,2019-02-20 04:24:56,btc,0.0,0.0,0.00000009,btc,0.0,0.0,0.0,213
1,[],22,[],2019-02-20 04:25:00,70000.0,0.00000001,0.000000000000392018,6729962,2019-02-20 04:25:00,BTC,2.19471377,0.0,0.00000001,BTC,171112.59081706151,0.0008,0.0007,216
1,[],27,[],2019-02-20 04:25:03,5217357.5615,0.00000011,0.000000000004312198,6729963,2019-02-20 04:25:03,btc,362.07787808648,34900.0,0.00000011,"btc,ltc",277855.841,0.009074,0.05600426246,216
1,[],22,[],2019-02-20 04:25:07,181382.66093946475,0.00000193,0.000000000075659474,6729964,2019-02-20 04:25:07,BTC,12676.7810298,0.0,0.00000193,BTC,402592.3204713909,0.00991401,0.20049943,217
1,[],7,[],2019-02-20 04:25:10,0.0,0,0,6729965,2019-02-20 04:25:10,btc,77969.6156418105,0.0,0,btc,137055636.5050253,0.0,0.0,219
0,[],27,[],2019-02-20 04:25:13,0.0,0,0,6729966,2019-02-20 04:25:13,,0.0740438339680921,0.0,0,btc,1536429.20709513,0.0,0.0,219
0.0000000000000052,[],28,[],2019-02-20 04:25:15,168351335.092,4.4729360000000004e-18,1.753471424848e-22,6729967,2019-02-20 04:25:15,doge,84047.8870939895,14367.0,0.00086018,"btc,doge",4762557.44411,0.0,1.230910527742688e-11,219
1,[],22,[],2019-02-20 04:25:18,243116.6,0.00000015,0.00000000000588027,6729968,2019-02-20 04:25:18,BTC,2.97260862,0.0,0.00000015,BTC,81172.18152986986,0.0002385,0.02630636,221
1,[],24,[],2019-02-20 04:25:18,0.0,0.000000180000,0.000000000007056324,6729969,2019-02-20 04:25:18,btc,0.0,100.44446,0.000000180000,btc,0.0,1.808e-05,0.0,221
1,[],20,[],2019-02-20 04:25:21,41268615.8047,0.000000002,0.0000000000000784036,6729970,2019-02-20 04:25:21,btc,47.9784712555281,43095.039,0.000000002,btc,10179557.9139,8.6190078e-05,0.0420046760295,224
0,[],22,[],2019-02-20 04:25:23,0.0,0,0,6729971,2019-02-20 04:25:23,,0.0,0.0,0,,0.0,0.0,0.0,224
1,[],26,[],2019-02-20 04:25:24,0.0,0.00000035,0.000000000013720629999999999,6729972,2019-02-20 04:25:24,btc,0.0,0.0,0.00000035,btc,0.0,0.0,0.0,231
1,[],26,[],2019-02-20 04:25:24,0.0,0.00000006,0.000000000002352108,6729973,2019-02-20 04:25:24,btc,0.0,0.0,0.00000006,btc,0.0,0.0,0.0,234
0,[],27,[],2019-02-20 04:25:26,0.0,0,0,6729974,2019-02-20 04:25:26,,0.0113483662182,0.0,0,"btc,eth",11462.99618,0.0,0.0,234
0,[],22,[],2019-02-20 04:25:29,0.0,0,0,6729975,2019-02-20 04:25:29,,4.04786652,0.0,0,,108574057.81349206,0.0,0.0,235
1,[],4,[],2019-02-20 04:25:30,851478.89404116,0.00000079,0.000000000030969422,6729976,2019-02-20 04:25:30,btc,0.3010054097602887,0.0,0.00000079,btc,245006.80270994,0.0166042,0.2344601396229561,236
1,[],24,[],2019-02-20 04:25:30,0.0,0.000000020010,0.000000000000784428018,6729977,2019-02-20 04:25:30,btc,0.0,0.0,0.000000020010,btc,0.0,0.0,0.0,236
1,[],20,[],2019-02-20 04:25:32,67669552.9815,0.000000068,0.0000000000026657224,6729978,2019-02-20 04:25:32,btc,16.9079259015796,18616181.296,0.000000068,btc,43129725.7167,1.328057850406,0.3983443822992,237
1,[],22,[],2019-02-20 04:25:36,116403.0,0.00000004,0.000000000001568072,6729979,2019-02-20 04:25:36,BTC,0.0405823,0.0,0.00000004,"BTC,LTC",3164.0,0.0,0.00482009,237
1,[],4,[],2019-02-20 04:25:37,4884934.67039484,0.00000034,0.000000000013328612,6729980,2019-02-20 04:25:37,btc,0.4811184444477772,0.0,0.00000034,btc,1264307.6955724,0.0918269,1.5508648434321104,238
1,[],5,[],2019-02-20 04:25:37,0.0,0,0,6729981,2019-02-20 04:25:37,btc,0.0,0.13273515,0,btc,0.0,0.0,0.0,238
0,[],22,[],2019-02-19 18:17:50,0.0,0,0,6723784,2019-02-19 18:17:50,,27.41701007,0.0,0,,370860.0639027493,0.0,0.0,249
0.0000000001209236,[],22,[],2019-02-20 04:25:42,7021097.666666667,3.627708e-18,1.422126834744e-22,6729982,2019-02-20 04:25:42,LTC,0.56670218,0.0,0.00000003,LTC,15147487.09,0.0,0.20963595,252
1,[],28,[],2019-02-20 04:25:43,4391956.698,0.0000001,0.00000000000392018,6729983,2019-02-20 04:25:43,btc,164693.70277468514,17591.0,0.0000001,btc,1125305.4751,0.0,0.2663411375,256
1,[],22,[],2019-02-20 04:25:47,2483373.6666666665,0.00000003,0.000000000001176054,6729984,2019-02-20 04:25:47,BTC,31.40136946,0.0,0.00000003,BTC,455878.4505485993,0.000345,0.05335593,258
1,[],22,[],2019-02-20 04:26:03,49651.0,0.00000002,0.000000000000784036,6729985,2019-02-20 04:26:03,BTC,2.629917,0.0,0.00000002,BTC,1762.0,0.0,0.00050551,259
1,[],22,[],2019-02-20 04:26:08,10631.0,0.00000800,0.00000000031361439999999997,6729986,2019-02-20 04:26:08,BTC,1293.04381646,0.0,0.00000800,"BTC,LTC",5116.098308467098,0.01703104,0.01101185,262
1,[],5,[],2019-02-20 04:26:10,0.0,0,0,6729987,2019-02-20 04:26:10,btc,0.0,0.22787892,0,btc,0.0,0.0,0.0,264
1,[],20,[],2019-02-20 03:46:28,1253698.1043,0.000001062,0.0000000000416283822,6729774,2019-02-20 03:46:28,btc,7.7078848244253,104792.174,0.000001062,btc,112406.8891,0.3621942475205,0.0379169867047,264
1,[],22,[],2019-02-20 04:26:14,45414.0,0.00000001,0.000000000000392018,6729988,2019-02-20 04:26:14,BTC,8.4442135,0.0,0.00000001,BTC,427909.69136002666,0.00029151,0.00045414,271
0,[],22,[],2019-02-20 04:26:17,0.0,0,0,6729989,2019-02-20 04:26:17,,390.78678703,0.0,0,,15707597515.9,0.0,0.0,272
0.0000000000000052,[],28,[],2019-02-20 04:26:19,232896891155.144,4.784e-21,1.875414112e-25,6729990,2019-02-20 04:26:19,doge,440769125.19101226,44131705808.5781,0.00000092,doge,207317932146.4127,0.0,6.547362844501357e-10,272
1,[],22,[],2019-02-20 04:26:32,20576.98,0.00000551,0.00000000021600191799999999,6729991,2019-02-20 04:26:32,BTC,74.22638311,0.0,0.00000551,"BTC,LTC",4525.887704275736,0.08111075,0.06584102,281
