pairValue,buyBook,exchangeId,sellBook,updated,buyTotal,satoshiPrice,usdPrice,exchangeLogId,created,bestPair,sellTotalBtc,volume,pairPrice,activePairs,sellTotal,volumeBtc,buyTotalBtc,coinId
1,[],3,[],2019-02-05 02:12:41,109.729322309521,0.01229686999999999967581043591735578957013785839080810546875,0.000000424754794479,6585917,2019-02-05 02:12:41,btc,107.0032889663045,0.31692584,0.01229686999999999967581043591735578957013785839080810546875,btc,16.999934832772002,0.0,0.13369858404372656,1
1,[],4,[],2019-02-05 02:12:42,25206.89069107,0.01248976,0.000000431417542992,6585918,2019-02-05 02:12:42,btc,0.9511673548276548,0.0,0.01248976,btc,73.04603624,0.89719252,2.844435716282153,1
1,[],5,[],2019-02-05 02:12:44,0.23825236,0.01220016,0.000000421414266672,6585919,2019-02-05 02:12:44,btc,14578.13264756,1.0106814,0.01220016,btc,35555556.13601393,0.0,1.47550228,1
1,[],10,[],2019-02-05 02:12:46,415011.63815681,0.01219999,0.00000042140839458300003,6585920,2019-02-05 02:12:46,btc,6533.290034614831,771.60963195,0.01219999,btc,1042.08015202,0.0,4.236876345862586,1
1,[],12,[],2019-02-05 02:12:47,10427.69771901,0.01237000000000000078659301294692340889014303684234619140625,0.00000042728082900000004,6585921,2019-02-05 02:12:47,btc,0.3894258027317,0.0,0.01237000000000000078659301294692340889014303684234619140625,btc,25.09574286,0.9840691973446,0.2431711823562,1
1,[],20,[],2019-02-05 02:12:49,1150.3103,0.01200001,0.000000414500745417,6585922,2019-02-05 02:12:49,btc,0.0566246204203,0.0354,0.01200001,btc,2.488,0.000424800354,0.0967650198377,1
1,[],21,[],2019-02-05 02:12:50,2558.62133918,0.01239999999999999956423746283,0.00000042831708,6585923,2019-02-05 02:12:50,btc,20.722635026764305,2616.9126038,0.01239999999999999956423746283462605788372457027435302734375,"btc,eth",2265.08407132,31.318196879222167,24.093337185428894,1
1,[],22,[],2019-02-05 02:12:55,0.0263776,0.01350000,0.00000046631295,6585924,2019-02-05 02:12:55,BTC,0.31397231,0.0,0.01350000,BTC,0.10124366666666666,0.0,0.00034472,1
1,[],24,[],2019-02-05 02:12:55,0.0,0.000000000000,0,6585925,2019-02-05 02:12:55,btc,0.0,0.0,0.000000000000,btc,0.0,0.0,0.0,1
0.0,[],25,[],2019-02-05 02:12:56,0.0,0,0,6585926,2019-02-05 02:12:56,btc,8.995999998461897,1358.93198674,0.0,btc,678.51138016,16.9125,0.0,1
1,[],26,[],2019-02-05 02:13:06,0.0,0,0,6585927,2019-02-05 02:13:06,,0.0,0.0,0,,0.0,0.0,0.0,1
1,[],28,[],2019-02-05 02:13:09,987.9,0.01131000,0.00000039066662700000004,6585928,2019-02-05 02:13:09,btc,0.162839806,16740.5,0.01131000,btc,8.9,0.0,0.024551096,1
0,[],2,[],2019-01-20 23:28:45,0.0,0,0,6477011,2019-01-20 23:28:45,,0.0,0.0,0,,0.0,0.0,0.0,1
1,[],5,[],2019-02-05 02:13:11,2.073e-05,0.00000072,0.000000000024870024,6585929,2019-02-05 02:13:11,btc,0.16002744,0.00630824,0.00000072,btc,7.025e-05,0.0,0.45797164,2
1,[],22,[],2019-02-05 02:13:27,1648.0,0.0000004,0.00000000001381668,6585930,2019-02-05 02:13:27,BTC,4.2213561,0.0,0.0000004,"BTC,XMR",14604.70581,0.0,0.00107635,2
1,[],5,[],2019-02-05 02:13:29,1.25e-06,0.00000016,0.000000000005526672,6585931,2019-02-05 02:13:29,btc,3.72991529,1.01273992,0.00000016,btc,2.204e-05,0.0,3.08753422,3
1,[],12,[],2019-02-05 02:13:30,12443322.57851982,0.00000017,0.000000000005872089,6585932,2019-02-05 02:13:30,btc,921361.5208572313,0.0,0.00000017,btc,8105787.85982979,0.1115164803507611,0.5369888533917748,3
0,[],28,[],2019-02-05 02:13:32,0.0,0,0,6585933,2019-02-05 02:13:32,,0.0,0.0,0,,0.0,0.0,0.0,3
0,[],2,[],2019-01-20 23:31:32,0.0,0,0,6477077,2019-01-20 23:31:32,,0.0,0.0,0,,0.0,0.0,0.0,4
1,[],4,[],2019-02-05 02:05:36,359107.43913984,0.00000031,0.000000000010707958,6585762,2019-02-05 02:05:36,btc,0.3275013632200991,0.0,0.00000031,btc,333527.7198458,0.00022455,0.0398246231999024,4
1,[],12,[],2019-02-05 02:05:37,1411645.5219999999,0.00000005,0.0000000000017270899999999999,6585763,2019-02-05 02:05:37,btc,11013878.261239909,0.0,0.00000005,btc,911303.44126897,0.0016920159240752,0.02812384044,5
0,[],2,[],2019-01-20 23:31:51,0.0,0,0,6477087,2019-01-20 23:31:51,,0.0,0.0,0,,0.0,0.0,0.0,6
1,[],11,[],2019-02-05 02:05:39,11224709.4999525,0.00000002,0.000000000000690836,6585764,2019-02-05 02:05:39,btc,9433.341140428096,27400.0,0.00000002,btc,41338923.65169307,0.0,0.18805467499905001,6
1,[],3,[],2019-02-05 02:13:33,1069.652384675756,0.000150559999999999995050348200464895853656344115734100341796875,0.000000005200598352,6585934,2019-02-05 02:13:33,btc,28.510202753279106,0.0,0.000150559999999999995050348200464895853656344115734100341796875,btc,234.145665820227,0.0,0.030997767816609203,7
1,[],4,[],2019-02-05 02:13:33,27903.28779467,0.00019754,0.000000006823367418,6585935,2019-02-05 02:13:33,btc,3.395532308408008,0.0,0.00019754,btc,15152.08636909,2.64297233,4.661313068680743,7
1,[],5,[],2019-02-05 02:13:35,0.00670892,0.00020002,0.000000006909030834,6585936,2019-02-05 02:13:35,btc,1.19735236,0.20693806,0.00020002,btc,0.01207017,0.0,1.65647047,7
1,[],20,[],2019-02-05 02:13:37,66461509.91,0.000000001,0.0000000000000345417,6585937,2019-02-05 02:13:37,btc,116.1315013062774,0.0,0.000000001,btc,28812144.5195,0.0,0.06646150991,8
0,[],2,[],2019-01-20 23:22:42,0.0,0,0,6476876,2019-01-20 23:22:42,,0.0,0.0,0,,0.0,0.0,0.0,9
0,[],23,[],2019-01-20 23:22:48,0.0,0,0,6476878,2019-01-20 23:22:48,,0.0,0.0,0,,0.0,0.0,0.0,9
1,[],1,[],2019-02-05 02:13:38,3613961.27,0.000001940000000000000060442102711721901187047478742897510528564453125,0.00000000006701089800000001,6585938,2019-02-05 02:13:38,btc,4.1216885455000005,13794680.92,0.000001940000000000000060442102711721901187047478742897510528564453125,btc,2095262.02,27.12007846,6.9244303407,9
1,[],4,[],2019-02-05 02:13:38,450645.29569872,0.00000195,0.000000000067356315,6585939,2019-02-05 02:13:38,btc,1.3135493405177294,0.0,0.00000195,btc,642460.9860525,1.20804353,0.8133053675848257,9
1,[],28,[],2019-02-05 02:13:42,34500.0,0.00000165,0.000000000056993805,6585940,2019-02-05 02:13:42,btc,2708.7727197804,3304026.0,0.00000165,btc,15427.14,0.0,0.02854,9
1,[],4,[],2019-02-04 22:10:59,7341799.37826053,0.00000002,0.000000000000693444,6584299,2019-02-04 22:10:59,btc,0.1999615409270056,0.0,0.00000002,btc,4135980.29534268,0.00062922,0.0786653918652106,10
1,[],4,[],2019-02-05 02:13:43,3252906.91221032,0.00000145,0.000000000050085465000000004,6585941,2019-02-05 02:13:43,btc,0.7680721292687421,0.0,0.00000145,btc,482191.92620458,2.72158687,4.355964478561915,12
1,[],5,[],2019-02-05 02:13:45,2.449e-05,0.00000139,0.000000000048012963,6585942,2019-02-05 02:13:45,btc,0.52293799,0.86840491,0.00000139,btc,0.00011801,0.0,0.49353422,12
0.0,[],25,[],2019-02-05 02:13:46,0.0,0,0,6585943,2019-02-05 02:13:46,,0.0,0.0,0.0,btc,0.0,0.0,0.0,12
0,[],2,[],2019-01-20 23:23:08,0.0,0,0,6476890,2019-01-20 23:23:08,,0.0,0.0,0,,0.0,0.0,0.0,12
1,[],4,[],2019-02-05 02:13:47,249828.27257995,0.00000610,0.00000000021070437,6585944,2019-02-05 02:13:47,btc,0.4205994740332683,0.0,0.00000610,btc,63404.38285392,0.71121884,0.9764608447469981,13
1,[],21,[],2019-02-05 02:13:50,1129835.94150469,0.000006150000000000000409915157373,0.00000000021243145500000003,6585945,2019-02-05 02:13:50,btc,4.468973766125609,606120.50878652,0.000006150000000000000409915157373319516409537754952907562255859375,btc,647107.60854283,3.76435997,5.8517729267256655,13
1,[],10,[],2019-02-04 23:57:14,585739.89304533,0.00000609,0.0000000002109576,6584819,2019-02-04 23:57:14,btc,666809.623215913,7915.5741867,0.00000609,btc,734987.9783524,0.0,0.816898687894449,13
1,[],4,[],2019-02-05 02:13:51,1133067.23382003,0.00000160,0.00000000005526672,6585946,2019-02-05 02:13:51,btc,0.1640356696199077,0.0,0.00000160,btc,79492.92455872,0.02226307,0.4297989225066407,14
1,[],12,[],2019-02-05 02:13:52,91585.91139241,0.000001170000000000000021170673721038202330646527116186916828155517578125,0.000000000040413789,6585947,2019-02-05 02:13:52,btc,1.7665518260169706,0.0,0.000001170000000000000021170673721038202330646527116186916828155517578125,btc,29542.56233445,0.0130250118559099,0.0119863600000039,14
0,[],17,[],2019-02-05 02:13:54,0.0,0,0,6585948,2019-02-05 02:13:54,btc,0.0,0.0,0,btc,0.0,0.0,0.0,14
1,[],26,[],2019-02-05 02:13:54,0.0,0.00000049,0.000000000016925433,6585949,2019-02-05 02:13:54,btc,0.0,0.0,0.00000049,btc,0.0,0.0,0.0,14
0,[],4,[],2019-02-05 02:13:55,0.0,0,0,6585950,2019-02-05 02:13:55,,0.0,0.0,0,,0.0,0.0,0.0,15
,[],12,[],2018-12-01 15:15:48,204241.84496,0.00000489,0.000000000202473384,5260204,2018-12-01 15:15:48,btc,49.5475654835,0.0,,btc,35763.2193806,0.0163153972027625,0.0203389899998,15
0,[],2,[],2019-01-20 23:23:38,0.0,0,0,6476906,2019-01-20 23:23:38,,0.0,0.0,0,,0.0,0.0,0.0,18
1,[],4,[],2019-02-05 02:06:06,26969.2805746,0.00001797,0.0000000006207161459999999,6585782,2019-02-05 02:06:06,btc,2.2238710845516105,0.0,0.00001797,btc,7857.94597734,0.01363653,0.1152974474793141,18
1,[],10,[],2019-02-05 02:06:08,789791.71325717,0.00001741,0.000000000601372738,6585783,2019-02-05 02:06:08,btc,15.589664348684755,5676.82736302,0.00001741,btc,12613.96921364,0.0,0.3171607999401112,18
1,[],12,[],2019-02-05 02:06:09,200613.92219512,0.00001618000000000000094071452017008283519317046739161014556884765625,0.000000000558886324,6585784,2019-02-05 02:06:09,btc,0.1856939169406319,0.0,0.00001618000000000000094071452017008283519317046739161014556884765625,btc,1708.32700711,0.0007039307609161,0.0135194393416685,18
0,[],17,[],2019-02-05 02:06:11,0.0,0,0,6585785,2019-02-05 02:06:11,btc,0.0,0.0,0,btc,0.0,0.0,0.0,18
1,[],3,[],2019-02-05 02:13:56,109040.56735432666,0.000028500000000000001569057384021022016895585693418979644775390625,0.00000000098443845,6585951,2019-02-05 02:13:56,btc,0.4434387030900773,5489.90006999,0.000028500000000000001569057384021022016895585693418979644775390625,btc,5119.688808218559,0.0,0.09827470079317303,19
1,[],4,[],2019-02-05 02:13:57,266347.36944884,0.00002808,0.000000000969930936,6585952,2019-02-05 02:13:57,btc,0.1199917516452011,0.0,0.00002808,btc,3605.58647061,2.35219602,1.8149183801210274,19
1,[],5,[],2019-02-05 02:13:58,0.00020455,0.00002560,0.00000000088426752,6585953,2019-02-05 02:13:58,btc,0.27478524,0.01517019,0.00002560,btc,0.00308243,0.0,0.18234996,19
1,[],12,[],2019-02-05 02:14:00,133596.03873185,0.0000225200000000000012255647885428544441310805268585681915283203125,0.0000000007778790840000001,6585954,2019-02-05 02:14:00,btc,1.9954004756033474,0.0,0.0000225200000000000012255647885428544441310805268585681915283203125,btc,517.40106483,0.00023009,0.031769222241261996,19
0,[],27,[],2019-02-05 02:14:01,0.0,0,0,6585955,2019-02-05 02:14:01,,0.0,0.0,0,btc,0.0,0.0,0.0,19
0,[],2,[],2019-01-20 23:24:19,0.0,0,0,6476924,2019-01-20 23:24:19,,0.0,0.0,0,,0.0,0.0,0.0,19
1,[],4,[],2019-02-05 02:14:02,8006180.3054235,0.00000013,0.000000000004490421,6585956,2019-02-05 02:14:02,btc,0.8116717874116198,0.0,0.00000013,btc,1595552.31051721,0.0,0.2554230874915714,20
1,[],4,[],2019-02-05 02:06:17,122569461.40022224,0.00000002,0.000000000000690836,6585792,2019-02-05 02:06:17,btc,0.6359708577258483,0.0,0.00000002,btc,15789641.30329118,0.0083118,1.4609668122142851,21
1,[],12,[],2019-02-05 02:06:18,19029387.0,0.00000002,0.000000000000690836,6585793,2019-02-05 02:06:18,btc,668.5451868047564,0.0,0.00000002,btc,8549966.70429836,0.0,0.25352231000000003,21
0,[],17,[],2019-02-05 02:06:20,0.0,0,0,6585794,2019-02-05 02:06:20,btc,0.0,0.0,0,btc,0.0,0.0,0.0,21
1,[],12,[],2019-02-05 02:14:04,2150642071.5458817,0.0000000002,0.0000000000000069083400000000005,6585957,2019-02-05 02:14:04,btc,1729404717685.1025,0.0,0.0000000002,btc,5251738749.366847,0.25744566357422854,0.21996371745598683,23
0,[],27,[],2019-02-05 02:14:07,0.0,0,0,6585958,2019-02-05 02:14:07,,0.735147,0.0,0,eth,812759.0,0.0,0.0,23
1,[],4,[],2019-02-05 02:14:07,3610334.43570963,0.00000080,0.00000000002763336,6585959,2019-02-05 02:14:07,btc,0.078297409470194,0.0,0.00000080,btc,71409.73220237,0.00279402,0.4501997023841887,24
1,[],22,[],2019-02-05 02:14:10,11.76,0.00000100,0.000000000034541700000000003,6585960,2019-02-05 02:14:10,BTC,7.415e-05,0.0,0.00000100,BTC,23.919354838709676,0.0,1.176e-05,24
0.0,[],25,[],2019-02-05 02:14:11,0.0,0,0,6585961,2019-02-05 02:14:11,,0.0,0.0,0.0,btc,0.0,0.0,0.0,24
1,[],4,[],2019-02-05 02:14:12,27845470.98502973,0.00000696,0.00000000024041023200000003,6585962,2019-02-05 02:14:12,btc,0.4712757647809681,0.0,0.00000696,btc,39669.67453366,0.0786893,0.4920564554463638,26
1,[],10,[],2019-02-05 02:14:14,730839.73533438,0.00000588,0.000000000203105196,6585963,2019-02-05 02:14:14,btc,25.975773677598465,0.0,0.00000588,btc,13118.16646401,0.0,0.2070550833237349,26
0,[],2,[],2019-01-20 23:25:56,0.0,0,0,6476976,2019-01-20 23:25:56,,0.0,0.0,0,,0.0,0.0,0.0,26
1,[],3,[],2019-02-05 01:59:41,7820396.19906018,0.00000002,0.000000000000690698,6585594,2019-02-05 01:59:41,btc,2.5077877529370287,165278.233775,0.00000002,btc,16101561.97591972,0.0,0.0909466535926893,27
1,[],5,[],2019-02-05 01:59:43,1e-08,0.00000001,0.00000000000034534899999999997,6585595,2019-02-05 01:59:43,btc,1.1816894,0.00229729,0.00000001,btc,4.362e-05,0.0,0.12602079,27
1,[],11,[],2019-02-05 01:59:45,10065216.691211501,0.00000005,0.0000000000017267449999999998,6585596,2019-02-05 01:59:45,btc,370.63310344475406,550157.720616,0.00000005,btc,8170877.7193934005,0.0,0.4661316134459823,27
1,[],4,[],2019-02-05 02:14:16,287386813.3532584,0.00000003,0.0000000000010362510000000001,6585964,2019-02-05 02:14:16,btc,3.9836459273695697,0.0,0.00000003,"btc,ltc",117669683.79138263,0.87267889,3.0619399753732193,29
1,[],7,[],2019-02-05 02:14:17,39719460.44287711,0.00000003,0.000000000001036251,6585965,2019-02-05 02:14:17,btc,44465206.20562431,606924.497103,0.00000003,btc,40679762.41057531,0.02427698,0.7239454071361162,29
0,[],17,[],2019-02-05 01:59:49,0.0,0,0,6585600,2019-02-05 01:59:49,btc,0.0,0.0,0,btc,0.0,0.0,0.0,30
1,[],4,[],2019-02-05 01:59:48,1385223.18132726,0.00000029,0.000000000010015121,6585599,2019-02-05 01:59:48,btc,0.2545144936973265,0.0,0.00000029,btc,542035.20228953,0.00966713,0.0851205093702465,30
1,[],4,[],2019-02-05 02:14:18,1132922.47494821,0.00006764,0.000000002336400588,6585966,2019-02-05 02:14:18,btc,1.608600241494138,0.0,0.00006764,btc,19449.84082367,0.78636425,1.6960286284353159,31
1,[],21,[],2019-02-05 02:14:19,78942.85223274,0.00006760000000000000329371946384,0.0000000023350189200000002,6585967,2019-02-05 02:14:19,btc,3.7436608171821337,175980.83824346,0.000067600000000000003293719463837163630159921012818813323974609375,btc,48018.841882630004,12.10255842,4.974564268703349,31
0,[],2,[],2019-01-20 23:28:43,0.0,0,0,6477009,2019-01-20 23:28:43,,0.0,0.0,0,,0.0,0.0,0.0,32
1,[],4,[],2019-02-05 02:06:30,144273250.85919917,0.00000005,0.0000000000017270899999999999,6585802,2019-02-05 02:06:30,btc,1.0426619101447938,0.0,0.00000005,"btc,ltc",22080088.26138093,0.73850377,2.45285332318299,33
1,[],12,[],2019-02-05 02:06:32,18180629.0,0.00000005,0.0000000000017270899999999999,6585803,2019-02-05 02:06:32,btc,17261782.27230937,0.0,0.00000005,btc,89574965.76823159,0.0413473838128672,0.67053895,33
1,[],4,[],2019-02-05 02:06:33,110288355.80015793,0.00000002,0.000000000000690836,6585804,2019-02-05 02:06:33,btc,0.7590371230124844,0.0,0.00000002,btc,25301237.43374948,2.3916655,1.1037668927915794,34
1,[],5,[],2019-02-05 02:06:34,1e-08,0.00000001,0.000000000000345418,6585805,2019-02-05 02:06:34,btc,3.81358774,0.76837799,0.00000001,btc,1.343e-05,0.0,0.73256218,34
0.0000000000982269,[],4,[],2019-02-05 02:06:35,1076973622.3576665,2.946807e-18,1.017880180326e-22,6585806,2019-02-05 02:06:35,ltc,7.853467955336784e-09,0.0,0.00000003,ltc,1565209270.2145245,0.0,2.1113829727363945e-09,36
1,[],5,[],2019-02-05 02:06:36,0.0,0,0,6585807,2019-02-05 02:06:36,btc,204.29536467,0.0,0,btc,1.295e-05,0.0,0.0,36
0,[],17,[],2019-02-05 02:06:38,0.0,0,0,6585808,2019-02-05 02:06:38,btc,0.07494043759987232,0.0,0,btc,4134847.20243647,0.0,0.0,36
0.0000000000982269,[],27,[],2019-02-05 02:06:40,1000000.0,1.964538e-18,6.78586786884e-23,6585809,2019-02-05 02:06:40,ltc,447.7307979714,0.0,0.00000002,"ltc,eth",3711879.16,0.0,1.964538e-12,36
1,[],4,[],2019-02-05 02:06:41,432248.68450037,0.00000142,0.000000000049049356,6585810,2019-02-05 02:06:41,btc,0.3884376670473165,0.0,0.00000142,btc,206143.71963594,0.07332191,0.3911166858533129,37
1,[],12,[],2019-02-05 02:06:41,394122.70220277,0.00000145999999999999999745971430986646311112053808756172657012939453125,0.000000000050431028,6585811,2019-02-05 02:06:41,btc,1338.9234374633559,0.0,0.00000145999999999999999745971430986646311112053808756172657012939453125,btc,819555.59437607,0.3987476865228899,0.2611824220666779,37
1,[],17,[],2019-02-05 02:06:43,1752.74075282,0.00000025,0.000000000008635449999999999,6585812,2019-02-05 02:06:43,btc,0.05548492396546328,0.0,0.00000025,btc,1387.19918473,0.0,0.00043818518820499993,37
1,[],27,[],2019-02-05 02:06:45,16943.0,0.0000005,0.000000000017270899999999998,6585813,2019-02-05 02:06:45,btc,43.30929497030353,0.0,0.0000005,btc,29579.81438508,0.0,0.00566124,37
1,[],5,[],2019-02-05 02:14:20,1.686e-05,0.00000100,0.000000000034541700000000003,6585968,2019-02-05 02:14:20,btc,0.10459002,0.05561862,0.00000100,btc,0.00011523,0.0,0.0474297,42
1,[],12,[],2019-02-05 02:14:21,150018.73421217,0.00000110000000000000005610204141526242693771564518101513385772705078125,0.000000000037995870000000005,6585969,2019-02-05 02:14:21,btc,85.06802614017224,0.0,0.00000110000000000000005610204141526242693771564518101513385772705078125,btc,97932.06156129,8.35364635409e-05,0.0513414900000031,42
0,[],27,[],2019-02-05 02:14:23,0.0,0,0,6585970,2019-02-05 02:14:23,,0.00315028,0.0,0,"btc,eth",11.007,0.0,0.0,42
1,[],5,[],2019-02-05 02:14:25,3e-08,0.00000002,0.000000000000690834,6585971,2019-02-05 02:14:25,btc,6.09448901,0.00703657,0.00000002,btc,1.425e-05,0.0,0.52678241,43
1,[],12,[],2019-02-05 02:14:25,6502141.0,0.00000002,0.0000000000006908340000000001,6585972,2019-02-05 02:14:25,btc,20007456.464672454,0.0,0.00000002,btc,38833161.74765234,0.0,0.06502156,43
0,[],17,[],2019-02-05 02:14:27,0.0,0,0,6585973,2019-02-05 02:14:27,btc,0.0,0.0,0,btc,0.0,0.0,0.0,43
1,[],12,[],2019-02-05 02:00:17,860966.0,0.00000007,0.000000000002417443,6585621,2019-02-05 02:00:17,btc,11115166.022183454,0.0,0.00000007,btc,991895.32767233,0.0020070143756231,0.02540309,44
1,[],4,[],2019-02-05 02:14:28,234626898.33245036,0.00000002,0.000000000000690834,6585974,2019-02-05 02:14:28,btc,0.18981988821888066,0.0,0.00000002,"btc,ltc",8498520.51947867,0.00692066,0.5348265788696145,49
0.0000000000979998,[],4,[],2019-02-05 02:14:29,4530427943.674096,1.959996e-18,6.77015938332e-23,6585975,2019-02-05 02:14:29,ltc,4.645173503939016,0.0,0.00000002,ltc,1711347474.0709171,0.0,4.484351040376656e-09,52
0,[],22,[],2019-02-05 02:14:31,0.0,0,0,6585976,2019-02-05 02:14:31,,3693.1548887,0.0,0,,247203597.90882352,0.0,0.0,57
0,[],27,[],2019-02-05 02:14:33,0.0,0,0,6585977,2019-02-05 02:14:33,,0.0,0.0,0,"btc,eth",0.0,0.0,0.0,57
0.0000000000982269,[],4,[],2019-02-05 02:06:56,1619469551.5685742,4.9113450000000006e-18,1.69646696721e-22,6585820,2019-02-05 02:06:56,ltc,3.288209341426232,0.0,0.00000005,ltc,1065024039.5998566,0.0,5.212061954090061e-09,58
1,[],12,[],2019-02-05 02:06:58,2070610575.843957,0.0000000005,0.0000000000000172709,6585821,2019-02-05 02:06:58,btc,625182683192.2798,0.0,0.0000000005,btc,3160989693.8132863,0.010029518015184853,0.7503048562011392,58
0,[],17,[],2019-02-05 02:07:00,0.0,0,0,6585822,2019-02-05 02:07:00,btc,1e+24,0.0,0,btc,41616695.95832568,0.0,0.0,58
0.00000000012399179999999998,[],22,[],2019-02-05 02:07:04,137438.0,1.239918e-18,4.2828999572399996e-23,6585823,2019-02-05 02:07:04,XMR,69.8835922,0.0,0.00000001,XMR,9887963.0,0.0,0.00137438,58
1,[],5,[],2019-02-05 02:07:06,8.67e-06,0.00000068,0.000000000023488424,6585824,2019-02-05 02:07:06,btc,0.32729161,0.00605421,0.00000068,btc,0.0001545,0.0,0.05150858,61
1,[],22,[],2019-02-05 02:07:10,5111.5,0.00000011,0.000000000003799598,6585825,2019-02-05 02:07:10,BTC,1002.29606732,0.0,0.00000011,BTC,15028.700278135757,0.0,0.00051178,61
1,[],26,[],2019-02-05 02:07:10,0.0,0.00000800,0.00000000027633439999999997,6585826,2019-02-05 02:07:10,btc,0.0,0.0,0.00000800,btc,0.0,0.0,0.0,61
1,[],27,[],2019-02-05 02:07:12,100.0,0.00000032,0.000000000011053376,6585827,2019-02-05 02:07:12,btc,0.123916,4.0,0.00000032,"btc,eth",155.76,0.0024,3.1e-05,61
1,[],28,[],2019-02-05 02:07:13,6884.304,0.0000006,0.00000000002072508,6585828,2019-02-05 02:07:13,btc,2.064613633700105,726.0,0.0000006,btc,11345.10450005,0.0,0.00216611304,61
1,[],4,[],2019-02-05 02:00:52,1327771.03289842,0.00000181,0.000000000062508169,6585635,2019-02-05 02:00:52,btc,0.6757259851525198,0.0,0.00000181,btc,244787.47506613,0.08357306,1.00081583362958,67
0.0,[],25,[],2019-02-05 02:00:53,0.0,0,0,6585636,2019-02-05 02:00:53,,0.0,0.0,0.0,btc,0.0,0.0,0.0,67
1,[],12,[],2019-02-05 02:07:14,2388252.66344444,0.00000014,0.000000000004835852,6585829,2019-02-05 02:07:14,btc,11115995.636681935,0.0,0.00000014,btc,2453168.20594959,0.0434377731768238,0.057972146441110796,71
,[],5,[],2018-11-20 23:02:39,1.5e-07,0.00000005,0.000000000002128045,4862160,2018-11-20 23:02:39,btc,2.84511358,0.0,,btc,0.00036572,0.0,0.07381892,74
1,[],5,[],2019-01-25 15:53:51,3.303e-05,0.00000156,0.000000000055588884,6499610,2019-01-25 15:53:51,btc,1.42844212,0.0,0.00000156,btc,0.00015937,0.0,0.49487621,75
0,[],20,[],2019-01-25 09:30:31,0.0,0,0,6495923,2019-01-25 09:30:31,btc,0.0,0.0,0,btc,0.0,0.0,0.0,81
1,[],4,[],2019-02-05 02:07:17,70997797.82492337,0.00000001,0.000000000000345418,6585830,2019-02-05 02:07:17,btc,0.8140611123105091,0.0,0.00000001,btc,15190754.69973608,0.00234377,0.7099779782492337,81
1,[],4,[],2019-02-05 02:07:19,23678.83668536,0.00007031,0.000000002428633958,6585831,2019-02-05 02:07:19,btc,0.4833895238648373,0.0,0.00007031,btc,4932.02837868,0.0446319,0.0798065570784062,82
1,[],21,[],2019-02-05 02:07:20,82943.25279323,0.00007524999999999999950647117108,0.00000000259927045,6585832,2019-02-05 02:07:20,btc,3.5428503634215716,3204.17590711,0.000075249999999999999506471171084598381639807485044002532958984375,btc,40336.40234841,0.24096013,4.182249395598163,82
0,[],17,[],2019-02-05 02:14:35,0.0,0,0,6585978,2019-02-05 02:14:35,btc,0.0447233088476774,0.0,0,btc,999127.19588126,0.0,0.0,84
0.0000000000982269,[],4,[],2019-02-05 02:07:20,334193027.582892,1.1787228e-17,4.071520721304e-22,6585833,2019-02-05 02:07:20,ltc,0.19579063227477939,0.0,0.00000012,ltc,69961293.00153106,0.0,1.3156327772432714e-09,85
,[],22,[],2018-11-20 23:09:34,3408.1,0.0000001,0.0000000000041895,4862324,2018-11-20 23:09:34,BTC,0.04624735,0.0,,BTC,4990.0,0.0,0.00033081,86
0,[],22,[],2019-02-05 02:07:23,0.0,0,0,6585834,2019-02-05 02:07:23,,2.07810912,0.0,0,,154826.94736842104,0.0,0.0,87
0,[],27,[],2019-02-05 02:07:24,0.0,0,0,6585835,2019-02-05 02:07:24,,0.0,0.0,0,btc,0.0,0.0,0.0,87
,[],2,[],2018-11-20 23:10:47,0.0,0,0,4862359,2018-11-20 23:10:47,,0.0,0.0,,,0.0,0.0,0.0,88
1,[],11,[],2019-02-05 02:07:26,101362.15991252,0.0001824999999999999907886183425631543286726810038089752197265625,0.0000000063038785,6585836,2019-02-05 02:07:26,btc,245.93707797732336,5.0,0.0001824999999999999907886183425631543286726810038089752197265625,btc,184338.86947277,0.0,7.382607901367696,89
0,[],2,[],2019-01-20 23:31:45,0.0,0,0,6477083,2019-01-20 23:31:45,,0.0,0.0,0,,0.0,0.0,0.0,91
1,[],12,[],2019-02-05 02:07:27,459855.46397797996,0.00000358999999999999993283692802104045682654032134450972080230712890625,0.000000000124005062,6585837,2019-02-05 02:07:27,btc,1115.4422137368856,0.0,0.00000358999999999999993283692802104045682654032134450972080230712890625,btc,36137.4763252,0.0100195401916027,0.1200515436998892,91
0,[],17,[],2019-02-05 02:07:28,0.0,0,0,6585838,2019-02-05 02:07:28,btc,0.0,0.0,0,btc,0.0,0.0,0.0,91
0.0000000000982269,[],22,[],2019-02-05 02:07:31,29102392.0,5.893614e-18,2.035760360652e-22,6585839,2019-02-05 02:07:31,LTC,8.80658359,0.0,0.00000006,LTC,76329729.6,0.0,1.20422058,95
1,[],4,[],2019-02-05 02:07:32,132637621.08833504,0.00000001,0.000000000000345418,6585840,2019-02-05 02:07:32,btc,0.94741734438592,0.0,0.00000001,"btc,ltc",49624694.31420673,0.24546407,0.004838843590101121,96
1,[],12,[],2019-02-05 02:07:33,223403.0,0.00000001,0.000000000000345418,6585841,2019-02-05 02:07:33,btc,255063.42186015562,0.0,0.00000001,btc,8939518.33297676,1.575e-05,0.00223403,96
0,[],17,[],2019-02-05 02:07:34,0.0,0,0,6585842,2019-02-05 02:07:34,btc,0.0,0.0,0,btc,0.0,0.0,0.0,96
1,[],4,[],2019-02-05 02:07:34,1428738.90115009,0.00000027,0.000000000009326286,6585843,2019-02-05 02:07:34,btc,0.1474592854606576,0.0,0.00000027,btc,301595.75632119,0.061827,0.1114800340303217,99
0,[],2,[],2019-01-20 23:23:55,0.0,0,0,6476914,2019-01-20 23:23:55,,0.0,0.0,0,,0.0,0.0,0.0,100
1,[],4,[],2019-02-05 02:07:35,71018.06049162,0.00004351,0.0000000015029137179999999,6585844,2019-02-05 02:07:35,btc,1.3994872717322513,0.0,0.00004351,btc,29275.65398794,0.44438423,2.8041145203385316,100
1,[],22,[],2019-02-05 02:07:39,50000.0,0.00000001,0.000000000000345418,6585845,2019-02-05 02:07:39,BTC,23.50383609,0.0,0.00000001,BTC,11277.22,0.0,0.0005,101
1,[],4,[],2019-02-05 02:07:39,148143.98069663,0.00000097,0.000000000033505546,6585846,2019-02-05 02:07:39,btc,0.394131551325886,0.0,0.00000097,btc,150565.86518815,0.0231026,0.0960149667691383,103
1,[],12,[],2019-02-05 02:07:43,88496995.5303887,0.000000016,0.0000000000005526688,6585847,2019-02-05 02:07:43,btc,138278908.9801193,0.0,0.000000016,btc,133560644.98718026,0.12830994943691507,0.6718070654862193,105
1,[],27,[],2019-02-05 02:07:44,10159100.89,0.00000001,0.000000000000345418,6585848,2019-02-05 02:07:44,btc,0.620832568896094,2305.0,0.00000001,btc,708411.74181977,2.305e-05,0.1015910089,105
0,[],22,[],2019-02-05 02:07:47,0.0,0,0,6585849,2019-02-05 02:07:47,,1.07253299,0.0,0,,94300.0,0.0,0.0,107
1,[],26,[],2019-02-05 02:07:47,0.0,0.00000000,0,6585850,2019-02-05 02:07:47,btc,0.0,0.0,0.00000000,btc,0.0,0.0,0.0,107
1,[],5,[],2019-02-05 02:07:49,3e-08,0.00000002,0.000000000000690836,6585851,2019-02-05 02:07:49,btc,2.89682368,0.00679568,0.00000002,btc,1.649e-05,0.0,0.12778461,112
1,[],22,[],2019-02-05 02:07:52,2229188.0,0.00000002,0.000000000000690836,6585852,2019-02-05 02:07:52,BTC,2.81683288,0.0,0.00000002,BTC,808529.0833333334,0.0,0.02960411,112
0.00000000031048010000000003,[],27,[],2019-02-05 02:07:54,500000.0,3.104801e-18,1.072454151818e-22,6585853,2019-02-05 02:07:54,eth,1.25356065,0.0,0.00000001,"btc,eth",1328.0,0.0,1.5524005e-12,112
1,[],4,[],2019-02-05 02:07:55,516200.68025023,0.00000439,0.000000000151638502,6585854,2019-02-05 02:07:55,btc,0.5968855736973786,0.0,0.00000439,btc,100014.27836745,0.19072382,0.4469009810962553,113
1,[],5,[],2019-02-05 02:07:56,2.439e-05,0.00000380,0.00000000013125884,6585855,2019-02-05 02:07:56,btc,2.1466908,0.00010668,0.00000380,btc,0.00294344,0.0,0.20701871,113
1,[],17,[],2019-02-05 02:07:58,174538.724,0.00000004,0.000000000001381672,6585856,2019-02-05 02:07:58,btc,1.3368030274083869,0.0,0.00000004,btc,51896.221,0.0,0.00308154896,116
0,[],27,[],2019-02-05 02:07:59,0.0,0,0,6585857,2019-02-05 02:07:59,,0.0,0.0,0,btc,0.0,0.0,0.0,116
1,[],4,[],2019-02-05 02:08:00,39856.31475507,0.00002404,0.000000000830384872,6585858,2019-02-05 02:08:00,btc,0.5858745563170233,0.0,0.00002404,btc,18168.29728291,0.99271895,0.6874709667907158,120
1,[],7,[],2019-02-05 02:08:01,15075.68841513,0.00001821999999999999834965347389470480266027152538299560546875,0.0000000006293515959999999,6585859,2019-02-05 02:08:01,btc,88979.2215776333,0.0,0.00001821999999999999834965347389470480266027152538299560546875,btc,29618.08555444,0.0,0.1350165705026852,120
1,[],20,[],2019-02-05 02:08:03,1617028.1906,0.000000014,0.0000000000004835852,6585860,2019-02-05 02:08:03,btc,33.7487591931607,10640.1551,0.000000014,btc,1063782.1766,0.0001850438476,0.0089722132172,125
1,[],22,[],2019-02-05 02:08:07,3053.0,0.00000001,0.000000000000345418,6585861,2019-02-05 02:08:07,BTC,0.01444889,0.0,0.00000001,BTC,296264.5111111111,0.0,3.053e-05,126
1,[],4,[],2019-02-05 02:08:08,96075.42725246,0.00001727,0.000000000596536886,6585862,2019-02-05 02:08:08,btc,0.5242497887505339,0.0,0.00001727,btc,26404.70210257,0.4686971,0.6094449871163666,131
0,[],17,[],2019-02-05 02:08:09,0.0,0,0,6585863,2019-02-05 02:08:09,btc,0.0009561751951600001,0.0,0,btc,35.42829368,0.0,0.0,131
0,[],2,[],2019-01-20 23:25:46,0.0,0,0,6476969,2019-01-20 23:25:46,,0.0,0.0,0,,0.0,0.0,0.0,131
1,[],4,[],2019-02-05 02:01:49,4597.58283344,0.00016000,0.000000005525584,6585673,2019-02-05 02:01:49,btc,1.6402050975957807,0.0,0.00016000,btc,302.35845559,0.0,0.0103649733350251,135
1,[],3,[],2019-02-05 02:08:10,1863857.62317087,0.00000007,0.000000000002417926,6585864,2019-02-05 02:08:10,btc,0.1502701845002411,133422.653323,0.00000007,btc,373701.22587494,0.0,0.0694321114460396,136
1,[],4,[],2019-02-05 02:08:11,95437.71866565,0.00000177,0.000000000061138986,6585865,2019-02-05 02:08:11,btc,0.0965037655008747,0.0,0.00000177,btc,42310.05175929,0.07454767,0.1323631883353434,137
1,[],12,[],2019-02-05 02:08:12,297864.45788291,0.000001799999999999999918546601286595265634105089702643454074859619140625,0.00000000006217523999999999,6585866,2019-02-05 02:08:12,btc,11982.843647558395,0.0,0.000001799999999999999918546601286595265634105089702643454074859619140625,btc,123604.09369316,0.0645871520826199,0.0289211300000164,137
1,[],5,[],2019-02-05 02:14:36,0.0015461,0.00004236,0.000000001463186412,6585979,2019-02-05 02:14:36,btc,1.97674452,3.74166341,0.00004236,btc,0.00243823,0.0,1.75365467,142
1,[],17,[],2019-02-05 02:14:38,12500.0,0.0000001,0.00000000000345417,6585980,2019-02-05 02:14:38,btc,20.26102157900386,0.0,0.0000001,btc,5931.99821453,0.0,0.00125,142
1,[],20,[],2019-02-05 02:14:39,150250.2396,0.00004085,0.000000001411028445,6585981,2019-02-05 02:14:39,btc,2.51826764758,10282.2494,0.00004085,btc,5189.8419,0.438793484432,0.2707724222723,142
1,[],22,[],2019-02-05 02:14:43,962.0,0.00001800,0.0000000006217506,6585982,2019-02-05 02:14:43,BTC,3.00449528,0.0,0.00001800,BTC,899.098,0.0,0.0001637,142
0.0,[],25,[],2019-02-05 02:14:44,0.0,0,0,6585983,2019-02-05 02:14:44,,0.0,0.0,0.0,btc,0.0,0.0,0.0,142
1,[],28,[],2019-02-05 02:14:45,78705.0,0.00002600,0.0000000008980842000000001,6585984,2019-02-05 02:14:45,btc,0.0404216555,1492.001,0.00002600,btc,805.999,0.0,0.0350237,142
0,[],22,[],2019-02-05 02:08:26,0.0,0,0,6585873,2019-02-05 02:08:26,,60.28602097,0.0,0,,808007048.8,0.0,0.0,143
1,[],21,[],2019-02-05 02:02:11,30605492.25296928,0.00000026,0.000000000008979074,6585684,2019-02-05 02:02:11,btc,51.069322369861794,3364756.95656768,0.00000026,btc,87843906.11161067,0.89739101,4.133139806958342,145
0,[],22,[],2019-02-05 02:02:14,0.0,0,0,6585685,2019-02-05 02:02:14,,3.15871229,0.0,0,,1840927.5,0.0,0.0,146
,[],22,[],2018-11-20 23:01:11,0.0,0,0,4862114,2018-11-20 23:01:11,,2.56807021,0.0,,,61828.4988236,0.0,0.0,147
1,[],12,[],2019-02-05 02:02:16,8688941.09172246,0.0000045399999999999997310289566454510890025630942545831203460693359375,0.00000000015678844599999998,6585686,2019-02-05 02:02:16,btc,16.504599824640483,0.0,0.0000045399999999999997310289566454510890025630942545831203460693359375,btc,112543.71429068,0.0091797272377185,0.1290225899996704,148
1,[],4,[],2019-02-05 02:08:28,317655.30065038,0.00000040,0.000000000013816719999999999,6585874,2019-02-05 02:08:28,btc,0.6849271965223368,0.0,0.00000040,btc,496866.15536978,0.0025014,0.0710347082589321,152
0,[],22,[],2019-02-05 02:08:31,0.0,0,0,6585875,2019-02-05 02:08:31,,0.0,0.0,0,,0.0,0.0,0.0,152
1,[],5,[],2019-02-05 02:08:32,0.0,0,0,6585876,2019-02-05 02:08:32,btc,4.41744381,0.0,0,btc,0.00161275,0.0,0.0,153
,[],16,[],2019-01-11 15:38:59,0.0,0,0,6366141,2019-01-11 15:38:59,btc,0.0,0.0,,btc,0.0,0.0,0.0,155
0,[],22,[],2019-02-05 02:08:36,0.0,0,0,6585877,2019-02-05 02:08:36,,6.73312347,0.0,0,,4564272.742592593,0.0,0.0,156
0,[],23,[],2019-01-20 23:24:29,0.0,0,0,6476932,2019-01-20 23:24:29,,0.0,0.0,0,,0.0,0.0,0.0,156
1,[],22,[],2019-02-05 02:08:40,7906.0,0.00000801,0.000000000276679818,6585878,2019-02-05 02:08:40,BTC,43.78801181,0.0,0.00000801,BTC,1067.5805334758436,0.0,0.00743836,157
0,[],22,[],2019-02-05 02:08:43,0.0,0,0,6585879,2019-02-05 02:08:43,,50175.6753658,0.0,0,,54007107.04179466,0.0,0.0,158
,[],17,[],2018-11-20 22:56:10,0.0,0,0,4861976,2018-11-20 22:56:10,btc,1.1265625,0.0,,btc,1000.0,0.0,0.0,159
,[],20,[],2018-11-20 22:56:12,0.0,0,0,4861977,2018-11-20 22:56:12,btc,11912.7940471,0.0,,btc,34413894.3617,0.0,0.0,159
1,[],12,[],2019-02-05 02:02:32,198810.91245521,0.000007900000000000000595422149085589325068212929181754589080810546875,0.00000000027282571,6585693,2019-02-05 02:02:32,btc,6.687063965055768,0.0,0.000007900000000000000595422149085589325068212929181754589080810546875,btc,14825.29828389,0.0051208195519084,0.0868894895338792,168
1,[],17,[],2019-02-05 02:02:34,29784.95,0.000001,0.000000000034534899999999994,6585694,2019-02-05 02:02:34,btc,0.03026736251542,0.0,0.000001,btc,144.46171372,0.0,0.00716147,168
0,[],22,[],2019-02-05 02:08:47,0.0,0,0,6585880,2019-02-05 02:08:47,,1.14610387,0.0,0,,685792.1900917594,0.0,0.0,169
1,[],22,[],2019-02-05 02:10:49,0.0,0.00000032,0.000000000011053376,6585881,2019-02-05 02:10:49,BTC,2.25,0.0,0.00000032,BTC,300.0,0.00440356,0.0,171
1,[],22,[],2019-02-05 02:10:52,243145.52380952382,0.0000003,0.00000000001036254,6585882,2019-02-05 02:10:52,BTC,2.65670975,0.0,0.0000003,BTC,218459.9104897285,0.00661402,0.02285534,173
1,[],5,[],2019-02-05 02:02:48,2.548e-05,0.00000322,0.00000000011120237799999999,6585698,2019-02-05 02:02:48,btc,0.36465892,0.08769038,0.00000322,btc,0.00030821,0.0,0.71843587,175
1,[],22,[],2019-02-05 02:10:55,49549.25714285715,0.0000004,0.000000000013816719999999999,6585883,2019-02-05 02:10:55,BTC,0.63358303,0.0,0.0000004,BTC,155090.40184992214,0.0,0.01679357,176
1,[],7,[],2019-02-05 02:10:57,0.0,0,0,6585884,2019-02-05 02:10:57,btc,233187.8026514405,0.0,0,btc,115099540.36229606,0.0,0.0,178
0,[],22,[],2019-02-05 02:10:59,0.0,0,0,6585885,2019-02-05 02:10:59,,1.00242428,0.0,0,,57512.0,0.0,0.0,178
0,[],2,[],2019-01-20 23:28:34,0.0,0,0,6477001,2019-01-20 23:28:34,,0.0,0.0,0,,0.0,0.0,0.0,178
1,[],5,[],2019-02-05 02:11:01,3e-08,0.00000002,0.000000000000690836,6585886,2019-02-05 02:11:01,btc,16.97582066,0.05970719,0.00000002,btc,2.088e-05,0.0,1.19683157,179
1,[],22,[],2019-02-05 02:11:15,8340773.0,0.00000002,0.000000000000690836,6585887,2019-02-05 02:11:15,BTC,5.51393082,0.0,0.00000002,"BTC,LTC",18589483.068656635,0.00010938000074986416,0.3940753,179
0,[],23,[],2019-01-20 23:25:08,0.0,0,0,6476952,2019-01-20 23:25:08,,0.0,0.0,0,,0.0,0.0,0.0,179
1,[],17,[],2019-02-05 02:11:16,10504.725,0.0000001,0.0000000000034541799999999997,6585888,2019-02-05 02:11:16,btc,5.206166879877323,0.0,0.0000001,btc,6755.0074587,0.0,0.0010504725,180
1,[],22,[],2019-02-05 02:11:21,39521.94545454546,0.00000011,0.000000000003799598,6585889,2019-02-05 02:11:21,BTC,0.09618191,0.0,0.00000011,"BTC,LTC",16812.39315481,3.08e-06,0.00413387,180
1,[],26,[],2019-02-05 02:11:21,0.0,0.00000010,0.0000000000034541799999999997,6585890,2019-02-05 02:11:21,btc,0.0,0.0,0.00000010,btc,0.0,0.0,0.0,180
,[],7,[],2018-11-20 22:58:01,562227.975654,0.00000085,0.000000000036176765,4862015,2018-11-20 22:58:01,btc,21836.6059674,2491.87645172,,btc,749999.041456,0.00211021,0.127565380455,183
,[],5,[],2019-01-10 08:11:41,0.0,0,0,6347036,2019-01-10 08:11:41,btc,82.15055501,0.00261,,btc,1.19002445,0.0,0.0,187
1,[],24,[],2019-02-05 02:11:21,0.0,0.000000000001,3.45418e-17,6585891,2019-02-05 02:11:21,btc,0.0,0.0,0.000000000001,btc,0.0,0.0,0.0,187
,[],17,[],2018-11-16 20:58:10,4062536.27273,0.00000001,0.000000000000550501,4708775,2018-11-16 20:58:10,btc,3.36492563466,0.195460381006,,"btc,eth",110697919.549,0.0,0.0157628953496,187
0,[],22,[],2019-02-05 02:11:32,0.0,0,0,6585892,2019-02-05 02:11:32,,1.19382741,0.0,0,,13380.036201072173,0.0,0.0,191
0,[],22,[],2019-02-05 02:03:18,0.0,0,0,6585709,2019-02-05 02:03:18,,0.0,0.0,0,,0.0,0.0,0.0,197
0,[],23,[],2019-01-20 23:31:41,0.0,0,0,6477079,2019-01-20 23:31:41,,0.0,0.0,0,,0.0,0.0,0.0,199
1,[],26,[],2019-02-05 02:11:32,0.0,0.00000000,0,6585893,2019-02-05 02:11:32,btc,0.0,628664.0,0.00000000,btc,0.0,0.0,0.0,199
0,[],17,[],2019-01-30 16:32:01,0.0,0,0,6540827,2019-01-30 16:32:01,btc,6.802544163788159,0.0,0,btc,105897.55575295,0.0,0.0,200
0,[],2,[],2019-01-20 23:30:49,0.0,0,0,6477059,2019-01-20 23:30:49,,0.0,0.0,0,,0.0,0.0,0.0,201
1,[],4,[],2019-01-25 15:51:35,2084389.58565343,0.00000936,0.000000000333526752,6499557,2019-01-25 15:51:35,btc,2.0092503037378524,0.0,0.00000936,btc,160195.80207885,0.19272417,1.242687955921835,211
1,[],7,[],2019-02-05 02:11:35,16473250.38433564,0.0000015099999999999999422575606977670048536310787312686443328857421875,0.000000000052158117999999997,6585894,2019-02-05 02:11:35,btc,16567795.20399921,296297.710921,0.0000015099999999999999422575606977670048536310787312686443328857421875,btc,12590994.5911363,0.0,8.577315988143523,212
1,[],5,[],2019-02-05 02:11:36,4.94e-06,0.00000034,0.000000000011744212,6585895,2019-02-05 02:11:36,btc,1.13442849,0.13951956,0.00000034,btc,3.209e-05,0.0,0.2088672,213
1,[],24,[],2019-02-05 02:11:37,0.0,0.000000050000,0.0000000000017270899999999999,6585896,2019-02-05 02:11:37,btc,0.0,0.0,0.000000050000,btc,0.0,0.0,0.0,213
1,[],26,[],2019-02-05 02:11:37,0.0,0.00000009,0.000000000003108762,6585897,2019-02-05 02:11:37,btc,0.0,0.0,0.00000009,btc,0.0,0.0,0.0,213
1,[],12,[],2019-01-25 02:44:32,207462.42853209,0.000001080000000000000035831255497387193287295303889550268650054931640625,0.000000000038610756000000006,6493050,2019-01-25 02:44:32,btc,85023.03793723314,0.0,0.000001080000000000000035831255497387193287295303889550268650054931640625,btc,43675.73520027,0.000146250909087,0.0348620860622024,213
1,[],22,[],2019-02-05 02:11:40,276400.0,0.00000002,0.000000000000690836,6585898,2019-02-05 02:11:40,BTC,70.20492877,0.0,0.00000002,BTC,291693.63137942314,0.0,0.004714,216
1,[],27,[],2019-02-05 02:11:44,5054645.0,0.00000015,0.00000000000518127,6585899,2019-02-05 02:11:44,btc,313.98421275996,18000.0,0.00000015,"btc,ltc",287278.49411,0.00666,0.0516735,216
1,[],22,[],2019-02-05 02:11:49,250365.48250399102,0.00000233,0.000000000080482394,6585900,2019-02-05 02:11:49,BTC,12677.92395726,0.0,0.00000233,BTC,493445.3028299485,0.00556574,0.31980442,217
1,[],7,[],2019-02-05 02:11:50,0.0,0,0,6585901,2019-02-05 02:11:50,btc,77970.02600413912,0.0,0,btc,134531561.1214003,0.0,0.0,219
0,[],27,[],2019-02-05 02:11:52,0.0,0,0,6585902,2019-02-05 02:11:52,,5.3418937883169715,0.0,0,btc,1605140.99226592,0.0,0.0,219
0.0000000000000055,[],28,[],2019-02-05 02:11:54,205554034.567,6.1325e-18,2.1182758850000003e-22,6585903,2019-02-05 02:11:54,doge,88554.0318717675,13003.0,0.00111500,"btc,doge",4969437.84751,0.0,2.9397062286559605e-11,219
1,[],22,[],2019-02-05 02:11:58,213501.0,0.00000054,0.000000000018652572,6585904,2019-02-05 02:11:58,BTC,2.99954627,0.0,0.00000054,BTC,32610.55212317522,0.00185502,0.02576238,221
1,[],24,[],2019-02-05 02:11:58,0.0,0.000000550000,0.00000000001899799,6585905,2019-02-05 02:11:58,btc,0.0,0.0,0.000000550000,btc,0.0,0.0,0.0,221
1,[],20,[],2019-02-05 02:12:00,5506483.4568,0.000000007,0.0000000000002417926,6585906,2019-02-05 02:12:00,btc,5.6382131796278,222062.5384,0.000000007,btc,7352921.7904,0.0022847405562,0.0127874406566,224
0,[],22,[],2019-02-05 02:12:03,0.0,0,0,6585907,2019-02-05 02:12:03,,0.0,0.0,0,,0.0,0.0,0.0,224
1,[],26,[],2019-02-05 02:12:03,0.0,0.00000022,0.000000000007599196,6585908,2019-02-05 02:12:03,btc,0.0,0.0,0.00000022,btc,0.0,0.0,0.0,231
1,[],26,[],2019-02-05 02:12:03,0.0,0.00000005,0.0000000000017270899999999999,6585909,2019-02-05 02:12:03,btc,0.0,100.0,0.00000005,btc,0.0,0.0,0.0,234
0,[],27,[],2019-02-05 02:12:06,0.0,0,0,6585910,2019-02-05 02:12:06,,0.0113483662182,0.0,0,"btc,eth",11462.99618,0.0,0.0,234
0.0000000000982269,[],22,[],2019-02-05 02:12:10,4910000.0,9.82269e-19,3.39293393442e-23,6585911,2019-02-05 02:12:10,LTC,2.82421019,0.0,0.00000001,LTC,99533768.06349206,9.822690000000001e-15,0.0491,235
1,[],4,[],2019-02-05 02:03:57,810647.1441931,0.00000059,0.000000000020375591,6585729,2019-02-05 02:03:57,btc,0.1577766616278211,0.0,0.00000059,btc,144261.68326785,0.03025334,0.1749243709441248,236
1,[],24,[],2019-02-05 02:03:57,0.0,0.000000010000,0.00000000000034534899999999997,6585730,2019-02-05 02:03:57,btc,0.0,0.0,0.000000010000,btc,0.0,0.0,0.0,236
1,[],20,[],2019-02-05 02:12:12,20864806.1693,0.00000006,0.000000000002072508,6585912,2019-02-05 02:12:12,btc,16.2633044054586,11657826.5503,0.00000006,btc,26226909.4764,0.7156312528113,0.3862817164782,237
1,[],22,[],2019-02-05 02:12:16,10000.0,0.00000001,0.000000000000345418,6585913,2019-02-05 02:12:16,BTC,0.04083605,0.0,0.00000001,BTC,4179.0,0.0,0.0001,237
1,[],4,[],2019-02-05 02:12:17,3840170.62224928,0.00000034,0.000000000011744212,6585914,2019-02-05 02:12:17,btc,0.5147562636225596,0.0,0.00000034,btc,1267382.62691003,0.70772456,1.1890973894604706,238
1,[],5,[],2019-02-05 02:12:18,4.29e-06,0.00000033,0.000000000011398794,6585915,2019-02-05 02:12:18,btc,0.72568933,0.00293819,0.00000033,btc,2.957e-05,0.0,0.26872891,238
1,[],22,[],2019-02-05 00:02:14,181969.0,0.00000003,0.0000000000010392,6584987,2019-02-05 00:02:14,BTC,15.41390197,0.0,0.00000003,BTC,299606.2639027493,0.00058724,0.00545907,249
0.0000000000983127,[],22,[],2019-02-05 02:04:09,1311049.0,2.949381e-18,1.018565778969e-22,6585735,2019-02-05 02:04:09,LTC,0.46385524,0.0,0.00000003,LTC,14489283.09,6.5232442704e-14,0.03833449,252
1,[],28,[],2019-02-05 02:12:23,2320788.578,0.00000009,0.000000000003108762,6585916,2019-02-05 02:12:23,btc,164692.29902255893,58032.011,0.00000009,btc,674053.1485,0.0,0.07894288099,256
1,[],22,[],2019-02-05 02:04:15,153692.0,0.00000002,0.0000000000006906979999999999,6585737,2019-02-05 02:04:15,BTC,35605.55906008,0.0,0.00000002,BTC,507089.34188300685,0.00096614,0.00190942,258
1,[],22,[],2019-01-26 20:58:41,368451.0,0.00000001,0.000000000000356135,6510120,2019-01-26 20:58:41,BTC,2.642917,0.0,0.00000001,"BTC,LTC",1862.0,0.0,0.02488451,259
1,[],22,[],2019-02-05 02:04:19,44934.09428571429,0.00000700,0.0000000002417443,6585738,2019-02-05 02:04:19,BTC,4.70992424,0.0,0.00000700,BTC,8475.446929624764,0.0,0.089659,262
1,[],5,[],2019-02-05 02:04:20,6.503e-05,0.00000316,0.000000000109130284,6585739,2019-02-05 02:04:20,btc,1.01815718,0.24824067,0.00000316,btc,0.0006146,0.0,0.22636646,264
1,[],20,[],2019-02-05 02:04:21,1164866.3596,0.000003001,0.0000000001036392349,6585740,2019-02-05 02:04:21,btc,4.9955276392801,9576.9206,0.000003001,btc,94330.642,0.040688079415,0.0183810804328,264
1,[],22,[],2019-02-05 02:04:25,131617.0,0.00000002,0.0000000000006906979999999999,6585741,2019-02-05 02:04:25,BTC,8.52098902,0.0,0.00000002,BTC,337937.0984647885,6.8e-05,0.00213471,271
0,[],22,[],2019-02-05 02:04:27,0.0,0,0,6585742,2019-02-05 02:04:27,,369.26513139,0.0,0,,14581807828.9,0.0,0.0,272
0.0000000000000055,[],28,[],2019-02-05 02:04:30,254269668996.792,6.6e-21,2.2793034000000003e-25,6585743,2019-02-05 02:04:30,doge,299028345.1856907,15779740471.335,0.00000120,doge,158440537338.041,0.0,8.950905489650234e-10,272
0,[],22,[],2019-02-05 02:04:33,0.0,0,0,6585744,2019-02-05 02:04:33,,0.0,0.0,0,,0.0,0.0,0.0,281
