pairValue,buyBook,exchangeId,sellBook,updated,buyTotal,satoshiPrice,usdPrice,exchangeLogId,created,bestPair,sellTotalBtc,volume,pairPrice,activePairs,sellTotal,volumeBtc,buyTotalBtc,coinId
1,[],3,[],2019-01-30 23:41:06,114.572940279721,0.01269679999999999940596406844406374148093163967132568359375,0.00000043946418095999995,6543445,2019-01-30 23:41:06,btc,106.9940741631738,0.230032799836,0.01269679999999999940596406844406374148093163967132568359375,btc,13.033058137123001,0.0,0.3206102214110695,1
1,[],4,[],2019-01-30 23:41:38,25072.44098712,0.01271914,0.000000440237417508,6543446,2019-01-30 23:41:38,btc,0.976735255216442,0.0,0.01271914,btc,72.72935925,0.31284445,1.1696839790994893,1
1,[],5,[],2019-01-30 23:41:42,0.26082536,0.01252433,0.00000043349461482599996,6543447,2019-01-30 23:41:42,btc,14578.44977982,0.03771111,0.01252433,btc,35555556.3169328,0.0,1.5262568,1
1,[],10,[],2019-01-30 23:41:44,272663.71968989,0.01211114,0.00000041919319990799994,6543448,2019-01-30 23:41:44,btc,6537.739943145385,1606.8765691,0.01211114,btc,1032.40281845,0.0,5.046673430998516,1
1,[],12,[],2019-01-30 23:41:47,10425.66082236,0.012619999999999999273914141895147622562944889068603515625,0.000000436805964,6543449,2019-01-30 23:41:47,btc,0.4689699089978,0.0,0.012619999999999999273914141895147622562944889068603515625,btc,31.01598207,0.1218732795276,0.2225436145955,1
1,[],20,[],2019-01-30 23:41:49,1348.8878,0.0105001,0.00000036343156122,6543450,2019-01-30 23:41:49,btc,0.0564711704203,0.0,0.0105001,btc,2.4781,0.0,0.0912662490751,1
1,[],21,[],2019-01-30 23:41:50,2379.54584921,0.01266342999999999982541076804,0.00000043830917184599996,6543451,2019-01-30 23:41:50,btc,19.44559437774829,4329.91494481,0.0126634299999999998254107680395463830791413784027099609375,"btc,eth",2128.10677819,51.98799183960204,22.854110332481053,1
1,[],22,[],2019-01-30 23:41:55,0.0263776,0.01350000,0.00000046726469999999997,6543452,2019-01-30 23:41:55,BTC,0.31380731,0.0,0.01350000,BTC,0.09124366666666667,0.00013976,0.00034472,1
1,[],24,[],2019-01-30 23:41:56,0.0,0.000000000000,0,6543453,2019-01-30 23:41:56,btc,0.0,0.0,0.000000000000,btc,0.0,0.0,0.0,1
0.0,[],25,[],2019-01-30 23:41:57,0.0,0,0,6543454,2019-01-30 23:41:57,btc,17.711999997904254,347.51499685,0.0,btc,1366.88591949,4.4128,0.0,1
1,[],26,[],2019-01-30 23:42:08,0.0,0,0,6543455,2019-01-30 23:42:08,,0.0,0.0,0,,0.0,0.0,0.0,1
1,[],28,[],2019-01-30 23:42:10,987.9,0.01131000,0.000000391463982,6543456,2019-01-30 23:42:10,btc,0.162839806,17173.45,0.01131000,btc,8.9,0.0,0.024551096,1
0,[],2,[],2019-01-20 23:28:45,0.0,0,0,6477011,2019-01-20 23:28:45,,0.0,0.0,0,,0.0,0.0,0.0,1
1,[],5,[],2019-01-30 23:42:12,1.966e-05,0.00000076,0.000000000026305272,6543457,2019-01-30 23:42:12,btc,0.14924859,0.03014554,0.00000076,btc,7.345e-05,0.0,0.44315642,2
1,[],22,[],2019-01-30 23:42:16,1754.625335862178,0.0000004,0.00000000001384488,6543458,2019-01-30 23:42:16,BTC,0.0231601,0.0,0.0000004,"BTC,XMR",14562.72385,0.0,0.00111682,2
1,[],5,[],2019-01-30 23:42:17,1.42e-06,0.00000017,0.0000000000058840739999999995,6543459,2019-01-30 23:42:17,btc,3.85083003,0.06932986,0.00000017,btc,2.267e-05,0.0,3.68474624,3
1,[],12,[],2019-01-30 23:42:18,12289043.51942803,0.000000173,0.0000000000059879106,6543460,2019-01-30 23:42:18,btc,921319.9216082356,0.0,0.000000173,btc,8059127.07330011,0.02796369323115199,0.5226327480205645,3
0,[],28,[],2019-01-30 23:42:22,0.0,0,0,6543461,2019-01-30 23:42:22,,0.0,0.0,0,,0.0,0.0,0.0,3
0,[],2,[],2019-01-20 23:31:32,0.0,0,0,6477077,2019-01-20 23:31:32,,0.0,0.0,0,,0.0,0.0,0.0,4
1,[],4,[],2019-01-30 23:42:23,238858.41186372,0.00000038,0.000000000013152636,6543462,2019-01-30 23:42:23,btc,0.412090676937241,0.0,0.00000038,btc,332389.44494238,0.00161667,0.0204263704354977,4
1,[],12,[],2019-01-25 15:53:49,1222127.5219999999,0.00000003,0.000000000001069017,6499609,2019-01-25 15:53:49,btc,11013867.817925906,0.0,0.00000003,btc,969763.77092902,0.0,0.01617509044,5
0,[],2,[],2019-01-20 23:31:51,0.0,0,0,6477087,2019-01-20 23:31:51,,0.0,0.0,0,,0.0,0.0,0.0,6
1,[],11,[],2019-01-30 23:42:25,5048494.5,0.00000002,0.000000000000692244,6543463,2019-01-30 23:42:25,btc,9432.45614476156,468192.0,0.00000002,btc,41355460.95537939,0.0,0.050880335,6
1,[],3,[],2019-01-30 23:42:25,1069.652384675756,0.000150559999999999995050348200464895853656344115734100341796875,0.000000005211212831999999,6543464,2019-01-30 23:42:25,btc,28.510202753279106,0.0,0.000150559999999999995050348200464895853656344115734100341796875,btc,234.145665820227,0.0,0.030997767816609203,7
1,[],4,[],2019-01-30 23:42:26,21963.80480648,0.00016601,0.000000005745971322,6543465,2019-01-30 23:42:26,btc,2.479804776545643,0.0,0.00016601,btc,13448.48463088,3.68583336,3.3010446840378447,7
1,[],5,[],2019-01-30 23:42:27,0.00475668,0.00015530,0.00000000537527466,6543466,2019-01-30 23:42:27,btc,1.42127745,0.83167651,0.00015530,btc,0.01091356,0.0,1.29924639,7
1,[],20,[],2019-01-30 23:33:34,62771509.8802,0.000000001,0.0000000000000346014,6543263,2019-01-30 23:33:34,btc,136.3794032759826,3088827.1843,0.000000001,btc,24923278.1195,0.0061776543686,0.0627715098802,8
0,[],2,[],2019-01-20 23:22:42,0.0,0,0,6476876,2019-01-20 23:22:42,,0.0,0.0,0,,0.0,0.0,0.0,9
0,[],23,[],2019-01-20 23:22:48,0.0,0,0,6476878,2019-01-20 23:22:48,,0.0,0.0,0,,0.0,0.0,0.0,9
1,[],1,[],2019-01-30 23:42:29,1000524.0700000001,0.000001769999999999999994019540816569957542014890350401401519775390625,0.000000000061263594,6543467,2019-01-30 23:42:29,btc,2.2527950881,21521774.79,0.000001769999999999999994019540816569957542014890350401401519775390625,btc,1241528.83,38.08481566,1.7358043262,9
1,[],4,[],2019-01-30 23:42:29,1095996.00843313,0.00000172,0.000000000059532984,6543468,2019-01-30 23:42:29,btc,1.01531908511251,0.0,0.00000172,btc,536531.04504635,0.5923289,0.3516413889943809,9
1,[],28,[],2019-01-30 23:42:35,49320.0,0.00000190,0.00000000006576318,6543469,2019-01-30 23:42:35,btc,2708.750862076,3565228.0,0.00000190,btc,7870.28,0.0,0.056698,9
1,[],4,[],2019-01-30 23:42:36,7674654.66126053,0.00000002,0.000000000000692244,6543470,2019-01-30 23:42:36,btc,0.2059096907857639,0.0,0.00000002,btc,4034631.16091358,0.01057405,0.0822055838452106,10
0,[],2,[],2019-01-20 23:23:08,0.0,0,0,6476890,2019-01-20 23:23:08,,0.0,0.0,0,,0.0,0.0,0.0,12
1,[],4,[],2019-01-30 23:42:37,3697122.11527788,0.00000140,0.00000000004845708,6543471,2019-01-30 23:42:37,btc,0.9820276171499518,0.0,0.00000140,btc,664601.15906179,2.22902642,2.966445905659852,12
1,[],5,[],2019-01-30 23:42:39,1.325e-05,0.00000136,0.000000000047072591999999996,6543472,2019-01-30 23:42:39,btc,0.20681036,1.70537505,0.00000136,btc,0.00012582,0.0,0.64426957,12
0.0,[],25,[],2019-01-30 23:42:40,0.0,0,0,6543473,2019-01-30 23:42:40,,0.0,0.0,0.0,btc,0.0,0.0,0.0,12
1,[],4,[],2019-01-30 23:42:41,354931.67871138,0.00000641,0.00000000022186420199999998,6543474,2019-01-30 23:42:41,btc,0.348992220468105,0.0,0.00000641,btc,49765.9198355,0.74450849,1.620983074076497,13
1,[],21,[],2019-01-30 23:42:45,1364058.31834284,0.000006600000000000000336612248492,0.00000000022844052,6543475,2019-01-30 23:42:45,btc,7.364921845029741,1523795.18250015,0.0000066000000000000003366122484915745616262938710860908031463623046875,btc,986909.88502732,9.87640039,7.067948127115511,13
1,[],10,[],2019-01-30 19:29:52,580493.265785,0.00000609,0.000000000211101933,6542467,2019-01-30 19:29:52,btc,666810.8838352718,18621.5198069,0.00000609,btc,835721.28577405,0.0,0.7927308563146009,13
1,[],4,[],2019-01-30 23:42:45,789045.15897574,0.00000138,0.000000000047764836,6543476,2019-01-30 23:42:45,btc,0.1616264322371118,0.0,0.00000138,btc,77462.68381867,0.00269462,0.1096218646437513,14
1,[],12,[],2019-01-30 23:42:47,86160.42857143,0.000001179999999999999925426948273188276772316385176964104175567626953125,0.000000000040842396,6543477,2019-01-30 23:42:47,btc,1.7870420966516911,0.0,0.000001179999999999999925426948273188276772316385176964104175567626953125,btc,38567.61958427,0.0,0.0095821200000016,14
0,[],17,[],2019-01-30 23:42:48,0.0,0,0,6543478,2019-01-30 23:42:48,btc,0.0,0.0,0,btc,0.0,0.0,0.0,14
1,[],26,[],2019-01-30 23:42:48,0.0,0.00000049,0.000000000016959978,6543479,2019-01-30 23:42:48,btc,0.0,0.0,0.00000049,btc,0.0,0.0,0.0,14
0,[],4,[],2019-01-30 23:42:49,0.0,0,0,6543480,2019-01-30 23:42:49,,0.0,0.0,0,,0.0,0.0,0.0,15
,[],12,[],2018-12-01 15:15:48,204241.84496,0.00000489,0.000000000202473384,5260204,2018-12-01 15:15:48,btc,49.5475654835,0.0,,btc,35763.2193806,0.0163153972027625,0.0203389899998,15
0,[],2,[],2019-01-20 23:23:38,0.0,0,0,6476906,2019-01-20 23:23:38,,0.0,0.0,0,,0.0,0.0,0.0,18
1,[],4,[],2019-01-30 23:42:51,24993.67191624,0.00001780,0.0000000006160971599999999,6543481,2019-01-30 23:42:51,btc,1.2240641549763114,0.0,0.00001780,btc,7249.36395956,0.01433957,0.0812541811696713,18
1,[],10,[],2019-01-30 23:42:53,395860.58804457,0.00001706,0.000000000590484132,6543482,2019-01-30 23:42:53,btc,15.568355367735247,14055.8489915,0.00001706,btc,11250.92743071,0.0,0.2835031065832643,18
1,[],12,[],2019-01-30 23:42:54,200891.4050273,0.00001811999999999999930709072837320405824357294477522373199462890625,0.000000000627173064,6543483,2019-01-30 23:42:54,btc,0.1842855569455053,0.0,0.00001811999999999999930709072837320405824357294477522373199462890625,btc,1629.21937285,0.0213423130103672,0.0188700575819096,18
0,[],17,[],2019-01-30 23:42:56,0.0,0,0,6543484,2019-01-30 23:42:56,btc,0.0,0.0,0,btc,0.0,0.0,0.0,18
0,[],2,[],2019-01-20 23:24:19,0.0,0,0,6476924,2019-01-20 23:24:19,,0.0,0.0,0,,0.0,0.0,0.0,19
1,[],3,[],2019-01-30 23:42:56,108779.01858306913,0.0000351100000000000009628929598104463138952269218862056732177734375,0.000000001215234342,6543485,2019-01-30 23:42:56,btc,1.209300640191481,439.870027082,0.0000351100000000000009628929598104463138952269218862056732177734375,btc,8656.582030539312,0.0,0.10150045750185321,19
1,[],4,[],2019-01-30 23:42:57,76655.46838411,0.00003312,0.000000001146356064,6543486,2019-01-30 23:42:57,btc,0.4735462600910979,0.0,0.00003312,btc,12008.7456427,1.41845646,1.709412108301119,19
1,[],5,[],2019-01-30 23:42:58,0.00046951,0.00003156,0.0000000010923610319999999,6543487,2019-01-30 23:42:58,btc,0.31055961,0.01094686,0.00003156,btc,0.00346048,0.0,0.24064028,19
1,[],12,[],2019-01-30 23:43:00,133582.0,0.0000333099999999999978679728063202247767549124546349048614501953125,0.0000000011529323819999998,6543488,2019-01-30 23:43:00,btc,1.9912092062352564,0.0,0.0000333099999999999978679728063202247767549124546349048614501953125,btc,443.27457877,0.001567668601326,0.03153954,19
0,[],27,[],2019-01-30 23:43:02,0.0,0,0,6543489,2019-01-30 23:43:02,,0.0,0.0,0,btc,0.0,0.0,0.0,19
1,[],4,[],2019-01-30 23:43:03,9445137.15447708,0.00000013,0.000000000004499586,6543490,2019-01-30 23:43:03,btc,0.8121940963808697,0.0,0.00000013,btc,1597393.93239221,0.00085552,0.395211008171568,20
1,[],4,[],2019-01-30 23:43:04,119462592.27423026,0.00000002,0.000000000000692244,6543491,2019-01-30 23:43:04,btc,0.6225803674414744,0.0,0.00000002,btc,14781662.76181205,0.00275886,1.3987465206544454,21
1,[],12,[],2019-01-30 23:43:05,19388582.0,0.00000002,0.000000000000692244,6543492,2019-01-30 23:43:05,btc,668.0328575940472,0.0,0.00000002,btc,8169430.01398869,0.0001457984415585,0.26070816,21
0,[],17,[],2019-01-30 23:43:07,0.0,0,0,6543493,2019-01-30 23:43:07,btc,0.0,0.0,0,btc,0.0,0.0,0.0,21
1,[],12,[],2019-01-30 23:43:08,2533979966.531895,0.0000000001,0.00000000000000346122,6543494,2019-01-30 23:43:08,btc,1721704714464.399,0.0,0.0000000001,btc,4997207193.315916,0.21130275416763236,0.2533979966531895,23
0,[],27,[],2019-01-30 23:43:10,0.0,0,0,6543495,2019-01-30 23:43:10,,0.424699,0.0,0,eth,424699.0,0.0,0.0,23
1,[],4,[],2019-01-30 23:43:11,883335.90008862,0.00000084,0.000000000029074248,6543496,2019-01-30 23:43:11,btc,0.0894327934563711,0.0,0.00000084,btc,74599.34439901,0.00453891,0.3746532614658024,24
1,[],22,[],2019-01-30 23:43:15,11.76,0.00000100,0.0000000000346122,6543497,2019-01-30 23:43:15,BTC,7.415e-05,0.0,0.00000100,BTC,23.919354838709676,0.0,1.176e-05,24
0.0,[],25,[],2019-01-30 23:43:16,0.0,0,0,6543498,2019-01-30 23:43:16,,0.0,0.0,0.0,btc,0.0,0.0,0.0,24
1,[],4,[],2019-01-30 23:43:18,27067750.49949443,0.00000690,0.00000000023882417999999997,6543499,2019-01-30 23:43:18,btc,0.4752519526738321,0.0,0.00000690,btc,40296.36152248,0.12352246,0.4286962491679326,26
1,[],10,[],2019-01-30 23:43:19,731021.05947946,0.00000715,0.00000000024747722999999997,6543500,2019-01-30 23:43:19,btc,27.980296764410653,1677.35708126,0.00000715,btc,12873.91623737,0.0,0.2056292635182259,26
0,[],2,[],2019-01-20 23:25:56,0.0,0,0,6476976,2019-01-20 23:25:56,,0.0,0.0,0,,0.0,0.0,0.0,26
1,[],3,[],2019-01-30 23:43:20,6396256.03885143,0.00000001,0.000000000000346122,6543501,2019-01-30 23:43:20,btc,2.9527039484524513,2172260.0,0.00000001,btc,17359293.3657977,0.0,0.06396256038851429,27
1,[],5,[],2019-01-30 23:43:22,1e-08,0.00000001,0.000000000000346122,6543502,2019-01-30 23:43:22,btc,1.48685309,0.04722293,0.00000001,btc,5.008e-05,0.0,0.10493433,27
1,[],11,[],2019-01-30 23:43:23,10597882.41182718,0.00000005,0.0000000000017306099999999998,6543503,2019-01-30 23:43:23,btc,370.5931920764931,1000.0,0.00000005,btc,8220964.80991447,0.0,0.4932896594767663,27
1,[],4,[],2019-01-30 23:43:24,127021172.330996,0.00000003,0.000000000001038366,6543504,2019-01-30 23:43:24,btc,3.859684251735786,0.0,0.00000003,"btc,ltc",153343279.62322444,0.24826495,1.9352341223978038,29
1,[],7,[],2019-01-30 23:43:25,39004567.73790808,0.00000003,0.0000000000010383659999999999,6543505,2019-01-30 23:43:25,btc,44465206.09618544,4304874.37999,0.00000003,btc,38085861.46235479,0.16917088,0.7017868225037149,29
1,[],4,[],2019-01-30 23:43:26,1309081.03283006,0.00000035,0.00000000001211427,6543506,2019-01-30 23:43:26,btc,0.2993688181024949,0.0,0.00000035,btc,556056.3137583,0.00192439,0.0705705174285568,30
0,[],17,[],2019-01-30 23:43:28,0.0,0,0,6543507,2019-01-30 23:43:28,btc,0.0,0.0,0,btc,0.0,0.0,0.0,30
1,[],4,[],2019-01-30 23:43:28,131446.32681242,0.00008302,0.000000002873504844,6543508,2019-01-30 23:43:28,btc,1.3187531601379903,0.0,0.00008302,btc,14061.43161963,0.92111649,2.4403933851566144,31
1,[],21,[],2019-01-30 23:43:29,40024.823952880004,0.00008488000000000000047888776278,0.000000002937883536,6543509,2019-01-30 23:43:29,btc,8.08054480373298,117399.24136009,0.000084880000000000000478887762778157366483355872333049774169921875,btc,83815.7759873,9.97371702,3.228208702156204,31
0,[],2,[],2019-01-20 23:28:43,0.0,0,0,6477009,2019-01-20 23:28:43,,0.0,0.0,0,,0.0,0.0,0.0,32
1,[],4,[],2019-01-30 23:43:30,144443725.98476413,0.00000006,0.000000000002076732,6543510,2019-01-30 23:43:30,btc,3.3009754510985396,0.0,0.00000006,"btc,ltc",56043711.50548763,0.51371848,2.3371168955467834,33
1,[],12,[],2019-01-30 23:43:31,21082571.0,0.00000006,0.0000000000020767319999999997,6543511,2019-01-30 23:43:31,btc,17261782.26017221,0.0,0.00000006,btc,88446614.63536447,0.05062849944056,0.82914411,33
1,[],4,[],2019-01-30 23:43:32,112058702.01915793,0.00000002,0.000000000000692244,6543512,2019-01-30 23:43:32,btc,0.8334743263382685,0.0,0.00000002,btc,27782477.54460895,3.34848883,1.1222852230615794,34
1,[],5,[],2019-01-30 23:43:33,3e-08,0.00000002,0.000000000000692244,6543513,2019-01-30 23:43:33,btc,3.83375968,1.66883921,0.00000002,btc,1.394e-05,0.0,0.80097135,34
0.0000000000918283,[],4,[],2019-01-30 23:43:34,2211996035.186273,3.673132e-18,1.271351794104e-22,6543514,2019-01-30 23:43:34,ltc,6.331774107956347e-09,0.0,0.00000004,ltc,1289463519.7637165,0.0,5.121910559816493e-09,36
1,[],5,[],2019-01-30 23:43:35,0.0,0,0,6543515,2019-01-30 23:43:35,btc,202.52966451,0.0,0,btc,1.295e-05,0.0,0.0,36
0,[],17,[],2019-01-30 23:43:37,0.0,0,0,6543516,2019-01-30 23:43:37,btc,0.1489213155502444,0.0,0,btc,12533924.99083647,0.0,0.0,36
0.0000000000918283,[],27,[],2019-01-30 23:43:40,2000000.0,1.836566e-18,6.35675897052e-23,6543517,2019-01-30 23:43:40,ltc,448.594787045,0.0,0.00000002,"ltc,eth",3711932.58,0.0,2.754849e-12,36
1,[],4,[],2019-01-30 23:43:41,517905.32367866,0.00000148,0.000000000051226056,6543518,2019-01-30 23:43:41,btc,0.4246502022766491,0.0,0.00000148,btc,224360.38164607,0.16149655,0.5163294681689092,37
1,[],12,[],2019-01-30 23:43:43,436073.91582492,0.00000145000000000000009320343975771638866945068002678453922271728515625,0.00000000005018769,6543519,2019-01-30 23:43:43,btc,1337.7759499980448,0.0,0.00000145000000000000009320343975771638866945068002678453922271728515625,btc,795658.91835374,0.2405445902524908,0.318579200000005,37
1,[],17,[],2019-01-30 23:43:44,1752.74075282,0.00000025,0.000000000008653049999999999,6543520,2019-01-30 23:43:44,btc,0.05548731396726479,0.0,0.00000025,btc,1388.79251806,0.0,0.00043818518820499993,37
1,[],27,[],2019-01-30 23:43:46,39522.0,0.00000046,0.000000000015921611999999998,6543521,2019-01-30 23:43:46,btc,24.83849161895233,0.00054,0.00000046,btc,5341.144295,1e-07,0.00808009,37
1,[],5,[],2019-01-30 23:43:47,6.98e-06,0.00000072,0.000000000024920784,6543522,2019-01-30 23:43:47,btc,0.10309155,0.03615949,0.00000072,btc,0.00010624,0.0,0.03053057,42
1,[],12,[],2019-01-30 23:43:48,116710.625,0.0000008,0.000000000027689759999999997,6543523,2019-01-30 23:43:48,btc,109.3148560964419,0.0,0.0000008,btc,84822.27477174,0.0155479880119957,0.02407917,42
0,[],27,[],2019-01-30 23:43:50,0.0,0,0,6543524,2019-01-30 23:43:50,,0.00315028,0.0,0,"btc,eth",11.007,0.0,0.0,42
1,[],5,[],2019-01-30 23:43:52,3e-08,0.00000002,0.000000000000692244,6543525,2019-01-30 23:43:52,btc,6.11668549,0.00040206,0.00000002,btc,1.425e-05,0.0,0.54250128,43
1,[],12,[],2019-01-30 23:43:52,6433545.0,0.00000001,0.000000000000346122,6543526,2019-01-30 23:43:52,btc,20007434.261801258,0.0,0.00000001,btc,38998035.57382617,0.0009575434765234,0.06433545,43
0,[],17,[],2019-01-30 23:43:54,0.0,0,0,6543527,2019-01-30 23:43:54,btc,0.0,0.0,0,btc,0.0,0.0,0.0,43
1,[],12,[],2019-01-30 23:43:55,913712.0,0.00000011,0.000000000003807342,6543528,2019-01-30 23:43:55,btc,11114794.674937751,0.0,0.00000011,btc,911313.08616717,0.0337989383296811,0.02971471,44
1,[],4,[],2019-01-30 23:43:56,261687173.1174649,0.00000003,0.000000000001038366,6543529,2019-01-30 23:43:56,btc,0.18855703262386278,0.0,0.00000003,"btc,ltc",3793134.93572471,0.01123951,0.5586206466942557,49
0.0000000000918283,[],4,[],2019-01-30 23:43:57,3839158597.9631896,9.18283e-19,3.17837948526e-23,6543530,2019-01-30 23:43:57,ltc,4.9943946346112496,0.0,0.00000001,ltc,2179737317.5194135,0.0,3.5254340748134314e-09,52
0,[],22,[],2019-01-30 23:43:59,0.0,0,0,6543531,2019-01-30 23:43:59,,3693.82828368,0.0,0,,266979812.90882352,0.0,0.0,57
0,[],27,[],2019-01-30 23:44:02,0.0,0,0,6543532,2019-01-30 23:44:02,,0.0,0.0,0,"btc,eth",0.0,0.0,0.0,57
0.0000000000918283,[],4,[],2019-01-30 23:44:03,1549937379.0037684,5.5096979999999995e-18,1.907027691156e-22,6543533,2019-01-30 23:44:03,ltc,3.3216613262283468,0.0,0.00000006,ltc,1194170355.0929904,0.01501568,7.10881913864833e-09,58
1,[],12,[],2019-01-30 23:44:05,2373141590.282997,0.0000000006,0.00000000000002076732,6543534,2019-01-30 23:44:05,btc,684074800729.9786,0.0,0.0000000006,btc,3119132702.7123876,0.034987838898701315,0.9326045330645631,58
0,[],17,[],2019-01-30 23:44:06,0.0,0,0,6543535,2019-01-30 23:44:06,btc,1e+24,0.0,0,btc,41616695.95832568,0.0,0.0,58
0.0000000001255809,[],22,[],2019-01-30 23:44:10,137438.0,1.255809e-18,4.3466312269799997e-23,6543536,2019-01-30 23:44:10,XMR,69.8835922,0.0,0.00000001,XMR,9887963.0,0.0,0.00137438,58
1,[],5,[],2019-01-30 23:44:12,3.64e-06,0.00000043,0.000000000014883246,6543537,2019-01-30 23:44:12,btc,0.45012705,0.03973321,0.00000043,btc,0.00013218,0.0,0.04014823,61
1,[],22,[],2019-01-30 23:44:15,5111.5,0.00000011,0.000000000003807342,6543538,2019-01-30 23:44:15,BTC,1002.29606732,0.0,0.00000011,BTC,15028.700278135757,0.0,0.00051178,61
1,[],26,[],2019-01-30 23:44:15,0.0,0.00000800,0.0000000002768976,6543539,2019-01-30 23:44:15,btc,0.0,0.0,0.00000800,btc,0.0,0.0,0.0,61
0,[],27,[],2019-01-30 23:44:17,0.0,0,0,6543540,2019-01-30 23:44:17,,0.1488,0.0,0,"btc,eth",148.8,0.0,0.0,61
1,[],28,[],2019-01-30 23:44:22,6900.304,0.00000210,0.00000000007268562,6543541,2019-01-30 23:44:22,btc,2.064440110600106,746.0,0.00000210,btc,11198.17500005,0.0,0.00218431304,61
1,[],4,[],2019-01-30 23:35:19,1310886.19270127,0.00000172,0.000000000059514408,6543339,2019-01-30 23:35:19,btc,0.5819688496951736,0.0,0.00000172,btc,219944.18757717,0.09924354,0.9687475615935152,67
0.0,[],25,[],2019-01-30 23:35:20,0.0,0,0,6543340,2019-01-30 23:35:20,,0.0,0.0,0.0,btc,0.0,0.0,0.0,67
1,[],12,[],2019-01-30 23:44:24,3078599.12744445,0.0000001,0.0000000000034612199999999997,6543542,2019-01-30 23:44:24,btc,16893710.228355363,0.0,0.0000001,btc,2217677.31848146,0.0003880483616392,0.0820309028411118,71
,[],5,[],2018-11-20 23:02:39,1.5e-07,0.00000005,0.000000000002128045,4862160,2018-11-20 23:02:39,btc,2.84511358,0.0,,btc,0.00036572,0.0,0.07381892,74
1,[],5,[],2019-01-25 15:53:51,3.303e-05,0.00000156,0.000000000055588884,6499610,2019-01-25 15:53:51,btc,1.42844212,0.0,0.00000156,btc,0.00015937,0.0,0.49487621,75
0,[],20,[],2019-01-25 09:30:31,0.0,0,0,6495923,2019-01-25 09:30:31,btc,0.0,0.0,0,btc,0.0,0.0,0.0,81
1,[],4,[],2019-01-30 23:44:26,71585975.25787337,0.00000001,0.000000000000346122,6543543,2019-01-30 23:44:26,btc,0.8144650091483037,0.0,0.00000001,btc,15000789.10300357,0.0,0.7158597525787337,81
1,[],4,[],2019-01-30 23:35:25,23694.61069536,0.00007316,0.000000002531438424,6543343,2019-01-30 23:35:25,btc,0.9384583601279272,0.0,0.00007316,btc,8635.23229295,0.00971346,0.0832723917246673,82
1,[],21,[],2019-01-30 23:35:26,71288.44093737,0.00007938000000000000231595992384,0.000000002746659132,6543344,2019-01-30 23:35:26,btc,4.114566178028261,24876.75281933,0.000079380000000000002315959923837596079465583898127079010009765625,btc,44653.40453857,1.99035272,3.436709677119776,82
0,[],17,[],2019-01-30 23:44:29,0.0,0,0,6543544,2019-01-30 23:44:29,btc,0.0447233088476774,0.0,0,btc,999127.19588126,0.0,0.0,84
0.0000000000918283,[],4,[],2019-01-30 23:44:30,170890835.03136617,1.2855962e-17,4.449731279364e-22,6543545,2019-01-30 23:44:30,ltc,0.19754182487124564,0.0,0.00000014,ltc,67936797.86598986,0.0,1.2842265415531333e-09,85
,[],22,[],2018-11-20 23:09:34,3408.1,0.0000001,0.0000000000041895,4862324,2018-11-20 23:09:34,BTC,0.04624735,0.0,,BTC,4990.0,0.0,0.00033081,86
0,[],22,[],2019-01-30 23:44:34,0.0,0,0,6543546,2019-01-30 23:44:34,,2.07810912,0.0,0,,154826.94736842104,0.0,0.0,87
0,[],27,[],2019-01-30 23:44:36,0.0,0,0,6543547,2019-01-30 23:44:36,,0.0,0.0,0,btc,0.0,0.0,0.0,87
,[],2,[],2018-11-20 23:10:47,0.0,0,0,4862359,2018-11-20 23:10:47,,0.0,0.0,,,0.0,0.0,0.0,88
1,[],11,[],2019-01-30 23:44:38,97391.06033525,0.000186999999999999991749655148254305458976887166500091552734375,0.0000000064724813999999996,6543548,2019-01-30 23:44:38,btc,235.55254404057882,3438.4598092,0.000186999999999999991749655148254305458976887166500091552734375,btc,184324.78789023,0.0,6.858443760068474,89
0,[],2,[],2019-01-20 23:31:45,0.0,0,0,6477083,2019-01-20 23:31:45,,0.0,0.0,0,,0.0,0.0,0.0,91
1,[],12,[],2019-01-30 23:44:39,516860.45781126,0.00000424000000000000006224187831804783854749985039234161376953125,0.000000000146755728,6543549,2019-01-30 23:44:39,btc,2.8178659935003414,0.0,0.00000424000000000000006224187831804783854749985039234161376953125,btc,13232.36325833,0.1742007049350969,0.1034579198092698,91
0,[],17,[],2019-01-30 23:44:41,0.0,0,0,6543550,2019-01-30 23:44:41,btc,0.0,0.0,0,btc,0.0,0.0,0.0,91
0.0000000000918283,[],22,[],2019-01-30 23:44:45,38733515.0,4.591415e-18,1.5891897426299998e-22,6543551,2019-01-30 23:44:45,LTC,8.48838501,0.0,0.00000005,LTC,73842260.1,1.785627005424e-12,1.38604729,95
0.0000000000918283,[],4,[],2019-01-30 23:44:46,132683582.44372287,9.825628099999999e-17,3.4008660492282e-21,6543552,2019-01-30 23:44:46,ltc,1.330464637021027,0.0,0.00000107,ltc,67568694.16437335,0.00534676,6.748012872409544e-10,96
1,[],12,[],2019-01-30 23:44:47,1221083.0,0.00000001,0.000000000000346122,6543553,2019-01-30 23:44:47,btc,255060.8645481856,0.0,0.00000001,btc,8059529.332976759,7.5e-07,0.01221083,96
0,[],17,[],2019-01-30 23:44:49,0.0,0,0,6543554,2019-01-30 23:44:49,btc,0.0,0.0,0,btc,0.0,0.0,0.0,96
1,[],4,[],2019-01-28 01:29:03,1472892.19429314,0.00000039,0.000000000013841295,6517118,2019-01-28 01:29:03,btc,0.30363706505258,0.0,0.00000039,btc,473598.41813208,0.02260545,0.1322524391209234,99
0,[],2,[],2019-01-20 23:23:55,0.0,0,0,6476914,2019-01-20 23:23:55,,0.0,0.0,0,,0.0,0.0,0.0,100
1,[],4,[],2019-01-30 23:44:50,259046.93607798,0.00004251,0.000000001471364622,6543555,2019-01-30 23:44:50,btc,1.7701428135775035,0.0,0.00004251,btc,34679.78436,3.33411853,4.143112316785535,100
1,[],22,[],2019-01-30 23:44:55,50000.0,0.00000001,0.000000000000346122,6543556,2019-01-30 23:44:55,BTC,23.50383609,0.0,0.00000001,BTC,11277.22,0.0,0.0005,101
1,[],4,[],2019-01-30 23:44:56,145829.62859505,0.00000091,0.000000000031497102,6543557,2019-01-30 23:44:56,btc,0.4033573143856824,0.0,0.00000091,btc,153285.08503586,0.02444114,0.0720262496823873,103
1,[],12,[],2019-01-30 23:44:58,88213651.0,0.000000017,0.0000000000005884074,6543558,2019-01-30 23:44:58,btc,9138292667.733728,0.0,0.000000017,btc,152822969.15295076,0.1363179169260736,0.665376781,105
1,[],27,[],2019-01-30 23:44:59,416797.89,0.00000002,0.000000000000692244,6543559,2019-01-30 23:44:59,btc,0.6927741630361067,0.0,0.00000002,btc,645743.64024825,0.0,0.0048235289,105
0,[],22,[],2019-01-30 23:45:04,0.0,0,0,6543560,2019-01-30 23:45:04,,1.07253299,0.0,0,,94300.0,0.0,0.0,107
1,[],26,[],2019-01-30 23:45:05,0.0,0.00000000,0,6543561,2019-01-30 23:45:05,btc,0.0,0.0,0.00000000,btc,0.0,0.0,0.0,107
1,[],5,[],2019-01-30 23:45:06,1e-08,0.00000001,0.000000000000346122,6543562,2019-01-30 23:45:06,btc,3.28154228,0.008164,0.00000001,btc,1.512e-05,0.0,0.03795381,112
1,[],22,[],2019-01-30 23:45:10,1966.0,0.00000001,0.000000000000346122,6543563,2019-01-30 23:45:10,BTC,2.84243449,0.0,0.00000001,BTC,977103.5833333334,0.0,1.966e-05,112
0.0000000003134577,[],27,[],2019-01-30 23:45:14,500000.0,3.1345770000000003e-18,1.084946060394e-22,6543564,2019-01-30 23:45:14,eth,1.25356065,0.0,0.00000001,"btc,eth",1328.0,0.0,1.5672885000000002e-12,112
1,[],4,[],2019-01-30 23:45:15,494067.68503158,0.00000471,0.000000000163023462,6543565,2019-01-30 23:45:15,btc,0.530673620386444,0.0,0.00000471,btc,81618.62336521,0.25029207,0.3920162506246665,113
1,[],5,[],2019-01-30 23:45:16,2.847e-05,0.00000372,0.000000000128757384,6543566,2019-01-30 23:45:16,btc,2.43724262,0.00150638,0.00000372,btc,0.00381404,0.0,0.2065888,113
1,[],17,[],2019-01-30 23:45:18,233369.0,0.00000004,0.000000000001384488,6543567,2019-01-30 23:45:18,btc,1.3376358384544134,0.0,0.00000004,btc,72716.497,0.0,0.00543476,116
0,[],27,[],2019-01-30 23:45:20,0.0,0,0,6543568,2019-01-30 23:45:20,,0.0,0.0,0,btc,0.0,0.0,0.0,116
1,[],4,[],2019-01-30 23:45:21,87804.44294435,0.00001663,0.000000000575600886,6543569,2019-01-30 23:45:21,btc,0.3534502131366317,0.0,0.00001663,btc,16911.20389144,0.33629462,0.6636654168770134,120
1,[],7,[],2019-01-30 23:45:22,2340.45682293,0.00002400999999999999881821095837342028289640438742935657501220703125,0.0000000008310389219999999,6543570,2019-01-30 23:45:22,btc,90.08353812842988,5095.50814243,0.00002400999999999999881821095837342028289640438742935657501220703125,btc,22515.56660922,0.18437136,0.023548548932136898,120
1,[],20,[],2019-01-30 23:45:24,1162393.8668,0.000000013,0.0000000000004499586,6543571,2019-01-30 23:45:24,btc,33.7489442370083,2907.794,0.000000013,btc,1074422.3317,3.7801322e-05,0.0061551098646,125
1,[],22,[],2019-01-30 23:45:28,68433.0,0.00000001,0.000000000000346122,6543572,2019-01-30 23:45:28,BTC,0.01415863,0.0,0.00000001,BTC,293039.4,0.0,0.00068433,126
0,[],2,[],2019-01-20 23:25:46,0.0,0,0,6476969,2019-01-20 23:25:46,,0.0,0.0,0,,0.0,0.0,0.0,131
1,[],4,[],2019-01-30 23:45:28,78881.37074046,0.00001495,0.00000000051745239,6543573,2019-01-30 23:45:28,btc,0.7168659091425417,0.0,0.00001495,btc,37367.69851761,0.34526929,0.3756498977185992,131
0,[],17,[],2019-01-30 23:45:29,0.0,0,0,6543574,2019-01-30 23:45:29,btc,0.0008451375975800001,0.0,0,btc,30.89614684,0.0,0.0,131
1,[],4,[],2019-01-30 23:45:30,4567.58823636,0.00018451,0.000000006386297022,6543575,2019-01-30 23:45:30,btc,1.6368904075851431,0.0,0.00018451,btc,284.34476376,0.0,0.0103854177613589,135
1,[],3,[],2019-01-30 23:45:31,2054062.85018509,0.00000006,0.0000000000020767319999999997,6543576,2019-01-30 23:45:31,btc,0.1370342375843118,44120.2638889,0.00000006,btc,251331.82730509999,0.0,0.076448027337035,136
1,[],4,[],2019-01-30 23:45:32,101475.35588942,0.00000218,0.000000000075454596,6543577,2019-01-30 23:45:32,btc,0.643065874731174,0.0,0.00000218,btc,218653.80168054,0.41290098,0.1466712015524646,137
1,[],12,[],2019-01-30 23:45:33,326966.95046083,0.00000224000000000000015274565466627532117627197294495999813079833984375,0.00000000007753132800000001,6543578,2019-01-30 23:45:33,btc,11972.828921570828,0.0,0.00000224000000000000015274565466627532117627197294495999813079833984375,btc,126872.56853147,0.2151843617425313,0.0843494700000014,137
1,[],5,[],2019-01-30 23:45:35,0.00112567,0.00003586,0.0000000012411934919999999,6543579,2019-01-30 23:45:35,btc,3.07536808,1.71338638,0.00003586,btc,0.00270324,0.0,0.98793352,142
1,[],17,[],2019-01-30 23:45:36,12500.0,0.0000001,0.0000000000034612199999999997,6543580,2019-01-30 23:45:36,btc,0.6809500039140837,0.0,0.0000001,btc,5932.0,0.0,0.00125,142
1,[],20,[],2019-01-30 23:45:38,154103.0349,0.00003552,0.0000000012294253439999999,6543581,2019-01-30 23:45:38,btc,2.8319547729492,1199.4505,0.00003552,btc,11496.8228,0.0484821845718,0.3494711799054,142
1,[],22,[],2019-01-30 23:45:42,990.0,0.00001880,0.00000000065070936,6543582,2019-01-30 23:45:42,BTC,3.00457574,0.0,0.00001880,BTC,901.0985003752814,0.0,0.00022106,142
0.0,[],25,[],2019-01-30 23:45:43,0.0,0,0,6543583,2019-01-30 23:45:43,,0.0,0.0,0.0,btc,0.0,0.0,0.0,142
1,[],28,[],2019-01-30 23:45:48,78710.0,0.00002500,0.0000000008653049999999999,6543584,2019-01-30 23:45:48,btc,0.15194850002,1140.0,0.00002500,btc,3029.998,0.0,0.0312247,142
0,[],22,[],2019-01-28 18:33:43,0.0,0,0,6521842,2019-01-28 18:33:43,,61.27958297,0.0,0,,815366265.8,0.0,0.0,143
1,[],21,[],2019-01-30 23:45:49,37339420.59009565,0.00000028,0.000000000009691416000000001,6543585,2019-01-30 23:45:49,btc,52.913056188741095,4683055.50349775,0.00000028,btc,90607979.21306886,1.34845888,5.5762850714987175,145
0,[],22,[],2019-01-30 23:45:52,0.0,0,0,6543586,2019-01-30 23:45:52,,4.48974784,0.0,0,,1468738.5,0.0,0.0,146
,[],22,[],2018-11-20 23:01:11,0.0,0,0,4862114,2018-11-20 23:01:11,,2.56807021,0.0,,,61828.4988236,0.0,0.0,147
1,[],12,[],2019-01-30 23:45:53,8690573.33716496,0.000003360000000000000017360245185837896997327334247529506683349609375,0.000000000116296992,6543587,2019-01-30 23:45:53,btc,17.120890601463362,0.0,0.000003360000000000000017360245185837896997327334247529506683349609375,btc,111469.69407238,0.0032580562441398,0.11918328000001681,148
1,[],4,[],2019-01-30 23:45:54,224582.55684798,0.00000030,0.00000000001038366,6543588,2019-01-30 23:45:54,btc,0.6885246007938792,0.0,0.00000030,btc,504704.17821085,0.0,0.0467335589092049,152
0,[],22,[],2019-01-30 23:46:21,0.0,0,0,6543589,2019-01-30 23:46:21,,0.0,0.0,0,,0.0,0.0,0.0,152
1,[],5,[],2019-01-30 23:46:22,0.0,0,0,6543590,2019-01-30 23:46:22,btc,4.40834415,0.0,0,btc,0.00161275,0.0,0.0,153
,[],16,[],2019-01-11 15:38:59,0.0,0,0,6366141,2019-01-11 15:38:59,btc,0.0,0.0,,btc,0.0,0.0,0.0,155
0,[],23,[],2019-01-20 23:24:29,0.0,0,0,6476932,2019-01-20 23:24:29,,0.0,0.0,0,,0.0,0.0,0.0,156
0,[],22,[],2019-01-30 23:46:33,0.0,0,0,6543591,2019-01-30 23:46:33,,6.73310957,0.0,0,,4562882.742592593,0.0,0.0,156
1,[],22,[],2019-01-30 23:46:36,7906.0,0.00000801,0.000000000277243722,6543592,2019-01-30 23:46:36,BTC,43.78801181,0.0,0.00000801,BTC,1067.5805334758436,0.0,0.00743836,157
0,[],22,[],2019-01-30 23:46:39,0.0,0,0,6543593,2019-01-30 23:46:39,,50175.6753658,0.0,0,,54007107.04179466,0.0,0.0,158
,[],17,[],2018-11-20 22:56:10,0.0,0,0,4861976,2018-11-20 22:56:10,btc,1.1265625,0.0,,btc,1000.0,0.0,0.0,159
,[],20,[],2018-11-20 22:56:12,0.0,0,0,4861977,2018-11-20 22:56:12,btc,11912.7940471,0.0,,btc,34413894.3617,0.0,0.0,159
1,[],12,[],2019-01-30 23:46:40,194552.70995115,0.000009989999999999999219708370079562342880308278836309909820556640625,0.000000000345775878,6543594,2019-01-30 23:46:40,btc,6.6810142691711585,0.0,0.000009989999999999999219708370079562342880308278836309909820556640625,btc,14347.60442509,0.0058013258667807,0.0958479619273752,168
1,[],17,[],2019-01-30 23:46:42,29784.95,0.000001,0.000000000034612199999999994,6543595,2019-01-30 23:46:42,btc,0.0353989844335,0.0,0.000001,btc,196.82520268,0.0,0.00716147,168
0,[],22,[],2019-01-30 23:46:44,0.0,0,0,6543596,2019-01-30 23:46:44,,1.13380276,0.0,0,,689102.5537281231,0.0,0.0,169
1,[],22,[],2019-01-30 23:46:48,48273.15483870968,0.00000031,0.000000000010729782,6543597,2019-01-30 23:46:48,BTC,2.4646551,0.0,0.00000031,BTC,56172.94640997138,0.01326835,0.01251948,171
1,[],22,[],2019-01-30 23:46:51,177803.49122807017,0.00000021,0.000000000007268562,6543598,2019-01-30 23:46:51,BTC,2.60118741,0.0,0.00000021,BTC,224135.6508030414,0.00501609,0.01122793,173
1,[],5,[],2019-01-30 23:46:53,5.017e-05,0.00000434,0.000000000150216948,6543599,2019-01-30 23:46:53,btc,0.41523628,0.03829058,0.00000434,btc,0.0003474,0.0,0.70806536,175
1,[],22,[],2019-01-30 23:46:57,40553.0,0.0000007,0.00000000002422854,6543600,2019-01-30 23:46:57,BTC,0.64515119,0.0,0.0000007,BTC,158550.57822767255,7e-07,0.01480243,176
0,[],2,[],2019-01-20 23:28:34,0.0,0,0,6477001,2019-01-20 23:28:34,,0.0,0.0,0,,0.0,0.0,0.0,178
1,[],7,[],2019-01-30 23:46:57,0.0,0,0,6543601,2019-01-30 23:46:57,btc,10965.644606828484,3577858.0,0,btc,119022867.05124669,0.03577858,0.0,178
0,[],22,[],2019-01-30 23:47:00,0.0,0,0,6543602,2019-01-30 23:47:00,,1.00242428,0.0,0,,57512.0,0.0,0.0,178
1,[],5,[],2019-01-30 23:37:22,6e-08,0.00000003,0.000000000001038042,6543404,2019-01-30 23:37:22,btc,16.68955796,0.51493161,0.00000003,btc,2.285e-05,0.0,1.23213475,179
1,[],22,[],2019-01-30 23:37:26,8489587.333333334,0.00000003,0.000000000001038042,6543405,2019-01-30 23:37:26,BTC,5.46736887,0.0,0.00000003,"BTC,LTC",16857205.651989967,0.00053298,0.4092073,179
0,[],23,[],2019-01-20 23:25:08,0.0,0,0,6476952,2019-01-20 23:25:08,,0.0,0.0,0,,0.0,0.0,0.0,179
1,[],17,[],2019-01-30 23:47:02,10504.725,0.0000001,0.0000000000034612199999999997,6543603,2019-01-30 23:47:02,btc,5.206877489877557,0.0,0.0000001,btc,7465.6174587,0.0,0.0010504725,180
1,[],22,[],2019-01-30 23:47:06,5785.4,0.00000001,0.000000000000346122,6543604,2019-01-30 23:47:06,BTC,0.09633436,0.0,0.00000001,"BTC,LTC",16823.80336569223,0.0,7.724e-05,180
1,[],26,[],2019-01-30 23:47:06,0.0,0.00000005,0.00000000000173061,6543605,2019-01-30 23:47:06,btc,0.0,5440.0706,0.00000005,btc,0.0,0.0,0.0,180
,[],7,[],2018-11-20 22:58:01,562227.975654,0.00000085,0.000000000036176765,4862015,2018-11-20 22:58:01,btc,21836.6059674,2491.87645172,,btc,749999.041456,0.00211021,0.127565380455,183
,[],5,[],2019-01-10 08:11:41,0.0,0,0,6347036,2019-01-10 08:11:41,btc,82.15055501,0.00261,,btc,1.19002445,0.0,0.0,187
,[],17,[],2018-11-16 20:58:10,4062536.27273,0.00000001,0.000000000000550501,4708775,2018-11-16 20:58:10,btc,3.36492563466,0.195460381006,,"btc,eth",110697919.549,0.0,0.0157628953496,187
1,[],24,[],2019-01-30 23:47:06,0.0,0.000000000001,3.46122e-17,6543606,2019-01-30 23:47:06,btc,0.0,0.0,0.000000000001,btc,0.0,0.0,0.0,187
0,[],22,[],2019-01-30 23:47:09,0.0,0,0,6543607,2019-01-30 23:47:09,,1.19382741,0.0,0,,13380.036201072173,0.0,0.0,191
0,[],22,[],2019-01-29 02:57:02,0.0,0,0,6524994,2019-01-29 02:57:02,,0.0,0.0,0,,0.0,0.0,0.0,197
0,[],23,[],2019-01-20 23:31:41,0.0,0,0,6477079,2019-01-20 23:31:41,,0.0,0.0,0,,0.0,0.0,0.0,199
1,[],26,[],2019-01-30 23:47:09,0.0,0.00000000,0,6543608,2019-01-30 23:47:09,btc,0.0,783104.0,0.00000000,btc,0.0,0.0,0.0,199
0,[],17,[],2019-01-30 16:32:01,0.0,0,0,6540827,2019-01-30 16:32:01,btc,6.802544163788159,0.0,0,btc,105897.55575295,0.0,0.0,200
0,[],2,[],2019-01-20 23:30:49,0.0,0,0,6477059,2019-01-20 23:30:49,,0.0,0.0,0,,0.0,0.0,0.0,201
1,[],4,[],2019-01-25 15:51:35,2084389.58565343,0.00000936,0.000000000333526752,6499557,2019-01-25 15:51:35,btc,2.0092503037378524,0.0,0.00000936,btc,160195.80207885,0.19272417,1.242687955921835,211
1,[],7,[],2019-01-30 23:47:13,14827785.23474267,0.000001219999999999999965968520108938744073157067759893834590911865234375,0.000000000042226884,6543609,2019-01-30 23:47:13,btc,16567815.511114666,1009857.48359,0.000001219999999999999965968520108938744073157067759893834590911865234375,btc,11508643.69365424,0.0,6.497301219416719,212
1,[],12,[],2019-01-25 02:44:32,207462.42853209,0.000001080000000000000035831255497387193287295303889550268650054931640625,0.000000000038610756000000006,6493050,2019-01-25 02:44:32,btc,85023.03793723314,0.0,0.000001080000000000000035831255497387193287295303889550268650054931640625,btc,43675.73520027,0.000146250909087,0.0348620860622024,213
1,[],5,[],2019-01-30 23:47:14,4.9e-06,0.00000036,0.000000000012460392,6543610,2019-01-30 23:47:14,btc,0.98062867,0.05695565,0.00000036,btc,3.228e-05,0.0,0.35622421,213
1,[],24,[],2019-01-30 23:47:14,0.0,0.000000050000,0.00000000000173061,6543611,2019-01-30 23:47:14,btc,0.0,0.0,0.000000050000,btc,0.0,0.0,0.0,213
1,[],26,[],2019-01-30 23:47:14,0.0,0.00000003,0.000000000001038366,6543612,2019-01-30 23:47:14,btc,0.0,0.0,0.00000003,btc,0.0,0.0,0.0,213
1,[],22,[],2019-01-30 23:47:18,276400.0,0.00000002,0.000000000000692244,6543613,2019-01-30 23:47:18,BTC,70.22563965,0.0,0.00000002,BTC,269624.63907173084,0.0,0.004714,216
1,[],27,[],2019-01-30 23:47:20,5051645.0,0.00000012,0.000000000004153464,6543614,2019-01-30 23:47:20,btc,323.29020420316,7399.0,0.00000012,"btc,ltc",265709.13311,0.0036995,0.0511835,216
1,[],22,[],2019-01-30 23:47:31,337385.95970671054,0.00000300,0.0000000001038366,6543615,2019-01-30 23:47:31,BTC,12678.12909648,0.0,0.00000300,BTC,384533.5846814905,0.36582253,0.55119459,217
1,[],7,[],2019-01-30 23:47:32,0.0,0,0,6543616,2019-01-30 23:47:32,btc,302.5343166391106,0.0,0,btc,130240320.6214003,0.0,0.0,219
0,[],27,[],2019-01-30 23:47:34,0.0,0,0,6543617,2019-01-30 23:47:34,,0.0747309448198,0.0,0,btc,1605140.29226592,0.0,0.0,219
0.0000000000000056,[],28,[],2019-01-30 23:47:39,205007994.097,5.6e-18,1.9382832000000001e-22,6543618,2019-01-30 23:47:39,doge,88554.0338717675,13942.0,0.00100000,"btc,doge",5169437.84751,0.0,2.8722440359403787e-11,219
1,[],22,[],2019-01-30 23:47:42,206918.0,0.0000006,0.00000000002076732,6543619,2019-01-30 23:47:42,BTC,2.39405941,0.0,0.0000006,BTC,34845.55212317522,5.5e-05,0.02286973,221
1,[],24,[],2019-01-30 23:47:42,0.0,0.000000550000,0.00000000001903671,6543620,2019-01-30 23:47:42,btc,0.0,0.0,0.000000550000,btc,0.0,0.0,0.0,221
1,[],26,[],2019-01-30 23:47:43,0.0,0.00000002,0.000000000000692244,6543621,2019-01-30 23:47:43,btc,0.0,12036.0,0.00000002,btc,0.0,0.0,0.0,231
1,[],26,[],2019-01-30 23:47:43,0.0,0.00000004,0.000000000001384488,6543622,2019-01-30 23:47:43,btc,0.0,200.0,0.00000004,btc,0.0,0.0,0.0,234
0,[],27,[],2019-01-30 23:47:45,0.0,0,0,6543623,2019-01-30 23:47:45,,0.0113483662182,0.0,0,"btc,eth",11462.99618,0.0,0.0,234
0.0000000000918283,[],22,[],2019-01-30 23:47:49,4715864.0,9.18283e-19,3.17837948526e-23,6543624,2019-01-30 23:47:49,LTC,3.21718364,0.0,0.00000001,LTC,96193207.71349207,6.336153618283e-12,0.04715864,235
1,[],4,[],2019-01-30 23:47:50,768141.68602296,0.00000078,0.000000000026997515999999998,6543625,2019-01-30 23:47:50,btc,0.137627034546426,0.0,0.00000078,btc,119802.30634009,0.02788721,0.1907640828478195,236
1,[],24,[],2019-01-30 23:47:50,0.0,0.000000010000,0.000000000000346122,6543626,2019-01-30 23:47:50,btc,0.0,0.0,0.000000010000,btc,0.0,0.0,0.0,236
1,[],20,[],2019-01-30 23:47:52,11438160.1382,0.000000067,0.0000000000023190174,6543627,2019-01-30 23:47:52,btc,14.2239525312845,23888137.4781,0.000000067,btc,23576501.6311,1.6612274737694,0.5357777438513,237
1,[],22,[],2019-01-30 23:47:55,10000.0,0.00000001,0.000000000000346122,6543628,2019-01-30 23:47:55,BTC,0.04144357,0.0,0.00000001,BTC,10254.2,0.0,0.0001,237
1,[],4,[],2019-01-30 23:47:56,4052875.6886371,0.00000033,0.000000000011422026,6543629,2019-01-30 23:47:56,btc,0.389648455504315,0.0,0.00000033,btc,1069046.70907414,0.17662683,1.2205773793683228,238
1,[],5,[],2019-01-30 23:47:57,4.29e-06,0.00000033,0.000000000011422026,6543630,2019-01-30 23:47:57,btc,0.75783036,0.06868605,0.00000033,btc,2.957e-05,0.0,0.375575,238
1,[],22,[],2019-01-30 23:48:01,239857.25,0.00000004,0.000000000001384488,6543631,2019-01-30 23:48:01,BTC,15.41063945,0.0,0.00000004,BTC,247100.8674092428,0.00096144,0.00759441,249
0.0000000000918283,[],22,[],2019-01-30 23:48:05,4782656.0,2.7548489999999997e-18,9.53513845578e-23,6543632,2019-01-30 23:48:05,LTC,0.69139672,0.0,0.00000003,LTC,15451945.015,1.4562131814e-14,0.10741884,252
1,[],28,[],2019-01-30 23:48:11,2266692.343,0.00000007,0.000000000002422854,6543633,2019-01-30 23:48:11,btc,164692.82898482884,65139.96,0.00000007,btc,1211645.1395,0.0,0.07471535629,256
0,[],27,[],2019-01-30 23:48:15,0.0,0,0,6543634,2019-01-30 23:48:15,,4.96668,0.0,0,"btc,eth",90.59,0.0,0.0,257
1,[],22,[],2019-01-30 23:48:19,219031.0,0.00000008,0.000000000002768976,6543635,2019-01-30 23:48:19,BTC,35605.56118422,0.0,0.00000008,BTC,497209.71026957524,8.642e-05,0.00445093,258
1,[],22,[],2019-01-26 20:58:41,368451.0,0.00000001,0.000000000000356135,6510120,2019-01-26 20:58:41,BTC,2.642917,0.0,0.00000001,"BTC,LTC",1862.0,0.0,0.02488451,259
1,[],22,[],2019-01-30 23:48:23,3557.7829677419354,0.00000775,0.00000000026824455,6543636,2019-01-30 23:48:23,BTC,4.68700065,0.0,0.00000775,BTC,6106.479274124706,0.00141873,0.02465986,262
1,[],5,[],2019-01-30 23:48:25,0.00013221,0.00000450,0.0000000001557549,6543637,2019-01-30 23:48:25,btc,2.52114438,0.24085126,0.00000450,btc,0.00138935,0.0,0.34223399,264
1,[],20,[],2019-01-30 23:48:27,1174870.4416,0.00000264,0.000000000091376208,6543638,2019-01-30 23:48:27,btc,6.1016960588967,11382.3299,0.00000264,btc,112958.4539,0.0566418960831,0.0329260081698,264
1,[],22,[],2019-01-30 23:48:31,149151.0,0.00000002,0.000000000000692244,6543639,2019-01-30 23:48:31,BTC,8.34440542,0.0,0.00000002,BTC,250260.09387426634,0.00013075,0.00248539,271
0,[],22,[],2019-01-30 23:48:34,0.0,0,0,6543640,2019-01-30 23:48:34,,360.72660167,0.0,0,,13890542067.9,0.0,0.0,272
0.0000000000000056,[],28,[],2019-01-30 23:48:39,211345154911.739,5.600000000000001e-21,1.9382832e-25,6543641,2019-01-30 23:48:39,doge,75112423.38791314,50901453380.314,0.00000100,doge,119686009979.588,0.0,6.099536535375309e-10,272
