pairValue,buyBook,exchangeId,sellBook,updated,buyTotal,satoshiPrice,usdPrice,exchangeLogId,created,bestPair,sellTotalBtc,volume,pairPrice,activePairs,sellTotal,volumeBtc,buyTotalBtc,coinId
1,[],12,[],2019-03-06 10:07:27,38.34237642,0.01264999999999999978628206775965736596845090389251708984375,0.000000487278,6857730,2019-03-06 10:07:27,btc,0.1631364223958,0.0,0.01264999999999999978628206775965736596845090389251708984375,btc,12.57816053,0.4664579092866,0.4736040916376,1
1,[],3,[],2019-03-06 12:00:29,30537.642885142584,0.01265802000000000072932326844465933390893042087554931640625,0.00000048846666279,6858269,2019-03-06 12:00:29,btc,61.11524791144957,0.012946771716,0.01265802000000000072932326844465933390893042087554931640625,btc,25.488395826069002,0.0,0.24374970126882187,1
1,[],4,[],2019-03-06 12:00:30,207893.47993925,0.01267802,0.0000004892384527899999,6858270,2019-03-06 12:00:30,btc,10.23947084523448,0.0,0.01267802,btc,339.10977925,0.56140407,2.8629348948794964,1
1,[],5,[],2019-03-06 12:00:34,0.0,0,0,6858271,2019-03-06 12:00:34,btc,0.0,0.03179399,0,btc,0.0,0.0,0.0,1
1,[],10,[],2019-03-06 12:00:36,414588.54316517,0.0111505,0.00000043029221975,6858272,2019-03-06 12:00:36,btc,6522.85878342586,1453.02611778,0.0111505,btc,1151.37285763,0.0,5.461938374965791,1
1,[],20,[],2019-03-06 12:00:41,1152.5541,0.010500237,0.00000040519889571149996,6858273,2019-03-06 12:00:41,btc,0.0555927394538,0.8228,0.010500237,btc,2.4908,0.010061016648,0.1056316969709,1
1,[],21,[],2019-03-06 12:00:42,2244.31313418,0.01271272000000000026997959424,0.00000049057750844,6858274,2019-03-06 12:00:42,btc,15.998045138957316,3579.6892900899998,0.0127127200000000002699795942362470668740570545196533203125,"btc,eth",1644.49194682,40.08052069496441,20.989212422038282,1
1,[],22,[],2019-03-06 12:00:51,0.006382215384615385,0.01300000,0.0000005016634999999999,6858275,2019-03-06 12:00:51,BTC,0.31439419,0.0,0.01300000,BTC,0.12751438772928525,0.0,7.978e-05,1
1,[],24,[],2019-03-06 12:00:52,0.0,0.000000000000,0,6858276,2019-03-06 12:00:52,btc,0.0,0.0,0.000000000000,btc,0.0,0.0,0.0,1
0.0,[],25,[],2019-03-06 12:00:53,0.0,0,0,6858277,2019-03-06 12:00:53,btc,9.247999998905891,61.24176961,0.0,btc,709.40755666,0.784,0.0,1
1,[],26,[],2019-03-06 12:01:02,0.0,0,0,6858278,2019-03-06 12:01:02,,0.0,0.0,0,,0.0,0.0,0.0,1
1,[],28,[],2019-03-06 12:01:09,994.047,0.01560000,0.0000006019962,6858279,2019-03-06 12:01:09,btc,0.147239806,17668.285,0.01560000,btc,7.9,0.0,0.103420756,1
0,[],2,[],2019-01-20 23:28:45,0.0,0,0,6477011,2019-01-20 23:28:45,,0.0,0.0,0,,0.0,0.0,0.0,1
1,[],5,[],2019-03-06 12:01:10,0.0,0,0,6858280,2019-03-06 12:01:10,btc,0.0,0.00059867,0,btc,0.0,0.0,0.0,2
0,[],22,[],2019-03-06 12:01:12,0.0,0,0,6858281,2019-03-06 12:01:12,,0.0,0.0,0,,0.0,0.0,0.0,2
1,[],12,[],2019-03-06 10:07:52,1150095.170987,0.000000177,0.000000000006818040000000001,6857741,2019-03-06 10:07:52,btc,17924.0626968039,0.0,0.000000177,btc,142517.00999001,0.11653941146313936,0.167931791054099,3
1,[],5,[],2019-03-06 12:01:14,0.0,0,0,6858282,2019-03-06 12:01:14,btc,0.0,1.91623368,0,btc,0.0,0.0,0.0,3
0,[],28,[],2019-03-06 12:01:22,0.0,0,0,6858283,2019-03-06 12:01:22,,0.0,0.0,0,,0.0,0.0,0.0,3
0,[],2,[],2019-01-20 23:31:32,0.0,0,0,6477077,2019-01-20 23:31:32,,0.0,0.0,0,,0.0,0.0,0.0,4
1,[],4,[],2019-03-06 07:42:51,399811.41130817,0.00000037,0.000000000014225612,6856592,2019-03-06 07:42:51,btc,32.25588008858344,0.0,0.00000037,btc,710412.77475616,0.01275082,0.0541874837964531,4
1,[],12,[],2019-03-06 10:07:55,14672.66666667,0.00000004,0.0000000000015408,6857743,2019-03-06 10:07:55,btc,0.00042265,0.0,0.00000004,btc,8453.0,2.238e-05,0.00044024000000009996,5
0,[],2,[],2019-01-20 23:31:51,0.0,0,0,6477087,2019-01-20 23:31:51,,0.0,0.0,0,,0.0,0.0,0.0,6
1,[],11,[],2019-03-06 12:01:26,5580884.5,0.00000002,0.00000000000077179,6858284,2019-03-06 12:01:26,btc,9568.181960782815,133333.333333,0.00000002,btc,41670298.74119657,0.0,0.079092525,6
1,[],3,[],2019-03-06 12:01:26,1083.993941905546,0.00015248999999999999859466581764166903667501173913478851318359375,0.0000000058845128549999996,6858285,2019-03-06 12:01:26,btc,28.402034233092024,0.0,0.00015248999999999999859466581764166903667501173913478851318359375,btc,243.122414578101,0.0,0.03372988964804941,7
1,[],4,[],2019-03-06 12:01:27,98797.51783831,0.00024789,0.000000009565951155,6858286,2019-03-06 12:01:27,btc,15.529788210767276,0.0,0.00024789,btc,44042.06935923,7.33681707,6.6159609005134525,7
1,[],5,[],2019-03-06 12:01:29,0.0,0,0,6858287,2019-03-06 12:01:29,btc,0.0,1.71064485,0,btc,0.0,0.0,0.0,7
1,[],20,[],2019-02-20 02:16:17,39399275.8418,0.000000001,0.0000000000000390183,6728586,2019-02-20 02:16:17,btc,116.9737569154545,525.0,0.000000001,btc,56932965.8895,5.25e-07,0.0393992758418,8
1,[],4,[],2019-03-06 12:01:31,1126361.98261437,0.00000152,0.00000000005865604,6858288,2019-03-06 12:01:31,btc,5.320789009163244,0.0,0.00000152,btc,2577946.6348617,2.34329278,0.8596409336617844,9
1,[],28,[],2019-03-06 12:01:37,38763.15,0.00000166,0.00000000006405857,6858289,2019-03-06 12:01:37,btc,2708.761281370583,3544704.22,0.00000166,btc,11954.1497,0.0,0.035616829,9
0,[],2,[],2019-01-20 23:22:42,0.0,0,0,6476876,2019-01-20 23:22:42,,0.0,0.0,0,,0.0,0.0,0.0,9
0,[],23,[],2019-01-20 23:22:48,0.0,0,0,6476878,2019-01-20 23:22:48,,0.0,0.0,0,,0.0,0.0,0.0,9
1,[],1,[],2019-02-17 23:31:42,1822507.21,0.00000181000000000000003456111265232042484285557293333113193511962890625,0.000000000066086901,6701244,2019-02-17 23:31:42,btc,3.6990969245,17153386.5,0.00000181000000000000003456111265232042484285557293333113193511962890625,btc,1997391.71,31.11772986,3.2610482446,9
1,[],4,[],2019-02-17 11:22:43,4341674.27126056,0.00000002,0.0000000000007272960000000001,6696112,2019-02-17 11:22:43,btc,0.1997230937751353,0.0,0.00000002,btc,4109766.79808031,0.00215132,0.0479381022052112,10
1,[],4,[],2019-03-06 12:01:38,6985689.37330095,0.00000120,0.0000000000463074,6858290,2019-03-06 12:01:38,btc,11.45933019671969,0.0,0.00000120,btc,5959277.1616875,2.59042757,4.629284952957799,12
1,[],5,[],2019-03-06 12:01:40,0.0,0,0,6858291,2019-03-06 12:01:40,btc,0.0,0.34549898,0,btc,0.0,0.0,0.0,12
0.0,[],25,[],2019-03-06 12:01:41,0.0,0,0,6858292,2019-03-06 12:01:41,,0.0,0.0,0.0,btc,0.0,0.0,0.0,12
0,[],2,[],2019-01-20 23:23:08,0.0,0,0,6476890,2019-01-20 23:23:08,,0.0,0.0,0,,0.0,0.0,0.0,12
1,[],4,[],2019-03-06 12:01:43,32012344.87590883,0.00000582,0.00000000022459089,6858293,2019-03-06 12:01:43,btc,3.1076912856024537,0.0,0.00000582,btc,420362.98559636,0.84859322,1.172548988837675,13
1,[],10,[],2019-03-06 12:01:45,396145.11893689,0.00000561,0.00000000021648709499999998,6858294,2019-03-06 12:01:45,btc,666801.2793320126,20252.794969,0.00000561,btc,710200.87982719,0.0,0.2507932337403914,13
1,[],21,[],2019-03-06 12:01:46,1064241.091466,0.000006000000000000000152005144582,0.000000000231537,6858295,2019-03-06 12:01:46,btc,5.106642188746858,1951576.3316876,0.00000600000000000000015200514458246772164784488268196582794189453125,btc,752980.51544397,11.97520781,5.80181575477316,13
1,[],4,[],2019-03-06 12:01:47,737038.97002647,0.00000137,0.000000000052867615,6858296,2019-03-06 12:01:47,btc,13.062608574371078,0.0,0.00000137,btc,914774.17934225,0.02387458,0.1958607499934792,14
1,[],12,[],2019-03-06 12:01:48,141750.66666666,0.00000012,0.000000000004630739999999999,6858297,2019-03-06 12:01:48,btc,0.0289095557804229,0.0,0.00000012,btc,289.09767835,1.36e-06,0.0106009899999992,14
0,[],17,[],2019-03-06 12:02:00,0.0,0,0,6858298,2019-03-06 12:02:00,btc,0.0,0.0,0,btc,0.0,0.0,0.0,14
1,[],26,[],2019-03-06 12:02:00,0.0,0.00000050,0.00000000001929475,6858299,2019-03-06 12:02:00,btc,0.0,0.0,0.00000050,btc,0.0,0.0,0.0,14
0,[],4,[],2019-03-06 12:02:01,0.0,0,0,6858300,2019-03-06 12:02:01,,0.0,0.0,0,,0.0,0.0,0.0,15
,[],12,[],2018-12-01 15:15:48,204241.84496,0.00000489,0.000000000202473384,5260204,2018-12-01 15:15:48,btc,49.5475654835,0.0,,btc,35763.2193806,0.0163153972027625,0.0203389899998,15
1,[],4,[],2019-03-06 12:02:02,23678.9197543,0.00001759,0.000000000678789305,6858301,2019-03-06 12:02:02,btc,1.3648955162757626,0.0,0.00001759,btc,16153.7753187,0.02718641,0.0429612639528117,18
1,[],10,[],2019-03-06 12:02:04,785463.02515409,0.00001728,0.00000000066682656,6858302,2019-03-06 12:02:04,btc,15.38661186955356,1595.61633453,0.00001728,btc,13289.5582641,0.0,0.1661433431642941,18
1,[],12,[],2019-03-06 12:02:05,50595.74274752,0.000015000000000000000380012861456169304119612206704914569854736328125,0.0000000005788425,6858303,2019-03-06 12:02:05,btc,0.001708159025,0.0,0.000015000000000000000380012861456169304119612206704914569854736328125,btc,90.4558,0.0001305420133288,0.0074240436736879006,18
0,[],17,[],2019-03-06 12:02:17,0.0,0,0,6858304,2019-03-06 12:02:17,btc,0.0,0.0,0,btc,0.0,0.0,0.0,18
0,[],2,[],2019-01-20 23:23:38,0.0,0,0,6476906,2019-01-20 23:23:38,,0.0,0.0,0,,0.0,0.0,0.0,18
1,[],3,[],2019-03-06 12:02:17,118533.28623232432,0.000019130000000000001495435719700566323808743618428707122802734375,0.000000000738217135,6858305,2019-03-06 12:02:17,btc,0.521483258264838,1302.61933049,0.000019130000000000001495435719700566323808743618428707122802734375,btc,8682.65234510728,0.0,0.03438785259859507,19
1,[],4,[],2019-03-06 12:02:18,309130.91075986,0.00001911,0.000000000737445345,6858306,2019-03-06 12:02:18,btc,3.4190858983819483,0.0,0.00001911,btc,127429.15835481,0.45278612,2.5413469395847663,19
1,[],5,[],2019-03-06 12:02:20,0.0,0,0,6858307,2019-03-06 12:02:20,btc,0.0,0.0,0,btc,0.0,0.0,0.0,19
1,[],12,[],2019-03-06 12:02:21,58142.69176152,0.00000190999999999999992415680542812150832787665422074496746063232421875,0.00000000007370594499999999,6858308,2019-03-06 12:02:21,btc,0.01731229,0.0,0.00000190999999999999992415680542812150832787665422074496746063232421875,btc,17.0,0.0,0.0159735912645032,19
0,[],27,[],2019-03-06 12:02:23,0.0,0,0,6858309,2019-03-06 12:02:23,,0.0,0.0,0,btc,0.0,0.0,0.0,19
0,[],2,[],2019-01-20 23:24:19,0.0,0,0,6476924,2019-01-20 23:24:19,,0.0,0.0,0,,0.0,0.0,0.0,19
1,[],4,[],2019-03-06 12:02:25,2770050.9819615,0.00000012,0.00000000000463074,6858310,2019-03-06 12:02:25,btc,7.379832289760813,0.0,0.00000012,btc,2857583.25385408,0.0016332,0.0767787845064953,20
1,[],4,[],2019-03-06 12:02:26,104044721.4240369,0.00000002,0.00000000000077179,6858311,2019-03-06 12:02:26,btc,1803.1968178724417,0.0,0.00000002,btc,55486694.38439335,0.00022829,1.1676348716013787,21
1,[],12,[],2019-03-06 12:02:27,300000.0,0.00000001,0.000000000000385895,6858312,2019-03-06 12:02:27,btc,0.022331959999999998,0.0,0.00000001,btc,352613.0,0.0,0.003,21
0,[],17,[],2019-03-06 11:01:27,0.0,0,0,6857956,2019-03-06 11:01:27,btc,0.0,0.0,0,btc,0.0,0.0,0.0,21
1,[],12,[],2019-03-06 12:02:29,212588481.0,0.0000000001,0.00000000000000385895,6858313,2019-03-06 12:02:29,btc,6.9355221007778,0.0,0.0000000001,btc,959571203.389,0.000189725250771432,0.0212588481,23
0,[],27,[],2019-03-06 12:02:31,0.0,0,0,6858314,2019-03-06 12:02:31,,13.506612999873411,37685.4985015,0,eth,1987910.31314486,1.3516200081e-13,0.0,23
1,[],4,[],2019-03-06 12:02:33,582072.55488678,0.00000053,0.000000000020452434999999998,6858315,2019-03-06 12:02:33,btc,9.90814903629239,0.0,0.00000053,btc,1593984.33684632,0.00854303,0.1537468151113407,24
1,[],22,[],2019-03-06 12:02:36,11.76,0.00000100,0.0000000000385895,6858316,2019-03-06 12:02:36,BTC,7.415e-05,0.0,0.00000100,BTC,23.919354838709676,0.0,1.176e-05,24
0.0,[],25,[],2019-03-06 12:02:37,0.0,0,0,6858317,2019-03-06 12:02:37,,0.0,0.0,0.0,btc,0.0,0.0,0.0,24
1,[],4,[],2019-03-06 12:02:38,26578301.76725762,0.00000608,0.00000000023462416,6858318,2019-03-06 12:02:38,btc,66.18381295193085,0.0,0.00000608,btc,243984.57221305,0.10157519,0.4398602534506431,26
1,[],10,[],2019-03-06 12:02:40,686438.82472282,0.00000605,0.000000000233466475,6858319,2019-03-06 12:02:40,btc,26.1309356340603,3717.49041373,0.00000605,btc,14719.9937472,0.0,0.2272474337850913,26
0,[],2,[],2019-01-20 23:25:56,0.0,0,0,6476976,2019-01-20 23:25:56,,0.0,0.0,0,,0.0,0.0,0.0,26
1,[],3,[],2019-03-06 12:02:41,10349566.88133568,0.00000001,0.000000000000385895,6858320,2019-03-06 12:02:41,btc,2.1405240868665643,24214.5,0.00000001,btc,16547902.005883839,0.0,0.1034956688133568,27
1,[],5,[],2019-03-06 12:02:43,0.0,0,0,6858321,2019-03-06 12:02:43,btc,0.0,0.00015857,0,btc,0.0,0.0,0.0,27
1,[],11,[],2019-03-06 12:02:44,9461840.38103613,0.00000005,0.000000000001929475,6858322,2019-03-06 12:02:44,btc,67506.32843704063,170.63047893,0.00000005,btc,7972152.75036371,0.0,0.44099231334143857,27
1,[],4,[],2019-03-06 12:02:45,1262138986.7893975,0.00000002,0.00000000000077179,6858323,2019-03-06 12:02:45,btc,2.5259522131835546,0.0,0.00000002,"btc,ltc",199283495.49821135,0.58948192,8.707835273205964,29
1,[],7,[],2019-03-06 12:02:47,36314408.50305131,0.00000002,0.00000000000077179,6858324,2019-03-06 12:02:47,btc,44462590.649872705,646668.4434,0.00000002,btc,45745882.39235097,0.0,0.3828116319059681,29
1,[],4,[],2019-03-06 12:02:49,2357363.65695795,0.00000024,0.00000000000926148,6858325,2019-03-06 12:02:49,btc,2.4619465824263083,0.0,0.00000024,btc,1797232.73033273,0.0010134,0.10681738706086,30
0,[],17,[],2019-03-06 12:02:51,0.0,0,0,6858326,2019-03-06 12:02:51,btc,0.0,0.0,0,btc,0.0,0.0,0.0,30
1,[],4,[],2019-03-06 12:02:52,212836.67923231,0.00006458,0.00000000249210991,6858327,2019-03-06 12:02:52,btc,9.02518206268979,0.0,0.00006458,btc,91102.51078968,1.28154787,3.838420831070445,31
1,[],21,[],2019-03-06 12:02:53,72932.93701171,0.00006522999999999999718586218833,0.0000000025171930849999996,6858328,2019-03-06 12:02:53,btc,10.15565640104151,843295.31629214,0.000065229999999999997185862188331384459161199629306793212890625,btc,133508.23382983,58.74643925,4.56103334391662,31
0,[],2,[],2019-01-20 23:28:43,0.0,0,0,6477009,2019-01-20 23:28:43,,0.0,0.0,0,,0.0,0.0,0.0,32
1,[],4,[],2019-03-06 12:02:54,451262707.48439735,0.00000004,0.00000000000154358,6858329,2019-03-06 12:02:54,btc,10.84888385412355,0.0,0.00000004,"btc,ltc",201424400.15812847,0.17379251,10.887821285657614,33
1,[],12,[],2019-03-06 12:02:55,15036756.63066667,0.00000003,0.0000000000011576849999999998,6858330,2019-03-06 12:02:55,btc,0.8942126832167816,0.0,0.00000003,btc,5907645.52447549,0.0184744066833169,0.3506071089200001,33
1,[],4,[],2019-03-06 12:02:56,112974763.72525623,0.00000001,0.000000000000385895,6858331,2019-03-06 12:02:56,btc,3.671304973688021,0.0,0.00000001,btc,103921635.79675303,0.05978586,1.1297476372525623,34
1,[],5,[],2019-03-06 12:02:58,0.0,0,0,6858332,2019-03-06 12:02:58,btc,0.0,0.06638725,0,btc,0.0,0.0,0.0,34
0.0000000001440346,[],4,[],2019-03-06 12:02:58,1766069233.8073332,1.440346e-18,5.5582231967e-23,6858333,2019-03-06 12:02:58,ltc,7.006854309759665e-08,0.0,0.00000001,ltc,7560442336.532033,0.0,2.5437507566374576e-09,36
1,[],5,[],2019-03-06 12:03:00,0.0,0,0,6858334,2019-03-06 12:03:00,btc,0.0,0.0,0,btc,0.0,0.0,0.0,36
0.0000000003586626,[],27,[],2019-03-06 12:03:03,11290000.0,3.5866259999999995e-18,1.38406104027e-22,6858335,2019-03-06 12:03:03,eth,222.6013767858684,0.0,0.00000001,"ltc,eth",11165403.32426039,0.0,2.374119464e-11,36
0,[],17,[],2019-03-06 11:14:17,0.0,0,0,6858159,2019-03-06 11:14:17,btc,0.07464582824258068,0.0,0,btc,4105386.20243647,0.0,0.0,36
1,[],4,[],2019-03-06 12:03:04,275322.98558592,0.00000055,0.000000000021224224999999998,6858336,2019-03-06 12:03:04,btc,19772.480951887024,0.0,0.00000055,btc,561113.27082558,0.00973774,0.1188456262018665,37
1,[],17,[],2019-03-06 12:03:06,1752.74075282,0.00000025,0.000000000009647374999999999,6858337,2019-03-06 12:03:06,btc,0.055484923777095005,0.0,0.00000025,btc,1319.19918473,0.0,0.00043818518820499993,37
1,[],27,[],2019-03-06 12:03:08,14685.567,0.00000045,0.000000000017365275,6858338,2019-03-06 12:03:08,btc,25.77745805411233,0.0,0.00000045,btc,6527.38138508,0.0,0.00480032515,37
1,[],12,[],2019-03-06 11:02:25,55647.97734038,0.00000052,0.000000000020026396,6857978,2019-03-06 11:02:25,btc,0.11080354920090191,0.0,0.00000052,btc,83443.01432467,0.0615901821877318,0.025694546669385098,37
1,[],5,[],2019-03-06 12:03:10,0.0,0,0,6858339,2019-03-06 12:03:10,btc,0.0,0.00113051,0,btc,0.0,0.0,0.0,42
1,[],12,[],2019-03-06 12:03:12,589.05940588,0.00000101000000000000007076262319161141789436442195437848567962646484375,0.000000000038975395,6858340,2019-03-06 12:03:12,btc,0.0050188729961452,0.0,0.00000101000000000000007076262319161141789436442195437848567962646484375,btc,1944.88730433,0.011278028098099,0.0005949499999388001,42
0.0000000003586626,[],27,[],2019-03-06 12:03:15,22000.0,3.586626e-17,1.38406104027e-21,6858341,2019-03-06 12:03:15,eth,0.00315028,0.0,0.0000001,"btc,eth",11.007,0.0,7.244984519999999e-13,42
0,[],17,[],2019-03-06 11:03:37,0.0,0,0,6857984,2019-03-06 11:03:37,btc,0.0,0.0,0,btc,0.0,0.0,0.0,43
1,[],5,[],2019-03-06 12:03:16,0.0,0,0,6858342,2019-03-06 12:03:16,btc,0.0,0.0,0,btc,0.0,0.0,0.0,43
0,[],12,[],2019-03-06 12:03:17,0.0,0,0,6858343,2019-03-06 12:03:17,btc,0.07209623,0.0,0,btc,2606541.0,3.6363636364e-06,0.0,43
1,[],12,[],2019-03-05 01:54:08,639326.02,0.00000004,0.000000000001486676,6845775,2019-03-05 01:54:08,btc,11116042.728239931,0.0,0.00000004,btc,1103841.4595604,0.0003330765234764,0.014975410599999999,44
1,[],4,[],2019-03-06 12:03:19,295636759.115669,0.00000002,0.00000000000077179,6858344,2019-03-06 12:03:19,btc,473.6820965569495,0.0,0.00000002,"btc,ltc",12307992.27435102,0.01185914,0.23927025036236818,49
0.0000000001440346,[],4,[],2019-03-06 12:03:20,267605089.84807998,1.440346e-18,5.5582231967e-23,6858345,2019-03-06 12:03:20,ltc,25.808545411964303,0.0,0.00000001,ltc,9720268209.71217,0.00023846,3.8544392074232264e-10,52
0.000000000125756,[],22,[],2019-03-06 12:03:24,80845862.0,1.25756e-18,4.8528611619999994e-23,6858346,2019-03-06 12:03:24,XMR,4366.97466637,0.0,0.00000001,XMR,255820234.67882353,0.0,0.80845862,57
0.0000000003586626,[],27,[],2019-03-06 12:03:26,2000.0,3.5866259999999995e-18,1.38406104027e-22,6858347,2019-03-06 12:03:26,eth,0.0,0.0,0.00000001,"btc,eth",0.0,0.0,7.173251999999999e-15,57
0.0000000001440346,[],4,[],2019-03-06 12:03:27,655403589.0705966,4.321038e-18,1.66746695901e-22,6858348,2019-03-06 12:03:27,ltc,18.807189117137263,0.0,0.00000003,ltc,4310657311.34535,0.0,1.5466132537014098e-09,58
1,[],12,[],2019-03-06 12:03:28,434973782.8425,0.0000000004,0.0000000000000154358,6858349,2019-03-06 12:03:28,btc,2597.1973153706,0.0,0.0000000004,btc,272059070.0,0.00084903865494505,0.132456059837,58
0,[],17,[],2019-03-06 12:03:40,0.0,0,0,6858350,2019-03-06 12:03:40,btc,1e+24,0.0,0,btc,49226522.0897055,0.0,0.0,58
0.000000000125756,[],22,[],2019-03-06 12:03:43,137438.0,1.25756e-18,4.8528611619999994e-23,6858351,2019-03-06 12:03:43,XMR,69.8835922,0.0,0.00000001,XMR,9887963.0,0.0,0.00137438,58
1,[],5,[],2019-03-06 12:03:45,0.0,0,0,6858352,2019-03-06 12:03:45,btc,0.0,0.0130062,0,btc,0.0,0.0,0.0,61
1,[],22,[],2019-03-06 12:03:48,13759.5,0.00000012,0.00000000000463074,6858353,2019-03-06 12:03:48,BTC,1002.2960049,0.0,0.00000012,BTC,14976.68361146909,0.0,0.00155017,61
1,[],26,[],2019-03-06 12:03:48,0.0,0.00000800,0.000000000308716,6858354,2019-03-06 12:03:48,btc,0.0,0.0,0.00000800,btc,0.0,0.0,0.0,61
1,[],27,[],2019-03-06 12:03:50,4412.22008,0.00000047,0.000000000018137065,6858355,2019-03-06 12:03:50,btc,2.898491041314132,3463.81024259,0.00000047,"btc,eth",19485.01257617,0.01731905,0.0012442299596167768,61
1,[],28,[],2019-03-06 12:03:52,13880.304,0.0000005,0.00000000001929475,6858356,2019-03-06 12:03:52,btc,2.056312978300105,750.0,0.0000005,btc,9730.59500005,0.0,0.00566391304,61
1,[],4,[],2019-03-06 12:03:53,1281137.6108902,0.00000270,0.00000000010419165,6858357,2019-03-06 12:03:53,btc,11.246312445645374,0.0,0.00000270,btc,807019.27344959,0.14465624,1.0185226731698633,67
0.0,[],25,[],2019-03-06 12:03:54,0.0,0,0,6858358,2019-03-06 12:03:54,,0.0,0.0,0.0,btc,0.0,0.0,0.0,67
1,[],12,[],2019-03-06 12:03:56,12251.0,0.00000017,0.000000000006560214999999999,6858359,2019-03-06 12:03:56,btc,0.0011177000000000001,0.0,0.00000017,btc,2065.0,0.0031550211305923,0.00208267,71
,[],5,[],2018-11-20 23:02:39,1.5e-07,0.00000005,0.000000000002128045,4862160,2018-11-20 23:02:39,btc,2.84511358,0.0,,btc,0.00036572,0.0,0.07381892,74
1,[],5,[],2019-03-06 12:03:58,0.0,0,0,6858360,2019-03-06 12:03:58,btc,0.0,0.0,0,btc,0.0,0.0,0.0,75
1,[],4,[],2019-03-06 12:03:59,14275125.58224166,0.00000001,0.000000000000385895,6858361,2019-03-06 12:03:59,btc,11388.985544584346,0.0,0.00000001,btc,40019471.49932191,0.0,0.1427512558224166,81
0,[],20,[],2019-01-25 09:30:31,0.0,0,0,6495923,2019-01-25 09:30:31,btc,0.0,0.0,0,btc,0.0,0.0,0.0,81
1,[],4,[],2019-03-06 12:04:01,27709.78631719,0.00007865,0.0000000030350641749999997,6858362,2019-03-06 12:04:01,btc,18.106910666501605,0.0,0.00007865,btc,12183.90688607,0.01646578,0.1273278586725821,82
1,[],21,[],2019-03-06 11:15:09,756384.63459289,0.00007415999999999999469594419432,0.000000002858512032,6858183,2019-03-06 11:15:09,btc,2.530156398353509,1655.859403,0.000074159999999999994695944194322834164267987944185733795166015625,btc,29321.16123217,0.122213,2.2397957634321517,82
0,[],17,[],2019-03-06 12:06:03,0.0,0,0,6858363,2019-03-06 12:06:03,btc,0.0447233088476774,0.0,0,btc,999127.19588126,0.0,0.0,84
0.0000000001440346,[],4,[],2019-03-06 12:06:04,117873755.66403723,4.321038e-18,1.66746695901e-22,6858364,2019-03-06 12:06:04,ltc,1.7493647612541758,0.0,0.00000003,ltc,409056379.12445885,0.0,2.4671136659434503e-10,85
,[],22,[],2018-11-20 23:09:34,3408.1,0.0000001,0.0000000000041895,4862324,2018-11-20 23:09:34,BTC,0.04624735,0.0,,BTC,4990.0,0.0,0.00033081,86
0,[],22,[],2019-02-22 12:52:35,0.0,0,0,6758847,2019-02-22 12:52:35,,2.0760781,0.0,0,,140622.94736842104,0.0,0.0,87
0,[],27,[],2019-02-22 12:52:37,0.0,0,0,6758848,2019-02-22 12:52:37,,0.0,0.0,0,btc,0.0,0.0,0.0,87
,[],2,[],2018-11-20 23:10:47,0.0,0,0,4862359,2018-11-20 23:10:47,,0.0,0.0,,,0.0,0.0,0.0,88
1,[],11,[],2019-03-06 12:06:06,95363.77121402,0.0001470099999999999900758551607538038297207094728946685791015625,0.000000005673042394999999,6858365,2019-03-06 12:06:06,btc,610.1549885228544,2693.49067949,0.0001470099999999999900758551607538038297207094728946685791015625,btc,105506.75639459,0.0,6.608859229073553,89
0,[],2,[],2019-01-20 23:31:45,0.0,0,0,6477083,2019-01-20 23:31:45,,0.0,0.0,0,,0.0,0.0,0.0,91
1,[],12,[],2019-03-06 12:06:08,22133.41849996,0.00000074,0.00000000002855623,6858366,2019-03-06 12:06:08,btc,0.0079264900276107,0.0,0.00000074,btc,3923.01244179,0.0017615515731632,0.0029104040999938,91
1,[],22,[],2019-03-06 12:06:22,65900.0,0.00000001,0.000000000000385895,6858367,2019-03-06 12:06:22,BTC,3e-06,0.0,0.00000001,BTC,1.0,0.0,0.000659,91
0,[],17,[],2019-03-06 11:15:26,0.0,0,0,6858187,2019-03-06 11:15:26,btc,0.0,0.0,0,btc,0.0,0.0,0.0,91
0.0000000001440346,[],22,[],2019-03-06 12:06:26,1580418.0,7.20173e-18,2.77911159835e-22,6858368,2019-03-06 12:06:26,LTC,8.53121199,0.0,0.00000005,LTC,71989912.1,0.0,0.0790209,95
0.0000000001440346,[],4,[],2019-03-06 12:06:27,641442840.5028671,9.362249e-17,3.612845077855e-21,6858369,2019-03-06 12:06:27,ltc,11.886285786660407,0.0,0.00000065,ltc,135439107.9791913,0.0,1.7621134493954638e-09,96
1,[],12,[],2019-03-06 12:06:28,110000.0,0.00000001,0.000000000000385895,6858370,2019-03-06 12:06:28,btc,0.059957329999999996,0.0,0.00000001,btc,962071.0,5.5e-06,0.0011,96
0,[],17,[],2019-03-06 12:06:30,0.0,0,0,6858371,2019-03-06 12:06:30,btc,0.0,0.0,0,btc,0.0,0.0,0.0,96
1,[],4,[],2019-03-06 12:06:31,1336064.85203525,0.00000022,0.00000000000848969,6858372,2019-03-06 12:06:31,btc,2.638425785785541,0.0,0.00000022,btc,2572916.27910972,0.02777235,0.0853712259252131,99
0,[],2,[],2019-01-20 23:23:55,0.0,0,0,6476914,2019-01-20 23:23:55,,0.0,0.0,0,,0.0,0.0,0.0,100
1,[],4,[],2019-03-06 12:06:32,323195.88976709,0.00003906,0.00000000150730587,6858373,2019-03-06 12:06:32,btc,11.183493316207265,0.0,0.00003906,btc,157484.79860765,2.21539945,1.9196832978514315,100
1,[],22,[],2019-03-06 12:06:35,50000.0,0.00000001,0.000000000000385895,6858374,2019-03-06 12:06:35,BTC,23.49896609,0.0,0.00000001,BTC,10277.22,0.0,0.0005,101
1,[],4,[],2019-03-06 12:06:36,441020.04113507,0.00000088,0.00000000003395876,6858375,2019-03-06 12:06:36,btc,308.03839392186757,0.0,0.00000088,btc,495985.81961893,0.01596084,0.2186764848147094,103
1,[],12,[],2019-03-06 12:06:39,8324617.887,0.000000009,0.0000000000003473055,6858376,2019-03-06 12:06:39,btc,0.2539684625594406,0.0,0.000000009,btc,2938524.05594406,0.00310691806903502,0.020027173983,105
1,[],27,[],2019-03-06 12:06:40,115397.89,0.00000001,0.000000000000385895,6858377,2019-03-06 12:06:40,btc,36.59791032491341,0.0,0.00000001,btc,1051440.73571724,0.0,0.0011539789,105
1,[],22,[],2019-03-06 12:06:44,9328.0,0.00000001,0.000000000000385895,6858378,2019-03-06 12:06:44,BTC,51.10837004,0.0,0.00000001,BTC,470435.0,0.0,9.328e-05,107
1,[],26,[],2019-03-06 12:06:44,0.0,0.00000000,0,6858379,2019-03-06 12:06:44,btc,0.0,0.0,0.00000000,btc,0.0,0.0,0.0,107
1,[],5,[],2019-03-06 12:06:46,0.0,0,0,6858380,2019-03-06 12:06:46,btc,0.0,0.00102088,0,btc,0.0,0.0,0.0,112
1,[],22,[],2019-03-06 12:06:50,1966.0,0.00000001,0.000000000000385895,6858381,2019-03-06 12:06:50,BTC,2.78279272,0.0,0.00000001,BTC,828524.0833333334,0.0,1.966e-05,112
0.0000000003586626,[],27,[],2019-03-06 12:06:52,2000.0,3.5866259999999995e-18,1.38406104027e-22,6858382,2019-03-06 12:06:52,eth,1.24892491849924,0.0,0.00000001,"btc,eth",1288.641654,0.0,7.173251999999999e-15,112
1,[],4,[],2019-03-06 12:06:53,1320846.41457609,0.00000200,0.000000000077179,6858383,2019-03-06 12:06:53,btc,4.804889863298019,0.0,0.00000200,btc,338851.58832434,0.05526327,1.0482957527779837,113
1,[],5,[],2019-03-06 12:06:55,0.0,0,0,6858384,2019-03-06 12:06:55,btc,0.0,0.0,0,btc,0.0,0.0,0.0,113
1,[],17,[],2019-03-06 12:07:07,152738.278,0.00000004,0.00000000000154358,6858385,2019-03-06 12:07:07,btc,1.33680302678,0.0,0.00000004,btc,50696.221,0.0,0.0022095311199999998,116
0,[],27,[],2019-03-06 12:07:09,0.0,0,0,6858386,2019-03-06 12:07:09,,0.0,0.0,0,btc,0.0,0.0,0.0,116
1,[],4,[],2019-03-06 12:07:10,80103.43492557,0.00002462,0.00000000095007349,6858387,2019-03-06 12:07:10,btc,28.317664814499256,0.0,0.00002462,btc,101171.63481402,0.12814967,1.2205159900984004,120
1,[],7,[],2019-03-06 12:07:11,21305.03132631,0.000021229999999999998329912320738088737925863824784755706787109375,0.0000000008192550849999999,6858388,2019-03-06 12:07:11,btc,115646.94801872219,201.6706512,0.000021229999999999998329912320738088737925863824784755706787109375,btc,36704.95216259,0.0059223,0.0526038608366357,120
1,[],20,[],2019-03-06 12:07:14,3003934.3805,0.000000035,0.0000000000013506325,6858389,2019-03-06 12:07:14,btc,33.6157660951996,9365.2486,0.000000035,btc,1009912.7699,0.000327783701,0.0406958634044,125
1,[],22,[],2019-03-06 12:07:18,3053.0,0.00000001,0.000000000000385895,6858390,2019-03-06 12:07:18,BTC,0.01444887,0.0,0.00000001,BTC,296263.5111111111,0.0,3.053e-05,126
1,[],4,[],2019-03-06 12:07:18,142949.59311806,0.00001301,0.000000000502049395,6858391,2019-03-06 12:07:18,btc,3.6438274200425047,0.0,0.00001301,btc,117081.92350508,0.18534305,0.6282268981869008,131
0,[],17,[],2019-03-06 12:07:30,0.0,0,0,6858392,2019-03-06 12:07:30,btc,0.0009561751951600001,0.0,0,btc,35.42829368,0.0,0.0,131
0,[],2,[],2019-01-20 23:25:46,0.0,0,0,6476969,2019-01-20 23:25:46,,0.0,0.0,0,,0.0,0.0,0.0,131
1,[],4,[],2019-03-06 12:07:31,4557.10045129,0.00016001,0.000000006174705895,6858393,2019-03-06 12:07:31,btc,1.620390415383138,0.0,0.00016001,btc,241.25503526,0.0,0.008413837211691,135
1,[],3,[],2019-03-06 10:14:20,1502702.73244099,0.00000004,0.0000000000015408,6857849,2019-03-06 10:14:20,btc,0.126945517273405,185812.555327,0.00000004,btc,800599.99421222,0.0,0.0307712319606043,136
1,[],4,[],2019-03-06 12:07:32,367854.92385213,0.00000165,0.000000000063672675,6858394,2019-03-06 12:07:32,btc,38.25904980727753,0.0,0.00000165,btc,525730.64757582,0.02270339,0.0880403936236188,137
1,[],12,[],2019-03-06 12:07:33,53055.0,0.000001560000000000000098813643899242631363222244544886052608489990234375,0.00000000006019962,6858395,2019-03-06 12:07:33,btc,0.6342489418495455,0.0,0.000001560000000000000098813643899242631363222244544886052608489990234375,btc,54.41661261,0.000594,0.0827658,137
1,[],4,[],2019-03-06 12:07:34,10343.9746111,0.00003978,0.00000000153509031,6858396,2019-03-06 12:07:34,btc,28.25120742781015,0.0,0.00003978,btc,42818.38966331,0.19527766,0.2213503902784654,142
1,[],5,[],2019-03-06 12:07:36,0.0,0,0,6858397,2019-03-06 12:07:36,btc,0.0,0.2381028,0,btc,0.0,0.0,0.0,142
1,[],17,[],2019-03-06 12:07:37,22967.386363640002,0.00000088,0.00000000003395876,6858398,2019-03-06 12:07:37,btc,20.0699133484,0.0,0.00000088,btc,405.079105,0.0,0.0104613000000032,142
1,[],20,[],2019-03-06 12:07:39,133469.924,0.00003001,0.000000001158070895,6858399,2019-03-06 12:07:39,btc,0.3006424342742,1004.02,0.00003001,btc,1475.5369,0.04718110345,0.2424395521119,142
1,[],22,[],2019-03-06 12:07:43,1470.8988921568628,0.00004000,0.00000000154358,6858400,2019-03-06 12:07:43,BTC,3.00385504,0.0,0.00004000,BTC,891.218,0.0,0.0012358,142
0.0,[],25,[],2019-03-06 12:07:44,0.0,0,0,6858401,2019-03-06 12:07:44,,0.0,0.0,0.0,btc,0.0,0.0,0.0,142
1,[],28,[],2019-03-06 12:07:46,76144.0,0.00000820,0.0000000003164339,6858402,2019-03-06 12:07:46,btc,0.067100461059305,1996.0,0.00000820,btc,552.61077999,0.0,0.004468,142
0,[],22,[],2019-03-06 12:07:49,0.0,0,0,6858403,2019-03-06 12:07:49,,62.22782865,0.0,0,,846843617.3,0.0,0.0,143
0,[],22,[],2019-02-25 15:42:22,0.0,0,0,6783783,2019-02-25 15:42:22,,4.2131946,0.0,0,,2322156.0,0.0,0.0,146
,[],22,[],2018-11-20 23:01:11,0.0,0,0,4862114,2018-11-20 23:01:11,,2.56807021,0.0,,,61828.4988236,0.0,0.0,147
1,[],12,[],2019-03-06 12:07:51,50000.0,0.00000001,0.000000000000385895,6858404,2019-03-06 12:07:51,btc,0.0104866833838219,0.0,0.00000001,btc,1049.08942781,4.12e-06,0.0005,148
1,[],4,[],2019-03-06 12:07:52,270689.3954343,0.00000029,0.000000000011190955,6858405,2019-03-06 12:07:52,btc,219.99868703623,0.0,0.00000029,btc,840428.23424423,0.0,0.0651652236447153,152
0,[],22,[],2019-03-06 12:07:55,0.0,0,0,6858406,2019-03-06 12:07:55,,0.0,0.0,0,,0.0,0.0,0.0,152
1,[],5,[],2019-03-06 12:07:56,0.0,0,0,6858407,2019-03-06 12:07:56,btc,0.0,0.0,0,btc,0.0,0.0,0.0,153
,[],16,[],2019-01-11 15:38:59,0.0,0,0,6366141,2019-01-11 15:38:59,btc,0.0,0.0,,btc,0.0,0.0,0.0,155
0,[],23,[],2019-01-20 23:24:29,0.0,0,0,6476932,2019-01-20 23:24:29,,0.0,0.0,0,,0.0,0.0,0.0,156
0,[],22,[],2019-03-06 12:08:00,0.0,0,0,6858408,2019-03-06 12:08:00,,6.7463875,0.0,0,,4674391.242592593,0.0,0.0,156
1,[],22,[],2019-03-06 12:08:04,7073.8,0.00005300,0.0000000020452435,6858409,2019-03-06 12:08:04,BTC,1.80343699,0.0,0.00005300,BTC,899.6422341958436,0.0,0.00104336,157
0,[],22,[],2019-03-06 12:08:06,0.0,0,0,6858410,2019-03-06 12:08:06,,50175.67608608,0.0,0,,54079135.04179466,0.0,0.0,158
,[],17,[],2018-11-20 22:56:10,0.0,0,0,4861976,2018-11-20 22:56:10,btc,1.1265625,0.0,,btc,1000.0,0.0,0.0,159
,[],20,[],2018-11-20 22:56:12,0.0,0,0,4861977,2018-11-20 22:56:12,btc,11912.7940471,0.0,,btc,34413894.3617,0.0,0.0,159
1,[],12,[],2019-03-06 12:08:08,35.03184713,0.00000314000000000000000613983690278541160978420521132647991180419921875,0.00000000012117103,6858411,2019-03-06 12:08:08,btc,0.0,0.0,0.00000314000000000000000613983690278541160978420521132647991180419921875,btc,0.0,0.0025813845492696,0.00010999999998820001,168
1,[],17,[],2019-03-06 12:08:10,29784.95,0.000001,0.000000000038589499999999995,6858412,2019-03-06 12:08:10,btc,0.03026736251542,0.0,0.000001,btc,144.46171372,0.0,0.00716147,168
0,[],22,[],2019-03-06 12:08:13,0.0,0,0,6858413,2019-03-06 12:08:13,,1.1339604,0.0,0,,520283.17470714403,0.0,0.0,169
1,[],22,[],2019-03-06 12:08:17,203600.0,0.00000002,0.00000000000077179,6858414,2019-03-06 12:08:17,BTC,13.25047831,0.0,0.00000002,BTC,146317.2939341018,0.0,0.002072,171
1,[],22,[],2019-03-06 12:08:21,733473.1111111111,0.00000011,0.000000000004244845,6858415,2019-03-06 12:08:21,BTC,2.20416442,0.0,0.00000011,"BTC,LTC",251890.47628368603,7.711e-05,0.03025522,173
1,[],5,[],2019-03-05 01:59:40,0.0,0,0,6845846,2019-03-05 01:59:40,btc,0.0,0.00384852,0,btc,0.0,0.0,0.0,175
1,[],22,[],2019-03-06 12:08:24,36500.0,0.00000021,0.000000000008103795,6858416,2019-03-06 12:08:24,BTC,0.54826403,0.0,0.00000021,BTC,138776.41384013777,0.0,0.00227,176
1,[],7,[],2019-03-06 12:08:26,0.0,0,0,6858417,2019-03-06 12:08:26,btc,410918.8455295288,2153.84615384,0,btc,118032330.14740083,2.154e-05,0.0,178
0,[],22,[],2019-03-06 12:08:29,0.0,0,0,6858418,2019-03-06 12:08:29,,1.00242438,0.0,0,,57522.0,0.0,0.0,178
0,[],2,[],2019-01-20 23:28:34,0.0,0,0,6477001,2019-01-20 23:28:34,,0.0,0.0,0,,0.0,0.0,0.0,178
0,[],23,[],2019-01-20 23:25:08,0.0,0,0,6476952,2019-01-20 23:25:08,,0.0,0.0,0,,0.0,0.0,0.0,179
1,[],5,[],2019-03-06 12:08:30,0.0,0,0,6858419,2019-03-06 12:08:30,btc,0.0,0.00528338,0,btc,0.0,0.0,0.0,179
1,[],22,[],2019-03-06 12:08:34,6949180.5,0.00000002,0.00000000000077179,6858420,2019-03-06 12:08:34,BTC,5.67358865,0.0,0.00000002,"BTC,LTC",18499654.756535422,0.01138815,0.37392433,179
1,[],17,[],2019-03-06 12:08:36,10504.725,0.0000001,0.00000000000385895,6858421,2019-03-06 12:08:36,btc,5.201069583845156,0.0,0.0000001,btc,5033.45945,0.0,0.0010504725,180
1,[],22,[],2019-03-06 12:08:40,149605.4,0.00000105,0.000000000040518974999999996,6858422,2019-03-06 12:08:40,BTC,0.25487499,0.0,0.00000105,"BTC,LTC",87767.28562222162,0.0016625,0.01285544,180
1,[],26,[],2019-03-06 12:08:40,0.0,0.00000180,0.0000000000694611,6858423,2019-03-06 12:08:40,btc,0.0,1742.1,0.00000180,btc,0.0,0.0,0.0,180
,[],7,[],2018-11-20 22:58:01,562227.975654,0.00000085,0.000000000036176765,4862015,2018-11-20 22:58:01,btc,21836.6059674,2491.87645172,,btc,749999.041456,0.00211021,0.127565380455,183
,[],5,[],2019-01-10 08:11:41,0.0,0,0,6347036,2019-01-10 08:11:41,btc,82.15055501,0.00261,,btc,1.19002445,0.0,0.0,187
,[],17,[],2018-11-16 20:58:10,4062536.27273,0.00000001,0.000000000000550501,4708775,2018-11-16 20:58:10,btc,3.36492563466,0.195460381006,,"btc,eth",110697919.549,0.0,0.0157628953496,187
1,[],24,[],2019-03-06 12:08:41,0.0,0.000000000001,3.85895e-17,6858424,2019-03-06 12:08:41,btc,0.0,0.0,0.000000000001,btc,0.0,0.0,0.0,187
0,[],22,[],2019-03-06 12:08:44,0.0,0,0,6858425,2019-03-06 12:08:44,,7.42841024,0.0,0,,79361.7243078683,0.0,0.0,191
0,[],22,[],2019-03-06 12:08:49,0.0,0,0,6858426,2019-03-06 12:08:49,,0.0,0.0,0,,0.0,0.0,0.0,197
0,[],23,[],2019-01-20 23:31:41,0.0,0,0,6477079,2019-01-20 23:31:41,,0.0,0.0,0,,0.0,0.0,0.0,199
0,[],22,[],2019-03-06 12:08:52,0.0,0,0,6858427,2019-03-06 12:08:52,,5.19477622,0.0,0,,21058553.0,0.0,0.0,199
1,[],26,[],2019-03-06 12:08:52,0.0,0.00000000,0,6858428,2019-03-06 12:08:52,btc,0.0,133638.0,0.00000000,btc,0.0,0.0,0.0,199
0,[],17,[],2019-01-30 16:32:01,0.0,0,0,6540827,2019-01-30 16:32:01,btc,6.802544163788159,0.0,0,btc,105897.55575295,0.0,0.0,200
0,[],2,[],2019-01-20 23:30:49,0.0,0,0,6477059,2019-01-20 23:30:49,,0.0,0.0,0,,0.0,0.0,0.0,201
1,[],4,[],2019-01-25 15:51:35,2084389.58565343,0.00000936,0.000000000333526752,6499557,2019-01-25 15:51:35,btc,2.0092503037378524,0.0,0.00000936,btc,160195.80207885,0.19272417,1.242687955921835,211
1,[],7,[],2019-03-06 12:08:55,2472891.85321808,0.000001250000000000000102253817392539136932327892282046377658843994140625,0.000000000048236875000000005,6858429,2019-03-06 12:08:55,btc,15476655.044964328,1788362.67002,0.000001250000000000000102253817392539136932327892282046377658843994140625,btc,12746352.35257887,0.0,1.9518545474722953,212
1,[],12,[],2019-01-25 02:44:32,207462.42853209,0.000001080000000000000035831255497387193287295303889550268650054931640625,0.000000000038610756000000006,6493050,2019-01-25 02:44:32,btc,85023.03793723314,0.0,0.000001080000000000000035831255497387193287295303889550268650054931640625,btc,43675.73520027,0.000146250909087,0.0348620860622024,213
1,[],5,[],2019-03-06 12:08:56,0.0,0,0,6858430,2019-03-06 12:08:56,btc,0.0,0.15872231,0,btc,0.0,0.0,0.0,213
1,[],24,[],2019-03-06 12:08:56,0.0,0.000000120000,0.00000000000463074,6858431,2019-03-06 12:08:56,btc,0.0,0.0,0.000000120000,btc,0.0,0.0,0.0,213
1,[],26,[],2019-03-06 12:08:56,0.0,0.00000010,0.00000000000385895,6858432,2019-03-06 12:08:56,btc,0.0,0.0,0.00000010,btc,0.0,0.0,0.0,213
1,[],22,[],2019-03-06 12:09:00,45999.0,0.00000003,0.000000000001157685,6858433,2019-03-06 12:09:00,BTC,2.23624342,0.0,0.00000003,BTC,708045.3963726171,0.00036,0.00079827,216
1,[],27,[],2019-03-06 12:09:02,1304297.0,0.00000004,0.00000000000154358,6858434,2019-03-06 12:09:02,btc,318.0718494147724,12000.0,0.00000004,"btc,ltc",240763.990324,0.0012,0.03399984000025926,216
1,[],22,[],2019-03-06 12:09:06,190626.52409638555,0.00000182,0.00000000007023289,6858435,2019-03-06 12:09:06,BTC,12673.41832669,0.0,0.00000182,BTC,400567.6215820074,0.01868803,0.22963403,217
1,[],7,[],2019-03-06 12:09:08,0.0,0,0,6858436,2019-03-06 12:09:08,btc,77969.66166622133,0.0,0,btc,136268679.67428493,0.0,0.0,219
0,[],27,[],2019-03-06 12:09:09,0.0,0,0,6858437,2019-03-06 12:09:09,,0.03997288,0.0,0,btc,2007233.0,0.0,0.0,219
0.0000000000000052,[],28,[],2019-03-06 12:09:11,168897636.057,5.72e-18,2.2073194e-22,6858438,2019-03-06 12:09:11,doge,84213.6395803825,14326.0,0.00110000,"btc,doge",3641660.84751,0.0,1.6146620517539875e-11,219
1,[],22,[],2019-03-06 12:09:15,380439.0,0.00000005,0.000000000001929475,6858439,2019-03-06 12:09:15,BTC,2.78506839,0.0,0.00000005,BTC,82701.27041875875,9.6e-05,0.01539161,221
1,[],24,[],2019-03-06 12:09:15,0.0,0.000000200000,0.0000000000077179,6858440,2019-03-06 12:09:15,btc,0.0,0.0,0.000000200000,btc,0.0,0.0,0.0,221
1,[],20,[],2019-03-06 12:09:17,39105329.5253,0.000000001,0.0000000000000385895,6858441,2019-03-06 12:09:17,btc,48.4416536687255,172770.0,0.000000001,btc,15934115.0042,0.00034554,0.0391053295253,224
0,[],22,[],2019-03-06 12:09:20,0.0,0,0,6858442,2019-03-06 12:09:20,,0.0,0.0,0,,0.0,0.0,0.0,224
1,[],26,[],2019-03-06 12:09:20,0.0,0.00000035,0.000000000013506325,6858443,2019-03-06 12:09:20,btc,0.0,0.0,0.00000035,btc,0.0,0.0,0.0,231
1,[],26,[],2019-03-06 12:09:20,0.0,0.00000005,0.000000000001929475,6858444,2019-03-06 12:09:20,btc,0.0,0.0,0.00000005,btc,0.0,0.0,0.0,234
0.0000000003586626,[],27,[],2019-03-06 12:09:22,2000.0,3.5866259999999995e-18,1.38406104027e-22,6858445,2019-03-06 12:09:22,eth,0.01134836604,0.0,0.00000001,"btc,eth",11462.996,0.0,7.173251999999999e-15,234
1,[],4,[],2019-03-06 12:09:23,803009.97139481,0.00000072,0.00000000002778444,6858446,2019-03-06 12:09:23,btc,4.748785377088623,0.0,0.00000072,btc,1276045.86069729,0.01574109,0.2127107035277653,236
1,[],24,[],2019-03-06 12:09:24,0.0,0.000000300000,0.00000000001157685,6858447,2019-03-06 12:09:24,btc,0.0,0.0,0.000000300000,btc,0.0,0.0,0.0,236
1,[],20,[],2019-03-06 12:09:25,166482869.8284,0.000000058,0.000000000002238191,6858448,2019-03-06 12:09:25,btc,13.7613718505611,33229712.9186,0.000000058,btc,42171549.6518,2.1759112707029,0.5042122491828,237
0.0000000001440346,[],22,[],2019-03-06 12:09:29,758894.9,4.8971764e-16,1.889795886878e-20,6858449,2019-03-06 12:09:29,LTC,0.0405823,0.0,0.00000340,LTC,3164.0,0.0,0.15023949,237
1,[],4,[],2019-03-06 12:09:30,8766375.8398234,0.00000036,0.00000000001389222,6858450,2019-03-06 12:09:30,btc,9.113696214742916,0.0,0.00000036,btc,10101368.66395279,1.58409756,2.201942457288187,238
1,[],5,[],2019-03-06 12:09:31,0.0,0,0,6858451,2019-03-06 12:09:31,btc,0.0,0.05039918,0,btc,0.0,0.0,0.0,238
0,[],22,[],2019-03-06 06:43:11,0.0,0,0,6856376,2019-03-06 06:43:11,,0.41338918,0.0,0,,316326.5639027493,0.0,0.0,249
0.0000000001440346,[],22,[],2019-03-06 12:09:35,82163180.66666667,7.20173e-18,2.77911159835e-22,6858452,2019-03-06 12:09:35,LTC,1.48075566,0.0,0.00000005,LTC,22806938.09,0.0,2.70466333,252
1,[],28,[],2019-03-06 12:09:37,2968336.042,0.00000037,0.000000000014278114999999999,6858453,2019-03-06 12:09:37,btc,164733.05909878417,63292.92,0.00000037,btc,2783023.03877059,0.0,0.48497979452,256
1,[],22,[],2019-03-06 12:09:41,1077561.0,0.00000003,0.000000000001157685,6858454,2019-03-06 12:09:41,BTC,31.48066378,0.0,0.00000003,BTC,699281.3457866946,0.00021623,0.01125975,258
1,[],22,[],2019-03-06 12:09:50,48751.0,0.00000001,0.000000000000385895,6858455,2019-03-06 12:09:50,BTC,2.4175745,0.0,0.00000001,BTC,1762.0,0.0,0.00048751,259
1,[],5,[],2019-03-06 12:09:52,0.0,0,0,6858456,2019-03-06 12:09:52,btc,0.0,0.0913741,0,btc,0.0,0.0,0.0,264
1,[],20,[],2019-03-06 12:09:54,1254097.3562,0.00000191,0.000000000073705945,6858457,2019-03-06 12:09:54,btc,7.4537918137646,36293.4058,0.00000191,btc,100770.7792,0.084049167017,0.0183322853193,264
0,[],22,[],2019-03-06 12:09:57,0.0,0,0,6858458,2019-03-06 12:09:57,,8.45820143,0.0,0,,451287.34411321935,0.0,0.0,271
0,[],22,[],2019-03-06 12:10:00,0.0,0,0,6858459,2019-03-06 12:10:00,,266.25196314,0.0,0,,13937792677.692,0.0,0.0,272
0.0000000000000052,[],28,[],2019-03-06 12:10:02,229341804707.905,4.836e-21,1.86618822e-25,6858460,2019-03-06 12:10:02,doge,152023461.76392663,23026084995.0,0.00000093,doge,197619655551.8003,0.0,6.565141035098498e-10,272
1,[],22,[],2019-03-06 12:10:08,235229.74,0.00000100,0.0000000000385895,6858461,2019-03-06 12:10:08,BTC,74.44814549,0.0,0.00000100,"BTC,LTC",53544.48778575859,0.06262664,0.06854262,281
1,[],22,[],2019-03-06 12:10:11,215810.5,0.00000011,0.000000000004244845,6858462,2019-03-06 12:10:11,BTC,1.15772804,0.0,0.00000011,BTC,96638.97522694696,0.00851741,0.01718134,286
0,[],22,[],2019-03-06 12:10:14,0.0,0,0,6858463,2019-03-06 12:10:14,,43641.21062909,0.0,0,,846557752.0,0.0,0.0,294
