pairValue,buyBook,exchangeId,sellBook,updated,buyTotal,satoshiPrice,usdPrice,exchangeLogId,created,bestPair,sellTotalBtc,volume,pairPrice,activePairs,sellTotal,volumeBtc,buyTotalBtc,coinId
1,[],3,[],2019-05-11 03:15:35,32393.82192045902,0.01026495000000000011597389715234385221265256404876708984375,0.000000672638564115,7614468,2019-05-11 03:15:35,btc,3.4651125424817777,153.406767959,0.01026495000000000011597389715234385221265256404876708984375,btc,22.07534664456,0.0,0.5180239746612322,1
1,[],4,[],2019-05-11 03:15:36,251155.04588838,0.01062582,0.0000006962855452140001,7614469,2019-05-11 03:15:36,btc,9.098209020717945,0.0,0.01062582,btc,419.21760374,1.68009809,0.4798675190620581,1
1,[],5,[],2019-05-11 03:15:39,0.0,0,0,7614470,2019-05-11 03:15:39,btc,0.0,0.09117484,0,btc,0.0,0.0,0.0,1
1,[],10,[],2019-05-11 03:15:42,184882.17503295,0.00902065,0.0000005911024470050001,7614471,2019-05-11 03:15:42,btc,6525.078317323156,1598.1697371,0.00902065,btc,1455.38328776,0.0,3.6639424947006436,1
1,[],12,[],2019-05-11 03:15:46,74.53236594,0.0106599999999999993371968542987815453670918941497802734375,0.000000698525282,7614472,2019-05-11 03:15:46,btc,0.1375200377355,0.0,0.0106599999999999993371968542987815453670918941497802734375,btc,9.16290085,0.3509207540281,0.3449042685298,1
1,[],20,[],2019-05-11 03:15:47,975.4108,0.010710031,0.0000007018036983587001,7614473,2019-05-11 03:15:47,btc,0.079133323151,0.0251,0.010710031,btc,5.2349,0.000294925,0.1759781607354,1
1,[],21,[],2019-05-11 03:15:49,1905.49232991,0.01072256000000000077110318131,0.0000007026246949120001,7614474,2019-05-11 03:15:49,btc,16.06803751748189,5827.60953495,0.01072256000000000077110318130735322483815252780914306640625,"btc,eth",1949.04522999,59.54389212552723,13.362532749882831,1
0,[],22,[],2019-05-11 03:15:53,0.0,0,0,7614475,2019-05-11 03:15:53,,0.3163308,0.0,0,,0.2527518593615956,0.0,0.0,1
1,[],24,[],2019-05-11 03:15:53,0.0,0.000000000000,0,7614476,2019-05-11 03:15:53,btc,0.0,0.0,0.000000000000,btc,0.0,0.0,0.0,1
0.0,[],25,[],2019-05-11 03:15:54,0.0,0,0,7614477,2019-05-11 03:15:54,btc,9.299999999658986,5642.95164434,0.0,btc,844.31257384,60.8922,0.0,1
1,[],26,[],2019-05-11 03:15:55,0.0,0,0,7614478,2019-05-11 03:15:55,,0.0,0.0,0,,0.0,0.0,0.0,1
0,[],28,[],2019-05-11 03:21:38,0.0,0,0,7614479,2019-05-11 03:21:38,,0.0,367823.75,0,,0.0,0.0,0.0,1
0,[],2,[],2019-01-20 23:28:45,0.0,0,0,6477011,2019-01-20 23:28:45,,0.0,0.0,0,,0.0,0.0,0.0,1
1,[],5,[],2019-05-11 03:21:39,0.0,0,0,7614480,2019-05-11 03:21:39,btc,0.0,0.0,0,btc,0.0,0.0,0.0,2
1,[],22,[],2019-05-11 03:21:44,9148.0,0.00000001,0.0000000000006552770000000001,7614481,2019-05-11 03:21:44,BTC,21.00846647,0.0,0.00000001,"BTC,XMR",24148.96059725142,0.0,0.00095635,2
1,[],5,[],2019-05-11 03:21:45,0.0,0,0,7614482,2019-05-11 03:21:45,btc,0.0,0.06995522,0,btc,0.0,0.0,0.0,3
1,[],12,[],2019-05-11 03:21:47,3246064.84655,0.000000143,0.0000000000093704611,7614483,2019-05-11 03:21:47,btc,2714597.2824669317,0.0,0.000000143,btc,3099663.51796199,0.30046097743110856,0.3372897731204,3
0,[],28,[],2019-05-11 03:22:31,0.0,0,0,7614484,2019-05-11 03:22:31,,0.0,0.0,0,,0.0,0.0,0.0,3
0,[],2,[],2019-01-20 23:31:32,0.0,0,0,6477077,2019-01-20 23:31:32,,0.0,0.0,0,,0.0,0.0,0.0,4
1,[],4,[],2019-04-26 19:14:12,610911.70993152,0.00000026,0.000000000013566046,7471614,2019-04-26 19:14:12,btc,31.457742656463164,0.0,0.00000026,btc,718733.71307795,0.00142695,0.0638464483338706,4
0,[],12,[],2019-04-25 23:08:22,0.0,0,0,7459310,2019-04-25 23:08:22,btc,1111851.94727753,0.0,0,btc,953412.0,0.0,0.0,5
1,[],11,[],2019-05-11 03:22:33,5042415.307535999,0.00000001,0.0000000000006552770000000001,7614485,2019-05-11 03:22:33,btc,9576.518892469494,953882.934,0.00000001,btc,47477888.75253575,0.0,0.05042415307536,6
0,[],2,[],2019-01-20 23:31:51,0.0,0,0,6477087,2019-01-20 23:31:51,,0.0,0.0,0,,0.0,0.0,0.0,6
1,[],3,[],2019-05-11 03:22:34,11083.639517392709,0.00014200000000000000924434140348040500612114556133747100830078125,0.000000009304933400000002,7614486,2019-05-11 03:22:34,btc,14.3601831288284,72.2557011207,0.00014200000000000000924434140348040500612114556133747100830078125,btc,346.225549964109,0.0,0.03017651516478863,7
1,[],4,[],2019-05-11 03:22:35,51548.00951251,0.00013801,0.000000009043477877,7614487,2019-05-11 03:22:35,btc,8.006737890255735,0.0,0.00013801,btc,36221.16089264,3.45497016,3.3908614378882733,7
1,[],5,[],2019-05-11 03:22:36,0.0,0,0,7614488,2019-05-11 03:22:36,btc,0.0,1.18220386,0,btc,0.0,0.0,0.0,7
1,[],20,[],2019-04-07 22:06:50,3201475.0482,0.000000001,0.000000000000051590000000000004,7213932,2019-04-07 22:06:50,btc,30.8005781811902,0.0,0.000000001,btc,23077405.3926,0.0,0.0032014750482,8
1,[],4,[],2019-05-11 03:22:38,21246420.18952329,0.00000072,0.000000000047179944000000005,7614489,2019-05-11 03:22:38,btc,4.5091278743055545,0.0,0.00000072,btc,3424821.84916821,0.9848057,0.5157215659770004,9
0,[],28,[],2019-05-11 03:25:07,0.0,0,0,7614490,2019-05-11 03:25:07,,0.0,3515887.0,0,,0.0,0.0,0.0,9
0,[],2,[],2019-01-20 23:22:42,0.0,0,0,6476876,2019-01-20 23:22:42,,0.0,0.0,0,,0.0,0.0,0.0,9
0,[],23,[],2019-01-20 23:22:48,0.0,0,0,6476878,2019-01-20 23:22:48,,0.0,0.0,0,,0.0,0.0,0.0,9
1,[],1,[],2019-02-17 23:31:42,1822507.21,0.00000181000000000000003456111265232042484285557293333113193511962890625,0.000000000066086901,6701244,2019-02-17 23:31:42,btc,3.6990969245,17153386.5,0.00000181000000000000003456111265232042484285557293333113193511962890625,btc,1997391.71,31.11772986,3.2610482446,9
1,[],4,[],2019-02-17 11:22:43,4341674.27126056,0.00000002,0.0000000000007272960000000001,6696112,2019-02-17 11:22:43,btc,0.1997230937751353,0.0,0.00000002,btc,4109766.79808031,0.00215132,0.0479381022052112,10
1,[],4,[],2019-05-11 03:25:08,10665016.34230716,0.00000079,0.000000000051766883,7614491,2019-05-11 03:25:08,btc,6.44728857214483,0.0,0.00000079,btc,4826118.63703725,0.85640299,4.7093503462981,12
1,[],5,[],2019-05-11 03:25:09,0.0,0,0,7614492,2019-05-11 03:25:09,btc,0.0,0.08759897,0,btc,0.0,0.0,0.0,12
0.0,[],25,[],2019-05-11 03:25:10,0.0,0,0,7614493,2019-05-11 03:25:10,,0.0,0.0,0.0,btc,0.0,0.0,0.0,12
0,[],2,[],2019-01-20 23:23:08,0.0,0,0,6476890,2019-01-20 23:23:08,,0.0,0.0,0,,0.0,0.0,0.0,12
1,[],4,[],2019-05-11 03:25:12,32115001.60539838,0.00000594,0.00000000038923453800000003,7614494,2019-05-11 03:25:12,btc,2.466058143381666,0.0,0.00000594,btc,300442.07593521,1.11154041,1.1729546351218225,13
1,[],21,[],2019-05-11 03:25:16,3818456.04748262,0.000006029999999999999864773968239,0.00000000039513203100000005,7614495,2019-05-11 03:25:16,btc,3.902143323360427,727249.28038843,0.000006029999999999999864773968238917944972854456864297389984130859375,btc,565761.10866803,4.26597633,18.965684894469693,13
1,[],10,[],2019-05-10 23:27:20,523578.61777599,0.0000056,0.0000000003582936,7613736,2019-05-10 23:27:20,btc,666793.5551989689,86385.1209305,0.0000056,btc,725443.50141121,0.0,0.4126955751925943,13
1,[],4,[],2019-05-11 03:25:17,1078126.43566142,0.00000081,0.000000000053077437000000006,7614496,2019-05-11 03:25:17,btc,6.177097675863604,0.0,0.00000081,btc,1259115.97518047,0.01727101,0.1961372708228723,14
1,[],12,[],2019-05-11 03:25:18,255002.96672686,0.00000085,0.000000000055698545000000006,7614497,2019-05-11 03:25:18,btc,0.1184615833965832,0.0,0.00000085,btc,14931.03903504,0.0,0.0285128399999759,14
1,[],26,[],2019-05-11 03:27:18,0.0,0.00000050,0.000000000032763850000000004,7614498,2019-05-11 03:27:18,btc,0.0,0.0,0.00000050,btc,0.0,0.0,0.0,14
0,[],17,[],2019-05-03 00:53:32,0.0,0,0,7558876,2019-05-03 00:53:32,btc,0.0,0.0,0,btc,0.0,0.0,0.0,14
0,[],4,[],2019-05-11 03:27:20,0.0,0,0,7614499,2019-05-11 03:27:20,,0.0,0.0,0,,0.0,0.0,0.0,15
,[],12,[],2018-12-01 15:15:48,204241.84496,0.00000489,0.000000000202473384,5260204,2018-12-01 15:15:48,btc,49.5475654835,0.0,,btc,35763.2193806,0.0163153972027625,0.0203389899998,15
1,[],4,[],2019-05-11 03:27:21,28617.72106028,0.00001230,0.0000000008059907100000001,7614500,2019-05-11 03:27:21,btc,1.1514296857559423,0.0,0.00001230,btc,17291.79173314,0.01148716,0.0734695008650719,18
1,[],10,[],2019-05-11 03:27:23,166752.96343125,0.00001498,0.0000000009816049460000002,7614501,2019-05-11 03:27:23,btc,15.406785236427616,14079.021085,0.00001498,btc,9849.3591226,0.0,0.5184790277480401,18
1,[],12,[],2019-05-11 03:27:24,221068.85266448,0.00001113000000000000016338493058487557618718710727989673614501953125,0.0000000007293233010000001,7614502,2019-05-11 03:27:24,btc,33215.319665229625,0.0,0.00001113000000000000016338493058487557618718710727989673614501953125,btc,1194.72973553,0.0043310967707902,0.0139278737335964,18
0,[],2,[],2019-01-20 23:23:38,0.0,0,0,6476906,2019-01-20 23:23:38,,0.0,0.0,0,,0.0,0.0,0.0,18
0,[],17,[],2019-05-03 00:53:39,0.0,0,0,7558882,2019-05-03 00:53:39,btc,0.0,0.0,0,btc,0.0,0.0,0.0,18
1,[],3,[],2019-05-11 03:29:25,158677.72550976078,0.0000128900000000000002531481968492954592875321395695209503173828125,0.000000000844652053,7614503,2019-05-11 03:29:25,btc,0.25577276988182013,877.526669329,0.0000128900000000000002531481968492954592875321395695209503173828125,btc,7252.566877867577,0.0,0.051125138714571396,19
1,[],4,[],2019-05-11 03:29:26,424160.4240528,0.00001331,0.0000000008721736870000001,7614504,2019-05-11 03:29:26,btc,3.5697639984264256,0.0,0.00001331,btc,116343.83684173,0.24793644,0.7459080998941123,19
1,[],5,[],2019-05-11 03:29:27,0.0,0,0,7614505,2019-05-11 03:29:27,btc,0.0,0.00083156,0,btc,0.0,0.0,0.0,19
1,[],12,[],2019-05-11 03:29:28,211185.78747298,0.00001283000000000000082761054953639501263751299120485782623291015625,0.0000000008407203910000001,7614506,2019-05-11 03:29:28,btc,0.301942206796344,0.0,0.00001283000000000000082761054953639501263751299120485782623291015625,btc,3005.57901296,0.00089625,0.10225927999954121,19
1,[],27,[],2019-05-11 03:29:39,100.0,0.0000001,0.0000000000065527700000000006,7614507,2019-05-11 03:29:39,btc,0.0,0.0,0.0000001,btc,0.0,0.0,1e-05,19
0,[],2,[],2019-01-20 23:24:19,0.0,0,0,6476924,2019-01-20 23:24:19,,0.0,0.0,0,,0.0,0.0,0.0,19
1,[],4,[],2019-05-11 03:29:40,1834878.57391266,0.00000010,0.0000000000065527700000000006,7614508,2019-05-11 03:29:40,btc,5.279309685630553,0.0,0.00000010,btc,2279170.28595418,0.0,0.0608385352282092,20
1,[],4,[],2019-05-11 03:29:41,73341640.40551692,0.00000001,0.0000000000006552770000000001,7614509,2019-05-11 03:29:41,btc,39085.674299472004,0.0,0.00000001,btc,55034845.18986641,0.01573258,0.7334164040551692,21
1,[],12,[],2019-05-11 03:29:42,5214901.0,0.00000001,0.0000000000006552770000000001,7614510,2019-05-11 03:29:42,btc,2895.661719010819,0.0,0.00000001,btc,7235925.79820176,0.00011667,0.05214901,21
0,[],17,[],2019-05-03 00:53:51,0.0,0,0,7558891,2019-05-03 00:53:51,btc,0.0,0.0,0,btc,0.0,0.0,0.0,21
1,[],12,[],2019-05-11 03:31:43,8064671582.808,0.0000000005,0.000000000000032763850000000005,7614511,2019-05-11 03:31:43,btc,311121804027.5584,0.0,0.0000000005,btc,2530838961.061343,0.29160302581868136,1.9433546842040001,23
0.00000000026980210000000004,[],27,[],2019-05-11 03:31:51,4046823.0,2.698021e-18,1.7679511068170003e-22,7614512,2019-05-11 03:31:51,eth,184.184265300792,650649180.554554,0.00000001,eth,6764161.7384,3.510930305243581e-09,1.0918413437283001e-11,23
1,[],4,[],2019-05-11 03:31:52,815045.49946564,0.00000031,0.000000000020313587,7614513,2019-05-11 03:31:52,btc,14.017865325107184,0.0,0.00000031,btc,2099603.18928393,0.02330788,0.0641931659150942,24
1,[],22,[],2019-05-11 03:31:56,21.76,0.00000100,0.00000000006552770000000001,7614514,2019-05-11 03:31:56,BTC,7.415e-05,0.0,0.00000100,BTC,23.919354838709676,0.0,1.186e-05,24
0.0,[],25,[],2019-05-11 03:31:57,0.0,0,0,7614515,2019-05-11 03:31:57,,0.0,0.0,0.0,btc,0.0,0.0,0.0,24
1,[],4,[],2019-05-11 03:31:58,26984786.50373758,0.00000420,0.00000000027521634000000004,7614516,2019-05-11 03:31:58,btc,11.230370467034934,0.0,0.00000420,btc,332622.53162988,0.16026396,0.4802238550812767,26
1,[],10,[],2019-05-11 03:32:00,117434.90798543,0.00000852,0.0000000005582960040000001,7614517,2019-05-11 03:32:00,btc,25.848597180071554,3093.00320379,0.00000852,btc,20006.96842861,0.0,0.0667346359146426,26
0,[],2,[],2019-01-20 23:25:56,0.0,0,0,6476976,2019-01-20 23:25:56,,0.0,0.0,0,,0.0,0.0,0.0,26
1,[],11,[],2019-04-30 04:16:17,7094566.83690364,0.00000006,0.000000000003115554,7518027,2019-04-30 04:16:17,btc,67504.138725751,6116.07566417,0.00000006,btc,6591680.7351637,0.0,0.38529422037817224,27
1,[],5,[],2019-04-26 09:47:06,0.0,0,0,7465326,2019-04-26 09:47:06,btc,0.0,0.0,0,btc,0.0,0.0,0.0,27
1,[],3,[],2019-04-28 02:38:55,141621.60361514,0.00000001,0.0000000000005253330000000001,7491060,2019-04-28 02:38:55,btc,2.501704004580372,921815.184511,0.00000001,btc,21091882.2176418,0.0,0.0014162160361513999,27
1,[],4,[],2019-05-11 03:32:00,1537458982.8668315,0.00000001,0.0000000000006552770000000001,7614518,2019-05-11 03:32:00,btc,5.759506462193342,0.0,0.00000001,"btc,ltc",308258723.3475055,0.1800579,10.075618036218057,29
1,[],7,[],2019-05-11 03:32:02,113385941.7229273,0.00000001,0.0000000000006552770000000001,7614519,2019-05-11 03:32:02,btc,46550610.70901418,944251.965755,0.00000001,btc,41383141.98223932,0.01888504,1.133859417229273,29
1,[],4,[],2019-05-11 03:32:03,1582905.05000815,0.00000012,0.000000000007863324,7614520,2019-05-11 03:32:03,btc,2.85857388632197,0.0,0.00000012,btc,2545706.86847338,0.0,0.0402182239522799,30
0,[],17,[],2019-05-03 01:11:25,0.0,0,0,7559066,2019-05-03 01:11:25,btc,0.0,0.0,0,btc,0.0,0.0,0.0,30
1,[],4,[],2019-05-11 03:34:04,249662.53338017,0.00005218,0.0000000034192353860000004,7614521,2019-05-11 03:34:04,btc,6.1306645001026725,0.0,0.00005218,btc,59264.21641615,0.53174745,0.7601130482734304,31
1,[],21,[],2019-05-11 03:34:06,64423.72358264,0.00005410000000000000041060904676,0.0000000035450485700000003,7614522,2019-05-11 03:34:06,btc,4.418842781706858,186318.63410911,0.000054100000000000000410609046763710239247302524745464324951171875,btc,72293.08688693,9.98834959,3.1021898450974246,31
0,[],2,[],2019-01-20 23:28:43,0.0,0,0,6477009,2019-01-20 23:28:43,,0.0,0.0,0,,0.0,0.0,0.0,32
0,[],4,[],2019-05-11 03:34:07,0.0,0,0,7614523,2019-05-11 03:34:07,,0.0,0.0,0,,0.0,0.0,0.0,33
1,[],12,[],2019-03-30 07:55:10,40641173.964,0.00000003,0.000000000001228359,7108785,2019-03-30 07:55:10,btc,4233210.82356125,0.0,0.00000003,btc,28378394.68333462,0.0126927883965248,0.90752895892,33
1,[],4,[],2019-05-11 03:34:09,1405594.43229,0.00000001,0.0000000000006552770000000001,7614524,2019-05-11 03:34:09,btc,3.9061700136773063,0.0,0.00000001,btc,153864824.03281787,0.00097742,0.0140559443229,34
1,[],5,[],2019-05-11 03:34:10,0.0,0,0,7614525,2019-05-11 03:34:10,btc,0.0,0.00453286,0,btc,0.0,0.0,0.0,34
0.000000000133684,[],4,[],2019-05-02 18:17:45,3384239970.6360936,1.3368400000000002e-18,7.293946092400001e-23,7556428,2019-05-02 18:17:45,ltc,5.381102735485169e-08,0.0,0.00000001,ltc,6862894551.7408495,0.0,4.524187362345155e-09,36
1,[],5,[],2019-05-02 18:17:46,0.0,0,0,7556429,2019-05-02 18:17:46,btc,0.0,0.0,0,btc,0.0,0.0,0.0,36
0.0000000002926451,[],17,[],2019-05-02 18:17:47,200000.0,2.9264510000000002e-18,1.596703856561e-22,7556430,2019-05-02 18:17:47,eth,0.20942468735267253,0.0,0.00000001,"btc,eth",1018272.20243647,0.0,5.852902e-13,36
0.000000000133684,[],27,[],2019-05-02 18:17:55,7883196.008,1.3368400000000002e-18,7.293946092400001e-23,7556431,2019-05-02 18:17:55,ltc,25567.4086131264,0.0,0.00000001,"ltc,eth",21753551.64,0.0,1.0538571751334722e-11,36
1,[],4,[],2019-05-11 03:34:11,259926.67951792,0.00000022,0.000000000014416094000000001,7614526,2019-05-11 03:34:11,btc,19772.871050589303,0.0,0.00000022,btc,951129.85711037,0.01582856,0.0192130845835567,37
1,[],12,[],2019-05-11 03:34:11,1180864.09523808,0.00000022,0.000000000014416094000000003,7614527,2019-05-11 03:34:11,btc,19604.353115103793,0.0,0.00000022,btc,463583.48273094,0.0216247133388199,0.11967999999999679,37
1,[],27,[],2019-05-11 03:36:23,1600.0,0.00000015,0.000000000009829155000000002,7614528,2019-05-11 03:36:23,btc,24.12824334291843,0.0,0.00000015,btc,5839.49448498,0.0,3e-05,37
1,[],17,[],2019-05-03 01:11:36,211752.74075282,0.00000025,0.000000000013700074999999998,7559074,2019-05-03 01:11:36,btc,0.055484923955058496,0.0,0.00000025,"btc,eth",1387.19918473,0.0,0.0005381851887916605,37
1,[],5,[],2019-05-11 03:36:24,0.0,0,0,7614529,2019-05-11 03:36:24,btc,0.0,0.04991907,0,btc,0.0,0.0,0.0,42
1,[],12,[],2019-05-11 03:36:26,366334.57667955,0.00000253999999999999982153273299367857163133521680720150470733642578125,0.000000000166440358,7614530,2019-05-11 03:36:26,btc,2227595.2738718344,0.0,0.00000253999999999999982153273299367857163133521680720150470733642578125,btc,86212.953198,0.4835523820700959,0.0918090327920922,42
1,[],27,[],2019-05-11 03:36:39,506.0,0.00000002,0.0000000000013105540000000002,7614531,2019-05-11 03:36:39,btc,1.26188489793465,0.0,0.00000002,"btc,eth",1317.3275157,0.0,3.000000419704147e-06,42
1,[],12,[],2019-03-13 09:13:29,1112112.0,0.00000001,0.000000000000386531,6919902,2019-03-13 09:13:29,btc,29058.00478931866,0.0,0.00000001,btc,5967681.93306694,9.99000999e-07,0.01112112,43
1,[],5,[],2019-04-26 22:38:52,0.0,0,0,7474154,2019-04-26 22:38:52,btc,0.0,0.02638891,0,btc,0.0,0.0,0.0,43
0,[],17,[],2019-04-26 22:38:53,0.0,0,0,7474155,2019-04-26 22:38:53,btc,0.0,0.0,0,btc,0.0,0.0,0.0,43
1,[],12,[],2019-03-05 01:54:08,639326.02,0.00000004,0.000000000001486676,6845775,2019-03-05 01:54:08,btc,11116042.728239931,0.0,0.00000004,btc,1103841.4595604,0.0003330765234764,0.014975410599999999,44
1,[],4,[],2019-05-11 03:36:40,130224425.31668,0.00000001,0.0000000000006552770000000001,7614532,2019-05-11 03:36:40,btc,436.82523408774284,0.0,0.00000001,"btc,ltc",23049031.09584506,0.0052881,0.2737589827869355,49
0.0000000001204598,[],4,[],2019-05-11 03:36:42,72743777.29167482,8.432185999999999e-17,5.5254175455220006e-21,7614533,2019-05-11 03:36:42,ltc,21614.499565961425,0.0,0.0000007,ltc,100752330.80463332,0.06314808,1.6922651220313035e-09,52
0,[],22,[],2019-05-11 03:36:44,0.0,0,0,7614534,2019-05-11 03:36:44,,10289.62709543,0.0,0,,309505736.4566013,0.0,0.0,57
0,[],27,[],2019-05-11 03:36:57,0.0,0,0,7614535,2019-05-11 03:36:57,,0.0,0.0,0,"btc,eth",0.0,0.0,0.0,57
0.0000000001204598,[],4,[],2019-05-11 03:36:58,1050879965.9406304,1.204598e-18,7.893453636460001e-23,7614536,2019-05-11 03:36:58,ltc,19.110261715561574,0.0,0.00000001,ltc,6037091606.651433,0.0,1.2658879052121515e-09,58
1,[],12,[],2019-05-11 03:36:59,1557511337.0,0.0000000001,0.000000000000006552770000000001,7614537,2019-05-11 03:36:59,btc,11897162.86679683,0.0,0.0000000001,btc,4378732702.123885,0.021622008195502695,0.15575113370000002,58
0.0000000001055443,[],22,[],2019-05-11 03:39:02,137323.0,1.055443e-18,6.91607522711e-23,7614538,2019-05-11 03:39:02,XMR,69.17947824,0.0,0.00000001,XMR,9887848.044444444,0.0,0.00137323,58
1,[],17,[],2019-05-03 01:12:09,1200000.0,0.0000000001,0.00000000000000548003,7559085,2019-05-03 01:12:09,btc,1e+24,0.0,0.0000000001,"btc,eth",39516342.31952568,0.0,0.00010000000058666061,58
1,[],5,[],2019-05-11 03:39:04,0.0,0,0,7614539,2019-05-11 03:39:04,btc,0.0,0.0166534,0,btc,0.0,0.0,0.0,61
1,[],22,[],2019-05-11 03:39:06,13613.833333333334,0.00000012,0.000000000007863324,7614540,2019-05-11 03:39:06,BTC,1002.29626883,0.0,0.00000012,BTC,15392.180177125656,0.0,0.00153269,61
1,[],26,[],2019-05-11 03:39:06,0.0,0.00000050,0.000000000032763850000000004,7614541,2019-05-11 03:39:06,btc,0.0,0.0,0.00000050,btc,0.0,0.0,0.0,61
0.00000000026980210000000004,[],27,[],2019-05-11 03:39:15,100000.0,2.698021e-18,1.7679511068170003e-22,7614542,2019-05-11 03:39:15,eth,1.9482732497246655,0.0,0.00000001,"btc,eth",13266.51663696,0.0,2.698021e-13,61
1,[],28,[],2019-05-11 03:39:50,1039.304,0.00000008,0.000000000005242216000000001,7614543,2019-05-11 03:39:50,btc,2.056501795415105,833.0,0.00000008,btc,10022.46650005,0.0,2.439304e-05,61
1,[],4,[],2019-05-11 03:39:51,1198937.21806548,0.00000096,0.000000000062906592,7614544,2019-05-11 03:39:51,btc,2.193858327032645,0.0,0.00000096,btc,721986.21433165,0.0652315,0.7777024647457088,67
0.0,[],25,[],2019-05-11 03:39:53,0.0,0,0,7614545,2019-05-11 03:39:53,,0.0,0.0,0.0,btc,0.0,0.0,0.0,67
1,[],12,[],2019-05-11 03:39:53,1435819.0,0.00000011,0.000000000007208047000000001,7614546,2019-05-11 03:39:53,btc,55556353.35962949,0.0,0.00000011,btc,1526508.45756681,0.0001520323276725,0.021607170000000002,71
,[],5,[],2018-11-20 23:02:39,1.5e-07,0.00000005,0.000000000002128045,4862160,2018-11-20 23:02:39,btc,2.84511358,0.0,,btc,0.00036572,0.0,0.07381892,74
1,[],5,[],2019-05-11 03:39:55,0.0,0,0,7614547,2019-05-11 03:39:55,btc,0.0,0.00346865,0,btc,0.0,0.0,0.0,75
1,[],4,[],2019-05-11 03:39:56,58543.099,0.00000001,0.0000000000006552770000000001,7614548,2019-05-11 03:39:56,btc,133650.8149829686,0.0,0.00000001,btc,35130061.32523591,0.0002,0.00058543099,81
0,[],20,[],2019-01-25 09:30:31,0.0,0,0,6495923,2019-01-25 09:30:31,btc,0.0,0.0,0,btc,0.0,0.0,0.0,81
1,[],4,[],2019-05-11 03:39:58,29530.94613034,0.00006791,0.000000004449986107,7614549,2019-05-11 03:39:58,btc,18.565752554651553,0.0,0.00006791,btc,25638.62255427,0.12415733,0.4369327553908997,82
1,[],21,[],2019-05-11 03:39:59,244777.01598442,0.00006452999999999999372352760263,0.000000004228502481,7614550,2019-05-11 03:39:59,btc,2.8257100750835162,11146.93484579,0.000064529999999999993723527602629275179424439556896686553955078125,btc,36465.05980362,0.73957198,1.1981237185235107,82
0,[],17,[],2019-03-25 22:42:34,0.0,0,0,7038780,2019-03-25 22:42:34,btc,0.0445064681804024,0.0,0,btc,995513.18476001,0.0,0.0,84
0.00000000013644,[],4,[],2019-05-01 19:17:39,299701867.376,1.3644e-18,7.259508504e-23,7542161,2019-05-01 19:17:39,ltc,1.6769037726995486,0.0,0.00000001,ltc,427823536.87452894,0.00010978,4.089132278478144e-10,85
,[],22,[],2018-11-20 23:09:34,3408.1,0.0000001,0.0000000000041895,4862324,2018-11-20 23:09:34,BTC,0.04624735,0.0,,BTC,4990.0,0.0,0.00033081,86
1,[],22,[],2019-05-11 03:40:04,89999.0,0.00000001,0.0000000000006552770000000001,7614551,2019-05-11 03:40:04,BTC,3.66432991,0.0,0.00000001,BTC,332904.29736842104,0.0,0.00089999,87
1,[],27,[],2019-05-11 03:40:16,10674.0,0.00000001,0.0000000000006552770000000001,7614552,2019-05-11 03:40:16,btc,4.960708560736,0.0,0.00000001,btc,10217.62841,0.0,0.00010674,87
,[],2,[],2018-11-20 23:10:47,0.0,0,0,4862359,2018-11-20 23:10:47,,0.0,0.0,,,0.0,0.0,0.0,88
1,[],11,[],2019-05-11 03:40:18,81215.09818133,0.00014599999999999999805190553647804563297540880739688873291015625,0.000000009567044200000001,7614553,2019-05-11 03:40:18,btc,176.10844935491508,615.7,0.00014599999999999999805190553647804563297540880739688873291015625,btc,185543.90583655,0.0,4.877766148848206,89
0,[],2,[],2019-01-20 23:31:45,0.0,0,0,6477083,2019-01-20 23:31:45,,0.0,0.0,0,,0.0,0.0,0.0,91
1,[],12,[],2019-05-11 03:40:19,376777.52,0.00000039,0.000000000025555803000000004,7614554,2019-05-11 03:40:19,btc,89.7218705211877,0.0,0.00000039,btc,181660.31983855,0.0173701367872797,0.025545495300000002,91
1,[],22,[],2019-05-11 03:42:22,76014.0,0.0000008,0.000000000052422160000000004,7614555,2019-05-11 03:42:22,BTC,0.1,0.0,0.0000008,"BTC,LTC",1.0,0.0,0.0017135,91
0,[],17,[],2019-05-03 01:12:26,0.0,0,0,7559096,2019-05-03 01:12:26,btc,0.0,0.0,0,btc,0.0,0.0,0.0,91
1,[],22,[],2019-04-09 20:17:52,374949.73333333334,0.00000015,0.000000000007771935,7235704,2019-04-09 20:17:52,BTC,6.87372503,0.0,0.00000015,"BTC,LTC",159980.01196797504,1.1e-05,0.80510266,95
0.0000000001204598,[],4,[],2019-05-11 03:42:23,548519687.1269277,7.9503468e-17,5.2096794000636e-21,7614556,2019-05-11 03:42:23,ltc,11.29129402862243,0.0,0.00000066,ltc,134089250.52415916,0.0,1.373840364081839e-09,96
0,[],12,[],2019-05-11 03:42:24,0.0,0,0,7614557,2019-05-11 03:42:24,btc,25054.270770604115,0.0,0,btc,7546941.23081917,0.0,0.0,96
0,[],17,[],2019-05-03 01:12:32,0.0,0,0,7559100,2019-05-03 01:12:32,btc,0.0,0.0,0,btc,0.0,0.0,0.0,96
1,[],4,[],2019-04-14 03:32:46,1039404.33283278,0.00000038,0.000000000019245518,7293458,2019-04-14 03:32:46,btc,4.170086055365747,0.0,0.00000038,btc,3097704.34561074,0.06260606,0.1859928211030784,99
1,[],4,[],2019-05-11 03:44:25,362887.07459247,0.00003266,0.000000002140134682,7614558,2019-05-11 03:44:25,btc,7.125599979628184,0.0,0.00003266,btc,123774.46170389,0.34248308,0.3877713356209133,100
0,[],2,[],2019-01-20 23:23:55,0.0,0,0,6476914,2019-01-20 23:23:55,,0.0,0.0,0,,0.0,0.0,0.0,100
1,[],22,[],2019-05-11 03:44:28,130000.0,0.00000001,0.0000000000006552770000000001,7614559,2019-05-11 03:44:28,BTC,24.83526409,0.0,0.00000001,BTC,11187.719,0.0,0.0013,101
1,[],4,[],2019-05-11 03:44:29,693322.9575712,0.00000633,0.00000000041479034100000003,7614560,2019-05-11 03:44:29,btc,254.7527418377237,0.0,0.00000633,btc,386492.48294093,0.21032513,1.1362869958737032,103
1,[],12,[],2019-05-11 03:44:31,116005270.51292,0.000000005,0.00000000000032763850000000005,7614561,2019-05-11 03:44:31,btc,468525182.28625166,0.0,0.000000005,btc,99877600.98827168,0.05228037978502735,0.23564505271276,105
0,[],27,[],2019-05-11 03:44:41,0.0,0,0,7614562,2019-05-11 03:44:41,,0.0584885651331397,0.0,0,btc,600596.63747933,0.0,0.0,105
1,[],22,[],2019-04-21 00:17:26,21333.0,0.00000001,0.000000000000532493,7385819,2019-04-21 00:17:26,BTC,51.38182867,0.0,0.00000001,BTC,470435.0,0.0,0.00021333,107
1,[],26,[],2019-04-21 00:17:26,0.0,0.00000000,0,7385820,2019-04-21 00:17:26,btc,0.0,0.0,0.00000000,btc,0.0,0.0,0.0,107
1,[],5,[],2019-05-11 03:44:43,0.0,0,0,7614563,2019-05-11 03:44:43,btc,0.0,0.0,0,btc,0.0,0.0,0.0,112
0,[],22,[],2019-05-11 03:44:46,0.0,0,0,7614564,2019-05-11 03:44:46,,2.79003697,0.0,0,,1380942.0833333333,0.0,0.0,112
1,[],27,[],2019-05-11 03:44:57,1.0,0.00000001,0.0000000000006552770000000001,7614565,2019-05-11 03:44:57,btc,1.25032588,0.0,0.00000001,"btc,eth",1819.0,0.0,1e-08,112
1,[],4,[],2019-05-11 03:44:57,340961.58466599,0.00000153,0.000000000100257381,7614566,2019-05-11 03:44:57,btc,4.7806126226682295,0.0,0.00000153,btc,517633.75667857,0.00597831,0.2098288401894359,113
1,[],5,[],2019-05-11 03:44:59,0.0,0,0,7614567,2019-05-11 03:44:59,btc,0.0,0.00643307,0,btc,0.0,0.0,0.0,113
1,[],17,[],2019-04-26 02:17:47,162738.278,0.00000004,0.0000000000021069000000000002,7461287,2019-04-26 02:17:47,btc,1.3331140273775473,0.0,0.00000004,btc,51796.221,0.0,0.00230953112,116
0,[],27,[],2019-04-26 02:19:51,0.0,0,0,7461288,2019-04-26 02:19:51,,0.0,0.0,0,,0.0,0.0,0.0,116
1,[],4,[],2019-05-07 20:09:28,131822.85721655,0.00001022,0.00000000060230548,7572994,2019-05-07 20:09:28,btc,132.18460413545117,0.0,0.00001022,btc,268070.13193351,0.06918336,1.0489745103085106,120
1,[],7,[],2019-05-07 20:09:30,9501.79941055,0.000011699999999999999788190263583231853772304020822048187255859375,0.0000000006895277999999999,7572995,2019-05-07 20:09:30,btc,231185.88817567716,62.23644451,0.000011699999999999999788190263583231853772304020822048187255859375,btc,4076.97424313,0.00072692,0.018013380795019,120
1,[],20,[],2019-04-07 18:42:29,1914137.0852,0.000000035,0.0000000000017871910000000002,7211992,2019-04-07 18:42:29,btc,32.2497668025648,25528.85,0.000000035,btc,1001975.4986,0.00089350975,0.0152723574729,125
1,[],22,[],2019-05-11 03:45:05,10000.0,0.00000001,0.0000000000006552770000000001,7614568,2019-05-11 03:45:05,BTC,0.032061,0.0,0.00000001,BTC,299316.7611111111,0.0,0.0001,126
1,[],4,[],2019-05-11 03:45:06,1856207.01769485,0.00000701,0.00000000045934917700000006,7614569,2019-05-11 03:45:06,btc,3.365209621734018,0.0,0.00000701,btc,172673.17527515,0.06977423,0.3706567604861368,131
0,[],2,[],2019-01-20 23:25:46,0.0,0,0,6476969,2019-01-20 23:25:46,,0.0,0.0,0,,0.0,0.0,0.0,131
1,[],17,[],2019-05-03 01:13:10,10000.0,0.00000001,0.000000000000548003,7559115,2019-05-03 01:13:10,btc,0.0953976503951408,0.0,0.00000001,btc,5037.62507334,0.0,0.0001,131
1,[],4,[],2019-05-11 03:47:07,4712.65308407,0.00010321,0.000000006763113917000001,7614570,2019-05-11 03:47:07,btc,6.01183420682914,0.0,0.00010321,btc,195.61424306,0.0005214,0.0073717379542143,135
1,[],3,[],2019-05-11 03:47:08,72000.0,0.00000001,0.0000000000006552770000000001,7614571,2019-05-11 03:47:08,btc,0.2050087670486088,728604.5,0.00000001,btc,1779619.68412391,0.0,0.00072,136
1,[],4,[],2019-05-11 03:47:09,2367974.69976896,0.00000211,0.000000000138263447,7614572,2019-05-11 03:47:09,btc,318.09854884579005,0.0,0.00000211,btc,508055.78911587,0.20353865,0.6117012935783864,137
1,[],12,[],2019-05-11 03:47:10,328815.85780322,0.0000019499999999999999646983772638719756287173368036746978759765625,0.000000000127779015,7614573,2019-05-11 03:47:10,btc,48531.24229473048,0.0,0.0000019499999999999999646983772638719756287173368036746978759765625,btc,41726.63478567,0.0047238382217779,0.0316564657271404,137
1,[],4,[],2019-05-11 03:47:11,60614.90604855,0.00003023,0.0000000019809023710000002,7614574,2019-05-11 03:47:11,btc,5.188137004584042,0.0,0.00003023,btc,72752.52321194,0.6592363,0.3648843505339177,142
1,[],5,[],2019-05-11 03:47:12,0.0,0,0,7614575,2019-05-11 03:47:12,btc,0.0,0.3479148,0,btc,0.0,0.0,0.0,142
1,[],20,[],2019-05-11 03:49:14,163062.4781,0.00003251,0.0000000021303055270000004,7614576,2019-05-11 03:49:14,btc,1.7181156159633,119.89,0.00003251,btc,8431.3299,0.003929761852,0.059251008087,142
1,[],22,[],2019-05-11 03:49:19,1370.0,0.00000200,0.00000000013105540000000002,7614577,2019-05-11 03:49:19,BTC,3.2756588,0.0,0.00000200,BTC,1135.5948275773155,0.0,0.0003632,142
0.0,[],25,[],2019-05-11 03:49:21,0.0,0,0,7614578,2019-05-11 03:49:21,,0.0,0.0,0.0,btc,0.0,0.0,0.0,142
0,[],28,[],2019-05-11 03:51:23,0.0,0,0,7614579,2019-05-11 03:51:23,,0.0,0.0,0,,0.0,0.0,0.0,142
1,[],17,[],2019-05-03 01:13:16,32967.38636364,0.00000088,0.000000000048224264,7559122,2019-05-03 01:13:16,btc,20.06976206696776,0.0,0.00000088,btc,2746.079105,0.0,0.0105613000000032,142
0,[],22,[],2019-05-11 03:51:26,0.0,0,0,7614580,2019-05-11 03:51:26,,64.16505383,0.0,0,,688775795.8,0.0,0.0,143
0,[],22,[],2019-02-25 15:42:22,0.0,0,0,6783783,2019-02-25 15:42:22,,4.2131946,0.0,0,,2322156.0,0.0,0.0,146
,[],22,[],2018-11-20 23:01:11,0.0,0,0,4862114,2018-11-20 23:01:11,,2.56807021,0.0,,,61828.4988236,0.0,0.0,147
1,[],12,[],2019-04-21 06:38:04,193091.5971266,0.00000071,0.000000000037635183,7388679,2019-04-21 06:38:04,btc,2.301232411611175,0.0,0.00000071,btc,9957.48302385,0.00023528,0.0313308199999888,148
1,[],4,[],2019-03-19 21:31:25,255810.0415942,0.00000029,0.000000000011615747,6982695,2019-03-19 21:31:25,btc,218.94922712414143,0.0,0.00000029,btc,793529.37642722,0.00117,0.0608347789473395,152
0,[],22,[],2019-03-19 21:31:27,0.0,0,0,6982696,2019-03-19 21:31:27,,0.0,0.0,0,,0.0,0.0,0.0,152
1,[],5,[],2019-04-26 09:36:59,0.0,0,0,7465040,2019-04-26 09:36:59,btc,0.0,0.0,0,btc,0.0,0.0,0.0,153
,[],16,[],2019-01-11 15:38:59,0.0,0,0,6366141,2019-01-11 15:38:59,btc,0.0,0.0,,btc,0.0,0.0,0.0,155
0,[],22,[],2019-05-11 03:51:29,0.0,0,0,7614581,2019-05-11 03:51:29,,6.80191271,0.0,0,,4673448.342592592,0.0,0.0,156
0,[],23,[],2019-01-20 23:24:29,0.0,0,0,6476932,2019-01-20 23:24:29,,0.0,0.0,0,,0.0,0.0,0.0,156
1,[],22,[],2019-05-11 03:51:32,7066.0,0.00000800,0.0000000005242216000000001,7614582,2019-05-11 03:51:32,BTC,1.79802465,0.0,0.00000800,BTC,802.6461988741639,0.0,0.00062996,157
0,[],22,[],2019-05-07 22:25:46,0.0,0,0,7574238,2019-05-07 22:25:46,,50234.60468402,0.0,0,,54786159.03179465,0.0,0.0,158
,[],17,[],2018-11-20 22:56:10,0.0,0,0,4861976,2018-11-20 22:56:10,btc,1.1265625,0.0,,btc,1000.0,0.0,0.0,159
,[],20,[],2018-11-20 22:56:12,0.0,0,0,4861977,2018-11-20 22:56:12,btc,11912.7940471,0.0,,btc,34413894.3617,0.0,0.0,159
1,[],12,[],2019-05-11 03:51:33,266101.53913556,0.0000039899999999999999147361727513949603007858968339860439300537109375,0.00000000026145552300000003,7614583,2019-05-11 03:51:33,btc,23.175175098093217,0.0,0.0000039899999999999999147361727513949603007858968339860439300537109375,btc,12626.91716398,0.0003919986,0.0496958141999104,168
1,[],17,[],2019-05-03 01:13:36,42852.0,0.00000002,0.000000000001096006,7559132,2019-05-03 01:13:36,btc,0.04279856251542,0.0,0.00000002,btc,274.46171372,0.0,0.00052852,168
1,[],22,[],2019-05-07 03:57:18,743122.0,0.00000001,0.000000000000593596,7562020,2019-05-07 03:57:18,BTC,41.40912107,0.0,0.00000001,BTC,1593401.2737547632,0.00342649,0.00743122,169
1,[],22,[],2019-05-11 03:53:36,285590.5,0.00000002,0.0000000000013105540000000002,7614584,2019-05-11 03:53:36,BTC,26.85761644,0.0,0.00000002,BTC,425301.2805490906,0.00217,0.00377281,171
1,[],22,[],2019-05-11 03:53:40,645361.2,0.0000001,0.0000000000065527700000000006,7614585,2019-05-11 03:53:40,BTC,823.67561285,0.0,0.0000001,"BTC,LTC",700403.0955168159,5.62e-05,0.01357615,173
1,[],5,[],2019-05-06 19:49:32,0.0,0,0,7559281,2019-05-06 19:49:32,btc,0.0,0.00023336,0,btc,0.0,0.0,0.0,175
1,[],22,[],2019-05-11 03:53:44,90671.0,0.00000001,0.0000000000006552770000000001,7614586,2019-05-11 03:53:44,BTC,394.35459412,0.0,0.00000001,BTC,136275.61833431243,0.0,0.00090671,176
1,[],7,[],2019-05-11 03:53:45,0.0,0,0,7614587,2019-05-11 03:53:45,btc,520274.83748277003,15475.5244755,0,btc,27463637.45292212,0.00015476,0.0,178
0,[],22,[],2019-05-11 03:53:47,0.0,0,0,7614588,2019-05-11 03:53:47,,1.00242428,0.0,0,,57512.0,0.0,0.0,178
0,[],2,[],2019-01-20 23:28:34,0.0,0,0,6477001,2019-01-20 23:28:34,,0.0,0.0,0,,0.0,0.0,0.0,178
1,[],5,[],2019-05-11 03:53:51,0.0,0,0,7614589,2019-05-11 03:53:51,btc,0.0,0.08938247,0,btc,0.0,0.0,0.0,179
1,[],22,[],2019-05-11 03:53:54,3008389.0,0.00000001,0.0000000000006552770000000001,7614590,2019-05-11 03:53:54,BTC,5.33521088,0.0,0.00000001,BTC,14153230.911946677,6.3e-07,0.03008389,179
0,[],23,[],2019-01-20 23:25:08,0.0,0,0,6476952,2019-01-20 23:25:08,,0.0,0.0,0,,0.0,0.0,0.0,179
1,[],22,[],2019-05-11 03:55:58,655830.9424768925,0.00000150,0.00000000009829155000000001,7614591,2019-05-11 03:55:58,BTC,39.25893065,0.0,0.00000150,"BTC,LTC",41137.45032377876,0.06387631,0.5760478,180
1,[],26,[],2019-05-11 03:55:58,0.0,0.00000010,0.0000000000065527700000000006,7614592,2019-05-11 03:55:58,btc,0.0,1100.0,0.00000010,btc,0.0,0.0,0.0,180
1,[],17,[],2019-05-03 01:13:56,20504.725000000002,0.0000001,0.00000000000548003,7559141,2019-05-03 01:13:56,btc,5.2010695838400265,0.0,0.0000001,btc,5033.45945,0.0,0.0011504725,180
,[],7,[],2018-11-20 22:58:01,562227.975654,0.00000085,0.000000000036176765,4862015,2018-11-20 22:58:01,btc,21836.6059674,2491.87645172,,btc,749999.041456,0.00211021,0.127565380455,183
,[],5,[],2019-01-10 08:11:41,0.0,0,0,6347036,2019-01-10 08:11:41,btc,82.15055501,0.00261,,btc,1.19002445,0.0,0.0,187
1,[],24,[],2019-04-30 17:34:05,0.0,0.000000000014,7.396256000000001e-16,7526291,2019-04-30 17:34:05,btc,0.0,0.0,0.000000000014,btc,0.0,0.0,0.0,187
,[],17,[],2018-11-16 20:58:10,4062536.27273,0.00000001,0.000000000000550501,4708775,2018-11-16 20:58:10,btc,3.36492563466,0.195460381006,,"btc,eth",110697919.549,0.0,0.0157628953496,187
0,[],22,[],2019-04-25 02:54:07,0.0,0,0,7447896,2019-04-25 02:54:07,,7.54794454,0.0,0,,76361.7243344055,0.0,0.0,191
0,[],22,[],2019-05-11 03:56:03,0.0,0,0,7614593,2019-05-11 03:56:03,,0.0,0.0,0,,0.0,0.0,0.0,197
0,[],23,[],2019-01-20 23:31:41,0.0,0,0,6477079,2019-01-20 23:31:41,,0.0,0.0,0,,0.0,0.0,0.0,199
0.0000000001204598,[],22,[],2019-05-11 03:56:06,54733331.0,2.409196e-18,1.5786907272920002e-22,7614594,2019-05-11 03:56:06,LTC,7.64520347,0.0,0.00000002,LTC,35259414.0,0.0,0.64066281,199
1,[],26,[],2019-05-11 03:56:06,0.0,0.00000000,0,7614595,2019-05-11 03:56:06,btc,0.0,0.0,0.00000000,btc,0.0,0.0,0.0,199
0,[],2,[],2019-01-20 23:30:49,0.0,0,0,6477059,2019-01-20 23:30:49,,0.0,0.0,0,,0.0,0.0,0.0,201
1,[],4,[],2019-01-25 15:51:35,2084389.58565343,0.00000936,0.000000000333526752,6499557,2019-01-25 15:51:35,btc,2.0092503037378524,0.0,0.00000936,btc,160195.80207885,0.19272417,1.242687955921835,211
1,[],7,[],2019-05-11 03:56:10,14107293.55677869,0.00000088,0.00000000005766437600000001,7614596,2019-05-11 03:56:10,btc,15200783.0700039,77363.9198716,0.00000088,btc,13049972.90347905,0.0,1.4336413962340004,212
1,[],5,[],2019-05-07 13:02:51,0.0,0,0,7566706,2019-05-07 13:02:51,btc,0.0,0.43032184,0,btc,0.0,0.0,0.0,213
1,[],24,[],2019-05-07 13:02:52,0.0,0.000000050000,0.000000000002968865,7566707,2019-05-07 13:02:52,btc,0.0,0.0,0.000000050000,btc,0.0,0.0,0.0,213
1,[],26,[],2019-05-07 13:02:52,0.0,0.00000040,0.00000000002375092,7566708,2019-05-07 13:02:52,btc,0.0,0.0,0.00000040,btc,0.0,0.0,0.0,213
1,[],12,[],2019-01-25 02:44:32,207462.42853209,0.000001080000000000000035831255497387193287295303889550268650054931640625,0.000000000038610756000000006,6493050,2019-01-25 02:44:32,btc,85023.03793723314,0.0,0.000001080000000000000035831255497387193287295303889550268650054931640625,btc,43675.73520027,0.000146250909087,0.0348620860622024,213
0,[],22,[],2019-05-11 03:56:12,0.0,0,0,7614597,2019-05-11 03:56:12,,9.58164616,0.0,0,,2460817.094064925,0.0,0.0,216
1,[],27,[],2019-05-11 03:56:32,1515.0,0.00000001,0.0000000000006552770000000001,7614598,2019-05-11 03:56:32,btc,62.72156571123932,11116.0,0.00000001,"btc,ltc",223691.337308,0.00011116,1.515e-05,216
1,[],22,[],2019-05-11 03:56:35,301991.5301659125,0.00000078,0.000000000051111606,7614599,2019-05-11 03:56:35,BTC,12054.92596868,0.0,0.00000078,BTC,423440.39984023926,0.00790045,0.03576722,217
1,[],7,[],2019-05-11 03:56:36,0.0,0,0,7614600,2019-05-11 03:56:36,btc,111302.55947335159,0.0,0,btc,136862970.83745575,0.0,0.0,219
0,[],27,[],2019-05-11 03:56:45,0.0,0,0,7614601,2019-05-11 03:56:45,,0.05960067,0.0,0,btc,1692528.0,0.0,0.0,219
0,[],28,[],2019-05-11 03:56:47,0.0,0,0,7614602,2019-05-11 03:56:47,,0.0,0.0,0,,0.0,0.0,0.0,219
1,[],22,[],2019-05-11 03:56:50,381170.0,0.00000004,0.0000000000026211080000000004,7614603,2019-05-11 03:56:50,BTC,56.7649867,0.0,0.00000004,BTC,131552.84827387411,0.0,0.0123008,221
1,[],24,[],2019-05-11 03:56:50,0.0,0.000000010000,0.0000000000006552770000000001,7614604,2019-05-11 03:56:50,btc,0.0,0.0,0.000000010000,btc,0.0,0.0,0.0,221
1,[],20,[],2019-05-11 03:56:52,16694576.8041,0.00000001,0.0000000000006552770000000001,7614605,2019-05-11 03:56:52,btc,100091.58060430073,692422.9698,0.00000001,btc,24591557.518,0.0085599897759,0.0943431130262,224
0,[],22,[],2019-05-11 03:56:55,0.0,0,0,7614606,2019-05-11 03:56:55,,0.0,0.0,0,,0.0,0.0,0.0,224
1,[],26,[],2019-05-11 03:56:56,0.0,0.00000026,0.000000000017037202,7614607,2019-05-11 03:56:56,btc,0.0,0.0,0.00000026,btc,0.0,0.0,0.0,231
1,[],26,[],2019-05-11 03:56:56,0.0,0.00000005,0.0000000000032763850000000003,7614608,2019-05-11 03:56:56,btc,0.0,200.0,0.00000005,btc,0.0,0.0,0.0,234
0,[],27,[],2019-05-11 03:57:09,0.0,0,0,7614609,2019-05-11 03:57:09,,0.01134836604,0.0,0,"btc,eth",11462.996,0.0,0.0,234
1,[],4,[],2019-04-29 21:02:20,217188.93193785,0.00000080,0.00000000004151584,7514327,2019-04-29 21:02:20,btc,5.239800103892936,0.0,0.00000080,btc,797346.30008933,0.0,0.0590549781555679,236
1,[],24,[],2019-04-29 21:02:20,0.0,0.000000100000,0.00000000000518948,7514328,2019-04-29 21:02:20,btc,0.0,0.0,0.000000100000,btc,0.0,0.0,0.0,236
1,[],5,[],2019-05-06 20:53:15,0.0,0,0,7559637,2019-05-06 20:53:15,btc,0.0,0.20253514,0,btc,0.0,0.0,0.0,237
1,[],20,[],2019-05-06 20:53:18,38173217.6136,0.000000083,0.0000000000047460728,7559638,2019-05-06 20:53:18,btc,21342.514614200165,8832375.7238,0.000000083,btc,27701499.3386,0.7554403456107,1.3621107610479,237
1,[],22,[],2019-05-06 20:53:20,343938.0,0.00000009,0.000000000005146344,7559639,2019-05-06 20:53:20,BTC,1.20267422,0.0,0.00000009,BTC,17930.94871794872,0.0,0.01017442,237
1,[],4,[],2019-05-11 03:57:09,23068276.0905392,0.00000014,0.000000000009173878,7614610,2019-05-11 03:57:09,btc,3.3388434857319247,0.0,0.00000014,btc,9372098.14860227,0.09573765,1.0280729579980676,238
1,[],5,[],2019-05-11 03:57:11,0.0,0,0,7614611,2019-05-11 03:57:11,btc,0.0,0.02537944,0,btc,0.0,0.0,0.0,238
0,[],22,[],2019-03-12 16:49:32,0.0,0,0,6914458,2019-03-12 16:49:32,,0.40415746,0.0,0,,526736.5639027493,0.0,0.0,249
0,[],22,[],2019-05-11 03:57:13,0.0,0,0,7614612,2019-05-11 03:57:13,,4.52678073,0.0,0,,38074419.69978836,0.0,0.0,252
0,[],28,[],2019-05-11 03:57:15,0.0,0,0,7614613,2019-05-11 03:57:15,,0.0,0.0,0,,0.0,0.0,0.0,256
1,[],22,[],2019-05-11 03:57:18,1088993.5,0.00000002,0.0000000000013105540000000002,7614614,2019-05-11 03:57:18,BTC,21.88116616,0.0,0.00000002,BTC,522884.63333384093,0.0,0.01124633,258
1,[],22,[],2019-03-13 00:07:30,47146.0,0.00000001,0.000000000000387233,6917028,2019-03-13 00:07:30,BTC,2.415167,0.0,0.00000001,BTC,157.0,0.0,0.00047146,259
1,[],5,[],2019-05-11 03:57:20,0.0,0,0,7614615,2019-05-11 03:57:20,btc,0.0,0.2543224,0,btc,0.0,0.0,0.0,264
1,[],20,[],2019-05-11 03:57:22,1246213.151,0.00000114,0.000000000074701578,7614616,2019-05-11 03:57:22,btc,4.9322862797969,183950.4926,0.00000114,btc,87472.3294,0.2126614254087,0.0188955279238,264
0,[],22,[],2019-04-12 17:57:27,0.0,0,0,7278186,2019-04-12 17:57:27,,66.37522201,0.0,0,,677842.4169881374,0.0,0.0,271
0,[],22,[],2019-05-11 03:57:24,0.0,0,0,7614617,2019-05-11 03:57:24,,33051802.3172899,0.0,0,,15696307799.7,0.0,0.0,272
0,[],28,[],2019-05-11 03:57:26,0.0,0,0,7614618,2019-05-11 03:57:26,,0.0,0.0,0,,0.0,0.0,0.0,272
1,[],22,[],2019-05-11 03:57:29,131499.7,0.00000014,0.000000000009173878,7614619,2019-05-11 03:57:29,BTC,427.42495672,0.0,0.00000014,BTC,249705.37764460206,0.0,0.00447418,281
1,[],22,[],2019-05-11 03:57:34,610198.1,0.00000002,0.0000000000013105540000000002,7614620,2019-05-11 03:57:34,BTC,1.54647756,0.0,0.00000002,"BTC,LTC",632916.1256135202,0.00018211,0.01735528,286
0,[],22,[],2019-05-11 03:57:36,0.0,0,0,7614621,2019-05-11 03:57:36,,7337892.75526966,0.0,0,,1388519262.7797825,0.0,0.0,294
