pairValue,buyBook,exchangeId,sellBook,updated,buyTotal,satoshiPrice,usdPrice,exchangeLogId,created,bestPair,sellTotalBtc,volume,pairPrice,activePairs,sellTotal,volumeBtc,buyTotalBtc,coinId
1,[],3,[],2019-08-20 20:51:11,962.954716143011,0.008000000000000000166533453693773481063544750213623046875,0.0000008557488000000001,7917366,2019-08-20 20:51:11,btc,9.384668522683347,2.9577333151,0.008000000000000000166533453693773481063544750213623046875,btc,40.906652129365,0.0,0.2830767346708834,1
1,[],4,[],2019-08-20 20:51:12,42001.37648027,0.00793289,0.0000008485701372540001,7917367,2019-08-20 20:51:12,btc,12.759237607072873,0.0,0.00793289,btc,576.56305396,1.46275682,0.9104665174532987,1
1,[],12,[],2019-08-20 20:51:15,124.03669154,0.00787000000000000025923707624997405218891799449920654296875,0.000000841842882,7917368,2019-08-20 20:51:15,btc,0.2779846394914,0.0,0.00787000000000000025923707624997405218891799449920654296875,btc,26.385713459999998,0.918467433681,0.23317119330119998,1
1,[],20,[],2019-08-20 20:51:16,932.5438,0.00790064,0.0000008451203999040001,7917369,2019-08-20 20:51:16,btc,0.2388888421972,3.1705,0.00790064,btc,20.5574,0.0254169768483,0.1301142374129,1
1,[],21,[],2019-08-20 20:51:17,2311.5171409600002,0.007909990000000000423541202110,0.0000008461205563140002,7917370,2019-08-20 20:51:17,btc,9.603204716100043,1431.97222536,0.00790999000000000042354120211030021891929209232330322265625,"btc,eth",1819.74010293,11.137418325413675,15.38934804775949,1
1,[],22,[],2019-08-20 20:51:21,0.5198816666666667,0.00600000,0.0000006418116000000001,7917371,2019-08-20 20:51:21,BTC,0.01700334,0.0,0.00600000,BTC,0.283670650841137,0.0,0.00302178,1
1,[],24,[],2019-08-20 20:51:23,0.0,0.000000000000,0,7917372,2019-08-20 20:51:23,btc,0.0,0.0,0.000000000000,btc,0.0,0.0,0.0,1
0.0,[],25,[],2019-08-20 20:51:24,0.0,0,0,7917373,2019-08-20 20:51:24,btc,30.04059999909527,13470.29716862,0.0,btc,3657.13137668,110.05,0.0,1
1,[],26,[],2019-08-20 20:51:28,0.0,0,0,7917374,2019-08-20 20:51:28,,0.0,0.0,0,,0.0,0.0,0.0,1
0,[],28,[],2019-08-20 20:51:29,0.0,0,0,7917375,2019-08-20 20:51:29,,0.0,0.0,0,,0.0,0.0,0.0,1
1,[],10,[],2019-07-13 08:58:05,251434.9725798,0.00271069,0.00000031407274150500003,7812232,2019-07-13 08:58:05,btc,6515.317158446701,1686.04548878,0.00271069,btc,2002.66956917,0.0,1.2639712180673435,1
1,[],5,[],2019-07-06 00:27:44,0.0,0,0,7800775,2019-07-06 00:27:44,btc,0.0,0.00190933,0,btc,0.0,0.0,0.0,1
0,[],2,[],2019-01-20 23:28:45,0.0,0,0,6477011,2019-01-20 23:28:45,,0.0,0.0,0,,0.0,0.0,0.0,1
0,[],22,[],2019-08-20 20:51:32,0.0,0,0,7917376,2019-08-20 20:51:32,,0.0,0.0,0,,0.0,0.0,0.0,2
1,[],5,[],2019-07-06 00:28:14,0.0,0,0,7800785,2019-07-06 00:28:14,btc,0.0,0.00208797,0,btc,0.0,0.0,0.0,2
1,[],12,[],2019-08-20 20:51:34,6174309.37569663,0.00000006,0.000000000006418116,7917377,2019-08-20 20:51:34,btc,43032.807601838074,0.0,0.00000006,btc,9405921.16514027,0.012553382267,0.25778755909879786,3
0,[],28,[],2019-08-20 20:51:36,0.0,0,0,7917378,2019-08-20 20:51:36,,0.0,0.0,0,,0.0,0.0,0.0,3
1,[],5,[],2019-06-03 14:48:58,0.0,0,0,7731126,2019-06-03 14:48:58,btc,0.0,0.05905545,0,btc,0.0,0.0,0.0,3
0,[],2,[],2019-01-20 23:31:32,0.0,0,0,6477077,2019-01-20 23:31:32,,0.0,0.0,0,,0.0,0.0,0.0,4
1,[],4,[],2019-08-19 07:13:39,5576051.9095195,0.00000012,0.000000000012681852,7911861,2019-08-19 07:13:39,btc,25.86361324985451,0.0,0.00000012,btc,1094878.27526979,0.00024951,0.0793524101309535,4
0,[],2,[],2019-01-20 23:31:51,0.0,0,0,6477087,2019-01-20 23:31:51,,0.0,0.0,0,,0.0,0.0,0.0,6
1,[],11,[],2019-08-15 15:27:29,324074.0,0.00000001,0.0000000000010065590000000001,7900084,2019-08-15 15:27:29,btc,9583.47119397936,4910218.0,0.00000001,btc,78345418.50750598,0.0,0.00324074,6
1,[],3,[],2019-08-20 20:51:40,11386.926477313402,0.000069099999999999999096556013711278865230269730091094970703125,0.000000007391530260000001,7917379,2019-08-20 20:51:40,btc,1026.3028308642686,0.0,0.000069099999999999999096556013711278865230269730091094970703125,btc,439.414759279976,0.0,0.0182395138004776,7
1,[],4,[],2019-08-20 20:51:40,47676.57095002,0.00008018,0.000000008576742348,7917380,2019-08-20 20:51:40,btc,12.56972889177124,0.0,0.00008018,btc,76465.19161071,1.30209656,2.101731760347648,7
1,[],5,[],2019-07-06 00:28:21,0.0,0,0,7800789,2019-07-06 00:28:21,btc,0.0,0.38662001,0,btc,0.0,0.0,0.0,7
1,[],5,[],2019-07-05 17:50:59,0.0,0,0,7799863,2019-07-05 17:50:59,btc,0.0,0.04857279,0,btc,0.0,0.0,0.0,12
1,[],4,[],2019-08-20 20:51:41,23036113.14680874,0.00000021,0.000000000022463406,7917381,2019-08-20 20:51:41,btc,5.905541957094078,0.0,0.00000021,btc,11496642.57037091,0.18927256,1.536547220696819,12
0.0,[],25,[],2019-08-20 20:51:44,0.0,0,0,7917382,2019-08-20 20:51:44,,0.0,0.0,0.0,btc,0.0,0.0,0.0,12
0,[],2,[],2019-01-20 23:23:08,0.0,0,0,6476890,2019-01-20 23:23:08,,0.0,0.0,0,,0.0,0.0,0.0,12
1,[],10,[],2019-08-20 19:53:23,785060.8562585,0.00000125,0.000000000134198375,7917090,2019-08-20 19:53:23,btc,666797.3189098184,17060.5930877,0.00000125,btc,1006872.03169482,0.0,0.0836700268348533,13
1,[],4,[],2019-08-20 20:51:45,814966.53867857,0.00000128,0.00000000013691980800000002,7917383,2019-08-20 20:51:45,btc,3.459936388252069,0.0,0.00000128,btc,923443.50678184,0.03034376,0.3288709579820566,13
1,[],21,[],2019-08-20 20:51:48,4200186.02552436,0.000001289999999999999931037152415,0.000000000137989494,7917384,2019-08-20 20:51:48,btc,3.9257633214347063,765301.91487606,0.00000128999999999999993103715241471451946608794969506561756134033203125,btc,2046730.97510994,1.00588306,1.753481530155403,13
1,[],4,[],2019-08-20 20:48:36,1489831.24396295,0.00000079,0.00000000008443938700000001,7917299,2019-08-20 20:48:36,btc,2.6266127860249306,0.0,0.00000079,btc,848716.88246755,0.02078024,0.2541864287356356,14
1,[],12,[],2019-08-20 20:48:37,214439.34894939,0.00000076,0.000000000081232828,7917300,2019-08-20 20:48:37,btc,181.9833171773145,0.0,0.00000076,btc,31521.5760854,0.000165621287,0.018595377843430398,14
0,[],17,[],2019-08-20 20:48:38,0.0,0,0,7917301,2019-08-20 20:48:38,btc,0.0,0.0,0,btc,0.0,0.0,0.0,14
1,[],26,[],2019-08-20 20:48:38,0.0,0,0,7917302,2019-08-20 20:48:38,,0.0,0.0,0,,0.0,0.0,0.0,14
0,[],4,[],2019-08-20 20:51:49,0.0,0,0,7917385,2019-08-20 20:51:49,,0.0,0.0,0,,0.0,0.0,0.0,15
,[],12,[],2018-12-01 15:15:48,204241.84496,0.00000489,0.000000000202473384,5260204,2018-12-01 15:15:48,btc,49.5475654835,0.0,,btc,35763.2193806,0.0163153972027625,0.0203389899998,15
1,[],4,[],2019-08-20 20:51:50,35607.39390388,0.00000713,0.0000000007626861180000001,7917386,2019-08-20 20:51:50,btc,2.4225939120494675,0.0,0.00000713,btc,22140.49216741,0.02869225,0.052268043822898,18
1,[],10,[],2019-08-20 20:51:52,393614.36622622,0.00000705,0.0000000007541286300000001,7917387,2019-08-20 20:51:52,btc,15.271736206535184,6981.97217177,0.00000705,btc,27092.46072934,0.0,0.270552862726334,18
1,[],12,[],2019-08-20 20:51:53,4582.12049252,0.000007220000000000000329731901504981550488082575611770153045654296875,0.0000000007723132920000001,7917388,2019-08-20 20:51:53,btc,0.5657655464302928,0.0,0.000007220000000000000329731901504981550488082575611770153045654296875,btc,1901.90897517,0.000196390383,0.0105259796697018,18
0,[],17,[],2019-08-20 20:51:55,0.0,0,0,7917389,2019-08-20 20:51:55,btc,0.0,0.0,0,btc,0.0,0.0,0.0,18
0,[],2,[],2019-01-20 23:23:38,0.0,0,0,6476906,2019-01-20 23:23:38,,0.0,0.0,0,,0.0,0.0,0.0,18
1,[],3,[],2019-08-20 20:51:56,215963.50657164113,0.0000053000000000000000778023478975597981843748129904270172119140625,0.00000000056693358,7917390,2019-08-20 20:51:56,btc,190.5821925299093,631.444025226,0.0000053000000000000000778023478975597981843748129904270172119140625,btc,51504.77945541187,0.0,0.36519884667824104,19
1,[],4,[],2019-08-20 20:51:57,564050.0321221,0.00000536,0.000000000573351696,7917391,2019-08-20 20:51:57,btc,3.0613572560522107,0.0,0.00000536,btc,267346.89275151,0.08590788,1.5337546533850992,19
1,[],12,[],2019-08-20 20:51:58,132374.49800549,0.0000055400000000000003210517789120626019894189084880053997039794921875,0.0000000005926060440000001,7917392,2019-08-20 20:51:58,btc,1.0361825041548958,0.0,0.0000055400000000000003210517789120626019894189084880053997039794921875,btc,3218.84923959,0.002192014112,0.0216403799998813,19
0,[],27,[],2019-08-12 16:48:42,0.0,0,0,7891818,2019-08-12 16:48:42,,0.0,0.0,0,btc,0.0,0.0,0.0,19
0,[],2,[],2019-01-20 23:24:19,0.0,0,0,6476924,2019-01-20 23:24:19,,0.0,0.0,0,,0.0,0.0,0.0,19
1,[],5,[],2019-07-06 02:01:19,0.0,0,0,7800799,2019-07-06 02:01:19,btc,0.0,0.0,0,btc,0.0,0.0,0.0,19
1,[],4,[],2019-08-19 09:56:57,10479102.32813501,0.00000006,0.00000000000640596,7912317,2019-08-19 09:56:57,btc,4.984292824562718,0.0,0.00000006,btc,2305413.8842246,0.0,0.1263090499480169,20
0,[],4,[],2019-08-20 20:51:59,0.0,0,0,7917393,2019-08-20 20:51:59,,58258.5514661964,0.0,0,,171920072.01614377,0.0008485,0.0,21
0,[],12,[],2019-08-20 20:52:01,0.0,0,0,7917394,2019-08-20 20:52:01,btc,2617.972011980909,0.0,0,btc,8222474.88911087,0.0,0.0,21
0,[],17,[],2019-08-20 20:52:02,0.0,0,0,7917395,2019-08-20 20:52:02,btc,0.0,0.0,0,btc,0.0,0.0,0.0,21
0.0000000002204393,[],27,[],2019-07-29 17:24:02,79794022.5,8.5971327e-17,8.21370058158e-21,7852364,2019-07-29 17:24:02,eth,1253.5830452782222,787155.0,0.00000039,eth,2317982.66147653,6.7672759904685e-11,2.1948587434632156e-09,23
1,[],12,[],2019-08-20 20:52:03,6014652122.509668,0.000000002,0.00000000000021393720000000002,7917396,2019-08-20 20:52:03,btc,167285803994.04694,0.0,0.000000002,btc,1788760941.9910314,1.072604629037,5.152350512108569,23
1,[],4,[],2019-08-20 20:52:03,6282459.25867187,0.00000047,0.000000000050275242000000006,7917397,2019-08-20 20:52:03,btc,5.153056424298847,0.0,0.00000047,btc,1751287.25448589,0.03199934,0.2543896424797552,24
0,[],22,[],2019-08-20 20:52:06,0.0,0,0,7917398,2019-08-20 20:52:06,,0.0,0.0,0,,0.0,0.0,0.0,24
0.0,[],25,[],2019-08-20 20:52:09,0.0,0,0,7917399,2019-08-20 20:52:09,,0.0,0.0,0.0,btc,0.0,0.0,0.0,24
1,[],10,[],2019-08-20 20:48:52,221776.49307797,0.00000386,0.00000000041257725800000004,7917312,2019-08-20 20:48:52,btc,25.709752633811213,6600.24551107,0.00000386,btc,18672.5174904,0.0,0.0358291405083998,26
0,[],2,[],2019-01-20 23:25:56,0.0,0,0,6476976,2019-01-20 23:25:56,,0.0,0.0,0,,0.0,0.0,0.0,26
1,[],4,[],2019-08-20 20:48:50,26953845.2653279,0.00000342,0.00000000036554772600000004,7917311,2019-08-20 20:48:50,btc,3.678818039346122,0.0,0.00000342,btc,204101.12636062,0.09294203,0.4280128092284956,26
0.00000000007014610000000001,[],4,[],2019-08-20 20:52:09,827897878.6250293,4.9803731000000004e-17,5.327435379846601e-21,7917400,2019-08-20 20:52:09,ltc,11.932434445051504,0.0,0.00000071,ltc,972953003.2585989,0.00073035,7.492676329993371e-09,29
1,[],7,[],2019-08-20 20:52:12,0.0,0,0,7917401,2019-08-20 20:52:12,btc,1236881.734218782,0.0,0,btc,60485285.76535035,0.0,0.0,29
1,[],4,[],2019-08-20 20:52:13,15086556.83756628,0.00000007,0.000000000007487802000000001,7917402,2019-08-20 20:52:13,btc,2.6080203473237753,0.0,0.00000007,btc,2006655.85044338,0.0,0.1730253123988888,30
0,[],17,[],2019-08-20 20:52:14,0.0,0,0,7917403,2019-08-20 20:52:14,btc,0.0,0.0,0,btc,0.0,0.0,0.0,30
1,[],4,[],2019-08-20 20:52:15,211622.13298717,0.00002775,0.00000000296837865,7917404,2019-08-20 20:52:15,btc,2.299768026079759,0.0,0.00002775,btc,49559.82990301,0.25742841,0.4566137991081918,31
1,[],21,[],2019-08-20 20:52:16,6269349.24572141,0.00002854999999999999939627286227,0.00000000305395353,7917405,2019-08-20 20:52:16,btc,4.952667794180458,18429.19026578,0.00002854999999999999939627286227317171096728998236358165740966796875,btc,139437.55668096,0.52495217,4.817955548511282,31
0,[],2,[],2019-01-20 23:28:43,0.0,0,0,6477009,2019-01-20 23:28:43,,0.0,0.0,0,,0.0,0.0,0.0,32
0,[],4,[],2019-08-20 20:44:34,0.0,0,0,7917210,2019-08-20 20:44:34,,0.0,0.0,0,,0.0,0.0,0.0,33
1,[],12,[],2019-03-30 07:55:10,40641173.964,0.00000003,0.000000000001228359,7108785,2019-03-30 07:55:10,btc,4233210.82356125,0.0,0.00000003,btc,28378394.68333462,0.0126927883965248,0.90752895892,33
0.00000000007014610000000001,[],4,[],2019-08-20 20:52:17,34714672.90933994,2.9461362e-17,3.1514406472332004e-21,7917406,2019-08-20 20:52:17,ltc,6.025786673482968,0.0,0.00000042,ltc,162508309.00128034,0.001098,3.446835673514424e-10,34
1,[],5,[],2019-07-06 02:03:46,0.0,0,0,7800811,2019-07-06 02:03:46,btc,0.0,0.0,0,btc,0.0,0.0,0.0,34
1,[],27,[],2019-08-12 16:26:17,6255.0,0.00000019,0.000000000021630303,7891745,2019-08-12 16:26:17,btc,22.61101824371233,0.0,0.00000019,btc,4198.924835,0.0,0.00091445,37
1,[],4,[],2019-08-20 20:52:18,10585404.92789129,0.00000015,0.00000000001604529,7917407,2019-08-20 20:52:18,btc,19774.670494590147,0.0,0.00000015,btc,2306153.16691842,0.00014137,0.1428444320962836,37
1,[],12,[],2019-08-20 20:52:18,8269377.142051,0.00000014,0.000000000014975604000000002,7917408,2019-08-20 20:52:18,btc,1729.3185949922024,0.0,0.00000014,btc,2066889.42433282,0.026559534902,0.2700500891878396,37
1,[],17,[],2019-08-20 20:52:19,210000.45146899,0.00000025,0.00000000002674215,7917409,2019-08-20 20:52:19,btc,0.003138923777095,0.0,0.00000025,"btc,eth",803.94918473,0.0,0.0001001128676139814,37
0,[],27,[],2019-08-12 16:26:27,0.0,0,0,7891747,2019-08-12 16:26:27,,0.001005,0.0,0,"btc,eth",3.0,0.0,0.0,42
1,[],12,[],2019-08-20 20:52:21,208286.48558681,0.00000101999999999999997501889774376149233603428001515567302703857421875,0.000000000109107972,7917410,2019-08-20 20:52:21,btc,522.2367782034926,0.0,0.00000101999999999999997501889774376149233603428001515567302703857421875,btc,151279.70163633,0.026041178862,0.0503384491232205,42
1,[],5,[],2019-07-06 02:03:47,0.0,0,0,7800812,2019-07-06 02:03:47,btc,0.0,0.14382058,0,btc,0.0,0.0,0.0,42
1,[],12,[],2019-03-13 09:13:29,1112112.0,0.00000001,0.000000000000386531,6919902,2019-03-13 09:13:29,btc,29058.00478931866,0.0,0.00000001,btc,5967681.93306694,9.99000999e-07,0.01112112,43
1,[],5,[],2019-04-26 22:38:52,0.0,0,0,7474154,2019-04-26 22:38:52,btc,0.0,0.02638891,0,btc,0.0,0.0,0.0,43
0,[],17,[],2019-04-26 22:38:53,0.0,0,0,7474155,2019-04-26 22:38:53,btc,0.0,0.0,0,btc,0.0,0.0,0.0,43
0.00000000007014610000000001,[],4,[],2019-08-20 20:52:22,107124827.06104343,5.4012497000000004e-17,5.7776411865942e-21,7917411,2019-08-20 20:52:22,ltc,3637.1898370877057,0.0,0.00000077,ltc,24994419.02998204,0.0,3.764947025048028e-10,49
0.00000000007014610000000001,[],4,[],2019-08-20 20:52:23,313134641.9851324,1.5432142e-17,1.6507546247412002e-21,7917412,2019-08-20 20:52:23,ltc,31170.46115620943,0.0,0.00000022,ltc,231922695.1821211,0.0006986,5.406115200034429e-10,52
0,[],27,[],2019-08-12 16:26:37,0.0,0,0,7891750,2019-08-12 16:26:37,,0.0,0.0,0,"btc,eth",0.0,0.0,0.0,57
0,[],22,[],2019-08-20 20:52:26,0.0,0,0,7917413,2019-08-20 20:52:26,,10290.02779686,0.0,0,,282696231.3316013,0.0,0.0,57
0.00000000007014610000000001,[],4,[],2019-08-20 20:52:26,1043928416.7552229,7.014610000000001e-19,7.50343011246e-23,7917414,2019-08-20 20:52:26,ltc,19.78685505857611,0.0,0.00000001,ltc,5497257796.274327,0.0006986,7.322750711455354e-10,58
1,[],12,[],2019-08-20 20:52:28,1340034560.2145119,0.0000000001,0.000000000000010696860000000002,7917415,2019-08-20 20:52:28,btc,52870458.350220725,0.0,0.0000000001,btc,4360245823.885151,0.0009912019,0.1340034560214512,58
1,[],17,[],2019-08-20 20:52:29,1200000.0,0.0000000001,0.000000000000010696860000000002,7917416,2019-08-20 20:52:29,btc,1e+24,0.0,0.0000000001,"btc,eth",39506342.31952568,0.0,0.0001000000003664814,58
0.00000000007934780000000001,[],22,[],2019-08-20 20:52:33,126877.0,7.934780000000001e-19,8.487723079080002e-23,7917417,2019-08-20 20:52:33,XMR,68.17454206,0.0,0.00000001,XMR,9626402.6,0.0,0.00126877,58
0,[],22,[],2019-08-20 20:52:35,0.0,0,0,7917418,2019-08-20 20:52:35,,1000.95212109,0.0,0,,9656.689066014545,0.0,0.0,61
1,[],26,[],2019-08-20 20:52:35,0.0,0,0,7917419,2019-08-20 20:52:35,,0.0,0.0,0,,0.0,0.0,0.0,61
0,[],28,[],2019-08-20 20:52:37,0.0,0,0,7917420,2019-08-20 20:52:37,,0.0,0.0,0,,0.0,0.0,0.0,61
0,[],27,[],2019-07-29 19:34:56,0.0,0,0,7852673,2019-07-29 19:34:56,,1.97314195,0.0,0,"btc,eth",10936.9,0.0,0.0,61
1,[],5,[],2019-06-17 14:31:27,0.0,0,0,7740135,2019-06-17 14:31:27,btc,0.0,0.00079154,0,btc,0.0,0.0,0.0,61
1,[],4,[],2019-08-20 20:52:38,1826388.19455397,0.00000081,0.00000000008664456600000001,7917421,2019-08-20 20:52:38,btc,2.779566786613307,0.0,0.00000081,btc,1168859.97687681,0.05650726,0.8502040705185873,67
0.0,[],25,[],2019-08-20 20:52:41,0.0,0,0,7917422,2019-08-20 20:52:41,,0.0,0.0,0.0,btc,0.0,0.0,0.0,67
1,[],12,[],2019-06-02 06:23:14,910048.355,0.00000006,0.000000000005154929999999999,7725270,2019-06-02 06:23:14,btc,5.167005424215783,0.0,0.00000006,btc,738530.60239759,0.003159757462,0.0187188113,71
,[],5,[],2018-11-20 23:02:39,1.5e-07,0.00000005,0.000000000002128045,4862160,2018-11-20 23:02:39,btc,2.84511358,0.0,,btc,0.00036572,0.0,0.07381892,74
1,[],5,[],2019-07-06 00:15:01,0.0,0,0,7800749,2019-07-06 00:15:01,btc,0.0,0.01883861,0,btc,0.0,0.0,0.0,75
1,[],4,[],2019-08-20 20:52:42,173788.94365048,0.00006806,0.0000000072802829160000004,7917423,2019-08-20 20:52:42,btc,55.88879213069327,0.0,0.00006806,btc,114164.17239806,0.12546073,0.516318951547366,82
1,[],21,[],2019-08-20 20:52:43,838952.723168,0.00006821999999999999396947669705,0.000000007297397892,7917424,2019-08-20 20:52:43,btc,5.1851230916952185,4651.8641009,0.00006821999999999999396947669705326688927016220986843109130859375,btc,57720.466882,0.31057893,2.014907802383749,82
0,[],4,[],2019-07-23 20:51:52,0.0,0,0,7830376,2019-07-23 20:51:52,,1.6413985531662756,0.0,0,,620289065.5915176,0.0,0.0,85
,[],22,[],2018-11-20 23:09:34,3408.1,0.0000001,0.0000000000041895,4862324,2018-11-20 23:09:34,BTC,0.04624735,0.0,,BTC,4990.0,0.0,0.00033081,86
1,[],22,[],2019-08-20 20:49:23,185880.0,0.00000002,0.0000000000021377060000000003,7917327,2019-08-20 20:49:23,BTC,1.8206834,0.0,0.00000002,BTC,772828.347368421,0.0,0.00186702,87
1,[],27,[],2019-08-06 12:06:36,100155.0,0.00000003,0.000000000003516594,7875448,2019-08-06 12:06:36,btc,7.177196150774,345.0,0.00000003,btc,287406.89336,1.035e-05,0.00300465,87
,[],2,[],2018-11-20 23:10:47,0.0,0,0,4862359,2018-11-20 23:10:47,,0.0,0.0,,,0.0,0.0,0.0,88
0,[],2,[],2019-01-20 23:31:45,0.0,0,0,6477083,2019-01-20 23:31:45,,0.0,0.0,0,,0.0,0.0,0.0,91
1,[],12,[],2019-08-20 20:52:44,426015.39306422,0.00000027,0.000000000028881522000000004,7917425,2019-08-20 20:52:44,btc,589.0203730179531,0.0,0.00000027,btc,329461.8088511,0.000457647432,0.0207975591067492,91
0,[],17,[],2019-08-20 20:52:45,0.0,0,0,7917426,2019-08-20 20:52:45,btc,0.0,0.0,0,btc,0.0,0.0,0.0,91
1,[],22,[],2019-08-20 20:52:48,54200.0,0.00000003,0.000000000003209058,7917427,2019-08-20 20:52:48,BTC,1.05335,0.0,0.00000003,"BTC,LTC",1839.95,0.0,0.002326,91
0.0000000000701284,[],4,[],2019-08-20 20:49:23,568133893.2826959,9.817976e-18,1.0493973101528001e-21,7917328,2019-08-20 20:49:23,ltc,11.47299041360004,0.0,0.00000014,ltc,205143634.49579614,0.000499,6.73431689693776e-10,96
0,[],12,[],2019-08-20 20:49:24,0.0,0,0,7917329,2019-08-20 20:49:24,btc,108.8725195656943,0.0,0,btc,11657485.56943056,0.0,0.0,96
0,[],17,[],2019-08-20 20:49:26,0.0,0,0,7917330,2019-08-20 20:49:26,btc,0.0,0.0,0,btc,0.0,0.0,0.0,96
1,[],4,[],2019-08-20 20:49:27,124071.57681893,0.00001326,0.0000000014172990780000002,7917331,2019-08-20 20:49:27,btc,7.828653669618696,0.0,0.00001326,btc,194121.24691147,0.17865454,0.4040320590029675,100
0,[],2,[],2019-01-20 23:23:55,0.0,0,0,6476914,2019-01-20 23:23:55,,0.0,0.0,0,,0.0,0.0,0.0,100
1,[],22,[],2019-08-20 20:52:51,146000.0,0.00000002,0.0000000000021393720000000003,7917428,2019-08-20 20:52:51,BTC,26.50623849,0.0,0.00000002,BTC,10383.92,0.0,0.00162,101
1,[],27,[],2019-08-12 16:30:59,2050161.9,0.00000005,0.0000000000056921850000000005,7891762,2019-08-12 16:30:59,btc,261.32824567561846,0.0,0.00000005,btc,285690.80442935,0.0,0.060251537,105
1,[],12,[],2019-08-20 20:52:52,38422412.0,0.000000003,0.00000000000032090580000000004,7917429,2019-08-20 20:52:52,btc,342410.76069178985,0.0,0.000000003,btc,114180404.18403415,0.001142104297,0.058421316,105
1,[],27,[],2019-08-12 16:31:06,1.0,0.00000001,0.000000000001138437,7891764,2019-08-12 16:31:06,btc,0.0,0.0,0.00000001,"btc,eth",0.0,0.0,1e-08,112
0,[],22,[],2019-08-20 20:52:55,0.0,0,0,7917430,2019-08-20 20:52:55,,6.79500102,0.0,0,,3375892.0833333335,0.0,0.0,112
1,[],5,[],2019-07-06 00:19:31,0.0,0,0,7800761,2019-07-06 00:19:31,btc,0.0,0.0,0,btc,0.0,0.0,0.0,112
1,[],4,[],2019-08-20 20:52:55,572611.90445461,0.00000099,0.00000000010589891400000001,7917431,2019-08-20 20:52:55,btc,6.099922941228575,0.0,0.00000099,btc,939674.45751289,0.11089839,0.2503357460688177,113
1,[],5,[],2019-07-06 00:19:43,0.0,0,0,7800765,2019-07-06 00:19:43,btc,0.0,0.0,0,btc,0.0,0.0,0.0,113
1,[],17,[],2019-08-20 20:49:36,210000.0,0.00000001,0.0000000000010688530000000002,7917336,2019-08-20 20:49:36,btc,1.3333541043621306,0.0,0.00000001,btc,53396.73574154,0.0,0.0021,116
1,[],27,[],2019-08-02 18:48:59,95525.16595526,0.00000001,0.000000000001045936,7866367,2019-08-02 18:48:59,btc,3918.96487209,0.0,0.00000001,btc,88497.69,0.0,0.0009552516595526,116
1,[],4,[],2019-08-20 20:52:56,19458043.03081133,0.00000083,0.000000000088783938,7917432,2019-08-20 20:52:56,btc,124.51394029938068,0.0,0.00000083,btc,1320950.77859866,0.02555214,1.8573080809436568,120
1,[],7,[],2019-08-20 20:52:58,3488.37852636,0.000007390000000000000396154463400133494133115164004266262054443359375,0.0000000007904979540000001,7917433,2019-08-20 20:52:58,btc,115616.30055242531,236.84845959,0.000007390000000000000396154463400133494133115164004266262054443359375,btc,3150.27387341,0.00199363,0.0087042781562436,120
0,[],2,[],2019-01-20 23:25:46,0.0,0,0,6476969,2019-01-20 23:25:46,,0.0,0.0,0,,0.0,0.0,0.0,131
1,[],4,[],2019-08-20 20:45:34,936587.04606831,0.00000275,0.000000000293431875,7917245,2019-08-20 20:45:34,btc,2.4100637403437832,0.0,0.00000275,btc,308565.87154828,0.08258223,0.182541022181519,131
1,[],17,[],2019-08-20 20:45:35,10000.0,0.00000001,0.000000000001067025,7917246,2019-08-20 20:45:35,btc,0.0953976503951408,0.0,0.00000001,btc,5037.62507334,0.0,0.0001,131
1,[],4,[],2019-08-20 14:43:19,8549.6097675,0.00005121,0.0000000054409242329999995,7915998,2019-08-20 14:43:19,btc,0.2921428325204394,0.0,0.00005121,btc,235.83446249,0.0,0.0027602632940558,135
1,[],3,[],2019-07-13 16:51:20,187.26592867,0.00000001,0.000000000001140965,7813490,2019-07-13 16:51:20,btc,419.77407087449336,1935513.62324,0.00000001,btc,3179086.72005867,0.0,1.8726592866999999e-06,136
1,[],4,[],2019-08-20 20:45:37,803334.50008604,0.00000407,0.000000000434279175,7917247,2019-08-20 20:45:37,btc,23.38097447340212,0.0,0.00000407,btc,524076.87075479,0.24906044,1.8879122972619478,137
1,[],12,[],2019-08-20 20:45:38,149204.30655107,0.000003549999999999999892295356185289989525699638761579990386962890625,0.000000000378793875,7917248,2019-08-20 20:45:38,btc,39.95329264471998,0.0,0.000003549999999999999892295356185289989525699638761579990386962890625,btc,56859.94029573,0.004545727878,0.0194252992287046,137
1,[],4,[],2019-08-20 20:53:00,1332369.72444176,0.00003217,0.0000000034411798620000004,7917434,2019-08-20 20:53:00,btc,5.74165058407833,0.0,0.00003217,btc,102149.94438919,1.09578574,1.563434326141525,142
1,[],17,[],2019-08-20 20:53:01,32967.38636364,0.00000088,0.00000000009413236800000001,7917435,2019-08-20 20:53:01,btc,20.069762065593093,0.0,0.00000088,btc,2746.079105,0.0,0.0105613000000032,142
1,[],20,[],2019-08-20 20:53:03,110174.6738,0.000034,0.0000000036369324,7917436,2019-08-20 20:53:03,btc,1.2646795829524,19.9,0.000034,btc,3210.2892,0.0006766,0.0159402410275,142
1,[],22,[],2019-08-20 20:53:06,10619.88,0.00000200,0.00000000021393720000000003,7917437,2019-08-20 20:53:06,BTC,1.55898515,0.0,0.00000200,BTC,835.8398331062671,0.0,0.00416696,142
0.0,[],25,[],2019-08-20 20:53:08,0.0,0,0,7917438,2019-08-20 20:53:08,,0.0,0.0,0.0,btc,0.0,0.0,0.0,142
0,[],28,[],2019-08-20 20:53:09,0.0,0,0,7917439,2019-08-20 20:53:09,,0.0,0.0,0,,0.0,0.0,0.0,142
1,[],5,[],2019-07-06 02:06:10,0.0,0,0,7800822,2019-07-06 02:06:10,btc,0.0,0.00140707,0,btc,0.0,0.0,0.0,142
0,[],22,[],2019-08-20 20:53:12,0.0,0,0,7917440,2019-08-20 20:53:12,,68.14027224,0.0,0,,718000153.5744588,0.0,0.0,143
0,[],22,[],2019-02-25 15:42:22,0.0,0,0,6783783,2019-02-25 15:42:22,,4.2131946,0.0,0,,2322156.0,0.0,0.0,146
,[],22,[],2018-11-20 23:01:11,0.0,0,0,4862114,2018-11-20 23:01:11,,2.56807021,0.0,,,61828.4988236,0.0,0.0,147
1,[],12,[],2019-04-21 06:38:04,193091.5971266,0.00000071,0.000000000037635183,7388679,2019-04-21 06:38:04,btc,2.301232411611175,0.0,0.00000071,btc,9957.48302385,0.00023528,0.0313308199999888,148
1,[],5,[],2019-04-26 09:36:59,0.0,0,0,7465040,2019-04-26 09:36:59,btc,0.0,0.0,0,btc,0.0,0.0,0.0,153
0,[],22,[],2019-08-20 20:53:16,0.0,0,0,7917441,2019-08-20 20:53:16,,6.78813965,0.0,0,,4560228.592592592,0.0,0.0,156
0,[],23,[],2019-01-20 23:24:29,0.0,0,0,6476932,2019-01-20 23:24:29,,0.0,0.0,0,,0.0,0.0,0.0,156
1,[],22,[],2019-08-20 20:53:19,6996.0,0.00000001,0.0000000000010696860000000002,7917442,2019-08-20 20:53:19,BTC,1.7547719,0.0,0.00000001,BTC,64.8,0.0,6.996e-05,157
0,[],22,[],2019-08-17 00:05:41,0.0,0,0,7905012,2019-08-17 00:05:41,,50234.60468402,0.0,0,,54786159.03179465,0.0,0.0,158
,[],17,[],2018-11-20 22:56:10,0.0,0,0,4861976,2018-11-20 22:56:10,btc,1.1265625,0.0,,btc,1000.0,0.0,0.0,159
,[],20,[],2018-11-20 22:56:12,0.0,0,0,4861977,2018-11-20 22:56:12,btc,11912.7940471,0.0,,btc,34413894.3617,0.0,0.0,159
1,[],22,[],2019-08-20 20:53:23,92548.0,0.00000001,0.0000000000010696860000000002,7917443,2019-08-20 20:53:23,BTC,12.83793936,0.0,0.00000001,"BTC,LTC",194574.84947371835,0.0,0.03674548,171
0.00000000007014610000000001,[],22,[],2019-08-20 20:53:27,144000.0,3.5073050000000005e-18,3.7517150562300003e-22,7917444,2019-08-20 20:53:27,LTC,1.74682448,0.0,0.00000005,LTC,1318538.8536050986,0.0,0.00344,173
1,[],5,[],2019-07-06 02:08:45,0.0,0,0,7800830,2019-07-06 02:08:45,btc,0.0,0.00700197,0,btc,0.0,0.0,0.0,175
0,[],22,[],2019-08-19 04:17:22,0.0,0,0,7911532,2019-08-19 04:17:22,,393.97295672,0.0,0,,135375.61833431243,0.0,0.0,176
1,[],7,[],2019-07-01 10:15:32,0.0,0,0,7783526,2019-07-01 10:15:32,btc,521516.2326888725,0.0,0,btc,26809253.73522063,0.0,0.0,178
0,[],22,[],2019-08-20 20:53:31,0.0,0,0,7917445,2019-08-20 20:53:31,,1.00255534,0.0,0,,112828.0,0.0,0.0,178
0,[],2,[],2019-01-20 23:28:34,0.0,0,0,6477001,2019-01-20 23:28:34,,0.0,0.0,0,,0.0,0.0,0.0,178
1,[],5,[],2019-07-06 02:08:50,0.0,0,0,7800832,2019-07-06 02:08:50,btc,0.0,6.904e-05,0,btc,0.0,0.0,0.0,179
0,[],22,[],2019-08-20 20:50:17,0.0,0,0,7917351,2019-08-20 20:50:17,,10.32986853,0.0,0,,14828045.231946677,0.0,0.0,179
0,[],23,[],2019-01-20 23:25:08,0.0,0,0,6476952,2019-01-20 23:25:08,,0.0,0.0,0,,0.0,0.0,0.0,179
1,[],17,[],2019-08-20 20:53:33,20504.725000000002,0.0000001,0.000000000010696860000000001,7917446,2019-08-20 20:53:33,btc,5.201612863967385,0.0,0.0000001,btc,5019.40125,0.0,0.0011504725,180
1,[],22,[],2019-08-20 20:53:37,761970.8577922077,0.00000049,0.000000000052414614000000004,7917447,2019-08-20 20:53:37,BTC,2.96192425,0.0,0.00000049,"BTC,LTC",237663.03096771595,7.781e-05,0.60868611,180
1,[],26,[],2019-08-20 20:53:37,0.0,0,0,7917448,2019-08-20 20:53:37,,0.0,0.0,0,,0.0,0.0,0.0,180
,[],7,[],2018-11-20 22:58:01,562227.975654,0.00000085,0.000000000036176765,4862015,2018-11-20 22:58:01,btc,21836.6059674,2491.87645172,,btc,749999.041456,0.00211021,0.127565380455,183
,[],5,[],2019-01-10 08:11:41,0.0,0,0,6347036,2019-01-10 08:11:41,btc,82.15055501,0.00261,,btc,1.19002445,0.0,0.0,187
,[],17,[],2018-11-16 20:58:10,4062536.27273,0.00000001,0.000000000000550501,4708775,2018-11-16 20:58:10,btc,3.36492563466,0.195460381006,,"btc,eth",110697919.549,0.0,0.0157628953496,187
1,[],24,[],2019-05-22 21:04:52,0.0,0.000000000014,0.0000000000000010960978,7670219,2019-05-22 21:04:52,btc,0.0,0.0,0.000000000014,btc,0.0,0.0,0.0,187
0,[],23,[],2019-01-20 23:31:41,0.0,0,0,6477079,2019-01-20 23:31:41,,0.0,0.0,0,,0.0,0.0,0.0,199
0,[],22,[],2019-08-20 20:53:40,0.0,0,0,7917449,2019-08-20 20:53:40,,6.22011878,0.0,0,,40771826.0,0.0,0.0,199
1,[],26,[],2019-08-20 20:53:40,0.0,0,0,7917450,2019-08-20 20:53:40,,0.0,0.0,0,,0.0,0.0,0.0,199
1,[],4,[],2019-01-25 15:51:35,2084389.58565343,0.00000936,0.000000000333526752,6499557,2019-01-25 15:51:35,btc,2.0092503037378524,0.0,0.00000936,btc,160195.80207885,0.19272417,1.242687955921835,211
1,[],7,[],2019-07-01 02:21:28,1170054124.6898527,0.00000018,0.000000000019815389999999997,7782694,2019-07-01 02:21:28,btc,1346735.6331920293,0.0,0.00000018,btc,5516233.71348162,0.0,11.954344045954047,212
0,[],22,[],2019-08-19 07:38:07,0.0,0,0,7911940,2019-08-19 07:38:07,,6.8412543,0.0,0,,3272264.174064925,0.0,0.0,216
1,[],27,[],2019-08-12 16:37:52,320029.088,0.00000001,0.000000000001138437,7891783,2019-08-12 16:37:52,btc,176.0318120012664,0.0,0.00000001,"btc,ltc",485496.05456794,0.0,0.00320029088,216
1,[],22,[],2019-08-20 20:53:47,670149.858974359,0.00000015,0.00000000001604529,7917451,2019-08-20 20:53:47,BTC,12055.7623205,0.0,0.00000015,BTC,447101.14467048226,0.0005106,0.04183232,217
0,[],22,[],2019-08-20 20:53:49,0.0,0,0,7917452,2019-08-20 20:53:49,,4.14997484,0.0,0,,126244.70709740352,0.0,0.0,221
1,[],24,[],2019-08-20 20:53:49,0.0,0.000000010000,0.0000000000010696860000000002,7917453,2019-08-20 20:53:49,btc,0.0,0.0,0.000000010000,btc,0.0,0.0,0.0,221
1,[],26,[],2019-08-20 20:53:50,0.0,0,0,7917454,2019-08-20 20:53:50,,0.0,0.0,0,,0.0,0.0,0.0,231
1,[],26,[],2019-08-20 20:50:29,0.0,0,0,7917358,2019-08-20 20:50:29,,0.0,0.0,0,,0.0,0.0,0.0,234
0.0000000001859265,[],27,[],2019-08-12 16:38:10,100.0,1.859265e-18,2.1166560688050002e-22,7891787,2019-08-12 16:38:10,eth,0.0,0.0,0.00000001,"btc,eth",0.0,0.0,1.8592649999999999e-16,234
1,[],5,[],2019-07-06 02:11:21,0.0,0,0,7800842,2019-07-06 02:11:21,btc,0.0,0.10652887,0,btc,0.0,0.0,0.0,237
1,[],20,[],2019-08-20 20:50:31,94778737.6963,0.000000039,0.0000000000041685267,7917359,2019-08-20 20:50:31,btc,514.7383472055405,1475476.5106,0.000000039,btc,29210893.3777,0.0571685878431,0.5027561273122,237
1,[],22,[],2019-08-20 20:50:35,1839335.0,0.00000001,0.0000000000010688530000000002,7917360,2019-08-20 20:50:35,BTC,1.2037398,0.0,0.00000001,"BTC,LTC",41039.44871794872,0.0,0.01839335,237
1,[],5,[],2019-07-06 02:11:32,0.0,0,0,7800846,2019-07-06 02:11:32,btc,0.0,0.05525444,0,btc,0.0,0.0,0.0,238
1,[],4,[],2019-08-18 21:55:28,28766182.9187235,0.00000006,0.0000000000062177580000000004,7910606,2019-08-18 21:55:28,btc,2.1262004590211685,0.0,0.00000006,btc,15667280.40051822,0.02567584,0.5811165339764514,238
0.0000000000711565,[],22,[],2019-08-17 13:20:25,419253.0,7.115650000000001e-19,7.3700771814e-23,7906682,2019-08-17 13:20:25,LTC,0.40427224,0.0,0.00000001,LTC,496363.0639027493,0.0,0.00419253,249
0,[],22,[],2019-08-20 20:53:53,0.0,0,0,7917455,2019-08-20 20:53:53,,13.4488406,0.0,0,,43819581.3426455,0.0,0.0,252
1,[],28,[],2019-08-20 20:46:47,3938023.43,0.00000009,0.000000000009603225,7917275,2019-08-20 20:46:47,btc,4.777113120233,600045.451,0.00000009,btc,2682205.8762,0.0,0.19492804836,256
0.0000000000916764,[],22,[],2019-07-23 20:12:22,1517.0,9.16764e-19,9.31930943616e-23,7830286,2019-07-23 20:12:22,LTC,31474.63788373,0.0,0.00000001,LTC,1024398.9185893413,0.0,1.517e-05,258
1,[],20,[],2019-08-20 20:50:39,982932.5267,0.000000138,0.000000000014750171400000003,7917362,2019-08-20 20:50:39,btc,0.535298021168,17211.4102,0.000000138,btc,111742.2368,0.0030241561518,0.0066308748953,264
1,[],5,[],2019-07-02 14:44:15,0.0,0,0,7788374,2019-07-02 14:44:15,btc,0.0,0.02775788,0,btc,0.0,0.0,0.0,264
0,[],22,[],2019-08-20 20:50:44,0.0,0,0,7917363,2019-08-20 20:50:44,,33050469.74148113,0.0,0,,14261527780.7,0.0,0.0,272
0,[],28,[],2019-08-20 20:50:46,0.0,0,0,7917364,2019-08-20 20:50:46,,0.0,0.0,0,,0.0,0.0,0.0,272
0,[],22,[],2019-08-20 20:53:57,0.0,0,0,7917456,2019-08-20 20:53:57,,73.46372129,0.0,0,,1350777.6287135023,0.0,0.0,286
