pairValue,buyBook,exchangeId,sellBook,updated,buyTotal,satoshiPrice,usdPrice,exchangeLogId,created,bestPair,sellTotalBtc,volume,pairPrice,activePairs,sellTotal,volumeBtc,buyTotalBtc,coinId
1,[],3,[],2019-07-17 15:07:03,31384.662837283562,0.008000000000000000166533453693773481063544750213623046875,0.0000007719248,7829596,2019-07-17 15:07:03,btc,9.223099105981397,41.3793611452,0.008000000000000000166533453693773481063544750213623046875,btc,33.154380991577,0.0,0.1804022464416361,1
1,[],4,[],2019-07-17 15:07:04,208301.86979156,0.00783622,0.000000756121569532,7829597,2019-07-17 15:07:04,btc,11.337581184827897,0.0,0.00783622,btc,499.84663931,0.94324571,0.9176657695547334,1
1,[],12,[],2019-07-17 15:07:09,86.51086059000001,0.0080800000000000003763656053479280672036111354827880859375,0.000000779644048,7829598,2019-07-17 15:07:09,btc,0.6373540832646,0.0,0.0080800000000000003763656053479280672036111354827880859375,btc,27.22109743,1.231462135153,0.17631968269130002,1
1,[],20,[],2019-07-17 15:07:11,924.9391,0.007815048,0.0000007540786705488,7829599,2019-07-17 15:07:11,btc,0.2229668930062,0.5193,0.007815048,btc,18.6004,0.0042214340388,0.1193123637412,1
1,[],21,[],2019-07-17 15:07:11,3150.8808476,0.008111870000000000191509030856,0.000000782719203422,7829600,2019-07-17 15:07:11,btc,9.73025453377551,5536.83492728,0.008111870000000000191509030855741002596914768218994140625,"btc,eth",1508.41922863,40.48286445475775,21.617518381345185,1
1,[],22,[],2019-07-17 15:07:15,1.1199,0.00200000,0.00000019298119999999998,7829601,2019-07-17 15:07:15,BTC,0.01739824,0.0,0.00200000,BTC,0.3195712944891207,0.0,0.00197189,1
1,[],24,[],2019-07-17 15:07:16,0.0,0.000000000000,0,7829602,2019-07-17 15:07:16,btc,0.0,0.0,0.000000000000,btc,0.0,0.0,0.0,1
0.0,[],25,[],2019-07-17 15:07:17,0.0,0,0,7829603,2019-07-17 15:07:17,btc,20.70779999934252,1069.7272812,0.0,btc,2489.48804265,8.4072,0.0,1
1,[],26,[],2019-07-17 15:07:19,0.0,0,0,7829604,2019-07-17 15:07:19,,0.0,0.0,0,,0.0,0.0,0.0,1
1,[],28,[],2019-07-17 15:07:21,1040.407,0.007836700000,0.00000075616788502,7829605,2019-07-17 15:07:21,btc,0.368917346,124220.711,0.007836700000,btc,23.9752,0.0,0.2720776229,1
1,[],10,[],2019-07-13 08:58:05,251434.9725798,0.00271069,0.00000031407274150500003,7812232,2019-07-13 08:58:05,btc,6515.317158446701,1686.04548878,0.00271069,btc,2002.66956917,0.0,1.2639712180673435,1
1,[],5,[],2019-07-06 00:27:44,0.0,0,0,7800775,2019-07-06 00:27:44,btc,0.0,0.00190933,0,btc,0.0,0.0,0.0,1
0,[],2,[],2019-01-20 23:28:45,0.0,0,0,6477011,2019-01-20 23:28:45,,0.0,0.0,0,,0.0,0.0,0.0,1
0,[],22,[],2019-07-17 15:07:24,0.0,0,0,7829606,2019-07-17 15:07:24,,0.0,0.0,0,,0.0,0.0,0.0,2
1,[],5,[],2019-07-06 00:28:14,0.0,0,0,7800785,2019-07-06 00:28:14,btc,0.0,0.00208797,0,btc,0.0,0.0,0.0,2
1,[],12,[],2019-07-17 15:07:26,3298340.6328181,0.000000069,0.000000000006657851399999999,7829607,2019-07-17 15:07:26,btc,6944.661232660629,0.0,0.000000069,btc,7020115.64463088,0.038664209016,0.1397708277335846,3
0,[],28,[],2019-07-17 15:07:27,0.0,0,0,7829608,2019-07-17 15:07:27,,0.0,0.0,0,,0.0,0.0,0.0,3
1,[],5,[],2019-06-03 14:48:58,0.0,0,0,7731126,2019-06-03 14:48:58,btc,0.0,0.05905545,0,btc,0.0,0.0,0.0,3
0,[],2,[],2019-01-20 23:31:32,0.0,0,0,6477077,2019-01-20 23:31:32,,0.0,0.0,0,,0.0,0.0,0.0,4
1,[],4,[],2019-07-17 15:07:28,4524663.6443914,0.00000001,0.0000000000009649059999999999,7829609,2019-07-17 15:07:28,btc,51.98057100680596,0.0,0.00000001,btc,1306572.57573822,0.0,0.045246636443914,4
0,[],12,[],2019-07-10 21:32:46,0.0,0,0,7800866,2019-07-10 21:32:46,btc,641.7517620215584,0.0,0,btc,1208658.0779220702,0.0,0.0,5
0,[],2,[],2019-01-20 23:31:51,0.0,0,0,6477087,2019-01-20 23:31:51,,0.0,0.0,0,,0.0,0.0,0.0,6
1,[],11,[],2019-07-17 15:07:30,1845881.67673599,0.00000001,0.000000000000964906,7829610,2019-07-17 15:07:30,btc,9583.574437150251,212235.0,0.00000001,btc,78454029.80704153,0.0,0.0184588167673599,6
1,[],3,[],2019-07-17 15:07:30,11649.017068857165,0.00010971999999999999982069898152303721872158348560333251953125,0.000000010586948631999999,7829611,2019-07-17 15:07:30,btc,1026.3327392604003,804.920324277,0.00010971999999999999982069898152303721872158348560333251953125,btc,439.882429208193,0.0,0.036693700782461654,7
1,[],4,[],2019-07-17 15:07:31,324835.20335995,0.00010742,0.000000010365020252,7829612,2019-07-17 15:07:31,btc,12.052386628539113,0.0,0.00010742,btc,65610.28486651,2.46866988,3.401207208017066,7
1,[],5,[],2019-07-06 00:28:21,0.0,0,0,7800789,2019-07-06 00:28:21,btc,0.0,0.38662001,0,btc,0.0,0.0,0.0,7
1,[],20,[],2019-04-07 22:06:50,3201475.0482,0.000000001,0.000000000000051590000000000004,7213932,2019-04-07 22:06:50,btc,30.8005781811902,0.0,0.000000001,btc,23077405.3926,0.0,0.0032014750482,8
0,[],2,[],2019-01-20 23:22:42,0.0,0,0,6476876,2019-01-20 23:22:42,,0.0,0.0,0,,0.0,0.0,0.0,9
0,[],23,[],2019-01-20 23:22:48,0.0,0,0,6476878,2019-01-20 23:22:48,,0.0,0.0,0,,0.0,0.0,0.0,9
1,[],4,[],2019-07-17 15:07:32,2256849.49622776,0.00000054,0.000000000052104924,7829613,2019-07-17 15:07:32,btc,3.2738667933459964,0.0,0.00000054,btc,2664398.27408977,0.29253745,0.4813980967811636,9
1,[],28,[],2019-07-17 15:07:34,151043.809,0.00000055,0.000000000053069829999999996,7829614,2019-07-17 15:07:34,btc,2708.795118223663,363585.0,0.00000055,btc,54420.1529,0.0,0.04055157978,9
1,[],1,[],2019-02-17 23:31:42,1822507.21,0.00000181000000000000003456111265232042484285557293333113193511962890625,0.000000000066086901,6701244,2019-02-17 23:31:42,btc,3.6990969245,17153386.5,0.00000181000000000000003456111265232042484285557293333113193511962890625,btc,1997391.71,31.11772986,3.2610482446,9
1,[],4,[],2019-02-17 11:22:43,4341674.27126056,0.00000002,0.0000000000007272960000000001,6696112,2019-02-17 11:22:43,btc,0.1997230937751353,0.0,0.00000002,btc,4109766.79808031,0.00215132,0.0479381022052112,10
1,[],5,[],2019-07-05 17:50:59,0.0,0,0,7799863,2019-07-05 17:50:59,btc,0.0,0.04857279,0,btc,0.0,0.0,0.0,12
0,[],2,[],2019-01-20 23:23:08,0.0,0,0,6476890,2019-01-20 23:23:08,,0.0,0.0,0,,0.0,0.0,0.0,12
1,[],4,[],2019-07-17 15:07:35,27930998.47112791,0.00000040,0.00000000003859624,7829615,2019-07-17 15:07:35,btc,4.99830320215179,0.0,0.00000040,btc,5752922.46974798,2.33106354,2.806337911831307,12
0.0,[],25,[],2019-07-17 15:07:37,0.0,0,0,7829616,2019-07-17 15:07:37,,0.0,0.0,0.0,btc,0.0,0.0,0.0,12
1,[],4,[],2019-07-17 15:07:38,635654.28880155,0.00000236,0.000000000227717816,7829617,2019-07-17 15:07:38,btc,1.9133020931786344,0.0,0.00000236,btc,383200.67215202,0.86925216,0.4180803876312485,13
1,[],10,[],2019-07-17 15:07:40,664720.66913847,0.00000222,0.000000000214209132,7829618,2019-07-17 15:07:40,btc,666797.9546488064,14205.163328,0.00000222,btc,1045330.74527649,0.0,0.1149034255447129,13
1,[],21,[],2019-07-17 15:07:41,7702324.92040988,0.000002370000000000000178626644726,0.000000000228682722,7829619,2019-07-17 15:07:41,btc,3.625647323128705,1260886.01696692,0.0000023700000000000001786266447256767975204638787545263767242431640625,btc,1199419.90926108,2.98496076,5.4386869658319865,13
1,[],4,[],2019-07-17 15:07:42,1080139.74304711,0.00000070,0.00000000006754342,7829620,2019-07-17 15:07:42,btc,6.8245734649839855,0.0,0.00000070,btc,981536.40834863,0.02663733,0.1312525361768349,14
1,[],12,[],2019-07-17 15:07:43,268671.06271176,0.00000069,0.000000000066578514,7829621,2019-07-17 15:07:43,btc,189.68004462745324,0.0,0.00000069,btc,24018.52674186,0.003698571865,0.0287408386381771,14
1,[],26,[],2019-07-17 15:09:43,0.0,0.00000050,0.000000000048245299999999996,7829622,2019-07-17 15:09:43,btc,0.0,0.0,0.00000050,btc,0.0,0.0,0.0,14
0,[],17,[],2019-05-03 00:53:32,0.0,0,0,7558876,2019-05-03 00:53:32,btc,0.0,0.0,0,btc,0.0,0.0,0.0,14
0,[],4,[],2019-07-17 15:09:45,0.0,0,0,7829623,2019-07-17 15:09:45,,0.0,0.0,0,,0.0,0.0,0.0,15
,[],12,[],2018-12-01 15:15:48,204241.84496,0.00000489,0.000000000202473384,5260204,2018-12-01 15:15:48,btc,49.5475654835,0.0,,btc,35763.2193806,0.0163153972027625,0.0203389899998,15
0,[],2,[],2019-01-20 23:23:38,0.0,0,0,6476906,2019-01-20 23:23:38,,0.0,0.0,0,,0.0,0.0,0.0,18
1,[],4,[],2019-07-17 15:09:46,32618.01365767,0.00000745,0.00000000071885497,7829624,2019-07-17 15:09:46,btc,2.3937094609290033,0.0,0.00000745,btc,19217.53485783,0.01592323,0.0466904052454213,18
1,[],10,[],2019-07-17 15:09:48,366230.63112219,0.00000801,0.000000000772889706,7829625,2019-07-17 15:09:48,btc,15.237924916091295,3849.02315425,0.00000801,btc,25256.46690535,0.0,0.1080564825692256,18
1,[],12,[],2019-07-17 15:09:49,4302.87685881,0.0000071999999999999996741864051463810625364203588105738162994384765625,0.0000000006947323199999999,7829626,2019-07-17 15:09:49,btc,0.5280807524680782,0.0,0.0000071999999999999996741864051463810625364203588105738162994384765625,btc,1919.07029075,0.001445827983,0.0122962440319204,18
0,[],17,[],2019-05-03 00:53:39,0.0,0,0,7558882,2019-05-03 00:53:39,btc,0.0,0.0,0,btc,0.0,0.0,0.0,18
1,[],3,[],2019-07-17 15:11:50,159608.8134333601,0.000007920000000000000403934698189889473951552645303308963775634765625,0.000000000764205552,7829627,2019-07-17 15:11:50,btc,190.92140432860154,16836.1346109,0.000007920000000000000403934698189889473951552645303308963775634765625,btc,18569.832322000635,0.0,0.09111565078676469,19
1,[],4,[],2019-07-17 15:11:50,288141.94634537,0.00000618,0.000000000596311908,7829628,2019-07-17 15:11:50,btc,2.616252780561943,0.0,0.00000618,btc,191864.0753447,0.52724317,0.4451081500908193,19
0,[],2,[],2019-01-20 23:24:19,0.0,0,0,6476924,2019-01-20 23:24:19,,0.0,0.0,0,,0.0,0.0,0.0,19
1,[],12,[],2019-07-17 15:11:52,110426.61224987,0.0000043499999999999998560938456459989964741907897405326366424560546875,0.00000000041973410999999996,7829629,2019-07-17 15:11:52,btc,0.3650911077983219,0.0,0.0000043499999999999998560938456459989964741907897405326366424560546875,btc,3014.54308505,0.003852413426,0.010928019999641601,19
0,[],27,[],2019-07-17 15:11:56,0.0,0,0,7829630,2019-07-17 15:11:56,,0.0,0.0,0,btc,0.0,0.0,0.0,19
1,[],5,[],2019-07-06 02:01:19,0.0,0,0,7800799,2019-07-06 02:01:19,btc,0.0,0.0,0,btc,0.0,0.0,0.0,19
1,[],4,[],2019-07-17 15:11:57,10062128.822935,0.00000003,0.000000000002894718,7829631,2019-07-17 15:11:57,btc,5.154399034211588,0.0,0.00000003,btc,2208928.97591765,0.00340097,0.1094738447920166,20
0,[],4,[],2019-07-17 15:11:59,0.0,0,0,7829632,2019-07-17 15:11:59,,48823.01628304118,0.0,0,,164938997.11072472,0.0,0.0,21
0,[],12,[],2019-07-17 15:12:01,0.0,0,0,7829633,2019-07-17 15:12:01,btc,2616.9280996423076,0.0,0,btc,11287882.02897099,0.0,0.0,21
0,[],17,[],2019-05-03 00:53:51,0.0,0,0,7558891,2019-05-03 00:53:51,btc,0.0,0.0,0,btc,0.0,0.0,0.0,21
1,[],12,[],2019-07-17 15:14:02,4767626783.340567,0.0000000016,0.00000000000015438496,7829634,2019-07-17 15:14:02,btc,1617883190632.7388,0.0,0.0000000016,btc,2801227118.503651,1.124945716813,2.3750160823750837,23
0.0000000002183473,[],27,[],2019-07-17 15:14:09,72812131.0,4.366946e-17,4.213692397076e-21,7829635,2019-07-17 15:14:09,eth,1053.1128687554,0.0,0.0000002,eth,1102748.004,0.0,1.706778006543213e-09,23
1,[],4,[],2019-07-17 15:14:10,5832370.86855375,0.00000019,0.000000000018333214,7829636,2019-07-17 15:14:10,btc,10.277361636663654,0.0,0.00000019,btc,1610710.68103991,0.00100758,0.0961270268409684,24
0,[],22,[],2019-07-17 15:14:13,0.0,0,0,7829637,2019-07-17 15:14:13,,0.0,0.0,0,,0.0,0.0,0.0,24
0.0,[],25,[],2019-07-17 15:14:15,0.0,0,0,7829638,2019-07-17 15:14:15,,0.0,0.0,0.0,btc,0.0,0.0,0.0,24
1,[],4,[],2019-07-17 15:14:16,26944530.91462072,0.00000281,0.000000000271138586,7829639,2019-07-17 15:14:16,btc,7.201373828436483,0.0,0.00000281,btc,201787.62256359,0.03682059,0.3857191910502875,26
1,[],10,[],2019-07-17 15:14:18,231872.41824119,0.00000251,0.000000000242191406,7829640,2019-07-17 15:14:18,btc,26.266015830308657,11449.0708019,0.00000251,btc,21821.61795085,0.0,0.0479020200648911,26
0,[],2,[],2019-01-20 23:25:56,0.0,0,0,6476976,2019-01-20 23:25:56,,0.0,0.0,0,,0.0,0.0,0.0,26
1,[],5,[],2019-04-26 09:47:06,0.0,0,0,7465326,2019-04-26 09:47:06,btc,0.0,0.0,0,btc,0.0,0.0,0.0,27
1,[],3,[],2019-06-17 14:30:26,13571825.64059417,0.00000001,0.00000000000092914,7740112,2019-06-17 14:30:26,btc,3.485049956644059,4264730.43754,0.00000001,btc,23500048.28518193,0.0,0.1357182564059417,27
1,[],11,[],2019-07-15 06:07:59,993045.80216525,0.00000001,0.000000000001021634,7819506,2019-07-15 06:07:59,btc,67502.92060589766,178.77941309,0.00000001,btc,6487362.95640949,0.0,0.0099304580216525,27
0.0000000000915974,[],4,[],2019-07-17 15:14:19,577458359.3456414,9.984116599999999e-17,9.6337340120396e-21,7829641,2019-07-17 15:14:19,ltc,11.11079728512895,0.0,0.00000109,ltc,678378350.9566574,0.04315455,1.3616287087534289e-08,29
1,[],7,[],2019-07-17 15:14:20,0.0,0,0,7829642,2019-07-17 15:14:20,btc,1236880.7569277142,10000.0,0,btc,37019537.07533646,0.0001,0.0,29
1,[],4,[],2019-07-17 15:14:21,15154770.19860429,0.00000007,0.000000000006754342,7829643,2019-07-17 15:14:21,btc,2.520407848573371,0.0,0.00000007,btc,2151509.57233721,0.00133838,0.1665809720001457,30
0,[],17,[],2019-05-03 01:11:25,0.0,0,0,7559066,2019-05-03 01:11:25,btc,0.0,0.0,0,btc,0.0,0.0,0.0,30
1,[],4,[],2019-07-17 15:16:22,226227.91634693,0.00002620,0.0000000025280537199999998,7829644,2019-07-17 15:16:22,btc,3.0210944229597616,0.0,0.00002620,btc,55949.2996343,0.12397397,0.5185741428602735,31
1,[],21,[],2019-07-17 15:16:23,743520.08630698,0.00002623000000000000128002643207,0.000000002530948438,7829645,2019-07-17 15:16:23,btc,2.3264434003919026,76803.14069511,0.00002623000000000000128002643207114630286014289595186710357666015625,btc,70772.42810832,2.09519162,3.1972222641785524,31
0,[],2,[],2019-01-20 23:28:43,0.0,0,0,6477009,2019-01-20 23:28:43,,0.0,0.0,0,,0.0,0.0,0.0,32
0,[],4,[],2019-07-17 15:16:25,0.0,0,0,7829646,2019-07-17 15:16:25,,0.0,0.0,0,,0.0,0.0,0.0,33
1,[],12,[],2019-03-30 07:55:10,40641173.964,0.00000003,0.000000000001228359,7108785,2019-03-30 07:55:10,btc,4233210.82356125,0.0,0.00000003,btc,28378394.68333462,0.0126927883965248,0.90752895892,33
0.0000000000915974,[],4,[],2019-07-17 15:16:26,66249666.36949965,3.0227142e-17,2.9166350678651997e-21,7829647,2019-07-17 15:16:26,ltc,5.098570709789434,0.0,0.00000033,ltc,163992251.45619547,0.0,7.670817316378271e-10,34
1,[],5,[],2019-07-06 02:03:46,0.0,0,0,7800811,2019-07-06 02:03:46,btc,0.0,0.0,0,btc,0.0,0.0,0.0,34
0,[],4,[],2019-07-11 00:07:02,0.0,0,0,7801420,2019-07-11 00:07:02,,3.68295914902898e-08,0.0,0,,6667385825.224262,0.0,0.0,36
0.0000000002385992,[],27,[],2019-07-11 00:09:09,11642390.307056,6.9193768e-17,8.4302504017872e-21,7801421,2019-07-11 00:09:09,eth,1120.18186,0.0,0.00000029,"ltc,eth",2270631.0,0.0,1.3601704595377105e-10,36
0.0000000002926451,[],17,[],2019-05-02 18:17:47,200000.0,2.9264510000000002e-18,1.596703856561e-22,7556430,2019-05-02 18:17:47,eth,0.20942468735267253,0.0,0.00000001,"btc,eth",1018272.20243647,0.0,5.852902e-13,36
1,[],5,[],2019-05-31 13:28:21,0.0,0,0,7717484,2019-05-31 13:28:21,btc,0.0,0.0,0,btc,0.0,0.0,0.0,36
1,[],4,[],2019-07-17 15:16:27,13341791.25791627,0.00000006,0.000000000005789436,7829648,2019-07-17 15:16:27,btc,19772.117346179064,0.0,0.00000006,btc,812343.75413668,0.00604826,0.2386065113785302,37
1,[],12,[],2019-07-17 15:16:28,8929608.18957405,0.00000006,0.000000000005789435999999999,7829649,2019-07-17 15:16:28,btc,134.7531358636333,0.0,0.00000006,btc,2753666.41309549,0.00910048883,0.18660126947870279,37
1,[],27,[],2019-07-17 15:18:32,10792.0,0.00000019,0.000000000018333214,7829650,2019-07-17 15:18:32,btc,22.62000024371233,0.0,0.00000019,btc,4248.824835,0.0,0.00164037,37
1,[],17,[],2019-05-03 01:11:36,211752.74075282,0.00000025,0.000000000013700074999999998,7559074,2019-05-03 01:11:36,btc,0.055484923955058496,0.0,0.00000025,"btc,eth",1387.19918473,0.0,0.0005381851887916605,37
1,[],12,[],2019-07-17 15:18:34,211430.65367046,0.00000098,0.000000000094560788,7829651,2019-07-17 15:18:34,btc,650.113242860491,0.0,0.00000098,btc,158284.83832052,0.03737890624,0.0438455892704326,42
1,[],27,[],2019-07-17 15:18:39,11.0,0.00000003,0.000000000002894718,7829652,2019-07-17 15:18:39,btc,0.07600425,0.0,0.00000003,"btc,eth",18.0,0.0,3.3e-07,42
1,[],5,[],2019-07-06 02:03:47,0.0,0,0,7800812,2019-07-06 02:03:47,btc,0.0,0.14382058,0,btc,0.0,0.0,0.0,42
1,[],12,[],2019-03-13 09:13:29,1112112.0,0.00000001,0.000000000000386531,6919902,2019-03-13 09:13:29,btc,29058.00478931866,0.0,0.00000001,btc,5967681.93306694,9.99000999e-07,0.01112112,43
1,[],5,[],2019-04-26 22:38:52,0.0,0,0,7474154,2019-04-26 22:38:52,btc,0.0,0.02638891,0,btc,0.0,0.0,0.0,43
0,[],17,[],2019-04-26 22:38:53,0.0,0,0,7474155,2019-04-26 22:38:53,btc,0.0,0.0,0,btc,0.0,0.0,0.0,43
1,[],12,[],2019-03-05 01:54:08,639326.02,0.00000004,0.000000000001486676,6845775,2019-03-05 01:54:08,btc,11116042.728239931,0.0,0.00000004,btc,1103841.4595604,0.0003330765234764,0.014975410599999999,44
0.0000000000915974,[],4,[],2019-07-17 15:20:41,118646041.65159047,2.289935e-17,2.20957202111e-21,7829653,2019-07-17 15:20:41,ltc,4098.444484734361,0.0,0.00000025,ltc,27446653.75650142,0.0,4.892714313155482e-10,49
0.0000000000915974,[],4,[],2019-07-17 15:20:41,314207410.5178259,2.289935e-17,2.20957202111e-21,7829654,2019-07-17 15:20:41,ltc,28821.159216894797,0.0,0.00000025,ltc,238927517.96782687,0.0,1.7041017296335507e-09,52
0,[],22,[],2019-07-17 15:20:44,0.0,0,0,7829655,2019-07-17 15:20:44,,10289.83185391,0.0,0,,287184669.4566013,0.0,0.0,57
0,[],27,[],2019-07-17 15:20:49,0.0,0,0,7829656,2019-07-17 15:20:49,,0.0,0.0,0,"btc,eth",0.0,0.0,0.0,57
0.0000000000915974,[],4,[],2019-07-17 15:20:50,698602594.8,9.15974e-19,8.83828808444e-23,7829657,2019-07-17 15:20:50,ltc,19.72026221101671,0.0,0.00000001,ltc,5436780614.399854,0.00208981,6.399018131693352e-10,58
0,[],12,[],2019-07-17 15:20:52,0.0,0,0,7829658,2019-07-17 15:20:52,btc,671217765.8239664,0.0,0,btc,3651960676.119877,0.070299082446,0.0,58
0.00000000008104230000000001,[],22,[],2019-07-17 15:22:56,126877.0,8.104230000000001e-19,7.819820152380001e-23,7829659,2019-07-17 15:22:56,XMR,68.17454206,0.0,0.00000001,XMR,9626402.6,0.0,0.00126877,58
1,[],17,[],2019-05-03 01:12:09,1200000.0,0.0000000001,0.00000000000000548003,7559085,2019-05-03 01:12:09,btc,1e+24,0.0,0.0000000001,"btc,eth",39516342.31952568,0.0,0.00010000000058666061,58
0,[],22,[],2019-07-17 15:22:59,0.0,0,0,7829660,2019-07-17 15:22:59,,1000.95215461,0.0,0,,8934.866843792322,0.0,0.0,61
1,[],26,[],2019-07-17 15:22:59,0.0,0.00000013,0.000000000012543778,7829661,2019-07-17 15:22:59,btc,0.0,0.0,0.00000013,btc,0.0,0.0,0.0,61
1,[],27,[],2019-07-17 15:23:04,8400.0,0.00000018,0.000000000017368308,7829662,2019-07-17 15:23:04,btc,1.97314195,0.0,0.00000018,"btc,eth",10936.9,0.0,0.001512,61
1,[],28,[],2019-07-17 15:23:38,40101.0,0.00000004,0.0000000000038596239999999995,7829663,2019-07-17 15:23:38,btc,0.242436445415105,317.0,0.00000004,btc,9316.46650005,0.0,0.00100202,61
1,[],5,[],2019-06-17 14:31:27,0.0,0,0,7740135,2019-06-17 14:31:27,btc,0.0,0.00079154,0,btc,0.0,0.0,0.0,61
1,[],4,[],2019-07-17 15:23:39,3746976.66424963,0.00000058,0.000000000055964547999999995,7829664,2019-07-17 15:23:39,btc,3.602000748155046,0.0,0.00000058,btc,1378681.85932593,0.11348676,1.2983899414852629,67
0.0,[],25,[],2019-07-17 15:23:41,0.0,0,0,7829665,2019-07-17 15:23:41,,0.0,0.0,0.0,btc,0.0,0.0,0.0,67
1,[],12,[],2019-06-02 06:23:14,910048.355,0.00000006,0.000000000005154929999999999,7725270,2019-06-02 06:23:14,btc,5.167005424215783,0.0,0.00000006,btc,738530.60239759,0.003159757462,0.0187188113,71
,[],5,[],2018-11-20 23:02:39,1.5e-07,0.00000005,0.000000000002128045,4862160,2018-11-20 23:02:39,btc,2.84511358,0.0,,btc,0.00036572,0.0,0.07381892,74
1,[],5,[],2019-07-06 00:15:01,0.0,0,0,7800749,2019-07-06 00:15:01,btc,0.0,0.01883861,0,btc,0.0,0.0,0.0,75
0,[],4,[],2019-07-10 21:51:38,0.0,0,0,7800925,2019-07-10 21:51:38,,581890.2410093442,0.0,0,,38279594.33970312,0.0,0.0,81
0,[],20,[],2019-01-25 09:30:31,0.0,0,0,6495923,2019-01-25 09:30:31,btc,0.0,0.0,0,btc,0.0,0.0,0.0,81
1,[],4,[],2019-07-17 15:23:43,165716.8476584,0.00006432,0.000000006206275392,7829666,2019-07-17 15:23:43,btc,58.27731544002882,0.0,0.00006432,btc,122663.18093541,0.20472968,0.3342732780300363,82
1,[],21,[],2019-07-17 15:23:45,301117.22460845,0.00006308999999999999395809691105,0.000000006087591953999999,7829667,2019-07-17 15:23:45,btc,5.063739905993138,8825.6101371,0.00006308999999999999395809691105085903473081998527050018310546875,btc,55387.05655726,0.5495438,1.706707600936904,82
0,[],17,[],2019-03-25 22:42:34,0.0,0,0,7038780,2019-03-25 22:42:34,btc,0.0445064681804024,0.0,0,btc,995513.18476001,0.0,0.0,84
0,[],4,[],2019-07-17 15:23:45,0.0,0,0,7829668,2019-07-17 15:23:45,,1.644643404598184,0.0,0,,605006190.4980874,0.0,0.0,85
,[],22,[],2018-11-20 23:09:34,3408.1,0.0000001,0.0000000000041895,4862324,2018-11-20 23:09:34,BTC,0.04624735,0.0,,BTC,4990.0,0.0,0.00033081,86
0,[],22,[],2019-07-17 15:23:48,0.0,0,0,7829669,2019-07-17 15:23:48,,1.87802138,0.0,0,,616186.447368421,0.0,0.0,87
0,[],27,[],2019-07-17 15:23:52,0.0,0,0,7829670,2019-07-17 15:23:52,,0.0,0.0,0,,0.0,0.0,0.0,87
,[],2,[],2018-11-20 23:10:47,0.0,0,0,4862359,2018-11-20 23:10:47,,0.0,0.0,,,0.0,0.0,0.0,88
1,[],11,[],2019-07-13 06:40:01,299353.97557583,0.0000369999999999999981139219007442164866006351076066493988037109375,0.0000000043049315,7811813,2019-07-13 06:40:01,btc,156.70253706438987,1923.2,0.0000369999999999999981139219007442164866006351076066493988037109375,btc,146186.36192325,0.0,0.8075395878505254,89
0,[],2,[],2019-01-20 23:31:45,0.0,0,0,6477083,2019-01-20 23:31:45,,0.0,0.0,0,,0.0,0.0,0.0,91
1,[],12,[],2019-07-17 15:23:53,402831.63330074,0.00000039,0.000000000037631334,7829671,2019-07-17 15:23:53,btc,415.0022594909736,0.0,0.00000039,btc,236658.11125035,8.79121e-07,0.0278966638538372,91
1,[],22,[],2019-07-17 15:25:56,75900.0,0.00000001,0.0000000000009649059999999999,7829672,2019-07-17 15:25:56,BTC,0.495,0.0,0.00000001,"BTC,LTC",4.95,0.0,0.001659,91
0,[],17,[],2019-05-03 01:12:26,0.0,0,0,7559096,2019-05-03 01:12:26,btc,0.0,0.0,0,btc,0.0,0.0,0.0,91
1,[],22,[],2019-07-10 21:56:00,91614.0,0.00000002,0.000000000002352202,7800934,2019-07-10 21:56:00,BTC,11.8980079,0.0,0.00000002,"BTC,LTC",347503.789747713,0.0,0.06622228,95
0.0000000000915974,[],4,[],2019-07-17 15:25:57,561861538.9743696,2.0151428e-17,1.9444233785768e-21,7829673,2019-07-17 15:25:57,ltc,11.650800252486865,0.0,0.00000022,ltc,174607821.10646632,0.0,6.506111084737036e-10,96
0,[],12,[],2019-07-17 15:25:59,0.0,0,0,7829674,2019-07-17 15:25:59,btc,38.02611422753247,0.0,0,btc,10906536.753246741,0.0,0.0,96
0,[],17,[],2019-05-03 01:12:32,0.0,0,0,7559100,2019-05-03 01:12:32,btc,0.0,0.0,0,btc,0.0,0.0,0.0,96
1,[],4,[],2019-04-14 03:32:46,1039404.33283278,0.00000038,0.000000000019245518,7293458,2019-04-14 03:32:46,btc,4.170086055365747,0.0,0.00000038,btc,3097704.34561074,0.06260606,0.1859928211030784,99
1,[],4,[],2019-07-17 14:32:44,214143.17191881,0.00001709,0.0000000016493439370000002,7829546,2019-07-17 14:32:44,btc,9.125066291259706,0.0,0.00001709,btc,171269.73013815,0.64853483,0.867269794335941,100
0,[],2,[],2019-01-20 23:23:55,0.0,0,0,6476914,2019-01-20 23:23:55,,0.0,0.0,0,,0.0,0.0,0.0,100
1,[],22,[],2019-07-17 14:32:47,146000.0,0.00000002,0.000000000001930186,7829547,2019-07-17 14:32:47,BTC,26.50623849,0.0,0.00000002,BTC,10383.92,0.0,0.00162,101
1,[],4,[],2019-07-16 14:33:47,547933.05083038,0.00000126,0.000000000131120388,7825334,2019-07-16 14:33:47,btc,634.8524452924697,0.0,0.00000126,btc,812393.56021757,0.00301441,0.079245871140487,103
1,[],12,[],2019-07-17 14:32:48,60125551.72438249,0.000000004,0.00000000000038603720000000004,7829548,2019-07-17 14:32:48,btc,349463.10679849965,0.0,0.000000004,btc,114420649.02399895,0.006988311069,0.10905963389752997,105
1,[],27,[],2019-07-17 14:32:53,108592.74999998,0.00000002,0.000000000001930186,7829549,2019-07-17 14:32:53,btc,208.93448812396372,0.0,0.00000002,btc,669280.55359946,0.0,0.0014524799999997,105
1,[],22,[],2019-07-10 21:58:18,21333.0,0.00000001,0.000000000001176101,7800942,2019-07-10 21:58:18,BTC,51.38182867,0.0,0.00000001,BTC,470435.0,0.0,0.00021333,107
1,[],26,[],2019-07-10 21:58:18,0.0,0.00000000,0,7800943,2019-07-10 21:58:18,btc,0.0,0.0,0.00000000,btc,0.0,0.0,0.0,107
0,[],22,[],2019-07-17 14:32:56,0.0,0,0,7829550,2019-07-17 14:32:56,,6.79500102,0.0,0,,3375892.0833333335,0.0,0.0,112
1,[],27,[],2019-07-17 14:33:01,1.0,0.00000001,0.000000000000965093,7829551,2019-07-17 14:33:01,btc,0.0,0.0,0.00000001,"btc,eth",0.0,0.0,1e-08,112
1,[],5,[],2019-07-06 00:19:31,0.0,0,0,7800761,2019-07-06 00:19:31,btc,0.0,0.0,0,btc,0.0,0.0,0.0,112
1,[],4,[],2019-07-17 14:33:02,1010051.95456656,0.00000045,0.000000000043429185,7829552,2019-07-17 14:33:02,btc,7.822676773022797,0.0,0.00000045,btc,1077139.3337564,0.01190295,0.0860332907685389,113
1,[],5,[],2019-07-06 00:19:43,0.0,0,0,7800765,2019-07-06 00:19:43,btc,0.0,0.0,0,btc,0.0,0.0,0.0,113
1,[],27,[],2019-07-17 14:35:07,175525.16595526,0.00000002,0.000000000001930186,7829553,2019-07-17 14:35:07,btc,3918.96452209,260.0,0.00000002,btc,82497.69,5.2e-05,0.0025552516595526,116
1,[],17,[],2019-04-26 02:17:47,162738.278,0.00000004,0.0000000000021069000000000002,7461287,2019-04-26 02:17:47,btc,1.3331140273775473,0.0,0.00000004,btc,51796.221,0.0,0.00230953112,116
1,[],4,[],2019-07-17 14:35:09,1203015.28896073,0.00000264,0.000000000254784552,7829554,2019-07-17 14:35:09,btc,97.17539625020605,0.0,0.00000264,btc,432230.54093104,0.20857151,0.2150728519765542,120
1,[],7,[],2019-07-17 14:35:10,3812.98134703,0.0000075199999999999999985189798323848009431458194740116596221923828125,0.0000000007257499360000001,7829555,2019-07-17 14:35:10,btc,231231.56190991067,0.0,0.0000075199999999999999985189798323848009431458194740116596221923828125,btc,4244.17923539,0.0,0.0095394586877517,120
1,[],20,[],2019-04-07 18:42:29,1914137.0852,0.000000035,0.0000000000017871910000000002,7211992,2019-04-07 18:42:29,btc,32.2497668025648,25528.85,0.000000035,btc,1001975.4986,0.00089350975,0.0152723574729,125
1,[],22,[],2019-06-17 14:32:38,10000.0,0.00000001,0.00000000000092914,7740161,2019-06-17 14:32:38,BTC,0.032061,0.0,0.00000001,BTC,299316.7611111111,0.0,0.0001,126
1,[],4,[],2019-07-17 14:35:11,233049.5636598,0.00000290,0.00000000027987697,7829556,2019-07-17 14:35:11,btc,2.4176441208648884,0.0,0.00000290,btc,234379.98160612,0.03768891,0.1681519871611613,131
0,[],2,[],2019-01-20 23:25:46,0.0,0,0,6476969,2019-01-20 23:25:46,,0.0,0.0,0,,0.0,0.0,0.0,131
1,[],17,[],2019-05-03 01:13:10,10000.0,0.00000001,0.000000000000548003,7559115,2019-05-03 01:13:10,btc,0.0953976503951408,0.0,0.00000001,btc,5037.62507334,0.0,0.0001,131
1,[],4,[],2019-07-17 14:37:13,4024.07610389,0.00007711,0.000000007441832123,7829557,2019-07-17 14:37:13,btc,0.5123171633019784,0.0,0.00007711,btc,257.18884981,0.00016098,0.0048431249190952,135
1,[],3,[],2019-07-13 16:51:20,187.26592867,0.00000001,0.000000000001140965,7813490,2019-07-13 16:51:20,btc,419.77407087449336,1935513.62324,0.00000001,btc,3179086.72005867,0.0,1.8726592866999999e-06,136
1,[],4,[],2019-07-17 14:37:15,830214.30637082,0.00000100,0.00000000009650930000000001,7829558,2019-07-17 14:37:15,btc,25.460242566135573,0.0,0.00000100,btc,817200.00170882,0.00665019,0.0749956542847222,137
1,[],12,[],2019-07-17 14:37:16,31661.81340227,0.00000096,0.000000000092648928,7829559,2019-07-17 14:37:16,btc,25.49486897814761,0.0,0.00000096,btc,76578.02250503,0.0,0.0049109099999897,137
1,[],4,[],2019-07-17 14:37:17,325353.72331029,0.00000937,0.0000000009042921410000001,7829560,2019-07-17 14:37:17,btc,6.0180694714007705,0.0,0.00000937,btc,165339.76806564,0.38026593,0.4609064798003898,142
1,[],20,[],2019-07-17 14:39:20,111041.5083,0.000006431,0.0000000006206513083,7829561,2019-07-17 14:39:20,btc,1.5858218355917,0.01,0.000006431,btc,9885.6594,6.071e-08,0.0046158084023,142
1,[],22,[],2019-07-17 14:39:23,10619.88,0.00000200,0.00000000019301860000000002,7829562,2019-07-17 14:39:23,BTC,2.99759384,0.0,0.00000200,BTC,835.7198755539798,0.0,0.00416696,142
0.0,[],25,[],2019-07-17 14:39:26,0.0,0,0,7829563,2019-07-17 14:39:26,,0.0,0.0,0.0,btc,0.0,0.0,0.0,142
1,[],28,[],2019-07-17 14:39:27,76710.0,0.000011100000,0.0000000010712532300000001,7829564,2019-07-17 14:39:27,btc,0.438587390411,4167.0,0.000011100000,btc,1381.1951,0.0,0.0043322,142
1,[],17,[],2019-05-03 01:13:16,32967.38636364,0.00000088,0.000000000048224264,7559122,2019-05-03 01:13:16,btc,20.06976206696776,0.0,0.00000088,btc,2746.079105,0.0,0.0105613000000032,142
1,[],5,[],2019-07-06 02:06:10,0.0,0,0,7800822,2019-07-06 02:06:10,btc,0.0,0.00140707,0,btc,0.0,0.0,0.0,142
0,[],22,[],2019-07-17 14:39:30,0.0,0,0,7829565,2019-07-17 14:39:30,,68.37063373,0.0,0,,760031684.3744589,0.0,0.0,143
0,[],22,[],2019-02-25 15:42:22,0.0,0,0,6783783,2019-02-25 15:42:22,,4.2131946,0.0,0,,2322156.0,0.0,0.0,146
,[],22,[],2018-11-20 23:01:11,0.0,0,0,4862114,2018-11-20 23:01:11,,2.56807021,0.0,,,61828.4988236,0.0,0.0,147
1,[],12,[],2019-04-21 06:38:04,193091.5971266,0.00000071,0.000000000037635183,7388679,2019-04-21 06:38:04,btc,2.301232411611175,0.0,0.00000071,btc,9957.48302385,0.00023528,0.0313308199999888,148
1,[],4,[],2019-03-19 21:31:25,255810.0415942,0.00000029,0.000000000011615747,6982695,2019-03-19 21:31:25,btc,218.94922712414143,0.0,0.00000029,btc,793529.37642722,0.00117,0.0608347789473395,152
0,[],22,[],2019-03-19 21:31:27,0.0,0,0,6982696,2019-03-19 21:31:27,,0.0,0.0,0,,0.0,0.0,0.0,152
1,[],5,[],2019-04-26 09:36:59,0.0,0,0,7465040,2019-04-26 09:36:59,btc,0.0,0.0,0,btc,0.0,0.0,0.0,153
,[],16,[],2019-01-11 15:38:59,0.0,0,0,6366141,2019-01-11 15:38:59,btc,0.0,0.0,,btc,0.0,0.0,0.0,155
0,[],22,[],2019-07-17 14:39:35,0.0,0,0,7829566,2019-07-17 14:39:35,,7.42843365,0.0,0,,5840816.592592592,0.0,0.0,156
0,[],23,[],2019-01-20 23:24:29,0.0,0,0,6476932,2019-01-20 23:24:29,,0.0,0.0,0,,0.0,0.0,0.0,156
1,[],22,[],2019-07-17 14:39:39,6996.0,0.00000001,0.000000000000965093,7829567,2019-07-17 14:39:39,BTC,1.7543039,0.0,0.00000001,BTC,57.0,0.0,6.996e-05,157
0,[],22,[],2019-07-17 14:39:41,0.0,0,0,7829568,2019-07-17 14:39:41,,50234.60468402,0.0,0,,54786159.03179465,0.0,0.0,158
,[],17,[],2018-11-20 22:56:10,0.0,0,0,4861976,2018-11-20 22:56:10,btc,1.1265625,0.0,,btc,1000.0,0.0,0.0,159
,[],20,[],2018-11-20 22:56:12,0.0,0,0,4861977,2018-11-20 22:56:12,btc,11912.7940471,0.0,,btc,34413894.3617,0.0,0.0,159
1,[],12,[],2019-07-10 22:05:17,232905.70345548,0.0000063199999999999996293047720141711209862478426657617092132568359375,0.000000000743295832,7800964,2019-07-10 22:05:17,btc,9.923963040252861,0.0,0.0000063199999999999996293047720141711209862478426657617092132568359375,btc,15215.45465465,0.0062861,0.033379940599723996,168
1,[],17,[],2019-05-03 01:13:36,42852.0,0.00000002,0.000000000001096006,7559132,2019-05-03 01:13:36,btc,0.04279856251542,0.0,0.00000002,btc,274.46171372,0.0,0.00052852,168
1,[],22,[],2019-05-17 03:01:52,10.0,0.00000001,0.000000000000778341,7642059,2019-05-17 03:01:52,BTC,41.95893009,0.0,0.00000001,BTC,1753972.7737547632,0.0,1e-07,169
1,[],22,[],2019-07-17 14:39:45,71209.0,0.00000001,0.000000000000965093,7829569,2019-07-17 14:39:45,BTC,27.84211451,0.0,0.00000001,"BTC,LTC",276219.64947371837,7.6e-07,0.00090209,171
1,[],22,[],2019-07-17 14:39:50,430745.0,0.00000001,0.000000000000965093,7829570,2019-07-17 14:39:50,BTC,21.26005372,0.0,0.00000001,"BTC,LTC",1445922.7469384319,8.407e-05,0.00726947,173
1,[],5,[],2019-07-06 02:08:45,0.0,0,0,7800830,2019-07-06 02:08:45,btc,0.0,0.00700197,0,btc,0.0,0.0,0.0,175
1,[],22,[],2019-07-17 14:39:53,10000.0,0.00000001,0.000000000000965093,7829571,2019-07-17 14:39:53,BTC,393.97654772,0.0,0.00000001,BTC,136275.61833431243,0.0,0.0001,176
1,[],22,[],2019-07-17 14:39:57,30.0,0.00000001,0.000000000000965093,7829572,2019-07-17 14:39:57,BTC,1.00242428,0.0,0.00000001,BTC,57512.0,0.0,3e-07,178
1,[],7,[],2019-07-01 10:15:32,0.0,0,0,7783526,2019-07-01 10:15:32,btc,521516.2326888725,0.0,0,btc,26809253.73522063,0.0,0.0,178
0,[],2,[],2019-01-20 23:28:34,0.0,0,0,6477001,2019-01-20 23:28:34,,0.0,0.0,0,,0.0,0.0,0.0,178
1,[],5,[],2019-07-06 02:08:50,0.0,0,0,7800832,2019-07-06 02:08:50,btc,0.0,6.904e-05,0,btc,0.0,0.0,0.0,179
0,[],22,[],2019-07-17 14:40:05,0.0,0,0,7829573,2019-07-17 14:40:05,,9.36843169,0.0,0,,14852735.311946675,0.0,0.0,179
0,[],23,[],2019-01-20 23:25:08,0.0,0,0,6476952,2019-01-20 23:25:08,,0.0,0.0,0,,0.0,0.0,0.0,179
1,[],22,[],2019-07-17 14:42:10,738809.4706585081,0.00000039,0.000000000037638627,7829574,2019-07-17 14:42:10,BTC,40.60287588,0.0,0.00000039,"BTC,LTC",161849.4107012939,0.00323428,0.58400232,180
1,[],26,[],2019-07-17 14:42:10,0.0,0.00000010,0.00000000000965093,7829575,2019-07-17 14:42:10,btc,0.0,0.0,0.00000010,btc,0.0,0.0,0.0,180
1,[],17,[],2019-05-03 01:13:56,20504.725000000002,0.0000001,0.00000000000548003,7559141,2019-05-03 01:13:56,btc,5.2010695838400265,0.0,0.0000001,btc,5033.45945,0.0,0.0011504725,180
,[],7,[],2018-11-20 22:58:01,562227.975654,0.00000085,0.000000000036176765,4862015,2018-11-20 22:58:01,btc,21836.6059674,2491.87645172,,btc,749999.041456,0.00211021,0.127565380455,183
,[],5,[],2019-01-10 08:11:41,0.0,0,0,6347036,2019-01-10 08:11:41,btc,82.15055501,0.00261,,btc,1.19002445,0.0,0.0,187
,[],17,[],2018-11-16 20:58:10,4062536.27273,0.00000001,0.000000000000550501,4708775,2018-11-16 20:58:10,btc,3.36492563466,0.195460381006,,"btc,eth",110697919.549,0.0,0.0157628953496,187
1,[],24,[],2019-05-22 21:04:52,0.0,0.000000000014,0.0000000000000010960978,7670219,2019-05-22 21:04:52,btc,0.0,0.0,0.000000000014,btc,0.0,0.0,0.0,187
0,[],22,[],2019-07-13 22:02:15,0.0,0,0,7814314,2019-07-13 22:02:15,,7.54794454,0.0,0,,76361.7243344055,0.0,0.0,191
0,[],22,[],2019-06-17 14:33:34,0.0,0,0,7740182,2019-06-17 14:33:34,,0.0,0.0,0,,0.0,0.0,0.0,197
0,[],23,[],2019-01-20 23:31:41,0.0,0,0,6477079,2019-01-20 23:31:41,,0.0,0.0,0,,0.0,0.0,0.0,199
0,[],22,[],2019-07-17 14:42:13,0.0,0,0,7829576,2019-07-17 14:42:13,,10.5844317,0.0,0,,84460965.0,0.0,0.0,199
1,[],26,[],2019-07-17 14:42:13,0.0,0.00000000,0,7829577,2019-07-17 14:42:13,btc,0.0,0.0,0.00000000,btc,0.0,0.0,0.0,199
0,[],2,[],2019-01-20 23:30:49,0.0,0,0,6477059,2019-01-20 23:30:49,,0.0,0.0,0,,0.0,0.0,0.0,201
1,[],4,[],2019-01-25 15:51:35,2084389.58565343,0.00000936,0.000000000333526752,6499557,2019-01-25 15:51:35,btc,2.0092503037378524,0.0,0.00000936,btc,160195.80207885,0.19272417,1.242687955921835,211
1,[],7,[],2019-07-01 02:21:28,1170054124.6898527,0.00000018,0.000000000019815389999999997,7782694,2019-07-01 02:21:28,btc,1346735.6331920293,0.0,0.00000018,btc,5516233.71348162,0.0,11.954344045954047,212
1,[],12,[],2019-01-25 02:44:32,207462.42853209,0.000001080000000000000035831255497387193287295303889550268650054931640625,0.000000000038610756000000006,6493050,2019-01-25 02:44:32,btc,85023.03793723314,0.0,0.000001080000000000000035831255497387193287295303889550268650054931640625,btc,43675.73520027,0.000146250909087,0.0348620860622024,213
1,[],24,[],2019-07-14 17:01:36,0.0,0.000000200000,0.00000000002082346,7817375,2019-07-14 17:01:36,btc,0.0,0.0,0.000000200000,btc,0.0,0.0,0.0,213
1,[],26,[],2019-07-14 17:01:36,0.0,0.00000040,0.00000000004164692,7817376,2019-07-14 17:01:36,btc,0.0,0.0,0.00000040,btc,0.0,0.0,0.0,213
1,[],5,[],2019-05-30 00:07:46,0.0,0,0,7709357,2019-05-30 00:07:46,btc,0.0,0.06425239,0,btc,0.0,0.0,0.0,213
0,[],22,[],2019-07-17 14:42:19,0.0,0,0,7829578,2019-07-17 14:42:19,,9.54552254,0.0,0,,3658585.214064925,0.0,0.0,216
0,[],27,[],2019-07-17 14:42:25,0.0,0,0,7829579,2019-07-17 14:42:25,,173.9959595140976,0.0,0,"btc,ltc",443967.12534794,0.0,0.0,216
1,[],22,[],2019-07-17 14:42:28,1063933.0,0.00000006,0.000000000005790558,7829580,2019-07-17 14:42:28,BTC,12056.06673536,0.0,0.00000006,BTC,621525.9599118046,0.0,0.0256178,217
1,[],7,[],2019-06-27 19:02:35,0.0,0,0,7772298,2019-06-27 19:02:35,btc,2123800.2774640615,0.0,0,btc,82333746.4752352,0.0,0.0,219
0,[],27,[],2019-07-16 21:32:01,0.0,0,0,7826592,2019-07-16 21:32:01,,250.20642758069673,0.0,0,btc,46772.535837,0.0,0.0,219
0,[],28,[],2019-07-16 21:32:02,0.0,0,0,7826593,2019-07-16 21:32:02,,0.0,0.0,0,,0.0,0.0,0.0,219
0,[],22,[],2019-07-17 14:42:30,0.0,0,0,7829581,2019-07-17 14:42:30,,57.73116496,0.0,0,,182427.70709740353,0.0,0.0,221
1,[],24,[],2019-07-17 14:42:30,0.0,0.000000010000,0.000000000000965093,7829582,2019-07-17 14:42:30,btc,0.0,0.0,0.000000010000,btc,0.0,0.0,0.0,221
1,[],20,[],2019-06-17 14:34:11,26882155.8301,0.000000003,0.000000000000278742,7740192,2019-06-17 14:34:11,btc,100050.81956632523,233521.3529,0.000000003,btc,38769742.8604,0.0007925640587,0.0306863532672,224
0,[],22,[],2019-06-17 14:34:13,0.0,0,0,7740193,2019-06-17 14:34:13,,0.0,0.0,0,,0.0,0.0,0.0,224
1,[],26,[],2019-07-17 14:42:31,0.0,0.00000022,0.000000000021232046000000002,7829583,2019-07-17 14:42:31,btc,0.0,0.0,0.00000022,btc,0.0,0.0,0.0,231
1,[],26,[],2019-07-17 14:42:31,0.0,0.00000005,0.000000000004825465,7829584,2019-07-17 14:42:31,btc,0.0,0.0,0.00000005,btc,0.0,0.0,0.0,234
0.0000000002157004,[],27,[],2019-07-17 14:42:35,100.0,2.1570039999999997e-18,2.081709461372e-22,7829585,2019-07-17 14:42:35,eth,0.0,0.0,0.00000001,"btc,eth",0.0,0.0,2.1570039999999999e-16,234
1,[],4,[],2019-05-22 17:06:12,91780.56053785,0.00000078,0.000000000061977552,7669277,2019-05-22 17:06:12,btc,5.573372450018177,0.0,0.00000078,btc,729173.93529783,0.0,0.0307060663355679,236
1,[],24,[],2019-05-22 17:06:12,0.0,0.000000010000,0.000000000000794584,7669278,2019-05-22 17:06:12,btc,0.0,0.0,0.000000010000,btc,0.0,0.0,0.0,236
1,[],5,[],2019-07-06 02:11:21,0.0,0,0,7800842,2019-07-06 02:11:21,btc,0.0,0.10652887,0,btc,0.0,0.0,0.0,237
1,[],20,[],2019-07-17 14:42:38,69283659.5199,0.000000047,0.0000000000045359371,7829586,2019-07-17 14:42:38,btc,518.1955159293886,22795846.455,0.000000047,btc,37970390.1222,1.2654915200333,0.7852382701515,237
1,[],22,[],2019-07-17 14:42:42,2131868.0,0.00000004,0.000000000003860372,7829587,2019-07-17 14:42:42,BTC,1.20109922,0.0,0.00000004,"BTC,LTC",14430.948717948719,0.0,0.0281597,237
1,[],5,[],2019-07-06 02:11:32,0.0,0,0,7800846,2019-07-06 02:11:32,btc,0.0,0.05525444,0,btc,0.0,0.0,0.0,238
1,[],4,[],2019-07-17 14:42:43,23812361.26840396,0.00000004,0.000000000003860372,7829588,2019-07-17 14:42:43,btc,2.6769619584136217,0.0,0.00000004,btc,13116271.83219954,0.00867401,0.3572981049761581,238
0.0000000000879035,[],22,[],2019-07-17 14:42:46,419253.0,8.790350000000002e-19,8.483505252550002e-23,7829589,2019-07-17 14:42:46,LTC,0.40428224,0.0,0.00000001,LTC,497363.0639027493,0.0,0.00419253,249
0,[],22,[],2019-07-17 14:42:49,0.0,0,0,7829590,2019-07-17 14:42:49,,13.44711564,0.0,0,,43776457.3426455,0.0,0.0,252
1,[],28,[],2019-07-17 14:42:50,3194286.783,0.00000006,0.000000000005790558,7829591,2019-07-17 14:42:50,btc,205.70764312498352,273318.8,0.00000006,btc,4318086.63193918,0.0,0.06864469998,256
0.0000000000879035,[],22,[],2019-07-17 14:42:54,1517.0,8.790350000000002e-19,8.483505252550002e-23,7829592,2019-07-17 14:42:54,LTC,31472.74811374,0.0,0.00000001,LTC,783636.028948892,0.0,1.517e-05,258
1,[],22,[],2019-05-19 18:12:02,400.0,0.00000001,0.0000000000007957800000000001,7653905,2019-05-19 18:12:02,BTC,2.415167,0.0,0.00000001,BTC,157.0,0.0,4e-06,259
1,[],5,[],2019-07-02 14:44:15,0.0,0,0,7788374,2019-07-02 14:44:15,btc,0.0,0.02775788,0,btc,0.0,0.0,0.0,264
1,[],20,[],2019-07-17 14:11:04,1057487.0905,0.000000171,0.0000000000162763614,7829463,2019-07-17 14:11:04,btc,0.526639919592,36264.5502,0.000000171,btc,44264.6328,0.0103716613572,0.0076382673302,264
0,[],22,[],2019-04-12 17:57:27,0.0,0,0,7278186,2019-04-12 17:57:27,,66.37522201,0.0,0,,677842.4169881374,0.0,0.0,271
0,[],22,[],2019-07-17 14:42:59,0.0,0,0,7829593,2019-07-17 14:42:59,,33050469.74148113,0.0,0,,14261527780.7,0.0,0.0,272
0.0000000000000030390000000000003,[],28,[],2019-07-17 14:43:01,373347535655.0,3.039e-22,2.9329176270000006e-26,7829594,2019-07-17 14:43:01,doge,58791748.48151669,2257872378.0,0.0000001,doge,110121804072.58844,0.0,4.498840285186914e-11,272
1,[],22,[],2019-05-23 07:12:29,219930.0,0.00000004,0.000000000003048688,7671985,2019-05-23 07:12:29,BTC,426.77835217,0.0,0.00000004,BTC,248664.3325962929,0.0,0.00739728,281
1,[],22,[],2019-07-17 14:43:05,838472.4,0.00000002,0.000000000001930186,7829595,2019-07-17 14:43:05,BTC,6.83879134,0.0,0.00000002,"BTC,LTC",1148577.7620311212,0.0005154,0.02240861,286
0,[],22,[],2019-07-12 21:46:03,0.0,0,0,7810176,2019-07-12 21:46:03,,7337942.20855518,0.0,0,,2077158967.6797826,0.0,0.0,294
