pairValue,buyBook,exchangeId,sellBook,updated,buyTotal,satoshiPrice,usdPrice,exchangeLogId,created,bestPair,sellTotalBtc,volume,pairPrice,activePairs,sellTotal,volumeBtc,buyTotalBtc,coinId
1,[],3,[],2019-01-28 01:18:36,104.492830359678,0.0128828599999999994507593470416395575739443302154541015625,0.00000045721914283000004,6517008,2019-01-28 01:18:36,btc,106.9654843198356,0.100024595156,0.0128828599999999994507593470416395575739443302154541015625,btc,13.764206406273,0.0,0.18646385094946913,1
1,[],4,[],2019-01-28 01:18:36,25051.02750281,0.01283066,0.00000045536653873,6517009,2019-01-28 01:18:36,btc,0.9135136282212132,0.0,0.01283066,btc,64.38573444,0.95717165,0.9117603414383929,1
1,[],5,[],2019-01-28 01:18:39,0.22718409,0.01252179,0.000000444404587995,6517010,2019-01-28 01:18:39,btc,14578.46197217,0.00408843,0.01252179,btc,35555556.27832895,0.0,1.62218756,1
1,[],10,[],2019-01-28 01:18:41,271420.78834284,0.01240001,0.000000440082554905,6517011,2019-01-28 01:18:41,btc,6535.9814066447,1244.35524801,0.01240001,btc,865.93562989,0.0,3.595171667856405,1
1,[],12,[],2019-01-28 01:18:44,10413.53569445,0.01179000000000000013267165144270620658062398433685302734375,0.00000041843299500000003,6517012,2019-01-28 01:18:44,btc,0.4170898747911,0.0,0.01179000000000000013267165144270620658062398433685302734375,btc,26.77805213,0.0237747654116,0.07121286011360001,1
1,[],20,[],2019-01-28 01:18:46,1352.2978,0.010500011,0.00000037265064039550005,6517013,2019-01-28 01:18:46,btc,0.0564711704203,0.0,0.010500011,btc,2.4781,0.0,0.1062812395601,1
1,[],21,[],2019-01-28 01:18:48,2776.24020618,0.01297366999999999964687802390,0.00000046044203513500004,6517014,2019-01-28 01:18:48,btc,31.810841849159807,1771.5980289200002,0.012973669999999999646878023895624210126698017120361328125,"btc,eth",2736.29788509,18.91440849781012,28.602905395585676,1
1,[],22,[],2019-01-28 01:18:54,0.0363776,0.01400000,0.000000496867,6517015,2019-01-28 01:18:54,BTC,0.31387019,0.0,0.01400000,BTC,0.09333966666666667,0.0,0.00048472,1
1,[],24,[],2019-01-28 01:19:59,0.0,0.000000000000,0,6517016,2019-01-28 01:19:59,btc,0.0,0.0,0.000000000000,btc,0.0,0.0,0.0,1
0.0,[],25,[],2019-01-28 01:19:59,0.0,0,0,6517017,2019-01-28 01:19:59,btc,20.160099998260442,321.40564162,0.0,btc,1495.7942124,4.0898,0.0,1
1,[],26,[],2019-01-28 01:20:41,0.0,0,0,6517018,2019-01-28 01:20:41,,0.0,0.0,0,,0.0,0.0,0.0,1
1,[],28,[],2019-01-28 01:20:43,987.9,0.01131000,0.000000401397555,6517019,2019-01-28 01:20:43,btc,0.162839806,17712.65,0.01131000,btc,8.9,0.0,0.024551096,1
0,[],2,[],2019-01-20 23:28:45,0.0,0,0,6477011,2019-01-20 23:28:45,,0.0,0.0,0,,0.0,0.0,0.0,1
1,[],5,[],2019-01-28 01:20:44,1.749e-05,0.00000069,0.000000000024488445,6517020,2019-01-28 01:20:44,btc,0.13857977,0.09885554,0.00000069,btc,7.898e-05,0.0,0.45937834,2
1,[],22,[],2019-01-28 01:20:49,1754.625335862178,0.0000004,0.0000000000141962,6517021,2019-01-28 01:20:49,BTC,0.0231601,0.0,0.0000004,"BTC,XMR",14562.72385,0.0,0.00111682,2
1,[],5,[],2019-01-28 01:20:51,1.25e-06,0.00000016,0.000000000005678480000000001,6517022,2019-01-28 01:20:51,btc,3.91629161,0.00716912,0.00000016,btc,2.204e-05,0.0,1.9736084,3
1,[],12,[],2019-01-28 01:20:52,12350356.95264945,0.000000169,0.0000000000059978945,6517023,2019-01-28 01:20:52,btc,921359.582808245,0.0,0.000000169,btc,8093866.30516188,0.04521098687229645,0.5238614857355458,3
0,[],28,[],2019-01-28 01:21:25,0.0,0,0,6517024,2019-01-28 01:21:25,,0.0,0.0,0,,0.0,0.0,0.0,3
0,[],2,[],2019-01-20 23:31:32,0.0,0,0,6477077,2019-01-20 23:31:32,,0.0,0.0,0,,0.0,0.0,0.0,4
1,[],4,[],2019-01-28 01:21:26,332092.64055944,0.00000049,0.000000000017390345,6517025,2019-01-28 01:21:26,btc,0.4961449947435314,0.0,0.00000049,btc,321093.99393594,0.00884827,0.0466316818549375,4
1,[],12,[],2019-01-25 15:53:49,1222127.5219999999,0.00000003,0.000000000001069017,6499609,2019-01-25 15:53:49,btc,11013867.817925906,0.0,0.00000003,btc,969763.77092902,0.0,0.01617509044,5
0,[],2,[],2019-01-20 23:31:51,0.0,0,0,6477087,2019-01-20 23:31:51,,0.0,0.0,0,,0.0,0.0,0.0,6
1,[],11,[],2019-01-28 01:21:28,3384831.0,0.00000001,0.00000000000035490500000000004,6517026,2019-01-28 01:21:28,btc,9432.524718854567,890188.0,0.00000001,btc,41871876.72229939,0.0,0.03384831,6
1,[],3,[],2019-01-28 01:21:32,1053.285082148516,0.00015054000000000000540623101841219977359287440776824951171875,0.0000000053427398700000006,6517027,2019-01-28 01:21:32,btc,30.108593419388622,0.0,0.00015054000000000000540623101841219977359287440776824951171875,btc,231.077492617847,0.0,0.028528323718921555,7
1,[],4,[],2019-01-28 01:21:35,17948.29898341,0.00015100,0.0000000053590655,6517028,2019-01-28 01:21:35,btc,1.2417249961578491,0.0,0.00015100,btc,7188.02056245,3.00472079,2.486942502516507,7
1,[],5,[],2019-01-28 01:21:36,0.0057176,0.00015739,0.0000000055858497950000005,6517029,2019-01-28 01:21:36,btc,1.33054497,0.24797873,0.00015739,btc,0.01081677,0.0,1.42468481,7
1,[],20,[],2019-01-28 01:21:38,62771509.8802,0.000000001,0.0000000000000354905,6517030,2019-01-28 01:21:38,btc,121.193338259396,0.0,0.000000001,btc,26031125.3262,0.0,0.0627715098802,8
1,[],1,[],2019-01-28 01:21:46,2506055.84,0.000001940000000000000060442102711721901187047478742897510528564453125,0.00000000006885157,6517031,2019-01-28 01:21:46,btc,6.5072705057,10870402.17,0.000001940000000000000060442102711721901187047478742897510528564453125,btc,3285412.42,21.06247357,4.808157484,9
1,[],4,[],2019-01-28 01:21:47,388480.77978382,0.00000192,0.00000000006814176,6517032,2019-01-28 01:21:47,btc,0.7189009150525577,0.0,0.00000192,btc,359157.87708249,1.50617772,0.7104358336888076,9
1,[],28,[],2019-01-28 01:22:15,34500.0,0.00000165,0.00000000005855932500000001,6517033,2019-01-28 01:22:15,btc,2708.75020572,3519100.0,0.00000165,btc,7862.68,0.0,0.02854,9
0,[],2,[],2019-01-20 23:22:42,0.0,0,0,6476876,2019-01-20 23:22:42,,0.0,0.0,0,,0.0,0.0,0.0,9
0,[],23,[],2019-01-20 23:22:48,0.0,0,0,6476878,2019-01-20 23:22:48,,0.0,0.0,0,,0.0,0.0,0.0,9
1,[],4,[],2019-01-28 00:22:54,7115728.09026053,0.00000002,0.000000000000708618,6516794,2019-01-28 00:22:54,btc,0.2147556972323771,0.0,0.00000002,btc,4269973.6289737,0.0,0.0741439661052106,10
1,[],4,[],2019-01-28 00:45:17,2402022.13220107,0.00000143,0.000000000050770148000000004,6516992,2019-01-28 00:45:17,btc,1.1351727958442817,0.0,0.00000143,btc,755524.05017122,1.74174593,2.5011309308777916,12
1,[],5,[],2019-01-28 00:45:21,1.113e-05,0.00000140,0.00000000004970504,6516993,2019-01-28 00:45:21,btc,0.26304412,0.45989968,0.00000140,btc,0.0001155,0.0,0.22676409,12
0.0,[],25,[],2019-01-28 00:45:26,0.0,0,0,6516994,2019-01-28 00:45:26,,0.0,0.0,0.0,btc,0.0,0.0,0.0,12
0,[],2,[],2019-01-20 23:23:08,0.0,0,0,6476890,2019-01-20 23:23:08,,0.0,0.0,0,,0.0,0.0,0.0,12
1,[],4,[],2019-01-28 00:22:59,354402.46945953,0.00000708,0.000000000250850772,6516798,2019-01-28 00:22:59,btc,0.3863320615704231,0.0,0.00000708,btc,51848.99773411,0.63781328,1.4730201373003238,13
1,[],10,[],2019-01-28 00:23:01,568197.45620527,0.00000709,0.000000000251205081,6516799,2019-01-28 00:23:01,btc,666807.9320364001,5811.24187739,0.00000709,btc,838834.70195478,0.0,0.8106648035899199,13
1,[],21,[],2019-01-28 00:23:03,1580277.7950864,0.000007209999999999999578442679699,0.000000000255456789,6516800,2019-01-28 00:23:03,btc,7.424883206961232,578177.89166826,0.0000072099999999999995784426796985311369780902168713510036468505859375,btc,961651.5506716,4.17233943,10.156906617943354,13
1,[],4,[],2019-01-28 00:45:34,699327.03893408,0.00000171,0.000000000060711156,6516995,2019-01-28 00:45:34,btc,0.1139014450714361,0.0,0.00000171,btc,47748.48127409,0.01889045,0.1231145230110275,14
1,[],12,[],2019-01-28 00:45:34,92399.4415026,0.000001769999999999999994019540816569957542014890350401401519775390625,0.000000000062841372,6516996,2019-01-28 00:45:34,btc,1.7865241405150611,0.0,0.000001769999999999999994019540816569957542014890350401401519775390625,btc,37974.62520423,0.0003512409449712,0.021019319514892,14
0,[],17,[],2019-01-28 00:45:36,0.0,0,0,6516997,2019-01-28 00:45:36,btc,0.0,0.0,0,btc,0.0,0.0,0.0,14
1,[],26,[],2019-01-28 00:45:36,0.0,0.00000020,0.0000000000071007200000000005,6516998,2019-01-28 00:45:36,btc,0.0,0.0,0.00000020,btc,0.0,0.0,0.0,14
0,[],4,[],2019-01-28 00:45:37,0.0,0,0,6516999,2019-01-28 00:45:37,,0.0,0.0,0,,0.0,0.0,0.0,15
,[],12,[],2018-12-01 15:15:48,204241.84496,0.00000489,0.000000000202473384,5260204,2018-12-01 15:15:48,btc,49.5475654835,0.0,,btc,35763.2193806,0.0163153972027625,0.0203389899998,15
1,[],4,[],2019-01-28 00:23:08,24438.93238842,0.00001856,0.000000000657597504,6516806,2019-01-28 00:23:08,btc,1.2099077961887155,0.0,0.00001856,btc,6516.87848167,0.0253964,0.0716802499682832,18
1,[],10,[],2019-01-28 00:23:10,391141.15494561,0.00001811,0.0000000006416535990000001,6516807,2019-01-28 00:23:10,btc,15.531755245266464,10571.4434463,0.00001811,btc,10310.77660463,0.0,0.2013661667230511,18
1,[],12,[],2019-01-28 00:23:11,200823.73518804,0.00001788000000000000160494013912160227164349635131657123565673828125,0.0000000006335044920000001,6516808,2019-01-28 00:23:11,btc,0.1942511785929252,0.0,0.00001788000000000000160494013912160227164349635131657123565673828125,btc,1945.80643477,0.0,0.0181311692548285,18
0,[],17,[],2019-01-28 00:23:14,0.0,0,0,6516809,2019-01-28 00:23:14,btc,0.0,0.0,0,btc,0.0,0.0,0.0,18
0,[],2,[],2019-01-20 23:23:38,0.0,0,0,6476906,2019-01-20 23:23:38,,0.0,0.0,0,,0.0,0.0,0.0,18
1,[],3,[],2019-01-28 00:45:38,108852.37236620068,0.0000381099999999999993448296375930794965825043618679046630859375,0.000000001353042196,6517000,2019-01-28 00:45:38,btc,1.2539103422561992,0.0,0.0000381099999999999993448296375930794965825043618679046630859375,btc,8295.084546752028,0.0,0.11579627793169818,19
1,[],4,[],2019-01-28 00:45:40,66942.99829141,0.00003862,0.000000001371149032,6517001,2019-01-28 00:45:40,btc,1.459621853859668,0.0,0.00003862,btc,30574.77026726,1.13947247,1.4375005262897613,19
1,[],5,[],2019-01-28 00:45:42,0.00032937,0.00003500,0.000000001242626,6517002,2019-01-28 00:45:42,btc,0.30867748,0.0,0.00003500,btc,0.00346475,0.0,0.19126716,19
1,[],12,[],2019-01-28 00:45:44,133822.0,0.0000425099999999999978751719087455285261967219412326812744140625,0.000000001509258036,6517003,2019-01-28 00:45:44,btc,1.991826099018342,0.0,0.0000425099999999999978751719087455285261967219412326812744140625,btc,416.49251023,0.0,0.03952802,19
0,[],27,[],2019-01-28 00:45:45,0.0,0,0,6517004,2019-01-28 00:45:45,,0.0,0.0,0,btc,0.0,0.0,0.0,19
0,[],2,[],2019-01-20 23:24:19,0.0,0,0,6476924,2019-01-20 23:24:19,,0.0,0.0,0,,0.0,0.0,0.0,19
1,[],4,[],2019-01-28 00:45:46,9448048.34664562,0.00000015,0.00000000000532554,6517005,2019-01-28 00:45:46,btc,0.8092880812208231,0.0,0.00000015,btc,1583112.29307681,0.0,0.3958519084068923,20
1,[],4,[],2019-01-28 00:24:45,127651962.93823025,0.00000002,0.000000000000708618,6516816,2019-01-28 00:24:45,btc,0.7126622995700169,0.0,0.00000002,btc,17815842.24481207,0.00618143,1.5628188429744454,21
1,[],12,[],2019-01-28 00:24:50,19517252.0,0.00000002,0.000000000000708618,6516817,2019-01-28 00:24:50,btc,668.0286444380631,0.0,0.00000002,btc,8017846.14785487,2.3676323676e-06,0.26328156,21
0,[],17,[],2019-01-28 00:24:55,0.0,0,0,6516818,2019-01-28 00:24:55,btc,0.0,0.0,0,btc,0.0,0.0,0.0,21
1,[],12,[],2019-01-28 00:24:56,4532622840.531896,0.0000000001,0.0000000000000035430900000000005,6516819,2019-01-28 00:24:56,btc,1721703601719.6191,0.0,0.0000000001,btc,6681839762.516715,0.000879113675524474,0.4532622840531896,23
0,[],27,[],2019-01-28 00:25:05,0.0,0,0,6516820,2019-01-28 00:25:05,,0.424699,0.0,0,eth,424699.0,0.0,0.0,23
1,[],4,[],2019-01-28 00:25:05,983888.10539776,0.00000083,0.000000000029407647000000004,6516821,2019-01-28 00:25:05,btc,0.1112692630255557,0.0,0.00000083,btc,89683.48340175,0.00853158,0.4222277203583176,24
1,[],22,[],2019-01-28 00:25:09,11.76,0.00000100,0.000000000035430900000000003,6516822,2019-01-28 00:25:09,BTC,7.415e-05,0.0,0.00000100,BTC,23.919354838709676,0.0,1.176e-05,24
0.0,[],25,[],2019-01-28 00:25:11,0.0,0,0,6516823,2019-01-28 00:25:11,,0.0,0.0,0.0,btc,0.0,0.0,0.0,24
1,[],4,[],2019-01-28 00:25:12,28893755.25046858,0.00000650,0.00000000023030085,6516824,2019-01-28 00:25:12,btc,0.4780137963436622,0.0,0.00000650,btc,41151.65293458,0.13741352,0.4020551534604264,26
1,[],10,[],2019-01-28 00:25:15,728871.02914292,0.00000684,0.000000000242347356,6516825,2019-01-28 00:25:15,btc,27.97546788151626,0.0,0.00000684,btc,12551.86744572,0.0,0.2041722905149324,26
0,[],2,[],2019-01-20 23:25:56,0.0,0,0,6476976,2019-01-20 23:25:56,,0.0,0.0,0,,0.0,0.0,0.0,26
1,[],3,[],2019-01-28 00:26:19,7731516.03885143,0.00000001,0.000000000000354309,6516826,2019-01-28 00:26:19,btc,3.1263314916932003,345199.9753,0.00000001,btc,18257128.93483052,0.0,0.0773151603885143,27
1,[],5,[],2019-01-28 00:26:36,1e-08,0.00000001,0.000000000000354309,6516827,2019-01-28 00:26:36,btc,2.62275868,9.215e-05,0.00000001,btc,4.436e-05,0.0,0.02470144,27
1,[],11,[],2019-01-28 00:26:45,10597882.41182718,0.00000005,0.000000000001771545,6516828,2019-01-28 00:26:45,btc,370.53275036350783,1000.0,0.00000005,btc,8220964.80991447,0.0,0.4932896594767663,27
1,[],4,[],2019-01-28 00:26:46,315381631.63915116,0.00000003,0.000000000001062927,6516829,2019-01-28 00:26:46,btc,3.971426538158439,0.0,0.00000003,"btc,ltc",152575618.22477877,0.35260521,3.136794644205703,29
1,[],7,[],2019-01-28 00:26:48,39620026.51421685,0.00000003,0.0000000000010629269999999999,6516830,2019-01-28 00:26:48,btc,44465202.61696084,17823.1768232,0.00000003,btc,39446023.6343541,0.00071293,0.7214737384970875,29
1,[],4,[],2019-01-28 00:26:52,1392273.0850182,0.00000033,0.000000000011692197,6516831,2019-01-28 00:26:52,btc,0.290953081249736,0.0,0.00000033,btc,487785.4214418,0.03829889,0.0700890893857611,30
0,[],17,[],2019-01-28 00:27:01,0.0,0,0,6516832,2019-01-28 00:27:01,btc,0.0,0.0,0,btc,0.0,0.0,0.0,30
1,[],4,[],2019-01-28 00:27:02,41289.77303595,0.00009140,0.00000000323838426,6516833,2019-01-28 00:27:02,btc,1.0311549846097774,0.0,0.00009140,btc,10468.0848627,1.58931495,3.000371269965256,31
1,[],21,[],2019-01-28 00:27:03,87646.36773993,0.00009076000000000000516794940175,0.0000000032157084840000003,6516834,2019-01-28 00:27:03,btc,8.74891568794091,391723.3055488,0.0000907600000000000051679494017520255511044524610042572021484375,btc,89422.78399922,36.11782235,7.640889557532369,31
0,[],2,[],2019-01-20 23:28:43,0.0,0,0,6477009,2019-01-20 23:28:43,,0.0,0.0,0,,0.0,0.0,0.0,32
1,[],4,[],2019-01-28 00:27:04,134439010.76423994,0.00000006,0.000000000002125854,6516835,2019-01-28 00:27:04,btc,3.5974534714101614,0.0,0.00000006,"btc,ltc",56316090.33003887,2.23944011,1.90425128260124,33
1,[],12,[],2019-01-28 00:27:10,22764607.0,0.00000006,0.0000000000021258539999999998,6516836,2019-01-28 00:27:10,btc,17261783.07084223,0.0,0.00000006,btc,87752622.33366625,0.0515206468531473,0.91047263,33
1,[],4,[],2019-01-25 15:51:47,121436519.49535657,0.00000002,0.000000000000712664,6499565,2019-01-25 15:51:47,btc,0.7770388655030004,0.0,0.00000002,btc,25623680.84561682,0.04566956,1.2289232726234858,34
1,[],5,[],2019-01-25 15:51:48,3e-08,0.00000002,0.000000000000712664,6499566,2019-01-25 15:51:48,btc,3.15691075,0.01219489,0.00000002,btc,1.394e-05,0.0,0.77186813,34
0.00000000009062370000000001,[],4,[],2019-01-28 00:27:10,1659588125.7129266,3.624948e-18,1.2843517009320002e-22,6516837,2019-01-28 00:27:10,ltc,6.4424733441917505e-09,0.0,0.00000004,ltc,1285559118.2587824,0.0,2.545276117460577e-09,36
1,[],5,[],2019-01-28 00:27:12,0.0,0,0,6516838,2019-01-28 00:27:12,btc,202.42915527,0.0,0,btc,1.295e-05,0.0,0.0,36
0,[],17,[],2019-01-28 00:27:13,0.0,0,0,6516839,2019-01-28 00:27:13,btc,0.14892131558600027,0.0,0,btc,12533924.99083647,0.0,0.0,36
0.00000000009062370000000001,[],27,[],2019-01-28 00:27:16,1000000.0,9.06237e-19,3.2108792523300005e-23,6516840,2019-01-28 00:27:16,ltc,448.59281329,0.0,0.00000001,"ltc,eth",3710972.58,0.0,9.062370000000001e-13,36
1,[],4,[],2019-01-28 00:27:17,412779.37509515,0.00000143,0.000000000050666187,6516841,2019-01-28 00:27:17,btc,0.5252525101044827,0.0,0.00000143,btc,290514.2776008,0.01360683,0.3623966067466592,37
1,[],12,[],2019-01-28 00:27:18,464624.21369861,0.00000146999999999999990171598886201653755279039614833891391754150390625,0.000000000052083423,6516842,2019-01-28 00:27:18,btc,1335.9468324870275,0.0,0.00000146999999999999990171598886201653755279039614833891391754150390625,btc,791416.42417942,0.0912749565035252,0.3630040641199939,37
1,[],17,[],2019-01-28 00:27:19,1752.74075282,0.00000025,0.000000000008857725000000001,6516843,2019-01-28 00:27:19,btc,0.055487313968820916,0.0,0.00000025,btc,1388.79251806,0.0,0.00043818518820499993,37
1,[],27,[],2019-01-28 00:27:21,3640.0609574,0.00569910,0.00000020192424219,6516844,2019-01-28 00:27:21,btc,22.37095737308125,0.0,0.00569910,btc,2948.884381,0.0,0.000368193331273,37
1,[],5,[],2019-01-28 00:27:22,9.49e-06,0.00000100,0.000000000035430900000000003,6516845,2019-01-28 00:27:22,btc,0.10059005,0.15153168,0.00000100,btc,0.00011244,0.0,0.03751278,42
1,[],12,[],2019-01-28 00:27:24,124654.19743933,0.0000011599999999999999051561623553130431218960438854992389678955078125,0.000000000041099844,6516846,2019-01-28 00:27:24,btc,239.38650463836433,0.0,0.0000011599999999999999051561623553130431218960438854992389678955078125,btc,117067.51010301,0.0264535667052047,0.0354878991089883,42
0,[],27,[],2019-01-28 00:27:30,0.0,0,0,6516847,2019-01-28 00:27:30,,0.00315028,0.0,0,"btc,eth",11.007,0.0,0.0,42
1,[],5,[],2019-01-28 00:28:03,3e-08,0.00000002,0.000000000000708618,6516848,2019-01-28 00:28:03,btc,6.16507635,0.0004016,0.00000002,btc,1.425e-05,0.0,0.51020911,43
1,[],12,[],2019-01-28 00:28:12,6035588.0,0.00000002,0.000000000000708618,6516849,2019-01-28 00:28:12,btc,20007433.36438507,0.0,0.00000002,btc,40056604.96843156,0.0040458832167835,0.060813320000000004,43
0,[],17,[],2019-01-28 00:28:17,0.0,0,0,6516850,2019-01-28 00:28:17,btc,0.0,0.0,0,btc,0.0,0.0,0.0,43
1,[],12,[],2019-01-28 00:28:18,766562.0,0.00000006,0.0000000000021258539999999998,6516851,2019-01-28 00:28:18,btc,11114761.221321711,0.0,0.00000006,btc,963079.43514,0.0001999306293701,0.02051619,44
1,[],4,[],2019-01-28 00:28:19,263865420.75805762,0.00000003,0.000000000001062927,6516852,2019-01-28 00:28:19,btc,0.20537812626390903,0.0,0.00000003,"btc,ltc",6792405.50085646,0.00687945,0.6199344664451478,49
0.00000000009062370000000001,[],4,[],2019-01-28 00:28:27,3897608401.969145,1.812474e-18,6.421758504660001e-23,6516853,2019-01-28 00:28:27,ltc,4.99439463432697,0.0,0.00000002,ltc,2118319976.62433,0.0,4.255153583524537e-09,52
0,[],22,[],2019-01-28 00:28:33,0.0,0,0,6516854,2019-01-28 00:28:33,,3693.92043704,0.0,0,,270535069.90882355,0.0,0.0,57
0,[],27,[],2019-01-28 00:28:37,0.0,0,0,6516855,2019-01-28 00:28:37,,0.0,0.0,0,"btc,eth",0.0,0.0,0.0,57
0.00000000009062370000000001,[],4,[],2019-01-28 00:28:38,1561230641.9189017,5.437422e-18,1.9265275513980002e-22,6516856,2019-01-28 00:28:38,ltc,3.3366770138507507,0.0,0.00000006,ltc,1145694783.905889,0.0,6.966229350210117e-09,58
1,[],12,[],2019-01-28 00:28:39,2658867348.282997,0.0000000006,0.00000000000002125854,6516857,2019-01-28 00:28:39,btc,684074821167.2411,0.0,0.0000000006,btc,3224294895.562537,0.05686302673186813,1.100880031664563,58
0,[],17,[],2019-01-28 00:28:48,0.0,0,0,6516858,2019-01-28 00:28:48,btc,1e+24,0.0,0,btc,41616695.95832568,0.0,0.0,58
0.0000000001295075,[],22,[],2019-01-28 00:28:52,137438.0,1.295075e-18,4.588567281750001e-23,6516859,2019-01-28 00:28:52,XMR,69.8835922,0.0,0.00000001,XMR,9887963.0,0.0,0.00137438,58
1,[],5,[],2019-01-28 00:28:53,4.01e-06,0.00000049,0.000000000017361141,6516860,2019-01-28 00:28:53,btc,0.41795775,0.00154304,0.00000049,btc,9.739e-05,0.0,0.02819439,61
1,[],22,[],2019-01-28 00:28:57,5111.5,0.00000011,0.000000000003897399,6516861,2019-01-28 00:28:57,BTC,1002.29606732,0.0,0.00000011,BTC,15028.700278135757,0.0,0.00051178,61
1,[],26,[],2019-01-28 00:28:57,0.0,0.00000800,0.00000000028344720000000003,6516862,2019-01-28 00:28:57,btc,0.0,0.0,0.00000800,btc,0.0,0.0,0.0,61
0,[],27,[],2019-01-28 00:28:59,0.0,0,0,6516863,2019-01-28 00:28:59,,0.0,0.0,0,"btc,eth",0.0,0.0,0.0,61
1,[],28,[],2019-01-28 00:29:01,1880.304,0.00000022,0.000000000007794798,6516864,2019-01-28 00:29:01,btc,2.065678837430106,761.0,0.00000022,btc,11618.08240005,0.0,0.00016391304,61
1,[],4,[],2019-01-28 00:29:06,1293936.88050145,0.00000183,0.000000000064838547,6516865,2019-01-28 00:29:06,btc,0.5126537758276724,0.0,0.00000183,btc,178415.63925092,0.24224946,0.9355857415959842,67
0.0,[],25,[],2019-01-28 00:29:07,0.0,0,0,6516866,2019-01-28 00:29:07,,0.0,0.0,0.0,btc,0.0,0.0,0.0,67
1,[],12,[],2019-01-28 00:29:09,2857841.4126984198,0.00000008,0.000000000002834472,6516867,2019-01-28 00:29:09,btc,16893709.13884898,0.0,0.00000008,btc,2078328.75495612,0.0022714145696529,0.0718303288888894,71
,[],5,[],2018-11-20 23:02:39,1.5e-07,0.00000005,0.000000000002128045,4862160,2018-11-20 23:02:39,btc,2.84511358,0.0,,btc,0.00036572,0.0,0.07381892,74
1,[],5,[],2019-01-25 15:53:51,3.303e-05,0.00000156,0.000000000055588884,6499610,2019-01-25 15:53:51,btc,1.42844212,0.0,0.00000156,btc,0.00015937,0.0,0.49487621,75
1,[],4,[],2019-01-28 00:29:10,63482976.34002812,0.00000001,0.000000000000354309,6516868,2019-01-28 00:29:10,btc,0.822704141069356,0.0,0.00000001,btc,16012866.74301408,0.0,0.6348297634002812,81
0,[],20,[],2019-01-25 09:30:31,0.0,0,0,6495923,2019-01-25 09:30:31,btc,0.0,0.0,0,btc,0.0,0.0,0.0,81
1,[],4,[],2019-01-28 00:45:48,23760.73387983,0.00007751,0.0000000027518840360000002,6517006,2019-01-28 00:45:48,btc,1.4216309123487945,0.0,0.00007751,btc,12374.83886954,0.01993676,0.0867388537611498,82
1,[],21,[],2019-01-28 00:45:48,85301.0220824,0.00008108999999999999780224413382,0.000000002878986924,6517007,2019-01-28 00:45:48,btc,4.532273347323267,7212.65016094,0.00008108999999999999780224413381546355594764463603496551513671875,btc,48270.69666256,0.58741282,4.5253823785379295,82
0,[],17,[],2019-01-27 23:28:24,0.0,0,0,6516668,2019-01-27 23:28:24,btc,0.0447233088476774,0.0,0,btc,999127.19588126,0.0,0.0,84
0.00000000009062370000000001,[],4,[],2019-01-28 00:29:14,139753197.20012212,1.4499792e-17,5.137406803728001e-22,6516871,2019-01-28 00:29:14,ltc,0.19754182528112693,0.0,0.00000016,ltc,82288347.23997147,0.0,1.4011673786109887e-09,85
,[],22,[],2018-11-20 23:09:34,3408.1,0.0000001,0.0000000000041895,4862324,2018-11-20 23:09:34,BTC,0.04624735,0.0,,BTC,4990.0,0.0,0.00033081,86
0,[],22,[],2019-01-27 12:16:57,0.0,0,0,6514258,2019-01-27 12:16:57,,2.07810912,0.0,0,,154826.94736842104,0.0,0.0,87
0,[],27,[],2019-01-27 12:16:59,0.0,0,0,6514259,2019-01-27 12:16:59,,0.0,0.0,0,btc,0.0,0.0,0.0,87
,[],2,[],2018-11-20 23:10:47,0.0,0,0,4862359,2018-11-20 23:10:47,,0.0,0.0,,,0.0,0.0,0.0,88
1,[],11,[],2019-01-28 00:29:16,106980.52947757,0.00019309000000000000967469160340073131010285578668117523193359375,0.000000006841352481000001,6516872,2019-01-28 00:29:16,btc,235.52742450556437,1.0,0.00019309000000000000967469160340073131010285578668117523193359375,btc,184316.96449761,0.0,8.721932946919415,89
0,[],2,[],2019-01-20 23:31:45,0.0,0,0,6477083,2019-01-20 23:31:45,,0.0,0.0,0,,0.0,0.0,0.0,91
1,[],12,[],2019-01-28 00:29:17,546217.52849319,0.0000050200000000000002175278186744566966126512852497398853302001953125,0.00000000017786311800000002,6516873,2019-01-28 00:29:17,btc,2.8234154745914437,0.0,0.0000050200000000000002175278186744566966126512852497398853302001953125,btc,10580.36645617,0.3438281780717529,0.1749277874156983,91
0,[],17,[],2019-01-28 00:29:18,0.0,0,0,6516874,2019-01-28 00:29:18,btc,0.0,0.0,0,btc,0.0,0.0,0.0,91
0.00000000009062370000000001,[],22,[],2019-01-28 00:29:22,33781858.0,5.437422e-18,1.9265275513980002e-22,6516875,2019-01-28 00:29:22,LTC,8.95901495,0.0,0.00000006,LTC,75270634.1,2.80880908254e-13,1.31889787,95
0.00000000009062370000000001,[],4,[],2019-01-28 00:29:23,132609710.0424264,9.5154885e-17,3.3714232149465005e-21,6516876,2019-01-28 00:29:23,ltc,1.3242986407700856,0.0,0.00000105,ltc,66749153.57064519,0.0,6.591763451539483e-10,96
1,[],12,[],2019-01-28 00:29:24,1204060.0,0.00000001,0.000000000000354309,6516877,2019-01-28 00:29:24,btc,255060.86358912085,0.0,0.00000001,btc,7848186.59471504,1.5e-06,0.0120406,96
0,[],17,[],2019-01-28 00:29:26,0.0,0,0,6516878,2019-01-28 00:29:26,btc,0.0,0.0,0,btc,0.0,0.0,0.0,96
1,[],4,[],2019-01-28 00:29:26,1472892.19429314,0.00000039,0.000000000013818051000000001,6516879,2019-01-28 00:29:26,btc,0.3127412187382265,0.0,0.00000039,btc,484662.55848473,0.02260545,0.1322524391209234,99
0,[],2,[],2019-01-20 23:23:55,0.0,0,0,6476914,2019-01-20 23:23:55,,0.0,0.0,0,,0.0,0.0,0.0,100
1,[],4,[],2019-01-28 00:29:27,119252.81503152,0.00004721,0.000000001672692789,6516880,2019-01-28 00:29:27,btc,1.3561675798370867,0.0,0.00004721,btc,22165.76112953,2.43439743,2.5191390136169574,100
1,[],22,[],2019-01-28 00:29:31,50000.0,0.00000001,0.000000000000354309,6516881,2019-01-28 00:29:31,BTC,23.49896609,0.0,0.00000001,BTC,10277.22,0.0,0.0005,101
1,[],4,[],2019-01-28 00:29:31,443432.25047063,0.00000083,0.000000000029407647000000004,6516882,2019-01-28 00:29:31,btc,0.3981039079319777,0.0,0.00000083,btc,152130.61491152,0.03056072,0.1631997920042308,103
1,[],12,[],2019-01-28 00:29:34,106393196.79174428,0.00000002,0.000000000000708618,6516883,2019-01-28 00:29:34,btc,9137278920.156452,0.0,0.00000002,btc,143433549.49261123,0.343751831512336,0.8643886172853968,105
1,[],27,[],2019-01-28 00:29:35,137257.57811249,0.00000001,0.000000000000354309,6516884,2019-01-28 00:29:35,btc,0.2678592155148419,0.0,0.00000001,btc,635752.62835029,0.0,0.0013725757811249,105
0,[],22,[],2019-01-28 00:29:39,0.0,0,0,6516885,2019-01-28 00:29:39,,1.07253299,0.0,0,,94300.0,0.0,0.0,107
1,[],26,[],2019-01-28 00:29:39,0.0,0.00000000,0,6516886,2019-01-28 00:29:39,btc,0.0,0.0,0.00000000,btc,0.0,0.0,0.0,107
1,[],5,[],2019-01-28 00:29:48,1e-08,0.00000001,0.000000000000354309,6516887,2019-01-28 00:29:48,btc,3.235751,0.03879262,0.00000001,btc,1.512e-05,0.0,0.05090126,112
1,[],22,[],2019-01-28 00:30:23,24952.0,0.00000001,0.000000000000354309,6516888,2019-01-28 00:30:23,BTC,2.84243449,0.0,0.00000001,BTC,977103.5833333334,0.0,0.00024952,112
0,[],27,[],2019-01-28 00:30:33,0.0,0,0,6516889,2019-01-28 00:30:33,,1.25356065,0.0,0,"btc,eth",1328.0,0.0,0.0,112
1,[],4,[],2019-01-28 00:30:49,449176.1412069,0.00000466,0.000000000165107994,6516890,2019-01-28 00:30:49,btc,0.6093275141550352,0.0,0.00000466,btc,91218.23942201,0.3845288,0.4380910376639425,113
1,[],5,[],2019-01-28 00:31:06,1.534e-05,0.00000365,0.000000000129322785,6516891,2019-01-28 00:31:06,btc,2.17749394,0.04154065,0.00000365,btc,0.0033045,0.0,0.2000774,113
1,[],17,[],2019-01-28 00:31:10,233369.0,0.00000004,0.000000000001417236,6516892,2019-01-28 00:31:10,btc,1.3376290575796044,0.0,0.00000004,btc,72546.975,0.0,0.00543476,116
0,[],27,[],2019-01-28 00:31:13,0.0,0,0,6516893,2019-01-28 00:31:13,,0.0,0.0,0,btc,0.0,0.0,0.0,116
1,[],4,[],2019-01-28 00:31:14,32432.19337679,0.00002472,0.000000000875851848,6516894,2019-01-28 00:31:14,btc,1.184049788677844,0.0,0.00002472,btc,37376.60232001,4.33516161,0.4743155253500649,120
1,[],7,[],2019-01-28 00:31:22,2261.34829623,0.0000210300000000000002447868296950872490924666635692119598388671875,0.0000000007451118270000001,6516895,2019-01-28 00:31:22,btc,94.99873134017565,56.95922997,0.0000210300000000000002447868296950872490924666635692119598388671875,btc,25375.254457439998,0.00131048,0.0230909975668678,120
1,[],20,[],2019-01-28 00:31:24,1202438.9088,0.000000013,0.0000000000004606017,6516896,2019-01-28 00:31:24,btc,31.4011834283422,180.0,0.000000013,btc,1096701.7964,2.34e-06,0.0066756954106,125
1,[],22,[],2019-01-28 00:31:28,68433.0,0.00000001,0.000000000000354309,6516897,2019-01-28 00:31:28,BTC,0.01415863,0.0,0.00000001,BTC,293039.4,0.0,0.00068433,126
1,[],4,[],2019-01-28 00:31:29,164767.83445543,0.00001371,0.0000000004857576390000001,6516898,2019-01-28 00:31:29,btc,0.6021782769603413,0.0,0.00001371,btc,32319.4969407,0.181482,1.5045559527309404,131
0,[],17,[],2019-01-28 00:31:30,0.0,0,0,6516899,2019-01-28 00:31:30,btc,0.0008451375975800001,0.0,0,btc,30.89614684,0.0,0.0,131
0,[],2,[],2019-01-20 23:25:46,0.0,0,0,6476969,2019-01-20 23:25:46,,0.0,0.0,0,,0.0,0.0,0.0,131
1,[],4,[],2019-01-28 00:32:36,6068.54231648,0.00020590,0.0000000072952223100000005,6516900,2019-01-28 00:32:36,btc,0.4425396287751159,0.0,0.00020590,btc,284.34476376,0.0009336,0.0118868062171301,135
1,[],3,[],2019-01-28 00:32:37,2159404.05106225,0.00000015,0.000000000005314635,6516901,2019-01-28 00:32:37,btc,0.1727647959545481,99134.4446825,0.00000015,btc,338875.24723458,0.0,0.0876186124686099,136
1,[],4,[],2019-01-28 00:32:38,173338.07934736,0.00000193,0.00000000006838163700000001,6516902,2019-01-28 00:32:38,btc,0.6995994052922518,0.0,0.00000193,btc,246980.85386139,0.06723126,0.2567507238408025,137
1,[],12,[],2019-01-28 00:32:40,299904.84053156,0.000001839999999999999959088173122345732934945772285573184490203857421875,0.000000000065192856,6516903,2019-01-28 00:32:40,btc,11798.819661756752,0.0,0.000001839999999999999959088173122345732934945772285573184490203857421875,btc,131572.26663232,0.0805593696208777,0.032587309999998,137
1,[],5,[],2019-01-28 00:32:44,0.00114469,0.00003667,0.000000001299251103,6516904,2019-01-28 00:32:44,btc,5.94855227,0.6316728,0.00003667,btc,0.00212878,0.0,1.19972037,142
1,[],17,[],2019-01-28 00:32:49,12500.0,0.0000001,0.00000000000354309,6516905,2019-01-28 00:32:49,btc,0.680950003946111,0.0,0.0000001,btc,5932.0,0.0,0.00125,142
1,[],20,[],2019-01-28 00:32:58,151546.9904,0.000025141,0.0000000008907682569000001,6516906,2019-01-28 00:32:58,btc,2.505256605,0.0,0.000025141,btc,5104.1321,0.0,0.2619425484934,142
1,[],22,[],2019-01-28 00:33:10,990.0,0.00001880,0.0000000006661009200000001,6516907,2019-01-28 00:33:10,BTC,0.00069415,0.0,0.00001880,BTC,9.0,0.0,0.00022106,142
0.0,[],25,[],2019-01-28 00:33:12,0.0,0,0,6516908,2019-01-28 00:33:12,,0.0,0.0,0.0,btc,0.0,0.0,0.0,142
1,[],28,[],2019-01-28 00:33:17,79124.032,0.00003150,0.00000000111607335,6516909,2019-01-28 00:33:17,btc,0.12757850002,48866.572,0.00003150,btc,2509.998,0.0,0.04426670576,142
0,[],22,[],2019-01-25 15:57:33,0.0,0,0,6499726,2019-01-25 15:57:33,,59.04258297,0.0,0,,718491265.8,0.0,0.0,143
1,[],21,[],2019-01-28 00:33:23,44932287.28310652,0.0000003,0.00000000001062927,6516910,2019-01-28 00:33:23,btc,35.4147903363549,2534154.07360725,0.0000003,btc,67191375.4826784,0.76199936,8.10136112433762,145
0,[],22,[],2019-01-28 00:33:33,0.0,0,0,6516911,2019-01-28 00:33:33,,4.31668284,0.0,0,,1427838.5,0.0,0.0,146
,[],22,[],2018-11-20 23:01:11,0.0,0,0,4862114,2018-11-20 23:01:11,,2.56807021,0.0,,,61828.4988236,0.0,0.0,147
1,[],12,[],2019-01-28 00:34:39,8689075.22765257,0.00000358999999999999993283692802104045682654032134450972080230712890625,0.000000000127196931,6516912,2019-01-28 00:34:39,btc,17.07283303004017,0.0,0.00000358999999999999993283692802104045682654032134450972080230712890625,btc,111164.72407238,0.0,0.12435167999999751,148
1,[],4,[],2019-01-28 00:34:40,263532.29689253,0.00000039,0.000000000013818051000000001,6516913,2019-01-28 00:34:40,btc,0.6855580942212577,0.0,0.00000039,btc,490217.15022857,0.03070793,0.0543995174861795,152
0,[],22,[],2019-01-28 00:34:46,0.0,0,0,6516914,2019-01-28 00:34:46,,0.0,0.0,0,,0.0,0.0,0.0,152
1,[],5,[],2019-01-28 00:35:23,0.0,0,0,6516915,2019-01-28 00:35:23,btc,4.34745839,0.0,0,btc,0.00161275,0.0,0.0,153
,[],16,[],2019-01-11 15:38:59,0.0,0,0,6366141,2019-01-11 15:38:59,btc,0.0,0.0,,btc,0.0,0.0,0.0,155
0,[],23,[],2019-01-20 23:24:29,0.0,0,0,6476932,2019-01-20 23:24:29,,0.0,0.0,0,,0.0,0.0,0.0,156
0,[],22,[],2019-01-28 00:35:26,0.0,0,0,6516916,2019-01-28 00:35:26,,6.73288821,0.0,0,,4541761.742592593,0.0,0.0,156
1,[],22,[],2019-01-28 00:35:32,7906.0,0.00000801,0.000000000283801509,6516917,2019-01-28 00:35:32,BTC,43.78612537,0.0,0.00000801,BTC,1033.584498154164,0.0,0.00743836,157
0,[],22,[],2019-01-28 00:35:36,0.0,0,0,6516918,2019-01-28 00:35:36,,50175.6753658,0.0,0,,54007107.04179466,0.0,0.0,158
,[],17,[],2018-11-20 22:56:10,0.0,0,0,4861976,2018-11-20 22:56:10,btc,1.1265625,0.0,,btc,1000.0,0.0,0.0,159
,[],20,[],2018-11-20 22:56:12,0.0,0,0,4861977,2018-11-20 22:56:12,btc,11912.7940471,0.0,,btc,34413894.3617,0.0,0.0,159
1,[],12,[],2019-01-28 00:35:40,195567.683093,0.000009919999999999999889914448214511821788619272410869598388671875,0.000000000351474528,6516919,2019-01-28 00:35:40,btc,6.6528247556132225,0.0,0.000009919999999999999889914448214511821788619272410869598388671875,btc,14071.51908934,0.0066578026,0.0982171463000076,168
1,[],17,[],2019-01-28 00:35:42,29784.95,0.000001,0.000000000035430900000000003,6516920,2019-01-28 00:35:42,btc,0.0353989844335,0.0,0.000001,btc,196.82520268,0.0,0.00716147,168
1,[],22,[],2019-01-28 00:36:03,1433447.0,0.00000001,0.000000000000354309,6516921,2019-01-28 00:36:03,BTC,1.13380276,0.0,0.00000001,BTC,689102.5537281231,0.0,0.01433447,169
1,[],22,[],2019-01-28 00:36:19,79743.42857142857,0.00000035,0.000000000012400815000000001,6516922,2019-01-28 00:36:19,BTC,2.46358162,0.0,0.00000035,BTC,53989.56106516291,0.00041128,0.0163302,171
1,[],22,[],2019-01-28 00:36:27,183672.8245614035,0.00000025,0.000000000008857725000000001,6516923,2019-01-28 00:36:27,BTC,2.83558924,0.0,0.00000025,BTC,237216.97469900147,0.0035031,0.01009653,173
1,[],5,[],2019-01-28 00:36:28,6.354e-05,0.00000435,0.000000000154124415,6516924,2019-01-28 00:36:28,btc,0.4144268,0.00456807,0.00000435,btc,0.00036894,0.0,0.83362242,175
1,[],22,[],2019-01-28 00:36:32,50511.28244274809,0.00000132,0.000000000046768788,6516925,2019-01-28 00:36:32,BTC,0.5351362,0.0,0.00000132,BTC,103110.79444388876,0.01293253,0.04253175,176
1,[],7,[],2019-01-28 00:36:34,0.0,0,0,6516926,2019-01-28 00:36:34,btc,10967.435905417888,0.0,0,btc,122071837.87976141,0.0,0.0,178
0,[],22,[],2019-01-28 00:36:44,0.0,0,0,6516927,2019-01-28 00:36:44,,1.00242428,0.0,0,,57512.0,0.0,0.0,178
0,[],2,[],2019-01-20 23:28:34,0.0,0,0,6477001,2019-01-20 23:28:34,,0.0,0.0,0,,0.0,0.0,0.0,178
0,[],23,[],2019-01-20 23:25:08,0.0,0,0,6476952,2019-01-20 23:25:08,,0.0,0.0,0,,0.0,0.0,0.0,179
1,[],5,[],2019-01-28 00:36:46,6e-08,0.00000003,0.000000000001062927,6516928,2019-01-28 00:36:46,btc,15.87792168,0.15776234,0.00000003,btc,2.285e-05,0.0,1.51029331,179
1,[],22,[],2019-01-28 00:36:51,9565525.038095238,0.00000002,0.000000000000708618,6516929,2019-01-28 00:36:51,BTC,5.47350882,0.0,0.00000002,"BTC,LTC",16474169.651989967,0.00119341,1.39791458,179
1,[],17,[],2019-01-28 00:36:53,10504.725,0.0000001,0.00000000000354309,6516930,2019-01-28 00:36:53,btc,5.206877489877758,0.0,0.0000001,btc,7465.6174587,0.0,0.0010504725,180
1,[],22,[],2019-01-28 00:37:29,444.2,0.00000093,0.000000000032950737,6516931,2019-01-28 00:37:29,BTC,0.09606142,0.0,0.00000093,"BTC,LTC",16543.625478042326,0.007908130000000017,0.00021042,180
1,[],26,[],2019-01-28 00:37:29,0.0,0.00000020,0.000000000007086180000000001,6516932,2019-01-28 00:37:29,btc,0.0,2902.0,0.00000020,btc,0.0,0.0,0.0,180
,[],7,[],2018-11-20 22:58:01,562227.975654,0.00000085,0.000000000036176765,4862015,2018-11-20 22:58:01,btc,21836.6059674,2491.87645172,,btc,749999.041456,0.00211021,0.127565380455,183
,[],5,[],2019-01-10 08:11:41,0.0,0,0,6347036,2019-01-10 08:11:41,btc,82.15055501,0.00261,,btc,1.19002445,0.0,0.0,187
,[],17,[],2018-11-16 20:58:10,4062536.27273,0.00000001,0.000000000000550501,4708775,2018-11-16 20:58:10,btc,3.36492563466,0.195460381006,,"btc,eth",110697919.549,0.0,0.0157628953496,187
1,[],24,[],2019-01-28 00:37:29,0.0,0.000000000001,3.54309e-17,6516933,2019-01-28 00:37:29,btc,0.0,0.0,0.000000000001,btc,0.0,0.0,0.0,187
1,[],22,[],2019-01-28 00:37:32,19600.0,0.00000001,0.000000000000354309,6516934,2019-01-28 00:37:32,BTC,1.19411237,0.0,0.00000001,BTC,13949.956201072173,2.2e-05,0.000196,191
0,[],22,[],2019-01-28 00:37:42,0.0,0,0,6516935,2019-01-28 00:37:42,,0.0,0.0,0,,0.0,0.0,0.0,197
0,[],23,[],2019-01-20 23:31:41,0.0,0,0,6477079,2019-01-20 23:31:41,,0.0,0.0,0,,0.0,0.0,0.0,199
1,[],26,[],2019-01-28 00:37:43,0.0,0.00000000,0,6516936,2019-01-28 00:37:43,btc,0.0,730605.0,0.00000000,btc,0.0,0.0,0.0,199
0,[],17,[],2019-01-28 00:37:44,0.0,0,0,6516937,2019-01-28 00:37:44,btc,6.802544163803138,0.0,0,btc,105897.55575295,0.0,0.0,200
0,[],2,[],2019-01-20 23:30:49,0.0,0,0,6477059,2019-01-20 23:30:49,,0.0,0.0,0,,0.0,0.0,0.0,201
1,[],4,[],2019-01-25 15:51:35,2084389.58565343,0.00000936,0.000000000333526752,6499557,2019-01-25 15:51:35,btc,2.0092503037378524,0.0,0.00000936,btc,160195.80207885,0.19272417,1.242687955921835,211
1,[],7,[],2019-01-28 00:38:02,14734551.554161688,0.000001179999999999999925426948273188276772316385176964104175567626953125,0.000000000041808462,6516938,2019-01-28 00:38:02,btc,16317814.715165194,360741.949837,0.000001179999999999999925426948273188276772316385176964104175567626953125,btc,12264700.25398694,0.0,5.625468431293529,212
1,[],12,[],2019-01-25 02:44:32,207462.42853209,0.000001080000000000000035831255497387193287295303889550268650054931640625,0.000000000038610756000000006,6493050,2019-01-25 02:44:32,btc,85023.03793723314,0.0,0.000001080000000000000035831255497387193287295303889550268650054931640625,btc,43675.73520027,0.000146250909087,0.0348620860622024,213
1,[],5,[],2019-01-28 00:38:04,4.78e-06,0.00000033,0.000000000011692197,6516939,2019-01-28 00:38:04,btc,0.95398904,0.07761677,0.00000033,btc,3.268e-05,0.0,0.3454783,213
1,[],24,[],2019-01-28 00:38:04,0.0,0.000000050000,0.0000000000017715450000000002,6516940,2019-01-28 00:38:04,btc,0.0,0.0,0.000000050000,btc,0.0,0.0,0.0,213
1,[],26,[],2019-01-28 00:38:04,0.0,0.00000003,0.000000000001062927,6516941,2019-01-28 00:38:04,btc,0.0,0.0,0.00000003,btc,0.0,0.0,0.0,213
1,[],22,[],2019-01-28 00:38:18,281400.0,0.00000002,0.000000000000708618,6516942,2019-01-28 00:38:18,BTC,70.22676544,0.0,0.00000002,BTC,271523.63907173084,0.0,0.004814,216
1,[],27,[],2019-01-28 00:38:37,5077925.04,0.00000015,0.000000000005314635,6516943,2019-01-28 00:38:37,btc,619.87865254716,17519.96,0.00000015,"btc,ltc",268396.13411,0.00963598,0.052504506,216
1,[],22,[],2019-01-28 00:38:42,288011.482503991,0.00000232,0.000000000082199688,6516944,2019-01-28 00:38:42,BTC,12677.82404255,0.0,0.00000232,BTC,349637.07565171807,0.0198287,0.40239245,217
1,[],7,[],2019-01-28 00:38:50,0.0,0,0,6516945,2019-01-28 00:38:50,btc,302.5903166391106,0.0,0,btc,135440320.6214003,0.0,0.0,219
0,[],27,[],2019-01-28 00:38:52,0.0,0,0,6516946,2019-01-28 00:38:52,,0.0747309448198,0.0,0,btc,1605140.29226592,0.0,0.0,219
0.0000000000000057,[],28,[],2019-01-28 00:39:03,203946286.198,2.280057e-18,8.078447156130001e-23,6516947,2019-01-28 00:39:03,doge,79804.0288717675,14169.0,0.00040001,"btc,doge",4119437.84751,0.0,1.7457468128990508e-11,219
1,[],22,[],2019-01-28 00:39:39,217046.0,0.00000085,0.000000000030116265000000004,6516948,2019-01-28 00:39:39,BTC,2.39628683,0.0,0.00000085,BTC,32945.55212317522,0.0,0.03171789,221
1,[],24,[],2019-01-28 00:39:39,0.0,0.000000550000,0.000000000019486995000000002,6516949,2019-01-28 00:39:39,btc,0.0,0.0,0.000000550000,btc,0.0,0.0,0.0,221
1,[],26,[],2019-01-28 00:39:40,0.0,0.00000002,0.000000000000708618,6516950,2019-01-28 00:39:40,btc,0.0,10772.0,0.00000002,btc,0.0,0.0,0.0,231
1,[],26,[],2019-01-28 00:39:40,0.0,0.00000004,0.000000000001417236,6516951,2019-01-28 00:39:40,btc,0.0,0.0,0.00000004,btc,0.0,0.0,0.0,234
0,[],27,[],2019-01-28 00:39:42,0.0,0,0,6516952,2019-01-28 00:39:42,,0.001146299618,0.0,0,"btc,eth",11462.99618,0.0,0.0,234
0.0000000000917268,[],22,[],2019-01-27 21:40:36,8895864.0,9.172680000000001e-19,3.2679598762800005e-23,6516347,2019-01-27 21:40:36,LTC,3.01368808,0.0,0.00000001,LTC,91422715.51349206,1.8383298204480003e-12,0.08895864,235
1,[],4,[],2019-01-28 00:41:42,2213161.38983191,0.00000079,0.000000000027990411000000003,6516953,2019-01-28 00:41:42,btc,0.1162849570200936,0.0,0.00000079,btc,100248.94489133,0.11714349,0.1885135157007708,236
1,[],24,[],2019-01-28 00:41:42,0.0,0.000000010000,0.000000000000354309,6516954,2019-01-28 00:41:42,btc,0.0,0.0,0.000000010000,btc,0.0,0.0,0.0,236
1,[],20,[],2019-01-28 00:41:44,192411528.1001,0.000000067,0.0000000000023738703,6516955,2019-01-28 00:41:44,btc,14.3001278309909,21660868.5746,0.000000067,btc,24314952.8101,1.4748449773687,0.5438433440226,237
1,[],22,[],2019-01-28 00:42:19,10000.0,0.00000001,0.000000000000354309,6516956,2019-01-28 00:42:19,BTC,0.04083605,0.0,0.00000001,BTC,4179.0,0.0,0.0001,237
1,[],4,[],2019-01-28 00:42:20,5705978.03132429,0.00000031,0.000000000010983579,6516957,2019-01-28 00:42:20,btc,0.533021429608878,0.0,0.00000031,btc,1592998.02178795,0.21848496,1.5453786495016284,238
1,[],5,[],2019-01-28 00:42:21,3.64e-06,0.00000031,0.000000000010983579,6516958,2019-01-28 00:42:21,btc,0.69850425,0.00079155,0.00000031,btc,2.855e-05,0.0,0.25169308,238
1,[],22,[],2019-01-28 00:42:25,280460.25,0.00000005,0.0000000000017715450000000002,6516959,2019-01-28 00:42:25,BTC,15.41149618,0.0,0.00000005,BTC,244813.3382079636,0.00012571,0.00947456,249
0.00000000009062370000000001,[],22,[],2019-01-28 00:42:36,2565214.8,4.531185e-18,1.6054396261650002e-22,6516960,2019-01-28 00:42:36,LTC,0.59825786,0.0,0.00000005,LTC,14774857.845555555,3.8968191e-16,0.05185782,252
1,[],28,[],2019-01-28 00:42:42,2037349.213,0.00000008,0.000000000002834472,6516961,2019-01-28 00:42:42,btc,164692.83429779497,26091.61,0.00000008,btc,1237808.2807,0.0,0.07476567991,256
0,[],27,[],2019-01-28 00:42:44,0.0,0,0,6516962,2019-01-28 00:42:44,,4.96668,0.0,0,"btc,eth",90.59,0.0,0.0,257
1,[],22,[],2019-01-28 00:42:47,52104.0,0.00000001,0.000000000000354309,6516963,2019-01-28 00:42:47,BTC,35605.6903902,0.0,0.00000001,BTC,744018.2910213444,4.462e-05,0.00052104,258
1,[],22,[],2019-01-26 20:58:41,368451.0,0.00000001,0.000000000000356135,6510120,2019-01-26 20:58:41,BTC,2.642917,0.0,0.00000001,"BTC,LTC",1862.0,0.0,0.02488451,259
1,[],22,[],2019-01-28 00:42:51,5391.272,0.00000750,0.00000000026573175,6516964,2019-01-28 00:42:51,BTC,4.68612988,0.0,0.00000750,BTC,6019.390866142444,0.00045138,0.0243694,262
1,[],5,[],2019-01-28 00:42:52,5.012e-05,0.00000242,0.00000000008574277800000001,6516965,2019-01-28 00:42:52,btc,67781.60648096,0.44928547,0.00000242,btc,11111.11518902,0.0,0.23990382,264
1,[],20,[],2019-01-28 00:42:53,1775536.5208,0.000001571,0.000000000055661943900000006,6516966,2019-01-28 00:42:53,btc,5.2490287636064,14084.7566,0.000001571,btc,103147.9258,0.049301972219,0.028167808143,264
1,[],22,[],2019-01-28 00:42:58,163085.0,0.00000003,0.000000000001062927,6516967,2019-01-28 00:42:58,BTC,7.51936803,0.0,0.00000003,BTC,233608.89223516703,6.042e-05,0.00389729,271
0,[],22,[],2019-01-28 00:43:01,0.0,0,0,6516968,2019-01-28 00:43:01,,242.59396368,0.0,0,,12792025291.9,0.0,0.0,272
0.0000000000000057,[],28,[],2019-01-28 00:43:04,350925056036.651,5.0730000000000006e-21,1.7974095570000003e-25,6516969,2019-01-28 00:43:04,doge,51817839.294880606,15085575167.0853,0.00000089,doge,137519323222.7166,0.0,9.859281410591892e-10,272
