pairValue,buyBook,exchangeId,sellBook,updated,buyTotal,satoshiPrice,usdPrice,exchangeLogId,created,bestPair,sellTotalBtc,volume,pairPrice,activePairs,sellTotal,volumeBtc,buyTotalBtc,coinId
1,[],3,[],2019-02-11 07:38:27,112.964355841721,0.01293629999999999953541607311535699409432709217071533203125,0.00000046987099497,6631741,2019-02-11 07:38:27,btc,107.06582041748332,0.019595272549,0.01293629999999999953541607311535699409432709217071533203125,btc,21.488437950131,0.0,0.055121336367227686,1
1,[],4,[],2019-02-11 07:38:28,962.28036195,0.01303582,0.000000473485750458,6631742,2019-02-11 07:38:28,btc,1.1051905937683708,0.0,0.01303582,btc,80.50278018,0.68021277,1.547925586446655,1
1,[],5,[],2019-02-11 07:38:30,0.319778,0.01300001,0.00000047218506321900003,6631743,2019-02-11 07:38:30,btc,14577.92834509,0.26277817,0.01300001,btc,35555556.07453421,0.0,2.61448023,1
1,[],10,[],2019-02-11 07:38:33,414955.69366722,0.01130595,0.000000410653585305,6631744,2019-02-11 07:38:33,btc,6531.222321475001,1926.49439765,0.01130595,btc,876.02185606,0.0,4.232924863317499,1
1,[],12,[],2019-02-11 07:38:35,10437.8201331,0.01281000000000000020594637106796653824858367443084716796875,0.000000465283539,6631745,2019-02-11 07:38:35,btc,0.3838494943865,0.0,0.01281000000000000020594637106796653824858367443084716796875,btc,22.2930902,0.291675566244,0.3755143613319,1
1,[],20,[],2019-02-11 07:38:40,1151.3756,0.010400104,0.0000003777515374776,6631746,2019-02-11 07:38:40,btc,0.0573537536243,0.0,0.010400104,btc,2.5253,0.0,0.0832230305883,1
1,[],21,[],2019-02-11 07:38:44,2567.7762940000002,0.01295029999999999965887287345,0.00000047037950157,6631747,2019-02-11 07:38:44,btc,15.89308073896901,4063.9667342599996,0.01295029999999999965887287345367440138943493366241455078125,"btc,eth",1805.49775226,47.40881948199364,19.248070693538484,1
1,[],22,[],2019-02-11 07:38:50,0.0280576,0.01350000,0.00000049034565,6631748,2019-02-11 07:38:50,BTC,0.3139634,0.0,0.01350000,BTC,0.10070366666666666,1.62e-05,0.00036518,1
1,[],24,[],2019-02-11 07:38:50,0.0,0.000000000000,0,6631749,2019-02-11 07:38:50,btc,0.0,0.0,0.000000000000,btc,0.0,0.0,0.0,1
0.0,[],25,[],2019-02-11 07:38:51,0.0,0,0,6631750,2019-02-11 07:38:51,btc,22.77199999771694,545.2837217,0.0,btc,1718.92053749,7.2288,0.0,1
1,[],26,[],2019-02-11 07:39:01,0.0,0,0,6631751,2019-02-11 07:39:01,,0.0,0.0,0,,0.0,0.0,0.0,1
1,[],28,[],2019-02-11 07:39:03,992.968,0.01231000,0.000000447122589,6631752,2019-02-11 07:39:03,btc,0.163517306,6366.9,0.01231000,btc,8.95,0.0,0.086870176,1
0,[],2,[],2019-01-20 23:28:45,0.0,0,0,6477011,2019-01-20 23:28:45,,0.0,0.0,0,,0.0,0.0,0.0,1
1,[],5,[],2019-02-11 07:39:05,8.73e-06,0.00000050,0.00000000001816095,6631753,2019-02-11 07:39:05,btc,0.1475468,0.06647192,0.00000050,btc,6.302e-05,0.0,0.15963805,2
1,[],22,[],2019-02-11 07:39:10,1348.0,0.00000018,0.000000000006537942,6631754,2019-02-11 07:39:10,BTC,4.22139106,0.0,0.00000018,"BTC,XMR",14654.709143333333,0.0,0.00091235,2
1,[],5,[],2019-02-11 07:39:11,1.25e-06,0.00000016,0.000000000005811504,6631755,2019-02-11 07:39:11,btc,4.33137069,0.00678898,0.00000016,btc,2.278e-05,0.0,2.89942162,3
1,[],12,[],2019-02-11 07:39:12,12341571.90189769,0.00000017,0.000000000006174723,6631756,2019-02-11 07:39:12,btc,923317.5227735077,0.0,0.00000017,btc,8601982.51295925,0.07387007216731822,0.5213760567799794,3
0,[],28,[],2019-02-11 07:39:13,0.0,0,0,6631757,2019-02-11 07:39:13,,0.0,0.0,0,,0.0,0.0,0.0,3
0,[],2,[],2019-01-20 23:31:32,0.0,0,0,6477077,2019-01-20 23:31:32,,0.0,0.0,0,,0.0,0.0,0.0,4
1,[],4,[],2019-02-11 06:48:04,388952.71891834,0.00000033,0.000000000011970618,6631586,2019-02-11 06:48:04,btc,0.3833817284234386,0.0,0.00000033,btc,336875.75708865,0.01192819,0.051136280466178,4
1,[],12,[],2019-02-11 06:48:06,1591285.5219999999,0.00000004,0.000000000001450984,6631587,2019-02-11 06:48:06,btc,11113878.381312741,0.0,0.00000004,btc,1000029.07363661,0.0014471301898105,0.02753425044,5
0,[],2,[],2019-01-20 23:31:51,0.0,0,0,6477087,2019-01-20 23:31:51,,0.0,0.0,0,,0.0,0.0,0.0,6
1,[],11,[],2019-02-11 07:39:15,1647370.9999525,0.00000002,0.000000000000726438,6631758,2019-02-11 07:39:15,btc,9433.338976981096,14817.5,0.00000002,btc,40296754.09502706,0.0,0.024257114999050002,6
1,[],3,[],2019-02-11 07:39:17,1074.273146428111,0.00014521000000000000053346216333238771767355501651763916015625,0.000000005274303099,6631759,2019-02-11 07:39:17,btc,28.399990609446498,0.0,0.00014521000000000000053346216333238771767355501651763916015625,btc,235.145665820227,0.0,0.031531977816658056,7
1,[],4,[],2019-02-11 07:39:18,23650.39962888,0.00019045,0.000000006917505855,6631760,2019-02-11 07:39:18,btc,1.6384298591436033,0.0,0.00019045,btc,7622.90207028,3.23698854,3.874477479909775,7
1,[],5,[],2019-02-11 07:39:19,0.00586124,0.00018700,0.0000000067921953,6631761,2019-02-11 07:39:19,btc,1.39798687,0.1968966,0.00018700,btc,0.01196033,0.0,1.62741233,7
1,[],20,[],2019-02-11 07:39:21,59081135.5697,0.000000001,0.0000000000000363219,6631762,2019-02-11 07:39:21,btc,116.5916532606651,315535.1265,0.000000001,btc,33312875.6586,0.0003155351265,0.0590811355697,8
0,[],2,[],2019-01-20 23:22:42,0.0,0,0,6476876,2019-01-20 23:22:42,,0.0,0.0,0,,0.0,0.0,0.0,9
0,[],23,[],2019-01-20 23:22:48,0.0,0,0,6476878,2019-01-20 23:22:48,,0.0,0.0,0,,0.0,0.0,0.0,9
1,[],1,[],2019-02-11 07:39:22,1080878.6300000001,0.00000198000000000000010098367454747236848788816132582724094390869140625,0.00000000007191736200000001,6631763,2019-02-11 07:39:22,btc,6.378955369,10052340.02,0.00000198000000000000010098367454747236848788816132582724094390869140625,btc,3159580.01,19.86281289,2.1046471207,9
1,[],4,[],2019-02-11 07:39:23,367327.22391376,0.00000196,0.000000000071190924,6631764,2019-02-11 07:39:23,btc,0.8063842332699039,0.0,0.00000196,btc,403066.15673303,1.33146096,0.6829573773272848,9
1,[],28,[],2019-02-11 07:39:25,34500.0,0.00000165,0.000000000059931135,6631765,2019-02-11 07:39:25,btc,2708.76119522,1375687.12,0.00000165,btc,11732.68,0.0,0.02854,9
1,[],4,[],2019-02-10 09:54:02,5828483.02026053,0.00000002,0.000000000000726692,6623074,2019-02-10 09:54:02,btc,0.2014004865591215,0.0,0.00000002,btc,4198675.28035349,0.00021932,0.0653957035452106,10
1,[],4,[],2019-02-11 07:39:27,2297682.25135829,0.00000144,0.000000000052303536,6631766,2019-02-11 07:39:27,btc,1.5702744629987129,0.0,0.00000144,btc,1028247.39513347,0.93067793,3.1173957949714084,12
1,[],5,[],2019-02-11 07:39:28,1.519e-05,0.00000138,0.000000000050124222000000005,6631767,2019-02-11 07:39:28,btc,0.47031678,0.38390976,0.00000138,btc,0.00010729,0.0,0.37295287,12
0.0,[],25,[],2019-02-11 07:39:29,0.0,0,0,6631768,2019-02-11 07:39:29,,0.0,0.0,0.0,btc,0.0,0.0,0.0,12
0,[],2,[],2019-01-20 23:23:08,0.0,0,0,6476890,2019-01-20 23:23:08,,0.0,0.0,0,,0.0,0.0,0.0,12
1,[],4,[],2019-02-11 07:39:30,1296869.76402914,0.00000603,0.00000000021902105700000002,6631769,2019-02-11 07:39:30,btc,0.8598924187261365,0.0,0.00000603,btc,123476.37412041,0.69093145,1.2087002703541394,13
1,[],21,[],2019-02-11 07:39:34,737002.7860035601,0.000006209999999999999835452804686,0.000000000225558999,6631770,2019-02-11 07:39:34,btc,3.0059097804371584,1161141.11170596,0.00000620999999999999983545280468621996305955690331757068634033203125,btc,431427.36509722,7.47925448,4.184138887181062,13
1,[],10,[],2019-02-11 06:48:22,423780.95691232,0.0000057,0.00000000020676521999999998,6631599,2019-02-11 06:48:22,btc,666806.5080701901,5305.82417616,0.0000057,btc,758475.02352562,0.0,0.2469835552569683,13
1,[],4,[],2019-02-11 07:39:35,1073844.80966244,0.00000137,0.000000000049761003,6631771,2019-02-11 07:39:35,btc,0.1509456179700302,0.0,0.00000137,btc,86006.02844465,0.00211293,0.4687782481040518,14
1,[],12,[],2019-02-11 07:39:36,87604.2231405,0.000001300000000000000047051663780439678674838432925753295421600341796875,0.00000000004721847,6631772,2019-02-11 07:39:36,btc,1.7674808273612224,0.0,0.000001300000000000000047051663780439678674838432925753295421600341796875,btc,29139.33636749,6.48351649e-06,0.009106200000005,14
0,[],17,[],2019-02-11 07:39:38,0.0,0,0,6631773,2019-02-11 07:39:38,btc,0.0,0.0,0,btc,0.0,0.0,0.0,14
1,[],26,[],2019-02-11 07:39:38,0.0,0.00000050,0.00000000001816095,6631774,2019-02-11 07:39:38,btc,0.0,0.0,0.00000050,btc,0.0,0.0,0.0,14
0,[],4,[],2019-02-11 07:39:39,0.0,0,0,6631775,2019-02-11 07:39:39,,0.0,0.0,0,,0.0,0.0,0.0,15
,[],12,[],2018-12-01 15:15:48,204241.84496,0.00000489,0.000000000202473384,5260204,2018-12-01 15:15:48,btc,49.5475654835,0.0,,btc,35763.2193806,0.0163153972027625,0.0203389899998,15
1,[],4,[],2019-02-11 07:39:40,23346.80895092,0.00001746,0.000000000634180374,6631776,2019-02-11 07:39:40,btc,2.2819988055821407,0.0,0.00001746,btc,10797.92473343,0.00939764,0.0366167244288423,18
1,[],10,[],2019-02-11 07:39:42,789787.63237249,0.00001841,0.0000000006686861790000001,6631777,2019-02-11 07:39:42,btc,15.543213218735819,57.0,0.00001841,btc,10730.36055816,0.0,0.3103005728465853,18
1,[],12,[],2019-02-11 07:39:43,204527.55322927,0.000017669999999999998533360690000648673958494327962398529052734375,0.000000000641807973,6631778,2019-02-11 07:39:43,btc,2.992494716361129,0.0,0.000017669999999999998533360690000648673958494327962398529052734375,btc,1819.03343457,3.38345736114e-05,0.0384360148778835,18
0,[],17,[],2019-02-11 07:39:45,0.0,0,0,6631779,2019-02-11 07:39:45,btc,0.0,0.0,0,btc,0.0,0.0,0.0,18
0,[],2,[],2019-01-20 23:23:38,0.0,0,0,6476906,2019-01-20 23:23:38,,0.0,0.0,0,,0.0,0.0,0.0,18
1,[],3,[],2019-02-11 07:39:46,129572.55099685682,0.0000220500000000000006433222010659989109626621939241886138916015625,0.000000000800897895,6631780,2019-02-11 07:39:46,btc,0.4672449630434957,1.085,0.0000220500000000000006433222010659989109626621939241886138916015625,btc,5018.393100515442,0.0,0.09780622493169126,19
1,[],4,[],2019-02-11 07:39:46,237462.87779278,0.00002892,0.000000001050429348,6631781,2019-02-11 07:39:46,btc,0.3465889987396195,0.0,0.00002892,btc,10324.64865652,0.4030934,3.0140900035035885,19
1,[],5,[],2019-02-11 07:39:48,0.00023066,0.00002516,0.0000000009138590040000001,6631782,2019-02-11 07:39:48,btc,0.27063231,0.00534173,0.00002516,btc,0.00298421,0.0,0.07690804,19
1,[],12,[],2019-02-11 07:39:49,134805.4339326,0.0000224700000000000000102175212735033937860862351953983306884765625,0.0000000008161530930000001,6631783,2019-02-11 07:39:49,btc,0.031614237532099,0.0,0.0000224700000000000000102175212735033937860862351953983306884765625,btc,341.20824053,0.0013643499999996,0.031505780465522,19
0,[],27,[],2019-02-11 07:39:51,0.0,0,0,6631784,2019-02-11 07:39:51,,0.0,0.0,0,btc,0.0,0.0,0.0,19
0,[],2,[],2019-01-20 23:24:19,0.0,0,0,6476924,2019-01-20 23:24:19,,0.0,0.0,0,,0.0,0.0,0.0,19
1,[],4,[],2019-02-11 07:39:52,8069648.06114371,0.00000015,0.000000000005448285,6631785,2019-02-11 07:39:52,btc,0.7696667544896668,0.0,0.00000015,btc,1574280.8528799,0.0055978,0.2588379998655905,20
1,[],4,[],2019-02-11 07:39:53,112816350.78755699,0.00000002,0.000000000000726438,6631786,2019-02-11 07:39:53,btc,0.6080002239510098,0.0,0.00000002,btc,16636240.84575441,0.0074933,1.3244942199609802,21
1,[],12,[],2019-02-11 07:39:54,18999837.0,0.00000002,0.000000000000726438,6631787,2019-02-11 07:39:54,btc,669.7258355491022,0.0,0.00000002,btc,8580204.84915351,0.0,0.25303702,21
0,[],17,[],2019-02-11 07:39:56,0.0,0,0,6631788,2019-02-11 07:39:56,btc,0.0,0.0,0,btc,0.0,0.0,0.0,21
1,[],12,[],2019-02-11 07:39:57,2733841092.043896,0.0000000002,0.00000000000000726438,6631789,2019-02-11 07:39:57,btc,825864718656.471,0.0,0.0000000002,btc,4294905161.5156875,0.004755079242557991,0.29945551485558974,23
0,[],27,[],2019-02-11 07:40:01,0.0,0,0,6631790,2019-02-11 07:40:01,,0.426429,0.0,0,eth,426429.0,0.0,0.0,23
1,[],4,[],2019-02-11 07:40:03,378821.94698432,0.00000067,0.000000000024335673,6631791,2019-02-11 07:40:03,btc,0.1225786641337744,0.0,0.00000067,btc,113220.91968032,0.00023456,0.1909538145051763,24
1,[],22,[],2019-02-11 07:40:06,11.76,0.00000100,0.0000000000363219,6631792,2019-02-11 07:40:06,BTC,7.415e-05,0.0,0.00000100,BTC,23.919354838709676,0.0,1.176e-05,24
0.0,[],25,[],2019-02-11 07:40:08,0.0,0,0,6631793,2019-02-11 07:40:08,,0.0,0.0,0.0,btc,0.0,0.0,0.0,24
1,[],4,[],2019-02-11 07:40:08,27834825.09888519,0.00000620,0.00000000022519578,6631794,2019-02-11 07:40:08,btc,0.4283254063072834,0.0,0.00000620,btc,35815.39763882,0.07260763,0.4162951940752475,26
1,[],10,[],2019-02-11 07:40:10,725894.80417281,0.00000601,0.00000000021829461900000001,6631795,2019-02-11 07:40:10,btc,25.915567016919166,0.0,0.00000601,btc,13164.47848257,0.0,0.2082143667259784,26
0,[],2,[],2019-01-20 23:25:56,0.0,0,0,6476976,2019-01-20 23:25:56,,0.0,0.0,0,,0.0,0.0,0.0,26
1,[],3,[],2019-02-11 07:40:11,6073701.94941962,0.00000001,0.000000000000363219,6631796,2019-02-11 07:40:11,btc,2.5185109726117756,5227.78943181,0.00000001,btc,16485730.49773268,0.0,0.06073701949419621,27
1,[],5,[],2019-02-11 07:40:13,1e-08,0.00000001,0.000000000000363219,6631797,2019-02-11 07:40:13,btc,1.55093804,0.00029891,0.00000001,btc,4.924e-05,0.0,0.11923465,27
1,[],11,[],2019-02-11 07:40:15,10064996.7912115,0.00000005,0.000000000001816095,6631798,2019-02-11 07:40:15,btc,370.63310344475406,219.9,0.00000005,btc,8170877.7193934005,0.0,0.4661206184459823,27
1,[],4,[],2019-02-11 07:40:17,535884726.84299827,0.00000002,0.000000000000726438,6631799,2019-02-11 07:40:17,btc,0.34376285424410674,0.0,0.00000002,"btc,ltc",31407382.09860076,0.14727125,7.078513394854217,29
1,[],7,[],2019-02-11 07:40:18,29067504.68798416,0.00000002,0.000000000000726438,6631800,2019-02-11 07:40:18,btc,44465207.12695531,13466.3723943,0.00000002,btc,52536842.44092948,0.0,0.42623125122953937,29
1,[],4,[],2019-02-11 07:40:18,1594132.70932483,0.00000029,0.000000000010533351,6631801,2019-02-11 07:40:18,btc,0.2232496599706805,0.0,0.00000029,btc,445976.83542783,0.01460928,0.1400341456167115,30
0,[],17,[],2019-02-11 07:40:21,0.0,0,0,6631802,2019-02-11 07:40:21,btc,0.0,0.0,0,btc,0.0,0.0,0.0,30
1,[],4,[],2019-02-11 07:40:22,1758919.52225844,0.00006340,0.00000000230280846,6631803,2019-02-11 07:40:22,btc,1.0120646717960844,0.0,0.00006340,btc,13688.29317795,0.44364471,2.3819138066206857,31
1,[],21,[],2019-02-11 07:40:23,70943.14891157,0.00006389999999999999467318462232,0.0000000023209694099999997,6631804,2019-02-11 07:40:23,btc,1.5487355888356438,57941.97133286,0.000063899999999999994673184622318018455189303494989871978759765625,btc,21984.06247454,3.70080214,4.242784417617452,31
0,[],2,[],2019-01-20 23:28:43,0.0,0,0,6477009,2019-01-20 23:28:43,,0.0,0.0,0,,0.0,0.0,0.0,32
1,[],4,[],2019-02-11 07:40:24,133104530.82495996,0.00000004,0.000000000001452876,6631805,2019-02-11 07:40:24,btc,2.226632121441262,0.0,0.00000004,"btc,ltc",48257359.01193105,0.29724891,1.8372184610062132,33
1,[],12,[],2019-02-11 07:40:25,12145049.0,0.00000005,0.000000000001816095,6631806,2019-02-11 07:40:25,btc,34509089.51953509,0.0,0.00000005,btc,89281129.03496486,0.074965301448552,0.37116662,33
1,[],4,[],2019-02-11 07:40:26,125219319.86415793,0.00000002,0.000000000000726438,6631807,2019-02-11 07:40:26,btc,0.7471677285911442,0.0,0.00000002,btc,24905590.95303814,0.0491855,1.3043150238515793,34
1,[],5,[],2019-02-11 07:40:27,3e-08,0.00000002,0.000000000000726438,6631808,2019-02-11 07:40:27,btc,4.21372572,0.03647272,0.00000002,btc,1.394e-05,0.0,0.77441971,34
0.0000000001222099,[],4,[],2019-02-11 07:40:29,774472131.1461179,3.666297e-18,1.331668730043e-22,6631809,2019-02-11 07:40:29,ltc,1.0554411380313007e-08,0.0,0.00000003,ltc,1834937668.0890877,0.0,1.587679327158184e-09,36
1,[],5,[],2019-02-11 07:40:30,0.0,0,0,6631810,2019-02-11 07:40:30,btc,197.40695608,0.0,0,btc,1.325e-05,0.0,0.0,36
0,[],17,[],2019-02-11 07:40:31,0.0,0,0,6631811,2019-02-11 07:40:31,btc,0.07464582788808773,0.0,0,btc,4105386.20243647,0.0,0.0,36
0.0000000001222099,[],27,[],2019-02-11 07:40:34,1000000.0,2.444198e-18,8.87779153362e-23,6631812,2019-02-11 07:40:34,ltc,252.8263276744,0.0,0.00000002,"ltc,eth",3711879.06,0.0,2.444198e-12,36
1,[],4,[],2019-02-11 07:40:35,246878.93137316,0.00000133,0.000000000048308127000000004,6631813,2019-02-11 07:40:35,btc,0.4981353102533975,0.0,0.00000133,btc,291476.89761485,0.11105286,0.1400200608823526,37
1,[],12,[],2019-02-11 07:40:37,422985.05310156,0.000001349999999999999991849510168340220417348973569460213184356689453125,0.000000000049034565,6631814,2019-02-11 07:40:37,btc,1341.3503948063246,0.0,0.000001349999999999999991849510168340220417348973569460213184356689453125,btc,790272.16633297,0.1178144466533647,0.2177809500000144,37
1,[],17,[],2019-02-11 07:40:38,1752.74075282,0.00000025,0.000000000009080475,6631815,2019-02-11 07:40:38,btc,0.05548492397807912,0.0,0.00000025,btc,1387.19918473,0.0,0.00043818518820499993,37
1,[],27,[],2019-02-11 07:40:40,16422.0,0.00000052,0.000000000018887388,6631816,2019-02-11 07:40:40,btc,51.75602025030353,0.0,0.00000052,btc,29579.81438508,0.0,0.00569662,37
1,[],5,[],2019-02-11 07:40:42,1.79e-05,0.00000095,0.000000000034505805,6631817,2019-02-11 07:40:42,btc,0.09173321,0.10043569,0.00000095,btc,8.789e-05,0.0,0.04106758,42
1,[],12,[],2019-02-11 07:40:43,128289.12054273,0.00000101000000000000007076262319161141789436442195437848567962646484375,0.000000000036685119000000005,6631818,2019-02-11 07:40:43,btc,96.34668014896477,0.0,0.00000101000000000000007076262319161141789436442195437848567962646484375,btc,100525.51726638,0.007957843422171,0.0469615866384394,42
0,[],27,[],2019-02-11 07:40:46,0.0,0,0,6631819,2019-02-11 07:40:46,,0.00315028,0.0,0,"btc,eth",11.007,0.0,0.0,42
1,[],5,[],2019-02-11 07:40:49,6e-08,0.00000003,0.0000000000010896570000000001,6631820,2019-02-11 07:40:49,btc,6.25851383,3.948e-05,0.00000003,btc,1.425e-05,0.0,0.56258158,43
1,[],12,[],2019-02-11 07:40:50,3951776.0,0.00000002,0.000000000000726438,6631821,2019-02-11 07:40:50,btc,20007456.475336596,0.0,0.00000002,btc,38967532.19920079,0.0011514066733267,0.03951789,43
0,[],17,[],2019-02-11 07:40:52,0.0,0,0,6631822,2019-02-11 07:40:52,btc,0.0,0.0,0,btc,0.0,0.0,0.0,43
1,[],12,[],2019-02-11 07:40:53,759534.0,0.00000005,0.000000000001816095,6631823,2019-02-11 07:40:53,btc,11115166.91782662,0.0,0.00000005,btc,1022006.14385612,0.00297308,0.0212335,44
1,[],4,[],2019-02-11 07:40:55,225314471.29483122,0.00000002,0.000000000000726438,6631824,2019-02-11 07:40:55,btc,0.1891642697311652,0.0,0.00000002,"btc,ltc",4445678.48745401,0.00403808,0.4287029759240052,49
0.0000000001222099,[],4,[],2019-02-11 07:40:55,2661710486.7029586,1.222099e-18,4.43889576681e-23,6631825,2019-02-11 07:40:55,ltc,4.645173507624599,0.0,0.00000001,ltc,3079410234.5648203,0.0,3.252873724089199e-09,52
0,[],22,[],2019-02-11 00:43:38,0.0,0,0,6629478,2019-02-11 00:43:38,,3933.30196955,0.0,0,,263411682.90882352,0.0,0.0,57
0,[],27,[],2019-02-11 00:43:40,0.0,0,0,6629479,2019-02-11 00:43:40,,0.0,0.0,0,"btc,eth",0.0,0.0,0.0,57
0.0000000001222099,[],4,[],2019-02-11 07:40:56,1194220895.993559,6.110495e-18,2.219447883405e-22,6631826,2019-02-11 07:40:56,ltc,3.2794086078162974,0.0,0.00000005,ltc,930394857.8948551,0.00023558,3.795984573765526e-09,58
1,[],12,[],2019-02-11 07:40:58,1947232185.843957,0.0000000005,0.00000000000001816095,6631827,2019-02-11 07:40:58,btc,224005489716.71997,0.0,0.0000000005,btc,3367795841.8984065,0.001948787771728256,0.6886686718011392,58
0,[],17,[],2019-02-11 07:40:59,0.0,0,0,6631828,2019-02-11 07:40:59,btc,1e+24,0.0,0,btc,41481695.95832568,0.0,0.0,58
0.0000000001283677,[],22,[],2019-02-11 07:41:04,137438.0,1.283677e-18,4.6625587626300003e-23,6631829,2019-02-11 07:41:04,XMR,69.8835922,0.0,0.00000001,XMR,9887963.0,0.0,0.00137438,58
1,[],5,[],2019-02-11 07:41:06,1.755e-05,0.00000087,0.000000000031600053000000004,6631830,2019-02-11 07:41:06,btc,0.26376557,0.00983109,0.00000087,btc,0.00015408,0.0,0.0748069,61
1,[],22,[],2019-02-11 07:41:10,5149.5,0.00000011,0.000000000003995409,6631831,2019-02-11 07:41:10,BTC,1002.29598212,0.0,0.00000011,BTC,14957.700278135757,0.0,0.00051596,61
1,[],26,[],2019-02-11 07:41:10,0.0,0.00000800,0.0000000002905752,6631832,2019-02-11 07:41:10,btc,0.0,0.0,0.00000800,btc,0.0,0.0,0.0,61
1,[],27,[],2019-02-11 07:41:12,5333.3559,0.00000059,0.000000000021429921,6631833,2019-02-11 07:41:12,btc,10.764440334806674,471.78870423,0.00000059,"btc,eth",15310.44146575,0.00094358,0.0013141799827461468,61
1,[],28,[],2019-02-11 07:41:14,19904.304,0.00000101,0.000000000036685119,6631834,2019-02-11 07:41:14,btc,2.056400593700105,351.0,0.00000101,btc,9787.52450005,0.0,0.00994531304,61
1,[],4,[],2019-02-11 07:41:14,513837.89951264,0.00000250,0.00000000009080475,6631835,2019-02-11 07:41:14,btc,1.0950998464495927,0.0,0.00000250,btc,275019.80846988,0.11760809,0.7644789833894303,67
0.0,[],25,[],2019-02-11 07:41:16,0.0,0,0,6631836,2019-02-11 07:41:16,,0.0,0.0,0.0,btc,0.0,0.0,0.0,67
1,[],12,[],2019-02-11 07:41:17,2850905.77116025,0.00000026,0.000000000009443694,6631837,2019-02-11 07:41:17,btc,11115896.546772234,0.0,0.00000026,btc,2026356.87192107,0.0184123602834612,0.1251298455320189,71
,[],5,[],2018-11-20 23:02:39,1.5e-07,0.00000005,0.000000000002128045,4862160,2018-11-20 23:02:39,btc,2.84511358,0.0,,btc,0.00036572,0.0,0.07381892,74
1,[],5,[],2019-01-25 15:53:51,3.303e-05,0.00000156,0.000000000055588884,6499610,2019-01-25 15:53:51,btc,1.42844212,0.0,0.00000156,btc,0.00015937,0.0,0.49487621,75
1,[],4,[],2019-02-11 07:41:18,52385090.43692337,0.00000001,0.000000000000363219,6631838,2019-02-11 07:41:18,btc,0.7679829385714513,0.0,0.00000001,btc,14662066.58791845,0.0,0.5238509043692336,81
0,[],20,[],2019-01-25 09:30:31,0.0,0,0,6495923,2019-01-25 09:30:31,btc,0.0,0.0,0,btc,0.0,0.0,0.0,81
1,[],4,[],2019-02-11 07:41:19,23862.56124648,0.00007411,0.000000002691816009,6631839,2019-02-11 07:41:19,btc,0.9677312271147894,0.0,0.00007411,btc,8614.37388662,0.00785901,0.0921124067194164,82
1,[],21,[],2019-02-11 07:41:20,66357.51861931999,0.00007514999999999999707577663655,0.000000002729590785,6631840,2019-02-11 07:41:20,btc,3.495684914530525,4086.5790816,0.000075149999999999997075776636545896280949818901717662811279296875,btc,40427.33991497,0.30856047,3.061571810056879,82
0,[],17,[],2019-02-07 10:02:39,0.0,0,0,6611495,2019-02-07 10:02:39,btc,0.0447233088476774,0.0,0,btc,999127.19588126,0.0,0.0,84
0.0000000001222099,[],4,[],2019-02-11 07:41:21,157755924.20176044,1.222099e-17,4.43889576681e-22,6631841,2019-02-11 07:41:21,ltc,0.1956906325034233,0.0,0.0000001,ltc,76260795.59507036,0.0,8.066649927722832e-10,85
,[],22,[],2018-11-20 23:09:34,3408.1,0.0000001,0.0000000000041895,4862324,2018-11-20 23:09:34,BTC,0.04624735,0.0,,BTC,4990.0,0.0,0.00033081,86
0,[],22,[],2019-02-11 07:41:24,0.0,0,0,6631842,2019-02-11 07:41:24,,2.0760781,0.0,0,,140622.94736842104,0.0,0.0,87
0,[],27,[],2019-02-11 07:41:26,0.0,0,0,6631843,2019-02-11 07:41:26,,0.0,0.0,0,btc,0.0,0.0,0.0,87
,[],2,[],2018-11-20 23:10:47,0.0,0,0,4862359,2018-11-20 23:10:47,,0.0,0.0,,,0.0,0.0,0.0,88
1,[],11,[],2019-02-11 07:41:28,95552.4999892,0.0001540900000000000103807240581232917975285090506076812744140625,0.000000005596841571,6631844,2019-02-11 07:41:28,btc,702.3030052256493,267.45617264,0.0001540900000000000103807240581232917975285090506076812744140625,btc,187563.72183734,0.0,6.4221064378355175,89
0,[],2,[],2019-01-20 23:31:45,0.0,0,0,6477083,2019-01-20 23:31:45,,0.0,0.0,0,,0.0,0.0,0.0,91
1,[],12,[],2019-02-11 07:41:30,445557.03341896,0.000003019999999999999884515121395534009707262157462537288665771484375,0.000000000109692138,6631845,2019-02-11 07:41:30,btc,1115.1177037932187,0.0,0.000003019999999999999884515121395534009707262157462537288665771484375,btc,40878.24755152,0.00037621162678,0.0842060410000072,91
0,[],17,[],2019-02-11 07:41:31,0.0,0,0,6631846,2019-02-11 07:41:31,btc,0.0,0.0,0,btc,0.0,0.0,0.0,91
0.0000000001222099,[],22,[],2019-02-11 07:41:35,23303133.4,6.110495e-18,2.219447883405e-22,6631847,2019-02-11 07:41:35,LTC,8.17576354,0.0,0.00000005,LTC,67492261.1,5.5032144533159995e-12,0.89647531,95
1,[],4,[],2019-02-11 07:41:36,133510028.44215848,0.00000001,0.000000000000363219,6631848,2019-02-11 07:41:36,btc,0.9542199994497923,0.0,0.00000001,"btc,ltc",48255978.0398403,0.00502946,0.01828266826717887,96
1,[],12,[],2019-02-11 07:41:37,764991.0,0.00000001,0.000000000000363219,6631849,2019-02-11 07:41:37,btc,255063.4736351099,0.0,0.00000001,btc,8812348.54676297,0.00126863992008,0.00764991,96
0,[],17,[],2019-02-11 07:41:38,0.0,0,0,6631850,2019-02-11 07:41:38,btc,0.0,0.0,0,btc,0.0,0.0,0.0,96
1,[],4,[],2019-02-11 07:41:39,1856064.34385383,0.00000032,0.000000000011623008,6631851,2019-02-11 07:41:39,btc,0.120192054886433,0.0,0.00000032,btc,269092.57269709,0.01014694,0.2372209444978222,99
0,[],2,[],2019-01-20 23:23:55,0.0,0,0,6476914,2019-01-20 23:23:55,,0.0,0.0,0,,0.0,0.0,0.0,100
1,[],4,[],2019-02-11 07:41:40,216319.94221593,0.00004006,0.0000000014550553140000001,6631852,2019-02-11 07:41:40,btc,1.1453856857277949,0.0,0.00004006,btc,25668.35211451,1.1870276,1.4168561979020948,100
1,[],22,[],2019-02-11 07:41:44,50000.0,0.00000001,0.000000000000363219,6631853,2019-02-11 07:41:44,BTC,23.50383609,0.0,0.00000001,BTC,11277.22,0.0,0.0005,101
1,[],4,[],2019-02-11 07:41:45,117889.44295417,0.00000102,0.000000000037048338,6631854,2019-02-11 07:41:45,btc,0.4194903903366516,0.0,0.00000102,btc,159378.70008579,0.01876247,0.0679557765750069,103
1,[],12,[],2019-02-11 07:41:48,54009828.4663887,0.000000016,0.0000000000005811504,6631855,2019-02-11 07:41:48,btc,137278791.3680045,0.0,0.000000016,btc,131111172.72435829,0.04728000568858371,0.33305777246221924,105
1,[],27,[],2019-02-11 07:41:50,4209342.89,0.00000001,0.000000000000363219,6631856,2019-02-11 07:41:50,btc,1.62008275136923,0.0,0.00000001,btc,575169.42860553,0.0,0.0420934289,105
0,[],22,[],2019-02-11 07:41:53,0.0,0,0,6631857,2019-02-11 07:41:53,,1.07253299,0.0,0,,94300.0,0.0,0.0,107
1,[],26,[],2019-02-11 07:41:53,0.0,0.00000000,0,6631858,2019-02-11 07:41:53,btc,0.0,0.0,0.00000000,btc,0.0,0.0,0.0,107
1,[],5,[],2019-02-11 07:41:55,1e-08,0.00000001,0.000000000000363219,6631859,2019-02-11 07:41:55,btc,2.90005522,0.01556442,0.00000001,btc,1.571e-05,0.0,0.08617321,112
1,[],22,[],2019-02-11 07:41:58,189099.0,0.00000002,0.000000000000726438,6631860,2019-02-11 07:41:58,BTC,2.81183288,0.0,0.00000002,BTC,808524.0833333334,0.0,0.00189105,112
0.0000000003312743,[],27,[],2019-02-11 07:42:00,500000.0,3.312743e-18,1.203251199717e-22,6631861,2019-02-11 07:42:00,eth,1.35132491849924,0.0,0.00000001,"btc,eth",1328.641654,0.0,1.6563715e-12,112
1,[],4,[],2019-02-11 07:42:01,467711.06353412,0.00000337,0.000000000122404803,6631862,2019-02-11 07:42:01,btc,0.286515211615912,0.0,0.00000337,btc,66400.45312635,0.03386057,0.2682517849146997,113
1,[],5,[],2019-02-11 07:42:02,1.22e-05,0.00000310,0.00000000011259789,6631863,2019-02-11 07:42:02,btc,0.88267836,0.0,0.00000310,btc,0.00160639,0.0,0.22688729,113
1,[],17,[],2019-02-11 07:42:04,172038.724,0.00000004,0.000000000001452876,6631864,2019-02-11 07:42:04,btc,1.3373630274504726,0.0001,0.00000004,btc,60896.221,0.0,0.0029815489599999997,116
0,[],27,[],2019-02-11 07:42:06,0.0,0,0,6631865,2019-02-11 07:42:06,,0.0,0.0,0,btc,0.0,0.0,0.0,116
1,[],4,[],2019-02-11 07:42:07,31261.36142922,0.00002667,0.000000000968705073,6631866,2019-02-11 07:42:07,btc,1.2293393148681362,0.0,0.00002667,btc,35250.14993712,2.51670376,0.6847853978038936,120
1,[],7,[],2019-02-11 07:42:08,6378.2356742,0.00002920000000000000164326018070592994035905576311051845550537109375,0.00000000106059948,6631867,2019-02-11 07:42:08,btc,115647.30775450339,330.16746527,0.00002920000000000000164326018070592994035905576311051845550537109375,btc,30011.80493338,0.01108691,0.0568765737447724,120
1,[],20,[],2019-02-11 07:42:10,1539391.8094,0.000000014,0.0000000000005085066,6631868,2019-02-11 07:42:10,btc,33.8688445501599,0.0,0.000000014,btc,1142782.3764,0.0,0.0079606482167,125
1,[],22,[],2019-02-11 07:42:14,3053.0,0.00000001,0.000000000000363219,6631869,2019-02-11 07:42:14,BTC,0.01444889,0.0,0.00000001,BTC,296264.5111111111,0.0,3.053e-05,126
0,[],2,[],2019-01-20 23:25:46,0.0,0,0,6476969,2019-01-20 23:25:46,,0.0,0.0,0,,0.0,0.0,0.0,131
1,[],4,[],2019-02-11 07:42:14,145789.49757776,0.00001451,0.0000000005270307690000001,6631870,2019-02-11 07:42:14,btc,0.6418184222024427,0.0,0.00001451,btc,35005.77577867,0.15410066,0.6752453644565947,131
0,[],17,[],2019-02-11 07:42:16,0.0,0,0,6631871,2019-02-11 07:42:16,btc,0.0009561751951600001,0.0,0,btc,35.42829368,0.0,0.0,131
1,[],4,[],2019-02-11 07:42:17,4618.72413213,0.00016009,0.0000000058147729710000005,6631872,2019-02-11 07:42:17,btc,1.6397450704738545,0.0,0.00016009,btc,295.92689166,0.0,0.0082576416605759,135
1,[],3,[],2019-02-11 07:42:17,1915454.19227397,0.00000006,0.000000000002179314,6631873,2019-02-11 07:42:17,btc,0.12396011445949519,23020.0,0.00000006,btc,428123.58715515,0.0,0.0715608194414789,136
1,[],4,[],2019-02-11 07:42:18,53902.95342246,0.00000170,0.00000000006174723,6631874,2019-02-11 07:42:18,btc,0.059730934986557,0.0,0.00000170,btc,28484.81834964,0.06954705,0.0638428456342243,137
1,[],12,[],2019-02-11 07:42:19,296004.47935338,0.000001799999999999999918546601286595265634105089702643454074859619140625,0.00000000006537942,6631875,2019-02-11 07:42:19,btc,11982.946651528538,0.0,0.000001799999999999999918546601286595265634105089702643454074859619140625,btc,158168.90843158,0.0571558058061687,0.0262520520144515,137
1,[],4,[],2019-02-11 07:42:20,9722.30080353,0.00005773,0.000000002096863287,6631876,2019-02-11 07:42:20,btc,1.1912138136122075,0.0,0.00005773,btc,15615.94161145,1.49741917,0.5159311876824518,142
1,[],5,[],2019-02-11 07:42:21,0.0016528,0.00005912,0.000000002147350728,6631877,2019-02-11 07:42:21,btc,2.05155761,1.99269521,0.00005912,btc,0.00370108,0.0,1.15630241,142
1,[],17,[],2019-02-11 07:42:22,22967.386363640002,0.00000088,0.000000000031963272,6631878,2019-02-11 07:42:22,btc,20.069913352536556,0.0,0.00000088,btc,2746.079105,0.0,0.0104613000000032,142
1,[],20,[],2019-02-11 07:42:24,139806.3713,0.000030001,0.0000000010896933219,6631879,2019-02-11 07:42:24,btc,0.3789511506202,0.0,0.000030001,btc,3009.7438,0.0,0.2946319881728,142
1,[],22,[],2019-02-11 07:42:28,1621.4,0.00001020,0.00000000037048338,6631880,2019-02-11 07:42:28,BTC,3.0087007,0.0,0.00001020,BTC,897.0985020382753,0.0,0.00189903,142
0.0,[],25,[],2019-02-11 07:42:29,0.0,0,0,6631881,2019-02-11 07:42:29,,0.0,0.0,0.0,btc,0.0,0.0,0.0,142
1,[],28,[],2019-02-11 07:42:31,78956.0,0.00004500,0.0000000016344855,6631882,2019-02-11 07:42:31,btc,0.040983914489,5.70659,0.00004500,btc,168.785,0.0,0.0535187,142
0,[],22,[],2019-02-11 07:42:33,0.0,0,0,6631883,2019-02-11 07:42:33,,68.47300197,0.0,0,,888991225.8,0.0,0.0,143
1,[],21,[],2019-02-11 07:42:34,47813884.27831262,0.00000028,0.000000000010170132,6631884,2019-02-11 07:42:34,btc,41.23302901503608,9736581.77987136,0.00000028,btc,79915912.16803728,2.84237568,8.421570325363655,145
0,[],22,[],2019-02-10 17:04:30,0.0,0,0,6625727,2019-02-10 17:04:30,,4.25427726,0.0,0,,2259598.0,0.0,0.0,146
,[],22,[],2018-11-20 23:01:11,0.0,0,0,4862114,2018-11-20 23:01:11,,2.56807021,0.0,,,61828.4988236,0.0,0.0,147
1,[],12,[],2019-02-11 07:42:36,8690858.47144755,0.000003360000000000000017360245185837896997327334247529506683349609375,0.000000000122041584,6631885,2019-02-11 07:42:36,btc,16.545757709746827,0.0,0.000003360000000000000017360245185837896997327334247529506683349609375,btc,118558.53737049,0.0005309124875503,0.1466293900000192,148
1,[],4,[],2019-02-11 07:42:37,439248.60555015,0.00000045,0.000000000016344855,6631886,2019-02-11 07:42:37,btc,0.7876508755599264,0.0,0.00000045,btc,586266.01148274,0.00092332,0.1253542112315168,152
0,[],22,[],2019-02-11 07:42:45,0.0,0,0,6631887,2019-02-11 07:42:45,,0.0,0.0,0,,0.0,0.0,0.0,152
1,[],5,[],2019-02-11 07:42:47,0.0,0,0,6631888,2019-02-11 07:42:47,btc,4.35601725,0.0,0,btc,0.0021126,0.0,0.0,153
,[],16,[],2019-01-11 15:38:59,0.0,0,0,6366141,2019-01-11 15:38:59,btc,0.0,0.0,,btc,0.0,0.0,0.0,155
0,[],23,[],2019-01-20 23:24:29,0.0,0,0,6476932,2019-01-20 23:24:29,,0.0,0.0,0,,0.0,0.0,0.0,156
0,[],22,[],2019-02-11 07:42:49,0.0,0,0,6631889,2019-02-11 07:42:49,,6.74578916,0.0,0,,4614557.242592593,0.0,0.0,156
1,[],22,[],2019-02-11 07:42:53,7906.0,0.00000801,0.00000000029093841900000003,6631890,2019-02-11 07:42:53,BTC,43.78801181,0.0,0.00000801,BTC,1067.5805334758436,0.0,0.00743836,157
0,[],22,[],2019-02-11 07:42:56,0.0,0,0,6631891,2019-02-11 07:42:56,,50175.67558609,0.0,0,,54029136.04179466,0.0,0.0,158
,[],17,[],2018-11-20 22:56:10,0.0,0,0,4861976,2018-11-20 22:56:10,btc,1.1265625,0.0,,btc,1000.0,0.0,0.0,159
,[],20,[],2018-11-20 22:56:12,0.0,0,0,4861977,2018-11-20 22:56:12,btc,11912.7940471,0.0,,btc,34413894.3617,0.0,0.0,159
1,[],12,[],2019-02-11 07:42:57,184375.7042089,0.000007430000000000000013179561608733791899794596247375011444091796875,0.000000000269871717,6631892,2019-02-11 07:42:57,btc,6.663040897292475,0.0,0.000007430000000000000013179561608733791899794596247375011444091796875,btc,14881.55016046,0.0014697934,0.086000635199957,168
1,[],17,[],2019-02-11 07:42:59,29784.95,0.000001,0.0000000000363219,6631893,2019-02-11 07:42:59,btc,0.03026736251542,0.0,0.000001,btc,144.46171372,0.0,0.00716147,168
0,[],22,[],2019-02-11 07:43:12,0.0,0,0,6631894,2019-02-11 07:43:12,,1.14776715,0.0,0,,721548.0900917595,0.0,0.0,169
1,[],22,[],2019-02-11 07:43:15,224971.05555555556,0.00000018,0.000000000006537942,6631895,2019-02-11 07:43:15,BTC,11.40965449,0.0,0.00000018,BTC,130310.7783789489,5.21e-06,0.02159479,171
1,[],22,[],2019-02-11 07:43:18,230377.04554865425,0.00000023,0.000000000008354037,6631896,2019-02-11 07:43:18,BTC,2.65420931,0.0,0.00000023,BTC,235114.3379908589,0.00234255,0.01861125,173
1,[],5,[],2019-02-11 07:43:20,1.727e-05,0.00000314,0.000000000114050766,6631897,2019-02-11 07:43:20,btc,0.32705206,0.0213091,0.00000314,btc,0.00028149,0.0,0.69406551,175
1,[],22,[],2019-02-11 07:43:23,53334.52380952381,0.00000062,0.000000000022519578000000002,6631898,2019-02-11 07:43:23,BTC,0.50040603,0.0,0.00000062,BTC,127676.46882822087,0.0,0.01958008,176
0,[],2,[],2019-01-20 23:28:34,0.0,0,0,6477001,2019-01-20 23:28:34,,0.0,0.0,0,,0.0,0.0,0.0,178
1,[],7,[],2019-02-11 07:43:24,0.0,0,0,6631899,2019-02-11 07:43:24,btc,410973.9169089935,0.0,0,btc,115465110.28145695,0.0,0.0,178
0,[],22,[],2019-02-11 07:43:27,0.0,0,0,6631900,2019-02-11 07:43:27,,1.00242428,0.0,0,,57512.0,0.0,0.0,178
0,[],23,[],2019-01-20 23:25:08,0.0,0,0,6476952,2019-01-20 23:25:08,,0.0,0.0,0,,0.0,0.0,0.0,179
1,[],5,[],2019-02-11 07:43:29,3e-08,0.00000002,0.000000000000726438,6631901,2019-02-11 07:43:29,btc,26.47481549,0.01024956,0.00000002,btc,2.088e-05,0.0,0.93615638,179
1,[],22,[],2019-02-11 07:43:41,7820284.0,0.00000002,0.000000000000726438,6631902,2019-02-11 07:43:41,BTC,5.4773134,0.0,0.00000002,"BTC,LTC",17835443.468656633,0.0,0.38366552,179
1,[],17,[],2019-02-11 07:43:43,10504.725,0.0000001,0.00000000000363219,6631903,2019-02-11 07:43:43,btc,5.206166879878955,0.0,0.0000001,btc,6755.0074587,0.0,0.0010504725,180
1,[],22,[],2019-02-11 07:43:47,17615.305263157894,0.00000095,0.000000000034505805,6631904,2019-02-11 07:43:47,BTC,0.09342657,0.0,0.00000095,"BTC,LTC",13886.975478042325,0.00060714,0.0056283,180
1,[],26,[],2019-02-11 07:43:47,0.0,0.00000010,0.00000000000363219,6631905,2019-02-11 07:43:47,btc,0.0,0.0,0.00000010,btc,0.0,0.0,0.0,180
,[],7,[],2018-11-20 22:58:01,562227.975654,0.00000085,0.000000000036176765,4862015,2018-11-20 22:58:01,btc,21836.6059674,2491.87645172,,btc,749999.041456,0.00211021,0.127565380455,183
,[],5,[],2019-01-10 08:11:41,0.0,0,0,6347036,2019-01-10 08:11:41,btc,82.15055501,0.00261,,btc,1.19002445,0.0,0.0,187
,[],17,[],2018-11-16 20:58:10,4062536.27273,0.00000001,0.000000000000550501,4708775,2018-11-16 20:58:10,btc,3.36492563466,0.195460381006,,"btc,eth",110697919.549,0.0,0.0157628953496,187
1,[],24,[],2019-02-11 07:43:47,0.0,0.000000000001,3.63219e-17,6631906,2019-02-11 07:43:47,btc,0.0,0.0,0.000000000001,btc,0.0,0.0,0.0,187
0,[],22,[],2019-02-11 07:43:50,0.0,0,0,6631907,2019-02-11 07:43:50,,1.19383767,0.0,0,,14406.036201072173,0.0,0.0,191
0,[],22,[],2019-02-11 07:44:03,0.0,0,0,6631908,2019-02-11 07:44:03,,0.0,0.0,0,,0.0,0.0,0.0,197
0,[],23,[],2019-01-20 23:31:41,0.0,0,0,6477079,2019-01-20 23:31:41,,0.0,0.0,0,,0.0,0.0,0.0,199
1,[],26,[],2019-02-11 02:44:48,0.0,0.00000000,0,6630141,2019-02-11 02:44:48,btc,0.0,768054.0,0.00000000,btc,0.0,0.0,0.0,199
0,[],17,[],2019-01-30 16:32:01,0.0,0,0,6540827,2019-01-30 16:32:01,btc,6.802544163788159,0.0,0,btc,105897.55575295,0.0,0.0,200
0,[],2,[],2019-01-20 23:30:49,0.0,0,0,6477059,2019-01-20 23:30:49,,0.0,0.0,0,,0.0,0.0,0.0,201
1,[],4,[],2019-01-25 15:51:35,2084389.58565343,0.00000936,0.000000000333526752,6499557,2019-01-25 15:51:35,btc,2.0092503037378524,0.0,0.00000936,btc,160195.80207885,0.19272417,1.242687955921835,211
1,[],7,[],2019-02-11 07:44:06,4500018.11132931,0.000001560000000000000098813643899242631363222244544886052608489990234375,0.000000000056662164000000003,6631909,2019-02-11 07:44:06,btc,16567792.047030479,1444216.96473,0.000001560000000000000098813643899242631363222244544886052608489990234375,btc,12026770.69494193,0.0,3.4089070700356454,212
1,[],12,[],2019-01-25 02:44:32,207462.42853209,0.000001080000000000000035831255497387193287295303889550268650054931640625,0.000000000038610756000000006,6493050,2019-01-25 02:44:32,btc,85023.03793723314,0.0,0.000001080000000000000035831255497387193287295303889550268650054931640625,btc,43675.73520027,0.000146250909087,0.0348620860622024,213
1,[],5,[],2019-02-11 07:44:10,4.62e-06,0.00000035,0.000000000012712665000000001,6631910,2019-02-11 07:44:10,btc,1.06721986,0.155247,0.00000035,btc,3.209e-05,0.0,0.37904819,213
1,[],24,[],2019-02-11 07:44:10,0.0,0.000000050000,0.000000000001816095,6631911,2019-02-11 07:44:10,btc,0.0,0.0,0.000000050000,btc,0.0,0.0,0.0,213
1,[],26,[],2019-02-11 07:44:10,0.0,0.00000009,0.000000000003268971,6631912,2019-02-11 07:44:10,btc,0.0,0.0,0.00000009,btc,0.0,0.0,0.0,213
1,[],22,[],2019-02-11 07:44:14,271180.0,0.00000002,0.000000000000726438,6631913,2019-02-11 07:44:14,BTC,2.20539348,0.0,0.00000002,BTC,253902.63137942314,0.0,0.0046096,216
1,[],27,[],2019-02-11 07:44:16,5081157.5555,0.00000004,0.000000000001452876,6631914,2019-02-11 07:44:16,btc,363.57727336756,0.0,0.00000004,"btc,ltc",271023.369,0.0,0.05225726222,216
1,[],22,[],2019-02-11 07:44:20,305409.8247499803,0.00000231,0.000000000083903589,6631915,2019-02-11 07:44:20,BTC,12676.98828245,0.0,0.00000231,BTC,390071.1412294151,0.01969838,0.44261197,217
1,[],7,[],2019-02-11 07:44:21,0.0,0,0,6631916,2019-02-11 07:44:21,btc,77970.05582791512,0.0,0,btc,137091858.32140028,0.0,0.0,219
0,[],27,[],2019-02-11 07:44:22,0.0,0,0,6631917,2019-02-11 07:44:22,,5.3418937883169715,0.0,0,btc,1605140.99226592,0.0,0.0,219
0.0000000000000052,[],28,[],2019-02-11 07:44:24,203796840.264,6.5e-18,2.3609235e-22,6631918,2019-02-11 07:44:24,doge,88584.0309717675,5267.0,0.00125000,"btc,doge",4974437.69751,0.0,2.0906593588380397e-11,219
1,[],22,[],2019-02-11 07:44:28,223658.57777777777,0.00000099,0.000000000035958681,6631919,2019-02-11 07:44:28,BTC,3.02520474,0.0,0.00000099,BTC,76532.84955994174,0.03370445,0.03817625,221
1,[],24,[],2019-02-11 07:44:28,0.0,0.000000610000,0.000000000022156359,6631920,2019-02-11 07:44:28,btc,0.0,0.0,0.000000610000,btc,0.0,0.0,0.0,221
1,[],20,[],2019-02-11 07:44:30,3946903.6798,0.000000003,0.0000000000001089657,6631921,2019-02-11 07:44:30,btc,49.922584419049,1030796.1906,0.000000003,btc,10235005.1748,0.0035272988898,0.0064965605394,224
0,[],22,[],2019-02-11 07:44:33,0.0,0,0,6631922,2019-02-11 07:44:33,,0.0,0.0,0,,0.0,0.0,0.0,224
1,[],26,[],2019-02-11 07:44:33,0.0,0.00000045,0.000000000016344855,6631923,2019-02-11 07:44:33,btc,0.0,0.0,0.00000045,btc,0.0,0.0,0.0,231
1,[],26,[],2019-02-11 07:44:33,0.0,0.00000004,0.000000000001452876,6631924,2019-02-11 07:44:33,btc,0.0,100.0,0.00000004,btc,0.0,0.0,0.0,234
0,[],27,[],2019-02-11 07:44:36,0.0,0,0,6631925,2019-02-11 07:44:36,,0.0113483662182,0.0,0,"btc,eth",11462.99618,0.0,0.0,234
0,[],22,[],2019-02-11 07:44:39,0.0,0,0,6631926,2019-02-11 07:44:39,,3.06868068,0.0,0,,103318217.06349206,0.0,0.0,235
1,[],4,[],2019-02-11 07:44:40,1147442.46028326,0.00000065,0.000000000023609235,6631927,2019-02-11 07:44:40,btc,0.1305853392186201,0.0,0.00000065,btc,137212.2836479,0.16096034,0.3582885474241884,236
1,[],24,[],2019-02-11 07:44:40,0.0,0.000000020000,0.000000000000726438,6631928,2019-02-11 07:44:40,btc,0.0,0.0,0.000000020000,btc,0.0,0.0,0.0,236
1,[],20,[],2019-02-11 07:44:42,16399573.1883,0.000000066,0.0000000000023972454000000003,6631929,2019-02-11 07:44:42,btc,14.7099865251012,21006833.5461,0.000000066,btc,28735394.6107,1.3600625318397,0.150332659754,237
0.0000000001222099,[],22,[],2019-02-11 07:44:45,14400.0,1.222099e-17,4.43889576681e-22,6631930,2019-02-11 07:44:45,LTC,0.04083605,0.0,0.0000001,LTC,4179.0,0.0,0.00144,237
1,[],4,[],2019-02-11 07:44:46,4993100.25542108,0.00000033,0.000000000011986227,6631931,2019-02-11 07:44:46,btc,0.6916081194423302,0.0,0.00000033,btc,1839181.85730243,0.17936449,1.5344471596328697,238
1,[],5,[],2019-02-11 07:44:48,4.59e-06,0.00000034,0.000000000012349446,6631932,2019-02-11 07:44:48,btc,0.82870634,0.01112079,0.00000034,btc,3.008e-05,0.0,0.28578215,238
0,[],22,[],2019-02-11 07:44:51,0.0,0,0,6631933,2019-02-11 07:44:51,,15.41678688,0.0,0,,370860.0639027493,0.0,0.0,249
0.0000000001222099,[],22,[],2019-02-11 07:44:55,7124354.333333333,3.666297e-18,1.331668730043e-22,6631934,2019-02-11 07:44:55,LTC,0.36811719,0.0,0.00000003,LTC,11588757.09,0.0,0.21273365,252
1,[],28,[],2019-02-11 07:45:30,3479213.286,0.00000013,0.000000000004721847,6631935,2019-02-11 07:45:30,btc,164693.4935367203,262386.308,0.00000013,btc,505324.17,0.0,0.2108710963,256
1,[],22,[],2019-02-11 07:45:33,114807.0,0.00000001,0.000000000000363219,6631936,2019-02-11 07:45:33,BTC,30.20524227,0.0,0.00000001,BTC,445890.0289327789,0.0,0.00114807,258
1,[],22,[],2019-01-26 20:58:41,368451.0,0.00000001,0.000000000000356135,6510120,2019-01-26 20:58:41,BTC,2.642917,0.0,0.00000001,"BTC,LTC",1862.0,0.0,0.02488451,259
1,[],22,[],2019-02-11 07:45:38,12138.100628945522,0.00000700,0.0000000002542533,6631937,2019-02-11 07:45:38,BTC,1293.13912045,0.0,0.00000700,"BTC,LTC",13233.15136892936,0.01049308,0.01780279,262
1,[],5,[],2019-02-11 07:45:39,4.31e-05,0.00000193,0.000000000070101267,6631938,2019-02-11 07:45:39,btc,0.29429344,0.30928955,0.00000193,btc,0.00019093,0.0,0.33998869,264
1,[],20,[],2019-02-11 07:45:42,1164324.4738,0.00000255,0.000000000092620845,6631939,2019-02-11 07:45:42,btc,4.9612980211512,27413.5827,0.00000255,btc,95501.5384,0.0825613113872,0.016010601843,264
1,[],22,[],2019-02-11 07:45:46,95356.5,0.00000002,0.000000000000726438,6631940,2019-02-11 07:45:46,BTC,9.1788482,0.0,0.00000002,BTC,371756.0417119935,0.0,0.0014095,271
0,[],22,[],2019-02-11 07:45:55,0.0,0,0,6631941,2019-02-11 07:45:55,,384.77798703,0.0,0,,15106717515.9,0.0,0.0,272
0.0000000000000052,[],28,[],2019-02-11 07:45:57,192943917356.13,5.2e-21,1.8887388e-25,6631942,2019-02-11 07:45:57,doge,375564313.42311454,15720856710.0,0.00000100,doge,212061553061.35678,0.0,4.957701766448637e-10,272
1,[],22,[],2019-02-11 07:46:02,12049.0,0.00002051,0.000000000744962169,6631943,2019-02-11 07:46:02,BTC,74.0671787,0.0,0.00002051,"BTC,LTC",1224.3826333333334,0.01988743,0.02097959,281
