pairValue,buyBook,exchangeId,sellBook,updated,buyTotal,satoshiPrice,usdPrice,exchangeLogId,created,bestPair,sellTotalBtc,volume,pairPrice,activePairs,sellTotal,volumeBtc,buyTotalBtc,coinId
1,[],3,[],2019-03-08 08:48:28,30542.74290983798,0.01268560999999999994169996853088377974927425384521484375,0.000000492735732181,6876370,2019-03-08 08:48:28,btc,61.095079078017314,1.56176418,0.01268560999999999994169996853088377974927425384521484375,btc,23.780060613765002,0.0,0.2833800016194568,1
0,[],2,[],2019-01-20 23:28:45,0.0,0,0,6477011,2019-01-20 23:28:45,,0.0,0.0,0,,0.0,0.0,0.0,1
1,[],4,[],2019-03-08 08:48:30,207897.46461823,0.01263177,0.000000490644473517,6876371,2019-03-08 08:48:30,btc,9.828562248125134,0.0,0.01263177,btc,306.84677469,1.36020938,2.9137567019483672,1
1,[],5,[],2019-03-08 08:48:33,0.0,0,0,6876372,2019-03-08 08:48:33,btc,0.0,0.03938231,0,btc,0.0,0.0,0.0,1
1,[],10,[],2019-03-08 08:48:35,414595.65330165,0.01070848,0.000000415939851008,6876373,2019-03-08 08:48:35,btc,6522.234947958002,1791.58732378,0.01070848,btc,1105.21738748,0.0,5.5086395744630465,1
1,[],12,[],2019-03-08 08:48:38,103.3578659,0.0126999999999999994837462935493022087030112743377685546875,0.00000049329467,6876374,2019-03-08 08:48:38,btc,0.3336164309392,0.0,0.0126999999999999994837462935493022087030112743377685546875,btc,23.19879647,0.0764143157877,0.2987201705914,1
1,[],20,[],2019-03-08 08:48:39,1152.5133,0.010500326,0.0000004078547125246,6876375,2019-03-08 08:48:39,btc,0.055456485683,0.3915,0.010500326,btc,2.4799,0.0046697723592,0.0963551722367,1
1,[],21,[],2019-03-08 08:48:40,2220.75584794,0.01277449999999999939725991993,0.00000049618840645,6876376,2019-03-08 08:48:40,btc,22.972032894699957,7468.60174411,0.01277449999999999939725991993100251420401036739349365234375,"btc,eth",2532.30776528,94.37006434322022,21.032667919921245,1
1,[],22,[],2019-03-08 08:48:44,0.006382215384615385,0.01300000,0.0000005049473,6876377,2019-03-08 08:48:44,BTC,0.31439419,0.0,0.01300000,BTC,0.12751438772928525,0.0,7.978e-05,1
1,[],24,[],2019-03-08 08:48:45,0.0,0.000000000000,0,6876378,2019-03-08 08:48:45,btc,0.0,0.0,0.000000000000,btc,0.0,0.0,0.0,1
0.0,[],25,[],2019-03-08 08:48:46,0.0,0,0,6876379,2019-03-08 08:48:46,btc,31.151999997550885,493.71178557,0.0,btc,2384.06740794,6.4512,0.0,1
1,[],26,[],2019-03-08 08:48:55,0.0,0,0,6876380,2019-03-08 08:48:55,,0.0,0.0,0,,0.0,0.0,0.0,1
1,[],28,[],2019-03-08 08:48:57,993.142,0.01323000,0.000000513880983,6876381,2019-03-08 08:48:57,btc,0.147901439075,17575.7,0.01323000,btc,7.9421,0.0,0.089302756,1
1,[],5,[],2019-03-08 08:48:59,0.0,0,0,6876382,2019-03-08 08:48:59,btc,0.0,0.00757839,0,btc,0.0,0.0,0.0,2
0.0000000001258011,[],22,[],2019-03-08 08:49:03,1148.0,1.3838121e-16,5.375016796941e-21,6876383,2019-03-08 08:49:03,XMR,21.01373823,0.0,0.00000110,XMR,14319.12581,0.0,0.00087635,2
1,[],5,[],2019-03-08 08:49:05,0.0,0,0,6876384,2019-03-08 08:49:05,btc,0.0,0.96708928,0,btc,0.0,0.0,0.0,3
1,[],12,[],2019-03-08 08:49:06,1971826.08101,0.000000177,0.0000000000068750517000000004,6876385,2019-03-08 08:49:06,btc,22810.24906311537,0.0,0.000000177,btc,1048182.62846744,0.07100126065507943,0.28705291905776,3
0,[],28,[],2019-03-08 08:49:07,0.0,0,0,6876386,2019-03-08 08:49:07,,0.0,0.0,0,,0.0,0.0,0.0,3
0,[],2,[],2019-01-20 23:31:32,0.0,0,0,6477077,2019-01-20 23:31:32,,0.0,0.0,0,,0.0,0.0,0.0,4
1,[],4,[],2019-03-08 08:49:08,397616.47083169,0.00000033,0.000000000012817893000000001,6876387,2019-03-08 08:49:08,btc,32.25550523858344,0.0,0.00000033,btc,710397.77475616,0.0,0.048728594654585,4
1,[],12,[],2019-03-08 08:49:09,370322.0,0.00000002,0.000000000000776842,6876388,2019-03-08 08:49:09,btc,631.55403205,0.0,0.00000002,btc,524034.0,0.00168826,0.00476618,5
0,[],2,[],2019-01-20 23:31:51,0.0,0,0,6477087,2019-01-20 23:31:51,,0.0,0.0,0,,0.0,0.0,0.0,6
1,[],11,[],2019-03-08 08:49:11,4853444.5,0.00000002,0.000000000000776842,6876389,2019-03-08 08:49:11,btc,9568.23120290766,279440.0,0.00000002,btc,42611702.90271394,0.0,0.064543725,6
1,[],3,[],2019-03-08 08:49:11,1083.685248389546,0.0001554700000000000005562217353372034267522394657135009765625,0.000000006038781287,6876390,2019-03-08 08:49:11,btc,28.402034233092024,0.0,0.0001554700000000000005562217353372034267522394657135009765625,btc,243.122414578101,0.0,0.033727187504708794,7
1,[],4,[],2019-03-08 08:49:13,104860.31977883,0.00025204,0.000000009789762884,6876391,2019-03-08 08:49:13,btc,13.622780949473999,0.0,0.00025204,btc,40598.40019338,1.6465431,8.135312646981971,7
1,[],5,[],2019-03-08 08:49:14,0.0,0,0,6876392,2019-03-08 08:49:14,btc,0.0,0.1323072,0,btc,0.0,0.0,0.0,7
1,[],20,[],2019-02-20 02:16:17,39399275.8418,0.000000001,0.0000000000000390183,6728586,2019-02-20 02:16:17,btc,116.9737569154545,525.0,0.000000001,btc,56932965.8895,5.25e-07,0.0393992758418,8
0,[],2,[],2019-01-20 23:22:42,0.0,0,0,6476876,2019-01-20 23:22:42,,0.0,0.0,0,,0.0,0.0,0.0,9
0,[],23,[],2019-01-20 23:22:48,0.0,0,0,6476878,2019-01-20 23:22:48,,0.0,0.0,0,,0.0,0.0,0.0,9
1,[],1,[],2019-02-17 23:31:42,1822507.21,0.00000181000000000000003456111265232042484285557293333113193511962890625,0.000000000066086901,6701244,2019-02-17 23:31:42,btc,3.6990969245,17153386.5,0.00000181000000000000003456111265232042484285557293333113193511962890625,btc,1997391.71,31.11772986,3.2610482446,9
1,[],4,[],2019-03-08 08:49:16,1188259.17513201,0.00000155,0.000000000060205255,6876393,2019-03-08 08:49:16,btc,5.724434499612805,0.0,0.00000155,btc,2901844.19263628,2.12157538,1.0104768172624912,9
1,[],28,[],2019-03-08 08:49:17,38863.15,0.00000166,0.000000000064477886,6876394,2019-03-08 08:49:17,btc,2708.761281370583,3556498.0,0.00000166,btc,11954.1497,0.0,0.035782829,9
1,[],4,[],2019-02-17 11:22:43,4341674.27126056,0.00000002,0.0000000000007272960000000001,6696112,2019-02-17 11:22:43,btc,0.1997230937751353,0.0,0.00000002,btc,4109766.79808031,0.00215132,0.0479381022052112,10
1,[],4,[],2019-03-08 08:40:24,6921037.60620379,0.00000124,0.000000000048309160000000005,6876202,2019-03-08 08:40:24,btc,12.551168651473619,0.0,0.00000124,btc,6255991.42902085,2.01092536,4.524140993330401,12
1,[],5,[],2019-03-08 08:40:25,0.0,0,0,6876203,2019-03-08 08:40:25,btc,0.0,0.34142908,0,btc,0.0,0.0,0.0,12
0.0,[],25,[],2019-03-08 08:40:26,0.0,0,0,6876204,2019-03-08 08:40:26,,0.0,0.0,0.0,btc,0.0,0.0,0.0,12
0,[],2,[],2019-01-20 23:23:08,0.0,0,0,6476890,2019-01-20 23:23:08,,0.0,0.0,0,,0.0,0.0,0.0,12
1,[],10,[],2019-03-08 08:40:30,393775.95758393,0.00000574,0.00000000022362466000000003,6876206,2019-03-08 08:40:30,btc,666801.304231337,9174.58335377,0.00000574,btc,713974.8703944,0.0,0.2394252170183945,13
1,[],4,[],2019-03-08 08:49:19,32027265.11962092,0.00000581,0.000000000225672601,6876395,2019-03-08 08:49:19,btc,3.406443418027791,0.0,0.00000581,btc,459586.0917855,1.17459235,1.3184955664351272,13
1,[],21,[],2019-03-08 08:49:21,743331.10093354,0.000005900000000000000262409451807,0.00000000022916839,6876396,2019-03-08 08:49:21,btc,4.4397170770278445,791828.35019787,0.0000059000000000000002624094518066666381628238013945519924163818359375,btc,669983.58145219,4.68741159,4.049729489378274,13
1,[],4,[],2019-03-08 08:49:22,693927.03243096,0.00000134,0.000000000052048414,6876397,2019-03-08 08:49:22,btc,9.240768474593285,0.0,0.00000134,btc,899694.94055992,0.0393942,0.1390191222649041,14
1,[],12,[],2019-03-08 08:49:24,268271.66153846,0.000001300000000000000047051663780439678674838432925753295421600341796875,0.00000000005049473,6876398,2019-03-08 08:49:24,btc,0.10086761188095139,0.0,0.000001300000000000000047051663780439678674838432925753295421600341796875,btc,7671.81050557,3.46653347e-06,0.036443099999998,14
0,[],17,[],2019-03-08 08:49:25,0.0,0,0,6876399,2019-03-08 08:49:25,btc,0.0,0.0,0,btc,0.0,0.0,0.0,14
1,[],26,[],2019-03-08 08:49:26,0.0,0.00000050,0.00000000001942105,6876400,2019-03-08 08:49:26,btc,0.0,0.0,0.00000050,btc,0.0,0.0,0.0,14
,[],12,[],2018-12-01 15:15:48,204241.84496,0.00000489,0.000000000202473384,5260204,2018-12-01 15:15:48,btc,49.5475654835,0.0,,btc,35763.2193806,0.0163153972027625,0.0203389899998,15
0,[],4,[],2019-03-08 08:49:27,0.0,0,0,6876401,2019-03-08 08:49:27,,0.0,0.0,0,,0.0,0.0,0.0,15
0,[],2,[],2019-01-20 23:23:38,0.0,0,0,6476906,2019-01-20 23:23:38,,0.0,0.0,0,,0.0,0.0,0.0,18
0,[],17,[],2019-03-08 07:58:07,0.0,0,0,6875304,2019-03-08 07:58:07,btc,0.0,0.0,0,btc,0.0,0.0,0.0,18
1,[],4,[],2019-03-08 08:49:28,24010.40288925,0.00001525,0.000000000592342025,6876402,2019-03-08 08:49:28,btc,4.197401295434065,0.0,0.00001525,btc,19103.99790592,0.05276229,0.044290352852672,18
1,[],10,[],2019-03-08 08:49:30,785567.95951547,0.00001652,0.000000000641671492,6876403,2019-03-08 08:49:30,btc,15.36243578268653,8567.43883477,0.00001652,btc,11967.46290506,0.0,0.1673882902864895,18
1,[],12,[],2019-03-08 08:49:31,374343.77621042,0.0000150100000000000002842691360083193785612820647656917572021484375,0.000000000583019921,6876404,2019-03-08 08:49:31,btc,0.008331409841447,0.0,0.0000150100000000000002842691360083193785612820647656917572021484375,btc,313.88400592,0.0035274522909948,0.0231730512707627,18
0,[],2,[],2019-01-20 23:24:19,0.0,0,0,6476924,2019-01-20 23:24:19,,0.0,0.0,0,,0.0,0.0,0.0,19
1,[],3,[],2019-03-08 08:49:42,117273.5499934764,0.0000175200000000000016635824662269982354700914584100246429443359375,0.0000000006805135920000001,6876405,2019-03-08 08:49:42,btc,0.4952669733683956,0.0,0.0000175200000000000016635824662269982354700914584100246429443359375,btc,8951.995959570942,0.0,0.015456075749664634,19
1,[],4,[],2019-03-08 08:49:43,275077.64209609,0.00001925,0.000000000747710425,6876406,2019-03-08 08:49:43,btc,3.454382892585775,0.0,0.00001925,btc,126650.35888581,0.65480273,2.6395353138020687,19
1,[],5,[],2019-03-08 08:49:44,0.0,0,0,6876407,2019-03-08 08:49:44,btc,0.0,0.00149204,0,btc,0.0,0.0,0.0,19
1,[],12,[],2019-03-08 08:49:45,170088.31244847,0.000012140000000000000657664027403637163615712779574096202850341796875,0.000000000471543094,6876408,2019-03-08 08:49:45,btc,0.2299645582491567,0.0,0.000012140000000000000657664027403637163615712779574096202850341796875,btc,358.27457877,0.0,0.0375669699999411,19
0,[],27,[],2019-03-08 08:49:47,0.0,0,0,6876409,2019-03-08 08:49:47,,0.0,0.0,0,btc,0.0,0.0,0.0,19
1,[],4,[],2019-03-08 08:49:48,2779123.70923423,0.00000012,0.000000000004661052,6876410,2019-03-08 08:49:48,btc,7.383042289760813,0.0,0.00000012,btc,2876583.25385408,0.0,0.0777767845064956,20
0,[],17,[],2019-03-08 08:40:58,0.0,0,0,6876224,2019-03-08 08:40:58,btc,0.0,0.0,0,btc,0.0,0.0,0.0,21
1,[],4,[],2019-03-08 08:49:49,103810793.72147027,0.00000002,0.000000000000776842,6876411,2019-03-08 08:49:49,btc,1841.963316175191,0.0,0.00000002,btc,54908374.6818267,0.0,1.1629563175500457,21
1,[],12,[],2019-03-08 08:49:50,1225236.0,0.00000001,0.000000000000388421,6876412,2019-03-08 08:49:50,btc,1248.0047259895405,0.0,0.00000001,btc,2390092.97702298,0.0008504204995004,0.01225236,21
1,[],12,[],2019-03-08 08:50:02,2438847025.0,0.0000000001,0.00000000000000388421,6876413,2019-03-08 08:50:02,btc,5560.953039657738,0.0,0.0000000001,btc,1288833578.6906981,0.000257257998901106,0.24388470250000002,23
0,[],27,[],2019-03-08 08:50:06,0.0,0,0,6876414,2019-03-08 08:50:06,,13.51825636659341,0.0,0,eth,2066931.35514486,0.0,0.0,23
1,[],22,[],2019-03-08 08:50:11,11.76,0.00000100,0.0000000000388421,6876416,2019-03-08 08:50:11,BTC,7.415e-05,0.0,0.00000100,BTC,23.919354838709676,0.0,1.176e-05,24
0.0,[],25,[],2019-03-08 08:50:12,0.0,0,0,6876417,2019-03-08 08:50:12,,0.0,0.0,0.0,btc,0.0,0.0,0.0,24
1,[],4,[],2019-03-08 08:50:07,650643.7874168,0.00000048,0.000000000018644208,6876415,2019-03-08 08:50:07,btc,9.650718831724232,0.0,0.00000048,btc,1616472.10975514,0.01414724,0.1791732870650303,24
1,[],4,[],2019-03-08 08:50:13,26577639.92053068,0.00000605,0.000000000234994705,6876418,2019-03-08 08:50:13,btc,66.74482300563422,0.0,0.00000605,btc,243748.78392959,0.08655246,0.4356714162093874,26
1,[],10,[],2019-03-08 08:50:15,685507.85628584,0.00000603,0.000000000234217863,6876419,2019-03-08 08:50:15,btc,26.13212270306078,3970.1267516,0.00000603,btc,14784.6569521,0.0,0.2282399187837657,26
0,[],2,[],2019-01-20 23:25:56,0.0,0,0,6476976,2019-01-20 23:25:56,,0.0,0.0,0,,0.0,0.0,0.0,26
1,[],3,[],2019-03-08 08:50:16,10977156.88133568,0.00000001,0.000000000000388421,6876420,2019-03-08 08:50:16,btc,2.265696812011112,193.5,0.00000001,btc,17418350.83071274,0.0,0.1097715688133568,27
1,[],5,[],2019-03-08 08:50:18,0.0,0,0,6876421,2019-03-08 08:50:18,btc,0.0,6.208e-05,0,btc,0.0,0.0,0.0,27
1,[],11,[],2019-03-08 08:50:19,9464617.88103613,0.00000005,0.000000000001942105,6876422,2019-03-08 08:50:19,btc,67506.32843704063,170.63047893,0.00000005,btc,7972152.75036371,0.0,0.4411034133414386,27
1,[],4,[],2019-03-08 08:50:20,2106200309.549674,0.00000001,0.000000000000388421,6876423,2019-03-08 08:50:20,btc,2.8596212249319333,0.0,0.00000001,"btc,ltc",193971565.34177026,1.61322043,9.400995045352765,29
1,[],7,[],2019-03-08 08:50:23,36848060.28313587,0.00000002,0.000000000000776842,6876424,2019-03-08 08:50:23,btc,44461588.014874615,698723.552092,0.00000002,btc,45497240.97395023,0.01404193,0.3812761975076593,29
1,[],4,[],2019-03-08 08:50:25,2342759.04467701,0.00000023,0.000000000008933683,6876425,2019-03-08 08:50:25,btc,2.660626281003104,0.0,0.00000023,btc,2069267.62131341,0.00042471,0.1030574196097271,30
0,[],17,[],2019-03-08 08:50:26,0.0,0,0,6876426,2019-03-08 08:50:26,btc,0.0,0.0,0,btc,0.0,0.0,0.0,30
1,[],4,[],2019-03-08 08:50:27,414194.07282377,0.00005752,0.000000002234197592,6876427,2019-03-08 08:50:27,btc,8.720234337677832,0.0,0.00005752,btc,95481.53934948,1.80102041,1.6299116977436434,31
1,[],21,[],2019-03-08 08:50:28,124842.70880589,0.00005789999999999999790931126675,0.00000000224895759,6876428,2019-03-08 08:50:28,btc,3.8064291586382804,375924.92561605,0.0000578999999999999979093112667527520898147486150264739990234375,btc,61249.60371699,22.74467353,6.686560359737686,31
0,[],2,[],2019-01-20 23:28:43,0.0,0,0,6477009,2019-01-20 23:28:43,,0.0,0.0,0,,0.0,0.0,0.0,32
1,[],4,[],2019-03-08 08:50:29,431472233.79677457,0.00000004,0.000000000001553684,6876429,2019-03-08 08:50:29,btc,10.28318678813213,0.0,0.00000004,"btc,ltc",190698204.52786413,0.55859473,10.419941509153363,33
1,[],12,[],2019-03-08 08:50:30,20579548.87333337,0.00000004,0.000000000001553684,6876430,2019-03-08 08:50:30,btc,1211611.0385467052,0.0,0.00000004,btc,15206727.70329666,0.0444926825074918,0.47646925196000145,33
1,[],4,[],2019-03-08 08:50:31,114231290.2140919,0.00000001,0.000000000000388421,6876431,2019-03-08 08:50:31,btc,3.538007226113804,0.0,0.00000001,btc,100960142.83113337,0.07462387,1.142312902140919,34
1,[],5,[],2019-03-08 08:50:33,0.0,0,0,6876432,2019-03-08 08:50:33,btc,0.0,0.07349657,0,btc,0.0,0.0,0.0,34
0.0000000001444895,[],4,[],2019-03-08 08:50:33,976263338.3353333,1.444895e-18,5.612275607950001e-23,6876433,2019-03-08 08:50:33,ltc,4.3088100728643305e-08,0.0,0.00000001,ltc,6657865751.379833,0.0,1.4105980162440315e-09,36
1,[],5,[],2019-03-08 08:50:34,0.0,0,0,6876434,2019-03-08 08:50:34,btc,0.0,0.0,0,btc,0.0,0.0,0.0,36
0,[],17,[],2019-03-08 08:50:36,0.0,0,0,6876435,2019-03-08 08:50:36,btc,0.07464582815750015,0.0,0,btc,4105386.20243647,0.0,0.0,36
0.0000000003507119,[],27,[],2019-03-08 08:50:39,11290000.0,3.507119e-18,1.3622386690990002e-22,6876436,2019-03-08 08:50:39,eth,222.5593883364624,0.0,0.00000001,"ltc,eth",11165403.32426039,0.0,2.3815994048e-11,36
1,[],4,[],2019-03-08 08:41:44,283749.36185813,0.00000060,0.0000000000233754,6876249,2019-03-08 08:41:44,btc,19772.50155088434,0.0,0.00000060,btc,592112.65825688,0.00519359,0.1287958475493658,37
1,[],12,[],2019-03-08 08:41:45,1266167.17913944,0.00000061,0.00000000002376499,6876250,2019-03-08 08:41:45,btc,10.770877221610283,0.0,0.00000061,btc,350277.55191073,0.0669922323399364,0.1278363463432424,37
1,[],17,[],2019-03-08 08:41:46,1752.74075282,0.00000025,0.00000000000973975,6876251,2019-03-08 08:41:46,btc,0.055484923990140135,0.0,0.00000025,btc,1387.19918473,0.0,0.00043818518820499993,37
1,[],27,[],2019-03-08 08:41:48,34685.567,0.00000045,0.00000000001753155,6876252,2019-03-08 08:41:48,btc,25.74903392619233,0.0,0.00000045,btc,6518.38138508,0.0,0.00520032515,37
1,[],5,[],2019-03-08 08:50:41,0.0,0,0,6876437,2019-03-08 08:50:41,btc,0.0,0.03161613,0,btc,0.0,0.0,0.0,42
1,[],12,[],2019-03-08 08:50:42,253232.48906551,0.00000063,0.000000000024470523000000002,6876438,2019-03-08 08:50:42,btc,0.3024782571461259,0.0,0.00000063,btc,38047.60354982,0.040753030974648,0.017847169999992498,42
0.0000000003507119,[],27,[],2019-03-08 08:50:45,22000.0,3.5071190000000004e-17,1.3622386690990002e-21,6876439,2019-03-08 08:50:45,eth,0.00315028,0.0,0.0000001,"btc,eth",11.007,0.0,7.08438038e-13,42
1,[],5,[],2019-03-08 08:50:46,0.0,0,0,6876440,2019-03-08 08:50:46,btc,0.0,0.0,0,btc,0.0,0.0,0.0,43
1,[],12,[],2019-03-08 08:50:48,509121.0,0.00000001,0.000000000000388421,6876441,2019-03-08 08:50:48,btc,2.32121442999001,0.0,0.00000001,btc,4360308.4995005,0.0,0.0050912100000000005,43
0,[],17,[],2019-03-08 08:50:49,0.0,0,0,6876442,2019-03-08 08:50:49,btc,0.0,0.0,0,btc,0.0,0.0,0.0,43
1,[],12,[],2019-03-05 01:54:08,639326.02,0.00000004,0.000000000001486676,6845775,2019-03-05 01:54:08,btc,11116042.728239931,0.0,0.00000004,btc,1103841.4595604,0.0003330765234764,0.014975410599999999,44
1,[],4,[],2019-03-08 08:50:50,299115460.51335734,0.00000004,0.000000000001553684,6876443,2019-03-08 08:50:50,btc,473.5777262195737,0.0,0.00000004,"btc,ltc",9287353.37588673,0.18367152,0.29382658915488524,49
0,[],4,[],2019-03-08 08:50:51,0.0,0,0,6876444,2019-03-08 08:50:51,,25.80854541086286,0.0,0,,9752444582.23965,0.0,0.0,52
0.0000000001258011,[],22,[],2019-03-08 08:51:15,80845862.0,1.258011e-18,4.8863789063100006e-23,6876445,2019-03-08 08:51:15,XMR,4366.97466637,0.0,0.00000001,XMR,255820234.67882353,0.0,0.80845862,57
0.0000000003507119,[],27,[],2019-03-08 08:51:17,2000.0,3.507119e-18,1.3622386690990002e-22,6876446,2019-03-08 08:51:17,eth,0.0,0.0,0.00000001,"btc,eth",0.0,0.0,7.0142380000000005e-15,57
0,[],17,[],2019-03-08 08:26:46,0.0,0,0,6875914,2019-03-08 08:26:46,btc,1e+24,0.0,0,btc,49306342.21952568,0.0,0.0,58
0.0000000001444895,[],4,[],2019-03-08 08:51:19,615626145.673,2.88979e-18,1.1224551215900002e-22,6876447,2019-03-08 08:51:19,ltc,18.807189202248473,0.0,0.00000002,ltc,4767500257.895821,0.0,1.3367748481686087e-09,58
1,[],12,[],2019-03-08 08:51:19,604513879.8425,0.0000000004,0.00000000000001553684,6876448,2019-03-08 08:51:19,btc,1121124.0225760534,0.0,0.0000000004,btc,1175602056.2367632,0.00329160642357642,0.196136940137,58
0.0000000001258011,[],22,[],2019-03-08 08:51:24,137438.0,1.258011e-18,4.8863789063100006e-23,6876449,2019-03-08 08:51:24,XMR,69.8835922,0.0,0.00000001,XMR,9887963.0,0.0,0.00137438,58
1,[],5,[],2019-03-08 08:51:26,0.0,0,0,6876450,2019-03-08 08:51:26,btc,0.0,0.01092066,0,btc,0.0,0.0,0.0,61
1,[],22,[],2019-03-08 08:51:29,13757.0,0.00000012,0.000000000004661052,6876451,2019-03-08 08:51:29,BTC,1002.2960049,0.0,0.00000012,BTC,14976.68361146909,3e-07,0.00154987,61
1,[],26,[],2019-03-08 08:51:29,0.0,0.00000800,0.0000000003107368,6876452,2019-03-08 08:51:29,btc,0.0,0.0,0.00000800,btc,0.0,0.0,0.0,61
1,[],27,[],2019-03-08 08:51:32,4411.22008,0.00000047,0.000000000018255787,6876453,2019-03-08 08:51:32,btc,2.898491041314132,0.0,0.00000047,"btc,eth",19485.01257617,0.0,0.001243759959549902,61
1,[],28,[],2019-03-08 08:51:33,13880.304,0.0000005,0.00000000001942105,6876454,2019-03-08 08:51:33,btc,2.056312978300105,817.0,0.0000005,btc,9730.59500005,0.0,0.00566391304,61
1,[],4,[],2019-03-08 08:51:35,1275111.35467927,0.00000280,0.00000000010875788,6876455,2019-03-08 08:51:35,btc,9.09813675610916,0.0,0.00000280,btc,743014.36003142,0.14657525,0.9752885667623067,67
0.0,[],25,[],2019-03-08 08:51:37,0.0,0,0,6876456,2019-03-08 08:51:37,,0.0,0.0,0.0,btc,0.0,0.0,0.0,67
1,[],12,[],2019-03-08 08:51:38,331491.68445167,0.00000026,0.000000000010098946,6876457,2019-03-08 08:51:38,btc,15940.614453545144,0.0,0.00000026,btc,1041315.02390199,0.008302690891401,0.0676799544064035,71
,[],5,[],2018-11-20 23:02:39,1.5e-07,0.00000005,0.000000000002128045,4862160,2018-11-20 23:02:39,btc,2.84511358,0.0,,btc,0.00036572,0.0,0.07381892,74
1,[],5,[],2019-03-08 08:51:40,0.0,0,0,6876458,2019-03-08 08:51:40,btc,0.0,0.0,0,btc,0.0,0.0,0.0,75
1,[],4,[],2019-03-08 08:51:41,13147768.81424166,0.00000001,0.000000000000388421,6876459,2019-03-08 08:51:41,btc,11388.985544584346,0.0,0.00000001,btc,40019471.49932191,0.0,0.1314776881424166,81
0,[],20,[],2019-01-25 09:30:31,0.0,0,0,6495923,2019-01-25 09:30:31,btc,0.0,0.0,0,btc,0.0,0.0,0.0,81
1,[],4,[],2019-03-08 08:51:43,27797.99910952,0.00007513,0.000000002918206973,6876460,2019-03-08 08:51:43,btc,18.10598040635146,0.0,0.00007513,btc,12110.76840723,0.03408513,0.134243580846081,82
1,[],21,[],2019-03-08 08:51:45,766487.64197742,0.00007503000000000000500096491995,0.0000000029143227630000003,6876461,2019-03-08 08:51:45,btc,3.4564214912535602,3755.61530979,0.000075030000000000005000964919954498100196360610425472259521484375,btc,41259.68312374,0.28159396,3.005309824309308,82
0,[],17,[],2019-03-08 08:42:56,0.0,0,0,6876275,2019-03-08 08:42:56,btc,0.0447233088476774,0.0,0,btc,999127.19588126,0.0,0.0,84
0.0000000001444895,[],4,[],2019-03-08 08:51:57,112201154.3024629,2.88979e-18,1.1224551215900002e-22,6876462,2019-03-08 08:51:57,ltc,1.7493646288650484,0.0,0.00000002,ltc,418112812.1083771,0.0,2.107644629658746e-10,85
,[],22,[],2018-11-20 23:09:34,3408.1,0.0000001,0.0000000000041895,4862324,2018-11-20 23:09:34,BTC,0.04624735,0.0,,BTC,4990.0,0.0,0.00033081,86
1,[],22,[],2019-03-08 08:43:01,122000.0,0.00000003,0.00000000000116877,6876277,2019-03-08 08:43:01,BTC,2.078122,0.0,0.00000003,BTC,169918.94736842104,0.0,0.00186,87
0,[],27,[],2019-03-08 08:43:03,0.0,0,0,6876278,2019-03-08 08:43:03,,0.0,0.0,0,btc,0.0,0.0,0.0,87
,[],2,[],2018-11-20 23:10:47,0.0,0,0,4862359,2018-11-20 23:10:47,,0.0,0.0,,,0.0,0.0,0.0,88
1,[],11,[],2019-03-08 08:51:59,95065.78544039,0.0001460599999999999940893113947737447233521379530429840087890625,0.000000005673277126,6876463,2019-03-08 08:51:59,btc,607.0532539586052,10.00000065,0.0001460599999999999940893113947737447233521379530429840087890625,btc,93608.24058198,0.0,6.5680836590712905,89
0,[],2,[],2019-01-20 23:31:45,0.0,0,0,6477083,2019-01-20 23:31:45,,0.0,0.0,0,,0.0,0.0,0.0,91
1,[],12,[],2019-03-08 08:19:05,255830.02995553,0.000001129999999999999980629101885287735029805844533257186412811279296875,0.000000000043998019000000003,6875738,2019-03-08 08:19:05,btc,61.645978093835076,0.0,0.000001129999999999999980629101885287735029805844533257186412811279296875,btc,119541.33144947,0.0262373044010229,0.0434608173999198,91
0,[],17,[],2019-03-08 08:19:06,0.0,0,0,6875739,2019-03-08 08:19:06,btc,0.0,0.0,0,btc,0.0,0.0,0.0,91
1,[],22,[],2019-03-08 08:19:10,65900.0,0.00000001,0.00000000000038936300000000003,6875740,2019-03-08 08:19:10,BTC,3e-06,0.0,0.00000001,BTC,1.0,0.0,0.000659,91
0.0000000001444895,[],22,[],2019-03-08 08:52:03,1580418.0,7.224475e-18,2.806137803975e-22,6876464,2019-03-08 08:52:03,LTC,8.53121199,0.0,0.00000005,LTC,71989912.1,0.0,0.0790209,95
0.0000000001444895,[],4,[],2019-03-08 08:52:05,640913691.5047666,9.3918175e-17,3.6479791451675e-21,6876465,2019-03-08 08:52:05,ltc,11.886285793772814,0.0,0.00000065,ltc,135739107.9791913,0.0,1.718516795469268e-09,96
1,[],12,[],2019-03-08 08:52:06,19560.0,0.00000001,0.000000000000388421,6876466,2019-03-08 08:52:06,btc,10.57930594,0.0,0.00000001,btc,2034024.0,2.6e-07,0.0001956,96
0,[],17,[],2019-03-08 08:52:17,0.0,0,0,6876467,2019-03-08 08:52:17,btc,0.0,0.0,0,btc,0.0,0.0,0.0,96
1,[],4,[],2019-03-08 08:52:19,1634232.9837965,0.00000022,0.000000000008545262,6876468,2019-03-08 08:52:19,btc,2.5754155809518116,0.0,0.00000022,btc,2573700.80981679,0.0229109,0.1349321230710059,99
1,[],4,[],2019-03-08 08:52:19,292893.11086689,0.00003851,0.000000001495809271,6876469,2019-03-08 08:52:19,btc,11.20025645341228,0.0,0.00003851,btc,158210.48213631,1.9701176,1.8325742876147622,100
0,[],2,[],2019-01-20 23:23:55,0.0,0,0,6476914,2019-01-20 23:23:55,,0.0,0.0,0,,0.0,0.0,0.0,100
1,[],22,[],2019-03-08 08:52:41,50000.0,0.00000001,0.000000000000388421,6876470,2019-03-08 08:52:41,BTC,23.49896609,0.0,0.00000001,BTC,10277.22,0.0,0.0005,101
1,[],4,[],2019-03-08 08:43:21,433683.80879968,0.00000083,0.00000000003233597,6876287,2019-03-08 08:43:21,btc,308.0293780902731,0.0,0.00000083,btc,485714.98990828,0.00508367,0.211988674884822,103
1,[],12,[],2019-03-08 08:52:42,27503398.887000002,0.000000009,0.0000000000003495789,6876471,2019-03-08 08:52:42,btc,1113035.9304141703,0.0,0.000000009,btc,52637876.96707588,0.0162398229700302,0.102096851983,105
1,[],27,[],2019-03-08 08:52:44,229397.89,0.00000001,0.000000000000388421,6876472,2019-03-08 08:52:44,btc,36.60591030491341,0.0,0.00000001,btc,1301440.23571724,0.0,0.0022939789,105
1,[],22,[],2019-03-08 08:43:30,9328.0,0.00000001,0.00000000000038959,6876290,2019-03-08 08:43:30,BTC,51.10837004,0.0,0.00000001,BTC,470435.0,0.0,9.328e-05,107
1,[],26,[],2019-03-08 08:43:30,0.0,0.00000000,0,6876291,2019-03-08 08:43:30,btc,0.0,0.0,0.00000000,btc,0.0,0.0,0.0,107
1,[],5,[],2019-03-08 08:52:46,0.0,0,0,6876473,2019-03-08 08:52:46,btc,0.0,0.00013422,0,btc,0.0,0.0,0.0,112
1,[],22,[],2019-03-08 08:52:50,1966.0,0.00000001,0.000000000000388421,6876474,2019-03-08 08:52:50,BTC,2.78273272,0.0,0.00000001,BTC,826524.0833333334,3.4e-07,1.966e-05,112
0.0000000003507119,[],27,[],2019-03-08 08:52:52,2000.0,3.507119e-18,1.3622386690990002e-22,6876475,2019-03-08 08:52:52,eth,1.24892491849924,0.0,0.00000001,"btc,eth",1288.641654,0.0,7.0142380000000005e-15,112
1,[],4,[],2019-03-08 08:52:53,1308353.94776136,0.00000203,0.000000000078849463,6876476,2019-03-08 08:52:53,btc,4.8866440080830165,0.0,0.00000203,btc,340759.56145751,0.03196027,1.023209293377875,113
1,[],5,[],2019-03-08 08:52:56,0.0,0,0,6876477,2019-03-08 08:52:56,btc,0.0,0.00207524,0,btc,0.0,0.0,0.0,113
1,[],17,[],2019-03-08 08:28:18,152738.278,0.00000004,0.000000000001557372,6875948,2019-03-08 08:28:18,btc,1.3368030274892926,0.0,0.00000004,btc,51896.221,0.0,0.0022095311199999998,116
0,[],27,[],2019-03-08 08:43:43,0.0,0,0,6876297,2019-03-08 08:43:43,,0.0,0.0,0,btc,0.0,0.0,0.0,116
1,[],4,[],2019-03-08 08:36:05,76453.00180806,0.00002458,0.0000000009576122200000001,6876118,2019-03-08 08:36:05,btc,28.172972905709532,0.0,0.00002458,btc,77508.96655335,0.06709511,1.1754638728425588,120
1,[],7,[],2019-03-08 08:36:06,20854.57844421,0.0000212500000000000015265566588595902430824935436248779296875,0.0000000008278787500000001,6876119,2019-03-08 08:36:06,btc,115646.94919545915,1.1652281,0.0000212500000000000015265566588595902430824935436248779296875,btc,36705.38404366,2.476e-05,0.0522288538137331,120
1,[],20,[],2019-03-08 08:52:58,3002344.8805,0.000000035,0.0000000000013594735,6876478,2019-03-08 08:52:58,btc,33.6156363984428,0.5,0.000000035,btc,1008323.7699,1.75e-08,0.0406402309044,125
1,[],22,[],2019-03-08 08:53:02,3053.0,0.00000001,0.000000000000388421,6876479,2019-03-08 08:53:02,BTC,0.01444887,0.0,0.00000001,BTC,296263.5111111111,0.0,3.053e-05,126
1,[],4,[],2019-03-08 08:53:03,146573.46991095,0.00001304,0.0000000005065009840000001,6876480,2019-03-08 08:53:03,btc,3.6734039665659206,0.0,0.00001304,btc,122905.68245834,0.07741103,0.6592331413513011,131
0,[],17,[],2019-03-08 08:43:51,0.0,0,0,6876301,2019-03-08 08:43:51,btc,0.0009561751951600001,0.0,0,btc,35.42829368,0.0,0.0,131
0,[],2,[],2019-01-20 23:25:46,0.0,0,0,6476969,2019-01-20 23:25:46,,0.0,0.0,0,,0.0,0.0,0.0,131
1,[],4,[],2019-03-08 08:53:15,4547.78730339,0.00016000,0.000000006214736,6876481,2019-03-08 08:53:15,btc,1.6194288663433518,0.0,0.00016000,btc,239.25503526,0.0,0.0068861668875953,135
1,[],3,[],2019-03-07 00:20:44,877702.73244099,0.00000004,0.00000000000154846,6863392,2019-03-07 00:20:44,btc,0.119366241821405,0.0,0.00000004,btc,760637.99421222,0.0,0.023771231960604298,136
1,[],4,[],2019-03-08 08:53:16,409174.51545675,0.00000176,0.000000000068362096,6876482,2019-03-08 08:53:16,btc,38.385400470228745,0.0,0.00000176,btc,515534.94670703,0.07229007,0.1177931251544525,137
1,[],12,[],2019-03-08 08:53:17,244011.60470992,0.000001659999999999999988409336675043714848243325832299888134002685546875,0.000000000064477886,6876483,2019-03-08 08:53:17,btc,5.058355440151852,0.0,0.000001659999999999999988409336675043714848243325832299888134002685546875,btc,3521.66363971,0.0018403533645495,0.0905332645476298,137
1,[],4,[],2019-03-08 08:53:18,16817.82596567,0.00003701,0.000000001437546121,6876484,2019-03-08 08:53:18,btc,28.580536202710398,0.0,0.00003701,btc,47259.65051365,0.16048748,0.4563738543879576,142
1,[],5,[],2019-03-08 08:53:20,0.0,0,0,6876485,2019-03-08 08:53:20,btc,0.0,0.22632073,0,btc,0.0,0.0,0.0,142
1,[],17,[],2019-03-08 08:53:21,22967.386363640002,0.00000088,0.000000000034181048,6876486,2019-03-08 08:53:21,btc,20.06991335277927,0.0,0.00000088,btc,2746.079105,0.0,0.0104613000000032,142
1,[],20,[],2019-03-08 08:53:24,135700.5677,0.00003202,0.000000001243724042,6876487,2019-03-08 08:53:24,btc,0.4342180901412,1434.6839,0.00003202,btc,4409.6559,0.064036278476,0.3108835120555,142
1,[],22,[],2019-03-08 08:53:27,1470.8988921568628,0.00004000,0.000000001553684,6876488,2019-03-08 08:53:27,BTC,3.00385504,0.0,0.00004000,BTC,891.218,0.0,0.0012358,142
0.0,[],25,[],2019-03-08 08:53:29,0.0,0,0,6876489,2019-03-08 08:53:29,,0.0,0.0,0.0,btc,0.0,0.0,0.0,142
1,[],28,[],2019-03-08 08:53:35,76201.664,0.00001500,0.0000000005826315,6876490,2019-03-08 08:53:35,btc,0.067100461059305,1047.0,0.00001500,btc,552.61077999,0.0,0.00546896,142
0,[],22,[],2019-03-08 08:53:38,0.0,0,0,6876491,2019-03-08 08:53:38,,62.13631169,0.0,0,,837691921.3,0.0,0.0,143
0,[],22,[],2019-02-25 15:42:22,0.0,0,0,6783783,2019-02-25 15:42:22,,4.2131946,0.0,0,,2322156.0,0.0,0.0,146
,[],22,[],2018-11-20 23:01:11,0.0,0,0,4862114,2018-11-20 23:01:11,,2.56807021,0.0,,,61828.4988236,0.0,0.0,147
1,[],12,[],2019-03-08 08:53:40,330824.53164097,0.00000172999999999999995347796898081949024117420776747167110443115234375,0.000000000067196833,6876492,2019-03-08 08:53:40,btc,1.7190836241244336,0.0,0.00000172999999999999995347796898081949024117420776747167110443115234375,btc,29106.91505632,0.0002887346910529,0.0259705599998483,148
1,[],4,[],2019-03-08 08:44:22,251333.48410362,0.00000029,0.00000000001129811,6876313,2019-03-08 08:44:22,btc,219.99867342221523,0.0,0.00000029,btc,840498.90453835,0.0,0.0597302236445324,152
0,[],22,[],2019-03-08 08:44:25,0.0,0,0,6876314,2019-03-08 08:44:25,,0.0,0.0,0,,0.0,0.0,0.0,152
1,[],5,[],2019-03-08 08:53:42,0.0,0,0,6876493,2019-03-08 08:53:42,btc,0.0,0.0,0,btc,0.0,0.0,0.0,153
,[],16,[],2019-01-11 15:38:59,0.0,0,0,6366141,2019-01-11 15:38:59,btc,0.0,0.0,,btc,0.0,0.0,0.0,155
0,[],22,[],2019-03-08 08:53:46,0.0,0,0,6876494,2019-03-08 08:53:46,,6.7463875,0.0,0,,4674391.242592593,0.0,0.0,156
0,[],23,[],2019-01-20 23:24:29,0.0,0,0,6476932,2019-01-20 23:24:29,,0.0,0.0,0,,0.0,0.0,0.0,156
1,[],22,[],2019-03-08 08:53:51,7073.8,0.00005300,0.0000000020586313,6876495,2019-03-08 08:53:51,BTC,1.80343699,0.0,0.00005300,BTC,899.6422341958436,0.0,0.00104336,157
0,[],22,[],2019-03-08 08:44:40,0.0,0,0,6876318,2019-03-08 08:44:40,,50175.67608608,0.0,0,,54079135.04179466,0.0,0.0,158
,[],17,[],2018-11-20 22:56:10,0.0,0,0,4861976,2018-11-20 22:56:10,btc,1.1265625,0.0,,btc,1000.0,0.0,0.0,159
,[],20,[],2018-11-20 22:56:12,0.0,0,0,4861977,2018-11-20 22:56:12,btc,11912.7940471,0.0,,btc,34413894.3617,0.0,0.0,159
1,[],12,[],2019-03-08 08:53:52,212123.05554585,0.000007089999999999999880334437818429904609729419462382793426513671875,0.000000000275390489,6876496,2019-03-08 08:53:52,btc,0.77092084816602,0.0,0.000007089999999999999880334437818429904609729419462382793426513671875,btc,7813.29721955,0.0071037148209061,0.0973956631361716,168
1,[],17,[],2019-03-08 08:53:54,29784.95,0.000001,0.0000000000388421,6876497,2019-03-08 08:53:54,btc,0.03026736251542,0.0,0.000001,btc,144.46171372,0.0,0.00716147,168
0,[],22,[],2019-03-07 13:06:36,0.0,0,0,6867364,2019-03-07 13:06:36,,1.1339604,0.0,0,,520283.17470714403,0.0,0.0,169
1,[],22,[],2019-03-08 08:53:58,310867.6666666667,0.00000008,0.000000000003107368,6876498,2019-03-08 08:53:58,BTC,14.35046903,0.0,0.00000008,BTC,156205.65757046544,0.00054107,0.00711407,171
1,[],22,[],2019-03-08 08:54:04,273732.7916666667,0.00000012,0.000000000004661052,6876499,2019-03-08 08:54:04,BTC,2.19225016,0.0,0.00000012,"BTC,LTC",266017.9947195931,0.00033635,0.01389787,173
1,[],5,[],2019-03-05 01:59:40,0.0,0,0,6845846,2019-03-05 01:59:40,btc,0.0,0.00384852,0,btc,0.0,0.0,0.0,175
1,[],22,[],2019-03-08 08:54:08,36500.0,0.00000021,0.000000000008156841,6876500,2019-03-08 08:54:08,BTC,0.54826403,0.0,0.00000021,BTC,138776.41384013777,0.0,0.00227,176
1,[],7,[],2019-03-08 08:54:10,0.0,0,0,6876501,2019-03-08 08:54:10,btc,410914.4951967229,0.0,0,btc,117143049.56236699,0.0,0.0,178
0,[],22,[],2019-03-08 08:54:13,0.0,0,0,6876502,2019-03-08 08:54:13,,1.00242438,0.0,0,,57522.0,0.0,0.0,178
0,[],2,[],2019-01-20 23:28:34,0.0,0,0,6477001,2019-01-20 23:28:34,,0.0,0.0,0,,0.0,0.0,0.0,178
1,[],5,[],2019-03-08 08:54:14,0.0,0,0,6876503,2019-03-08 08:54:14,btc,0.0,0.12359873,0,btc,0.0,0.0,0.0,179
1,[],22,[],2019-03-08 08:54:19,6937500.5,0.00000002,0.000000000000776842,6876504,2019-03-08 08:54:19,BTC,5.67356573,0.0,0.00000002,"BTC,LTC",18498890.756535422,2.162e-05,0.37369073,179
0,[],23,[],2019-01-20 23:25:08,0.0,0,0,6476952,2019-01-20 23:25:08,,0.0,0.0,0,,0.0,0.0,0.0,179
1,[],17,[],2019-03-08 08:21:44,10504.725,0.0000001,0.00000000000389363,6875792,2019-03-08 08:21:44,btc,5.2010695838170005,0.0,0.0000001,btc,4994.45945,0.0,0.0010504725,180
1,[],22,[],2019-03-08 08:45:23,658508.9301435407,0.00000095,0.00000000003701105,6876328,2019-03-08 08:45:23,BTC,0.25485111,0.0,0.00000095,"BTC,LTC",90029.95397841684,0.0026965502464270995,0.56282059,180
1,[],26,[],2019-03-08 08:45:23,0.0,0.00000125,0.00000000004869875,6876329,2019-03-08 08:45:23,btc,0.0,390.0,0.00000125,btc,0.0,0.0,0.0,180
,[],7,[],2018-11-20 22:58:01,562227.975654,0.00000085,0.000000000036176765,4862015,2018-11-20 22:58:01,btc,21836.6059674,2491.87645172,,btc,749999.041456,0.00211021,0.127565380455,183
,[],5,[],2019-01-10 08:11:41,0.0,0,0,6347036,2019-01-10 08:11:41,btc,82.15055501,0.00261,,btc,1.19002445,0.0,0.0,187
1,[],24,[],2019-03-08 08:54:19,0.0,0.000000000001,3.8842100000000004e-17,6876505,2019-03-08 08:54:19,btc,0.0,0.0,0.000000000001,btc,0.0,0.0,0.0,187
,[],17,[],2018-11-16 20:58:10,4062536.27273,0.00000001,0.000000000000550501,4708775,2018-11-16 20:58:10,btc,3.36492563466,0.195460381006,,"btc,eth",110697919.549,0.0,0.0157628953496,187
0,[],22,[],2019-03-08 08:45:26,0.0,0,0,6876331,2019-03-08 08:45:26,,7.54802454,0.0,0,,79361.7243344055,0.0,0.0,191
0,[],22,[],2019-03-08 08:54:25,0.0,0,0,6876506,2019-03-08 08:54:25,,0.0,0.0,0,,0.0,0.0,0.0,197
0,[],23,[],2019-01-20 23:31:41,0.0,0,0,6477079,2019-01-20 23:31:41,,0.0,0.0,0,,0.0,0.0,0.0,199
0,[],22,[],2019-03-08 08:54:28,0.0,0,0,6876507,2019-03-08 08:54:28,,5.19077022,0.0,0,,21057953.0,0.0,0.0,199
1,[],26,[],2019-03-08 08:54:28,0.0,0.00000000,0,6876508,2019-03-08 08:54:28,btc,0.0,129741.0,0.00000000,btc,0.0,0.0,0.0,199
0,[],17,[],2019-01-30 16:32:01,0.0,0,0,6540827,2019-01-30 16:32:01,btc,6.802544163788159,0.0,0,btc,105897.55575295,0.0,0.0,200
0,[],2,[],2019-01-20 23:30:49,0.0,0,0,6477059,2019-01-20 23:30:49,,0.0,0.0,0,,0.0,0.0,0.0,201
1,[],4,[],2019-01-25 15:51:35,2084389.58565343,0.00000936,0.000000000333526752,6499557,2019-01-25 15:51:35,btc,2.0092503037378524,0.0,0.00000936,btc,160195.80207885,0.19272417,1.242687955921835,211
1,[],7,[],2019-03-08 08:46:12,1821853.02061772,0.000001170000000000000021170673721038202330646527116186916828155517578125,0.00000000004558203,6876335,2019-03-08 08:46:12,btc,15476653.764653657,174880.336199,0.000001170000000000000021170673721038202330646527116186916828155517578125,btc,13205962.496810209,0.0,1.6407333140344176,212
1,[],12,[],2019-01-25 02:44:32,207462.42853209,0.000001080000000000000035831255497387193287295303889550268650054931640625,0.000000000038610756000000006,6493050,2019-01-25 02:44:32,btc,85023.03793723314,0.0,0.000001080000000000000035831255497387193287295303889550268650054931640625,btc,43675.73520027,0.000146250909087,0.0348620860622024,213
1,[],5,[],2019-03-08 08:46:14,0.0,0,0,6876336,2019-03-08 08:46:14,btc,0.0,0.13157845,0,btc,0.0,0.0,0.0,213
1,[],24,[],2019-03-08 08:46:14,0.0,0.000000120000,0.00000000000467508,6876337,2019-03-08 08:46:14,btc,0.0,0.0,0.000000120000,btc,0.0,0.0,0.0,213
1,[],26,[],2019-03-08 08:46:14,0.0,0.00000010,0.0000000000038959,6876338,2019-03-08 08:46:14,btc,0.0,0.0,0.00000010,btc,0.0,0.0,0.0,213
1,[],22,[],2019-03-08 08:55:09,56616.0,0.00000003,0.000000000001165263,6876509,2019-03-08 08:55:09,BTC,2.23547082,0.0,0.00000003,BTC,688730.3963726171,0.00052052,0.00111678,216
1,[],27,[],2019-03-08 08:55:11,1298602.0,0.00000003,0.000000000001165263,6876510,2019-03-08 08:55:11,btc,317.9846054547724,0.0,0.00000003,"btc,ltc",240763.990324,0.0,0.03377204000026008,216
1,[],22,[],2019-03-08 08:55:15,190746.62180462008,0.00000200,0.0000000000776842,6876511,2019-03-08 08:55:15,BTC,12673.42562524,0.0,0.00000200,BTC,403701.8887626673,0.06858681,0.22971669,217
1,[],7,[],2019-03-08 08:46:27,0.0,0,0,6876342,2019-03-08 08:46:27,btc,77969.39215740134,0.0,0,btc,136268679.67428493,0.0,0.0,219
0,[],27,[],2019-03-08 08:46:29,0.0,0,0,6876343,2019-03-08 08:46:29,,0.04027288,0.0,0,btc,2037233.0,0.0,0.0,219
0.0000000000000051,[],28,[],2019-03-08 08:46:31,168883579.283,5.661e-18,2.20546899e-22,6876344,2019-03-08 08:46:31,doge,84451.8501148375,19453.0,0.00111000,"btc,doge",3563815.34751,0.0,1.5962013613894267e-11,219
1,[],22,[],2019-03-08 08:46:53,534638.5,0.00000005,0.00000000000194795,6876345,2019-03-08 08:46:53,BTC,2.76226415,0.0,0.00000005,BTC,86245.27041875875,0.0008202,0.02315155,221
1,[],24,[],2019-03-08 08:46:53,0.0,0.000000200000,0.0000000000077918,6876346,2019-03-08 08:46:53,btc,0.0,0.0,0.000000200000,btc,0.0,0.0,0.0,221
1,[],20,[],2019-03-08 08:55:18,39105329.5253,0.000000001,0.0000000000000388421,6876512,2019-03-08 08:55:18,btc,48.4427536687255,172770.0,0.000000001,btc,16154115.0042,0.00034554,0.0391053295253,224
0,[],22,[],2019-03-08 08:55:20,0.0,0,0,6876513,2019-03-08 08:55:20,,0.0,0.0,0,,0.0,0.0,0.0,224
1,[],26,[],2019-03-08 08:55:21,0.0,0.00000035,0.000000000013594735,6876514,2019-03-08 08:55:21,btc,0.0,0.0,0.00000035,btc,0.0,0.0,0.0,231
1,[],26,[],2019-03-08 08:55:21,0.0,0.00000005,0.000000000001942105,6876515,2019-03-08 08:55:21,btc,0.0,100.0,0.00000005,btc,0.0,0.0,0.0,234
0.0000000003507119,[],27,[],2019-03-08 08:55:23,2000.0,3.507119e-18,1.3622386690990002e-22,6876516,2019-03-08 08:55:23,eth,0.01134836604,0.0,0.00000001,"btc,eth",11462.996,0.0,7.0142380000000005e-15,234
1,[],4,[],2019-03-08 08:47:02,825230.15587872,0.00000076,0.000000000029608840000000004,6876352,2019-03-08 08:47:02,btc,4.476911956202979,0.0,0.00000076,btc,1225180.06570084,0.08827614,0.2330175311220542,236
1,[],24,[],2019-03-08 08:47:02,0.0,0.000000300000,0.0000000000116877,6876353,2019-03-08 08:47:02,btc,0.0,0.0,0.000000300000,btc,0.0,0.0,0.0,236
1,[],20,[],2019-03-08 08:55:25,25438935.772,0.000000054,0.0000000000020974734,6876517,2019-03-08 08:55:25,btc,13.7248447582265,10647109.8426,0.000000054,btc,38199570.9539,0.606170701409,0.3520610381659,237
0.0000000001444895,[],22,[],2019-03-08 08:56:04,751594.9,2.4563215000000002e-17,9.540868533515002e-22,6876518,2019-03-08 08:56:04,LTC,0.0405823,0.0,0.00000017,LTC,3164.0,0.0,0.12541949,237
1,[],4,[],2019-03-08 08:47:09,9271463.19779496,0.00000038,0.000000000014804420000000002,6876356,2019-03-08 08:47:09,btc,9.048559680658089,0.0,0.00000038,btc,10324465.67298797,0.37052832,2.38685663588262,238
1,[],5,[],2019-03-08 08:47:10,0.0,0,0,6876357,2019-03-08 08:47:10,btc,0.0,0.00424879,0,btc,0.0,0.0,0.0,238
0,[],22,[],2019-03-08 08:47:13,0.0,0,0,6876358,2019-03-08 08:47:13,,0.41504177,0.0,0,,481585.5639027493,0.0,0.0,249
0.0000000001444895,[],22,[],2019-03-08 08:56:08,49087200.666666664,5.77958e-18,2.2449102431800004e-22,6876519,2019-03-08 08:56:08,LTC,0.69126789,0.0,0.00000004,LTC,14915243.553636363,2.19576703794905e-10,1.18162413,252
1,[],28,[],2019-03-08 08:56:15,3494880.767,0.00000038,0.000000000014759998,6876520,2019-03-08 08:56:15,btc,164734.26766710688,302883.361,0.00000038,btc,2944197.4607,0.0,0.6710312518,256
1,[],22,[],2019-03-08 08:47:44,1318077.5,0.00000005,0.00000000000194795,6876361,2019-03-08 08:47:44,BTC,31.45813828,0.0,0.00000005,BTC,718205.7124533613,0.00015486,0.01894054,258
1,[],22,[],2019-03-08 08:38:27,48751.0,0.00000001,0.00000000000038959,6876173,2019-03-08 08:38:27,BTC,2.4175745,0.0,0.00000001,BTC,1762.0,0.0,0.00048751,259
1,[],5,[],2019-03-08 08:47:45,0.0,0,0,6876362,2019-03-08 08:47:45,btc,0.0,0.09782498,0,btc,0.0,0.0,0.0,264
1,[],20,[],2019-03-08 08:47:47,1252611.9437,0.00000191,0.00000000007441169,6876363,2019-03-08 08:47:47,btc,7.4725537766758,145603.2297,0.00000191,btc,108054.8283,0.3046846729425,0.0182540523217,264
0,[],22,[],2019-03-08 08:56:19,0.0,0,0,6876521,2019-03-08 08:56:19,,8.45833143,0.0,0,,464287.34411321935,0.0,0.0,271
0,[],22,[],2019-03-08 08:47:52,0.0,0,0,6876365,2019-03-08 08:47:52,,266.25196304,0.0,0,,13937792667.692,0.0,0.0,272
0.0000000000000051,[],28,[],2019-03-08 08:47:55,243197203537.905,4.794e-21,1.86769446e-25,6876366,2019-03-08 08:47:55,doge,37040916.190493375,30167173880.554,0.00000094,doge,227293094283.5003,0.0,7.102311485511465e-10,272
1,[],22,[],2019-03-08 08:48:01,217249.74,0.00000150,0.00000000005843850000000001,6876367,2019-03-08 08:48:01,BTC,74.45437649,0.0,0.00000150,"BTC,LTC",33883.48778575859,0.011383,0.08584362,281
1,[],22,[],2019-03-08 08:56:23,91097.82417582418,0.00000015,0.0000000000058263150000000005,6876522,2019-03-08 08:56:23,BTC,0.51893938,0.0,0.00000015,BTC,116154.39486258465,0.09338059,0.0116829,286
0,[],22,[],2019-03-08 08:48:10,0.0,0,0,6876369,2019-03-08 08:48:10,,43638.74003002,0.0,0,,691637845.0,0.0,0.0,294
