pairValue,buyBook,exchangeId,sellBook,updated,buyTotal,satoshiPrice,usdPrice,exchangeLogId,created,bestPair,sellTotalBtc,volume,pairPrice,activePairs,sellTotal,volumeBtc,buyTotalBtc,coinId
0,[],2,[],2019-01-20 23:28:45,0.0,0,0,6477011,2019-01-20 23:28:45,,0.0,0.0,0,,0.0,0.0,0.0,1
1,[],3,[],2019-06-04 21:21:38,31464.5784266983,0.01065238999999999942869255420418994617648422718048095703125,0.000000818395427486,7738605,2019-06-04 21:21:38,btc,33.7566090716704,41.3935185778,0.01065238999999999942869255420418994617648422718048095703125,btc,21.933487959188,0.0,0.23086145498953473,1
1,[],4,[],2019-06-04 21:21:39,207670.7859276,0.01080001,0.000000829736688274,7738606,2019-06-04 21:21:39,btc,7.950172568373908,0.0,0.01080001,btc,333.60320962,0.71909011,0.5336183555736866,1
1,[],5,[],2019-06-04 21:21:42,0.0,0,0,7738607,2019-06-04 21:21:42,btc,0.0,0.05060957,0,btc,0.0,0.0,0.0,1
1,[],10,[],2019-06-04 21:21:44,130510.56221014,0.00623,0.0000004786347020000001,7738608,2019-06-04 21:21:44,btc,6518.718095666035,1616.13661445,0.00623,btc,1262.36507676,0.0,2.4052664929561822,1
1,[],12,[],2019-06-04 21:21:47,74.10976217,0.01077000000000000005939693181744587491266429424285888671875,0.000000827431098,7738609,2019-06-04 21:21:47,btc,0.154051709907,0.0,0.01077000000000000005939693181744587491266429424285888671875,btc,13.3996602,0.255269757265,0.277936208725,1
1,[],20,[],2019-06-04 21:21:50,936.3221,0.00920001,0.000000706812848274,7738610,2019-06-04 21:21:50,btc,0.2216618148432,0.2835,0.00920001,btc,17.1772,0.0026122578014,0.1216589117705,1
1,[],21,[],2019-06-04 21:21:51,2135.11701775,0.01077147999999999994358290678,0.000000827544802552,7738611,2019-06-04 21:21:51,btc,10.213918050503763,5579.59666643,0.010771479999999999943582906780648045241832733154296875,"btc,eth",1340.59755766,57.40692413590771,18.856032723669944,1
1,[],22,[],2019-06-04 21:21:55,0.0025666666666666667,0.00900000,0.0000006914466,7738612,2019-06-04 21:21:55,BTC,0.31629903,0.0,0.00900000,BTC,0.2505752479991019,0.0,2.31e-05,1
1,[],24,[],2019-06-04 21:21:56,0.0,0.000000000000,0,7738613,2019-06-04 21:21:56,btc,0.0,0.0,0.000000000000,btc,0.0,0.0,0.0,1
0.0,[],25,[],2019-06-04 21:23:10,0.0,0,0,7738614,2019-06-04 21:23:10,btc,12.299999999687536,0.0,0.0,btc,1116.34370947,0.0,0.0,1
1,[],26,[],2019-06-04 21:23:13,0.0,0,0,7738615,2019-06-04 21:23:13,,0.0,0.0,0,,0.0,0.0,0.0,1
0,[],28,[],2019-06-04 21:23:13,0.0,0,0,7738616,2019-06-04 21:23:13,,0.0,0.0,0,,0.0,0.0,0.0,1
1,[],5,[],2019-06-04 21:23:15,0.0,0,0,7738617,2019-06-04 21:23:15,btc,0.0,0.0239196,0,btc,0.0,0.0,0.0,2
0,[],22,[],2019-06-04 21:23:17,0.0,0,0,7738618,2019-06-04 21:23:17,,0.0,0.0,0,,0.0,0.0,0.0,2
1,[],5,[],2019-06-03 14:48:58,0.0,0,0,7731126,2019-06-03 14:48:58,btc,0.0,0.05905545,0,btc,0.0,0.0,0.0,3
1,[],12,[],2019-06-03 14:48:59,3468623.70302,0.000000116,0.000000000009823402000000002,7731127,2019-06-03 14:48:59,btc,169531.0336573751,0.0,0.000000116,btc,2361209.62379607,0.041350953071,0.33764769154428,3
0,[],28,[],2019-06-03 14:49:00,0.0,0,0,7731128,2019-06-03 14:49:00,,0.0,0.0,0,,0.0,0.0,0.0,3
0,[],2,[],2019-01-20 23:31:32,0.0,0,0,6477077,2019-01-20 23:31:32,,0.0,0.0,0,,0.0,0.0,0.0,4
1,[],4,[],2019-05-18 21:29:50,562734.9206932,0.00000010,0.000000000007298720000000001,7650946,2019-05-18 21:29:50,btc,41.9347137769675,0.0,0.00000010,btc,1123702.32192634,0.00052462,0.029254593370966,4
0,[],12,[],2019-06-02 05:03:43,0.0,0,0,7724919,2019-06-02 05:03:43,btc,625.901992874995,0.0,0,btc,1211362.4995005,0.0,0.0,5
0,[],2,[],2019-01-20 23:31:51,0.0,0,0,6477087,2019-01-20 23:31:51,,0.0,0.0,0,,0.0,0.0,0.0,6
1,[],11,[],2019-06-04 21:23:19,9525359.276736,0.00000002,0.000000000001536548,7738619,2019-06-04 21:23:19,btc,9582.834946672145,1860540.0,0.00000002,btc,67491862.19260395,0.0,0.14099044276736,6
1,[],3,[],2019-06-04 21:23:20,11262.038430596169,0.000089110000000000005719071050069857164999120868742465972900390625,0.000000006846089614000001,7738620,2019-06-04 21:23:20,btc,0.1252023986161117,379.641756169,0.000089110000000000005719071050069857164999120868742465972900390625,btc,282.933788788405,0.0,0.017248628807644904,7
1,[],4,[],2019-06-04 21:23:20,331389.75169334,0.00008000,0.000000006146192,7738621,2019-06-04 21:23:20,btc,8.391420064625846,0.0,0.00008000,btc,59491.10190493,1.67162588,2.524940305118141,7
1,[],5,[],2019-06-04 21:23:22,0.0,0,0,7738622,2019-06-04 21:23:22,btc,0.0,0.05618138,0,btc,0.0,0.0,0.0,7
1,[],20,[],2019-04-07 22:06:50,3201475.0482,0.000000001,0.000000000000051590000000000004,7213932,2019-04-07 22:06:50,btc,30.8005781811902,0.0,0.000000001,btc,23077405.3926,0.0,0.0032014750482,8
0,[],28,[],2019-06-04 21:23:24,0.0,0,0,7738624,2019-06-04 21:23:24,,0.0,0.0,0,,0.0,0.0,0.0,9
0,[],2,[],2019-01-20 23:22:42,0.0,0,0,6476876,2019-01-20 23:22:42,,0.0,0.0,0,,0.0,0.0,0.0,9
0,[],23,[],2019-01-20 23:22:48,0.0,0,0,6476878,2019-01-20 23:22:48,,0.0,0.0,0,,0.0,0.0,0.0,9
1,[],1,[],2019-02-17 23:31:42,1822507.21,0.00000181000000000000003456111265232042484285557293333113193511962890625,0.000000000066086901,6701244,2019-02-17 23:31:42,btc,3.6990969245,17153386.5,0.00000181000000000000003456111265232042484285557293333113193511962890625,btc,1997391.71,31.11772986,3.2610482446,9
1,[],4,[],2019-06-04 21:23:24,2431107.52333783,0.00000048,0.000000000036877152,7738623,2019-06-04 21:23:24,btc,3.221513183032338,0.0,0.00000048,btc,3177195.47346135,0.2520568,0.4588202847600197,9
1,[],4,[],2019-02-17 11:22:43,4341674.27126056,0.00000002,0.0000000000007272960000000001,6696112,2019-02-17 11:22:43,btc,0.1997230937751353,0.0,0.00000002,btc,4109766.79808031,0.00215132,0.0479381022052112,10
1,[],4,[],2019-06-04 21:23:25,10385379.05160951,0.00000044,0.000000000033804056,7738625,2019-06-04 21:23:25,btc,4.550823754107015,0.0,0.00000044,btc,4648916.56489735,2.06873907,2.0347237726861955,12
1,[],5,[],2019-06-04 21:23:26,0.0,0,0,7738626,2019-06-04 21:23:26,btc,0.0,0.31576332,0,btc,0.0,0.0,0.0,12
0.0,[],25,[],2019-06-04 21:26:09,0.0,0,0,7738627,2019-06-04 21:26:09,,0.0,0.0,0.0,btc,0.0,0.0,0.0,12
0,[],2,[],2019-01-20 23:23:08,0.0,0,0,6476890,2019-01-20 23:23:08,,0.0,0.0,0,,0.0,0.0,0.0,12
1,[],4,[],2019-06-04 21:26:10,479597.29422677,0.00000523,0.000000000401807302,7738628,2019-06-04 21:26:10,btc,1.9936606397334244,0.0,0.00000523,btc,274700.35921463,0.61641694,0.4778908108783438,13
1,[],21,[],2019-06-04 21:26:15,1380742.73847017,0.000005339999999999999694827446106,0.00000000041025831599999997,7738629,2019-06-04 21:26:15,btc,5.166953957913344,1842817.82240884,0.0000053399999999999996948274461061600959510542452335357666015625,btc,836801.39762358,9.84642751,4.749094607379238,13
1,[],10,[],2019-06-04 20:53:55,340917.11258212,0.00000524,0.000000000402279516,7738484,2019-06-04 20:53:55,btc,666803.240326751,7120.96926637,0.00000524,btc,872526.50221079,0.0,0.1972069976017017,13
1,[],4,[],2019-06-04 21:26:15,866559.03908287,0.00000077,0.000000000059157098,7738630,2019-06-04 21:26:15,btc,4.28159945672992,0.0,0.00000077,btc,808653.13041755,0.00400727,0.0583943560475016,14
1,[],12,[],2019-06-04 21:26:16,135130.04978289,0.00000073,0.000000000056084002,7738631,2019-06-04 21:26:16,btc,14.14314311616415,0.0,0.00000073,btc,31965.57755951,0.0,0.015153329999968199,14
1,[],26,[],2019-06-04 21:28:16,0.0,0.00000050,0.000000000038413699999999997,7738632,2019-06-04 21:28:16,btc,0.0,0.0,0.00000050,btc,0.0,0.0,0.0,14
0,[],17,[],2019-05-03 00:53:32,0.0,0,0,7558876,2019-05-03 00:53:32,btc,0.0,0.0,0,btc,0.0,0.0,0.0,14
0,[],4,[],2019-06-04 21:28:17,0.0,0,0,7738633,2019-06-04 21:28:17,,0.0,0.0,0,,0.0,0.0,0.0,15
,[],12,[],2018-12-01 15:15:48,204241.84496,0.00000489,0.000000000202473384,5260204,2018-12-01 15:15:48,btc,49.5475654835,0.0,,btc,35763.2193806,0.0163153972027625,0.0203389899998,15
1,[],4,[],2019-06-04 21:28:19,31510.9308416,0.00001150,0.0000000008835151,7738634,2019-06-04 21:28:19,btc,0.9721588422566046,0.0,0.00001150,btc,10922.35223724,0.05224553,0.0541118455342305,18
1,[],10,[],2019-06-04 21:28:21,110764.40569586,0.00001101,0.000000000845869674,7738635,2019-06-04 21:28:21,btc,15.240036904890715,15403.6514885,0.00001101,btc,12934.36450343,0.0,0.1203317130447318,18
1,[],12,[],2019-06-04 21:28:23,2539.5906867,0.000010910000000000000575680995928973260333805228583514690399169921875,0.000000000838186934,7738636,2019-06-04 21:28:23,btc,0.4100632402178254,0.0,0.000010910000000000000575680995928973260333805228583514690399169921875,btc,1721.35135713,1.7885416e-05,0.0106317566795635,18
0,[],2,[],2019-01-20 23:23:38,0.0,0,0,6476906,2019-01-20 23:23:38,,0.0,0.0,0,,0.0,0.0,0.0,18
0,[],17,[],2019-05-03 00:53:39,0.0,0,0,7558882,2019-05-03 00:53:39,btc,0.0,0.0,0,btc,0.0,0.0,0.0,18
1,[],3,[],2019-06-04 21:30:24,143649.5192180372,0.00000566000000000000001916002079216383435777970589697360992431640625,0.000000000434843084,7738637,2019-06-04 21:30:24,btc,0.16619323547648848,5457.91557844,0.00000566000000000000001916002079216383435777970589697360992431640625,btc,5152.50539935349,0.0,0.05056834063609919,19
1,[],4,[],2019-06-04 21:30:25,536086.63729054,0.00000794,0.000000000610009556,7738638,2019-06-04 21:30:25,btc,4.06318119738175,0.0,0.00000794,btc,191048.82358038,0.12302763,0.5428682387928078,19
1,[],5,[],2019-06-04 21:30:26,0.0,0,0,7738639,2019-06-04 21:30:26,btc,0.0,0.0001074,0,btc,0.0,0.0,0.0,19
1,[],12,[],2019-06-04 21:30:27,109358.80067227,0.000007089999999999999880334437818429904609729419462382793426513671875,0.000000000544706266,7738640,2019-06-04 21:30:27,btc,0.0508662251638248,0.0,0.000007089999999999999880334437818429904609729419462382793426513671875,btc,1949.0831785,0.0,0.02162180999971,19
0,[],27,[],2019-06-04 21:30:34,0.0,0,0,7738641,2019-06-04 21:30:34,,0.0,0.0,0,btc,0.0,0.0,0.0,19
0,[],2,[],2019-01-20 23:24:19,0.0,0,0,6476924,2019-01-20 23:24:19,,0.0,0.0,0,,0.0,0.0,0.0,19
1,[],4,[],2019-06-04 21:30:35,10062076.88478525,0.00000007,0.000000000005377918,7738642,2019-06-04 21:30:35,btc,6.4029639466023385,0.0,0.00000007,btc,2322306.93095912,0.0,0.1174938176872809,20
1,[],4,[],2019-06-04 21:30:36,5025021.084,0.00000001,0.000000000000768274,7738643,2019-06-04 21:30:36,btc,39235.22559054961,0.0,0.00000001,btc,76687008.01359268,0.00542392,0.05025021084,21
1,[],12,[],2019-06-04 21:30:37,1695734.0,0.00000001,0.000000000000768274,7738644,2019-06-04 21:30:37,btc,2566.6488669131268,0.0,0.00000001,btc,5432603.15584414,0.00082945,0.01695734,21
0,[],17,[],2019-05-03 00:53:51,0.0,0,0,7558891,2019-05-03 00:53:51,btc,0.0,0.0,0,btc,0.0,0.0,0.0,21
1,[],12,[],2019-06-04 21:32:39,5117477937.0,0.0000000003,0.00000000000002304822,7738645,2019-06-04 21:32:39,btc,726731457.0596253,0.0,0.0000000003,btc,3132667364.5961666,0.027896086329,1.1404609153,23
0.00000000031144850000000003,[],27,[],2019-06-04 21:32:46,67359277.586739,6.2289700000000005e-18,4.785555697780001e-22,7738646,2019-06-04 21:32:46,eth,1023.363917138657,532526455.31166,0.00000002,eth,18256117.1564255,3.317091315515835e-09,2.2074126153499822e-10,23
1,[],4,[],2019-06-04 21:32:47,1842842.19116883,0.00000021,0.000000000016133754,7738647,2019-06-04 21:32:47,btc,10.63620891666272,0.0,0.00000021,btc,1795810.51053736,0.00285731,0.0538008649400052,24
0,[],22,[],2019-06-04 21:32:50,0.0,0,0,7738648,2019-06-04 21:32:50,,0.0,0.0,0,,0.0,0.0,0.0,24
0.0,[],25,[],2019-06-04 21:35:07,0.0,0,0,7738649,2019-06-04 21:35:07,,0.0,0.0,0.0,btc,0.0,0.0,0.0,24
1,[],4,[],2019-06-04 21:35:09,26942164.04917857,0.00000481,0.000000000369539794,7738650,2019-06-04 21:35:09,btc,9.244102912941173,0.0,0.00000481,btc,219237.62264163,0.05513771,0.4792936179310012,26
1,[],10,[],2019-06-04 21:35:11,71818.07208118,0.00000502,0.00000000038567354800000003,7738651,2019-06-04 21:35:11,btc,25.27561494733722,4601.60196154,0.00000502,btc,20885.11482443,0.0,0.0326723383827599,26
0,[],2,[],2019-01-20 23:25:56,0.0,0,0,6476976,2019-01-20 23:25:56,,0.0,0.0,0,,0.0,0.0,0.0,26
1,[],3,[],2019-06-04 21:35:12,20576764.185043,0.00000001,0.000000000000768274,7738652,2019-06-04 21:35:12,btc,3.762988787860393,3933641.48668,0.00000001,btc,26016219.26895266,0.0,0.20576764185043,27
1,[],11,[],2019-06-04 21:35:13,2071589.08157834,0.00000002,0.000000000001536548,7738653,2019-06-04 21:35:13,btc,67503.06357066176,19676.5543251,0.00000002,btc,6639861.32608848,0.0,0.0211134458157834,27
1,[],5,[],2019-04-26 09:47:06,0.0,0,0,7465326,2019-04-26 09:47:06,btc,0.0,0.0,0,btc,0.0,0.0,0.0,27
1,[],4,[],2019-06-04 21:35:14,1203867159.22924,0.00000001,0.000000000000768274,7738654,2019-06-04 21:35:14,btc,5.349659437539964,0.0,0.00000001,"btc,ltc",325923403.15308124,0.05649987,8.769456001152001,29
1,[],7,[],2019-06-04 21:35:15,90452021.33155985,0.00000001,0.000000000000768274,7738655,2019-06-04 21:35:15,btc,46548272.19867987,0.0,0.00000001,btc,37057028.7654732,0.0,0.9045202133155985,29
1,[],4,[],2019-06-04 21:35:16,15294731.1675631,0.00000006,0.000000000004609644,7738656,2019-06-04 21:35:16,btc,2.514267206551824,0.0,0.00000006,btc,2040911.22285505,0.00283206,0.1729002432094358,30
0,[],17,[],2019-05-03 01:11:25,0.0,0,0,7559066,2019-05-03 01:11:25,btc,0.0,0.0,0,btc,0.0,0.0,0.0,30
1,[],4,[],2019-06-04 21:37:17,192943.42266013,0.00004301,0.000000003304346474,7738657,2019-06-04 21:37:17,btc,2.844097784922706,0.0,0.00004301,btc,39740.29568032,0.41304139,0.4932193347030212,31
1,[],21,[],2019-06-04 21:37:18,167062.99556008,0.00004250000000000000305311331772,0.0000000032651645,7738658,2019-06-04 21:37:18,btc,5.745112441200533,186011.29362476,0.000042500000000000003053113317719180486164987087249755859375,btc,118147.09159244,8.27968107,6.0746066592885954,31
0,[],2,[],2019-01-20 23:28:43,0.0,0,0,6477009,2019-01-20 23:28:43,,0.0,0.0,0,,0.0,0.0,0.0,32
0,[],4,[],2019-06-04 21:37:19,0.0,0,0,7738659,2019-06-04 21:37:19,,0.0,0.0,0,,0.0,0.0,0.0,33
1,[],12,[],2019-03-30 07:55:10,40641173.964,0.00000003,0.000000000001228359,7108785,2019-03-30 07:55:10,btc,4233210.82356125,0.0,0.00000003,btc,28378394.68333462,0.0126927883965248,0.90752895892,33
0.0000000001316551,[],4,[],2019-06-04 21:37:20,388326325.0910819,6.319444800000001e-17,4.8550651342752e-21,7738660,2019-06-04 21:37:20,ltc,3.792150147539223,0.0,0.00000048,ltc,154901215.85846955,0.00174287,1.250059960956748e-09,34
1,[],5,[],2019-06-04 21:37:21,0.0,0,0,7738661,2019-06-04 21:37:21,btc,0.0,3.989e-05,0,btc,0.0,0.0,0.0,34
0.0000000002926451,[],17,[],2019-05-02 18:17:47,200000.0,2.9264510000000002e-18,1.596703856561e-22,7556430,2019-05-02 18:17:47,eth,0.20942468735267253,0.0,0.00000001,"btc,eth",1018272.20243647,0.0,5.852902e-13,36
0.0000000001311821,[],4,[],2019-05-31 13:28:19,2417517744.0607657,1.311821e-18,1.105058333085e-22,7717483,2019-05-31 13:28:19,ltc,5.019900492391546e-08,0.0,0.00000001,ltc,7102398142.262129,0.0,3.171350544531538e-09,36
1,[],5,[],2019-05-31 13:28:21,0.0,0,0,7717484,2019-05-31 13:28:21,btc,0.0,0.0,0,btc,0.0,0.0,0.0,36
0.0000000003108179,[],27,[],2019-05-31 13:30:34,10388811.226876,6.216358000000001e-18,5.236566733830001e-22,7717485,2019-05-31 13:30:34,eth,1569.8708019850988,761866.634299,0.00000002,"ltc,eth",5084024.2511555,4.736034912207001e-12,3.3251980286483705e-11,36
1,[],4,[],2019-06-04 21:37:22,10008419.84716303,0.00000016,0.000000000012292384,7738662,2019-06-04 21:37:22,btc,19772.47792097437,0.0,0.00000016,btc,713150.36279513,0.01117316,0.1330335179766068,37
1,[],12,[],2019-06-04 21:37:23,3786417.0,0.00000018,0.000000000013828932,7738663,2019-06-04 21:37:23,btc,10.490447908703214,0.0,0.00000018,btc,1659516.21160677,0.030351227795,0.16042924,37
1,[],27,[],2019-06-04 21:04:58,11126.0,0.00000018,0.000000000013818762,7738520,2019-06-04 21:04:58,btc,22.62970013895233,0.0,0.00000018,btc,4298.824295,0.0,0.00165394,37
1,[],17,[],2019-05-03 01:11:36,211752.74075282,0.00000025,0.000000000013700074999999998,7559074,2019-05-03 01:11:36,btc,0.055484923955058496,0.0,0.00000025,"btc,eth",1387.19918473,0.0,0.0005381851887916605,37
1,[],5,[],2019-06-04 21:05:00,0.0,0,0,7738521,2019-06-04 21:05:00,btc,0.0,0.01495445,0,btc,0.0,0.0,0.0,42
1,[],12,[],2019-06-04 21:05:02,130358.0056894,0.000001049999999999999899545958213786800428124479367397725582122802734375,0.00000000008060944499999999,7738522,2019-06-04 21:05:02,btc,24.825314549272758,0.0,0.000001049999999999999899545958213786800428124479367397725582122802734375,btc,79644.5390151,0.012403630484,0.045161106889833796,42
1,[],27,[],2019-06-04 21:05:19,506.0,0.00000002,0.000000000001535418,7738523,2019-06-04 21:05:19,btc,0.07600425,0.0,0.00000002,"btc,eth",18.0,0.0,6.000000328120135e-06,42
1,[],12,[],2019-03-13 09:13:29,1112112.0,0.00000001,0.000000000000386531,6919902,2019-03-13 09:13:29,btc,29058.00478931866,0.0,0.00000001,btc,5967681.93306694,9.99000999e-07,0.01112112,43
1,[],5,[],2019-04-26 22:38:52,0.0,0,0,7474154,2019-04-26 22:38:52,btc,0.0,0.02638891,0,btc,0.0,0.0,0.0,43
0,[],17,[],2019-04-26 22:38:53,0.0,0,0,7474155,2019-04-26 22:38:53,btc,0.0,0.0,0,btc,0.0,0.0,0.0,43
1,[],12,[],2019-03-05 01:54:08,639326.02,0.00000004,0.000000000001486676,6845775,2019-03-05 01:54:08,btc,11116042.728239931,0.0,0.00000004,btc,1103841.4595604,0.0003330765234764,0.014975410599999999,44
1,[],4,[],2019-06-04 21:05:20,104428998.49772288,0.00000001,0.000000000000767709,7738524,2019-06-04 21:05:20,btc,2660396.6117822765,0.0,0.00000001,"btc,ltc",28488474.38240226,0.00124926,0.02694936749095859,49
0.0000000001314354,[],4,[],2019-06-04 21:05:22,131364326.91376562,3.4173204000000004e-17,2.6235076269636002e-21,7738525,2019-06-04 21:05:22,ltc,194919.97353756442,0.0,0.00000026,ltc,176818973.7633107,0.0,1.4812672033498713e-09,52
0,[],22,[],2019-06-04 21:05:25,0.0,0,0,7738526,2019-06-04 21:05:25,,10289.52569349,0.0,0,,305146396.4566013,0.0,0.0,57
0,[],27,[],2019-06-04 21:05:36,0.0,0,0,7738527,2019-06-04 21:05:36,,0.0,0.0,0,"btc,eth",0.0,0.0,0.0,57
0.0000000001314354,[],4,[],2019-06-04 21:05:36,3527194818.5721416,1.314354e-18,1.0090413949860001e-22,7738528,2019-06-04 21:05:36,ltc,19.341013459538654,0.0,0.00000001,ltc,5804767409.741686,0.0,4.635982618569569e-09,58
1,[],12,[],2019-06-04 21:05:40,984249958.0,0.0000000001,0.00000000000000767709,7738529,2019-06-04 21:05:40,btc,1806189.7833854537,0.0,0.0000000001,btc,3553573507.8091474,0.000149156547,0.0984249958,58
0.0000000001081115,[],22,[],2019-06-04 21:07:43,126877.0,1.081115e-18,8.299817155350001e-23,7738530,2019-06-04 21:07:43,XMR,68.17454206,0.0,0.00000001,XMR,9626402.6,0.0,0.00126877,58
1,[],17,[],2019-05-03 01:12:09,1200000.0,0.0000000001,0.00000000000000548003,7559085,2019-05-03 01:12:09,btc,1e+24,0.0,0.0000000001,"btc,eth",39516342.31952568,0.0,0.00010000000058666061,58
1,[],5,[],2019-06-04 21:07:44,0.0,0,0,7738531,2019-06-04 21:07:44,btc,0.0,0.00231669,0,btc,0.0,0.0,0.0,61
1,[],22,[],2019-06-04 21:07:49,13613.833333333334,0.00000012,0.000000000009212508,7738532,2019-06-04 21:07:49,BTC,1002.29123003,0.0,0.00000012,BTC,15014.200177125656,0.0,0.00153269,61
1,[],26,[],2019-06-04 21:07:49,0.0,0.00000050,0.00000000003838545,7738533,2019-06-04 21:07:49,btc,0.0,0.0,0.00000050,btc,0.0,0.0,0.0,61
1,[],27,[],2019-06-04 21:07:55,8450.0,0.0000002,0.00000000001535418,7738534,2019-06-04 21:07:55,btc,1.9582485601246655,0.0,0.0000002,"btc,eth",11379.41563696,0.0,0.001522,61
0,[],28,[],2019-06-04 21:07:56,0.0,0,0,7738535,2019-06-04 21:07:56,,0.0,0.0,0,,0.0,0.0,0.0,61
1,[],4,[],2019-06-04 21:07:57,855389.91239719,0.00000079,0.000000000060649011,7738536,2019-06-04 21:07:57,btc,2.90976337520172,0.0,0.00000079,btc,927364.24946428,0.03717146,0.4419666585434671,67
0.0,[],25,[],2019-06-04 21:07:58,0.0,0,0,7738537,2019-06-04 21:07:58,,0.0,0.0,0.0,btc,0.0,0.0,0.0,67
1,[],12,[],2019-06-02 06:23:14,910048.355,0.00000006,0.000000000005154929999999999,7725270,2019-06-02 06:23:14,btc,5.167005424215783,0.0,0.00000006,btc,738530.60239759,0.003159757462,0.0187188113,71
,[],5,[],2018-11-20 23:02:39,1.5e-07,0.00000005,0.000000000002128045,4862160,2018-11-20 23:02:39,btc,2.84511358,0.0,,btc,0.00036572,0.0,0.07381892,74
1,[],5,[],2019-06-04 21:08:00,0.0,0,0,7738538,2019-06-04 21:08:00,btc,0.0,0.51614937,0,btc,0.0,0.0,0.0,75
1,[],4,[],2019-06-04 03:25:15,715281.46076168,0.00000001,0.000000000000803619,7734085,2019-06-04 03:25:15,btc,581089.6218469425,0.0,0.00000001,btc,37692563.61091116,0.0,0.0071528146076168,81
0,[],20,[],2019-01-25 09:30:31,0.0,0,0,6495923,2019-01-25 09:30:31,btc,0.0,0.0,0,btc,0.0,0.0,0.0,81
1,[],4,[],2019-06-04 21:08:01,135081.27965008,0.00011609,0.000000008912333781,7738539,2019-06-04 21:08:01,btc,54.909727912453015,0.0,0.00011609,btc,116762.30405622,1.38079263,0.5400443445286796,82
1,[],21,[],2019-06-04 21:08:02,87708.2062942,0.0001250099999999999974241438050,0.000000009597130209,7738540,2019-06-04 21:08:02,btc,17.051231638314228,20718.03549855,0.0001250099999999999974241438049915586816496215760707855224609375,btc,102111.92375411,2.42362734,7.982278220287863,82
0,[],17,[],2019-03-25 22:42:34,0.0,0,0,7038780,2019-03-25 22:42:34,btc,0.0445064681804024,0.0,0,btc,995513.18476001,0.0,0.0,84
0.0000000001161485,[],4,[],2019-05-20 13:09:39,216715621.0206096,1.161485e-18,9.0533806701e-23,7657228,2019-05-20 13:09:39,ltc,1.6511566870244727,0.0,0.00000001,ltc,471032407.9048656,0.0,2.5171194308112273e-10,85
,[],22,[],2018-11-20 23:09:34,3408.1,0.0000001,0.0000000000041895,4862324,2018-11-20 23:09:34,BTC,0.04624735,0.0,,BTC,4990.0,0.0,0.00033081,86
1,[],22,[],2019-06-04 21:08:06,87656.0,0.00000004,0.000000000003070836,7738541,2019-06-04 21:08:06,BTC,1.51082059,0.0,0.00000004,BTC,256208.94736842104,0.00817507,0.00152656,87
1,[],27,[],2019-06-04 21:08:15,252983.0,0.00000008,0.000000000006141672,7738542,2019-06-04 21:08:15,btc,5.023709147036,195658.0,0.00000008,btc,156169.21141,0.01760922,0.00613129,87
,[],2,[],2018-11-20 23:10:47,0.0,0,0,4862359,2018-11-20 23:10:47,,0.0,0.0,,,0.0,0.0,0.0,88
1,[],11,[],2019-06-04 21:08:17,225257.86733141,0.000087399999999999996680259684023184263423900119960308074951171875,0.00000000670977666,7738543,2019-06-04 21:08:17,btc,167.95517222296772,15185.5357565,0.000087399999999999996680259684023184263423900119960308074951171875,btc,193374.39056725,0.0,3.830613169178332,89
0,[],2,[],2019-01-20 23:31:45,0.0,0,0,6477083,2019-01-20 23:31:45,,0.0,0.0,0,,0.0,0.0,0.0,91
1,[],12,[],2019-06-04 21:08:18,334767.30360675,0.00000026,0.000000000019960434,7738544,2019-06-04 21:08:18,btc,88.54516863288887,0.0,0.00000026,btc,197210.13924707,0.013200207448,0.014356972517794,91
1,[],22,[],2019-06-04 21:10:22,75910.55,0.0000002,0.00000000001535418,7738545,2019-06-04 21:10:22,BTC,0.497,0.0,0.0000002,"BTC,LTC",6.95,0.0,0.00165931,91
0,[],17,[],2019-05-03 01:12:26,0.0,0,0,7559096,2019-05-03 01:12:26,btc,0.0,0.0,0,btc,0.0,0.0,0.0,91
1,[],22,[],2019-04-09 20:17:52,374949.73333333334,0.00000015,0.000000000007771935,7235704,2019-04-09 20:17:52,BTC,6.87372503,0.0,0.00000015,"BTC,LTC",159980.01196797504,1.1e-05,0.80510266,95
0.0000000001314354,[],4,[],2019-06-04 21:10:23,541503389.3070995,2.7601434e-17,2.1189869294706004e-21,7738546,2019-06-04 21:10:23,ltc,11.305060182097067,0.0,0.00000021,ltc,153304507.3316396,0.0,8.364467816962525e-10,96
0,[],12,[],2019-06-04 21:10:24,0.0,0,0,7738547,2019-06-04 21:10:24,btc,22.33352059046953,0.0,0,btc,9676473.04695305,0.0,0.0,96
0,[],17,[],2019-05-03 01:12:32,0.0,0,0,7559100,2019-05-03 01:12:32,btc,0.0,0.0,0,btc,0.0,0.0,0.0,96
1,[],4,[],2019-04-14 03:32:46,1039404.33283278,0.00000038,0.000000000019245518,7293458,2019-04-14 03:32:46,btc,4.170086055365747,0.0,0.00000038,btc,3097704.34561074,0.06260606,0.1859928211030784,99
0,[],2,[],2019-01-20 23:23:55,0.0,0,0,6476914,2019-01-20 23:23:55,,0.0,0.0,0,,0.0,0.0,0.0,100
1,[],4,[],2019-06-04 21:12:25,233639.30602968,0.00001817,0.000000001394927253,7738548,2019-06-04 21:12:25,btc,7.762891483209654,0.0,0.00001817,btc,155291.14707528,0.81139661,0.4358690615778157,100
1,[],22,[],2019-06-04 21:12:28,150000.0,0.00000002,0.000000000001535418,7738549,2019-06-04 21:12:28,BTC,24.83526409,0.0,0.00000002,BTC,11187.719,0.0,0.0017,101
1,[],4,[],2019-06-04 21:12:29,514735.19051336,0.00000152,0.000000000116691768,7738550,2019-06-04 21:12:29,btc,549.8153514459028,0.0,0.00000152,btc,666731.62890177,0.01575012,0.1518742835802768,103
1,[],12,[],2019-06-04 21:12:32,178895704.37600002,0.000000004,0.00000000000030708360000000005,7738551,2019-06-04 21:12:32,btc,2446.9220020351772,0.0,0.000000004,btc,70911598.11658658,0.001249822757,0.24185892050400004,105
0,[],27,[],2019-06-04 21:12:38,0.0,0,0,7738552,2019-06-04 21:12:38,,0.374932318,61112.0,0,btc,1923466.8,0.00061112,0.0,105
1,[],22,[],2019-04-21 00:17:26,21333.0,0.00000001,0.000000000000532493,7385819,2019-04-21 00:17:26,BTC,51.38182867,0.0,0.00000001,BTC,470435.0,0.0,0.00021333,107
1,[],26,[],2019-04-21 00:17:26,0.0,0.00000000,0,7385820,2019-04-21 00:17:26,btc,0.0,0.0,0.00000000,btc,0.0,0.0,0.0,107
1,[],5,[],2019-06-04 21:12:39,0.0,0,0,7738553,2019-06-04 21:12:39,btc,0.0,0.0,0,btc,0.0,0.0,0.0,112
0,[],22,[],2019-06-04 21:12:42,0.0,0,0,7738554,2019-06-04 21:12:42,,6.79500102,0.0,0,,3375892.0833333335,0.0,0.0,112
1,[],27,[],2019-06-04 21:12:51,1.0,0.00000001,0.000000000000767709,7738555,2019-06-04 21:12:51,btc,1.14885,0.0,0.00000001,"btc,eth",39.0,0.0,1e-08,112
1,[],4,[],2019-06-04 21:12:52,257941.76010598,0.00000084,0.000000000064487556,7738556,2019-06-04 21:12:52,btc,5.750414335529105,0.0,0.00000084,btc,615933.73318288,0.03273575,0.1553389172241617,113
1,[],5,[],2019-06-04 21:12:53,0.0,0,0,7738557,2019-06-04 21:12:53,btc,0.0,0.0,0,btc,0.0,0.0,0.0,113
1,[],17,[],2019-04-26 02:17:47,162738.278,0.00000004,0.0000000000021069000000000002,7461287,2019-04-26 02:17:47,btc,1.3331140273775473,0.0,0.00000004,btc,51796.221,0.0,0.00230953112,116
1,[],27,[],2019-05-22 05:13:01,210000.0,0.00000001,0.00000000000079145,7666372,2019-05-22 05:13:01,btc,3919.0005001478,0.0,0.00000001,btc,128660.871,0.0,0.0021,116
1,[],4,[],2019-05-21 22:31:11,138169.03963019,0.00000701,0.000000000558364025,7664793,2019-05-21 22:31:11,btc,150.95388250938234,0.0,0.00000701,btc,344631.17141974,0.07552974,0.4288357684941946,120
1,[],7,[],2019-05-21 22:31:12,3901.07750076,0.000010679999999999999389654892212320191902108490467071533203125,0.0000000008506887,7664794,2019-05-21 22:31:12,btc,231188.94669936574,0.0,0.000010679999999999999389654892212320191902108490467071533203125,btc,4133.83151364,0.0,0.0113888422364489,120
1,[],20,[],2019-04-07 18:42:29,1914137.0852,0.000000035,0.0000000000017871910000000002,7211992,2019-04-07 18:42:29,btc,32.2497668025648,25528.85,0.000000035,btc,1001975.4986,0.00089350975,0.0152723574729,125
1,[],22,[],2019-06-04 21:12:57,10000.0,0.00000001,0.000000000000767709,7738558,2019-06-04 21:12:57,BTC,0.032061,0.0,0.00000001,BTC,299316.7611111111,0.0,0.0001,126
0,[],2,[],2019-01-20 23:25:46,0.0,0,0,6476969,2019-01-20 23:25:46,,0.0,0.0,0,,0.0,0.0,0.0,131
1,[],4,[],2019-06-04 21:12:58,442645.21868461,0.00000756,0.0000000005803880040000001,7738559,2019-06-04 21:12:58,btc,4.3157745330908535,0.0,0.00000756,btc,172703.76835465,0.45160761,0.5009141362048185,131
1,[],17,[],2019-05-03 01:13:10,10000.0,0.00000001,0.000000000000548003,7559115,2019-05-03 01:13:10,btc,0.0953976503951408,0.0,0.00000001,btc,5037.62507334,0.0,0.0001,131
1,[],4,[],2019-06-04 16:14:38,4864.9911105,0.00010000,0.000000007975649999999999,7737234,2019-06-04 16:14:38,btc,5.0403675416656535,0.0,0.00010000,btc,247.17378338,0.0,0.006891951750996,135
1,[],3,[],2019-06-04 21:15:01,472187.0,0.00000001,0.0000000000007677090000000001,7738560,2019-06-04 21:15:01,btc,0.2159970505739254,2141378.52189,0.00000001,btc,1851829.24715819,0.0,0.00472187,136
1,[],4,[],2019-06-04 21:15:02,2151848.1694209,0.00000181,0.00000000013895532900000002,7738561,2019-06-04 21:15:02,btc,109.9083659316044,0.0,0.00000181,btc,547062.85635239,0.03219038,0.4480320874440057,137
1,[],12,[],2019-06-04 21:15:03,68207.67218013,0.0000019499999999999999646983772638719756287173368036746978759765625,0.000000000149703255,7738562,2019-06-04 21:15:03,btc,84.62914364183031,0.0,0.0000019499999999999999646983772638719756287173368036746978759765625,btc,81282.49164191,7.737882e-06,0.0181126699999016,137
1,[],4,[],2019-06-04 21:15:04,129818.73181213,0.00001752,0.000000001345026168,7738563,2019-06-04 21:15:04,btc,5.835356814207416,0.0,0.00001752,btc,141474.56899773,0.70630246,1.2784333683919118,142
1,[],5,[],2019-06-04 21:15:06,0.0,0,0,7738564,2019-06-04 21:15:06,btc,0.0,0.00365305,0,btc,0.0,0.0,0.0,142
1,[],20,[],2019-06-04 21:17:08,216120.5633,0.000015001,0.0000000011516402709000001,7738565,2019-06-04 21:17:08,btc,1.605370613969,0.77,0.000015001,btc,9745.0633,1.155077e-05,0.0198155554122,142
1,[],22,[],2019-06-04 21:17:12,10928.645,0.00001000,0.000000000767709,7738566,2019-06-04 21:17:12,BTC,3.00455459,0.0,0.00001000,BTC,1114.1498755539799,0.0,0.00725365,142
0.0,[],25,[],2019-06-04 21:17:14,0.0,0,0,7738567,2019-06-04 21:17:14,,0.0,0.0,0.0,btc,0.0,0.0,0.0,142
0,[],28,[],2019-06-04 21:17:14,0.0,0,0,7738568,2019-06-04 21:17:14,,0.0,0.0,0,,0.0,0.0,0.0,142
1,[],17,[],2019-05-03 01:13:16,32967.38636364,0.00000088,0.000000000048224264,7559122,2019-05-03 01:13:16,btc,20.06976206696776,0.0,0.00000088,btc,2746.079105,0.0,0.0105613000000032,142
0,[],22,[],2019-06-04 21:17:18,0.0,0,0,7738569,2019-06-04 21:17:18,,64.98620993,0.0,0,,787027072.3,0.0,0.0,143
0,[],22,[],2019-02-25 15:42:22,0.0,0,0,6783783,2019-02-25 15:42:22,,4.2131946,0.0,0,,2322156.0,0.0,0.0,146
,[],22,[],2018-11-20 23:01:11,0.0,0,0,4862114,2018-11-20 23:01:11,,2.56807021,0.0,,,61828.4988236,0.0,0.0,147
1,[],12,[],2019-04-21 06:38:04,193091.5971266,0.00000071,0.000000000037635183,7388679,2019-04-21 06:38:04,btc,2.301232411611175,0.0,0.00000071,btc,9957.48302385,0.00023528,0.0313308199999888,148
1,[],4,[],2019-03-19 21:31:25,255810.0415942,0.00000029,0.000000000011615747,6982695,2019-03-19 21:31:25,btc,218.94922712414143,0.0,0.00000029,btc,793529.37642722,0.00117,0.0608347789473395,152
0,[],22,[],2019-03-19 21:31:27,0.0,0,0,6982696,2019-03-19 21:31:27,,0.0,0.0,0,,0.0,0.0,0.0,152
1,[],5,[],2019-04-26 09:36:59,0.0,0,0,7465040,2019-04-26 09:36:59,btc,0.0,0.0,0,btc,0.0,0.0,0.0,153
,[],16,[],2019-01-11 15:38:59,0.0,0,0,6366141,2019-01-11 15:38:59,btc,0.0,0.0,,btc,0.0,0.0,0.0,155
0,[],23,[],2019-01-20 23:24:29,0.0,0,0,6476932,2019-01-20 23:24:29,,0.0,0.0,0,,0.0,0.0,0.0,156
0,[],22,[],2019-06-04 06:02:09,0.0,0,0,7734688,2019-06-04 06:02:09,,7.43375324,0.0,0,,5955762.942592593,0.0,0.0,156
1,[],22,[],2019-06-04 21:17:22,6996.0,0.00000001,0.000000000000767709,7738570,2019-06-04 21:17:22,BTC,1.7543039,0.0,0.00000001,BTC,57.0,0.0,6.996e-05,157
0,[],22,[],2019-05-21 23:40:32,0.0,0,0,7665049,2019-05-21 23:40:32,,50234.60468402,0.0,0,,54786159.03179465,0.0,0.0,158
,[],17,[],2018-11-20 22:56:10,0.0,0,0,4861976,2018-11-20 22:56:10,btc,1.1265625,0.0,,btc,1000.0,0.0,0.0,159
,[],20,[],2018-11-20 22:56:12,0.0,0,0,4861977,2018-11-20 22:56:12,btc,11912.7940471,0.0,,btc,34413894.3617,0.0,0.0,159
1,[],12,[],2019-05-24 02:51:20,9178.522006449999,0.00000191999999999999982841307998027158276954651228152215480804443359375,0.000000000151222656,7676256,2019-05-24 02:51:20,btc,149.80414728631675,0.0,0.00000191999999999999982841307998027158276954651228152215480804443359375,btc,1115.7451448499999,0.01783167678326,0.0120075778999181,168
1,[],17,[],2019-05-03 01:13:36,42852.0,0.00000002,0.000000000001096006,7559132,2019-05-03 01:13:36,btc,0.04279856251542,0.0,0.00000002,btc,274.46171372,0.0,0.00052852,168
1,[],22,[],2019-05-17 03:01:52,10.0,0.00000001,0.000000000000778341,7642059,2019-05-17 03:01:52,BTC,41.95893009,0.0,0.00000001,BTC,1753972.7737547632,0.0,1e-07,169
1,[],22,[],2019-05-30 08:38:18,202834.0,0.00000002,0.0000000000017416160000000001,7711049,2019-05-30 08:38:18,BTC,27.87002826,0.0,0.00000002,BTC,462189.5410507793,0.0,0.00211768,171
1,[],22,[],2019-05-29 08:05:18,349870.0,0.00000002,0.000000000001705894,7705265,2019-05-29 08:05:18,BTC,24.05907723,0.0,0.00000002,"BTC,LTC",1224285.4355616204,0.0,0.0039847,173
1,[],5,[],2019-06-04 21:17:24,0.0,0,0,7738571,2019-06-04 21:17:24,btc,0.0,0.06065404,0,btc,0.0,0.0,0.0,175
1,[],22,[],2019-06-04 21:17:28,90671.0,0.00000001,0.000000000000767709,7738572,2019-06-04 21:17:28,BTC,394.35459412,0.0,0.00000001,BTC,136275.61833431243,0.0,0.00090671,176
0,[],2,[],2019-01-20 23:28:34,0.0,0,0,6477001,2019-01-20 23:28:34,,0.0,0.0,0,,0.0,0.0,0.0,178
1,[],7,[],2019-06-04 21:17:30,0.0,0,0,7738573,2019-06-04 21:17:30,btc,522272.520646231,10575.4245754,0,btc,21545405.84864055,0.00010575,0.0,178
0,[],22,[],2019-06-04 21:17:32,0.0,0,0,7738574,2019-06-04 21:17:32,,1.00242428,0.0,0,,57512.0,0.0,0.0,178
0,[],23,[],2019-01-20 23:25:08,0.0,0,0,6476952,2019-01-20 23:25:08,,0.0,0.0,0,,0.0,0.0,0.0,179
1,[],5,[],2019-06-04 21:17:34,0.0,0,0,7738575,2019-06-04 21:17:34,btc,0.0,0.0125353,0,btc,0.0,0.0,0.0,179
0,[],22,[],2019-06-04 21:17:36,0.0,0,0,7738576,2019-06-04 21:17:36,,5.3132485,0.0,0,,13258002.811946675,0.0,0.0,179
1,[],22,[],2019-06-04 21:19:40,679634.3579797487,0.00000106,0.000000000081377154,7738577,2019-06-04 21:19:40,BTC,39.19509227,0.0,0.00000106,"BTC,LTC",149316.51564143103,0.00200891,0.5789567,180
1,[],26,[],2019-06-04 21:19:40,0.0,0.00000010,0.00000000000767709,7738578,2019-06-04 21:19:40,btc,0.0,0.0,0.00000010,btc,0.0,0.0,0.0,180
1,[],17,[],2019-05-03 01:13:56,20504.725000000002,0.0000001,0.00000000000548003,7559141,2019-05-03 01:13:56,btc,5.2010695838400265,0.0,0.0000001,btc,5033.45945,0.0,0.0011504725,180
,[],7,[],2018-11-20 22:58:01,562227.975654,0.00000085,0.000000000036176765,4862015,2018-11-20 22:58:01,btc,21836.6059674,2491.87645172,,btc,749999.041456,0.00211021,0.127565380455,183
,[],5,[],2019-01-10 08:11:41,0.0,0,0,6347036,2019-01-10 08:11:41,btc,82.15055501,0.00261,,btc,1.19002445,0.0,0.0,187
,[],17,[],2018-11-16 20:58:10,4062536.27273,0.00000001,0.000000000000550501,4708775,2018-11-16 20:58:10,btc,3.36492563466,0.195460381006,,"btc,eth",110697919.549,0.0,0.0157628953496,187
1,[],24,[],2019-05-22 21:04:52,0.0,0.000000000014,0.0000000000000010960978,7670219,2019-05-22 21:04:52,btc,0.0,0.0,0.000000000014,btc,0.0,0.0,0.0,187
0,[],22,[],2019-04-25 02:54:07,0.0,0,0,7447896,2019-04-25 02:54:07,,7.54794454,0.0,0,,76361.7243344055,0.0,0.0,191
0,[],22,[],2019-06-04 21:19:45,0.0,0,0,7738579,2019-06-04 21:19:45,,0.0,0.0,0,,0.0,0.0,0.0,197
0,[],23,[],2019-01-20 23:31:41,0.0,0,0,6477079,2019-01-20 23:31:41,,0.0,0.0,0,,0.0,0.0,0.0,199
0,[],22,[],2019-06-04 21:19:48,0.0,0,0,7738580,2019-06-04 21:19:48,,10.83066794,0.0,0,,98210482.0,0.0,0.0,199
1,[],26,[],2019-06-04 21:19:49,0.0,0.00000000,0,7738581,2019-06-04 21:19:49,btc,0.0,0.0,0.00000000,btc,0.0,0.0,0.0,199
0,[],2,[],2019-01-20 23:30:49,0.0,0,0,6477059,2019-01-20 23:30:49,,0.0,0.0,0,,0.0,0.0,0.0,201
1,[],4,[],2019-01-25 15:51:35,2084389.58565343,0.00000936,0.000000000333526752,6499557,2019-01-25 15:51:35,btc,2.0092503037378524,0.0,0.00000936,btc,160195.80207885,0.19272417,1.242687955921835,211
1,[],7,[],2019-06-04 21:19:52,1170169393.7242348,0.00000018,0.000000000013818762,7738582,2019-06-04 21:19:52,btc,15201830.694824895,0.0,0.00000018,btc,6663050.75760839,0.0,11.967950945464535,212
1,[],12,[],2019-01-25 02:44:32,207462.42853209,0.000001080000000000000035831255497387193287295303889550268650054931640625,0.000000000038610756000000006,6493050,2019-01-25 02:44:32,btc,85023.03793723314,0.0,0.000001080000000000000035831255497387193287295303889550268650054931640625,btc,43675.73520027,0.000146250909087,0.0348620860622024,213
1,[],5,[],2019-05-30 00:07:46,0.0,0,0,7709357,2019-05-30 00:07:46,btc,0.0,0.06425239,0,btc,0.0,0.0,0.0,213
1,[],24,[],2019-05-30 00:07:46,0.0,0.000000399202,0.0000000000344859829346,7709358,2019-05-30 00:07:46,btc,0.0,0.0,0.000000399202,btc,0.0,0.0,0.0,213
1,[],26,[],2019-05-30 00:07:47,0.0,0.00000040,0.000000000034554919999999996,7709359,2019-05-30 00:07:47,btc,0.0,0.0,0.00000040,btc,0.0,0.0,0.0,213
0,[],22,[],2019-06-04 21:19:55,0.0,0,0,7738583,2019-06-04 21:19:55,,9.61445386,0.0,0,,3661587.094064925,0.0,0.0,216
0.0000000001314354,[],27,[],2019-06-04 21:20:01,1000.0,1.314354e-18,1.0090413949860001e-22,7738584,2019-06-04 21:20:01,ltc,88.87789652917752,0.0,0.00000001,"btc,ltc",391976.407688,0.0,1.314354e-15,216
1,[],22,[],2019-06-04 21:20:06,763123.0,0.00000028,0.000000000021495852,7738585,2019-06-04 21:20:06,BTC,12056.4723,0.0,0.00000028,BTC,515807.0344097255,0.00353048,0.05728488,217
1,[],7,[],2019-06-04 21:20:07,0.0,0,0,7738586,2019-06-04 21:20:07,btc,1234864.1057470718,0.0,0,btc,164169253.13147992,0.0,0.0,219
0,[],27,[],2019-06-04 21:20:17,0.0,0,0,7738587,2019-06-04 21:20:17,,261.1953845967132,0.0,0,btc,9255255.74381025,0.0,0.0,219
0,[],28,[],2019-06-04 21:20:18,0.0,0,0,7738588,2019-06-04 21:20:18,,0.0,0.0,0,,0.0,0.0,0.0,219
1,[],22,[],2019-05-23 16:41:05,172069.0,0.00000004,0.0000000000031167080000000004,7674065,2019-05-23 16:41:05,BTC,56.76466137,0.0,0.00000004,BTC,127061.6482738741,0.0,0.00393676,221
1,[],24,[],2019-05-23 16:41:05,0.0,0.000000010000,0.0000000000007791770000000001,7674066,2019-05-23 16:41:05,btc,0.0,0.0,0.000000010000,btc,0.0,0.0,0.0,221
1,[],20,[],2019-06-04 21:20:20,12902128.025,0.000000001,0.0000000000000767709,7738589,2019-06-04 21:20:20,btc,100052.67539288469,473351.6679,0.000000001,btc,45227154.5849,0.0008817166183,0.012902128025,224
0,[],22,[],2019-06-04 21:20:23,0.0,0,0,7738590,2019-06-04 21:20:23,,0.0,0.0,0,,0.0,0.0,0.0,224
1,[],26,[],2019-06-04 21:20:24,0.0,0.00000025,0.000000000019192725,7738591,2019-06-04 21:20:24,btc,0.0,0.0,0.00000025,btc,0.0,0.0,0.0,231
1,[],26,[],2019-06-04 21:20:24,0.0,0.00000006,0.000000000004606254,7738592,2019-06-04 21:20:24,btc,0.0,0.0,0.00000006,btc,0.0,0.0,0.0,234
0.0000000003123169,[],27,[],2019-06-04 21:20:34,100.0,3.123169e-18,2.397684949821e-22,7738593,2019-06-04 21:20:34,eth,1.14618497004,0.0,0.00000001,"btc,eth",11462.996,0.0,3.123169e-16,234
1,[],4,[],2019-05-22 17:06:12,91780.56053785,0.00000078,0.000000000061977552,7669277,2019-05-22 17:06:12,btc,5.573372450018177,0.0,0.00000078,btc,729173.93529783,0.0,0.0307060663355679,236
1,[],24,[],2019-05-22 17:06:12,0.0,0.000000010000,0.000000000000794584,7669278,2019-05-22 17:06:12,btc,0.0,0.0,0.000000010000,btc,0.0,0.0,0.0,236
1,[],5,[],2019-06-04 21:20:36,0.0,0,0,7738594,2019-06-04 21:20:36,btc,0.0,0.7073972,0,btc,0.0,0.0,0.0,237
1,[],20,[],2019-06-04 21:20:38,125732719.1616,0.000000042,0.0000000000032243778,7738595,2019-06-04 21:20:38,btc,8172523.003314282,8999525.0123,0.000000042,btc,45543890.3295,0.402587746668,0.5896700766093,237
1,[],22,[],2019-06-04 21:20:42,288100.0,0.00000003,0.000000000002303127,7738596,2019-06-04 21:20:42,BTC,1.20267422,0.0,0.00000003,"BTC,LTC",17930.94871794872,0.0,0.007541,237
1,[],4,[],2019-06-04 21:20:42,29450072.22873289,0.00000013,0.000000000009980217,7738597,2019-06-04 21:20:42,btc,2.7424154354824712,0.0,0.00000013,btc,8675847.75279999,0.23213544,0.8164720674834804,238
1,[],5,[],2019-06-04 21:20:44,0.0,0,0,7738598,2019-06-04 21:20:44,btc,0.0,0.0006916,0,btc,0.0,0.0,0.0,238
0,[],22,[],2019-03-12 16:49:32,0.0,0,0,6914458,2019-03-12 16:49:32,,0.40415746,0.0,0,,526736.5639027493,0.0,0.0,249
0,[],22,[],2019-05-28 23:53:45,0.0,0,0,7703643,2019-05-28 23:53:45,,13.44714864,0.0,0,,43777534.3426455,0.0,0.0,252
0,[],28,[],2019-06-04 21:20:44,0.0,0,0,7738599,2019-06-04 21:20:44,,0.0,0.0,0,,0.0,0.0,0.0,256
1,[],22,[],2019-06-04 21:20:48,795004.0,0.00000001,0.000000000000767709,7738600,2019-06-04 21:20:48,BTC,31464.55046317,0.0,0.00000001,BTC,575959.6675322719,0.0006786,0.00795004,258
1,[],22,[],2019-05-19 18:12:02,400.0,0.00000001,0.0000000000007957800000000001,7653905,2019-05-19 18:12:02,BTC,2.415167,0.0,0.00000001,BTC,157.0,0.0,4e-06,259
1,[],5,[],2019-06-04 21:20:49,0.0,0,0,7738601,2019-06-04 21:20:49,btc,0.0,0.05414583,0,btc,0.0,0.0,0.0,264
1,[],20,[],2019-06-04 21:20:52,960792.4943,0.000000181,0.0000000000138955329,7738602,2019-06-04 21:20:52,btc,0.9762719724615,0.0,0.000000181,btc,51736.5911,0.0,0.008555363745,264
0,[],22,[],2019-04-12 17:57:27,0.0,0,0,7278186,2019-04-12 17:57:27,,66.37522201,0.0,0,,677842.4169881374,0.0,0.0,271
0,[],22,[],2019-05-29 08:10:20,0.0,0,0,7705301,2019-05-29 08:10:20,,33050470.74998113,0.0,0,,14361377780.7,0.0,0.0,272
0,[],28,[],2019-05-29 08:10:54,0.0,0,0,7705302,2019-05-29 08:10:54,,0.0,22189957216.5758,0,,0.0,0.0,0.0,272
1,[],22,[],2019-05-23 07:12:29,219930.0,0.00000004,0.000000000003048688,7671985,2019-05-23 07:12:29,BTC,426.77835217,0.0,0.00000004,BTC,248664.3325962929,0.0,0.00739728,281
1,[],22,[],2019-06-04 21:20:58,984532.6,0.00000004,0.000000000003070836,7738603,2019-06-04 21:20:58,BTC,31.67277495,0.0,0.00000004,"BTC,LTC",1554589.4569583754,0.00019849,0.04014394,286
0,[],22,[],2019-06-04 21:21:01,0.0,0,0,7738604,2019-06-04 21:21:01,,7337904.96568486,0.0,0,,2004620112.6797826,0.0,0.0,294
