pairValue,buyBook,exchangeId,sellBook,updated,buyTotal,satoshiPrice,usdPrice,exchangeLogId,created,bestPair,sellTotalBtc,volume,pairPrice,activePairs,sellTotal,volumeBtc,buyTotalBtc,coinId
1,[],3,[],2019-03-19 00:42:53,31038.305858608637,0.01305526000000000082235107612405045074410736560821533203125,0.000000521944072696,6971750,2019-03-19 00:42:53,btc,60.140827263917885,0.050123664296,0.01305526000000000082235107612405045074410736560821533203125,btc,24.118655111684,0.0,0.302480021341097,1
1,[],4,[],2019-03-19 00:42:54,207752.64341215,0.01288557,0.000000515159934372,6971751,2019-03-19 00:42:54,btc,13.476748626715741,0.0,0.01288557,btc,255.5502666,1.08704982,1.1455633237496268,1
1,[],5,[],2019-03-19 00:42:56,0.0,0,0,6971752,2019-03-19 00:42:56,btc,0.0,0.3502425,0,btc,0.0,0.0,0.0,1
1,[],10,[],2019-03-19 00:42:59,413724.44040911,0.0111219,0.00000044464911324,6971753,2019-03-19 00:42:59,btc,6523.502907025415,1809.96069542,0.0111219,btc,1029.38045283,0.0,4.730270806334918,1
1,[],12,[],2019-03-19 00:43:02,53.5754405,0.012940000000000000113242748511765967123210430145263671875,0.000000517336024,6971754,2019-03-19 00:43:02,btc,0.1687699289596,0.0,0.012940000000000000113242748511765967123210430145263671875,btc,12.455519989999999,0.0242742503822,0.400616670299,1
1,[],20,[],2019-03-19 00:43:04,1155.1518,0.01100001,0.00000043977599979600004,6971755,2019-03-19 00:43:04,btc,0.0423738248054,0.0,0.01100001,btc,1.8879,0.0,0.1254053403381,1
1,[],21,[],2019-03-19 00:43:06,2477.80734017,0.01297156999999999997530419904,0.000000518598179972,6971756,2019-03-19 00:43:06,btc,91.14130664557827,12836.40930858,0.01297156999999999997530419904023801791481673717498779296875,"btc,eth",7993.82849613,162.33664638750005,25.701885534479704,1
1,[],22,[],2019-03-19 00:43:09,0.07686088253968254,0.01260000,0.00000050374296,6971757,2019-03-19 00:43:09,BTC,0.31439419,0.0,0.01260000,BTC,0.12751438772928525,0.0,0.00096785,1
1,[],24,[],2019-03-19 00:43:10,0.0,0.000000000000,0,6971758,2019-03-19 00:43:10,btc,0.0,0.0,0.000000000000,btc,0.0,0.0,0.0,1
0.0,[],25,[],2019-03-19 00:43:11,0.0,0,0,6971759,2019-03-19 00:43:11,btc,44.641199997615765,695.44016236,0.0,btc,3364.09490831,9.137,0.0,1
1,[],26,[],2019-03-19 00:43:12,0.0,0,0,6971760,2019-03-19 00:43:12,,0.0,0.0,0,,0.0,0.0,0.0,1
1,[],28,[],2019-03-19 00:43:19,994.123,0.01250000,0.000000499745,6971761,2019-03-19 00:43:19,btc,0.151703079,18715.16,0.01250000,btc,8.184,0.0,0.101388596,1
0,[],2,[],2019-01-20 23:28:45,0.0,0,0,6477011,2019-01-20 23:28:45,,0.0,0.0,0,,0.0,0.0,0.0,1
1,[],5,[],2019-03-19 00:43:21,0.0,0,0,6971762,2019-03-19 00:43:21,btc,0.0,0.10688778,0,btc,0.0,0.0,0.0,2
0,[],22,[],2019-03-19 00:43:31,0.0,0,0,6971763,2019-03-19 00:43:31,,0.0,0.0,0,,0.0,0.0,0.0,2
1,[],5,[],2019-03-19 00:43:32,0.0,0,0,6971764,2019-03-19 00:43:32,btc,0.0,1.02394025,0,btc,0.0,0.0,0.0,3
1,[],12,[],2019-03-19 00:43:33,2746617.74066777,0.000000193,0.0000000000077160628,6971765,2019-03-19 00:43:33,btc,23468.61874162379,0.0,0.000000193,btc,1388573.26755005,0.04461079638174246,0.3936901779933186,3
0,[],28,[],2019-03-19 00:43:40,0.0,0,0,6971766,2019-03-19 00:43:40,,0.0,0.0,0,,0.0,0.0,0.0,3
0,[],2,[],2019-01-20 23:31:32,0.0,0,0,6477077,2019-01-20 23:31:32,,0.0,0.0,0,,0.0,0.0,0.0,4
1,[],4,[],2019-03-19 00:43:41,350614.44570481,0.00000030,0.000000000011993880000000001,6971767,2019-03-19 00:43:41,btc,32.07924660579981,0.0,0.00000030,btc,716372.72080371,0.00318224,0.0340253245567688,4
1,[],12,[],2019-03-19 00:43:43,395075.0,0.00000002,0.0000000000007995920000000001,6971768,2019-03-19 00:43:43,btc,1111853.28843344,0.0,0.00000002,btc,786424.33266733,0.0,0.00436124,5
0,[],2,[],2019-01-20 23:31:51,0.0,0,0,6477087,2019-01-20 23:31:51,,0.0,0.0,0,,0.0,0.0,0.0,6
1,[],11,[],2019-03-19 00:43:44,3387507.66422,0.00000001,0.00000000000039979600000000004,6971769,2019-03-19 00:43:44,btc,9574.320639218542,882000.0,0.00000001,btc,43419165.57380908,0.0,0.0338750766422,6
1,[],3,[],2019-03-19 00:43:45,1103.875362529904,0.00016001000000000000791054721727135756736970506608486175537109375,0.000000006397135796000001,6971770,2019-03-19 00:43:45,btc,29.634654231634162,0.0,0.00016001000000000000791054721727135756736970506608486175537109375,btc,241.020514578101,0.0,0.03702596781778915,7
1,[],4,[],2019-03-19 00:43:46,108243.12693291,0.00023067,0.000000009222094332,6971771,2019-03-19 00:43:46,btc,12.189065892853183,0.0,0.00023067,btc,43170.88036108,5.12344164,11.696168914679582,7
1,[],5,[],2019-03-19 00:43:47,0.0,0,0,6971772,2019-03-19 00:43:47,btc,0.0,0.81412391,0,btc,0.0,0.0,0.0,7
1,[],20,[],2019-02-20 02:16:17,39399275.8418,0.000000001,0.0000000000000390183,6728586,2019-02-20 02:16:17,btc,116.9737569154545,525.0,0.000000001,btc,56932965.8895,5.25e-07,0.0393992758418,8
0,[],2,[],2019-01-20 23:22:42,0.0,0,0,6476876,2019-01-20 23:22:42,,0.0,0.0,0,,0.0,0.0,0.0,9
0,[],23,[],2019-01-20 23:22:48,0.0,0,0,6476878,2019-01-20 23:22:48,,0.0,0.0,0,,0.0,0.0,0.0,9
1,[],4,[],2019-03-19 00:43:49,1281182.79474042,0.00000153,0.000000000061168788,6971773,2019-03-19 00:43:49,btc,6.884126143337795,0.0,0.00000153,btc,3147771.699441,1.71503637,1.1537339924372234,9
1,[],28,[],2019-03-19 00:43:55,27403.0,0.00000160,0.00000000006396736,6971774,2019-03-19 00:43:55,btc,2708.776551247723,3561024.0,0.00000160,btc,20316.3373,0.0,0.0164095,9
1,[],1,[],2019-02-17 23:31:42,1822507.21,0.00000181000000000000003456111265232042484285557293333113193511962890625,0.000000000066086901,6701244,2019-02-17 23:31:42,btc,3.6990969245,17153386.5,0.00000181000000000000003456111265232042484285557293333113193511962890625,btc,1997391.71,31.11772986,3.2610482446,9
1,[],4,[],2019-02-17 11:22:43,4341674.27126056,0.00000002,0.0000000000007272960000000001,6696112,2019-02-17 11:22:43,btc,0.1997230937751353,0.0,0.00000002,btc,4109766.79808031,0.00215132,0.0479381022052112,10
0,[],2,[],2019-01-20 23:23:08,0.0,0,0,6476890,2019-01-20 23:23:08,,0.0,0.0,0,,0.0,0.0,0.0,12
1,[],4,[],2019-03-19 00:43:56,5637011.77249498,0.00000184,0.000000000073562464,6971775,2019-03-19 00:43:56,btc,13.211108781327807,0.0,0.00000184,btc,5271145.66548273,2.36006786,6.783814289314888,12
1,[],5,[],2019-03-19 00:43:57,0.0,0,0,6971776,2019-03-19 00:43:57,btc,0.0,0.13897725,0,btc,0.0,0.0,0.0,12
0.0,[],25,[],2019-03-19 00:43:58,0.0,0,0,6971777,2019-03-19 00:43:58,,0.0,0.0,0.0,btc,0.0,0.0,0.0,12
1,[],4,[],2019-03-19 00:43:59,32913445.67344736,0.00001092,0.000000000436577232,6971778,2019-03-19 00:43:59,btc,3.32644412538372,0.0,0.00001092,btc,249875.41524461,1.95172085,1.3033498082800823,13
1,[],10,[],2019-03-19 00:44:01,483216.60475536,0.00001069,0.000000000427381924,6971779,2019-03-19 00:44:01,btc,666776.3056075115,86225.5911442,0.00001069,btc,636572.91919828,0.0,0.6701480475355325,13
1,[],21,[],2019-03-19 00:44:03,1597491.49410906,0.00001104999999999999923526883966,0.00000000044177458,6971780,2019-03-19 00:44:03,btc,15.663303203461108,4491702.49655186,0.000011049999999999999235268839659074302517183241434395313262939453125,btc,1267173.14350105,50.81224645,15.541435121469648,13
1,[],4,[],2019-03-19 00:44:04,1103062.10666789,0.00000083,0.000000000033183068,6971781,2019-03-19 00:44:04,btc,5.3957816967825325,0.0,0.00000083,btc,993076.00700869,0.02347293,0.1867310483205472,14
1,[],12,[],2019-03-19 00:44:05,303849.57142857,0.0000007,0.00000000002798572,6971782,2019-03-19 00:44:05,btc,0.0560460472702452,0.0,0.0000007,btc,13799.95186185,2.213786214e-05,0.032332399999999,14
0,[],17,[],2019-03-19 00:44:17,0.0,0,0,6971783,2019-03-19 00:44:17,btc,0.0,0.0,0,btc,0.0,0.0,0.0,14
1,[],26,[],2019-03-19 00:44:17,0.0,0.00000050,0.0000000000199898,6971784,2019-03-19 00:44:17,btc,0.0,0.0,0.00000050,btc,0.0,0.0,0.0,14
0,[],4,[],2019-03-19 00:44:18,0.0,0,0,6971785,2019-03-19 00:44:18,,0.0,0.0,0,,0.0,0.0,0.0,15
,[],12,[],2018-12-01 15:15:48,204241.84496,0.00000489,0.000000000202473384,5260204,2018-12-01 15:15:48,btc,49.5475654835,0.0,,btc,35763.2193806,0.0163153972027625,0.0203389899998,15
0,[],2,[],2019-01-20 23:23:38,0.0,0,0,6476906,2019-01-20 23:23:38,,0.0,0.0,0,,0.0,0.0,0.0,18
1,[],4,[],2019-03-19 00:01:21,74583.88988746,0.00001511,0.000000000602391881,6971540,2019-03-19 00:01:21,btc,2.1096156793399583,0.0,0.00001511,btc,18485.75665534,0.05354031,0.0494139569494371,18
1,[],10,[],2019-03-19 00:01:24,783351.94068294,0.00001516,0.000000000604385236,6971541,2019-03-19 00:01:24,btc,15.397200831395324,4694.85405484,0.00001516,btc,12876.46752746,0.0,0.1248621464895168,18
1,[],12,[],2019-03-19 00:01:25,338356.52036066,0.00001544999999999999945967700532012401026804582215845584869384765625,0.000000000615946695,6971542,2019-03-19 00:01:25,btc,33214.73577539262,0.0,0.00001544999999999999945967700532012401026804582215845584869384765625,btc,1294.94375395,0.010158496641302,0.0594712319667459,18
0,[],17,[],2019-03-19 00:01:26,0.0,0,0,6971543,2019-03-19 00:01:26,btc,0.0,0.0,0,btc,0.0,0.0,0.0,18
1,[],3,[],2019-03-19 00:07:57,119820.43280405809,0.0000185700000000000000808207667457594425286515615880489349365234375,0.000000000740501034,6971705,2019-03-19 00:07:57,btc,0.6919407325489582,0.0,0.0000185700000000000000808207667457594425286515615880489349365234375,btc,15054.205445313173,0.0,0.047069976451185366,19
1,[],4,[],2019-03-19 00:07:58,225415.55292537,0.00001952,0.000000000778383424,6971706,2019-03-19 00:07:58,btc,1.9395491384550414,0.0,0.00001952,btc,68674.03026918,0.41900556,2.3904820301231204,19
1,[],5,[],2019-03-19 00:08:00,0.0,0,0,6971707,2019-03-19 00:08:00,btc,0.0,0.00040413,0,btc,0.0,0.0,0.0,19
1,[],12,[],2019-03-19 00:08:01,193479.55459161,0.00001851000000000000065528311943285899587863241322338581085205078125,0.000000000738108462,6971708,2019-03-19 00:08:01,btc,0.2111347629119111,0.0,0.00001851000000000000065528311943285899587863241322338581085205078125,btc,2452.15662314,0.0082401904297028,0.0489564299998395,19
0,[],27,[],2019-03-19 00:08:04,0.0,0,0,6971709,2019-03-19 00:08:04,,0.0,0.0,0,btc,0.0,0.0,0.0,19
0,[],2,[],2019-01-20 23:24:19,0.0,0,0,6476924,2019-01-20 23:24:19,,0.0,0.0,0,,0.0,0.0,0.0,19
1,[],4,[],2019-03-19 00:08:05,2831968.59634985,0.00000013,0.0000000000051839059999999996,6971710,2019-03-19 00:08:05,btc,7.380201587426975,0.0,0.00000013,btc,2861915.63183601,0.00127417,0.0846830666487598,20
1,[],4,[],2019-03-19 00:08:05,88039594.86193596,0.00000001,0.000000000000398762,6971711,2019-03-19 00:08:05,btc,39417.367646427076,0.0,0.00000001,btc,58110089.61791303,0.13757762,0.8803959486193595,21
1,[],12,[],2019-03-19 00:08:07,2169213.0,0.00000001,0.000000000000398762,6971712,2019-03-19 00:08:07,btc,2870.5387465902895,0.0,0.00000001,btc,2983694.51448551,6.391988012e-05,0.02169213,21
0,[],17,[],2019-03-19 00:08:08,0.0,0,0,6971713,2019-03-19 00:08:08,btc,0.0,0.0,0,btc,0.0,0.0,0.0,21
1,[],12,[],2019-03-19 00:08:10,3257243056.0,0.0000000002,0.00000000000000797524,6971714,2019-03-19 00:08:10,btc,1951137.8144124902,0.0,0.0000000002,btc,1409766974.8891108,0.3322609896831946,0.3355148469,23
0,[],27,[],2019-03-19 00:08:12,0.0,0,0,6971715,2019-03-19 00:08:12,,13.9750273112066,0.0,0,eth,6313324.08723636,0.0,0.0,23
1,[],4,[],2019-03-19 00:08:13,665494.52649912,0.00000045,0.00000000001794429,6971716,2019-03-19 00:08:13,btc,9.711216392449336,0.0,0.00000045,btc,1606255.42278301,0.00811171,0.1669451442268023,24
1,[],22,[],2019-03-19 00:08:16,11.76,0.00000100,0.0000000000398762,6971717,2019-03-19 00:08:16,BTC,7.415e-05,0.0,0.00000100,BTC,23.919354838709676,0.0,1.176e-05,24
0.0,[],25,[],2019-03-19 00:08:17,0.0,0,0,6971718,2019-03-19 00:08:17,,0.0,0.0,0.0,btc,0.0,0.0,0.0,24
1,[],4,[],2019-03-19 00:08:18,28217516.9580898,0.00000674,0.000000000268765588,6971719,2019-03-19 00:08:18,btc,56.35561938026909,0.0,0.00000674,btc,241349.02169224,0.20134515,0.6837624239782529,26
1,[],10,[],2019-03-19 00:08:20,602590.31619561,0.00000541,0.00000000021573024199999999,6971720,2019-03-19 00:08:20,btc,25.2387063251964,2598.37573678,0.00000541,btc,15115.03027449,0.0,0.1432395141276181,26
0,[],2,[],2019-01-20 23:25:56,0.0,0,0,6476976,2019-01-20 23:25:56,,0.0,0.0,0,,0.0,0.0,0.0,26
1,[],3,[],2019-03-19 00:08:20,10183533.48184747,0.00000001,0.000000000000398762,6971721,2019-03-19 00:08:20,btc,2.0597466498556036,4818.059,0.00000001,btc,15878409.83068006,0.0,0.1018353348184747,27
1,[],5,[],2019-03-19 00:08:22,0.0,0,0,6971722,2019-03-19 00:08:22,btc,0.0,0.00034602,0,btc,0.0,0.0,0.0,27
1,[],11,[],2019-03-19 00:08:25,8483599.24590115,0.00000006,0.0000000000023925719999999997,6971723,2019-03-19 00:08:25,btc,67506.1891365516,10079.0,0.00000006,btc,7956117.08369704,0.0,0.4685351649180229,27
1,[],4,[],2019-03-19 00:08:26,2144890825.1189454,0.00000001,0.000000000000398762,6971724,2019-03-19 00:08:26,btc,3.313145595847638,0.0,0.00000001,"btc,ltc",267173119.6297061,0.03072098,9.987684564720565,29
1,[],7,[],2019-03-19 00:08:27,35608182.13418711,0.00000001,0.000000000000398762,6971725,2019-03-19 00:08:27,btc,44461604.301215105,0.0,0.00000001,btc,52543206.098992825,0.0,0.3560818213418711,29
1,[],4,[],2019-03-19 00:01:52,4116784.0929823,0.00000018,0.000000000007176078,6971561,2019-03-19 00:01:52,btc,2.7902588817505807,0.0,0.00000018,btc,2243166.78583707,0.00206108,0.1148931110774405,30
0,[],17,[],2019-03-19 00:01:54,0.0,0,0,6971562,2019-03-19 00:01:54,btc,0.0,0.0,0,btc,0.0,0.0,0.0,30
1,[],4,[],2019-03-19 00:01:55,217594.0673267,0.00006056,0.000000002414351576,6971563,2019-03-19 00:01:55,btc,6.047796761213157,0.0,0.00006056,btc,64193.88292499,1.011322,2.916497636956283,31
1,[],21,[],2019-03-19 00:01:57,83957.60996972,0.00006224999999999999522430627064,0.0000000024817269749999997,6971564,2019-03-19 00:01:57,btc,7.45915404876008,345548.47568057,0.00006224999999999999522430627063585006908397190272808074951171875,btc,107818.39152147,20.87736188,4.795431773898546,31
0,[],2,[],2019-01-20 23:28:43,0.0,0,0,6477009,2019-01-20 23:28:43,,0.0,0.0,0,,0.0,0.0,0.0,32
1,[],4,[],2019-03-19 00:01:58,396843289.55575806,0.00000004,0.0000000000015946840000000001,6971565,2019-03-19 00:01:58,btc,8.785907844571627,0.0,0.00000004,"btc,ltc",180152219.07904804,0.17928393,8.439282970629206,33
1,[],12,[],2019-03-19 00:01:59,30690959.99233333,0.00000004,0.0000000000015946840000000001,6971566,2019-03-19 00:01:59,btc,4127602.5023177,0.0,0.00000004,btc,21901515.48863635,0.0015358400399605,0.7288876167199999,33
1,[],4,[],2019-03-19 00:02:00,89789735.77117006,0.00000001,0.00000000000039867100000000003,6971567,2019-03-19 00:02:00,btc,3.228776348469121,0.0,0.00000001,btc,102989122.8641004,0.00388532,0.8978973577117006,34
1,[],5,[],2019-03-19 00:02:02,0.0,0,0,6971568,2019-03-19 00:02:02,btc,0.0,0.08229786,0,btc,0.0,0.0,0.0,34
0.0000000001484693,[],4,[],2019-03-19 00:08:28,5073512028.398448,1.484693e-18,5.92039150066e-23,6971726,2019-03-19 00:08:28,ltc,4.973975125561133e-08,0.0,0.00000001,ltc,6356755251.736046,0.0,7.532607793978977e-09,36
1,[],5,[],2019-03-19 00:08:29,0.0,0,0,6971727,2019-03-19 00:08:29,btc,0.0,0.0,0,btc,0.0,0.0,0.0,36
0,[],17,[],2019-03-19 00:08:41,0.0,0,0,6971728,2019-03-19 00:08:41,btc,0.14155809404650171,0.0,0,btc,10794800.77743647,0.0,0.0,36
0.0000000003450698,[],27,[],2019-03-19 00:08:44,992184.46325,3.450698e-18,1.376007235876e-22,6971729,2019-03-19 00:08:44,eth,223.74951049924783,5815.7,0.00000001,"ltc,eth",12177368.61058689,8.634974488e-15,1.4730896482463486e-12,36
1,[],4,[],2019-03-18 23:44:23,189836.31466999,0.00000056,0.000000000022314712,6971209,2019-03-18 23:44:23,btc,19772.472081835695,0.0,0.00000056,btc,592805.44380408,0.00528608,0.0715344581356454,37
1,[],12,[],2019-03-18 23:44:24,576658.76555371,0.0000006,0.00000000002390862,6971210,2019-03-18 23:44:24,btc,21.854520226478783,0.0,0.0000006,btc,476376.77758479,0.0414142895437118,0.2123594534873009,37
1,[],27,[],2019-03-18 23:44:37,14685.567,0.00000045,0.000000000017931465,6971211,2019-03-18 23:44:37,btc,24.25536383611233,0.0,0.00000045,btc,6518.38138508,0.0,0.00480032515,37
1,[],17,[],2019-03-18 22:58:20,1752.74075282,0.00000025,0.00000000000996545,6970878,2019-03-18 22:58:20,btc,0.05548492398670985,0.0,0.00000025,btc,1387.19918473,0.0,0.00043818518820499993,37
1,[],5,[],2019-03-19 00:08:45,0.0,0,0,6971730,2019-03-19 00:08:45,btc,0.0,0.04433373,0,btc,0.0,0.0,0.0,42
1,[],12,[],2019-03-19 00:08:46,258504.1808078,0.00000089,0.000000000035489817999999997,6971731,2019-03-19 00:08:46,btc,5.579774105105904,0.0,0.00000089,btc,29452.99224678,0.0148972400884771,0.0183845799999977,42
0.0000000003450698,[],27,[],2019-03-19 00:08:49,22000.0,4.1408376e-17,1.6512086830512e-21,6971732,2019-03-19 00:08:49,eth,0.00315028,0.0,0.00000012,"btc,eth",11.007,0.0,8.35068916e-13,42
0,[],17,[],2019-03-18 23:54:17,0.0,0,0,6971403,2019-03-18 23:54:17,btc,0.0,0.0,0,btc,0.0,0.0,0.0,43
1,[],5,[],2019-03-19 00:02:26,0.0,0,0,6971575,2019-03-19 00:02:26,btc,0.0,0.0124173,0,btc,0.0,0.0,0.0,43
1,[],12,[],2019-03-13 09:13:29,1112112.0,0.00000001,0.000000000000386531,6919902,2019-03-13 09:13:29,btc,29058.00478931866,0.0,0.00000001,btc,5967681.93306694,9.99000999e-07,0.01112112,43
1,[],12,[],2019-03-05 01:54:08,639326.02,0.00000004,0.000000000001486676,6845775,2019-03-05 01:54:08,btc,11116042.728239931,0.0,0.00000004,btc,1103841.4595604,0.0003330765234764,0.014975410599999999,44
1,[],4,[],2019-03-19 00:02:38,298312773.89737284,0.00000002,0.0000000000007973420000000001,6971576,2019-03-19 00:02:38,btc,473.8013621823606,0.0,0.00000002,"btc,ltc",12826898.24219975,0.00504616,0.2839204469150008,49
0.0000000001484565,[],4,[],2019-03-19 00:02:39,502681308.62466913,1.4845650000000001e-18,5.91853013115e-23,6971577,2019-03-19 00:02:39,ltc,25.90165467457298,0.0,0.00000001,ltc,8614125116.009727,0.0,7.46263076938382e-10,52
0,[],22,[],2019-03-19 00:08:51,0.0,0,0,6971733,2019-03-19 00:08:51,,4428.59026215,0.0,0,,305937213.5359664,0.0,0.0,57
0.0000000003450698,[],27,[],2019-03-19 00:08:53,2000.0,3.450698e-18,1.376007235876e-22,6971734,2019-03-19 00:08:53,eth,0.0,0.0,0.00000001,"btc,eth",0.0,0.0,6.9013960000000004e-15,57
0,[],17,[],2019-03-18 23:05:44,0.0,0,0,6971022,2019-03-18 23:05:44,btc,1e+24,0.0,0,btc,49306342.21952568,0.0,0.0,58
0.0000000001484565,[],4,[],2019-03-19 00:02:47,748723760.9328182,2.9691300000000002e-18,1.18370602623e-22,6971580,2019-03-19 00:02:47,ltc,18.65761743432834,0.0,0.00000002,ltc,4663894118.967522,0.0,1.661228651313054e-09,58
1,[],12,[],2019-03-19 00:02:48,1421046862.0,0.0000000003,0.00000000000001196013,6971581,2019-03-19 00:02:48,btc,4265309.805962519,0.0,0.0000000003,btc,1776350479.6603396,0.001525507397202808,0.3646381387,58
0.0000000001297279,[],22,[],2019-03-19 00:03:01,137438.0,1.297279e-18,5.1718751620900004e-23,6971582,2019-03-19 00:03:01,XMR,69.1795942,0.0,0.00000001,XMR,9887963.0,0.0,0.00137438,58
1,[],5,[],2019-03-19 00:08:57,0.0,0,0,6971735,2019-03-19 00:08:57,btc,0.0,0.02288851,0,btc,0.0,0.0,0.0,61
1,[],22,[],2019-03-19 00:09:00,13656.0,0.00000012,0.000000000004785144,6971736,2019-03-19 00:09:00,BTC,1002.2960049,0.0,0.00000012,BTC,14976.68361146909,0.0,0.00153775,61
1,[],26,[],2019-03-19 00:09:01,0.0,0.00000800,0.0000000003190096,6971737,2019-03-19 00:09:01,btc,0.0,0.0,0.00000800,btc,0.0,0.0,0.0,61
1,[],27,[],2019-03-19 00:09:04,2058.72798,0.00000047,0.000000000018741813999999998,6971738,2019-03-19 00:09:04,btc,2.884958570314132,159.84,0.00000047,"btc,eth",19782.59257617,7.512e-05,0.0001608151935024453,61
1,[],28,[],2019-03-19 00:09:05,13880.304,0.0000005,0.0000000000199381,6971739,2019-03-19 00:09:05,btc,2.056312978300105,774.0,0.0000005,btc,9730.59500005,0.0,0.00566391304,61
1,[],4,[],2019-03-19 00:09:06,1352497.09572156,0.00000256,0.000000000102083072,6971740,2019-03-19 00:09:06,btc,8.794517663900013,0.0,0.00000256,btc,738209.84070455,1.296361,1.174830653433348,67
0.0,[],25,[],2019-03-19 00:09:07,0.0,0,0,6971741,2019-03-19 00:09:07,,0.0,0.0,0.0,btc,0.0,0.0,0.0,67
1,[],12,[],2019-03-19 00:09:08,1051322.29063612,0.00000014,0.0000000000055826680000000005,6971742,2019-03-19 00:09:08,btc,1111615.2355538586,0.0,0.00000014,btc,1008185.90358744,0.0038799370029968,0.0911420441918168,71
,[],5,[],2018-11-20 23:02:39,1.5e-07,0.00000005,0.000000000002128045,4862160,2018-11-20 23:02:39,btc,2.84511358,0.0,,btc,0.00036572,0.0,0.07381892,74
1,[],5,[],2019-03-19 00:09:10,0.0,0,0,6971743,2019-03-19 00:09:10,btc,0.0,0.0,0,btc,0.0,0.0,0.0,75
0,[],20,[],2019-01-25 09:30:31,0.0,0,0,6495923,2019-01-25 09:30:31,btc,0.0,0.0,0,btc,0.0,0.0,0.0,81
1,[],4,[],2019-03-19 00:03:16,13382103.94481309,0.00000001,0.00000000000039867100000000003,6971592,2019-03-19 00:03:16,btc,11370.01882265495,0.0,0.00000001,btc,39916337.06932191,0.00062383,0.1338210394481309,81
1,[],4,[],2019-03-19 00:09:11,23547.91149432,0.00007969,0.000000003177734378,6971744,2019-03-19 00:09:11,btc,17.939615937741298,0.0,0.00007969,btc,12401.08063271,0.01109613,0.0744521420307558,82
1,[],21,[],2019-03-19 00:09:12,912389.23030095,0.00007632999999999999594241240075,0.000000003043750346,6971745,2019-03-19 00:09:12,btc,2.802933450424965,11772.35689834,0.000076329999999999995942412400751209133886732161045074462890625,btc,31009.83006702,0.89965229,3.1843716107045963,82
0,[],17,[],2019-03-19 00:03:22,0.0,0,0,6971595,2019-03-19 00:03:22,btc,0.0447233088476774,0.0,0,btc,999127.19588126,0.0,0.0,84
0.0000000001484565,[],4,[],2019-03-19 00:03:24,149291050.4678183,4.453695e-18,1.775559039345e-22,6971596,2019-03-19 00:03:24,ltc,1.675056968556159,0.0,0.00000003,ltc,365061946.86500293,0.00123456,3.227038660864787e-10,85
,[],22,[],2018-11-20 23:09:34,3408.1,0.0000001,0.0000000000041895,4862324,2018-11-20 23:09:34,BTC,0.04624735,0.0,,BTC,4990.0,0.0,0.00033081,86
1,[],22,[],2019-03-19 00:09:15,111869.83333333333,0.00000006,0.000000000002392572,6971746,2019-03-19 00:09:15,BTC,2.07824106,0.0,0.00000006,BTC,165278.94736842104,0.0,0.00185219,87
1,[],27,[],2019-03-19 00:09:17,50.0,0.00000001,0.000000000000398762,6971747,2019-03-19 00:09:17,btc,5.061790002021791,0.0,0.00000001,btc,27725.90385964,0.0,5e-07,87
,[],2,[],2018-11-20 23:10:47,0.0,0,0,4862359,2018-11-20 23:10:47,,0.0,0.0,,,0.0,0.0,0.0,88
1,[],11,[],2019-03-19 00:09:19,106601.88931268,0.00015029999999999999415155327309179256189963780343532562255859375,0.00000000599339286,6971748,2019-03-19 00:09:19,btc,612.2919809613962,8306.47498179,0.00015029999999999999415155327309179256189963780343532562255859375,btc,101942.71903073,0.0,8.312712147637301,89
0,[],2,[],2019-01-20 23:31:45,0.0,0,0,6477083,2019-01-20 23:31:45,,0.0,0.0,0,,0.0,0.0,0.0,91
0,[],17,[],2019-03-18 18:26:26,0.0,0,0,6968258,2019-03-18 18:26:26,btc,0.0,0.0,0,btc,0.0,0.0,0.0,91
1,[],12,[],2019-03-19 00:03:32,312209.85302366,0.00000087,0.000000000034684377,6971600,2019-03-19 00:03:32,btc,58.44310344040731,0.0,0.00000087,btc,87753.7230187,0.0010888232593412,0.0307213086999826,91
1,[],22,[],2019-03-19 00:03:46,65900.0,0.00000001,0.00000000000039867100000000003,6971601,2019-03-19 00:03:46,BTC,3e-06,0.0,0.00000001,BTC,1.0,0.0,0.000659,91
0.0000000001484693,[],22,[],2019-03-19 00:09:22,10468333.0,2.969386e-18,1.184078300132e-22,6971749,2019-03-19 00:09:22,LTC,4.79897116,0.0,0.00000002,LTC,46768900.1,6.2154198946462e-11,0.10936666,95
0.0000000001484565,[],4,[],2019-03-19 00:03:50,543005871.4588805,6.6805425e-17,2.6633385590175e-21,6971603,2019-03-19 00:03:50,ltc,11.878918700883505,0.0,0.00000045,ltc,134415305.19667292,0.0001203,1.2868840226009405e-09,96
0,[],12,[],2019-03-19 00:03:51,0.0,0,0,6971604,2019-03-19 00:03:51,btc,20.92921553865135,0.0,0,btc,3213550.86513483,2.47952047953e-05,0.0,96
0,[],17,[],2019-03-19 00:03:53,0.0,0,0,6971605,2019-03-19 00:03:53,btc,0.0,0.0,0,btc,0.0,0.0,0.0,96
1,[],4,[],2019-03-19 00:03:55,4184100.75888579,0.00000046,0.000000000018338866,6971606,2019-03-19 00:03:55,btc,5.84629283974673,0.0,0.00000046,btc,3122728.9636191,0.22751001,0.8692131609949519,99
0,[],2,[],2019-01-20 23:23:55,0.0,0,0,6476914,2019-01-20 23:23:55,,0.0,0.0,0,,0.0,0.0,0.0,100
1,[],4,[],2019-03-19 00:03:56,289610.78447347,0.00003505,0.000000001397341855,6971607,2019-03-19 00:03:56,btc,12.194694238109168,0.0,0.00003505,btc,181864.25481622,1.21546141,1.3195031613131194,100
1,[],22,[],2019-03-19 00:03:59,120000.0,0.00000002,0.0000000000007973420000000001,6971608,2019-03-19 00:03:59,BTC,24.82891609,0.0,0.00000002,BTC,11877.22,0.0,0.0014,101
1,[],4,[],2019-03-19 00:04:00,1261805.59192097,0.00000084,0.000000000033488364,6971609,2019-03-19 00:04:00,btc,291.611146087527,0.0,0.00000084,btc,556061.82449879,0.01994042,0.2144915910338097,103
1,[],12,[],2019-03-19 00:04:03,34436455.0,0.000000007,0.0000000000002790697,6971610,2019-03-19 00:04:03,btc,3219028.714093245,0.0,0.000000007,btc,68170908.04809907,0.03935608642909387,0.057811714,105
1,[],27,[],2019-03-19 00:04:06,207322.0,0.00000001,0.00000000000039867100000000003,6971611,2019-03-19 00:04:06,btc,36.60985838767041,17194.0,0.00000001,btc,1409355.01561724,0.00017194,0.00207322,105
1,[],22,[],2019-03-19 00:04:09,9328.0,0.00000001,0.00000000000039867100000000003,6971612,2019-03-19 00:04:09,BTC,51.10837004,0.0,0.00000001,BTC,470435.0,0.0,9.328e-05,107
1,[],26,[],2019-03-19 00:04:09,0.0,0.00000000,0,6971613,2019-03-19 00:04:09,btc,0.0,0.0,0.00000000,btc,0.0,0.0,0.0,107
1,[],5,[],2019-03-19 00:04:11,0.0,0,0,6971614,2019-03-19 00:04:11,btc,0.0,0.00152917,0,btc,0.0,0.0,0.0,112
0,[],22,[],2019-03-19 00:04:13,0.0,0,0,6971615,2019-03-19 00:04:13,,2.7794366,0.0,0,,826409.0833333334,0.0,0.0,112
0.0000000003451769,[],27,[],2019-03-19 00:04:17,2000.0,3.4517689999999997e-18,1.376120198999e-22,6971616,2019-03-19 00:04:17,eth,1.24996908,0.0,0.00000001,"btc,eth",1289.0,0.0,6.903538e-15,112
1,[],4,[],2019-03-19 00:04:18,791222.33617395,0.00000192,0.000000000076544832,6971617,2019-03-19 00:04:18,btc,4.029233087490535,0.0,0.00000192,btc,413316.04844506,0.10909363,0.7927369396818679,113
1,[],5,[],2019-03-19 00:04:19,0.0,0,0,6971618,2019-03-19 00:04:19,btc,0.0,0.0,0,btc,0.0,0.0,0.0,113
1,[],17,[],2019-03-19 00:04:21,152738.278,0.00000004,0.0000000000015946840000000001,6971619,2019-03-19 00:04:21,btc,1.33680302678,0.0,0.00000004,btc,50696.221,0.0,0.0022095311199999998,116
0,[],27,[],2019-03-19 00:04:24,0.0,0,0,6971620,2019-03-19 00:04:24,,0.0,0.0,0,btc,0.0,0.0,0.0,116
1,[],4,[],2019-03-19 00:04:25,61546.65729862,0.00004127,0.000000001645315217,6971621,2019-03-19 00:04:25,btc,103.09775485416897,0.0,0.00004127,btc,47952.91956699,0.27500608,1.1322275001421442,120
1,[],7,[],2019-03-19 00:04:26,23346.69160651,0.000028030000000000000986814796544166483727167360484600067138671875,0.000000001117474813,6971622,2019-03-19 00:04:26,btc,115651.27472915789,0.0,0.000028030000000000000986814796544166483727167360484600067138671875,btc,27816.70457454,0.0,0.0597405419123217,120
1,[],20,[],2019-03-19 00:04:29,1562430.1285,0.000000034,0.0000000000013554814,6971623,2019-03-19 00:04:29,btc,32.3019190406648,9355.159,0.000000034,btc,1028084.0986,0.000318075406,0.0118051535596,125
1,[],22,[],2019-03-19 00:04:32,3053.0,0.00000001,0.00000000000039867100000000003,6971624,2019-03-19 00:04:32,BTC,0.01444887,0.0,0.00000001,BTC,296263.5111111111,0.0,3.053e-05,126
1,[],4,[],2019-03-18 23:57:45,1301780.28325821,0.00001122,0.000000000447752052,6971446,2019-03-18 23:57:45,btc,3.018071418652361,0.0,0.00001122,btc,125692.08548072,0.11928546,0.4708684240150235,131
0,[],17,[],2019-03-18 23:57:47,0.0,0,0,6971447,2019-03-18 23:57:47,btc,0.0953976503951408,0.0,0,btc,5037.62507334,0.0,0.0,131
0,[],2,[],2019-01-20 23:25:46,0.0,0,0,6476969,2019-01-20 23:25:46,,0.0,0.0,0,,0.0,0.0,0.0,131
1,[],4,[],2019-03-19 00:04:33,4609.30324686,0.00018438,0.000000007350695898,6971625,2019-03-19 00:04:33,btc,0.5274348437002011,0.0,0.00018438,btc,201.05474546,0.03425668,0.0181396926137897,135
1,[],3,[],2019-03-07 00:20:44,877702.73244099,0.00000004,0.00000000000154846,6863392,2019-03-07 00:20:44,btc,0.119366241821405,0.0,0.00000004,btc,760637.99421222,0.0,0.023771231960604298,136
1,[],4,[],2019-03-19 00:04:34,165277.43683069,0.00000122,0.000000000048637862,6971626,2019-03-19 00:04:34,btc,38.76818346637457,0.0,0.00000122,btc,580216.38041172,0.18518193,0.1315783205596753,137
1,[],12,[],2019-03-19 00:04:35,170798.54896673,0.00000145000000000000009320343975771638866945068002678453922271728515625,0.00000000005780729500000001,6971627,2019-03-19 00:04:35,btc,37.499561939909775,0.0,0.00000145000000000000009320343975771638866945068002678453922271728515625,btc,5296.32065971,1.32867133e-06,0.010017469999971499,137
1,[],4,[],2019-03-19 00:04:36,37016.4258973,0.00003655,0.000000001457142505,6971628,2019-03-19 00:04:36,btc,28.83005764237013,0.0,0.00003655,btc,52052.23865897,0.53467252,0.3267394969241924,142
1,[],5,[],2019-03-19 00:04:37,0.0,0,0,6971629,2019-03-19 00:04:37,btc,0.0,0.2012782,0,btc,0.0,0.0,0.0,142
1,[],17,[],2019-03-19 00:04:38,22967.386363640002,0.00000088,0.000000000035083048000000005,6971630,2019-03-19 00:04:38,btc,20.069913352710156,0.0,0.00000088,btc,2746.079105,0.0,0.0104613000000032,142
1,[],20,[],2019-03-19 00:04:40,142008.0973,0.000032001,0.0000000012757870671,6971631,2019-03-19 00:04:40,btc,0.3359263738872,3.2093,0.000032001,btc,2242.1771,9.6516995e-05,0.3127121274104,142
1,[],22,[],2019-03-19 00:04:43,1470.2803921568627,0.00001020,0.00000000040664442,6971632,2019-03-19 00:04:43,BTC,3.0054103,0.0,0.00001020,BTC,910.5995,0.0,0.00121106,142
0.0,[],25,[],2019-03-19 00:04:44,0.0,0,0,6971633,2019-03-19 00:04:44,,0.0,0.0,0.0,btc,0.0,0.0,0.0,142
1,[],28,[],2019-03-19 00:04:46,82320.0,0.00001402,0.000000000558936742,6971634,2019-03-19 00:04:46,btc,0.07271678462,677.1636,0.00001402,btc,479.55993,0.0,0.0716094,142
0,[],22,[],2019-03-19 00:04:48,0.0,0,0,6971635,2019-03-19 00:04:48,,65.73454167,0.0,0,,1043215670.8,0.0,0.0,143
0,[],22,[],2019-02-25 15:42:22,0.0,0,0,6783783,2019-02-25 15:42:22,,4.2131946,0.0,0,,2322156.0,0.0,0.0,146
,[],22,[],2018-11-20 23:01:11,0.0,0,0,4862114,2018-11-20 23:01:11,,2.56807021,0.0,,,61828.4988236,0.0,0.0,147
1,[],12,[],2019-03-19 00:04:50,343563.43461394,0.00000207000000000000008632309277112337753123938455246388912200927734375,0.000000000082524897,6971636,2019-03-19 00:04:50,btc,9.691230775041795,0.0,0.00000207000000000000008632309277112337753123938455246388912200927734375,btc,108329.52426484,0.0014051830769232,0.1466653177898099,148
1,[],4,[],2019-03-18 14:38:26,266824.85382063,0.00000030,0.00000000001193823,6964858,2019-03-18 14:38:26,btc,218.95563091013318,0.0,0.00000030,btc,801811.42486661,0.00142141,0.0643635474147626,152
0,[],22,[],2019-03-18 14:38:29,0.0,0,0,6964859,2019-03-18 14:38:29,,0.0,0.0,0,,0.0,0.0,0.0,152
1,[],5,[],2019-03-19 00:04:52,0.0,0,0,6971637,2019-03-19 00:04:52,btc,0.0,0.0,0,btc,0.0,0.0,0.0,153
,[],16,[],2019-01-11 15:38:59,0.0,0,0,6366141,2019-01-11 15:38:59,btc,0.0,0.0,,btc,0.0,0.0,0.0,155
0,[],23,[],2019-01-20 23:24:29,0.0,0,0,6476932,2019-01-20 23:24:29,,0.0,0.0,0,,0.0,0.0,0.0,156
0,[],22,[],2019-03-19 00:04:54,0.0,0,0,6971638,2019-03-19 00:04:54,,6.74640151,0.0,0,,4675792.242592593,0.0,0.0,156
1,[],22,[],2019-03-19 00:04:57,7073.8,0.00005300,0.0000000021129563,6971639,2019-03-19 00:04:57,BTC,1.79802465,0.0,0.00005300,BTC,802.6461988741639,0.0,0.00104336,157
0,[],22,[],2019-03-19 00:04:59,0.0,0,0,6971640,2019-03-19 00:04:59,,50175.67608608,0.0,0,,54079135.04179466,0.0,0.0,158
,[],17,[],2018-11-20 22:56:10,0.0,0,0,4861976,2018-11-20 22:56:10,btc,1.1265625,0.0,,btc,1000.0,0.0,0.0,159
,[],20,[],2018-11-20 22:56:12,0.0,0,0,4861977,2018-11-20 22:56:12,btc,11912.7940471,0.0,,btc,34413894.3617,0.0,0.0,159
1,[],17,[],2019-03-18 23:58:14,29784.95,0.000001,0.000000000039906599999999996,6971463,2019-03-18 23:58:14,btc,0.03026736251542,0.0,0.000001,btc,144.46171372,0.0,0.00716147,168
1,[],12,[],2019-03-19 00:05:01,251389.84541874,0.000006350000000000000189106542924921683379579917527735233306884765625,0.000000000253156085,6971641,2019-03-19 00:05:01,btc,12.668406681713968,0.0,0.000006350000000000000189106542924921683379579917527735233306884765625,btc,8091.00149492,0.0091622524028458,0.1158106311998653,168
0,[],22,[],2019-03-19 00:05:13,0.0,0,0,6971642,2019-03-19 00:05:13,,45.65713776,0.0,0,,516897.19471078104,0.0,0.0,169
1,[],22,[],2019-03-19 00:05:16,199055.14285714287,0.00000007,0.000000000002790697,6971643,2019-03-19 00:05:16,BTC,14.35318145,0.0,0.00000007,BTC,171077.13699301917,4.171e-05,0.00215941,171
1,[],22,[],2019-03-19 00:05:20,253329.0,0.00000012,0.000000000004784052,6971644,2019-03-19 00:05:20,BTC,1.97140851,0.0,0.00000012,"BTC,LTC",304696.4624535843,0.00705504,0.01221948,173
1,[],5,[],2019-03-19 00:05:21,0.0,0,0,6971645,2019-03-19 00:05:21,btc,0.0,0.15610771,0,btc,0.0,0.0,0.0,175
1,[],22,[],2019-03-19 00:05:24,133183.2,0.00000011,0.000000000004385381,6971646,2019-03-19 00:05:24,BTC,0.6265795,0.0,0.00000011,BTC,151921.20308941446,0.00036047,0.01140555,176
1,[],7,[],2019-03-18 23:58:29,4613646.99133328,0.00000001,0.000000000000399066,6971469,2019-03-18 23:58:29,btc,410193.9545776331,6977694.25442,0.00000001,btc,35883188.59159408,0.0,0.0461364699133328,178
0,[],22,[],2019-03-18 23:58:31,0.0,0,0,6971470,2019-03-18 23:58:31,,1.00242438,0.0,0,,57522.0,0.0,0.0,178
0,[],2,[],2019-01-20 23:28:34,0.0,0,0,6477001,2019-01-20 23:28:34,,0.0,0.0,0,,0.0,0.0,0.0,178
1,[],22,[],2019-03-19 00:05:28,6646553.5,0.00000002,0.0000000000007973420000000001,6971648,2019-03-19 00:05:28,BTC,5.63218152,0.0,0.00000002,"BTC,LTC",17390276.489868753,0.00330125,0.36787179,179
0,[],23,[],2019-01-20 23:25:08,0.0,0,0,6476952,2019-01-20 23:25:08,,0.0,0.0,0,,0.0,0.0,0.0,179
1,[],5,[],2019-03-19 00:05:25,0.0,0,0,6971647,2019-03-19 00:05:25,btc,0.0,0.10432012,0,btc,0.0,0.0,0.0,179
1,[],22,[],2019-03-19 00:05:42,665304.7090909091,0.00000130,0.00000000005182723,6971649,2019-03-19 00:05:42,BTC,38.01133062,0.0,0.00000130,"BTC,LTC",110026.98118834248,0.00147204,0.57039738,180
1,[],26,[],2019-03-19 00:05:43,0.0,0.00000125,0.000000000049833875,6971650,2019-03-19 00:05:43,btc,0.0,0.0,0.00000125,btc,0.0,0.0,0.0,180
1,[],17,[],2019-03-18 23:58:46,10504.725,0.0000001,0.0000000000039906599999999995,6971473,2019-03-18 23:58:46,btc,5.201069583844117,0.0,0.0000001,btc,5033.45945,0.0,0.0010504725,180
,[],7,[],2018-11-20 22:58:01,562227.975654,0.00000085,0.000000000036176765,4862015,2018-11-20 22:58:01,btc,21836.6059674,2491.87645172,,btc,749999.041456,0.00211021,0.127565380455,183
1,[],24,[],2019-03-19 00:05:43,0.0,0.000000000001,3.98671e-17,6971651,2019-03-19 00:05:43,btc,0.0,0.0,0.000000000001,btc,0.0,0.0,0.0,187
,[],5,[],2019-01-10 08:11:41,0.0,0,0,6347036,2019-01-10 08:11:41,btc,82.15055501,0.00261,,btc,1.19002445,0.0,0.0,187
,[],17,[],2018-11-16 20:58:10,4062536.27273,0.00000001,0.000000000000550501,4708775,2018-11-16 20:58:10,btc,3.36492563466,0.195460381006,,"btc,eth",110697919.549,0.0,0.0157628953496,187
1,[],22,[],2019-03-18 18:17:00,13812.0,0.00000001,0.00000000000039819,6968124,2019-03-18 18:17:00,BTC,7.56699454,0.0,0.00000001,BTC,79361.7243344055,0.0,0.00013812,191
0,[],22,[],2019-03-19 00:05:47,0.0,0,0,6971652,2019-03-19 00:05:47,,0.0,0.0,0,,0.0,0.0,0.0,197
0,[],22,[],2019-03-19 00:05:49,0.0,0,0,6971653,2019-03-19 00:05:49,,5.2941966,0.0,0,,24038399.0,0.0,0.0,199
1,[],26,[],2019-03-19 00:05:49,0.0,0.00000000,0,6971654,2019-03-19 00:05:49,btc,0.0,128657.0,0.00000000,btc,0.0,0.0,0.0,199
0,[],23,[],2019-01-20 23:31:41,0.0,0,0,6477079,2019-01-20 23:31:41,,0.0,0.0,0,,0.0,0.0,0.0,199
0,[],2,[],2019-01-20 23:30:49,0.0,0,0,6477059,2019-01-20 23:30:49,,0.0,0.0,0,,0.0,0.0,0.0,201
1,[],4,[],2019-01-25 15:51:35,2084389.58565343,0.00000936,0.000000000333526752,6499557,2019-01-25 15:51:35,btc,2.0092503037378524,0.0,0.00000936,btc,160195.80207885,0.19272417,1.242687955921835,211
1,[],7,[],2019-03-19 00:05:53,4133913.3681470198,0.0000010600000000000000155604695795119596368749625980854034423828125,0.000000000042259126000000004,6971655,2019-03-19 00:05:53,btc,15476712.133961217,671650.490631,0.0000010600000000000000155604695795119596368749625980854034423828125,btc,13842500.352039529,0.0,3.23417590064339,212
1,[],5,[],2019-03-19 00:05:55,0.0,0,0,6971656,2019-03-19 00:05:55,btc,0.0,0.05373832,0,btc,0.0,0.0,0.0,213
1,[],24,[],2019-03-19 00:05:55,0.0,0.000000220000,0.000000000008770762,6971657,2019-03-19 00:05:55,btc,0.0,0.0,0.000000220000,btc,0.0,0.0,0.0,213
1,[],26,[],2019-03-19 00:05:55,0.0,0.00000040,0.000000000015946840000000002,6971658,2019-03-19 00:05:55,btc,0.0,0.0,0.00000040,btc,0.0,0.0,0.0,213
1,[],12,[],2019-01-25 02:44:32,207462.42853209,0.000001080000000000000035831255497387193287295303889550268650054931640625,0.000000000038610756000000006,6493050,2019-01-25 02:44:32,btc,85023.03793723314,0.0,0.000001080000000000000035831255497387193287295303889550268650054931640625,btc,43675.73520027,0.000146250909087,0.0348620860622024,213
1,[],22,[],2019-03-19 00:05:58,25000.0,0.00000001,0.00000000000039867100000000003,6971659,2019-03-19 00:05:58,BTC,2.31835456,0.0,0.00000001,BTC,570573.3630392838,0.0,0.00025,216
1,[],27,[],2019-03-19 00:06:01,1233122.0,0.00000003,0.000000000001196013,6971660,2019-03-19 00:06:01,btc,316.9775071147724,0.0,0.00000003,"btc,ltc",239299.924324,0.0,0.03375764000007423,216
1,[],22,[],2019-03-19 00:06:18,171118.3620689655,0.00000116,0.000000000046245836,6971661,2019-03-19 00:06:18,BTC,12543.64542303,0.0,0.00000116,BTC,451613.960806002,0.01345159,0.15437081,217
1,[],7,[],2019-03-19 00:06:20,0.0,0,0,6971662,2019-03-19 00:06:20,btc,77969.38157402142,0.0,0,btc,136811928.93791,0.0,0.0,219
0,[],27,[],2019-03-19 00:06:22,0.0,0,0,6971663,2019-03-19 00:06:22,,0.03997288,0.0,0,btc,2007233.0,0.0,0.0,219
0.0000000000000052,[],28,[],2019-03-19 00:06:25,170722989.525,2.6e-18,1.0365446e-22,6971664,2019-03-19 00:06:25,doge,117038.46072123502,35142.468,0.00050000,"btc,doge",9203399.80861,0.0,1.735449385700524e-11,219
1,[],22,[],2019-03-19 00:06:27,405411.0,0.00000008,0.0000000000031893680000000002,6971665,2019-03-19 00:06:27,BTC,18.12562913,0.0,0.00000008,BTC,99204.74459740352,0.0,0.01918633,221
1,[],24,[],2019-03-19 00:06:27,0.0,0.000000200000,0.000000000007973420000000001,6971666,2019-03-19 00:06:27,btc,0.0,0.0,0.000000200000,btc,0.0,0.0,0.0,221
1,[],20,[],2019-03-19 00:06:29,45799100.6093,0.00000001,0.00000000000039867100000000003,6971667,2019-03-19 00:06:29,btc,506.0773514140088,3216248.0425,0.00000001,btc,19378196.3433,0.0320686582166,0.0615408757051,224
0,[],22,[],2019-03-19 00:06:31,0.0,0,0,6971668,2019-03-19 00:06:31,,0.0,0.0,0,,0.0,0.0,0.0,224
1,[],26,[],2019-03-19 00:06:31,0.0,0.00000022,0.000000000008770762,6971669,2019-03-19 00:06:31,btc,0.0,0.0,0.00000022,btc,0.0,0.0,0.0,231
1,[],26,[],2019-03-19 00:06:32,0.0,0.00000005,0.0000000000019933550000000002,6971670,2019-03-19 00:06:32,btc,0.0,200.0,0.00000005,btc,0.0,0.0,0.0,234
0.0000000003451769,[],27,[],2019-03-19 00:06:34,2000.0,3.4517689999999997e-18,1.376120198999e-22,6971671,2019-03-19 00:06:34,eth,0.01134836604,0.0,0.00000001,"btc,eth",11462.996,0.0,6.903538e-15,234
1,[],4,[],2019-03-19 00:06:36,968148.37007724,0.00000104,0.000000000041461784,6971672,2019-03-19 00:06:36,btc,4.343769518680517,0.0,0.00000104,btc,1059863.54975157,0.29417317,0.404225929408082,236
1,[],24,[],2019-03-19 00:06:36,0.0,0.000000500000,0.00000000001993355,6971673,2019-03-19 00:06:36,btc,0.0,0.0,0.000000500000,btc,0.0,0.0,0.0,236
1,[],20,[],2019-03-19 00:06:38,218246651.3403,0.000000031,0.0000000000012358801,6971674,2019-03-19 00:06:38,btc,94.3043217650561,8918912.1943,0.000000031,btc,31273056.8798,0.3964655324038,0.2827630963668,237
0.0000000001484565,[],22,[],2019-03-19 00:06:40,751594.9,2.5237605e-17,1.0061501222955e-21,6971675,2019-03-19 00:06:40,LTC,1.20370855,0.0,0.00000017,LTC,18673.0,0.0,0.12541949,237
1,[],4,[],2019-03-19 00:06:42,10571958.16653862,0.00000038,0.000000000015149498000000002,6971676,2019-03-19 00:06:42,btc,5.5066478933032705,0.0,0.00000038,btc,7838784.04458963,0.8085232,3.0107074254891892,238
1,[],5,[],2019-03-19 00:06:44,0.0,0,0,6971677,2019-03-19 00:06:44,btc,0.0,0.21185918,0,btc,0.0,0.0,0.0,238
0,[],22,[],2019-03-12 16:49:32,0.0,0,0,6914458,2019-03-12 16:49:32,,0.40415746,0.0,0,,526736.5639027493,0.0,0.0,249
0.0000000001486139,[],22,[],2019-03-18 23:51:16,48086691.666666664,4.458417e-18,1.776576630909e-22,6971318,2019-03-18 23:51:16,LTC,0.95711324,0.0,0.00000003,LTC,18565111.353636365,0.0,1.04160377,252
1,[],28,[],2019-03-19 00:06:46,1739204.661,0.0000007,0.00000000002790697,6971678,2019-03-19 00:06:46,btc,164753.68312563127,120152.39,0.0000007,btc,531610.951,0.0,0.4762914855,256
1,[],22,[],2019-03-19 00:06:48,1324903.3333333333,0.00000003,0.000000000001196013,6971679,2019-03-19 00:06:48,BTC,34.00351985,0.0,0.00000003,BTC,848766.352203122,0.00055302,0.01868002,258
1,[],22,[],2019-03-13 00:07:30,47146.0,0.00000001,0.000000000000387233,6917028,2019-03-13 00:07:30,BTC,2.415167,0.0,0.00000001,BTC,157.0,0.0,0.00047146,259
1,[],5,[],2019-03-19 00:06:50,0.0,0,0,6971680,2019-03-19 00:06:50,btc,0.0,0.29788194,0,btc,0.0,0.0,0.0,264
1,[],20,[],2019-03-19 00:06:52,1272512.2499,0.00000192,0.000000000076544832,6971681,2019-03-19 00:06:52,btc,7.2042870589425,16805.5128,0.00000192,btc,98546.7225,0.0386926820821,0.026461200117,264
0,[],22,[],2019-03-19 00:06:54,0.0,0,0,6971682,2019-03-19 00:06:54,,8.75641439,0.0,0,,455745.2241309945,0.0,0.0,271
0,[],22,[],2019-03-19 00:06:56,0.0,0,0,6971683,2019-03-19 00:06:56,,111821.87121834,0.0,0,,14098217297.692,0.0,0.0,272
0.0000000000000052,[],28,[],2019-03-19 00:06:58,201696804678.671,3.796e-21,1.513355116e-25,6971684,2019-03-19 00:06:58,doge,146101072.39035547,4654473726.8322,0.00000073,doge,247283723119.7726,0.0,5.143183129210455e-10,272
1,[],22,[],2019-03-19 00:07:02,185255.74,0.0000005,0.00000000001993355,6971685,2019-03-19 00:07:02,BTC,276.19598993,0.0,0.0000005,"BTC,LTC",192957.30099441917,0.00462371,0.04644184,281
1,[],22,[],2019-03-19 00:07:05,306596.0,0.00000005,0.0000000000019933550000000002,6971686,2019-03-19 00:07:05,BTC,1.32311404,0.0,0.00000005,BTC,415244.55476508307,0.00393294,0.00960278,286
0,[],22,[],2019-03-19 00:07:07,0.0,0,0,6971687,2019-03-19 00:07:07,,1044639.47241442,0.0,0,,766976285.0,0.0,0.0,294
