pairValue,buyBook,exchangeId,sellBook,updated,buyTotal,satoshiPrice,usdPrice,exchangeLogId,created,bestPair,sellTotalBtc,volume,pairPrice,activePairs,sellTotal,volumeBtc,buyTotalBtc,coinId
1,[],3,[],2019-06-22 04:35:52,33598.45573485196,0.01050319000000000078942630210576680838130414485931396484375,0.000001120353220601000199352022564,7751591,2019-06-22 04:35:52,btc,9.146455814904922,59.59976749,0.01050319000000000078942630210576680838130414485931396484375,btc,19.677350380573,0.0,0.4727962404894949,1
1,[],4,[],2019-06-22 04:35:52,353205.58910065,0.01050941,0.000001121016694939000115213766044,7751592,2019-06-22 04:35:52,btc,9.496469482894517,0.0,0.01050941,btc,462.26693371,6.40307776,0.6984084180812082,1
1,[],5,[],2019-06-22 04:35:55,0.0,0,0,7751593,2019-06-22 04:35:55,btc,0.0,0.0157652,0,btc,0.0,0.0,0.0,1
1,[],10,[],2019-06-22 04:35:57,308476.823983,0.0041,0.00000043733839000000006,7751594,2019-06-22 04:35:57,btc,6511.909878424788,1435.95201924,0.0041,btc,1380.30032782,0.0,1.7451741926107918,1
1,[],12,[],2019-06-22 04:36:00,85.96118033,0.0105699999999999995348165526820594095624983310699462890625,0.000001127479703000000066257867609,7751595,2019-06-22 04:36:00,btc,0.3386508877102,0.0,0.0105699999999999995348165526820594095624983310699462890625,btc,30.56090128,3.449250517853,0.1657519076807,1
1,[],20,[],2019-06-22 04:36:02,919.0449,0.01111001,0.000001185081435679000121798092651,7751596,2019-06-22 04:36:02,btc,0.1707344734751,0.6408,0.01111001,btc,12.6127,0.0072971909712,0.1344036611367,1
1,[],21,[],2019-06-22 04:36:02,1637.63455746,0.01063188999999999974355180399,0.000001134081379331000089201713317,7751597,2019-06-22 04:36:02,btc,10.149417567832952,4452.02537992,0.01063188999999999974355180398788434104062616825103759765625,"btc,eth",1334.00158142,44.44073618150211,13.216783132552678,1
1,[],22,[],2019-06-22 04:36:07,0.0395979803020197,0.01000001,0.000001066680066679000109629257263,7751598,2019-06-22 04:36:07,BTC,0.01666796,0.0,0.01000001,BTC,0.25318100557485945,0.0,0.00021887,1
1,[],24,[],2019-06-22 04:36:07,0.0,0.000000000000,0,7751599,2019-06-22 04:36:07,btc,0.0,0.0,0.000000000000,btc,0.0,0.0,0.0,1
0.0,[],25,[],2019-06-22 04:36:08,0.0,0,0,7751600,2019-06-22 04:36:08,btc,32.29999999911574,13987.81262372,0.0,btc,2968.80628368,154.11,0.0,1
1,[],26,[],2019-06-22 04:36:27,0.0,0,0,7751601,2019-06-22 04:36:27,,0.0,0.0,0,,0.0,0.0,0.0,1
0,[],28,[],2019-06-22 04:36:29,0.0,0,0,7751602,2019-06-22 04:36:29,,0.0,0.0,0,,0.0,0.0,0.0,1
0,[],2,[],2019-01-20 23:28:45,0.0,0,0,6477011,2019-01-20 23:28:45,,0.0,0.0,0,,0.0,0.0,0.0,1
1,[],5,[],2019-06-17 14:29:02,0.0,0,0,7740076,2019-06-17 14:29:02,btc,0.0,2.72e-05,0,btc,0.0,0.0,0.0,2
1,[],22,[],2019-06-17 14:29:06,11550.3,0.0000002,0.0000000000185828,7740077,2019-06-17 14:29:06,BTC,21.00897301,0.0,0.0000002,"BTC,XMR",20678.87287795317,1.754e-05,0.00143681,2
1,[],5,[],2019-06-03 14:48:58,0.0,0,0,7731126,2019-06-03 14:48:58,btc,0.0,0.05905545,0,btc,0.0,0.0,0.0,3
1,[],12,[],2019-06-03 14:48:59,3468623.70302,0.000000116,0.000000000009823402000000002,7731127,2019-06-03 14:48:59,btc,169531.0336573751,0.0,0.000000116,btc,2361209.62379607,0.041350953071,0.33764769154428,3
0,[],28,[],2019-06-03 14:49:00,0.0,0,0,7731128,2019-06-03 14:49:00,,0.0,0.0,0,,0.0,0.0,0.0,3
0,[],2,[],2019-01-20 23:31:32,0.0,0,0,6477077,2019-01-20 23:31:32,,0.0,0.0,0,,0.0,0.0,0.0,4
1,[],4,[],2019-05-18 21:29:50,562734.9206932,0.00000010,0.000000000007298720000000001,7650946,2019-05-18 21:29:50,btc,41.9347137769675,0.0,0.00000010,btc,1123702.32192634,0.00052462,0.029254593370966,4
0,[],12,[],2019-06-02 05:03:43,0.0,0,0,7724919,2019-06-02 05:03:43,btc,625.901992874995,0.0,0,btc,1211362.4995005,0.0,0.0,5
0,[],2,[],2019-01-20 23:31:51,0.0,0,0,6477087,2019-01-20 23:31:51,,0.0,0.0,0,,0.0,0.0,0.0,6
1,[],11,[],2019-06-22 04:36:31,5365894.076736,0.00000002,0.000000000002133358,7751603,2019-06-22 04:36:31,btc,9583.528981907093,63333.333333,0.00000002,btc,73315312.62354945,0.0,0.06738688876736,6
1,[],3,[],2019-06-22 04:36:33,12758.424000080817,0.00008500000000000000610622663543836097232997417449951171875,0.000000009066771500000001,7751604,2019-06-22 04:36:33,btc,1026.3093182030386,447.889808998,0.00008500000000000000610622663543836097232997417449951171875,btc,373.011208995782,0.0,0.0350620823255595,7
1,[],4,[],2019-06-22 04:36:34,758469.43129937,0.00007785,0.000000008304096015000001,7751605,2019-06-22 04:36:34,btc,7.57537379775951,0.0,0.00007785,btc,57181.7623192,1.74314981,1.9746347301034124,7
1,[],5,[],2019-06-22 04:36:35,0.0,0,0,7751606,2019-06-22 04:36:35,btc,0.0,0.33414802,0,btc,0.0,0.0,0.0,7
1,[],20,[],2019-04-07 22:06:50,3201475.0482,0.000000001,0.000000000000051590000000000004,7213932,2019-04-07 22:06:50,btc,30.8005781811902,0.0,0.000000001,btc,23077405.3926,0.0,0.0032014750482,8
0,[],2,[],2019-01-20 23:22:42,0.0,0,0,6476876,2019-01-20 23:22:42,,0.0,0.0,0,,0.0,0.0,0.0,9
0,[],23,[],2019-01-20 23:22:48,0.0,0,0,6476878,2019-01-20 23:22:48,,0.0,0.0,0,,0.0,0.0,0.0,9
1,[],4,[],2019-06-22 04:36:37,1604003.11263306,0.00000052,0.00000000005546730800000001,7751607,2019-06-22 04:36:37,btc,2.959583783531761,0.0,0.00000052,btc,2881351.62026954,0.88477942,0.348678812201021,9
0,[],28,[],2019-06-22 04:36:39,0.0,0,0,7751608,2019-06-22 04:36:39,,0.0,0.0,0,,0.0,0.0,0.0,9
1,[],1,[],2019-02-17 23:31:42,1822507.21,0.00000181000000000000003456111265232042484285557293333113193511962890625,0.000000000066086901,6701244,2019-02-17 23:31:42,btc,3.6990969245,17153386.5,0.00000181000000000000003456111265232042484285557293333113193511962890625,btc,1997391.71,31.11772986,3.2610482446,9
1,[],4,[],2019-02-17 11:22:43,4341674.27126056,0.00000002,0.0000000000007272960000000001,6696112,2019-02-17 11:22:43,btc,0.1997230937751353,0.0,0.00000002,btc,4109766.79808031,0.00215132,0.0479381022052112,10
0,[],2,[],2019-01-20 23:23:08,0.0,0,0,6476890,2019-01-20 23:23:08,,0.0,0.0,0,,0.0,0.0,0.0,12
1,[],4,[],2019-06-22 04:36:40,38789240.44597251,0.00000027,0.000000000028800333000000002,7751609,2019-06-22 04:36:40,btc,7.761852010851476,0.0,0.00000027,btc,10234364.72872717,1.23333474,1.49739493309835,12
1,[],5,[],2019-06-22 04:36:41,0.0,0,0,7751610,2019-06-22 04:36:41,btc,0.0,0.07539801,0,btc,0.0,0.0,0.0,12
0.0,[],25,[],2019-06-22 04:36:42,0.0,0,0,7751611,2019-06-22 04:36:42,,0.0,0.0,0.0,btc,0.0,0.0,0.0,12
1,[],4,[],2019-06-22 04:36:43,444274.73433728,0.00000343,0.00000000036587089700000005,7751612,2019-06-22 04:36:43,btc,1.8715258985452379,0.0,0.00000343,btc,296708.99075873,0.45106062,0.1681039278712331,13
1,[],10,[],2019-06-22 04:36:45,614714.24967103,0.00000343,0.00000000036587089700000005,7751613,2019-06-22 04:36:45,btc,666798.4582491955,24178.7673307,0.00000343,btc,891935.21076364,0.0,0.3281072667540743,13
1,[],21,[],2019-06-22 04:36:46,4279916.9277795805,0.000003530000000000000083782807081,0.00000000037653768700000004,7751614,2019-06-22 04:36:46,btc,3.396131819605548,442695.67577456,0.000003530000000000000083782807080989840642359922640025615692138671875,btc,724911.75916906,1.60574415,3.6499134926539205,13
1,[],4,[],2019-06-22 04:36:47,1213763.57735853,0.00000072,0.000000000076800888,7751615,2019-06-22 04:36:47,btc,8.908704958857665,0.0,0.00000072,btc,915227.12153969,0.53749179,0.2561617483650809,14
1,[],12,[],2019-06-22 04:36:48,218345.03860758,0.00000055,0.00000000005866734500000001,7751616,2019-06-22 04:36:48,btc,193.68222499281674,0.0,0.00000055,btc,26535.75357547,0.000371125879,0.0168603299999807,14
1,[],26,[],2019-06-22 04:38:48,0.0,0.00000050,0.000000000053333950000000004,7751617,2019-06-22 04:38:48,btc,0.0,0.0,0.00000050,btc,0.0,0.0,0.0,14
0,[],17,[],2019-05-03 00:53:32,0.0,0,0,7558876,2019-05-03 00:53:32,btc,0.0,0.0,0,btc,0.0,0.0,0.0,14
,[],12,[],2018-12-01 15:15:48,204241.84496,0.00000489,0.000000000202473384,5260204,2018-12-01 15:15:48,btc,49.5475654835,0.0,,btc,35763.2193806,0.0163153972027625,0.0203389899998,15
0,[],4,[],2019-06-22 04:38:49,0.0,0,0,7751618,2019-06-22 04:38:49,,0.0,0.0,0,,0.0,0.0,0.0,15
0,[],2,[],2019-01-20 23:23:38,0.0,0,0,6476906,2019-01-20 23:23:38,,0.0,0.0,0,,0.0,0.0,0.0,18
1,[],4,[],2019-06-22 04:38:51,33531.25597092,0.00000987,0.0000000010528121730000002,7751619,2019-06-22 04:38:51,btc,2.456072570337585,0.0,0.00000987,btc,17025.19847265,0.03985902,0.0637929175989164,18
1,[],10,[],2019-06-22 04:38:52,383902.65366369,0.00001019,0.0000000010869459010000001,7751620,2019-06-22 04:38:52,btc,14.893303397838519,3447.6621312,0.00001019,btc,10926.13061925,0.0,0.1270478668581484,18
1,[],12,[],2019-06-22 04:38:54,3061.15231461,0.000010679999999999999389654892212320191902108490467071533203125,0.000000001139213172,7751621,2019-06-22 04:38:54,btc,0.537595696499851,0.0,0.000010679999999999999389654892212320191902108490467071533203125,btc,1963.32171369,0.000736502881,0.0083692392239071,18
0,[],17,[],2019-05-03 00:53:39,0.0,0,0,7558882,2019-05-03 00:53:39,btc,0.0,0.0,0,btc,0.0,0.0,0.0,18
0,[],2,[],2019-01-20 23:24:19,0.0,0,0,6476924,2019-01-20 23:24:19,,0.0,0.0,0,,0.0,0.0,0.0,19
1,[],3,[],2019-06-22 04:40:54,156385.26114134377,0.0000086500000000000001909063185312476207400322891771793365478515625,0.0000000009226773350000001,7751622,2019-06-22 04:40:54,btc,193.7400326020389,13862.9553515,0.0000086500000000000001909063185312476207400322891771793365478515625,btc,21262.44411657027,0.0,0.07945779326708048,19
1,[],4,[],2019-06-22 04:40:55,353198.59876585,0.00001005,0.0000000010720123950000001,7751623,2019-06-22 04:40:55,btc,6.535907908339875,0.0,0.00001005,btc,272421.27352094,0.34693016,1.6878303838672533,19
1,[],5,[],2019-06-22 04:40:56,0.0,0,0,7751624,2019-06-22 04:40:56,btc,0.0,0.00551598,0,btc,0.0,0.0,0.0,19
1,[],12,[],2019-06-22 04:40:57,109043.1184803,0.0000070199999999999997035075686990790444497179123573005199432373046875,0.0000000007488086580000001,7751625,2019-06-22 04:40:57,btc,0.3671532440882147,0.0,0.0000070199999999999997035075686990790444497179123573005199432373046875,btc,2973.67008334,0.0,0.019967431376330398,19
0,[],27,[],2019-06-22 04:41:03,0.0,0,0,7751626,2019-06-22 04:41:03,,0.0,0.0,0,btc,0.0,0.0,0.0,19
1,[],4,[],2019-06-22 04:41:03,10117097.23656777,0.00000005,0.000000000005333395,7751627,2019-06-22 04:41:03,btc,6.358916255187786,0.0,0.00000005,btc,2305311.3564439,0.00992686,0.1191747238096551,20
0,[],4,[],2019-06-22 04:41:04,0.0,0,0,7751628,2019-06-22 04:41:04,,5673.637208983465,0.0,0,,83387322.59021893,0.0,0.0,21
0,[],12,[],2019-06-22 04:41:05,0.0,0,0,7751629,2019-06-22 04:41:05,btc,2603.600259184875,0.0,0,btc,7299043.28571426,2.5974e-07,0.0,21
0,[],17,[],2019-05-03 00:53:51,0.0,0,0,7558891,2019-05-03 00:53:51,btc,0.0,0.0,0,btc,0.0,0.0,0.0,21
1,[],12,[],2019-06-22 04:43:07,5789769616.277,0.0000000004,0.00000000000004266716,7751630,2019-06-22 04:43:07,btc,1428620268572.4543,0.0,0.0000000004,btc,2669041582.2447553,0.026824663832,1.4050671165108002,23
0.0000000002850691,[],27,[],2019-06-22 04:43:12,63209234.0,8.552073e-18,9.122316675567002e-22,7751631,2019-06-22 04:43:12,eth,1046.6886174770805,13708530.0,0.00000003,eth,5252071.24779221,1.1723634928269001e-10,2.58061294278934e-10,23
1,[],4,[],2019-06-22 04:43:13,6100414.07522138,0.00000017,0.000000000018133543000000003,7751632,2019-06-22 04:43:13,btc,10.228053035749108,0.0,0.00000017,btc,1790687.75530487,0.0,0.1345450262400025,24
0,[],22,[],2019-06-22 04:43:16,0.0,0,0,7751633,2019-06-22 04:43:16,,6.22e-05,0.0,0,,517.4264705882352,0.0,0.0,24
0.0,[],25,[],2019-06-22 04:43:17,0.0,0,0,7751634,2019-06-22 04:43:17,,0.0,0.0,0.0,btc,0.0,0.0,0.0,24
0,[],2,[],2019-01-20 23:25:56,0.0,0,0,6476976,2019-01-20 23:25:56,,0.0,0.0,0,,0.0,0.0,0.0,26
1,[],4,[],2019-06-22 04:43:18,26943451.07443982,0.00000409,0.00000000043627171100000005,7751635,2019-06-22 04:43:18,btc,7.533479130442354,0.0,0.00000409,btc,205808.53405934,0.11195157,0.4480979426388285,26
1,[],10,[],2019-06-22 04:43:20,163310.20749915,0.00000373,0.00000000039787126700000003,7751636,2019-06-22 04:43:20,btc,25.2716453727706,6000.68477253,0.00000373,btc,20297.64914673,0.0,0.0529087915864715,26
1,[],5,[],2019-04-26 09:47:06,0.0,0,0,7465326,2019-04-26 09:47:06,btc,0.0,0.0,0,btc,0.0,0.0,0.0,27
1,[],3,[],2019-06-17 14:30:26,13571825.64059417,0.00000001,0.00000000000092914,7740112,2019-06-17 14:30:26,btc,3.485049956644059,4264730.43754,0.00000001,btc,23500048.28518193,0.0,0.1357182564059417,27
1,[],11,[],2019-06-17 14:30:28,2031833.58157834,0.00000001,0.00000000000092914,7740113,2019-06-17 14:30:28,btc,67502.92060589766,32677.9652116,0.00000001,btc,6487362.95640949,0.0,0.0203183358157834,27
1,[],4,[],2019-06-22 04:43:21,895705326.384511,0.00000001,0.000000000001066679,7751637,2019-06-22 04:43:21,btc,6.492166404858899,0.0,0.00000001,"btc,ltc",432749103.8504628,0.3899689,5.88177165587394,29
1,[],7,[],2019-06-22 04:43:23,88245545.39145988,0.00000001,0.000000000001066679,7751638,2019-06-22 04:43:23,btc,46548272.193677396,0.0,0.00000001,btc,36556968.40286372,0.0,0.8824554539145988,29
0,[],17,[],2019-05-03 01:11:25,0.0,0,0,7559066,2019-05-03 01:11:25,btc,0.0,0.0,0,btc,0.0,0.0,0.0,30
1,[],4,[],2019-06-22 04:43:23,15522975.90064791,0.00000005,0.000000000005333395,7751639,2019-06-22 04:43:23,btc,2.5886147753308304,0.0,0.00000005,btc,2238109.19211373,0.00025,0.1731523644110231,30
1,[],4,[],2019-06-22 04:45:24,209538.57785695,0.00003908,0.000000004168581532,7751640,2019-06-22 04:45:24,btc,4.137294132400417,0.0,0.00003908,btc,58261.43657606,0.9911336,0.5595025283071781,31
1,[],21,[],2019-06-22 04:45:25,190042.62024332,0.00003932999999999999782849050001,0.0000000041952485070000005,7751641,2019-06-22 04:45:25,btc,5.320712934401692,198860.24155644,0.0000393299999999999978284905000069926472860970534384250640869140625,btc,105334.15152787,8.59532782,4.006072221775055,31
0,[],2,[],2019-01-20 23:28:43,0.0,0,0,6477009,2019-01-20 23:28:43,,0.0,0.0,0,,0.0,0.0,0.0,32
1,[],12,[],2019-03-30 07:55:10,40641173.964,0.00000003,0.000000000001228359,7108785,2019-03-30 07:55:10,btc,4233210.82356125,0.0,0.00000003,btc,28378394.68333462,0.0126927883965248,0.90752895892,33
0,[],4,[],2019-06-22 04:45:26,0.0,0,0,7751642,2019-06-22 04:45:26,,0.0,0.0,0,,0.0,0.0,0.0,33
0.0000000001319588,[],4,[],2019-06-22 04:45:27,149337539.09607497,7.1257752e-17,7.600914764560802e-21,7751643,2019-06-22 04:45:27,ltc,4.264733272489901,0.0,0.00000054,ltc,160399007.0085252,0.00027889,9.531016234504389e-10,34
1,[],5,[],2019-06-22 04:45:28,0.0,0,0,7751644,2019-06-22 04:45:28,btc,0.0,0.0590393,0,btc,0.0,0.0,0.0,34
0.0000000002926451,[],17,[],2019-05-02 18:17:47,200000.0,2.9264510000000002e-18,1.596703856561e-22,7556430,2019-05-02 18:17:47,eth,0.20942468735267253,0.0,0.00000001,"btc,eth",1018272.20243647,0.0,5.852902e-13,36
0.0000000001311821,[],4,[],2019-05-31 13:28:19,2417517744.0607657,1.311821e-18,1.105058333085e-22,7717483,2019-05-31 13:28:19,ltc,5.019900492391546e-08,0.0,0.00000001,ltc,7102398142.262129,0.0,3.171350544531538e-09,36
1,[],5,[],2019-05-31 13:28:21,0.0,0,0,7717484,2019-05-31 13:28:21,btc,0.0,0.0,0,btc,0.0,0.0,0.0,36
0.0000000003108179,[],27,[],2019-05-31 13:30:34,10388811.226876,6.216358000000001e-18,5.236566733830001e-22,7717485,2019-05-31 13:30:34,eth,1569.8708019850988,761866.634299,0.00000002,"ltc,eth",5084024.2511555,4.736034912207001e-12,3.3251980286483705e-11,36
1,[],17,[],2019-05-03 01:11:36,211752.74075282,0.00000025,0.000000000013700074999999998,7559074,2019-05-03 01:11:36,btc,0.055484923955058496,0.0,0.00000025,"btc,eth",1387.19918473,0.0,0.0005381851887916605,37
1,[],4,[],2019-06-22 04:45:29,10373429.41580641,0.00000013,0.000000000013866827000000002,7751645,2019-06-22 04:45:29,btc,19772.15693311671,0.0,0.00000013,btc,684409.37414122,0.00095524,0.145957450155199,37
1,[],12,[],2019-06-22 04:45:30,4283956.80500003,0.00000014,0.000000000014933506,7751646,2019-06-22 04:45:30,btc,7.373211370303619,0.0,0.00000014,btc,1646441.11108855,0.021045573373,0.1645603948500036,37
1,[],27,[],2019-06-22 04:47:36,11304.0,0.00000019,0.000000000020266901000000003,7751647,2019-06-22 04:47:36,btc,22.62970013895233,0.0,0.00000019,btc,4298.824295,0.0,0.00168776,37
1,[],5,[],2019-06-22 04:47:37,0.0,0,0,7751648,2019-06-22 04:47:37,btc,0.0,0.50265809,0,btc,0.0,0.0,0.0,42
1,[],12,[],2019-06-22 04:47:38,220649.7027267,0.000002300000000000000001799775606325937360452371649444103240966796875,0.00000000024533617,7751649,2019-06-22 04:47:38,btc,481.5611164535673,0.0,0.000002300000000000000001799775606325937360452371649444103240966796875,btc,192532.00946692,0.256282389548,0.0931249475900431,42
1,[],27,[],2019-06-22 04:47:44,1581.0,0.0000005,0.000000000053333950000000004,7751650,2019-06-22 04:47:44,btc,0.07600425,0.0,0.0000005,"btc,eth",18.0,0.0,0.0005435000002994936,42
1,[],12,[],2019-03-13 09:13:29,1112112.0,0.00000001,0.000000000000386531,6919902,2019-03-13 09:13:29,btc,29058.00478931866,0.0,0.00000001,btc,5967681.93306694,9.99000999e-07,0.01112112,43
1,[],5,[],2019-04-26 22:38:52,0.0,0,0,7474154,2019-04-26 22:38:52,btc,0.0,0.02638891,0,btc,0.0,0.0,0.0,43
0,[],17,[],2019-04-26 22:38:53,0.0,0,0,7474155,2019-04-26 22:38:53,btc,0.0,0.0,0,btc,0.0,0.0,0.0,43
1,[],12,[],2019-03-05 01:54:08,639326.02,0.00000004,0.000000000001486676,6845775,2019-03-05 01:54:08,btc,11116042.728239931,0.0,0.00000004,btc,1103841.4595604,0.0003330765234764,0.014975410599999999,44
0.0000000001319588,[],4,[],2019-06-22 04:47:45,106448428.79638895,5.0144344e-17,5.3487918713576006e-21,7751651,2019-06-22 04:47:45,ltc,1601.9069522710045,0.0,0.00000038,ltc,26066716.32896898,0.00299403,6.316096061175135e-10,49
0.0000000001319588,[],4,[],2019-06-22 04:47:46,319539101.96661335,2.7711348e-17,2.9559112973292003e-21,7751652,2019-06-22 04:47:46,ltc,27276.791054510377,0.0,0.00000021,ltc,181835630.47986484,0.0,2.586609958537806e-09,52
0,[],22,[],2019-06-22 04:47:48,0.0,0,0,7751653,2019-06-22 04:47:48,,10289.80784133,0.0,0,,287058287.4566013,0.0,0.0,57
0,[],27,[],2019-06-22 04:47:54,0.0,0,0,7751654,2019-06-22 04:47:54,,0.0,0.0,0,"btc,eth",0.0,0.0,0.0,57
1,[],17,[],2019-05-03 01:12:09,1200000.0,0.0000000001,0.00000000000000548003,7559085,2019-05-03 01:12:09,btc,1e+24,0.0,0.0000000001,"btc,eth",39516342.31952568,0.0,0.00010000000058666061,58
0,[],4,[],2019-06-22 04:47:55,0.0,0,0,7751655,2019-06-22 04:47:55,,19.71697299919656,0.0,0,,5712487275.547043,0.00085,0.0,58
1,[],12,[],2019-06-22 04:47:56,816926702.1,0.0000000001,0.00000000000001066679,7751656,2019-06-22 04:47:56,btc,34225729.24445304,0.0,0.0000000001,btc,2707102330.0309258,0.002404581402,0.08169267021,58
0.0000000001051217,[],22,[],2019-06-22 04:49:59,126877.0,1.051217e-18,1.1213110983430001e-22,7751657,2019-06-22 04:49:59,XMR,68.17454206,0.0,0.00000001,XMR,9626402.6,0.0,0.00126877,58
1,[],5,[],2019-06-17 14:31:27,0.0,0,0,7740135,2019-06-17 14:31:27,btc,0.0,0.00079154,0,btc,0.0,0.0,0.0,61
1,[],22,[],2019-06-17 14:31:30,13612.833333333334,0.00000012,0.00000000001114968,7740136,2019-06-17 14:31:30,BTC,1002.29123003,0.0,0.00000012,BTC,15014.200177125656,0.0,0.00153257,61
1,[],26,[],2019-06-17 14:31:30,0.0,0.00000050,0.000000000046457,7740137,2019-06-17 14:31:30,btc,0.0,0.0,0.00000050,btc,0.0,0.0,0.0,61
1,[],27,[],2019-06-17 14:31:36,8400.0,0.00000018,0.00000000001672452,7740138,2019-06-17 14:31:36,btc,1.9742539297246655,0.0,0.00000018,"btc,eth",10953.51663696,0.0,0.001512,61
0,[],28,[],2019-06-17 14:31:38,0.0,0,0,7740139,2019-06-17 14:31:38,,0.0,0.0,0,,0.0,0.0,0.0,61
1,[],4,[],2019-06-22 04:50:00,841810.28615982,0.00000078,0.00000000008320096200000001,7751658,2019-06-22 04:50:00,btc,3.3202611209732416,0.0,0.00000078,btc,1321043.12075563,0.09003531,0.4738084263258729,67
0.0,[],25,[],2019-06-22 04:50:01,0.0,0,0,7751659,2019-06-22 04:50:01,,0.0,0.0,0.0,btc,0.0,0.0,0.0,67
1,[],12,[],2019-06-02 06:23:14,910048.355,0.00000006,0.000000000005154929999999999,7725270,2019-06-02 06:23:14,btc,5.167005424215783,0.0,0.00000006,btc,738530.60239759,0.003159757462,0.0187188113,71
,[],5,[],2018-11-20 23:02:39,1.5e-07,0.00000005,0.000000000002128045,4862160,2018-11-20 23:02:39,btc,2.84511358,0.0,,btc,0.00036572,0.0,0.07381892,74
1,[],5,[],2019-06-22 04:50:02,0.0,0,0,7751660,2019-06-22 04:50:02,btc,0.0,0.00464022,0,btc,0.0,0.0,0.0,75
1,[],4,[],2019-06-04 03:25:15,715281.46076168,0.00000001,0.000000000000803619,7734085,2019-06-04 03:25:15,btc,581089.6218469425,0.0,0.00000001,btc,37692563.61091116,0.0,0.0071528146076168,81
0,[],20,[],2019-01-25 09:30:31,0.0,0,0,6495923,2019-01-25 09:30:31,btc,0.0,0.0,0,btc,0.0,0.0,0.0,81
1,[],4,[],2019-06-22 04:50:03,225606.41376777,0.00009509,0.000000010143050611000001,7751661,2019-06-22 04:50:03,btc,57.033291161935345,0.0,0.00009509,btc,112561.93398923,1.19909898,0.3128864494750714,82
1,[],21,[],2019-06-22 04:50:03,64452.36700614,0.00009270999999999999835638420098,0.000000009889181009000001,7751662,2019-06-22 04:50:03,btc,7.185824116420848,27621.10897817,0.00009270999999999999835638420098149481418658979237079620361328125,btc,58618.54471344,2.63113998,4.516871031475698,82
0,[],17,[],2019-03-25 22:42:34,0.0,0,0,7038780,2019-03-25 22:42:34,btc,0.0445064681804024,0.0,0,btc,995513.18476001,0.0,0.0,84
0.0000000001161485,[],4,[],2019-05-20 13:09:39,216715621.0206096,1.161485e-18,9.0533806701e-23,7657228,2019-05-20 13:09:39,ltc,1.6511566870244727,0.0,0.00000001,ltc,471032407.9048656,0.0,2.5171194308112273e-10,85
,[],22,[],2018-11-20 23:09:34,3408.1,0.0000001,0.0000000000041895,4862324,2018-11-20 23:09:34,BTC,0.04624735,0.0,,BTC,4990.0,0.0,0.00033081,86
1,[],22,[],2019-06-22 04:50:07,117294.0,0.00000006,0.000000000006400074000000001,7751663,2019-06-22 04:50:07,BTC,1.81020153,0.0,0.00000006,BTC,196224.94736842104,0.0,0.00390484,87
1,[],27,[],2019-06-22 04:50:13,269523.0,0.00000003,0.0000000000032000370000000005,7751664,2019-06-22 04:50:13,btc,1.96738418326,44190.0,0.00000003,btc,516743.402,0.0048609,0.00708569,87
,[],2,[],2018-11-20 23:10:47,0.0,0,0,4862359,2018-11-20 23:10:47,,0.0,0.0,,,0.0,0.0,0.0,88
1,[],11,[],2019-06-17 14:31:59,193715.3529613,0.000073310000000000001140094962881477158589405007660388946533203125,0.00000000681152534,7740147,2019-06-17 14:31:59,btc,168.35454702024953,5791.70569014,0.000073310000000000001140094962881477158589405007660388946533203125,btc,196971.41170107,0.0,1.1996165759440112,89
0,[],2,[],2019-01-20 23:31:45,0.0,0,0,6477083,2019-01-20 23:31:45,,0.0,0.0,0,,0.0,0.0,0.0,91
1,[],12,[],2019-06-18 02:35:48,427715.74,0.00000015,0.000000000013911045000000001,7746087,2019-06-18 02:35:48,btc,116.61022144471085,0.0,0.00000015,btc,193315.55943968,0.000180759303,0.0129558314,91
1,[],22,[],2019-06-20 20:27:07,75910.0,0.00000002,0.000000000001914908,7746207,2019-06-20 20:27:07,BTC,0.49565371,0.0,0.00000002,"BTC,LTC",6.384990670617935,0.0,0.0016592,91
0,[],17,[],2019-05-03 01:12:26,0.0,0,0,7559096,2019-05-03 01:12:26,btc,0.0,0.0,0,btc,0.0,0.0,0.0,91
1,[],22,[],2019-06-22 04:50:17,106655.66666666667,0.00000003,0.0000000000032000370000000005,7751665,2019-06-22 04:50:17,BTC,11.34737936,0.0,0.00000003,"BTC,LTC",294418.0280038263,0.0,0.06917967,95
0,[],17,[],2019-05-03 01:12:32,0.0,0,0,7559100,2019-05-03 01:12:32,btc,0.0,0.0,0,btc,0.0,0.0,0.0,96
0.0000000001319588,[],4,[],2019-06-22 04:50:18,539506067.0059807,2.7711348e-17,2.9559112973292003e-21,7751666,2019-06-22 04:50:18,ltc,11.327390324680465,0.0,0.00000021,ltc,156608109.34976706,0.0,8.749022013425521e-10,96
0,[],12,[],2019-06-22 04:50:19,0.0,0,0,7751667,2019-06-22 04:50:19,btc,36.47432269859141,0.0,0,btc,9846623.85914086,7.872128e-06,0.0,96
1,[],4,[],2019-04-14 03:32:46,1039404.33283278,0.00000038,0.000000000019245518,7293458,2019-04-14 03:32:46,btc,4.170086055365747,0.0,0.00000038,btc,3097704.34561074,0.06260606,0.1859928211030784,99
0,[],2,[],2019-01-20 23:23:55,0.0,0,0,6476914,2019-01-20 23:23:55,,0.0,0.0,0,,0.0,0.0,0.0,100
1,[],4,[],2019-06-22 04:52:20,251867.35536495,0.00001406,0.0000000014997506740000002,7751668,2019-06-22 04:52:20,btc,7.0359429335643515,0.0,0.00001406,btc,160615.97878469,0.36250445,0.290828766173877,100
1,[],22,[],2019-06-05 06:30:35,150000.0,0.00000002,0.000000000001558192,7740007,2019-06-05 06:30:35,BTC,28.56386409,0.0,0.00000002,BTC,12787.719,0.0,0.0017,101
1,[],4,[],2019-06-22 04:52:20,467922.00606434,0.00000158,0.00000000016853528200000002,7751669,2019-06-22 04:52:20,btc,561.4398002661377,0.0,0.00000158,btc,744215.14021898,0.00973785,0.1460106878738774,103
1,[],12,[],2019-06-17 14:32:14,179201505.10870332,0.000000005,0.00000000000046457,7740154,2019-06-17 14:32:14,btc,113577.79366343976,0.0,0.000000005,btc,79148141.67831126,0.019059029059,0.27280986350611003,105
1,[],27,[],2019-06-17 14:32:19,18306828.03496503,0.00000002,0.00000000000185828,7740155,2019-06-17 14:32:19,btc,180.7198218385489,1083.96503497,0.00000002,btc,276513.60142659,7.588e-05,0.3661365606993006,105
1,[],22,[],2019-04-21 00:17:26,21333.0,0.00000001,0.000000000000532493,7385819,2019-04-21 00:17:26,BTC,51.38182867,0.0,0.00000001,BTC,470435.0,0.0,0.00021333,107
1,[],26,[],2019-04-21 00:17:26,0.0,0.00000000,0,7385820,2019-04-21 00:17:26,btc,0.0,0.0,0.00000000,btc,0.0,0.0,0.0,107
1,[],5,[],2019-06-22 04:52:23,0.0,0,0,7751670,2019-06-22 04:52:23,btc,0.0,0.0,0,btc,0.0,0.0,0.0,112
0,[],22,[],2019-06-22 04:52:26,0.0,0,0,7751671,2019-06-22 04:52:26,,6.79500102,0.0,0,,3375892.0833333335,0.0,0.0,112
1,[],27,[],2019-06-22 04:52:32,1.0,0.00000001,0.000000000001066679,7751672,2019-06-22 04:52:32,btc,1.14885,0.0,0.00000001,"btc,eth",39.0,0.0,1e-08,112
1,[],4,[],2019-06-22 04:52:33,1068927.56020366,0.00000069,0.000000000073600851,7751673,2019-06-22 04:52:33,btc,4.8493702299236405,0.0,0.00000069,btc,816185.47578691,0.01064152,0.2406656157158649,113
1,[],5,[],2019-06-22 04:52:34,0.0,0,0,7751674,2019-06-22 04:52:34,btc,0.0,0.0,0,btc,0.0,0.0,0.0,113
1,[],17,[],2019-04-26 02:17:47,162738.278,0.00000004,0.0000000000021069000000000002,7461287,2019-04-26 02:17:47,btc,1.3331140273775473,0.0,0.00000004,btc,51796.221,0.0,0.00230953112,116
1,[],27,[],2019-05-22 05:13:01,210000.0,0.00000001,0.00000000000079145,7666372,2019-05-22 05:13:01,btc,3919.0005001478,0.0,0.00000001,btc,128660.871,0.0,0.0021,116
1,[],4,[],2019-05-21 22:31:11,138169.03963019,0.00000701,0.000000000558364025,7664793,2019-05-21 22:31:11,btc,150.95388250938234,0.0,0.00000701,btc,344631.17141974,0.07552974,0.4288357684941946,120
1,[],7,[],2019-05-21 22:31:12,3901.07750076,0.000010679999999999999389654892212320191902108490467071533203125,0.0000000008506887,7664794,2019-05-21 22:31:12,btc,231188.94669936574,0.0,0.000010679999999999999389654892212320191902108490467071533203125,btc,4133.83151364,0.0,0.0113888422364489,120
1,[],20,[],2019-04-07 18:42:29,1914137.0852,0.000000035,0.0000000000017871910000000002,7211992,2019-04-07 18:42:29,btc,32.2497668025648,25528.85,0.000000035,btc,1001975.4986,0.00089350975,0.0152723574729,125
1,[],22,[],2019-06-17 14:32:38,10000.0,0.00000001,0.00000000000092914,7740161,2019-06-17 14:32:38,BTC,0.032061,0.0,0.00000001,BTC,299316.7611111111,0.0,0.0001,126
0,[],2,[],2019-01-20 23:25:46,0.0,0,0,6476969,2019-01-20 23:25:46,,0.0,0.0,0,,0.0,0.0,0.0,131
1,[],17,[],2019-05-03 01:13:10,10000.0,0.00000001,0.000000000000548003,7559115,2019-05-03 01:13:10,btc,0.0953976503951408,0.0,0.00000001,btc,5037.62507334,0.0,0.0001,131
1,[],4,[],2019-06-22 04:52:35,2950264.17131214,0.00000425,0.00000000045333857500000007,7751675,2019-06-22 04:52:35,btc,2.339838774757933,0.0,0.00000425,btc,169896.66391214,0.0756824,0.5292521546801228,131
1,[],4,[],2019-06-17 14:32:42,4848.49465417,0.00007919,0.00000000735785966,7740163,2019-06-17 14:32:42,btc,0.9905723729472744,0.0,0.00007919,btc,202.13055914,0.0,0.0061509344290166,135
1,[],3,[],2019-06-05 06:33:11,40600.27748212,0.00000001,0.000000000000779096,7740019,2019-06-05 06:33:11,btc,0.2308097808993716,2146378.52189,0.00000001,btc,2477992.76904676,0.0,0.0004060027748212,136
1,[],4,[],2019-06-22 04:54:36,337763.43239067,0.00000170,0.00000000018133543000000003,7751676,2019-06-22 04:54:36,btc,110.30912509736211,0.0,0.00000170,btc,584788.97952028,0.02268273,0.4778841534252082,137
1,[],12,[],2019-06-22 04:54:37,66156.4052114,0.000001529999999999999962528346615642238504051420022733509540557861328125,0.00000000016320188700000003,7751677,2019-06-22 04:54:37,btc,79.71317439153205,0.0,0.000001529999999999999962528346615642238504051420022733509540557861328125,btc,81717.92097078,0.00240281,0.013889759999977,137
1,[],20,[],2019-06-22 04:56:41,268503.1012,0.0000161,0.0000000017173531900000002,7751680,2019-06-22 04:56:41,btc,1.6060072520274,49.7943,0.0000161,btc,9784.3148,0.000801821178,0.0183519435346,142
1,[],22,[],2019-06-22 04:56:45,10715.0,0.00001299,0.0000000013856160210000002,7751681,2019-06-22 04:56:45,BTC,2.99759384,0.0,0.00001299,BTC,835.7198755539798,0.0,0.00540125,142
0.0,[],25,[],2019-06-22 04:56:46,0.0,0,0,7751682,2019-06-22 04:56:46,,0.0,0.0,0.0,btc,0.0,0.0,0.0,142
0,[],28,[],2019-06-22 04:56:47,0.0,0,0,7751683,2019-06-22 04:56:47,,0.0,0.0,0,,0.0,0.0,0.0,142
1,[],17,[],2019-05-03 01:13:16,32967.38636364,0.00000088,0.000000000048224264,7559122,2019-05-03 01:13:16,btc,20.06976206696776,0.0,0.00000088,btc,2746.079105,0.0,0.0105613000000032,142
1,[],4,[],2019-06-22 04:54:38,280222.59530512,0.00001418,0.0000000015125508220000001,7751678,2019-06-22 04:54:38,btc,8.811667685857119,0.0,0.00001418,btc,165614.10135797,0.48186392,0.4107127358620849,142
1,[],5,[],2019-06-22 04:54:39,0.0,0,0,7751679,2019-06-22 04:54:39,btc,0.0,0.01914194,0,btc,0.0,0.0,0.0,142
0,[],22,[],2019-06-22 04:56:50,0.0,0,0,7751684,2019-06-22 04:56:50,,1635.98618676,0.0,0,,788450755.3,0.0,0.0,143
0,[],22,[],2019-02-25 15:42:22,0.0,0,0,6783783,2019-02-25 15:42:22,,4.2131946,0.0,0,,2322156.0,0.0,0.0,146
,[],22,[],2018-11-20 23:01:11,0.0,0,0,4862114,2018-11-20 23:01:11,,2.56807021,0.0,,,61828.4988236,0.0,0.0,147
1,[],12,[],2019-04-21 06:38:04,193091.5971266,0.00000071,0.000000000037635183,7388679,2019-04-21 06:38:04,btc,2.301232411611175,0.0,0.00000071,btc,9957.48302385,0.00023528,0.0313308199999888,148
1,[],4,[],2019-03-19 21:31:25,255810.0415942,0.00000029,0.000000000011615747,6982695,2019-03-19 21:31:25,btc,218.94922712414143,0.0,0.00000029,btc,793529.37642722,0.00117,0.0608347789473395,152
0,[],22,[],2019-03-19 21:31:27,0.0,0,0,6982696,2019-03-19 21:31:27,,0.0,0.0,0,,0.0,0.0,0.0,152
1,[],5,[],2019-04-26 09:36:59,0.0,0,0,7465040,2019-04-26 09:36:59,btc,0.0,0.0,0,btc,0.0,0.0,0.0,153
,[],16,[],2019-01-11 15:38:59,0.0,0,0,6366141,2019-01-11 15:38:59,btc,0.0,0.0,,btc,0.0,0.0,0.0,155
0,[],23,[],2019-01-20 23:24:29,0.0,0,0,6476932,2019-01-20 23:24:29,,0.0,0.0,0,,0.0,0.0,0.0,156
0,[],22,[],2019-06-04 06:02:09,0.0,0,0,7734688,2019-06-04 06:02:09,,7.43375324,0.0,0,,5955762.942592593,0.0,0.0,156
1,[],22,[],2019-06-22 04:56:54,6996.0,0.00000001,0.000000000001066679,7751685,2019-06-22 04:56:54,BTC,1.7543039,0.0,0.00000001,BTC,57.0,0.0,6.996e-05,157
0,[],22,[],2019-05-21 23:40:32,0.0,0,0,7665049,2019-05-21 23:40:32,,50234.60468402,0.0,0,,54786159.03179465,0.0,0.0,158
,[],17,[],2018-11-20 22:56:10,0.0,0,0,4861976,2018-11-20 22:56:10,btc,1.1265625,0.0,,btc,1000.0,0.0,0.0,159
,[],20,[],2018-11-20 22:56:12,0.0,0,0,4861977,2018-11-20 22:56:12,btc,11912.7940471,0.0,,btc,34413894.3617,0.0,0.0,159
1,[],12,[],2019-05-24 02:51:20,9178.522006449999,0.00000191999999999999982841307998027158276954651228152215480804443359375,0.000000000151222656,7676256,2019-05-24 02:51:20,btc,149.80414728631675,0.0,0.00000191999999999999982841307998027158276954651228152215480804443359375,btc,1115.7451448499999,0.01783167678326,0.0120075778999181,168
1,[],17,[],2019-05-03 01:13:36,42852.0,0.00000002,0.000000000001096006,7559132,2019-05-03 01:13:36,btc,0.04279856251542,0.0,0.00000002,btc,274.46171372,0.0,0.00052852,168
1,[],22,[],2019-05-17 03:01:52,10.0,0.00000001,0.000000000000778341,7642059,2019-05-17 03:01:52,BTC,41.95893009,0.0,0.00000001,BTC,1753972.7737547632,0.0,1e-07,169
1,[],22,[],2019-05-30 08:38:18,202834.0,0.00000002,0.0000000000017416160000000001,7711049,2019-05-30 08:38:18,BTC,27.87002826,0.0,0.00000002,BTC,462189.5410507793,0.0,0.00211768,171
1,[],22,[],2019-05-29 08:05:18,349870.0,0.00000002,0.000000000001705894,7705265,2019-05-29 08:05:18,BTC,24.05907723,0.0,0.00000002,"BTC,LTC",1224285.4355616204,0.0,0.0039847,173
1,[],5,[],2019-06-22 04:56:55,0.0,0,0,7751686,2019-06-22 04:56:55,btc,0.0,0.05675448,0,btc,0.0,0.0,0.0,175
1,[],22,[],2019-06-17 14:33:12,90671.0,0.00000001,0.00000000000092914,7740175,2019-06-17 14:33:12,BTC,394.35459412,0.0,0.00000001,BTC,136275.61833431243,0.0,0.00090671,176
1,[],7,[],2019-06-22 04:56:56,0.0,0,0,7751687,2019-06-22 04:56:56,btc,522272.5930936198,0.0,0,btc,27773972.73829655,0.0,0.0,178
0,[],22,[],2019-06-22 04:56:58,0.0,0,0,7751688,2019-06-22 04:56:58,,1.00242428,0.0,0,,57512.0,0.0,0.0,178
0,[],2,[],2019-01-20 23:28:34,0.0,0,0,6477001,2019-01-20 23:28:34,,0.0,0.0,0,,0.0,0.0,0.0,178
1,[],5,[],2019-06-22 04:32:24,0.0,0,0,7751563,2019-06-22 04:32:24,btc,0.0,0.01433467,0,btc,0.0,0.0,0.0,179
0,[],22,[],2019-06-22 04:32:27,0.0,0,0,7751564,2019-06-22 04:32:27,,5.17403917,0.0,0,,13450788.311946675,0.0,0.0,179
0,[],23,[],2019-01-20 23:25:08,0.0,0,0,6476952,2019-01-20 23:25:08,,0.0,0.0,0,,0.0,0.0,0.0,179
1,[],22,[],2019-06-22 04:59:02,735420.6583148559,0.00000041,0.000000000043733839000000006,7751689,2019-06-22 04:59:02,BTC,40.61588481,0.0,0.00000041,"BTC,LTC",168961.62502857723,0.00119173,0.57207439,180
1,[],26,[],2019-06-22 04:59:02,0.0,0.00000010,0.00000000001066679,7751690,2019-06-22 04:59:02,btc,0.0,0.0,0.00000010,btc,0.0,0.0,0.0,180
1,[],17,[],2019-05-03 01:13:56,20504.725000000002,0.0000001,0.00000000000548003,7559141,2019-05-03 01:13:56,btc,5.2010695838400265,0.0,0.0000001,btc,5033.45945,0.0,0.0011504725,180
,[],7,[],2018-11-20 22:58:01,562227.975654,0.00000085,0.000000000036176765,4862015,2018-11-20 22:58:01,btc,21836.6059674,2491.87645172,,btc,749999.041456,0.00211021,0.127565380455,183
,[],5,[],2019-01-10 08:11:41,0.0,0,0,6347036,2019-01-10 08:11:41,btc,82.15055501,0.00261,,btc,1.19002445,0.0,0.0,187
,[],17,[],2018-11-16 20:58:10,4062536.27273,0.00000001,0.000000000000550501,4708775,2018-11-16 20:58:10,btc,3.36492563466,0.195460381006,,"btc,eth",110697919.549,0.0,0.0157628953496,187
1,[],24,[],2019-05-22 21:04:52,0.0,0.000000000014,0.0000000000000010960978,7670219,2019-05-22 21:04:52,btc,0.0,0.0,0.000000000014,btc,0.0,0.0,0.0,187
0,[],22,[],2019-04-25 02:54:07,0.0,0,0,7447896,2019-04-25 02:54:07,,7.54794454,0.0,0,,76361.7243344055,0.0,0.0,191
0,[],22,[],2019-06-17 14:33:34,0.0,0,0,7740182,2019-06-17 14:33:34,,0.0,0.0,0,,0.0,0.0,0.0,197
0,[],23,[],2019-01-20 23:31:41,0.0,0,0,6477079,2019-01-20 23:31:41,,0.0,0.0,0,,0.0,0.0,0.0,199
0,[],22,[],2019-06-22 04:34:34,0.0,0,0,7751567,2019-06-22 04:34:34,,10.58263174,0.0,0,,84280969.0,0.0,0.0,199
1,[],26,[],2019-06-22 04:34:34,0.0,0.00000000,0,7751568,2019-06-22 04:34:34,btc,0.0,0.0,0.00000000,btc,0.0,0.0,0.0,199
0,[],2,[],2019-01-20 23:30:49,0.0,0,0,6477059,2019-01-20 23:30:49,,0.0,0.0,0,,0.0,0.0,0.0,201
1,[],4,[],2019-01-25 15:51:35,2084389.58565343,0.00000936,0.000000000333526752,6499557,2019-01-25 15:51:35,btc,2.0092503037378524,0.0,0.00000936,btc,160195.80207885,0.19272417,1.242687955921835,211
1,[],7,[],2019-06-22 04:34:36,1170054124.6898527,0.00000018,0.000000000019104876,7751569,2019-06-22 04:34:36,btc,1346840.2653139164,0.0,0.00000018,btc,6166479.26464841,0.0,11.954344045954047,212
1,[],12,[],2019-01-25 02:44:32,207462.42853209,0.000001080000000000000035831255497387193287295303889550268650054931640625,0.000000000038610756000000006,6493050,2019-01-25 02:44:32,btc,85023.03793723314,0.0,0.000001080000000000000035831255497387193287295303889550268650054931640625,btc,43675.73520027,0.000146250909087,0.0348620860622024,213
1,[],5,[],2019-05-30 00:07:46,0.0,0,0,7709357,2019-05-30 00:07:46,btc,0.0,0.06425239,0,btc,0.0,0.0,0.0,213
1,[],24,[],2019-05-30 00:07:46,0.0,0.000000399202,0.0000000000344859829346,7709358,2019-05-30 00:07:46,btc,0.0,0.0,0.000000399202,btc,0.0,0.0,0.0,213
1,[],26,[],2019-05-30 00:07:47,0.0,0.00000040,0.000000000034554919999999996,7709359,2019-05-30 00:07:47,btc,0.0,0.0,0.00000040,btc,0.0,0.0,0.0,213
0,[],22,[],2019-06-22 04:34:39,0.0,0,0,7751570,2019-06-22 04:34:39,,9.56923849,0.0,0,,3661587.2040649247,0.0,0.0,216
0,[],27,[],2019-06-22 04:34:47,0.0,0,0,7751571,2019-06-22 04:34:47,,95.90976801917752,0.0,0,"btc,ltc",638074.407688,0.0,0.0,216
1,[],22,[],2019-06-22 04:34:50,481535.4852813853,0.0000003,0.00000000003184146,7751572,2019-06-22 04:34:50,BTC,12055.91513703,0.0,0.0000003,BTC,495987.3626290264,3.5e-05,0.03158025,217
1,[],7,[],2019-06-22 04:34:51,0.0,0,0,7751573,2019-06-22 04:34:51,btc,1234862.069144521,0.0,0,btc,89337195.01569474,0.0,0.0,219
0,[],27,[],2019-06-22 04:34:55,0.0,0,0,7751574,2019-06-22 04:34:55,,250.36597143533322,0.0,0,btc,7934668.36581025,0.0,0.0,219
0,[],28,[],2019-06-22 04:34:56,0.0,0,0,7751575,2019-06-22 04:34:56,,0.0,0.0,0,,0.0,0.0,0.0,219
1,[],22,[],2019-05-23 16:41:05,172069.0,0.00000004,0.0000000000031167080000000004,7674065,2019-05-23 16:41:05,BTC,56.76466137,0.0,0.00000004,BTC,127061.6482738741,0.0,0.00393676,221
1,[],24,[],2019-05-23 16:41:05,0.0,0.000000010000,0.0000000000007791770000000001,7674066,2019-05-23 16:41:05,btc,0.0,0.0,0.000000010000,btc,0.0,0.0,0.0,221
1,[],20,[],2019-06-17 14:34:11,26882155.8301,0.000000003,0.000000000000278742,7740192,2019-06-17 14:34:11,btc,100050.81956632523,233521.3529,0.000000003,btc,38769742.8604,0.0007925640587,0.0306863532672,224
0,[],22,[],2019-06-17 14:34:13,0.0,0,0,7740193,2019-06-17 14:34:13,,0.0,0.0,0,,0.0,0.0,0.0,224
1,[],26,[],2019-06-22 04:59:04,0.0,0.00000022,0.000000000023466938000000004,7751691,2019-06-22 04:59:04,btc,0.0,0.0,0.00000022,btc,0.0,0.0,0.0,231
1,[],26,[],2019-06-22 04:34:57,0.0,0.00000005,0.00000000000530691,7751577,2019-06-22 04:34:57,btc,0.0,0.0,0.00000005,btc,0.0,0.0,0.0,234
0.0000000002860508,[],27,[],2019-06-22 04:35:03,100.0,2.8605080000000002e-18,3.0360917020560003e-22,7751578,2019-06-22 04:35:03,eth,0.0,0.0,0.00000001,"btc,eth",0.0,0.0,2.8605080000000004e-16,234
1,[],4,[],2019-05-22 17:06:12,91780.56053785,0.00000078,0.000000000061977552,7669277,2019-05-22 17:06:12,btc,5.573372450018177,0.0,0.00000078,btc,729173.93529783,0.0,0.0307060663355679,236
1,[],24,[],2019-05-22 17:06:12,0.0,0.000000010000,0.000000000000794584,7669278,2019-05-22 17:06:12,btc,0.0,0.0,0.000000010000,btc,0.0,0.0,0.0,236
1,[],5,[],2019-06-22 04:35:05,0.0,0,0,7751579,2019-06-22 04:35:05,btc,0.0,3.95881854,0,btc,0.0,0.0,0.0,237
1,[],20,[],2019-06-22 04:35:07,56160435.9753,0.00000009,0.000000000009552438,7751580,2019-06-22 04:35:07,btc,8187498.957665022,37911943.2522,0.00000009,btc,35752723.3489,3.7055397586324,1.6121748120046,237
1,[],22,[],2019-06-22 04:35:10,2084614.0,0.00000004,0.000000000004245528,7751581,2019-06-22 04:35:10,BTC,1.20112207,0.0,0.00000004,"BTC,LTC",14507.148717948718,0.0,0.02587451,237
1,[],4,[],2019-06-22 04:35:11,41992445.9920205,0.00000007,0.000000000007429674,7751582,2019-06-22 04:35:11,btc,2.6297334862815926,0.0,0.00000007,btc,12308400.57199728,0.0596568,0.8768025849401001,238
1,[],5,[],2019-06-22 04:35:12,0.0,0,0,7751583,2019-06-22 04:35:12,btc,0.0,7.522e-05,0,btc,0.0,0.0,0.0,238
0,[],22,[],2019-03-12 16:49:32,0.0,0,0,6914458,2019-03-12 16:49:32,,0.40415746,0.0,0,,526736.5639027493,0.0,0.0,249
0,[],22,[],2019-05-28 23:53:45,0.0,0,0,7703643,2019-05-28 23:53:45,,13.44714864,0.0,0,,43777534.3426455,0.0,0.0,252
0,[],28,[],2019-06-22 04:35:15,0.0,0,0,7751584,2019-06-22 04:35:15,,0.0,0.0,0,,0.0,0.0,0.0,256
1,[],22,[],2019-06-22 04:35:18,569233.0,0.00000001,0.000000000001061382,7751585,2019-06-22 04:35:18,BTC,31464.57209943,0.0,0.00000001,BTC,1031813.2230878276,0.00023236,0.00569233,258
1,[],22,[],2019-05-19 18:12:02,400.0,0.00000001,0.0000000000007957800000000001,7653905,2019-05-19 18:12:02,BTC,2.415167,0.0,0.00000001,BTC,157.0,0.0,4e-06,259
1,[],5,[],2019-06-22 04:35:20,0.0,0,0,7751586,2019-06-22 04:35:20,btc,0.0,0.10056726,0,btc,0.0,0.0,0.0,264
1,[],20,[],2019-06-22 04:35:21,910747.3689,0.000000421,0.0000000000446841822,7751587,2019-06-22 04:35:21,btc,1.018777065903,25478.2931,0.000000421,btc,62959.9021,0.015569544255,0.0073977341955,264
0,[],22,[],2019-04-12 17:57:27,0.0,0,0,7278186,2019-04-12 17:57:27,,66.37522201,0.0,0,,677842.4169881374,0.0,0.0,271
0,[],22,[],2019-06-22 04:35:24,0.0,0,0,7751588,2019-06-22 04:35:24,,33050469.74148113,0.0,0,,14261527780.7,0.0,0.0,272
0,[],28,[],2019-06-22 04:35:25,0.0,0,0,7751589,2019-06-22 04:35:25,,0.0,0.0,0,,0.0,0.0,0.0,272
1,[],22,[],2019-05-23 07:12:29,219930.0,0.00000004,0.000000000003048688,7671985,2019-05-23 07:12:29,BTC,426.77835217,0.0,0.00000004,BTC,248664.3325962929,0.0,0.00739728,281
1,[],22,[],2019-06-22 04:35:29,26735.1,0.00000002,0.000000000002122764,7751590,2019-06-22 04:35:29,BTC,2.67895761,0.0,0.00000002,"BTC,LTC",1078668.9093393278,0.00032682,0.00478582,286
0,[],22,[],2019-06-17 14:34:53,0.0,0,0,7740207,2019-06-17 14:34:53,,7337915.80475575,0.0,0,,2078527309.6797826,0.0,0.0,294
