pairValue,buyBook,exchangeId,sellBook,updated,buyTotal,satoshiPrice,usdPrice,exchangeLogId,created,bestPair,sellTotalBtc,volume,pairPrice,activePairs,sellTotal,volumeBtc,buyTotalBtc,coinId
1,[],3,[],2019-03-18 03:49:54,31037.436130033988,0.01304033999999999922370097493740104255266487598419189453125,0.000000523409254818,6962366,2019-03-18 03:49:54,btc,61.1314313167752,0.010699220123,0.01304033999999999922370097493740104255266487598419189453125,btc,25.955037785280002,0.0,0.29432123192126103,1
1,[],4,[],2019-03-18 03:49:55,207754.76245402,0.01308791,0.000000525318605207,6962367,2019-03-18 03:49:55,btc,12.948224087953353,0.0,0.01308791,btc,224.26195248,0.79465121,1.1747171124513698,1
1,[],5,[],2019-03-18 03:49:57,0.0,0,0,6962368,2019-03-18 03:49:57,btc,0.0,0.12263906,0,btc,0.0,0.0,0.0,1
1,[],10,[],2019-03-18 03:50:00,413712.050541,0.01107831,0.00000044465788328699997,6962369,2019-03-18 03:50:00,btc,6522.700602039149,1795.63062781,0.01107831,btc,1000.64821918,0.0,4.561617964942044,1
1,[],12,[],2019-03-18 03:50:02,110.8181892,0.01307000000000000002053912595556539599783718585968017578125,0.000000524599739,6962370,2019-03-18 03:50:02,btc,0.1460426073728,0.0,0.01307000000000000002053912595556539599783718585968017578125,btc,10.67568977,0.5024964392335,0.428082577846,1
1,[],20,[],2019-03-18 03:50:03,1152.6091,0.01070001,0.000000429473791377,6962371,2019-03-18 03:50:03,btc,0.0533371999966,0.1455,0.01070001,btc,2.311,0.0018713069031,0.0974289203441,1
1,[],21,[],2019-03-18 03:50:05,2406.24695647,0.01311363999999999932488670140,0.000000526351348228,6962372,2019-03-18 03:50:05,btc,58.419264684515085,5397.15230356,0.0131136399999999993248867014017378096468746662139892578125,"btc,eth",5200.65527445,66.53792807097331,23.077913431935443,1
0,[],22,[],2019-03-18 03:50:54,0.0,0,0,6962373,2019-03-18 03:50:54,,0.0,0.0,0,,0.0,0.0,0.0,1
1,[],24,[],2019-03-18 03:50:55,0.0,0.000000000000,0,6962374,2019-03-18 03:50:55,btc,0.0,0.0,0.000000000000,btc,0.0,0.0,0.0,1
0.0,[],25,[],2019-03-18 03:50:56,0.0,0,0,6962375,2019-03-18 03:50:56,btc,40.04119999795069,526.18216636,0.0,btc,2979.8098357,7.0212,0.0,1
1,[],26,[],2019-03-18 03:50:57,0.0,0,0,6962376,2019-03-18 03:50:57,,0.0,0.0,0,,0.0,0.0,0.0,1
1,[],28,[],2019-03-18 03:54:19,992.9,0.01231000,0.000000494095087,6962377,2019-03-18 03:54:19,btc,0.151703079,8405.9,0.01231000,btc,8.184,0.0,0.086101096,1
0,[],2,[],2019-01-20 23:28:45,0.0,0,0,6477011,2019-01-20 23:28:45,,0.0,0.0,0,,0.0,0.0,0.0,1
1,[],5,[],2019-03-18 03:54:21,0.0,0,0,6962378,2019-03-18 03:54:21,btc,0.0,0.01185352,0,btc,0.0,0.0,0.0,2
0,[],22,[],2019-03-18 03:55:10,0.0,0,0,6962379,2019-03-18 03:55:10,,0.0,0.0,0,,0.0,0.0,0.0,2
1,[],5,[],2019-03-18 03:55:13,0.0,0,0,6962380,2019-03-18 03:55:13,btc,0.0,0.02911119,0,btc,0.0,0.0,0.0,3
1,[],12,[],2019-03-18 03:55:14,3067971.9628444198,0.000000195,0.0000000000078268515,6962381,2019-03-18 03:55:14,btc,23451.632046745184,0.0,0.000000195,btc,1301831.82731257,0.03348757036970079,0.4416158190879956,3
0,[],28,[],2019-03-18 03:59:23,0.0,0,0,6962382,2019-03-18 03:59:23,,0.0,0.0,0,,0.0,0.0,0.0,3
0,[],2,[],2019-01-20 23:31:32,0.0,0,0,6477077,2019-01-20 23:31:32,,0.0,0.0,0,,0.0,0.0,0.0,4
1,[],4,[],2019-03-18 03:59:25,360321.45328056,0.00000031,0.000000000012442687,6962383,2019-03-18 03:59:25,btc,32.08725129329981,0.0,0.00000031,btc,725153.97080371,0.00047,0.0370175691884771,4
1,[],12,[],2019-03-18 03:59:26,393075.0,0.00000002,0.0000000000008027540000000001,6962384,2019-03-18 03:59:26,btc,1111853.28825052,0.0,0.00000002,btc,781851.33266733,0.0,0.0043212400000000005,5
0,[],2,[],2019-01-20 23:31:51,0.0,0,0,6477087,2019-01-20 23:31:51,,0.0,0.0,0,,0.0,0.0,0.0,6
1,[],11,[],2019-03-18 03:59:28,3935711.8988200002,0.00000002,0.0000000000008027540000000001,6962385,2019-03-18 03:59:28,btc,9574.314148127845,10000.0,0.00000002,btc,43081567.92614274,0.0,0.0449565813342,6
1,[],3,[],2019-03-18 03:59:28,1091.911995800215,0.00015480999999999998993464866980929173223557882010936737060546875,0.000000006213717337,6962386,2019-03-18 03:59:28,btc,29.634654231634162,0.0,0.00015480999999999998993464866980929173223557882010936737060546875,btc,241.020514578101,0.0,0.03510108781629161,7
1,[],4,[],2019-03-18 03:59:29,93977.59183192,0.00021300,0.0000000085493301,6962387,2019-03-18 03:59:29,btc,10.227475782779548,0.0,0.00021300,btc,38555.01980606,2.4630974,8.333432919351536,7
1,[],5,[],2019-03-18 03:59:30,0.0,0,0,6962388,2019-03-18 03:59:30,btc,0.0,1.23420139,0,btc,0.0,0.0,0.0,7
1,[],20,[],2019-02-20 02:16:17,39399275.8418,0.000000001,0.0000000000000390183,6728586,2019-02-20 02:16:17,btc,116.9737569154545,525.0,0.000000001,btc,56932965.8895,5.25e-07,0.0393992758418,8
0,[],2,[],2019-01-20 23:22:42,0.0,0,0,6476876,2019-01-20 23:22:42,,0.0,0.0,0,,0.0,0.0,0.0,9
0,[],23,[],2019-01-20 23:22:48,0.0,0,0,6476878,2019-01-20 23:22:48,,0.0,0.0,0,,0.0,0.0,0.0,9
1,[],1,[],2019-02-17 23:31:42,1822507.21,0.00000181000000000000003456111265232042484285557293333113193511962890625,0.000000000066086901,6701244,2019-02-17 23:31:42,btc,3.6990969245,17153386.5,0.00000181000000000000003456111265232042484285557293333113193511962890625,btc,1997391.71,31.11772986,3.2610482446,9
1,[],4,[],2019-03-18 03:59:33,1811335.35732342,0.00000159,0.000000000063818943,6962389,2019-03-18 03:59:33,btc,7.060132731629823,0.0,0.00000159,btc,3138072.87354116,1.50669265,1.2463142985064484,9
0,[],28,[],2019-03-18 04:07:14,0.0,0,0,6962390,2019-03-18 04:07:14,,0.0,1595317.44,0,,0.0,0.0,0.0,9
1,[],4,[],2019-02-17 11:22:43,4341674.27126056,0.00000002,0.0000000000007272960000000001,6696112,2019-02-17 11:22:43,btc,0.1997230937751353,0.0,0.00000002,btc,4109766.79808031,0.00215132,0.0479381022052112,10
0,[],2,[],2019-01-20 23:23:08,0.0,0,0,6476890,2019-01-20 23:23:08,,0.0,0.0,0,,0.0,0.0,0.0,12
1,[],4,[],2019-03-18 04:07:15,5780224.09566808,0.00000187,0.00000000007505749900000001,6962391,2019-03-18 04:07:15,btc,13.932631315496542,0.0,0.00000187,btc,5377375.90619603,2.86011865,7.069954474941393,12
1,[],5,[],2019-03-18 04:07:17,0.0,0,0,6962392,2019-03-18 04:07:17,btc,0.0,0.04198814,0,btc,0.0,0.0,0.0,12
0.0,[],25,[],2019-03-18 04:07:18,0.0,0,0,6962393,2019-03-18 04:07:18,,0.0,0.0,0.0,btc,0.0,0.0,0.0,12
1,[],10,[],2019-03-18 02:59:40,471920.70397958,0.00001171,0.000000000470282968,6962197,2019-03-18 02:59:40,btc,666777.0300127325,22819.0399584,0.00001171,btc,674420.89707695,0.0,0.5698294359778766,13
1,[],4,[],2019-03-18 04:07:19,32935179.215517,0.00001144,0.00000000045917528800000003,6962394,2019-03-18 04:07:19,btc,3.5852123270006144,0.0,0.00001144,btc,262537.979227,2.94146643,1.4895263373729095,13
1,[],21,[],2019-03-18 04:07:23,1703528.32671238,0.00001133999999999999984683259069,0.000000000455161518,6962395,2019-03-18 04:07:23,btc,14.901995765063255,7146821.61300396,0.00001133999999999999984683259068862781759889912791550159454345703125,btc,1172300.37401818,81.32736523,17.411382238283664,13
0,[],17,[],2019-03-18 01:31:36,0.0,0,0,6961807,2019-03-18 01:31:36,btc,0.0,0.0,0,btc,0.0,0.0,0.0,14
1,[],4,[],2019-03-18 04:07:24,1552234.3544103,0.00000080,0.00000000003211016,6962396,2019-03-18 04:07:24,btc,5.2933120746534525,0.0,0.00000080,btc,1001782.59702118,0.00744538,0.1886015308191166,14
1,[],12,[],2019-03-18 04:07:27,303584.0,0.00000069,0.000000000027695013,6962397,2019-03-18 04:07:27,btc,0.0560828882585684,0.0,0.00000069,btc,13816.8948088,0.0,0.03214623,14
1,[],26,[],2019-03-18 04:07:27,0.0,0.00000050,0.00000000002006885,6962398,2019-03-18 04:07:27,btc,0.0,0.0,0.00000050,btc,0.0,0.0,0.0,14
,[],12,[],2018-12-01 15:15:48,204241.84496,0.00000489,0.000000000202473384,5260204,2018-12-01 15:15:48,btc,49.5475654835,0.0,,btc,35763.2193806,0.0163153972027625,0.0203389899998,15
0,[],4,[],2019-03-18 04:07:28,0.0,0,0,6962399,2019-03-18 04:07:28,,0.0,0.0,0,,0.0,0.0,0.0,15
0,[],17,[],2019-03-18 03:00:02,0.0,0,0,6962206,2019-03-18 03:00:02,btc,0.0,0.0,0,btc,0.0,0.0,0.0,18
0,[],2,[],2019-01-20 23:23:38,0.0,0,0,6476906,2019-01-20 23:23:38,,0.0,0.0,0,,0.0,0.0,0.0,18
1,[],4,[],2019-03-18 04:07:30,25131.29164069,0.00001508,0.000000000605276516,6962400,2019-03-18 04:07:30,btc,3.785299865097722,0.0,0.00001508,btc,18922.6274771,0.02117499,0.0603041255955234,18
1,[],10,[],2019-03-18 04:07:32,783243.45227462,0.00001485,0.000000000596044845,6962401,2019-03-18 04:07:32,btc,15.398926415220107,3277.98803062,0.00001485,btc,12987.26755923,0.0,0.1229781672104125,18
1,[],12,[],2019-03-18 04:07:34,313559.5100805,0.00001550000000000000067502427258947506061304011382162570953369140625,0.00000000062213435,6962402,2019-03-18 04:07:34,btc,33214.72762508954,0.0,0.00001550000000000000067502427258947506061304011382162570953369140625,btc,801.90602614,0.0017436743756498,0.0249330531532065,18
0,[],2,[],2019-01-20 23:24:19,0.0,0,0,6476924,2019-01-20 23:24:19,,0.0,0.0,0,,0.0,0.0,0.0,19
1,[],3,[],2019-03-18 04:07:46,119797.73022022826,0.0000182299999999999999479756429554555552385863848030567169189453125,0.0000000007317102710000001,6962403,2019-03-18 04:07:46,btc,0.6919407325489582,0.0,0.0000182299999999999999479756429554555552385863848030567169189453125,btc,15054.205445313173,0.0,0.04655429399875517,19
1,[],4,[],2019-03-18 04:07:46,222561.43153943,0.00001966,0.000000000789107182,6962404,2019-03-18 04:07:46,btc,2.192565579867215,0.0,0.00001966,btc,74197.51203877,0.30476534,2.335360402292587,19
1,[],5,[],2019-03-18 04:07:49,0.0,0,0,6962405,2019-03-18 04:07:49,btc,0.0,1.897e-05,0,btc,0.0,0.0,0.0,19
1,[],12,[],2019-03-18 04:07:50,193557.17780465,0.0000186200000000000012961680340151104928736458532512187957763671875,0.0000000007473639740000001,6962406,2019-03-18 04:07:50,btc,0.1518367978943288,0.0,0.0000186200000000000012961680340151104928736458532512187957763671875,btc,638.94118651,0.0043601446861683,0.050722759998184604,19
0,[],27,[],2019-03-18 04:07:52,0.0,0,0,6962407,2019-03-18 04:07:52,,0.0,0.0,0,btc,0.0,0.0,0.0,19
1,[],4,[],2019-03-18 04:07:53,2840906.29721996,0.00000013,0.000000000005217901,6962408,2019-03-18 04:07:53,btc,7.3815737746397,0.0,0.00000013,btc,2871716.96906976,0.0,0.0859572404891469,20
0,[],17,[],2019-03-18 03:00:13,0.0,0,0,6962215,2019-03-18 03:00:13,btc,0.0,0.0,0,btc,0.0,0.0,0.0,21
1,[],4,[],2019-03-18 04:09:53,93577090.14946245,0.00000002,0.000000000000802754,6962409,2019-03-18 04:09:53,btc,39417.156564455574,0.0,0.00000002,btc,54262326.09537982,0.09259021,0.9999468558898894,21
1,[],12,[],2019-03-18 04:09:55,2175571.0,0.00000001,0.00000000000040137700000000004,6962410,2019-03-18 04:09:55,btc,2870.53741960017,0.0,0.00000001,btc,2922668.50849151,1.36888111888e-05,0.02175571,21
1,[],12,[],2019-03-18 04:09:57,3172810389.0,0.0000000001,0.0000000000000040137700000000005,6962411,2019-03-18 04:09:57,btc,1950222.872708563,0.0,0.0000000001,btc,1617758841.253136,0.0680565098922078,0.31728103890000003,23
0,[],27,[],2019-03-18 04:09:59,0.0,0,0,6962412,2019-03-18 04:09:59,,13.972018501006241,0.0,0,eth,6275713.95973186,0.0,0.0,23
1,[],4,[],2019-03-18 04:10:00,680687.75337689,0.00000045,0.000000000018061965,6962413,2019-03-18 04:10:00,btc,9.733004337870089,0.0,0.00000045,btc,1608204.28461592,0.00299879,0.1730075560267988,24
0,[],22,[],2019-03-18 04:10:49,0.0,0,0,6962414,2019-03-18 04:10:49,,0.0,0.0,0,,0.0,0.0,0.0,24
0.0,[],25,[],2019-03-18 04:10:50,0.0,0,0,6962415,2019-03-18 04:10:50,,0.0,0.0,0.0,btc,0.0,0.0,0.0,24
0,[],2,[],2019-01-20 23:25:56,0.0,0,0,6476976,2019-01-20 23:25:56,,0.0,0.0,0,,0.0,0.0,0.0,26
1,[],4,[],2019-03-18 04:10:51,28218321.96155125,0.00000663,0.00000000026611295100000003,6962416,2019-03-18 04:10:51,btc,141.46596191979987,0.0,0.00000663,btc,249950.67510821,0.27766321,0.6815290642213826,26
1,[],10,[],2019-03-18 04:10:53,602925.23251558,0.00000543,0.00000000021794771099999998,6962417,2019-03-18 04:10:53,btc,25.233549478661033,3297.82154553,0.00000543,btc,14324.4645187,0.0,0.1443916358988472,26
1,[],3,[],2019-03-18 04:10:54,10888354.54084747,0.00000001,0.00000000000040137700000000004,6962418,2019-03-18 04:10:54,btc,2.0565801810436755,185.0,0.00000001,btc,15720086.39008366,0.0,0.1088835454084747,27
1,[],5,[],2019-03-18 04:10:55,0.0,0,0,6962419,2019-03-18 04:10:55,btc,0.0,0.0,0,btc,0.0,0.0,0.0,27
1,[],11,[],2019-03-18 04:10:56,8493678.24590115,0.00000006,0.000000000002408262,6962420,2019-03-18 04:10:56,btc,67506.1992155516,5956.66666667,0.00000006,btc,7966196.08369704,0.0,0.4691399049180229,27
1,[],4,[],2019-03-18 04:10:57,2161365037.759955,0.00000001,0.000000000000401377,6962421,2019-03-18 04:10:57,btc,2.9604774289745395,0.0,0.00000001,"btc,ltc",246320777.61871135,0.14519366,9.915961552359235,29
1,[],7,[],2019-03-18 04:10:58,35613182.13418711,0.00000001,0.00000000000040137700000000004,6962422,2019-03-18 04:10:58,btc,44461604.29079431,1854.5,0.00000001,btc,52325034.42656505,3.709e-05,0.3561318213418711,29
1,[],4,[],2019-03-18 04:10:59,4108623.59154177,0.00000018,0.0000000000072247860000000005,6962423,2019-03-18 04:10:59,btc,2.802070774180499,0.0,0.00000018,btc,2296977.77867472,0.00192579,0.1136113544974392,30
0,[],17,[],2019-03-18 04:11:11,0.0,0,0,6962424,2019-03-18 04:11:11,btc,0.0,0.0,0,btc,0.0,0.0,0.0,30
1,[],4,[],2019-03-18 04:11:12,186917.29573301,0.00006042,0.000000002425119834,6962425,2019-03-18 04:11:12,btc,6.558651176958227,0.0,0.00006042,btc,65947.60230693,1.57027319,2.28319010823742,31
1,[],21,[],2019-03-18 04:11:13,70085.25430831,0.00006035000000000000325121873868,0.0000000024223101950000002,6962426,2019-03-18 04:11:13,btc,8.46284903620776,765976.80356292,0.00006035000000000000325121873867573185634682886302471160888671875,btc,123098.37863482,48.15072434,4.056311316634424,31
0,[],2,[],2019-01-20 23:28:43,0.0,0,0,6477009,2019-01-20 23:28:43,,0.0,0.0,0,,0.0,0.0,0.0,32
1,[],4,[],2019-03-18 04:11:14,393745969.60157025,0.00000004,0.000000000001605508,6962427,2019-03-18 04:11:14,btc,9.028836353231297,0.0,0.00000004,"btc,ltc",183848069.70979494,0.44067127,8.323307666844821,33
1,[],12,[],2019-03-18 04:11:15,29546594.99233333,0.00000004,0.0000000000016055080000000001,6962428,2019-03-18 04:11:15,btc,4127588.55859052,0.0,0.00000004,btc,23033975.68943556,0.1936879990347151,0.7159045967199998,33
1,[],4,[],2019-03-18 04:11:16,90415684.88817006,0.00000001,0.000000000000401377,6962429,2019-03-18 04:11:16,btc,3.2744024730105346,0.0,0.00000001,btc,103289899.16533832,0.00272827,0.9041568488817007,34
1,[],5,[],2019-03-18 04:11:19,0.0,0,0,6962430,2019-03-18 04:11:19,btc,0.0,0.0454485,0,btc,0.0,0.0,0.0,34
1,[],5,[],2019-03-18 04:11:21,0.0,0,0,6962432,2019-03-18 04:11:21,btc,0.0,0.0,0,btc,0.0,0.0,0.0,36
0.0000000003498697,[],27,[],2019-03-18 04:11:35,998000.16325,3.498697e-18,1.404296505769e-22,6962433,2019-03-18 04:11:35,eth,223.80396210580784,0.0,0.00000001,"ltc,eth",12165396.31058689,0.0,1.5312978391622854e-12,36
0,[],17,[],2019-03-18 03:01:43,0.0,0,0,6962237,2019-03-18 03:01:43,btc,0.07464582814060158,0.0,0,btc,4105386.20243647,0.0,0.0,36
0.00000000015343660000000002,[],4,[],2019-03-18 04:11:20,5088366620.992448,1.5343660000000001e-18,6.158592219820001e-23,6962431,2019-03-18 04:11:20,ltc,5.125386130864293e-08,0.0,0.00000001,ltc,6357868517.702046,0.0,7.807416738785699e-09,36
1,[],4,[],2019-03-18 04:11:36,374515.05331968,0.00000058,0.000000000023279866,6962434,2019-03-18 04:11:36,btc,19772.49120193122,0.0,0.00000058,btc,595649.5494869,0.05590206,0.0830582674758432,37
1,[],12,[],2019-03-18 04:11:37,624915.05033847,0.00000059,0.000000000023681243,6962435,2019-03-18 04:11:37,btc,20.621039668834072,0.0,0.00000059,btc,365432.18142373,0.0304024391977788,0.24949325560413801,37
1,[],27,[],2019-03-18 04:11:49,14685.567,0.00000045,0.000000000018061965,6962436,2019-03-18 04:11:49,btc,24.25536383611233,0.0,0.00000045,btc,6518.38138508,0.0,0.00480032515,37
1,[],17,[],2019-03-18 03:02:00,1752.74075282,0.00000025,0.000000000010040199999999999,6962241,2019-03-18 03:02:00,btc,0.055484923777095005,0.0,0.00000025,btc,1319.19918473,0.0,0.00043818518820499993,37
1,[],5,[],2019-03-18 04:11:51,0.0,0,0,6962437,2019-03-18 04:11:51,btc,0.0,0.10452148,0,btc,0.0,0.0,0.0,42
1,[],12,[],2019-03-18 04:11:52,254064.86234441,0.000001049999999999999899545958213786800428124479367397725582122802734375,0.000000000042144585,6962438,2019-03-18 04:11:52,btc,5.577441285559565,0.0,0.000001049999999999999899545958213786800428124479367397725582122802734375,btc,27432.44516415,0.0104186818712464,0.0201808743611917,42
0.0000000003498697,[],27,[],2019-03-18 04:11:54,22000.0,4.1984364e-17,1.6851558069228001e-21,6962439,2019-03-18 04:11:54,eth,0.00315028,0.0,0.00000012,"btc,eth",11.007,0.0,8.46684674e-13,42
1,[],5,[],2019-03-18 04:11:56,0.0,0,0,6962440,2019-03-18 04:11:56,btc,0.0,0.01813389,0,btc,0.0,0.0,0.0,43
0,[],17,[],2019-03-18 02:15:25,0.0,0,0,6962049,2019-03-18 02:15:25,btc,0.0,0.0,0,btc,0.0,0.0,0.0,43
1,[],12,[],2019-03-13 09:13:29,1112112.0,0.00000001,0.000000000000386531,6919902,2019-03-13 09:13:29,btc,29058.00478931866,0.0,0.00000001,btc,5967681.93306694,9.99000999e-07,0.01112112,43
1,[],12,[],2019-03-05 01:54:08,639326.02,0.00000004,0.000000000001486676,6845775,2019-03-05 01:54:08,btc,11116042.728239931,0.0,0.00000004,btc,1103841.4595604,0.0003330765234764,0.014975410599999999,44
1,[],4,[],2019-03-18 04:11:58,298151345.2748583,0.00000002,0.000000000000802754,6962441,2019-03-18 04:11:58,btc,497.8035388647784,0.0,0.00000002,"btc,ltc",16671213.65353309,0.0051177,0.2839204469388826,49
0.00000000015343660000000002,[],4,[],2019-03-18 04:11:59,527978587.8666691,1.5343660000000001e-18,6.158592219820001e-23,6962442,2019-03-18 04:11:59,ltc,25.901654676756078,0.0,0.00000001,ltc,8614125116.009727,0.0,8.101123939506297e-10,52
0,[],22,[],2019-03-18 04:12:48,0.0,0,0,6962443,2019-03-18 04:12:48,,0.0,0.0,0,,0.0,0.0,0.0,57
0.0000000003498697,[],27,[],2019-03-18 04:12:51,2000.0,3.498697e-18,1.404296505769e-22,6962444,2019-03-18 04:12:51,eth,0.0,0.0,0.00000001,"btc,eth",0.0,0.0,6.997394e-15,57
0.0000000001529347,[],4,[],2019-03-18 03:03:15,791782892.751,3.058694e-18,1.228395979952e-22,6962251,2019-03-18 03:03:15,ltc,18.657618255906574,0.0,0.00000002,ltc,4686368270.637704,0.0,1.8430444300086463e-09,58
1,[],12,[],2019-03-18 03:03:16,1431478294.0,0.0000000003,0.00000000000001204824,6962252,2019-03-18 03:03:16,btc,4264557.078419531,0.0,0.0000000003,btc,1606662087.7132866,0.013910451740859078,0.3677675823,58
0,[],22,[],2019-03-18 03:04:15,0.0,0,0,6962253,2019-03-18 03:04:15,,0.0,0.0,0,,0.0,0.0,0.0,58
0,[],17,[],2019-03-18 02:16:23,0.0,0,0,6962056,2019-03-18 02:16:23,btc,1e+24,0.0,0,btc,49226522.0897055,0.0,0.0,58
1,[],5,[],2019-03-18 03:04:17,0.0,0,0,6962254,2019-03-18 03:04:17,btc,0.0,0.02357038,0,btc,0.0,0.0,0.0,61
0,[],22,[],2019-03-18 03:05:06,0.0,0,0,6962255,2019-03-18 03:05:06,,0.0,0.0,0,,0.0,0.0,0.0,61
1,[],26,[],2019-03-18 03:05:06,0.0,0.00000800,0.0000000003212864,6962256,2019-03-18 03:05:06,btc,0.0,0.0,0.00000800,btc,0.0,0.0,0.0,61
1,[],27,[],2019-03-18 03:05:08,2138.56798,0.00000047,0.000000000018875576,6962257,2019-03-18 03:05:08,btc,2.8850305703141323,0.0,0.00000047,"btc,eth",19862.59257617,0.0,0.00019833999353964713,61
0,[],28,[],2019-03-18 03:05:10,0.0,0,0,6962258,2019-03-18 03:05:10,,0.0,0.0,0,,0.0,0.0,0.0,61
1,[],4,[],2019-03-18 03:05:11,1405533.83379969,0.00000221,0.000000000088755368,6962259,2019-03-18 03:05:11,btc,9.546583116729694,0.0,0.00000221,btc,810527.03973918,0.19702345,1.2432734908033702,67
0.0,[],25,[],2019-03-18 03:05:12,0.0,0,0,6962260,2019-03-18 03:05:12,,0.0,0.0,0.0,btc,0.0,0.0,0.0,67
1,[],12,[],2019-03-18 03:05:13,844921.86939069,0.00000015,0.00000000000602412,6962261,2019-03-18 03:05:13,btc,1111615.2156473342,0.0,0.00000015,btc,947119.34914189,0.00209064966034,0.0666792741918156,71
,[],5,[],2018-11-20 23:02:39,1.5e-07,0.00000005,0.000000000002128045,4862160,2018-11-20 23:02:39,btc,2.84511358,0.0,,btc,0.00036572,0.0,0.07381892,74
1,[],5,[],2019-03-18 03:05:15,0.0,0,0,6962262,2019-03-18 03:05:15,btc,0.0,0.0,0,btc,0.0,0.0,0.0,75
1,[],4,[],2019-03-18 03:05:17,13382103.94481309,0.00000001,0.000000000000401608,6962263,2019-03-18 03:05:17,btc,11370.01956508711,0.0,0.00000001,btc,39949505.59932191,0.0,0.1338210394481309,81
0,[],20,[],2019-01-25 09:30:31,0.0,0,0,6495923,2019-01-25 09:30:31,btc,0.0,0.0,0,btc,0.0,0.0,0.0,81
1,[],4,[],2019-03-18 03:05:19,23583.43202898,0.00008056,0.000000003235354048,6962264,2019-03-18 03:05:19,btc,17.913330118366357,0.0,0.00008056,btc,12080.4977079,0.03107137,0.0776350230165112,82
1,[],21,[],2019-03-18 03:05:21,919996.67893998,0.00007846000000000000434811908701,0.000000003151016368,6962265,2019-03-18 03:05:21,btc,2.8127258422007966,2068.8195278,0.00007846000000000000434811908700538651828537695109844207763671875,btc,31024.52547798,0.16403112,3.7765591212497296,82
0,[],17,[],2019-03-18 03:05:22,0.0,0,0,6962266,2019-03-18 03:05:22,btc,0.0447233088476774,0.0,0,btc,999127.19588126,0.0,0.0,84
0.0000000001529347,[],4,[],2019-03-18 03:05:23,150574885.518771,4.588041e-18,1.8425939699280001e-22,6962267,2019-03-18 03:05:23,ltc,1.6762916457983077,0.0,0.00000003,ltc,391359030.1066439,0.0,3.383285370942261e-10,85
,[],22,[],2018-11-20 23:09:34,3408.1,0.0000001,0.0000000000041895,4862324,2018-11-20 23:09:34,BTC,0.04624735,0.0,,BTC,4990.0,0.0,0.00033081,86
0,[],22,[],2019-03-18 03:06:12,0.0,0,0,6962268,2019-03-18 03:06:12,,0.0,0.0,0,,0.0,0.0,0.0,87
1,[],27,[],2019-03-18 03:06:15,50.0,0.00000001,0.000000000000401608,6962269,2019-03-18 03:06:15,btc,5.0620453089352,0.0,0.00000001,btc,27725.9038596,0.0,5e-07,87
,[],2,[],2018-11-20 23:10:47,0.0,0,0,4862359,2018-11-20 23:10:47,,0.0,0.0,,,0.0,0.0,0.0,88
1,[],11,[],2019-03-18 03:06:17,110489.99334604,0.00015020999999999998654291732957943850124138407409191131591796875,0.0000000060325537679999996,6962270,2019-03-18 03:06:17,btc,612.0338749797122,1.0,0.00015020999999999998654291732957943850124138407409191131591796875,btc,100894.79506984,0.0,8.88660480277577,89
0,[],2,[],2019-01-20 23:31:45,0.0,0,0,6477083,2019-01-20 23:31:45,,0.0,0.0,0,,0.0,0.0,0.0,91
1,[],12,[],2019-03-18 03:06:18,313097.29103297,0.00000092,0.000000000036947935999999997,6962271,2019-03-18 03:06:18,btc,58.444437785372685,0.0,0.00000092,btc,89143.65126046,8.96859758265e-05,0.0315365912999884,91
0,[],22,[],2019-03-18 03:07:18,0.0,0,0,6962272,2019-03-18 03:07:18,,0.0,0.0,0,,0.0,0.0,0.0,91
0,[],17,[],2019-03-18 01:38:27,0.0,0,0,6961876,2019-03-18 01:38:27,btc,0.0,0.0,0,btc,0.0,0.0,0.0,91
0,[],22,[],2019-03-18 03:08:08,0.0,0,0,6962273,2019-03-18 03:08:08,,0.0,0.0,0,,0.0,0.0,0.0,95
0.0000000001529347,[],4,[],2019-03-18 03:08:09,541012801.2512879,7.646735e-17,3.07098994988e-21,6962274,2019-03-18 03:08:09,ltc,11.883229230737586,0.0,0.0000005,ltc,134871968.21121505,0.0,1.2146962628384538e-09,96
0,[],12,[],2019-03-18 03:08:11,0.0,0,0,6962275,2019-03-18 03:08:11,btc,10.670117353856144,0.0,0,btc,3148038.38561436,0.0005871628371629,0.0,96
0,[],17,[],2019-03-18 02:21:16,0.0,0,0,6962080,2019-03-18 02:21:16,btc,0.0,0.0,0,btc,0.0,0.0,0.0,96
1,[],4,[],2019-03-18 03:08:13,3849535.81254886,0.00000060,0.00000000002409648,6962276,2019-03-18 03:08:13,btc,6.265079591220685,0.0,0.00000060,btc,3171743.19304046,0.89508051,0.8387990779078303,99
1,[],4,[],2019-03-18 03:08:14,291768.76793539,0.00003481,0.000000001397997448,6962277,2019-03-18 03:08:14,btc,11.399804134018401,0.0,0.00003481,btc,180702.7310065,0.97364432,1.7284629600184647,100
0,[],2,[],2019-01-20 23:23:55,0.0,0,0,6476914,2019-01-20 23:23:55,,0.0,0.0,0,,0.0,0.0,0.0,100
0,[],22,[],2019-03-18 03:09:03,0.0,0,0,6962278,2019-03-18 03:09:03,,0.0,0.0,0,,0.0,0.0,0.0,101
1,[],4,[],2019-03-18 03:09:05,425506.88566847,0.00000094,0.000000000037751152,6962279,2019-03-18 03:09:05,btc,292.5310220957918,0.0,0.00000094,btc,552898.64381678,0.07532792,0.2212092481798105,103
1,[],12,[],2019-03-18 03:09:08,34329242.22452997,0.000000008,0.00000000000032128640000000003,6962280,2019-03-18 03:09:08,btc,3219028.668784827,0.0,0.000000008,btc,66251220.18222775,0.00596775485502511,0.058323243796239765,105
0,[],27,[],2019-03-18 03:09:09,0.0,0,0,6962281,2019-03-18 03:09:09,,36.61186039936601,0.0,0,btc,1518052.60039724,0.0,0.0,105
0,[],22,[],2019-03-18 03:09:59,0.0,0,0,6962282,2019-03-18 03:09:59,,0.0,0.0,0,,0.0,0.0,0.0,107
1,[],26,[],2019-03-18 03:09:59,0.0,0.00000000,0,6962283,2019-03-18 03:09:59,btc,0.0,0.0,0.00000000,btc,0.0,0.0,0.0,107
1,[],5,[],2019-03-18 03:10:00,0.0,0,0,6962284,2019-03-18 03:10:00,btc,0.0,0.00072932,0,btc,0.0,0.0,0.0,112
0,[],22,[],2019-03-18 03:10:49,0.0,0,0,6962285,2019-03-18 03:10:49,,0.0,0.0,0,,0.0,0.0,0.0,112
0.0000000003494927,[],27,[],2019-03-18 03:10:52,2000.0,3.494927e-18,1.403590642616e-22,6962286,2019-03-18 03:10:52,eth,1.24996908,0.0,0.00000001,"btc,eth",1289.0,0.0,6.989854e-15,112
1,[],4,[],2019-03-18 03:10:53,1040196.39498476,0.00000175,0.0000000000702814,6962287,2019-03-18 03:10:53,btc,4.552109382857456,0.0,0.00000175,btc,415608.6285336,0.13161162,0.9357526248685358,113
1,[],5,[],2019-03-18 03:10:55,0.0,0,0,6962288,2019-03-18 03:10:55,btc,0.0,0.0,0,btc,0.0,0.0,0.0,113
1,[],17,[],2019-03-18 03:11:06,152738.278,0.00000004,0.000000000001606432,6962289,2019-03-18 03:11:06,btc,1.33680302678,0.0,0.00000004,btc,50696.221,0.0,0.0022095311199999998,116
0,[],27,[],2019-03-18 03:11:08,0.0,0,0,6962290,2019-03-18 03:11:08,,0.0,0.0,0,btc,0.0,0.0,0.0,116
1,[],4,[],2019-03-18 03:11:10,66476.93387733,0.00004797,0.000000001926513576,6962291,2019-03-18 03:11:10,btc,103.03073585679977,0.0,0.00004797,btc,46820.34937078,0.35022916,1.2516202824036649,120
1,[],7,[],2019-03-18 03:11:12,23238.61020184,0.00002669000000000000026394685048725108345024636946618556976318359375,0.000000001071891752,6962292,2019-03-18 03:11:12,btc,115651.2704258741,150.28774618,0.00002669000000000000026394685048725108345024636946618556976318359375,btc,27728.65002019,0.00701739,0.0586568121211971,120
1,[],20,[],2019-03-18 03:11:15,1562430.1285,0.000000034,0.0000000000013654672,6962293,2019-03-18 03:11:15,btc,32.3019190406648,9517.559,0.000000034,btc,1028084.0986,0.000323597006,0.0118051535596,125
0,[],22,[],2019-03-18 03:12:04,0.0,0,0,6962294,2019-03-18 03:12:04,,0.0,0.0,0,,0.0,0.0,0.0,126
1,[],4,[],2019-03-18 03:12:06,1255446.14517282,0.00001127,0.000000000452612216,6962295,2019-03-18 03:12:06,btc,3.1077307885510055,0.0,0.00001127,btc,131564.64755268,0.21910151,0.4635055555436992,131
0,[],17,[],2019-03-18 03:12:08,0.0,0,0,6962296,2019-03-18 03:12:08,btc,0.0953976503951408,0.0,0,btc,5037.62507334,0.0,0.0,131
0,[],2,[],2019-01-20 23:25:46,0.0,0,0,6476969,2019-01-20 23:25:46,,0.0,0.0,0,,0.0,0.0,0.0,131
1,[],4,[],2019-03-18 03:12:09,4593.00066452,0.00025175,0.0000000101104814,6962297,2019-03-18 03:12:09,btc,0.5257822744450135,0.0,0.00025175,btc,193.40119446,0.02010362,0.0158787518355483,135
1,[],3,[],2019-03-07 00:20:44,877702.73244099,0.00000004,0.00000000000154846,6863392,2019-03-07 00:20:44,btc,0.119366241821405,0.0,0.00000004,btc,760637.99421222,0.0,0.023771231960604298,136
1,[],4,[],2019-03-18 03:12:10,171125.42910847,0.00000122,0.000000000048996176,6962298,2019-03-18 03:12:10,btc,38.76748324265449,0.0,0.00000122,btc,580272.84576698,0.05358445,0.1383489240759908,137
1,[],12,[],2019-03-18 03:12:11,169559.11192964,0.00000110999999999999996035831596741250137938550324179232120513916015625,0.000000000044578487999999996,6962299,2019-03-18 03:12:11,btc,37.49957506935846,0.0,0.00000110999999999999996035831596741250137938550324179232120513916015625,btc,5286.32065971,0.0140469886442239,0.0100676699999332,137
1,[],4,[],2019-03-18 03:12:13,12595.69532031,0.00003550,0.0000000014257084,6962300,2019-03-18 03:12:13,btc,28.765103701149005,0.0,0.00003550,btc,51775.51799496,0.30965222,0.3450636477263492,142
1,[],5,[],2019-03-18 03:12:15,0.0,0,0,6962301,2019-03-18 03:12:15,btc,0.0,0.0848708,0,btc,0.0,0.0,0.0,142
1,[],20,[],2019-03-18 03:12:18,149104.622,0.00003007,0.000000001207635256,6962302,2019-03-18 03:12:18,btc,0.3359267524272,3.6583,0.00003007,btc,2242.1871,0.000109931915,0.3132994928537,142
0,[],22,[],2019-03-18 03:13:07,0.0,0,0,6962303,2019-03-18 03:13:07,,0.0,0.0,0,,0.0,0.0,0.0,142
0.0,[],25,[],2019-03-18 03:13:08,0.0,0,0,6962304,2019-03-18 03:13:08,,0.0,0.0,0.0,btc,0.0,0.0,0.0,142
0,[],28,[],2019-03-18 03:15:08,0.0,0,0,6962305,2019-03-18 03:15:08,,0.0,0.0,0,,0.0,0.0,0.0,142
1,[],17,[],2019-03-18 02:25:27,22967.386363640002,0.00000088,0.000000000035412608000000003,6962106,2019-03-18 02:25:27,btc,20.0699133484,0.0,0.00000088,btc,405.079105,0.0,0.0104613000000032,142
0,[],22,[],2019-03-18 03:15:57,0.0,0,0,6962306,2019-03-18 03:15:57,,0.0,0.0,0,,0.0,0.0,0.0,143
0,[],22,[],2019-02-25 15:42:22,0.0,0,0,6783783,2019-02-25 15:42:22,,4.2131946,0.0,0,,2322156.0,0.0,0.0,146
,[],22,[],2018-11-20 23:01:11,0.0,0,0,4862114,2018-11-20 23:01:11,,2.56807021,0.0,,,61828.4988236,0.0,0.0,147
1,[],12,[],2019-03-18 03:15:59,388956.15172135,0.0000027300000000000001199843176202808336938687716610729694366455078125,0.000000000109638984,6962307,2019-03-18 03:15:59,btc,9.693660785728097,0.0,0.0000027300000000000001199843176202808336938687716610729694366455078125,btc,108330.39740171,0.0,0.1690470299998972,148
1,[],4,[],2019-03-18 03:16:00,266169.26978151,0.00000029,0.000000000011646632,6962308,2019-03-18 03:16:00,btc,218.95231671029796,0.0,0.00000029,btc,806434.2620324,0.0,0.0636595099147635,152
0,[],22,[],2019-03-18 03:16:49,0.0,0,0,6962309,2019-03-18 03:16:49,,0.0,0.0,0,,0.0,0.0,0.0,152
1,[],5,[],2019-03-18 03:16:51,0.0,0,0,6962310,2019-03-18 03:16:51,btc,0.0,0.0,0,btc,0.0,0.0,0.0,153
,[],16,[],2019-01-11 15:38:59,0.0,0,0,6366141,2019-01-11 15:38:59,btc,0.0,0.0,,btc,0.0,0.0,0.0,155
0,[],23,[],2019-01-20 23:24:29,0.0,0,0,6476932,2019-01-20 23:24:29,,0.0,0.0,0,,0.0,0.0,0.0,156
0,[],22,[],2019-03-18 03:17:40,0.0,0,0,6962311,2019-03-18 03:17:40,,0.0,0.0,0,,0.0,0.0,0.0,156
0,[],22,[],2019-03-18 03:18:29,0.0,0,0,6962312,2019-03-18 03:18:29,,0.0,0.0,0,,0.0,0.0,0.0,157
0,[],22,[],2019-03-18 03:19:18,0.0,0,0,6962313,2019-03-18 03:19:18,,0.0,0.0,0,,0.0,0.0,0.0,158
,[],17,[],2018-11-20 22:56:10,0.0,0,0,4861976,2018-11-20 22:56:10,btc,1.1265625,0.0,,btc,1000.0,0.0,0.0,159
,[],20,[],2018-11-20 22:56:12,0.0,0,0,4861977,2018-11-20 22:56:12,btc,11912.7940471,0.0,,btc,34413894.3617,0.0,0.0,159
1,[],12,[],2019-03-18 03:19:19,235044.22636543,0.0000073400000000000000278401433850827828564433730207383632659912109375,0.000000000294780272,6962314,2019-03-18 03:19:19,btc,12.664799684574826,0.0,0.0000073400000000000000278401433850827828564433730207383632659912109375,btc,7587.40994528,0.0015563616521699,0.1158498586998852,168
1,[],17,[],2019-03-18 02:30:42,29784.95,0.000001,0.000000000040241599999999994,6962120,2019-03-18 02:30:42,btc,0.03026736251542,0.0,0.000001,btc,144.46171372,0.0,0.00716147,168
0,[],22,[],2019-03-18 03:20:19,0.0,0,0,6962315,2019-03-18 03:20:19,,0.0,0.0,0,,0.0,0.0,0.0,169
0,[],22,[],2019-03-18 03:21:10,0.0,0,0,6962316,2019-03-18 03:21:10,,0.0,0.0,0,,0.0,0.0,0.0,171
0,[],22,[],2019-03-18 03:21:59,0.0,0,0,6962317,2019-03-18 03:21:59,,0.0,0.0,0,,0.0,0.0,0.0,173
1,[],5,[],2019-03-18 03:22:01,0.0,0,0,6962318,2019-03-18 03:22:01,btc,0.0,0.0054767,0,btc,0.0,0.0,0.0,175
0,[],22,[],2019-03-18 03:22:50,0.0,0,0,6962319,2019-03-18 03:22:50,,0.0,0.0,0,,0.0,0.0,0.0,176
1,[],7,[],2019-03-18 03:22:51,9222269.27246133,0.00000001,0.000000000000401608,6962320,2019-03-18 03:22:51,btc,410194.1752859821,100928695.296,0.00000001,btc,33832624.61277177,1.01041771,0.09222269272461331,178
0,[],22,[],2019-03-18 03:23:40,0.0,0,0,6962321,2019-03-18 03:23:40,,0.0,0.0,0,,0.0,0.0,0.0,178
0,[],2,[],2019-01-20 23:28:34,0.0,0,0,6477001,2019-01-20 23:28:34,,0.0,0.0,0,,0.0,0.0,0.0,178
1,[],5,[],2019-03-18 03:23:43,0.0,0,0,6962322,2019-03-18 03:23:43,btc,0.0,0.06742694,0,btc,0.0,0.0,0.0,179
0,[],22,[],2019-03-18 03:24:32,0.0,0,0,6962323,2019-03-18 03:24:32,,0.0,0.0,0,,0.0,0.0,0.0,179
0,[],23,[],2019-01-20 23:25:08,0.0,0,0,6476952,2019-01-20 23:25:08,,0.0,0.0,0,,0.0,0.0,0.0,179
1,[],17,[],2019-03-18 03:24:34,10504.725,0.0000001,0.00000000000401608,6962324,2019-03-18 03:24:34,btc,5.201069583844435,0.0,0.0000001,btc,5033.45945,0.0,0.0010504725,180
0,[],22,[],2019-03-18 03:25:23,0.0,0,0,6962325,2019-03-18 03:25:23,,0.0,0.0,0,,0.0,0.0,0.0,180
1,[],26,[],2019-03-18 03:25:23,0.0,0.00000126,0.000000000050602608,6962326,2019-03-18 03:25:23,btc,0.0,0.0,0.00000126,btc,0.0,0.0,0.0,180
,[],7,[],2018-11-20 22:58:01,562227.975654,0.00000085,0.000000000036176765,4862015,2018-11-20 22:58:01,btc,21836.6059674,2491.87645172,,btc,749999.041456,0.00211021,0.127565380455,183
,[],5,[],2019-01-10 08:11:41,0.0,0,0,6347036,2019-01-10 08:11:41,btc,82.15055501,0.00261,,btc,1.19002445,0.0,0.0,187
1,[],24,[],2019-03-18 03:25:23,0.0,0.000000000001,4.01608e-17,6962327,2019-03-18 03:25:23,btc,0.0,0.0,0.000000000001,btc,0.0,0.0,0.0,187
,[],17,[],2018-11-16 20:58:10,4062536.27273,0.00000001,0.000000000000550501,4708775,2018-11-16 20:58:10,btc,3.36492563466,0.195460381006,,"btc,eth",110697919.549,0.0,0.0157628953496,187
0,[],22,[],2019-03-18 03:26:12,0.0,0,0,6962328,2019-03-18 03:26:12,,0.0,0.0,0,,0.0,0.0,0.0,191
0,[],22,[],2019-03-18 03:27:02,0.0,0,0,6962329,2019-03-18 03:27:02,,0.0,0.0,0,,0.0,0.0,0.0,197
0,[],23,[],2019-01-20 23:31:41,0.0,0,0,6477079,2019-01-20 23:31:41,,0.0,0.0,0,,0.0,0.0,0.0,199
0,[],22,[],2019-03-18 03:27:51,0.0,0,0,6962330,2019-03-18 03:27:51,,0.0,0.0,0,,0.0,0.0,0.0,199
1,[],26,[],2019-03-18 03:27:51,0.0,0.00000000,0,6962331,2019-03-18 03:27:51,btc,0.0,131404.0,0.00000000,btc,0.0,0.0,0.0,199
0,[],2,[],2019-01-20 23:30:49,0.0,0,0,6477059,2019-01-20 23:30:49,,0.0,0.0,0,,0.0,0.0,0.0,201
1,[],4,[],2019-01-25 15:51:35,2084389.58565343,0.00000936,0.000000000333526752,6499557,2019-01-25 15:51:35,btc,2.0092503037378524,0.0,0.00000936,btc,160195.80207885,0.19272417,1.242687955921835,211
1,[],7,[],2019-03-18 03:27:55,4238115.98248932,0.0000010600000000000000155604695795119596368749625980854034423828125,0.000000000042570448,6962332,2019-03-18 03:27:55,btc,15476702.093322368,2231796.98249,0.0000010600000000000000155604695795119596368749625980854034423828125,btc,14325547.52249738,0.0,2.984573682354253,212
1,[],12,[],2019-01-25 02:44:32,207462.42853209,0.000001080000000000000035831255497387193287295303889550268650054931640625,0.000000000038610756000000006,6493050,2019-01-25 02:44:32,btc,85023.03793723314,0.0,0.000001080000000000000035831255497387193287295303889550268650054931640625,btc,43675.73520027,0.000146250909087,0.0348620860622024,213
1,[],5,[],2019-03-18 03:27:57,0.0,0,0,6962333,2019-03-18 03:27:57,btc,0.0,0.10065191,0,btc,0.0,0.0,0.0,213
1,[],24,[],2019-03-18 03:27:57,0.0,0.000000220000,0.000000000008835376,6962334,2019-03-18 03:27:57,btc,0.0,0.0,0.000000220000,btc,0.0,0.0,0.0,213
1,[],26,[],2019-03-18 03:27:57,0.0,0.00000040,0.00000000001606432,6962335,2019-03-18 03:27:57,btc,0.0,0.0,0.00000040,btc,0.0,0.0,0.0,213
0,[],22,[],2019-03-18 03:28:46,0.0,0,0,6962336,2019-03-18 03:28:46,,0.0,0.0,0,,0.0,0.0,0.0,216
1,[],27,[],2019-03-18 03:28:49,1233122.0,0.00000003,0.000000000001204824,6962337,2019-03-18 03:28:49,btc,316.9780375147724,0.0,0.00000003,"btc,ltc",245929.924324,0.0,0.033757640000076465,216
0,[],22,[],2019-03-18 03:29:38,0.0,0,0,6962338,2019-03-18 03:29:38,,0.0,0.0,0,,0.0,0.0,0.0,217
1,[],7,[],2019-03-18 03:29:39,0.0,0,0,6962339,2019-03-18 03:29:39,btc,77969.33757097446,0.0,0,btc,135811624.2426053,0.0,0.0,219
0,[],27,[],2019-03-18 03:29:41,0.0,0,0,6962340,2019-03-18 03:29:41,,0.03997288,0.0,0,btc,2007233.0,0.0,0.0,219
0.0000000000000052,[],28,[],2019-03-18 03:33:27,170722989.525,2.6e-18,1.0441808e-22,6962341,2019-03-18 03:33:27,doge,115344.65767181761,6037.0,0.00050000,"btc,doge",8237798.14061,0.0,1.735449385700524e-11,219
0,[],22,[],2019-03-18 03:34:16,0.0,0,0,6962342,2019-03-18 03:34:16,,0.0,0.0,0,,0.0,0.0,0.0,221
1,[],24,[],2019-03-18 03:34:16,0.0,0.000000200000,0.00000000000803216,6962343,2019-03-18 03:34:16,btc,0.0,0.0,0.000000200000,btc,0.0,0.0,0.0,221
1,[],20,[],2019-03-18 03:34:18,45693758.4686,0.000000003,0.0000000000001204824,6962344,2019-03-18 03:34:18,btc,49.3918638691693,2541411.4274,0.000000003,btc,13651956.9874,0.0234191076523,0.0541194338552,224
0,[],22,[],2019-03-18 03:35:08,0.0,0,0,6962345,2019-03-18 03:35:08,,0.0,0.0,0,,0.0,0.0,0.0,224
1,[],26,[],2019-03-18 03:35:08,0.0,0.00000022,0.000000000008835376,6962346,2019-03-18 03:35:08,btc,0.0,0.0,0.00000022,btc,0.0,0.0,0.0,231
1,[],26,[],2019-03-18 03:35:08,0.0,0.00000005,0.00000000000200804,6962347,2019-03-18 03:35:08,btc,0.0,100.0,0.00000005,btc,0.0,0.0,0.0,234
0.0000000003494927,[],27,[],2019-03-18 03:35:12,2000.0,3.494927e-18,1.403590642616e-22,6962348,2019-03-18 03:35:12,eth,0.01134836604,0.0,0.00000001,"btc,eth",11462.996,0.0,6.989854e-15,234
1,[],4,[],2019-03-18 03:35:14,1025186.77937569,0.00000103,0.000000000041365624,6962349,2019-03-18 03:35:14,btc,4.407148796305864,0.0,0.00000103,btc,1106776.78776852,0.20336076,0.3849590064341673,236
1,[],24,[],2019-03-18 03:35:14,0.0,0.000000500000,0.0000000000200804,6962350,2019-03-18 03:35:14,btc,0.0,0.0,0.000000500000,btc,0.0,0.0,0.0,236
1,[],20,[],2019-03-18 03:35:16,217298489.232,0.000000043,0.0000000000017269144,6962351,2019-03-18 03:35:16,btc,94.3690329555807,5967856.7035,0.000000043,btc,30465079.1956,0.278323240829,0.3557629929852,237
0,[],22,[],2019-03-18 03:36:06,0.0,0,0,6962352,2019-03-18 03:36:06,,0.0,0.0,0,,0.0,0.0,0.0,237
1,[],4,[],2019-03-18 03:36:07,10839646.86367799,0.00000037,0.000000000014859496,6962353,2019-03-18 03:36:07,btc,5.818399612182065,0.0,0.00000037,btc,8175178.5898832,0.26420865,3.0727335999341014,238
1,[],5,[],2019-03-18 03:36:09,0.0,0,0,6962354,2019-03-18 03:36:09,btc,0.0,0.02171321,0,btc,0.0,0.0,0.0,238
0,[],22,[],2019-03-12 16:49:32,0.0,0,0,6914458,2019-03-12 16:49:32,,0.40415746,0.0,0,,526736.5639027493,0.0,0.0,249
0,[],22,[],2019-03-18 03:36:58,0.0,0,0,6962355,2019-03-18 03:36:58,,0.0,0.0,0,,0.0,0.0,0.0,252
0,[],28,[],2019-03-18 03:40:34,0.0,0,0,6962356,2019-03-18 03:40:34,,0.0,0.0,0,,0.0,0.0,0.0,256
0,[],22,[],2019-03-18 03:41:23,0.0,0,0,6962357,2019-03-18 03:41:23,,0.0,0.0,0,,0.0,0.0,0.0,258
1,[],22,[],2019-03-13 00:07:30,47146.0,0.00000001,0.000000000000387233,6917028,2019-03-13 00:07:30,BTC,2.415167,0.0,0.00000001,BTC,157.0,0.0,0.00047146,259
1,[],5,[],2019-03-18 03:41:25,0.0,0,0,6962358,2019-03-18 03:41:25,btc,0.0,0.00516794,0,btc,0.0,0.0,0.0,264
1,[],20,[],2019-03-18 03:41:27,1295271.3915,0.000002,0.0000000000803216,6962359,2019-03-18 03:41:27,btc,7.1883772780525,2231.4215,0.000002,btc,96727.9466,0.0060948878547,0.031687216777,264
0,[],22,[],2019-03-18 03:42:16,0.0,0,0,6962360,2019-03-18 03:42:16,,0.0,0.0,0,,0.0,0.0,0.0,271
0,[],22,[],2019-03-18 03:43:05,0.0,0,0,6962361,2019-03-18 03:43:05,,0.0,0.0,0,,0.0,0.0,0.0,272
0.0000000000000052,[],28,[],2019-03-18 03:47:13,206317293566.671,3.848e-21,1.545387584e-25,6962362,2019-03-18 03:47:13,doge,147653686.64383712,102095675.979,0.00000074,doge,246822028812.2514,0.0,5.320051861620695e-10,272
0,[],22,[],2019-03-18 03:48:02,0.0,0,0,6962363,2019-03-18 03:48:02,,0.0,0.0,0,,0.0,0.0,0.0,281
0,[],22,[],2019-03-18 03:48:53,0.0,0,0,6962364,2019-03-18 03:48:53,,0.0,0.0,0,,0.0,0.0,0.0,286
0,[],22,[],2019-03-18 03:49:34,0.0,0,0,6962365,2019-03-18 03:49:34,,0.0,0.0,0,,0.0,0.0,0.0,294
