pairValue,buyBook,exchangeId,sellBook,updated,buyTotal,satoshiPrice,usdPrice,exchangeLogId,created,bestPair,sellTotalBtc,volume,pairPrice,activePairs,sellTotal,volumeBtc,buyTotalBtc,coinId
1,[],3,[],2019-03-16 02:27:42,30534.23548254696,0.0132247700000000002751310290705077932216227054595947265625,0.0000005239495176760001,6942159,2019-03-16 02:27:42,btc,61.14697703723062,2.71830382706,0.0132247700000000002751310290705077932216227054595947265625,btc,26.99821843822,0.0,0.21974220833368802,1
1,[],4,[],2019-03-16 02:27:43,207766.74568542,0.01318193,0.000000522252248284,6942160,2019-03-16 02:27:43,btc,13.623196314061447,0.0,0.01318193,btc,273.89521041,1.3552329,1.3022864346611138,1
1,[],5,[],2019-03-16 02:27:46,0.0,0,0,6942161,2019-03-16 02:27:46,btc,0.0,0.10129501,0,btc,0.0,0.0,0.0,1
1,[],10,[],2019-03-16 02:27:48,413745.18967377,0.01107048,0.00000043859913302400004,6942162,2019-03-16 02:27:48,btc,6522.0713624187765,2260.94500701,0.01107048,btc,954.32100292,0.0,4.504580641216129,1
0,[],2,[],2019-01-20 23:28:45,0.0,0,0,6477011,2019-01-20 23:28:45,,0.0,0.0,0,,0.0,0.0,0.0,1
1,[],12,[],2019-03-16 02:27:51,101.07659227,0.01323000000000000044020342926387456827796995639801025390625,0.000000524156724,6942163,2019-03-16 02:27:51,btc,0.2994566676655,0.0,0.01323000000000000044020342926387456827796995639801025390625,btc,22.14359035,0.041858743734,0.268110999939,1
1,[],20,[],2019-03-16 02:27:53,1152.4766,0.01050023,0.00000041600651232400003,6942164,2019-03-16 02:27:53,btc,0.0552085068997,0.0,0.01050023,btc,2.4565,0.0,0.0960064155941,1
1,[],21,[],2019-03-16 02:27:55,1923.36731827,0.01328952000000000084611873064,0.000000526514834976,6942165,2019-03-16 02:27:55,btc,28.557389358219222,9926.32554161,0.01328952000000000084611873063522580196149647235870361328125,"btc,eth",3364.04719343,125.58768712840211,18.858595512957347,1
1,[],22,[],2019-03-16 02:28:11,0.07686088253968254,0.01260000,0.00000049919688,6942166,2019-03-16 02:28:11,BTC,0.31439419,0.0,0.01260000,BTC,0.12751438772928525,0.0,0.00096785,1
1,[],24,[],2019-03-16 02:28:12,0.0,0.000000000000,0,6942167,2019-03-16 02:28:12,btc,0.0,0.0,0.000000000000,btc,0.0,0.0,0.0,1
0.0,[],25,[],2019-03-16 02:28:13,0.0,0,0,6942168,2019-03-16 02:28:13,btc,43.46679999751526,500.83098871,0.0,btc,3202.87409209,6.66,0.0,1
1,[],26,[],2019-03-16 02:28:14,0.0,0,0,6942169,2019-03-16 02:28:14,,0.0,0.0,0,,0.0,0.0,0.0,1
1,[],28,[],2019-03-16 02:28:16,993.038,0.01232000,0.000000488103616,6942170,2019-03-16 02:28:16,btc,0.147901439075,18410.6,0.01232000,btc,7.9421,0.0,0.087801256,1
1,[],5,[],2019-03-16 02:28:18,0.0,0,0,6942171,2019-03-16 02:28:18,btc,0.0,0.00506699,0,btc,0.0,0.0,0.0,2
0,[],22,[],2019-03-16 02:28:34,0.0,0,0,6942172,2019-03-16 02:28:34,,0.0,0.0,0,,0.0,0.0,0.0,2
1,[],5,[],2019-03-16 02:28:36,0.0,0,0,6942173,2019-03-16 02:28:36,btc,0.0,0.13611179,0,btc,0.0,0.0,0.0,3
1,[],12,[],2019-03-16 02:28:38,2723407.92740555,0.0000002,0.00000000000792376,6942174,2019-03-16 02:28:38,btc,22818.322400939636,0.0,0.0000002,btc,1049956.58087481,0.14327408640538788,0.384025558998149,3
0,[],28,[],2019-03-16 02:28:40,0.0,0,0,6942175,2019-03-16 02:28:40,,0.0,0.0,0,,0.0,0.0,0.0,3
0,[],2,[],2019-01-20 23:31:32,0.0,0,0,6477077,2019-01-20 23:31:32,,0.0,0.0,0,,0.0,0.0,0.0,4
1,[],4,[],2019-03-16 02:28:41,405882.07972706,0.00000032,0.000000000012678016,6942176,2019-03-16 02:28:41,btc,32.056418260480605,0.0,0.00000032,btc,725153.97080371,0.00558149,0.0477860437254762,4
1,[],12,[],2019-03-16 02:28:43,445125.0,0.00000002,0.000000000000792376,6942177,2019-03-16 02:28:43,btc,1111853.28788914,0.0,0.00000002,btc,769805.33266733,6.3e-06,0.00486174,5
0,[],2,[],2019-01-20 23:31:51,0.0,0,0,6477087,2019-01-20 23:31:51,,0.0,0.0,0,,0.0,0.0,0.0,6
1,[],11,[],2019-03-16 02:28:46,4128120.39882,0.00000002,0.000000000000792376,6942178,2019-03-16 02:28:46,btc,9574.328393827846,95000.0,0.00000002,btc,42762212.92614274,0.0,0.0488047513342,6
1,[],3,[],2019-03-16 02:41:49,1087.833962084558,0.000154759999999999988719301402539940681890584528446197509765625,0.000000006118188984,6942338,2019-03-16 02:41:49,btc,29.634085403952064,0.0,0.000154759999999999988719301402539940681890584528446197509765625,btc,239.122414578101,0.0,0.03439493781756314,7
1,[],4,[],2019-03-16 02:41:50,80085.88873695,0.00020236,0.000000007999978824,6942339,2019-03-16 02:41:50,btc,9.611216844700342,0.0,0.00020236,btc,35906.68199056,10.32955732,5.40850605348507,7
1,[],5,[],2019-03-16 02:41:53,0.0,0,0,6942340,2019-03-16 02:41:53,btc,0.0,1.99346755,0,btc,0.0,0.0,0.0,7
1,[],20,[],2019-02-20 02:16:17,39399275.8418,0.000000001,0.0000000000000390183,6728586,2019-02-20 02:16:17,btc,116.9737569154545,525.0,0.000000001,btc,56932965.8895,5.25e-07,0.0393992758418,8
0,[],2,[],2019-01-20 23:22:42,0.0,0,0,6476876,2019-01-20 23:22:42,,0.0,0.0,0,,0.0,0.0,0.0,9
0,[],23,[],2019-01-20 23:22:48,0.0,0,0,6476878,2019-01-20 23:22:48,,0.0,0.0,0,,0.0,0.0,0.0,9
1,[],1,[],2019-02-17 23:31:42,1822507.21,0.00000181000000000000003456111265232042484285557293333113193511962890625,0.000000000066086901,6701244,2019-02-17 23:31:42,btc,3.6990969245,17153386.5,0.00000181000000000000003456111265232042484285557293333113193511962890625,btc,1997391.71,31.11772986,3.2610482446,9
1,[],4,[],2019-03-16 02:28:51,1814553.81438507,0.00000160,0.00000000006339008000000001,6942182,2019-03-16 02:28:51,btc,8.325957534924017,0.0,0.00000160,btc,3615341.17994359,1.8240139,1.2356605261393403,9
1,[],28,[],2019-03-16 02:28:53,26353.0,0.00000159,0.000000000062993892,6942183,2019-03-16 02:28:53,btc,2708.770603154283,3657363.0,0.00000159,btc,17073.9197,0.0,0.0147295,9
1,[],4,[],2019-02-17 11:22:43,4341674.27126056,0.00000002,0.0000000000007272960000000001,6696112,2019-02-17 11:22:43,btc,0.1997230937751353,0.0,0.00000002,btc,4109766.79808031,0.00215132,0.0479381022052112,10
0,[],2,[],2019-01-20 23:23:08,0.0,0,0,6476890,2019-01-20 23:23:08,,0.0,0.0,0,,0.0,0.0,0.0,12
1,[],4,[],2019-03-16 02:41:55,6865460.79461903,0.00000209,0.000000000082624806,6942341,2019-03-16 02:41:55,btc,18.05994670101835,0.0,0.00000209,btc,6491245.18635436,10.73817675,5.985151706512708,12
1,[],5,[],2019-03-16 02:41:57,0.0,0,0,6942342,2019-03-16 02:41:57,btc,0.0,0.27684872,0,btc,0.0,0.0,0.0,12
0.0,[],25,[],2019-03-16 02:41:58,0.0,0,0,6942343,2019-03-16 02:41:58,,0.0,0.0,0.0,btc,0.0,0.0,0.0,12
1,[],4,[],2019-03-16 02:28:59,31966950.30196169,0.00001155,0.00000000045759714000000003,6942187,2019-03-16 02:28:59,btc,3.24936991577495,0.0,0.00001155,btc,228449.65903173,8.45114789,1.1835824987072132,13
1,[],10,[],2019-03-16 02:29:01,453289.0486532,0.00001136,0.000000000450069568,6942188,2019-03-16 02:29:01,btc,666777.2204668291,90028.7216297,0.00001136,btc,651528.45093797,0.0,0.4423615063286682,13
1,[],21,[],2019-03-16 02:29:03,890906.44724127,0.00001170999999999999969244653814,0.00000000046393614800000003,6942189,2019-03-16 02:29:03,btc,19.94331035609542,19499923.59383468,0.000011709999999999999692446538135381928213973878882825374603271484375,btc,1496814.13292054,201.87673333,9.1688034875753,13
1,[],4,[],2019-03-16 02:29:05,1854763.21401519,0.00000078,0.000000000030902664000000004,6942190,2019-03-16 02:29:05,btc,5.395609250332079,0.0,0.00000078,btc,1035023.09990485,0.09588212,0.3643542219995702,14
1,[],12,[],2019-03-16 02:29:06,294285.50704225,0.00000071,0.000000000028129348,6942191,2019-03-16 02:29:06,btc,0.0559815791343418,0.0,0.00000071,btc,13756.8948088,0.00071296,0.0239369199999975,14
0,[],17,[],2019-03-16 02:29:07,0.0,0,0,6942192,2019-03-16 02:29:07,btc,0.0,0.0,0,btc,0.0,0.0,0.0,14
1,[],26,[],2019-03-16 02:29:07,0.0,0.00000050,0.0000000000198094,6942193,2019-03-16 02:29:07,btc,0.0,0.0,0.00000050,btc,0.0,0.0,0.0,14
,[],12,[],2018-12-01 15:15:48,204241.84496,0.00000489,0.000000000202473384,5260204,2018-12-01 15:15:48,btc,49.5475654835,0.0,,btc,35763.2193806,0.0163153972027625,0.0203389899998,15
0,[],4,[],2019-03-16 02:29:09,0.0,0,0,6942194,2019-03-16 02:29:09,,0.0,0.0,0,,0.0,0.0,0.0,15
0,[],2,[],2019-01-20 23:23:38,0.0,0,0,6476906,2019-01-20 23:23:38,,0.0,0.0,0,,0.0,0.0,0.0,18
1,[],4,[],2019-03-16 02:29:10,25944.43959448,0.00001496,0.000000000592697248,6942195,2019-03-16 02:29:10,btc,3.7766469954861384,0.0,0.00001496,btc,18383.10852952,0.05094209,0.0724629969794167,18
1,[],10,[],2019-03-16 02:29:12,784629.58903106,0.00001463,0.0000000005796230440000001,6942196,2019-03-16 02:29:12,btc,15.40938865771454,11441.7334098,0.00001463,btc,13500.7661649,0.0,0.1399094587149857,18
1,[],12,[],2019-03-16 02:29:13,324942.7535363,0.00001277999999999999961226328226704396229251869954168796539306640625,0.000000000506328264,6942197,2019-03-16 02:29:13,btc,33214.726687713715,0.0,0.00001277999999999999961226328226704396229251869954168796539306640625,btc,748.77095736,0.020031743383237,0.0190013185668754,18
0,[],17,[],2019-03-16 02:29:25,0.0,0,0,6942198,2019-03-16 02:29:25,btc,0.0,0.0,0,btc,0.0,0.0,0.0,18
0,[],2,[],2019-01-20 23:24:19,0.0,0,0,6476924,2019-01-20 23:24:19,,0.0,0.0,0,,0.0,0.0,0.0,19
1,[],3,[],2019-03-16 02:29:26,120822.50504247534,0.0000204000000000000011944438493838305248573306016623973846435546875,0.0000000008082235200000001,6942199,2019-03-16 02:29:26,btc,0.6760554721806504,394.741741621,0.0000204000000000000011944438493838305248573306016623973846435546875,btc,14934.950066107873,0.0,0.058112125793949046,19
1,[],4,[],2019-03-16 02:29:27,232180.16600893,0.00001996,0.000000000790791248,6942200,2019-03-16 02:29:27,btc,2.748584129680541,0.0,0.00001996,btc,84243.48274464,1.37393809,2.5286753481413626,19
1,[],5,[],2019-03-16 02:29:29,0.0,0,0,6942201,2019-03-16 02:29:29,btc,0.0,0.0,0,btc,0.0,0.0,0.0,19
1,[],12,[],2019-03-16 02:29:31,192199.35005973,0.000019369999999999999197586308952168110408820211887359619140625,0.000000000767416156,6942202,2019-03-16 02:29:31,btc,0.70155621221252,0.0,0.000019369999999999999197586308952168110408820211887359619140625,btc,442.84086563,0.0,0.0395709699998802,19
0,[],27,[],2019-03-16 02:29:33,0.0,0,0,6942203,2019-03-16 02:29:33,,0.0,0.0,0,btc,0.0,0.0,0.0,19
1,[],4,[],2019-03-16 02:29:34,2760977.5211836,0.00000012,0.000000000004754256,6942204,2019-03-16 02:29:34,btc,7.3822217746397,0.0,0.00000012,btc,2872436.96906976,0.00270579,0.0755019692131473,20
0,[],17,[],2019-03-16 01:09:33,0.0,0,0,6941812,2019-03-16 01:09:33,btc,0.0,0.0,0,btc,0.0,0.0,0.0,21
1,[],4,[],2019-03-16 02:29:35,98537787.9883036,0.00000002,0.000000000000792376,6942205,2019-03-16 02:29:35,btc,39174.341009564916,0.0,0.00000002,btc,53649765.60673696,0.00198394,1.0991608126667125,21
1,[],12,[],2019-03-16 02:29:36,1755012.0,0.00000001,0.000000000000396188,6942206,2019-03-16 02:29:36,btc,1247.531233448981,0.0,0.00000001,btc,2498661.94905095,0.0022750003596402,0.01755012,21
0,[],27,[],2019-03-16 02:29:50,0.0,0,0,6942208,2019-03-16 02:29:50,,13.83979783885341,0.0,0,eth,6296692.91714486,0.0,0.0,23
1,[],12,[],2019-03-16 02:29:49,2614759171.0,0.0000000001,0.00000000000000396188,6942207,2019-03-16 02:29:49,btc,1933695.4356109675,0.0,0.0000000001,btc,1712589772.8865025,0.03810467269560439,0.2614759171,23
1,[],4,[],2019-03-16 02:29:52,701894.42490226,0.00000051,0.000000000020205588,6942209,2019-03-16 02:29:52,btc,10.020402353982846,0.0,0.00000051,btc,1612973.77040843,0.00801921,0.185419884276781,24
1,[],22,[],2019-03-16 02:30:05,11.76,0.00000100,0.0000000000396188,6942210,2019-03-16 02:30:05,BTC,7.415e-05,0.0,0.00000100,BTC,23.919354838709676,0.0,1.176e-05,24
0.0,[],25,[],2019-03-16 02:30:07,0.0,0,0,6942211,2019-03-16 02:30:07,,0.0,0.0,0.0,btc,0.0,0.0,0.0,24
1,[],4,[],2019-03-16 02:30:08,28194877.87283706,0.00000675,0.0000000002674269,6942212,2019-03-16 02:30:08,btc,84.42638492223405,0.0,0.00000675,btc,243845.7770484,0.35818078,0.5325410058088754,26
1,[],10,[],2019-03-16 02:30:09,601588.17796761,0.00000543,0.000000000215130084,6942213,2019-03-16 02:30:09,btc,26.08247808808529,3651.64161257,0.00000543,btc,14465.9645187,0.0,0.1493826520697409,26
0,[],2,[],2019-01-20 23:25:56,0.0,0,0,6476976,2019-01-20 23:25:56,,0.0,0.0,0,,0.0,0.0,0.0,26
1,[],3,[],2019-03-16 02:30:10,10888539.54084747,0.00000001,0.000000000000396188,6942214,2019-03-16 02:30:10,btc,2.0419950364540074,344.0,0.00000001,btc,14990829.16060025,0.0,0.1088853954084747,27
1,[],5,[],2019-03-16 02:30:11,0.0,0,0,6942215,2019-03-16 02:30:11,btc,0.0,0.00085173,0,btc,0.0,0.0,0.0,27
1,[],11,[],2019-03-16 02:30:13,8483578.24590115,0.00000006,0.000000000002377128,6942216,2019-03-16 02:30:13,btc,67506.1992155516,5956.66666667,0.00000006,btc,7966196.08369704,0.0,0.4686349049180229,27
1,[],4,[],2019-03-16 02:30:14,2185709690.5101976,0.00000002,0.000000000000792376,6942217,2019-03-16 02:30:14,btc,2.9151055845574403,0.0,0.00000002,"btc,ltc",278624866.44528663,5.09606483,10.314645931639994,29
1,[],7,[],2019-03-16 02:30:16,35611182.13418711,0.00000001,0.000000000000396188,6942218,2019-03-16 02:30:16,btc,44461604.29289064,674.32567432,0.00000001,btc,52437394.81183364,1.349e-05,0.3561118213418711,29
1,[],4,[],2019-03-16 02:30:17,4264753.8514859,0.00000018,0.0000000000071313840000000005,6942219,2019-03-16 02:30:17,btc,2.6801527838083676,0.0,0.00000018,btc,2175543.61495977,0.00885323,0.1340122146751414,30
0,[],17,[],2019-03-16 02:30:29,0.0,0,0,6942220,2019-03-16 02:30:29,btc,0.0,0.0,0,btc,0.0,0.0,0.0,30
1,[],4,[],2019-03-16 02:30:30,195541.16577806,0.00005740,0.0000000022741191200000002,6942221,2019-03-16 02:30:30,btc,9.371131683689264,0.0,0.00005740,btc,114794.75224829,0.75710401,1.908800455890769,31
1,[],21,[],2019-03-16 02:30:31,25048.67825218,0.00005773999999999999944121087392,0.000000002287589512,6942222,2019-03-16 02:30:31,btc,5.745089693137336,80921.09683704,0.00005773999999999999944121087391835089874803088605403900146484375,btc,90491.22545374,4.66512365,1.352631854520906,31
0,[],2,[],2019-01-20 23:28:43,0.0,0,0,6477009,2019-01-20 23:28:43,,0.0,0.0,0,,0.0,0.0,0.0,32
1,[],4,[],2019-03-16 02:30:32,411435854.3897265,0.00000004,0.000000000001584752,6942223,2019-03-16 02:30:32,btc,8.630252561423687,0.0,0.00000004,"btc,ltc",173570682.98872584,0.84840245,9.192981470772603,33
1,[],12,[],2019-03-16 02:30:34,27173506.658999998,0.00000004,0.000000000001584752,6942224,2019-03-16 02:30:34,btc,2818210.4435316077,0.0,0.00000004,btc,18393494.75124867,0.006072314485515,0.62282569672,33
1,[],4,[],2019-03-16 02:30:35,91595933.43631107,0.00000001,0.000000000000396188,6942225,2019-03-16 02:30:35,btc,3.3914783115050544,0.0,0.00000001,btc,104049487.78246406,0.02331554,0.9159593343631107,34
1,[],5,[],2019-03-16 02:30:37,0.0,0,0,6942226,2019-03-16 02:30:37,btc,0.0,9.666e-05,0,btc,0.0,0.0,0.0,34
0.00000000015441860000000001,[],4,[],2019-03-16 02:30:37,3802315646.7306705,1.544186e-18,6.117879629680001e-23,6942227,2019-03-16 02:30:37,ltc,4.972978823795257e-08,0.0,0.00000001,ltc,6391091931.445046,0.0,5.871482589262447e-09,36
1,[],5,[],2019-03-16 02:30:39,0.0,0,0,6942228,2019-03-16 02:30:39,btc,0.0,0.0,0,btc,0.0,0.0,0.0,36
0,[],17,[],2019-03-16 02:30:40,0.0,0,0,6942229,2019-03-16 02:30:40,btc,0.0746458232965017,0.0,0,btc,4103573.70243647,0.0,0.0,36
0.00000000035086830000000003,[],27,[],2019-03-16 02:30:44,998000.16325,3.508683e-18,1.390098100404e-22,6942230,2019-03-16 02:30:44,eth,223.68719070580784,0.0,0.00000001,"ltc,eth",12165396.31058689,0.0,1.5410982007924998e-12,36
1,[],4,[],2019-03-16 02:30:45,220319.94791942,0.00000061,0.000000000024167468,6942231,2019-03-16 02:30:45,btc,19772.479203807452,0.0,0.00000061,btc,583279.45420236,0.00210386,0.0922313412247574,37
1,[],12,[],2019-03-16 02:30:47,309616.15686274,0.00000057,0.000000000022582716000000002,6942232,2019-03-16 02:30:47,btc,22.42813203703168,0.0,0.00000057,btc,396340.63243193,0.0336544540104182,0.0818924424886853,37
1,[],17,[],2019-03-16 02:30:49,1752.74075282,0.00000025,0.0000000000099047,6942233,2019-03-16 02:30:49,btc,0.0554849239899668,0.0,0.00000025,btc,1387.19918473,0.0,0.00043818518820499993,37
1,[],27,[],2019-03-16 02:30:51,14685.567,0.00000045,0.00000000001782846,6942234,2019-03-16 02:30:51,btc,24.25536383611233,0.0,0.00000045,btc,6518.38138508,0.0,0.00480032515,37
1,[],5,[],2019-03-16 02:30:53,0.0,0,0,6942235,2019-03-16 02:30:53,btc,0.0,0.0830288,0,btc,0.0,0.0,0.0,42
1,[],12,[],2019-03-16 02:30:55,254913.52029066,0.0000009,0.00000000003565692,6942236,2019-03-16 02:30:55,btc,5.619062739170539,0.0,0.0000009,btc,45050.28928644,1.07892108e-06,0.0203587899999894,42
0.00000000035086830000000003,[],27,[],2019-03-16 02:30:57,2000.0,3.508683e-18,1.390098100404e-22,6942237,2019-03-16 02:30:57,eth,0.00315028,0.0,0.00000001,"btc,eth",11.007,0.0,7.017366e-15,42
1,[],5,[],2019-03-16 02:30:59,0.0,0,0,6942238,2019-03-16 02:30:59,btc,0.0,0.0,0,btc,0.0,0.0,0.0,43
0,[],17,[],2019-03-16 02:31:00,0.0,0,0,6942239,2019-03-16 02:31:00,btc,0.0,0.0,0,btc,0.0,0.0,0.0,43
1,[],12,[],2019-03-13 09:13:29,1112112.0,0.00000001,0.000000000000386531,6919902,2019-03-13 09:13:29,btc,29058.00478931866,0.0,0.00000001,btc,5967681.93306694,9.99000999e-07,0.01112112,43
1,[],12,[],2019-03-05 01:54:08,639326.02,0.00000004,0.000000000001486676,6845775,2019-03-05 01:54:08,btc,11116042.728239931,0.0,0.00000004,btc,1103841.4595604,0.0003330765234764,0.014975410599999999,44
1,[],4,[],2019-03-16 02:31:01,298250361.7185449,0.00000002,0.000000000000792376,6942240,2019-03-16 02:31:01,btc,757.6330915602323,0.0,0.00000002,"btc,ltc",16820764.44803747,0.00041338,0.2854073566963094,49
0.00000000015441860000000001,[],4,[],2019-03-16 02:31:02,216288824.8073521,1.544186e-18,6.117879629680001e-23,6942241,2019-03-16 02:31:02,ltc,25.901654680150997,0.0,0.00000001,ltc,10157943265.692127,0.0,3.339901752239658e-10,52
0,[],22,[],2019-03-16 02:12:52,0.0,0,0,6942044,2019-03-16 02:12:52,,4428.59026215,0.0,0,,305937213.5359664,0.0,0.0,57
0.0000000003517782,[],27,[],2019-03-16 02:12:55,2000.0,3.517782e-18,1.392257206614e-22,6942045,2019-03-16 02:12:55,eth,0.0,0.0,0.00000001,"btc,eth",0.0,0.0,7.0355639999999996e-15,57
0.00000000015441860000000001,[],4,[],2019-03-16 02:31:03,533282046.992,3.088372e-18,1.2235759259360002e-22,6942242,2019-03-16 02:31:03,ltc,18.657618528093366,0.0,0.00000002,ltc,4687030173.42737,0.0,1.0625804100655975e-09,58
1,[],12,[],2019-03-16 02:31:05,1137910698.0,0.0000000003,0.000000000000011885640000000001,6942243,2019-03-16 02:31:05,btc,4023056.482428384,0.0,0.0000000003,btc,1552097431.5284715,0.05182023805304695,0.2796973035,58
0,[],17,[],2019-03-16 02:31:06,0.0,0,0,6942244,2019-03-16 02:31:06,btc,1e+24,0.0,0,btc,49226522.0897055,0.0,0.0,58
0.0000000001305703,[],22,[],2019-03-16 02:31:18,137438.0,1.3057030000000002e-18,5.173038601640001e-23,6942245,2019-03-16 02:31:18,XMR,69.1795942,0.0,0.00000001,XMR,9887963.0,0.0,0.00137438,58
1,[],5,[],2019-03-16 02:31:19,0.0,0,0,6942246,2019-03-16 02:31:19,btc,0.0,0.01133751,0,btc,0.0,0.0,0.0,61
1,[],22,[],2019-03-16 02:31:28,13757.0,0.00000012,0.000000000004754256,6942247,2019-03-16 02:31:28,BTC,1002.2960049,0.0,0.00000012,BTC,14976.68361146909,0.0,0.00154987,61
1,[],26,[],2019-03-16 02:31:29,0.0,0.00000800,0.0000000003169504,6942248,2019-03-16 02:31:29,btc,0.0,0.0,0.00000800,btc,0.0,0.0,0.0,61
1,[],27,[],2019-03-16 02:31:32,2138.56798,0.00000047,0.000000000018620836,6942249,2019-03-16 02:31:32,btc,2.8850305703141323,0.0,0.00000047,"btc,eth",19862.59257617,0.0,0.00019833999355121755,61
1,[],28,[],2019-03-16 02:31:33,13880.304,0.0000005,0.0000000000198094,6942250,2019-03-16 02:31:33,btc,2.056329762300105,838.0,0.0000005,btc,9751.57500005,0.0,0.00566391304,61
1,[],4,[],2019-03-16 02:31:34,1465855.18968522,0.00000211,0.00000000008359566800000001,6942251,2019-03-16 02:31:34,btc,9.67917131872732,0.0,0.00000211,btc,823911.35026302,0.13539697,1.3512858656444817,67
0.0,[],25,[],2019-03-16 02:31:37,0.0,0,0,6942252,2019-03-16 02:31:37,,0.0,0.0,0.0,btc,0.0,0.0,0.0,67
1,[],12,[],2019-03-16 02:31:38,1712400.70866253,0.00000013,0.000000000005150444,6942253,2019-03-16 02:31:38,btc,1111115.1700251654,0.0,0.00000013,btc,944091.55504711,0.0075511410089935,0.093103284191816,71
,[],5,[],2018-11-20 23:02:39,1.5e-07,0.00000005,0.000000000002128045,4862160,2018-11-20 23:02:39,btc,2.84511358,0.0,,btc,0.00036572,0.0,0.07381892,74
1,[],5,[],2019-03-16 02:31:40,0.0,0,0,6942254,2019-03-16 02:31:40,btc,0.0,0.0,0,btc,0.0,0.0,0.0,75
1,[],4,[],2019-03-16 02:31:42,13382103.94481309,0.00000001,0.000000000000396188,6942255,2019-03-16 02:31:42,btc,11370.019787479292,0.0,0.00000001,btc,39920990.88589334,0.00028514,0.1338210394481309,81
0,[],20,[],2019-01-25 09:30:31,0.0,0,0,6495923,2019-01-25 09:30:31,btc,0.0,0.0,0,btc,0.0,0.0,0.0,81
1,[],4,[],2019-03-16 02:31:44,23742.67805763,0.00007969,0.0000000031572221720000002,6942256,2019-03-16 02:31:44,btc,18.13845538904098,0.0,0.00007969,btc,12445.42031725,0.00640258,0.0886762019437205,82
1,[],21,[],2019-03-16 02:31:45,923670.29307982,0.00007987000000000000609484684944,0.0000000031643535560000005,6942257,2019-03-16 02:31:45,btc,2.919470432542553,9403.54297257,0.000079870000000000006094846849435953117790631949901580810546875,btc,32038.83315442,0.74393082,4.064403849812159,82
0,[],17,[],2019-03-16 02:31:48,0.0,0,0,6942258,2019-03-16 02:31:48,btc,0.0447233088476774,0.0,0,btc,999127.19588126,0.0,0.0,84
0.00000000015441860000000001,[],4,[],2019-03-16 02:31:49,170698605.1963211,4.632558e-18,1.8353638889040002e-22,6942259,2019-03-16 02:31:49,ltc,1.676291684431564,0.0,0.00000003,ltc,389338476.6317419,0.0,3.892397391309738e-10,85
,[],22,[],2018-11-20 23:09:34,3408.1,0.0000001,0.0000000000041895,4862324,2018-11-20 23:09:34,BTC,0.04624735,0.0,,BTC,4990.0,0.0,0.00033081,86
1,[],22,[],2019-03-16 02:31:59,111869.83333333333,0.00000006,0.000000000002377128,6942260,2019-03-16 02:31:59,BTC,2.07824106,0.0,0.00000006,BTC,165278.94736842104,0.00034069,0.00185219,87
1,[],27,[],2019-03-16 02:32:01,55.0,0.00000001,0.000000000000396188,6942261,2019-03-16 02:32:01,btc,5.087355898429583,0.0,0.00000001,btc,23359.90385968,0.0,5.5e-07,87
,[],2,[],2018-11-20 23:10:47,0.0,0,0,4862359,2018-11-20 23:10:47,,0.0,0.0,,,0.0,0.0,0.0,88
1,[],11,[],2019-03-16 02:32:02,92443.1158492,0.000145610000000000010256240301487196120433509349822998046875,0.000000005768893468,6942262,2019-03-16 02:32:02,btc,611.7606236579102,1326.20263912,0.000145610000000000010256240301487196120433509349822998046875,btc,99661.31851793,0.0,6.18949865786463,89
0,[],2,[],2019-01-20 23:31:45,0.0,0,0,6477083,2019-01-20 23:31:45,,0.0,0.0,0,,0.0,0.0,0.0,91
1,[],12,[],2019-03-16 02:14:26,354239.66880941,0.00000083,0.000000000032849491,6942065,2019-03-16 02:14:26,btc,58.425944364277775,0.0,0.00000083,btc,86093.07450275,1.33436907093e-05,0.0426751912999858,91
1,[],22,[],2019-03-16 02:14:54,65900.0,0.00000001,0.000000000000395777,6942066,2019-03-16 02:14:54,BTC,3e-06,0.0,0.00000001,BTC,1.0,0.0,0.000659,91
0,[],17,[],2019-03-16 01:15:35,0.0,0,0,6941869,2019-03-16 01:15:35,btc,0.0,0.0,0,btc,0.0,0.0,0.0,91
0,[],22,[],2019-03-16 02:32:16,0.0,0,0,6942263,2019-03-16 02:32:16,,3.31498785,0.0,0,,37200566.889473684,0.0,0.0,95
0.00000000015441860000000001,[],4,[],2019-03-16 02:32:17,632713670.6979061,8.0297672e-17,3.1812974074336003e-21,6942264,2019-03-16 02:32:17,ltc,11.904788318479948,0.0,0.00000052,ltc,135936573.2712333,0.0,1.6191167513987313e-09,96
0,[],12,[],2019-03-16 02:32:18,0.0,0,0,6942265,2019-03-16 02:32:18,btc,10.675070516643357,0.0,0,btc,3189616.66433565,0.0,0.0,96
0,[],17,[],2019-03-16 02:32:21,0.0,0,0,6942266,2019-03-16 02:32:21,btc,0.0,0.0,0,btc,0.0,0.0,0.0,96
1,[],4,[],2019-03-16 02:32:22,5384979.47053218,0.00000036,0.000000000014262768000000001,6942267,2019-03-16 02:32:22,btc,3.8356418312510745,0.0,0.00000036,btc,2430340.93294908,0.13066536,0.8881250414653787,99
1,[],4,[],2019-03-16 02:32:23,292904.07726188,0.00003468,0.0000000013739799840000001,6942268,2019-03-16 02:32:23,btc,12.078994441456652,0.0,0.00003468,btc,185185.09193618,1.79062081,1.7575305978620914,100
0,[],2,[],2019-01-20 23:23:55,0.0,0,0,6476914,2019-01-20 23:23:55,,0.0,0.0,0,,0.0,0.0,0.0,100
1,[],22,[],2019-03-16 02:33:55,120000.0,0.00000002,0.000000000000792376,6942269,2019-03-16 02:33:55,BTC,24.82891609,0.0,0.00000002,BTC,11877.22,0.0,0.0014,101
1,[],4,[],2019-03-16 02:33:58,455323.26876228,0.00000085,0.00000000003367598,6942270,2019-03-16 02:33:58,btc,276.160009976243,0.0,0.00000085,btc,514324.80713573,0.02474488,0.2268161381742992,103
1,[],12,[],2019-03-16 02:34:01,34700802.0,0.000000007,0.0000000000002773316,6942271,2019-03-16 02:34:01,btc,3219022.7520180913,0.0,0.000000007,btc,69924932.375865,0.00824474069830176,0.052214580000000003,105
0,[],27,[],2019-03-16 02:34:03,0.0,0,0,6942272,2019-03-16 02:34:03,,36.609683327666005,0.0,0,btc,1428542.52239724,0.0,0.0,105
1,[],22,[],2019-03-16 02:34:16,9328.0,0.00000001,0.000000000000396188,6942273,2019-03-16 02:34:16,BTC,51.10837004,0.0,0.00000001,BTC,470435.0,0.0,9.328e-05,107
1,[],26,[],2019-03-16 02:34:17,0.0,0.00000000,0,6942274,2019-03-16 02:34:17,btc,0.0,0.0,0.00000000,btc,0.0,0.0,0.0,107
1,[],5,[],2019-03-16 02:34:19,0.0,0,0,6942275,2019-03-16 02:34:19,btc,0.0,0.00031798,0,btc,0.0,0.0,0.0,112
1,[],22,[],2019-03-16 02:34:32,1966.0,0.00000001,0.000000000000396188,6942276,2019-03-16 02:34:32,BTC,2.7794366,0.0,0.00000001,BTC,826409.0833333334,0.0,1.966e-05,112
0.00000000035086830000000003,[],27,[],2019-03-16 02:34:35,2000.0,3.508683e-18,1.390098100404e-22,6942277,2019-03-16 02:34:35,eth,1.24996908,0.0,0.00000001,"btc,eth",1289.0,0.0,7.017366e-15,112
1,[],4,[],2019-03-16 02:34:37,1306036.81398607,0.00000211,0.00000000008359566800000001,6942278,2019-03-16 02:34:37,btc,5.402645243966004,0.0,0.00000211,btc,383389.84141691,0.18628018,1.0120036740163003,113
1,[],5,[],2019-03-16 02:34:39,0.0,0,0,6942279,2019-03-16 02:34:39,btc,0.0,0.00027126,0,btc,0.0,0.0,0.0,113
0,[],27,[],2019-03-16 02:34:52,0.0,0,0,6942280,2019-03-16 02:34:52,,0.0,0.0,0,btc,0.0,0.0,0.0,116
1,[],17,[],2019-03-16 02:17:28,152738.278,0.00000004,0.000000000001583108,6942083,2019-03-16 02:17:28,btc,1.3368030274919709,0.0,0.00000004,btc,51896.221,0.0,0.0022095311199999998,116
1,[],4,[],2019-03-16 02:34:54,72038.82684752,0.00003667,0.000000001452821396,6942281,2019-03-16 02:34:54,btc,85.1035987560142,0.0,0.00003667,btc,32481.84088913,0.66884663,1.34589238909746,120
1,[],7,[],2019-03-16 02:34:55,21487.67693715,0.0000252199999999999990916814407437840372949722222983837127685546875,0.000000000999186136,6942282,2019-03-16 02:34:55,btc,126637.41833046838,181.48409346,0.0000252199999999999990916814407437840372949722222983837127685546875,btc,33398.75458602,0.00739258,0.0663592352714648,120
1,[],20,[],2019-03-16 02:34:58,1582428.3174,0.000000034,0.0000000000013470392,6942283,2019-03-16 02:34:58,btc,32.3019317846648,35988.95,0.000000034,btc,1028084.0986,0.0012236243,0.0124856114626,125
1,[],22,[],2019-03-16 02:35:15,3053.0,0.00000001,0.000000000000396188,6942284,2019-03-16 02:35:15,BTC,0.01444887,0.0,0.00000001,BTC,296263.5111111111,0.0,3.053e-05,126
1,[],4,[],2019-03-16 02:35:17,130903.46795606,0.00001183,0.0000000004686904040000001,6942285,2019-03-16 02:35:17,btc,3.3946434391265727,0.0,0.00001183,btc,131872.1159326,0.05705238,0.4533410039633274,131
0,[],2,[],2019-01-20 23:25:46,0.0,0,0,6476969,2019-01-20 23:25:46,,0.0,0.0,0,,0.0,0.0,0.0,131
0,[],17,[],2019-03-16 00:40:31,0.0,0,0,6941636,2019-03-16 00:40:31,btc,0.0009561751951600001,0.0,0,btc,35.42829368,0.0,0.0,131
1,[],4,[],2019-03-16 02:35:29,4617.7162299,0.00016723,0.000000006625451924,6942286,2019-03-16 02:35:29,btc,1.641843182528391,0.0,0.00016723,btc,302.65462358,0.00023999,0.0185056641471779,135
1,[],3,[],2019-03-07 00:20:44,877702.73244099,0.00000004,0.00000000000154846,6863392,2019-03-07 00:20:44,btc,0.119366241821405,0.0,0.00000004,btc,760637.99421222,0.0,0.023771231960604298,136
1,[],4,[],2019-03-16 02:35:31,566672.83728073,0.00000128,0.000000000050712064,6942287,2019-03-16 02:35:31,btc,38.75153329087481,0.0,0.00000128,btc,576130.81995994,0.04829937,0.1131326199757796,137
1,[],12,[],2019-03-16 02:35:32,163194.34213665,0.00000099,0.000000000039222612000000003,6942288,2019-03-16 02:35:32,btc,7.501042775640682,0.0,0.00000099,btc,5858.34060291,0.0013299231717251,0.0134665499999951,137
1,[],4,[],2019-03-16 02:35:34,11101.97723629,0.00003984,0.0000000015784129920000001,6942289,2019-03-16 02:35:34,btc,28.482549439084202,0.0,0.00003984,btc,45075.00152376,0.45762979,0.2523905485066524,142
1,[],5,[],2019-03-16 02:35:35,0.0,0,0,6942290,2019-03-16 02:35:35,btc,0.0,0.14329969,0,btc,0.0,0.0,0.0,142
1,[],20,[],2019-03-16 02:35:38,153114.7195,0.00003333,0.000000001320494604,6942291,2019-03-16 02:35:38,btc,0.3359272671272,3.04,0.00003333,btc,2242.1971,9.13601e-05,0.3112372720803,142
1,[],22,[],2019-03-16 02:37:12,1470.2803921568627,0.00001020,0.00000000040411176,6942292,2019-03-16 02:37:12,BTC,3.0054103,0.0,0.00001020,BTC,910.5995,0.0,0.00121106,142
0.0,[],25,[],2019-03-16 02:37:13,0.0,0,0,6942293,2019-03-16 02:37:13,,0.0,0.0,0.0,btc,0.0,0.0,0.0,142
1,[],28,[],2019-03-16 02:37:15,76600.0,0.00002270,0.00000000089934676,6942294,2019-03-16 02:37:15,btc,0.067100461059305,657.0,0.00002270,btc,552.61077999,0.0,0.0154572,142
1,[],17,[],2019-03-16 01:18:04,22967.386363640002,0.00000088,0.000000000034661968000000005,6941899,2019-03-16 01:18:04,btc,20.069913352764637,0.0,0.00000088,btc,2746.079105,0.0,0.0104613000000032,142
0,[],22,[],2019-03-16 02:37:21,0.0,0,0,6942295,2019-03-16 02:37:21,,65.83990167,0.0,0,,1043231670.8,0.0,0.0,143
0,[],22,[],2019-02-25 15:42:22,0.0,0,0,6783783,2019-02-25 15:42:22,,4.2131946,0.0,0,,2322156.0,0.0,0.0,146
,[],22,[],2018-11-20 23:01:11,0.0,0,0,4862114,2018-11-20 23:01:11,,2.56807021,0.0,,,61828.4988236,0.0,0.0,147
1,[],12,[],2019-03-16 02:37:22,377227.52321153,0.00000244999999999999983619331477002756258798399358056485652923583984375,0.00000000009706606,6942296,2019-03-16 02:37:22,btc,9.694336680891919,0.0,0.00000244999999999999983619331477002756258798399358056485652923583984375,btc,108529.34825701,0.0669476332105556,0.1515666399999017,148
1,[],4,[],2019-03-16 02:37:24,215897.95516163,0.00000027,0.000000000010697076000000001,6942297,2019-03-16 02:37:24,btc,218.95080068024154,0.0,0.00000027,btc,805282.68165608,0.00181861,0.0492198099147641,152
0,[],22,[],2019-03-16 02:37:28,0.0,0,0,6942298,2019-03-16 02:37:28,,0.0,0.0,0,,0.0,0.0,0.0,152
1,[],5,[],2019-03-16 02:37:30,0.0,0,0,6942299,2019-03-16 02:37:30,btc,0.0,0.0,0,btc,0.0,0.0,0.0,153
,[],16,[],2019-01-11 15:38:59,0.0,0,0,6366141,2019-01-11 15:38:59,btc,0.0,0.0,,btc,0.0,0.0,0.0,155
0,[],22,[],2019-03-16 02:37:38,0.0,0,0,6942300,2019-03-16 02:37:38,,6.7463775,0.0,0,,4673391.242592593,0.0,0.0,156
0,[],23,[],2019-01-20 23:24:29,0.0,0,0,6476932,2019-01-20 23:24:29,,0.0,0.0,0,,0.0,0.0,0.0,156
1,[],22,[],2019-03-16 02:37:48,7073.8,0.00005300,0.0000000020997964000000002,6942301,2019-03-16 02:37:48,BTC,1.79802465,0.0,0.00005300,BTC,802.6461988741639,0.0,0.00104336,157
0,[],22,[],2019-03-16 02:37:59,0.0,0,0,6942302,2019-03-16 02:37:59,,50175.67608608,0.0,0,,54079135.04179466,0.0,0.0,158
,[],17,[],2018-11-20 22:56:10,0.0,0,0,4861976,2018-11-20 22:56:10,btc,1.1265625,0.0,,btc,1000.0,0.0,0.0,159
,[],20,[],2018-11-20 22:56:12,0.0,0,0,4861977,2018-11-20 22:56:12,btc,11912.7940471,0.0,,btc,34413894.3617,0.0,0.0,159
1,[],12,[],2019-03-16 02:19:55,234167.96070705,0.00000757000000000000036683329984743551221981761045753955841064453125,0.00000000029960318900000003,6942107,2019-03-16 02:19:55,btc,12.664953708636244,0.0,0.00000757000000000000036683329984743551221981761045753955841064453125,btc,7604.84884615,0.0010546169,0.1103152264998514,168
1,[],17,[],2019-03-16 02:20:07,29784.95,0.000001,0.0000000000395777,6942108,2019-03-16 02:20:07,btc,0.03026736251542,0.0,0.000001,btc,144.46171372,0.0,0.00716147,168
0,[],22,[],2019-03-16 02:38:11,0.0,0,0,6942303,2019-03-16 02:38:11,,1.13198782,0.0,0,,516897.17470714403,0.0,0.0,169
1,[],22,[],2019-03-16 02:38:26,195096.25,0.00000008,0.000000000003169504,6942304,2019-03-16 02:38:26,BTC,14.35186143,0.0,0.00000008,BTC,159427.3751826074,1.486e-05,0.0019885,171
1,[],22,[],2019-03-16 02:38:43,394013.0,0.00000008,0.000000000003169504,6942305,2019-03-16 02:38:43,BTC,1.92628151,0.0,0.00000008,"BTC,LTC",351376.06400400866,0.00163318,0.0076345,173
1,[],5,[],2019-03-16 02:20:36,0.0,0,0,6942112,2019-03-16 02:20:36,btc,0.0,0.02462772,0,btc,0.0,0.0,0.0,175
1,[],22,[],2019-03-16 02:38:55,37100.0,0.00000013,0.000000000005150444,6942306,2019-03-16 02:38:55,BTC,0.54397355,0.0,0.00000013,BTC,137776.41665725366,4.8e-05,0.002272,176
1,[],7,[],2019-03-16 02:38:57,0.0,0,0,6942307,2019-03-16 02:38:57,btc,410194.04876419745,0.0,0,btc,111901383.24861808,0.0,0.0,178
0,[],22,[],2019-03-16 02:39:07,0.0,0,0,6942308,2019-03-16 02:39:07,,1.00242438,0.0,0,,57522.0,0.0,0.0,178
0,[],2,[],2019-01-20 23:28:34,0.0,0,0,6477001,2019-01-20 23:28:34,,0.0,0.0,0,,0.0,0.0,0.0,178
0,[],23,[],2019-01-20 23:25:08,0.0,0,0,6476952,2019-01-20 23:25:08,,0.0,0.0,0,,0.0,0.0,0.0,179
1,[],5,[],2019-03-16 02:21:03,0.0,0,0,6942116,2019-03-16 02:21:03,btc,0.0,0.16418622,0,btc,0.0,0.0,0.0,179
1,[],22,[],2019-03-16 02:21:29,6867106.0,0.00000002,0.000000000000791554,6942117,2019-03-16 02:21:29,BTC,5.63082152,0.0,0.00000002,"BTC,LTC",17356276.489868753,0.0,0.37228284,179
1,[],17,[],2019-03-16 00:00:49,10504.725,0.0000001,0.00000000000392736,6941257,2019-03-16 00:00:49,btc,5.201069583844265,0.0,0.0000001,btc,5033.45945,0.0,0.0010504725,180
1,[],22,[],2019-03-16 02:39:18,664792.453090909,0.00000125,0.000000000049523500000000005,6942309,2019-03-16 02:39:18,BTC,0.24304663,0.0,0.00000125,"BTC,LTC",77746.56103087122,0.00046423,0.56975016,180
1,[],26,[],2019-03-16 02:39:18,0.0,0.00000125,0.000000000049523500000000005,6942310,2019-03-16 02:39:18,btc,0.0,50.0,0.00000125,btc,0.0,0.0,0.0,180
,[],7,[],2018-11-20 22:58:01,562227.975654,0.00000085,0.000000000036176765,4862015,2018-11-20 22:58:01,btc,21836.6059674,2491.87645172,,btc,749999.041456,0.00211021,0.127565380455,183
,[],5,[],2019-01-10 08:11:41,0.0,0,0,6347036,2019-01-10 08:11:41,btc,82.15055501,0.00261,,btc,1.19002445,0.0,0.0,187
1,[],24,[],2019-03-16 02:39:19,0.0,0.000000000001,3.9618800000000004e-17,6942311,2019-03-16 02:39:19,btc,0.0,0.0,0.000000000001,btc,0.0,0.0,0.0,187
,[],17,[],2018-11-16 20:58:10,4062536.27273,0.00000001,0.000000000000550501,4708775,2018-11-16 20:58:10,btc,3.36492563466,0.195460381006,,"btc,eth",110697919.549,0.0,0.0157628953496,187
0,[],22,[],2019-03-16 02:21:53,0.0,0,0,6942121,2019-03-16 02:21:53,,7.54797454,0.0,0,,79361.7243344055,0.0,0.0,191
0,[],22,[],2019-03-16 02:22:03,0.0,0,0,6942122,2019-03-16 02:22:03,,0.0,0.0,0,,0.0,0.0,0.0,197
0,[],23,[],2019-01-20 23:31:41,0.0,0,0,6477079,2019-01-20 23:31:41,,0.0,0.0,0,,0.0,0.0,0.0,199
0,[],22,[],2019-03-16 02:39:25,0.0,0,0,6942312,2019-03-16 02:39:25,,5.21637178,0.0,0,,22590043.5,0.0,0.0,199
1,[],26,[],2019-03-16 02:39:25,0.0,0.00000000,0,6942313,2019-03-16 02:39:25,btc,0.0,128106.0,0.00000000,btc,0.0,0.0,0.0,199
0,[],17,[],2019-01-30 16:32:01,0.0,0,0,6540827,2019-01-30 16:32:01,btc,6.802544163788159,0.0,0,btc,105897.55575295,0.0,0.0,200
0,[],2,[],2019-01-20 23:30:49,0.0,0,0,6477059,2019-01-20 23:30:49,,0.0,0.0,0,,0.0,0.0,0.0,201
1,[],4,[],2019-01-25 15:51:35,2084389.58565343,0.00000936,0.000000000333526752,6499557,2019-01-25 15:51:35,btc,2.0092503037378524,0.0,0.00000936,btc,160195.80207885,0.19272417,1.242687955921835,211
1,[],7,[],2019-03-16 02:39:29,5265259.23095874,0.000001349999999999999991849510168340220417348973569460213184356689453125,0.00000000005348538,6942314,2019-03-16 02:39:29,btc,15476652.349025698,4452239.70189,0.000001349999999999999991849510168340220417348973569460213184356689453125,btc,11249741.42546766,0.0,2.7209630025644933,212
1,[],12,[],2019-01-25 02:44:32,207462.42853209,0.000001080000000000000035831255497387193287295303889550268650054931640625,0.000000000038610756000000006,6493050,2019-01-25 02:44:32,btc,85023.03793723314,0.0,0.000001080000000000000035831255497387193287295303889550268650054931640625,btc,43675.73520027,0.000146250909087,0.0348620860622024,213
1,[],5,[],2019-03-16 02:22:15,0.0,0,0,6942126,2019-03-16 02:22:15,btc,0.0,0.0895445,0,btc,0.0,0.0,0.0,213
1,[],24,[],2019-03-16 02:22:15,0.0,0.000000220000,0.000000000008707094000000001,6942127,2019-03-16 02:22:15,btc,0.0,0.0,0.000000220000,btc,0.0,0.0,0.0,213
1,[],26,[],2019-03-16 02:22:15,0.0,0.00000010,0.0000000000039577700000000004,6942128,2019-03-16 02:22:15,btc,0.0,0.0,0.00000010,btc,0.0,0.0,0.0,213
1,[],22,[],2019-03-16 02:39:38,25000.0,0.00000001,0.000000000000396188,6942315,2019-03-16 02:39:38,BTC,2.2910283,0.0,0.00000001,BTC,748106.3963726171,0.0,0.00025,216
1,[],27,[],2019-03-16 02:39:40,1233122.0,0.00000003,0.000000000001188564,6942316,2019-03-16 02:39:40,btc,316.9775071147724,0.0,0.00000003,"btc,ltc",239299.924324,0.0,0.03375764000007721,216
1,[],22,[],2019-03-16 02:39:49,148572.11184210525,0.00000154,0.000000000061012952,6942317,2019-03-16 02:39:49,BTC,12543.60284256,0.0,0.00000154,BTC,434463.5853601404,0.01418047,0.14740824,217
1,[],7,[],2019-03-16 02:39:53,0.0,0,0,6942318,2019-03-16 02:39:53,btc,77971.81410323446,0.0,0,btc,135962412.7426053,0.0,0.0,219
0,[],27,[],2019-03-16 02:39:56,0.0,0,0,6942319,2019-03-16 02:39:56,,0.0404796,0.0,0,btc,2057905.0,0.0,0.0,219
0.0000000000000051,[],28,[],2019-03-16 02:39:59,170722989.525,2.55e-18,1.0102794e-22,6942320,2019-03-16 02:39:59,doge,100858.3213623151,2096325.0,0.00050000,"btc,doge",5771521.82721,0.0,1.702075359052437e-11,219
1,[],22,[],2019-03-16 02:40:16,405511.0,0.00000008,0.000000000003169504,6942321,2019-03-16 02:40:16,BTC,18.10613233,0.0,0.00000008,BTC,101344.54541875875,0.0,0.01929233,221
1,[],24,[],2019-03-16 02:40:17,0.0,0.000000200000,0.000000000007923760000000001,6942322,2019-03-16 02:40:17,btc,0.0,0.0,0.000000200000,btc,0.0,0.0,0.0,221
1,[],20,[],2019-03-16 02:40:18,45307792.7453,0.000000003,0.0000000000001188564,6942323,2019-03-16 02:40:18,btc,49.3964233256225,705263.8875,0.000000003,btc,14621069.0194,0.005565757,0.0532065366853,224
0,[],22,[],2019-03-16 02:40:27,0.0,0,0,6942324,2019-03-16 02:40:27,,0.0,0.0,0,,0.0,0.0,0.0,224
1,[],26,[],2019-03-16 02:40:27,0.0,0.00000022,0.000000000008716136,6942325,2019-03-16 02:40:27,btc,0.0,0.0,0.00000022,btc,0.0,0.0,0.0,231
1,[],26,[],2019-03-16 02:23:01,0.0,0.00000005,0.0000000000019788850000000002,6942140,2019-03-16 02:23:01,btc,0.0,0.0,0.00000005,btc,0.0,0.0,0.0,234
0.0000000003517782,[],27,[],2019-03-16 02:23:03,2000.0,3.517782e-18,1.392257206614e-22,6942141,2019-03-16 02:23:03,eth,0.01134836604,0.0,0.00000001,"btc,eth",11462.996,0.0,7.0355639999999996e-15,234
1,[],4,[],2019-03-16 02:40:29,1653973.03864212,0.00000083,0.000000000032883604,6942326,2019-03-16 02:40:29,btc,4.332550670759609,0.0,0.00000083,btc,1193339.54870158,0.13638632,0.3096720783109178,236
1,[],24,[],2019-03-16 02:40:29,0.0,0.000000500000,0.0000000000198094,6942327,2019-03-16 02:40:29,btc,0.0,0.0,0.000000500000,btc,0.0,0.0,0.0,236
1,[],20,[],2019-03-16 02:40:31,218251413.1729,0.000000046,0.0000000000018224648000000002,6942328,2019-03-16 02:40:31,btc,10.5715331287345,31264746.6948,0.000000046,btc,31881478.6484,1.5668985384068,0.3975023076791,237
0.00000000015441860000000001,[],22,[],2019-03-16 02:40:41,751594.9,2.6251162e-17,1.0400395370456e-21,6942329,2019-03-16 02:40:41,LTC,1.2021423,0.0,0.00000017,LTC,14198.0,0.0,0.12541949,237
1,[],4,[],2019-03-16 02:40:42,10984146.54719967,0.00000039,0.000000000015451332000000002,6942330,2019-03-16 02:40:42,btc,8.225546010371486,0.0,0.00000039,btc,9805516.43897241,1.83241844,3.0020622872429517,238
1,[],5,[],2019-03-16 02:40:45,0.0,0,0,6942331,2019-03-16 02:40:45,btc,0.0,0.10748937,0,btc,0.0,0.0,0.0,238
0,[],22,[],2019-03-12 16:49:32,0.0,0,0,6914458,2019-03-12 16:49:32,,0.40415746,0.0,0,,526736.5639027493,0.0,0.0,249
0.00000000015441860000000001,[],22,[],2019-03-16 02:40:55,48086691.666666664,4.632558e-18,1.8353638889040002e-22,6942332,2019-03-16 02:40:55,LTC,0.95711324,0.0,0.00000003,LTC,18565111.353636365,5.57401732048e-13,1.04160377,252
1,[],28,[],2019-03-16 02:40:57,1787782.998,0.00000066,0.000000000026148408,6942333,2019-03-16 02:40:57,btc,164780.44719922083,323774.002,0.00000066,btc,500288.971,0.0,0.5068563214,256
1,[],22,[],2019-03-16 02:26:06,1335324.6666666667,0.00000003,0.000000000001187331,6942150,2019-03-16 02:26:06,BTC,31.4475434,0.0,0.00000003,BTC,594222.6068978057,8.57e-06,0.01899266,258
1,[],22,[],2019-03-13 00:07:30,47146.0,0.00000001,0.000000000000387233,6917028,2019-03-13 00:07:30,BTC,2.415167,0.0,0.00000001,BTC,157.0,0.0,0.00047146,259
1,[],5,[],2019-03-16 02:40:58,0.0,0,0,6942334,2019-03-16 02:40:58,btc,0.0,0.20805744,0,btc,0.0,0.0,0.0,264
1,[],20,[],2019-03-16 02:41:01,1250780.2787,0.00000216,0.00000000008557660800000001,6942335,2019-03-16 02:41:01,btc,7.1699514783526,78240.1196,0.00000216,btc,93856.2878,0.185694239632,0.0346088832428,264
0,[],22,[],2019-03-16 02:41:13,0.0,0,0,6942336,2019-03-16 02:41:13,,8.75669439,0.0,0,,483745.2241309945,0.0,0.0,271
0,[],22,[],2019-03-16 02:26:29,0.0,0,0,6942154,2019-03-16 02:26:29,,111821.12552134,0.0,0,,14035047597.692,0.0,0.0,272
0.0000000000000051,[],28,[],2019-03-16 02:26:36,179950115030.401,3.621e-21,1.433108517e-25,6942155,2019-03-16 02:26:36,doge,147649461.82939517,6579404276.0,0.00000071,doge,244921768458.4124,0.0,4.2254396883685484e-10,272
1,[],22,[],2019-03-16 02:26:51,141657.78,0.0000006,0.00000000002374662,6942156,2019-03-16 02:26:51,BTC,380.63006223,0.0,0.0000006,"BTC,LTC",78711.72280311219,3.240000041909184e-05,0.04487913,281
1,[],22,[],2019-03-16 02:41:30,398820.0,0.00000011,0.000000000004358068,6942337,2019-03-16 02:41:30,BTC,1.28506628,0.0,0.00000011,BTC,235362.1500183801,0.01106539,0.02288584,286
0,[],22,[],2019-03-16 02:27:19,0.0,0,0,6942158,2019-03-16 02:27:19,,1044639.27757649,0.0,0,,747492492.0,0.0,0.0,294
