pairValue,buyBook,exchangeId,sellBook,updated,buyTotal,satoshiPrice,usdPrice,exchangeLogId,created,bestPair,sellTotalBtc,volume,pairPrice,activePairs,sellTotal,volumeBtc,buyTotalBtc,coinId
1,[],3,[],2019-02-18 23:01:02,30558.161850483546,0.0130476399999999992385113500859006308019161224365234375,0.00000050726614792,6713019,2019-02-18 23:01:02,btc,107.05684635792471,0.005,0.0130476399999999992385113500859006308019161224365234375,btc,20.713175746207,0.0,0.2981678808604324,1
1,[],4,[],2019-02-18 23:01:03,70.44922497,0.01318594,0.0000005126429753200001,6713020,2019-02-18 23:01:03,btc,0.6604936039855618,0.0,0.01318594,btc,45.56134524,1.49919051,0.8586701850513002,1
1,[],5,[],2019-02-18 23:01:05,0.0,0,0,6713021,2019-02-18 23:01:05,btc,0.0,0.20576203,0,btc,0.0,0.0,0.0,1
1,[],10,[],2019-02-18 23:01:07,414096.26833288,0.01129844,0.00000043926075032000005,6713022,2019-02-18 23:01:07,btc,6521.473428102942,1567.41853168,0.01129844,btc,906.65526092,0.0,4.0276558373764875,1
1,[],12,[],2019-02-18 23:01:10,10443.76996495,0.0130399999999999995081712000910556525923311710357666015625,0.00000050696912,6713023,2019-02-18 23:01:10,btc,0.3595359313638,0.0,0.0130399999999999995081712000910556525923311710357666015625,btc,20.25174495,0.5911681372573,0.442295029544,1
1,[],20,[],2019-02-18 23:01:15,1152.9273,0.010500212,0.00000040822724213600003,6713024,2019-02-18 23:01:15,btc,0.0588401269655,0.0,0.010500212,btc,2.6354,0.0,0.1086609348315,1
1,[],21,[],2019-02-18 23:01:16,2582.00599339,0.01307079000000000053305360126,0.00000050816617362,6713025,2019-02-18 23:01:16,btc,27.26343927928963,3779.32782675,0.01307079000000000053305360125932566006667912006378173828125,"btc,eth",2535.2116479,44.83600591535505,26.60683242055277,1
1,[],22,[],2019-02-18 23:01:22,0.0163776,0.01300000,0.000000505414,6713026,2019-02-18 23:01:22,BTC,0.31407927,0.0,0.01300000,BTC,0.10751954901960785,0.0,0.00020972,1
1,[],24,[],2019-02-18 23:01:22,0.0,0.000000000000,0,6713027,2019-02-18 23:01:22,btc,0.0,0.0,0.000000000000,btc,0.0,0.0,0.0,1
0.0,[],25,[],2019-02-18 23:01:24,0.0,0,0,6713028,2019-02-18 23:01:24,btc,17.353299997777054,832.84007828,0.0,btc,1288.64983159,10.943,0.0,1
1,[],26,[],2019-02-18 23:01:34,0.0,0,0,6713029,2019-02-18 23:01:34,,0.0,0.0,0,,0.0,0.0,0.0,1
1,[],28,[],2019-02-18 23:01:36,992.968,0.01231000,0.0000004785881800000001,6713030,2019-02-18 23:01:36,btc,0.162839806,18226.55,0.01231000,btc,8.9,0.0,0.086870176,1
0,[],2,[],2019-01-20 23:28:45,0.0,0,0,6477011,2019-01-20 23:28:45,,0.0,0.0,0,,0.0,0.0,0.0,1
1,[],5,[],2019-02-18 23:01:37,0.0,0,0,6713031,2019-02-18 23:01:37,btc,0.0,0.00796882,0,btc,0.0,0.0,0.0,2
0.0000000001313464,[],22,[],2019-02-18 23:01:42,1148.0,1.4448104e-16,5.61713387312e-21,6713032,2019-02-18 23:01:42,XMR,21.01373823,0.0,0.00000110,XMR,14319.12581,0.0,0.00087635,2
1,[],5,[],2019-02-18 23:01:43,0.0,0,0,6713033,2019-02-18 23:01:43,btc,0.0,0.01085254,0,btc,0.0,0.0,0.0,3
1,[],12,[],2019-02-18 23:01:44,12133082.5124395,0.000000171,0.0000000000066481380000000004,6713034,2019-02-18 23:01:44,btc,923823.2809803783,0.0,0.000000171,btc,9136861.10533492,0.16164125098797225,0.4889164386855716,3
0,[],28,[],2019-02-18 23:01:46,0.0,0,0,6713035,2019-02-18 23:01:46,,0.0,0.0,0,,0.0,0.0,0.0,3
0,[],2,[],2019-01-20 23:31:32,0.0,0,0,6477077,2019-01-20 23:31:32,,0.0,0.0,0,,0.0,0.0,0.0,4
1,[],4,[],2019-02-18 23:01:48,400837.32322918,0.00000032,0.000000000012440960000000001,6713036,2019-02-18 23:01:48,btc,0.384841883779883,0.0,0.00000032,btc,337830.34099658,0.0,0.0548027982399035,4
1,[],12,[],2019-02-18 23:01:49,1356107.18866667,0.00000003,0.00000000000116634,6713037,2019-02-18 23:01:49,btc,11113878.270980706,0.0,0.00000003,btc,1226075.19484872,0.00024162,0.0218088904400001,5
0,[],2,[],2019-01-20 23:31:51,0.0,0,0,6477087,2019-01-20 23:31:51,,0.0,0.0,0,,0.0,0.0,0.0,6
1,[],11,[],2019-02-18 23:01:51,1381209.5,0.00000002,0.0000000000007775600000000001,6713038,2019-02-18 23:01:51,btc,9433.306063620637,10000.0,0.00000002,btc,40264064.15478057,0.0,0.019133885,6
1,[],3,[],2019-02-18 23:01:52,1098.482483783364,0.0001525499999999999946320716759373681270517408847808837890625,0.0000000059308389,6713039,2019-02-18 23:01:52,btc,27.605796873748474,0.0,0.0001525499999999999946320716759373681270517408847808837890625,btc,249.144760639695,0.0,0.035199143575660244,7
1,[],4,[],2019-02-18 23:01:53,13815.93275138,0.00022051,0.00000000857298778,6713040,2019-02-18 23:01:53,btc,3.528524397619795,0.0,0.00022051,btc,13999.08504011,4.73290105,2.660437197501454,7
1,[],5,[],2019-02-18 23:01:53,0.0,0,0,6713041,2019-02-18 23:01:53,btc,0.0,0.87923626,0,btc,0.0,0.0,0.0,7
1,[],20,[],2019-02-18 14:50:35,39399800.8418,0.000000001,0.0000000000000380461,6708697,2019-02-18 14:50:35,btc,116.9737581404545,0.0,0.000000001,btc,56932990.8895,0.0,0.0393998008418,8
0,[],2,[],2019-01-20 23:22:42,0.0,0,0,6476876,2019-01-20 23:22:42,,0.0,0.0,0,,0.0,0.0,0.0,9
0,[],23,[],2019-01-20 23:22:48,0.0,0,0,6476878,2019-01-20 23:22:48,,0.0,0.0,0,,0.0,0.0,0.0,9
1,[],1,[],2019-02-17 23:31:42,1822507.21,0.00000181000000000000003456111265232042484285557293333113193511962890625,0.000000000066086901,6701244,2019-02-17 23:31:42,btc,3.6990969245,17153386.5,0.00000181000000000000003456111265232042484285557293333113193511962890625,btc,1997391.71,31.11772986,3.2610482446,9
1,[],4,[],2019-02-18 23:01:55,218089.93546817,0.00000179,0.00000000006959162000000001,6713042,2019-02-18 23:01:55,btc,2.001290995939421,0.0,0.00000179,btc,1086402.6197524,2.14901285,0.3603319382066754,9
1,[],28,[],2019-02-18 23:01:56,43300.0,0.00000166,0.00000000006453748000000001,6713043,2019-02-18 23:01:56,btc,2709.147620057195,3605462.72,0.00000166,btc,204959.7701,0.0,0.043148,9
1,[],4,[],2019-02-17 11:22:43,4341674.27126056,0.00000002,0.0000000000007272960000000001,6696112,2019-02-17 11:22:43,btc,0.1997230937751353,0.0,0.00000002,btc,4109766.79808031,0.00215132,0.0479381022052112,10
0,[],2,[],2019-01-20 23:23:08,0.0,0,0,6476890,2019-01-20 23:23:08,,0.0,0.0,0,,0.0,0.0,0.0,12
1,[],4,[],2019-02-18 23:01:57,2427734.3191315,0.00000146,0.000000000056761880000000006,6713044,2019-02-18 23:01:57,btc,4.007135297004911,0.0,0.00000146,btc,2403582.75403247,4.25421745,3.3716968928769524,12
1,[],5,[],2019-02-18 23:01:58,0.0,0,0,6713045,2019-02-18 23:01:58,btc,0.0,0.87797104,0,btc,0.0,0.0,0.0,12
0.0,[],25,[],2019-02-18 23:01:59,0.0,0,0,6713046,2019-02-18 23:01:59,,0.0,0.0,0.0,btc,0.0,0.0,0.0,12
1,[],4,[],2019-02-18 23:02:00,1415113.53448129,0.00000601,0.00000000023365678,6713047,2019-02-18 23:02:00,btc,0.3625859284171083,0.0,0.00000601,btc,54968.62923608,0.38928686,1.9720352387965325,13
1,[],10,[],2019-02-18 23:02:03,457354.43728089,0.00000601,0.00000000023365678,6713048,2019-02-18 23:02:03,btc,666802.4545582803,5289.8050601,0.00000601,btc,721709.66186212,0.0,0.396705111481577,13
1,[],21,[],2019-02-18 23:02:05,642233.6863931901,0.000006000000000000000152005144582,0.00000000023326800000000005,6713049,2019-02-18 23:02:05,btc,4.339708068118976,1277137.77429053,0.00000600000000000000015200514458246772164784488268196582794189453125,btc,654303.60825706,7.72585831,3.5424747384173916,13
0,[],17,[],2019-02-18 22:05:05,0.0,0,0,6712650,2019-02-18 22:05:05,btc,0.0,0.0,0,btc,0.0,0.0,0.0,14
1,[],4,[],2019-02-18 23:02:06,983936.62000271,0.00000153,0.00000000005948334,6713050,2019-02-18 23:02:06,btc,0.1395226923247222,0.0,0.00000153,btc,64115.10289678,0.10358947,0.4107017363047535,14
1,[],12,[],2019-02-18 23:02:07,87656.48244546,0.00000145999999999999999745971430986646311112053808756172657012939453125,0.000000000056761880000000006,6713051,2019-02-18 23:02:07,btc,5.30607764626373,0.0,0.00000145999999999999999745971430986646311112053808756172657012939453125,btc,30952.002997,0.0016767885073913,0.012349009999964,14
1,[],26,[],2019-02-18 23:02:18,0.0,0.00000050,0.000000000019439,6713052,2019-02-18 23:02:18,btc,0.0,0.0,0.00000050,btc,0.0,0.0,0.0,14
,[],12,[],2018-12-01 15:15:48,204241.84496,0.00000489,0.000000000202473384,5260204,2018-12-01 15:15:48,btc,49.5475654835,0.0,,btc,35763.2193806,0.0163153972027625,0.0203389899998,15
0,[],4,[],2019-02-18 23:02:19,0.0,0,0,6713053,2019-02-18 23:02:19,,0.0,0.0,0,,0.0,0.0,0.0,15
0,[],17,[],2019-02-18 22:51:10,0.0,0,0,6712854,2019-02-18 22:51:10,btc,0.0,0.0,0,btc,0.0,0.0,0.0,18
0,[],2,[],2019-01-20 23:23:38,0.0,0,0,6476906,2019-01-20 23:23:38,,0.0,0.0,0,,0.0,0.0,0.0,18
1,[],4,[],2019-02-18 23:02:20,27996.69672816,0.00001836,0.00000000071380008,6713054,2019-02-18 23:02:20,btc,1.241980181423643,0.0,0.00001836,btc,8381.41450527,0.02926845,0.1190018209039401,18
1,[],10,[],2019-02-18 23:02:22,784590.9386738,0.00001931,0.0000000007507341800000001,6713055,2019-02-18 23:02:22,btc,15.516814193203091,26372.3813508,0.00001931,btc,9598.41268519,0.0,0.2251454158477793,18
1,[],12,[],2019-02-18 23:02:23,204521.65871668,0.00001775000000000000115554267543505062576514319516718387603759765625,0.0000000006900845,6713056,2019-02-18 23:02:23,btc,21.90983057985637,0.0,0.00001775000000000000115554267543505062576514319516718387603759765625,btc,1744.52067689,0.0034237188897988,0.0358899666052609,18
0,[],2,[],2019-01-20 23:24:19,0.0,0,0,6476924,2019-01-20 23:24:19,,0.0,0.0,0,,0.0,0.0,0.0,19
1,[],3,[],2019-02-18 23:02:30,121726.14915103298,0.000022929999999999998994137939689608174376189708709716796875,0.0000000008914725400000001,6713057,2019-02-18 23:02:30,btc,0.48919632353939174,2070.81791577,0.000022929999999999998994137939689608174376189708709716796875,btc,5244.077411380873,0.0,0.10145905608970245,19
1,[],4,[],2019-02-18 23:02:31,309744.69774373,0.00002255,0.0000000008766989,6713058,2019-02-18 23:02:31,btc,0.2444790636671814,0.0,0.00002255,btc,9409.84124101,0.62540501,3.3385759661288237,19
1,[],5,[],2019-02-18 23:02:32,0.0,0,0,6713059,2019-02-18 23:02:32,btc,0.0,0.00514718,0,btc,0.0,0.0,0.0,19
1,[],12,[],2019-02-18 23:02:34,134812.99869053,0.00002290999999999999918562539058530802549284999258816242218017578125,0.00000000089069498,6713060,2019-02-18 23:02:34,btc,0.0291788367813548,0.0,0.00002290999999999999918562539058530802549284999258816242218017578125,btc,280.66393647,0.0003454945055518,0.0327025800000423,19
0,[],27,[],2019-02-18 23:02:37,0.0,0,0,6713061,2019-02-18 23:02:37,,0.0,0.0,0,btc,0.0,0.0,0.0,19
1,[],4,[],2019-02-18 23:02:38,8073339.77783351,0.00000015,0.000000000005831700000000001,6713062,2019-02-18 23:02:38,btc,0.7483254850397547,0.0,0.00000015,btc,1596183.29804811,0.00205832,0.2590475804794153,20
1,[],4,[],2019-02-18 23:02:39,110814403.16461639,0.00000002,0.0000000000007775600000000001,6713063,2019-02-18 23:02:39,btc,0.4052000963908996,0.0,0.00000002,btc,11921192.93946572,0.01349508,1.2541285071729682,21
1,[],12,[],2019-02-18 23:02:41,18389644.0,0.00000002,0.0000000000007775600000000001,6713064,2019-02-18 23:02:41,btc,669.7773900317494,0.0,0.00000002,btc,8580697.27073194,0.00034938,0.24003316,21
0,[],17,[],2019-02-18 23:02:42,0.0,0,0,6713065,2019-02-18 23:02:42,btc,0.0,0.0,0,btc,0.0,0.0,0.0,21
1,[],12,[],2019-02-18 23:02:44,2863608259.043896,0.0000000002,0.000000000000007775600000000001,6713066,2019-02-18 23:02:44,btc,880865841666.5222,0.0,0.0000000002,btc,4241546995.967484,0.029664249935064935,0.2876531810555898,23
0,[],27,[],2019-02-18 23:02:47,0.0,0,0,6713067,2019-02-18 23:02:47,,1.3429826565934113,0.0,0,eth,1964879.85514486,0.0,0.0,23
1,[],4,[],2019-02-18 23:02:48,316162.16818181,0.00000064,0.000000000024881920000000002,6713068,2019-02-18 23:02:48,btc,0.1861145697848439,0.0,0.00000064,btc,196011.50269745,0.00259492,0.1602113028547127,24
1,[],22,[],2019-02-18 23:02:53,11.76,0.00000100,0.000000000038878,6713069,2019-02-18 23:02:53,BTC,7.415e-05,0.0,0.00000100,BTC,23.919354838709676,0.0,1.176e-05,24
0.0,[],25,[],2019-02-18 23:02:54,0.0,0,0,6713070,2019-02-18 23:02:54,,0.0,0.0,0.0,btc,0.0,0.0,0.0,24
0,[],2,[],2019-01-20 23:25:56,0.0,0,0,6476976,2019-01-20 23:25:56,,0.0,0.0,0,,0.0,0.0,0.0,26
1,[],4,[],2019-02-18 23:02:55,26866366.80013087,0.00000594,0.00000000023093532000000002,6713071,2019-02-18 23:02:55,btc,0.5247742506192979,0.0,0.00000594,btc,43706.82279279,0.16251023,0.4749754429035897,26
1,[],10,[],2019-02-18 23:02:57,682874.19163166,0.0000054,0.00000000020994120000000002,6713072,2019-02-18 23:02:57,btc,25.927272136924913,0.0,0.0000054,btc,14351.41452713,0.0,0.2128385226438311,26
1,[],3,[],2019-02-18 23:02:58,5971966.70213569,0.00000001,0.00000000000038878000000000004,6713073,2019-02-18 23:02:58,btc,2.696715656509302,175106.257,0.00000001,btc,17029718.30434958,0.0,0.0597196670213569,27
1,[],5,[],2019-02-18 23:04:58,0.0,0,0,6713074,2019-02-18 23:04:58,btc,0.0,0.0024425,0,btc,0.0,0.0,0.0,27
1,[],11,[],2019-02-18 23:05:00,9803584.35433359,0.00000005,0.0000000000019439000000000002,6713075,2019-02-18 23:05:00,btc,67506.53097482225,8080.0,0.00000005,btc,8171781.9463934,0.0,0.458287845339645,27
1,[],4,[],2019-02-18 23:05:02,609624133.2870741,0.00000002,0.0000000000007775600000000001,6713076,2019-02-18 23:05:02,btc,0.22474858877466292,0.0,0.00000002,"btc,ltc",22871497.35292092,0.15800935,8.07969689442164,29
1,[],7,[],2019-02-18 23:05:03,35485942.39607132,0.00000001,0.00000000000038878000000000004,6713077,2019-02-18 23:05:03,btc,44465227.3378691,2783856.76051,0.00000001,btc,58686373.43132988,0.0560973,0.35485942396071324,29
1,[],4,[],2019-02-18 23:05:05,1477812.15970274,0.00000030,0.000000000011663400000000001,6713078,2019-02-18 23:05:05,btc,0.2490995795219643,0.0,0.00000030,btc,503584.15795606,0.00917361,0.11583773953483,30
0,[],17,[],2019-02-18 23:05:07,0.0,0,0,6713079,2019-02-18 23:05:07,btc,0.0,0.0,0,btc,0.0,0.0,0.0,30
1,[],4,[],2019-02-18 23:05:07,1137367.05938253,0.00006026,0.00000000234278828,6713080,2019-02-18 23:05:07,btc,0.9345572012846572,0.0,0.00006026,btc,14216.79253392,2.81796467,1.5291451530204918,31
1,[],21,[],2019-02-18 23:05:08,83906.44690464,0.00005996000000000000190302634762,0.0000000023311248800000003,6713081,2019-02-18 23:05:08,btc,2.3883595830181257,169966.06424183,0.000059960000000000001903026347616076918711769394576549530029296875,btc,36778.74888519,10.49756697,4.718981230328643,31
0,[],2,[],2019-01-20 23:28:43,0.0,0,0,6477009,2019-01-20 23:28:43,,0.0,0.0,0,,0.0,0.0,0.0,32
1,[],4,[],2019-02-18 23:05:09,134012739.59756412,0.00000004,0.0000000000015551200000000001,6713082,2019-02-18 23:05:09,btc,4.416834926566891,0.0,0.00000004,"btc,ltc",91018678.12047634,0.74400736,2.2234714575286496,33
1,[],12,[],2019-02-18 23:05:12,15265618.225,0.00000005,0.0000000000019439000000000002,6713083,2019-02-18 23:05:12,btc,35620102.161048785,0.0,0.00000005,btc,88815705.58441533,0.0076498771728268,0.50661778125,33
1,[],4,[],2019-02-18 23:05:12,136172828.49863935,0.00000001,0.00000000000038878000000000004,6713084,2019-02-18 23:05:12,btc,0.942326696068849,0.0,0.00000001,btc,39161236.26789838,0.00476488,1.3617282849863936,34
1,[],5,[],2019-02-18 23:05:13,0.0,0,0,6713085,2019-02-18 23:05:13,btc,0.0,0.33047395,0,btc,0.0,0.0,0.0,34
0,[],17,[],2019-02-18 23:05:17,0.0,0,0,6713088,2019-02-18 23:05:17,btc,0.07464582841444378,0.0,0,btc,4105386.20243647,0.0,0.0,36
0,[],27,[],2019-02-18 23:05:21,0.0,0,0,6713089,2019-02-18 23:05:21,,113.82128944818679,0.0,0,"ltc,eth",3757762.7424504,0.0,0.0,36
0.0000000001214376,[],4,[],2019-02-18 23:05:14,907346192.6250979,2.428752e-18,9.4425020256e-23,6713086,2019-02-18 23:05:14,ltc,9.279209124315213e-09,0.0,0.00000002,ltc,1848720499.2386436,0.0,1.7346326989515429e-09,36
1,[],5,[],2019-02-18 23:05:15,0.0,0,0,6713087,2019-02-18 23:05:15,btc,0.0,0.0,0,btc,0.0,0.0,0.0,36
1,[],4,[],2019-02-18 23:05:22,448753.90924443,0.00000078,0.00000000003032484,6713090,2019-02-18 23:05:22,btc,0.2792066839646622,0.0,0.00000078,btc,207770.2525344,0.24240416,0.1727083426798733,37
1,[],12,[],2019-02-18 23:05:24,526837.34810273,0.00000094,0.000000000036545320000000005,6713091,2019-02-18 23:05:24,btc,1364.1640750617962,0.0,0.00000094,btc,795453.18025669,0.1812425062037527,0.1674710111870881,37
1,[],27,[],2019-02-18 23:05:27,14752.0,0.00000045,0.0000000000174951,6713092,2019-02-18 23:05:27,btc,26.25770832162233,0.0,0.00000045,btc,6830.24738508,0.0,0.00483022,37
1,[],17,[],2019-02-18 20:05:10,1752.74075282,0.00000025,0.00000000000974015,6711752,2019-02-18 20:05:10,btc,0.05548492400390579,0.0,0.00000025,btc,1387.19918473,0.0,0.00043818518820499993,37
1,[],5,[],2019-02-18 23:05:29,0.0,0,0,6713093,2019-02-18 23:05:29,btc,0.0,0.09506817,0,btc,0.0,0.0,0.0,42
1,[],12,[],2019-02-18 23:05:29,133340.74796328,0.00000091,0.000000000035378980000000004,6713094,2019-02-18 23:05:29,btc,93.60760964158486,0.0,0.00000091,btc,89545.29416903,0.000779217432566,0.0407171000000045,42
0,[],27,[],2019-02-18 23:05:32,0.0,0,0,6713095,2019-02-18 23:05:32,,0.00315028,0.0,0,"btc,eth",11.007,0.0,0.0,42
1,[],5,[],2019-02-18 23:05:34,0.0,0,0,6713096,2019-02-18 23:05:34,btc,0.0,0.0,0,btc,0.0,0.0,0.0,43
1,[],12,[],2019-02-18 23:05:36,4098285.0,0.00000001,0.00000000000038878000000000004,6713097,2019-02-18 23:05:36,btc,20007435.274306607,0.0,0.00000001,btc,38969229.21618381,0.0007356894905094,0.04098285,43
0,[],17,[],2019-02-18 22:52:56,0.0,0,0,6712894,2019-02-18 22:52:56,btc,0.0,0.0,0,btc,0.0,0.0,0.0,43
1,[],12,[],2019-02-18 23:05:48,678413.0,0.00000005,0.0000000000019439000000000002,6713098,2019-02-18 23:05:48,btc,11115167.671185521,0.0,0.00000005,btc,1061425.31470526,0.0008115094005995,0.0172374,44
1,[],4,[],2019-02-18 23:05:49,324837900.6930303,0.00000002,0.0000000000007775600000000001,6713099,2019-02-18 23:05:49,btc,0.18822660693921586,0.0,0.00000002,"btc,ltc",4537751.25245401,0.00486098,0.42386877199941586,49
0,[],4,[],2019-02-18 23:05:50,0.0,0,0,6713100,2019-02-18 23:05:50,,4.645173507935036,0.0,0,,3587002862.0153646,0.0,0.0,52
0,[],22,[],2019-02-18 23:05:55,0.0,0,0,6713101,2019-02-18 23:05:55,,4368.07440295,0.0,0,,262751443.67882353,0.0,0.0,57
0,[],27,[],2019-02-18 23:05:58,0.0,0,0,6713102,2019-02-18 23:05:58,,0.0,0.0,0,"btc,eth",0.0,0.0,0.0,57
0.0000000001214376,[],4,[],2019-02-18 23:05:58,761960756.3991181,4.857504e-18,1.88850040512e-22,6713103,2019-02-18 23:05:58,ltc,3.27220900373289,0.0,0.00000004,ltc,1126590956.074563,0.0,1.7161792424866889e-09,58
1,[],12,[],2019-02-18 23:06:00,1995405387.843957,0.0000000004,0.000000000000015551200000000002,6713104,2019-02-18 23:06:00,btc,224005480211.35196,0.0,0.0000000004,btc,3705050489.7875137,0.107734198738373,0.5956743241011392,58
0.0000000001313464,[],22,[],2019-02-18 23:06:17,137438.0,1.313464e-18,5.1064853392e-23,6713105,2019-02-18 23:06:17,XMR,69.8835922,0.0,0.00000001,XMR,9887963.0,0.0,0.00137438,58
0,[],17,[],2019-02-18 22:53:16,0.0,0,0,6712902,2019-02-18 22:53:16,btc,1e+24,0.0,0,btc,41481695.95832568,0.0,0.0,58
1,[],5,[],2019-02-18 23:06:18,0.0,0,0,6713106,2019-02-18 23:06:18,btc,0.0,0.01269536,0,btc,0.0,0.0,0.0,61
1,[],22,[],2019-02-18 23:06:25,5149.5,0.00000011,0.00000000000427658,6713107,2019-02-18 23:06:25,BTC,1002.29597012,0.0,0.00000011,BTC,14947.700278135757,0.0,0.00051596,61
1,[],26,[],2019-02-18 23:06:25,0.0,0.00000800,0.000000000311024,6713108,2019-02-18 23:06:25,btc,0.0,0.0,0.00000800,btc,0.0,0.0,0.0,61
1,[],27,[],2019-02-18 23:06:28,5582.64,0.00000045,0.0000000000174951,6713109,2019-02-18 23:06:28,btc,2.970311846318174,0.0,0.00000045,"btc,eth",18798.38399471,0.0,0.0009709972050690627,61
1,[],28,[],2019-02-18 23:06:30,13882.304,0.0000005,0.000000000019439,6713110,2019-02-18 23:06:30,btc,2.062488404235105,765.0,0.0000005,btc,15611.87550005,0.0,0.00566491304,61
1,[],4,[],2019-02-18 22:53:43,428054.43052936,0.00000330,0.00000000012803307,6712909,2019-02-18 22:53:43,btc,1.0745136422642942,0.0,0.00000330,btc,249168.11512785,0.66333949,0.9134879172457627,67
0.0,[],25,[],2019-02-18 22:53:44,0.0,0,0,6712910,2019-02-18 22:53:44,,0.0,0.0,0.0,btc,0.0,0.0,0.0,67
1,[],12,[],2019-02-18 23:06:32,3107168.37212792,0.00000017,0.00000000000660926,6713111,2019-02-18 23:06:32,btc,11115995.88480907,0.0,0.00000017,btc,1809711.32653408,0.0109391495587119,0.1140101564411118,71
,[],5,[],2018-11-20 23:02:39,1.5e-07,0.00000005,0.000000000002128045,4862160,2018-11-20 23:02:39,btc,2.84511358,0.0,,btc,0.00036572,0.0,0.07381892,74
1,[],5,[],2019-02-18 23:06:33,0.0,0,0,6713112,2019-02-18 23:06:33,btc,0.0,0.0,0,btc,0.0,0.0,0.0,75
1,[],4,[],2019-02-18 23:06:33,17976001.10892337,0.00000001,0.00000000000038878000000000004,6713113,2019-02-18 23:06:33,btc,0.8634517537739842,0.0,0.00000001,btc,15391342.79181637,0.0,0.1797600110892337,81
0,[],20,[],2019-01-25 09:30:31,0.0,0,0,6495923,2019-01-25 09:30:31,btc,0.0,0.0,0,btc,0.0,0.0,0.0,81
1,[],4,[],2019-02-18 23:06:35,33553.74155955,0.00007502,0.0000000029166275600000004,6713114,2019-02-18 23:06:35,btc,1.2227110686500844,0.0,0.00007502,btc,10420.40153278,0.00935824,0.5532221326841091,82
1,[],21,[],2019-02-18 23:06:36,178096.57761654,0.00008296000000000000530915589270,0.0000000032253188800000006,6713115,2019-02-18 23:06:36,btc,2.690055868995532,7793.63470063,0.00008296000000000000530915589269653764858958311378955841064453125,btc,25808.20428435,0.61975112,4.0799961072487365,82
0,[],17,[],2019-02-18 23:06:37,0.0,0,0,6713116,2019-02-18 23:06:37,btc,0.0447233088476774,0.0,0,btc,999127.19588126,0.0,0.0,84
0.0000000001214376,[],4,[],2019-02-18 23:06:38,128164999.33863714,8.500632e-18,3.3048757089600005e-22,6713117,2019-02-18 23:06:38,ltc,0.1954152643887419,0.0,0.00000007,ltc,98866314.9099836,0.00027536,5.249003787931826e-10,85
,[],22,[],2018-11-20 23:09:34,3408.1,0.0000001,0.0000000000041895,4862324,2018-11-20 23:09:34,BTC,0.04624735,0.0,,BTC,4990.0,0.0,0.00033081,86
0,[],22,[],2019-02-18 23:06:43,0.0,0,0,6713118,2019-02-18 23:06:43,,2.0760781,0.0,0,,140622.94736842104,0.0,0.0,87
0,[],27,[],2019-02-18 23:06:45,0.0,0,0,6713119,2019-02-18 23:06:45,,0.0,0.0,0,btc,0.0,0.0,0.0,87
,[],2,[],2018-11-20 23:10:47,0.0,0,0,4862359,2018-11-20 23:10:47,,0.0,0.0,,,0.0,0.0,0.0,88
1,[],11,[],2019-02-18 22:54:11,95903.97822632,0.0001434100000000000109910691659109716056264005601406097412109375,0.000000005564006839000001,6712920,2019-02-18 22:54:11,btc,609.9559990843325,661.43098936,0.0001434100000000000109910691659109716056264005601406097412109375,btc,93857.02958387,0.0,6.414907165488763,89
0,[],2,[],2019-01-20 23:31:45,0.0,0,0,6477083,2019-01-20 23:31:45,,0.0,0.0,0,,0.0,0.0,0.0,91
1,[],12,[],2019-02-18 22:54:12,436854.79933223,0.000001870000000000000095373470405946125794116596807725727558135986328125,0.000000000072552073,6712921,2019-02-18 22:54:12,btc,15.382177419072761,0.0,0.000001870000000000000095373470405946125794116596807725727558135986328125,btc,51888.37042796,0.0041003568381772,0.057787085999914,91
0,[],17,[],2019-02-18 21:53:54,0.0,0,0,6712517,2019-02-18 21:53:54,btc,0.0,0.0,0,btc,0.0,0.0,0.0,91
0.0000000001214376,[],22,[],2019-02-18 23:06:52,3506520.0,4.857504e-18,1.88850040512e-22,6713120,2019-02-18 23:06:52,LTC,9.13211897,0.0,0.00000004,LTC,72065348.1,2.428752e-14,0.1050108,95
0.0000000001214376,[],4,[],2019-02-18 23:06:53,135032367.11567372,9.472132800000001e-17,3.682575789984e-21,6713121,2019-02-18 23:06:53,ltc,0.6649114188606494,0.0,0.00000078,ltc,37905237.70949952,0.00321755,1.0968050952595333e-09,96
1,[],12,[],2019-02-18 23:06:54,257630.0,0.00000001,0.00000000000038878000000000004,6713122,2019-02-18 23:06:54,btc,255074.72067415336,0.0,0.00000001,btc,8790772.71959015,0.00036570998002,0.0025763,96
0,[],17,[],2019-02-18 23:06:55,0.0,0,0,6713123,2019-02-18 23:06:55,btc,0.0,0.0,0,btc,0.0,0.0,0.0,96
1,[],4,[],2019-02-18 23:06:56,1190335.50589195,0.00000030,0.000000000011663400000000001,6713124,2019-02-18 23:06:56,btc,0.7213574324287149,0.0,0.00000030,btc,1020226.73450342,1.51014099,0.0723195817098526,99
1,[],4,[],2019-02-18 23:06:56,196910.93950789,0.00003920,0.0000000015240176000000001,6713125,2019-02-18 23:06:56,btc,0.7940578899313568,0.0,0.00003920,btc,18344.5045236,0.46346439,1.234246948661898,100
0,[],2,[],2019-01-20 23:23:55,0.0,0,0,6476914,2019-01-20 23:23:55,,0.0,0.0,0,,0.0,0.0,0.0,100
1,[],22,[],2019-02-18 23:07:03,50000.0,0.00000001,0.00000000000038878000000000004,6713126,2019-02-18 23:07:03,BTC,23.49896609,0.0,0.00000001,BTC,10277.22,0.0,0.0005,101
1,[],4,[],2019-02-18 23:07:03,468535.46570792,0.00000086,0.00000000003343508,6713127,2019-02-18 23:07:03,btc,0.4010358160638215,0.0,0.00000086,btc,164042.04285033,0.02623224,0.2516652728175,103
1,[],12,[],2019-02-18 23:07:06,57646582.0,0.000000016,0.0000000000006220480000000001,6713128,2019-02-18 23:07:06,btc,137279439.75007343,0.0,0.000000016,btc,122898472.32416363,0.0452328538369168,0.20758079200000001,105
1,[],27,[],2019-02-18 23:07:09,3997411.89,0.00000001,0.00000000000038878000000000004,6713129,2019-02-18 23:07:09,btc,0.2583299431492299,0.0,0.00000001,btc,303168.20460553,0.0,0.0399741189,105
1,[],22,[],2019-02-18 23:07:15,9328.0,0.00000001,0.00000000000038878000000000004,6713130,2019-02-18 23:07:15,BTC,51.10825004,0.0,0.00000001,BTC,468935.0,0.0,9.328e-05,107
1,[],26,[],2019-02-18 23:07:15,0.0,0.00000000,0,6713131,2019-02-18 23:07:15,btc,0.0,0.0,0.00000000,btc,0.0,0.0,0.0,107
1,[],5,[],2019-02-18 23:07:16,0.0,0,0,6713132,2019-02-18 23:07:16,btc,0.0,0.0040186,0,btc,0.0,0.0,0.0,112
1,[],22,[],2019-02-18 23:07:21,1966.0,0.00000001,0.00000000000038878000000000004,6713133,2019-02-18 23:07:21,BTC,2.81183288,0.0,0.00000001,BTC,808524.0833333334,0.0,1.966e-05,112
0,[],27,[],2019-02-18 23:07:24,0.0,0,0,6713134,2019-02-18 23:07:24,,1.35132491849924,0.0,0,"btc,eth",1328.641654,0.0,0.0,112
1,[],4,[],2019-02-18 23:07:25,476899.90063502,0.00000321,0.00000000012479838000000002,6713135,2019-02-18 23:07:25,btc,0.3164032537596379,0.0,0.00000321,btc,76733.54229412,0.36097264,0.2667449281892696,113
1,[],5,[],2019-02-18 23:07:26,0.0,0,0,6713136,2019-02-18 23:07:26,btc,0.0,0.0,0,btc,0.0,0.0,0.0,113
1,[],17,[],2019-02-18 23:07:28,152738.278,0.00000004,0.0000000000015551200000000001,6713137,2019-02-18 23:07:28,btc,1.3368030275273322,0.0,0.00000004,btc,51896.221,0.0,0.0022095311199999998,116
0,[],27,[],2019-02-18 23:07:30,0.0,0,0,6713138,2019-02-18 23:07:30,,0.0,0.0,0,btc,0.0,0.0,0.0,116
1,[],4,[],2019-02-18 23:07:32,28655.90938885,0.00003012,0.00000000117100536,6713139,2019-02-18 23:07:32,btc,0.7108281628490728,0.0,0.00003012,btc,20896.61297707,0.76313669,0.7084212391617759,120
1,[],7,[],2019-02-18 23:07:34,18235.42990079,0.00003007999999999999999407591932953920377258327789604663848876953125,0.0000000011694502400000002,6713140,2019-02-18 23:07:34,btc,115647.13793640798,0.48394348,0.00003007999999999999999407591932953920377258327789604663848876953125,btc,27876.74678351,1.454e-05,0.0769722249327998,120
1,[],20,[],2019-02-18 23:07:37,1073956.4397,0.000000017,0.000000000000660926,6713141,2019-02-18 23:07:37,btc,31.909191296025,2628.95,0.000000017,btc,1141578.7853,4.469215e-05,0.0050864568674,125
1,[],22,[],2019-02-18 23:07:42,3053.0,0.00000001,0.00000000000038878000000000004,6713142,2019-02-18 23:07:42,BTC,0.01444887,0.0,0.00000001,BTC,296263.5111111111,0.0,3.053e-05,126
1,[],4,[],2019-02-18 23:07:43,130214.79626264,0.00001700,0.0000000006609260000000001,6713143,2019-02-18 23:07:43,btc,0.9342812391887694,0.0,0.00001700,btc,44360.24442599,0.40843774,1.105624503577013,131
0,[],17,[],2019-02-18 23:07:44,0.0,0,0,6713144,2019-02-18 23:07:44,btc,0.0009561751951600001,0.0,0,btc,35.42829368,0.0,0.0,131
0,[],2,[],2019-01-20 23:25:46,0.0,0,0,6476969,2019-01-20 23:25:46,,0.0,0.0,0,,0.0,0.0,0.0,131
1,[],4,[],2019-02-18 23:07:45,4559.26752422,0.00016161,0.0000000062830735800000005,6713145,2019-02-18 23:07:45,btc,1.647401424516374,0.0,0.00016161,btc,334.44418488,0.0,0.0093078356989027,135
1,[],3,[],2019-02-18 23:07:46,1673560.37238507,0.00000005,0.0000000000019439000000000002,6713146,2019-02-18 23:07:46,btc,0.1295819625138315,19942.0,0.00000005,btc,536874.90940695,0.0,0.0600890117803674,136
1,[],4,[],2019-02-18 23:07:47,55111.54035509,0.00000176,0.00000000006842528,6713147,2019-02-18 23:07:47,btc,0.1229119220471461,0.0,0.00000176,btc,58688.78397213,0.09696573,0.0653093341386025,137
1,[],12,[],2019-02-18 23:07:48,295805.25394592,0.00000172999999999999995347796898081949024117420776747167110443115234375,0.00000000006725894,6713148,2019-02-18 23:07:48,btc,11981.70074527942,0.0,0.00000172999999999999995347796898081949024117420776747167110443115234375,btc,157828.15676263,0.0006934068768582,0.0255454898320063,137
1,[],4,[],2019-02-18 23:07:49,118049.37705026,0.00004882,0.0000000018980239600000003,6713149,2019-02-18 23:07:49,btc,0.6637083677244823,0.0,0.00004882,btc,10865.59818975,0.61104032,0.36231038413147,142
1,[],5,[],2019-02-18 23:07:50,0.0,0,0,6713150,2019-02-18 23:07:50,btc,0.0,1.0048051,0,btc,0.0,0.0,0.0,142
1,[],20,[],2019-02-18 23:07:54,133929.4949,0.000033861,0.000000001316447958,6713151,2019-02-18 23:07:54,btc,0.3759652731162,5089.7983,0.000033861,btc,3507.9688,0.389674957848,0.2521764003873,142
1,[],22,[],2019-02-18 23:07:59,1613.354305200341,0.00003220,0.0000000012518716,6713152,2019-02-18 23:07:59,BTC,3.0070065,0.0,0.00003220,BTC,896.9784641392417,0.0,0.0018856,142
0.0,[],25,[],2019-02-18 23:08:01,0.0,0,0,6713153,2019-02-18 23:08:01,,0.0,0.0,0.0,btc,0.0,0.0,0.0,142
1,[],28,[],2019-02-18 23:08:03,77743.0,0.00004500,0.00000000174951,6713154,2019-02-18 23:08:03,btc,0.057100837,474.0,0.00004500,btc,356.4989,0.0,0.0519372,142
1,[],17,[],2019-02-18 22:13:07,22967.386363640002,0.00000088,0.0000000000341704,6712749,2019-02-18 22:13:07,btc,20.069913352979654,0.0,0.00000088,btc,2746.079105,0.0,0.0104613000000032,142
0,[],22,[],2019-02-18 23:08:09,0.0,0,0,6713155,2019-02-18 23:08:09,,67.24443376,0.0,0,,817363658.3,0.0,0.0,143
1,[],21,[],2019-02-18 23:08:13,35204789.14122394,0.00000026,0.00000000001010828,6713156,2019-02-18 23:08:13,btc,64.3299451020134,19688471.75600233,0.00000026,btc,103090720.67647173,5.12996649,5.306282906111354,145
0,[],22,[],2019-02-18 23:08:18,0.0,0,0,6713157,2019-02-18 23:08:18,,4.24946284,0.0,0,,1812156.0,0.0,0.0,146
,[],22,[],2018-11-20 23:01:11,0.0,0,0,4862114,2018-11-20 23:01:11,,2.56807021,0.0,,,61828.4988236,0.0,0.0,147
1,[],12,[],2019-02-18 23:08:20,8679323.1593337,0.00000279999999999999987329471311248152431971902842633426189422607421875,0.0000000001088584,6713158,2019-02-18 23:08:20,btc,16.584058302402774,0.0,0.00000279999999999999987329471311248152431971902842633426189422607421875,btc,122572.3440185,0.0006348140237856,0.107962347999998,148
1,[],4,[],2019-02-18 23:08:21,247751.67438999,0.00000030,0.000000000011663400000000001,6713159,2019-02-18 23:08:21,btc,0.778257445128853,0.0,0.00000030,btc,593167.18068715,0.00020876,0.0586340587886126,152
0,[],22,[],2019-02-18 23:08:25,0.0,0,0,6713160,2019-02-18 23:08:25,,0.0,0.0,0,,0.0,0.0,0.0,152
1,[],5,[],2019-02-18 23:08:27,0.0,0,0,6713161,2019-02-18 23:08:27,btc,0.0,0.0,0,btc,0.0,0.0,0.0,153
,[],16,[],2019-01-11 15:38:59,0.0,0,0,6366141,2019-01-11 15:38:59,btc,0.0,0.0,,btc,0.0,0.0,0.0,155
0,[],22,[],2019-02-18 23:08:32,0.0,0,0,6713162,2019-02-18 23:08:32,,6.74608761,0.0,0,,4644402.242592593,0.0,0.0,156
0,[],23,[],2019-01-20 23:24:29,0.0,0,0,6476932,2019-01-20 23:24:29,,0.0,0.0,0,,0.0,0.0,0.0,156
1,[],22,[],2019-02-18 23:08:38,7073.8,0.00005300,0.000000002060534,6713163,2019-02-18 23:08:38,BTC,43.78801181,0.0,0.00005300,BTC,1067.5805334758436,0.0,0.00104336,157
0,[],22,[],2019-02-18 23:08:42,0.0,0,0,6713164,2019-02-18 23:08:42,,50175.68008609,0.0,0,,54479136.04179466,0.0,0.0,158
,[],17,[],2018-11-20 22:56:10,0.0,0,0,4861976,2018-11-20 22:56:10,btc,1.1265625,0.0,,btc,1000.0,0.0,0.0,159
,[],20,[],2018-11-20 22:56:12,0.0,0,0,4861977,2018-11-20 22:56:12,btc,11912.7940471,0.0,,btc,34413894.3617,0.0,0.0,159
1,[],12,[],2019-02-18 23:08:44,188281.26730491,0.00000740000000000000030041073795228356857478502206504344940185546875,0.00000000028769720000000004,6713165,2019-02-18 23:08:44,btc,6.657398581683237,0.0,0.00000740000000000000030041073795228356857478502206504344940185546875,btc,14477.21569509,0.0057823366657922,0.0942633855000023,168
1,[],17,[],2019-02-18 23:08:46,29784.95,0.000001,0.000000000038878,6713166,2019-02-18 23:08:46,btc,0.03026736251542,0.0,0.000001,btc,144.46171372,0.0,0.00716147,168
0,[],22,[],2019-02-18 23:08:49,0.0,0,0,6713167,2019-02-18 23:08:49,,1.14655792,0.0,0,,759972.8900917594,0.0,0.0,169
1,[],22,[],2019-02-18 23:09:27,179276.0,0.00000021,0.00000000000816438,6713168,2019-02-18 23:09:27,BTC,13.29204226,0.0,0.00000021,BTC,164829.50740750547,0.00071552,0.02507036,171
1,[],22,[],2019-02-18 23:09:31,145995.6,0.0000001,0.0000000000038878000000000005,6713169,2019-02-18 23:09:31,BTC,2.66238545,0.0,0.0000001,BTC,265394.9375988837,0.00377032,0.00657977,173
1,[],5,[],2019-02-18 23:09:32,0.0,0,0,6713170,2019-02-18 23:09:32,btc,0.0,0.11464705,0,btc,0.0,0.0,0.0,175
1,[],22,[],2019-02-18 23:09:37,37430.0,0.0000003,0.000000000011663400000000001,6713171,2019-02-18 23:09:37,BTC,0.53079598,0.0,0.0000003,BTC,143403.40970790636,0.0,0.0032426,176
1,[],7,[],2019-02-18 23:09:38,0.0,0,0,6713172,2019-02-18 23:09:38,btc,410918.63489866455,0.0,0,btc,115828955.16222881,0.0,0.0,178
0,[],22,[],2019-02-18 23:09:41,0.0,0,0,6713173,2019-02-18 23:09:41,,1.00242428,0.0,0,,57512.0,0.0,0.0,178
0,[],2,[],2019-01-20 23:28:34,0.0,0,0,6477001,2019-01-20 23:28:34,,0.0,0.0,0,,0.0,0.0,0.0,178
1,[],5,[],2019-02-18 23:09:42,0.0,0,0,6713174,2019-02-18 23:09:42,btc,0.0,0.87194006,0,btc,0.0,0.0,0.0,179
1,[],22,[],2019-02-18 23:10:23,7859285.0,0.00000002,0.0000000000007775600000000001,6713175,2019-02-18 23:10:23,BTC,5.49491223,0.0,0.00000002,"BTC,LTC",17558294.468656633,0.0,0.38444554,179
0,[],23,[],2019-01-20 23:25:08,0.0,0,0,6476952,2019-01-20 23:25:08,,0.0,0.0,0,,0.0,0.0,0.0,179
1,[],17,[],2019-02-18 23:10:25,10504.725,0.0000001,0.0000000000038878000000000005,6713176,2019-02-18 23:10:25,btc,5.201913593507951,0.0,0.0000001,btc,5427.1328087,0.0,0.0010504725,180
1,[],22,[],2019-02-18 23:10:31,128933.32,0.00000025,0.0000000000097195,6713177,2019-02-18 23:10:31,BTC,0.16051494,0.0,0.00000025,"BTC,LTC",40249.551201689304,0.00115418,0.00134617,180
1,[],26,[],2019-02-18 23:10:31,0.0,0.00000100,0.000000000038878,6713178,2019-02-18 23:10:31,btc,0.0,0.0,0.00000100,btc,0.0,0.0,0.0,180
,[],7,[],2018-11-20 22:58:01,562227.975654,0.00000085,0.000000000036176765,4862015,2018-11-20 22:58:01,btc,21836.6059674,2491.87645172,,btc,749999.041456,0.00211021,0.127565380455,183
,[],5,[],2019-01-10 08:11:41,0.0,0,0,6347036,2019-01-10 08:11:41,btc,82.15055501,0.00261,,btc,1.19002445,0.0,0.0,187
1,[],24,[],2019-02-18 23:10:32,0.0,0.000000000001,3.8878000000000005e-17,6713179,2019-02-18 23:10:32,btc,0.0,0.0,0.000000000001,btc,0.0,0.0,0.0,187
,[],17,[],2018-11-16 20:58:10,4062536.27273,0.00000001,0.000000000000550501,4708775,2018-11-16 20:58:10,btc,3.36492563466,0.195460381006,,"btc,eth",110697919.549,0.0,0.0157628953496,187
0,[],22,[],2019-02-18 23:10:35,0.0,0,0,6713180,2019-02-18 23:10:35,,1.19374426,0.0,0,,16338.869534405507,0.0,0.0,191
0,[],22,[],2019-02-18 23:10:42,0.0,0,0,6713181,2019-02-18 23:10:42,,0.0,0.0,0,,0.0,0.0,0.0,197
0,[],23,[],2019-01-20 23:31:41,0.0,0,0,6477079,2019-01-20 23:31:41,,0.0,0.0,0,,0.0,0.0,0.0,199
0,[],22,[],2019-02-18 23:10:46,0.0,0,0,6713182,2019-02-18 23:10:46,,5.17192327,0.0,0,,21801494.0,0.0,0.0,199
1,[],26,[],2019-02-18 23:10:46,0.0,0.00000000,0,6713183,2019-02-18 23:10:46,btc,0.0,768005.0,0.00000000,btc,0.0,0.0,0.0,199
0,[],17,[],2019-01-30 16:32:01,0.0,0,0,6540827,2019-01-30 16:32:01,btc,6.802544163788159,0.0,0,btc,105897.55575295,0.0,0.0,200
0,[],2,[],2019-01-20 23:30:49,0.0,0,0,6477059,2019-01-20 23:30:49,,0.0,0.0,0,,0.0,0.0,0.0,201
1,[],4,[],2019-01-25 15:51:35,2084389.58565343,0.00000936,0.000000000333526752,6499557,2019-01-25 15:51:35,btc,2.0092503037378524,0.0,0.00000936,btc,160195.80207885,0.19272417,1.242687955921835,211
1,[],7,[],2019-02-18 23:10:49,4605808.36145477,0.00000137999999999999991637657063836552850943917292170226573944091796875,0.00000000005365164,6713184,2019-02-18 23:10:49,btc,15475876.290517155,1503264.86454,0.00000137999999999999991637657063836552850943917292170226573944091796875,btc,13140953.85345037,2.1130502,2.9658554298390998,212
1,[],5,[],2019-02-18 23:10:51,0.0,0,0,6713185,2019-02-18 23:10:51,btc,0.0,0.24530635,0,btc,0.0,0.0,0.0,213
1,[],24,[],2019-02-18 23:10:51,0.0,0.000000050000,0.0000000000019439000000000002,6713186,2019-02-18 23:10:51,btc,0.0,20.0,0.000000050000,btc,0.0,1.76e-05,0.0,213
1,[],26,[],2019-02-18 23:10:51,0.0,0.00000009,0.00000000000349902,6713187,2019-02-18 23:10:51,btc,0.0,0.0,0.00000009,btc,0.0,0.0,0.0,213
1,[],12,[],2019-01-25 02:44:32,207462.42853209,0.000001080000000000000035831255497387193287295303889550268650054931640625,0.000000000038610756000000006,6493050,2019-01-25 02:44:32,btc,85023.03793723314,0.0,0.000001080000000000000035831255497387193287295303889550268650054931640625,btc,43675.73520027,0.000146250909087,0.0348620860622024,213
0,[],22,[],2019-02-18 23:10:55,0.0,0,0,6713188,2019-02-18 23:10:55,,2.19551377,0.0,0,,211112.59081706151,0.0,0.0,216
1,[],27,[],2019-02-18 23:10:58,5204157.5615,0.00000006,0.00000000000233268,6713189,2019-02-18 23:10:58,btc,362.0745472606,200.0,0.00000006,"btc,ltc",264161.775,2e-05,0.05478726246,216
1,[],22,[],2019-02-18 23:11:04,186504.22052495697,0.00000191,0.00000000007425698,6713190,2019-02-18 23:11:04,BTC,12676.77085175,0.0,0.00000191,BTC,396739.7817230947,0.07075886,0.21014684,217
1,[],7,[],2019-02-18 23:11:06,0.0,0,0,6713191,2019-02-18 23:11:06,btc,77969.6156418105,0.0,0,btc,137055636.5050253,0.0,0.0,219
0,[],27,[],2019-02-18 23:11:10,0.0,0,0,6713192,2019-02-18 23:11:10,,5.341833788316972,0.0,0,btc,1599140.99226595,0.0,0.0,219
0.0000000000000053,[],28,[],2019-02-18 23:11:12,168163313.092,4.399477e-18,1.7104286680600002e-22,6713193,2019-02-18 23:11:12,doge,84047.8870939895,13948.0,0.00083009,"btc,doge",4762557.44411,0.0,1.1688635191466321e-11,219
1,[],22,[],2019-02-18 23:11:17,245477.6,0.00000019,0.000000000007386820000000001,6713194,2019-02-18 23:11:17,BTC,2.99452318,0.0,0.00000019,BTC,90991.46837794242,0.0,0.02663551,221
1,[],24,[],2019-02-18 23:11:17,0.0,0.000000180000,0.00000000000699804,6713195,2019-02-18 23:11:17,btc,0.0,0.0,0.000000180000,btc,0.0,0.0,0.0,221
1,[],20,[],2019-02-18 23:11:19,47081815.8425,0.000000002,0.000000000000077756,6713196,2019-02-18 23:11:19,btc,47.9786214075211,149757.7842,0.000000002,btc,10194573.1132,0.0004242444884,0.0477109711063,224
0,[],22,[],2019-02-18 23:11:22,0.0,0,0,6713197,2019-02-18 23:11:22,,0.0,0.0,0,,0.0,0.0,0.0,224
1,[],26,[],2019-02-18 23:11:23,0.0,0.00000033,0.000000000012829740000000001,6713198,2019-02-18 23:11:23,btc,0.0,0.0,0.00000033,btc,0.0,0.0,0.0,231
1,[],26,[],2019-02-18 23:11:23,0.0,0.00000006,0.00000000000233268,6713199,2019-02-18 23:11:23,btc,0.0,100.0,0.00000006,btc,0.0,0.0,0.0,234
0,[],27,[],2019-02-18 23:11:26,0.0,0,0,6713200,2019-02-18 23:11:26,,0.0113483662182,0.0,0,"btc,eth",11462.99618,0.0,0.0,234
0,[],22,[],2019-02-18 23:11:30,0.0,0,0,6713201,2019-02-18 23:11:30,,4.08286522,0.0,0,,104073927.81349206,0.0,0.0,235
1,[],4,[],2019-02-18 23:11:31,1026492.33636112,0.00000077,0.00000000002993606,6713202,2019-02-18 23:11:31,btc,0.3139257074513417,0.0,0.00000077,btc,246096.85941353,0.06450784,0.3530002186498956,236
1,[],24,[],2019-02-18 23:11:31,0.0,0.000000020010,0.0000000000007779487800000001,6713203,2019-02-18 23:11:31,btc,0.0,0.0,0.000000020010,btc,0.0,0.0,0.0,236
1,[],20,[],2019-02-18 23:11:33,70774148.4032,0.000000074,0.0000000000028769720000000004,6713204,2019-02-18 23:11:33,btc,16.9707071106689,36119115.3034,0.000000074,btc,41164094.4644,2.8297533434703,0.6425762372308,237
1,[],22,[],2019-02-18 23:12:12,116403.0,0.00000004,0.0000000000015551200000000001,6713205,2019-02-18 23:12:12,BTC,0.0405823,0.0,0.00000004,"BTC,LTC",3164.0,0.0,0.00482009,237
1,[],4,[],2019-02-18 23:12:13,4851949.41516757,0.00000034,0.000000000013218520000000001,6713206,2019-02-18 23:12:13,btc,0.6165977911688835,0.0,0.00000034,btc,1561816.69920695,0.33171994,1.5352645727471483,238
1,[],5,[],2019-02-18 23:12:14,0.0,0,0,6713207,2019-02-18 23:12:14,btc,0.0,0.05489898,0,btc,0.0,0.0,0.0,238
0,[],22,[],2019-02-18 23:12:18,0.0,0,0,6713208,2019-02-18 23:12:18,,27.41701007,0.0,0,,370860.0639027493,0.0,0.0,249
0.0000000001214376,[],22,[],2019-02-18 23:12:23,7021097.666666667,3.643128e-18,1.4163753038400002e-22,6713209,2019-02-18 23:12:23,LTC,0.56670218,0.0,0.00000003,LTC,15147487.09,0.0,0.20963595,252
1,[],28,[],2019-02-18 23:12:25,4391956.698,0.0000001,0.0000000000038878000000000005,6713210,2019-02-18 23:12:25,btc,164693.70150149014,65405.7,0.0000001,btc,1119203.9751,0.0,0.2663411375,256
1,[],22,[],2019-02-18 23:12:29,1494873.6666666667,0.00000003,0.00000000000116634,6713211,2019-02-18 23:12:29,BTC,30.15825348,0.0,0.00000003,BTC,398516.42423192423,0.0,0.04370093,258
1,[],22,[],2019-02-18 23:12:35,49651.0,0.00000002,0.0000000000007775600000000001,6713212,2019-02-18 23:12:35,BTC,2.629917,0.0,0.00000002,BTC,1762.0,0.0,0.00050551,259
1,[],22,[],2019-02-18 23:12:40,11260.0,0.00000782,0.00000000030402596000000003,6713213,2019-02-18 23:12:40,BTC,1293.00557827,0.0,0.00000782,"BTC,LTC",5097.512247699294,0.00935328,0.01363705,262
1,[],5,[],2019-02-18 23:12:41,0.0,0,0,6713214,2019-02-18 23:12:41,btc,0.0,0.03975808,0,btc,0.0,0.0,0.0,264
1,[],20,[],2019-02-18 23:12:43,1241589.0992,0.000001002,0.000000000038955756,6713215,2019-02-18 23:12:43,btc,8.6497379732275,93950.487,0.000001002,btc,157372.5759,0.274223136668,0.0228128321032,264
1,[],22,[],2019-02-18 23:12:47,62163.5,0.00000002,0.0000000000007775600000000001,6713216,2019-02-18 23:12:47,BTC,8.43553312,0.0,0.00000002,BTC,415509.1485028838,0.00015,0.00074564,271
0,[],22,[],2019-02-18 23:12:51,0.0,0,0,6713217,2019-02-18 23:12:51,,385.44178703,0.0,0,,15173097515.9,0.0,0.0,272
0.0000000000000053,[],28,[],2019-02-18 23:12:53,205746362856.083,4.081e-21,1.5866111800000002e-25,6713218,2019-02-18 23:12:53,doge,441786046.22520685,43039314682.6022,0.00000077,doge,215821190634.28006,0.0,5.419006853117355e-10,272
1,[],22,[],2019-02-18 23:13:00,19471.656,0.00000550,0.00000000021382900000000002,6713219,2019-02-18 23:13:00,BTC,74.21378631,0.0,0.00000550,"BTC,LTC",4145.887704275736,0.05193403,0.07312472,281
