pairValue,buyBook,exchangeId,sellBook,updated,buyTotal,satoshiPrice,usdPrice,exchangeLogId,created,bestPair,sellTotalBtc,volume,pairPrice,activePairs,sellTotal,volumeBtc,buyTotalBtc,coinId
1,[],3,[],2019-01-27 22:14:09,96.638797757628,0.012772010000000000307096570395515300333499908447265625,0.000000454150963183,6516365,2019-01-27 22:14:09,btc,106.96106758767223,4.5802431e-05,0.012772010000000000307096570395515300333499908447265625,btc,13.442912982151,0.0,0.08471861174936396,1
1,[],4,[],2019-01-27 22:15:15,25049.00225556,0.01268480,0.00000045104992384,6516366,2019-01-27 22:15:15,btc,0.6561272537678723,0.0,0.01268480,btc,47.80341325,0.79547655,0.8862690083790109,1
1,[],5,[],2019-01-27 22:15:19,0.22336577,0.01252178,0.000000445253209774,6516367,2019-01-27 22:15:19,btc,14578.47489947,0.00247123,0.01252178,btc,35555556.29095035,0.0,1.62188995,1
1,[],10,[],2019-01-27 22:15:21,271419.06804436,0.01236003,0.00000043950165474899995,6516368,2019-01-27 22:15:21,btc,6535.957523312964,1028.75205401,0.01236003,btc,864.24053389,0.0,3.567385318638274,1
1,[],12,[],2019-01-27 22:15:42,10413.87454308,0.01171999999999999951538764975111917010508477687835693359375,0.000000416743276,6516369,2019-01-27 22:15:42,btc,0.3934010801997,0.0,0.01171999999999999951538764975111917010508477687835693359375,btc,25.12656478,0.0247599123286,0.0751769441127,1
1,[],20,[],2019-01-27 22:15:48,1351.1978,0.01050001,0.000000373362505583,6516370,2019-01-27 22:15:48,btc,0.0564711704203,0.0,0.01050001,btc,2.4781,0.0,0.0947312274601,1
1,[],21,[],2019-01-27 22:15:48,2589.4370718,0.01283962999999999944622519621,0.000000456555415429,6516371,2019-01-27 22:15:48,btc,27.42582888642528,1456.7912227099998,0.01283962999999999944622519620907041826285421848297119140625,"btc,eth",2509.33154615,15.798515797836584,26.09143862912056,1
1,[],22,[],2019-01-27 22:15:56,0.0363776,0.01400000,0.0000004978162,6516372,2019-01-27 22:15:56,BTC,0.31387019,0.0,0.01400000,BTC,0.09333966666666667,0.0,0.00048472,1
1,[],24,[],2019-01-27 22:15:59,0.0,0.000000000000,0,6516373,2019-01-27 22:15:59,btc,0.0,0.0,0.000000000000,btc,0.0,0.0,0.0,1
0.0,[],25,[],2019-01-27 22:16:00,0.0,0,0,6516374,2019-01-27 22:16:00,btc,15.990099998678701,480.46148077,0.0,btc,1195.04527331,6.1498,0.0,1
1,[],26,[],2019-01-27 22:16:11,0.0,0,0,6516375,2019-01-27 22:16:11,,0.0,0.0,0,,0.0,0.0,0.0,1
1,[],28,[],2019-01-27 22:16:31,987.9,0.01131000,0.000000402164373,6516376,2019-01-27 22:16:31,btc,0.162839806,17771.95,0.01131000,btc,8.9,0.0,0.024551096,1
0,[],2,[],2019-01-20 23:28:45,0.0,0,0,6477011,2019-01-20 23:28:45,,0.0,0.0,0,,0.0,0.0,0.0,1
1,[],5,[],2019-01-27 22:16:33,1.749e-05,0.00000069,0.000000000024535227,6516377,2019-01-27 22:16:33,btc,0.13808468,0.09872614,0.00000069,btc,7.763e-05,0.0,0.45951627,2
1,[],22,[],2019-01-27 22:16:44,1754.625335862178,0.0000004,0.00000000001422332,6516378,2019-01-27 22:16:44,BTC,0.0231601,0.0,0.0000004,"BTC,XMR",14562.72385,0.0,0.00111682,2
1,[],5,[],2019-01-27 22:16:52,1.25e-06,0.00000016,0.000000000005689328,6516379,2019-01-27 22:16:52,btc,3.91629161,0.00716912,0.00000016,btc,2.204e-05,0.0,1.9736084,3
1,[],12,[],2019-01-27 22:16:56,12531327.75788625,0.000000168,0.0000000000059737943999999994,6516380,2019-01-27 22:16:56,btc,921359.5831051643,0.0,0.000000168,btc,8095612.53786565,0.043691572495425,0.553449442075685,3
0,[],28,[],2019-01-27 22:17:01,0.0,0,0,6516381,2019-01-27 22:17:01,,0.0,0.0,0,,0.0,0.0,0.0,3
0,[],2,[],2019-01-20 23:31:32,0.0,0,0,6477077,2019-01-20 23:31:32,,0.0,0.0,0,,0.0,0.0,0.0,4
1,[],4,[],2019-01-27 22:17:04,322865.67715261,0.00000033,0.000000000011734239,6516382,2019-01-27 22:17:04,btc,0.4488693245720485,0.0,0.00000033,btc,320039.10227806,0.00184477,0.0430256868058822,4
1,[],12,[],2019-01-25 15:53:49,1222127.5219999999,0.00000003,0.000000000001069017,6499609,2019-01-25 15:53:49,btc,11013867.817925906,0.0,0.00000003,btc,969763.77092902,0.0,0.01617509044,5
0,[],2,[],2019-01-20 23:31:51,0.0,0,0,6477087,2019-01-20 23:31:51,,0.0,0.0,0,,0.0,0.0,0.0,6
1,[],11,[],2019-01-27 22:17:07,3384831.0,0.00000001,0.000000000000355583,6516383,2019-01-27 22:17:07,btc,9432.523683314566,890188.0,0.00000001,btc,41854617.72229939,0.0,0.03384831,6
1,[],3,[],2019-01-27 22:17:10,1053.285082148516,0.00015054000000000000540623101841219977359287440776824951171875,0.000000005352946482,6516384,2019-01-27 22:17:10,btc,30.108593419388622,0.0,0.00015054000000000000540623101841219977359287440776824951171875,btc,231.077492617847,0.0,0.028528323718921555,7
1,[],4,[],2019-01-27 22:17:11,22983.04857648,0.00016200,0.0000000057604446,6516385,2019-01-27 22:17:11,btc,1.9583085875064417,0.0,0.00016200,btc,10884.86894474,1.87599321,3.450663260843199,7
1,[],5,[],2019-01-27 22:17:12,0.00546129,0.00015738,0.000000005596165254,6516386,2019-01-27 22:17:12,btc,1.36485139,0.23016522,0.00015738,btc,0.0107971,0.0,1.60801422,7
1,[],20,[],2019-01-27 22:17:14,62771509.8802,0.000000001,0.0000000000000355583,6516387,2019-01-27 22:17:14,btc,121.193338259396,0.0,0.000000001,btc,26031125.3262,0.0,0.0627715098802,8
0,[],2,[],2019-01-20 23:22:42,0.0,0,0,6476876,2019-01-20 23:22:42,,0.0,0.0,0,,0.0,0.0,0.0,9
0,[],23,[],2019-01-20 23:22:48,0.0,0,0,6476878,2019-01-20 23:22:48,,0.0,0.0,0,,0.0,0.0,0.0,9
1,[],1,[],2019-01-27 22:17:15,2806911.87,0.00000193000000000000015618582815957182674537762068212032318115234375,0.00000000006862751900000001,6516388,2019-01-27 22:17:15,btc,4.4363712512,11639606.43,0.00000193000000000000015618582815957182674537762068212032318115234375,btc,2242908.81,22.57523894,5.3552315561,9
1,[],4,[],2019-01-27 22:17:16,458538.2778063,0.00000193,0.000000000068627519,6516389,2019-01-27 22:17:16,btc,0.8664510321529035,0.0,0.00000193,btc,433821.99585568,1.59383137,0.8390233241687407,9
1,[],28,[],2019-01-27 22:17:20,34500.0,0.00000165,0.000000000058671195,6516390,2019-01-27 22:17:20,btc,2708.75020572,3468280.0,0.00000165,btc,7862.68,0.0,0.02854,9
1,[],4,[],2019-01-27 22:17:21,7115728.09026053,0.00000002,0.000000000000711166,6516391,2019-01-27 22:17:21,btc,0.2147556972323771,0.0,0.00000002,btc,4269973.6289737,0.00079567,0.0741439661052106,10
0,[],2,[],2019-01-20 23:23:08,0.0,0,0,6476890,2019-01-20 23:23:08,,0.0,0.0,0,,0.0,0.0,0.0,12
1,[],4,[],2019-01-27 22:17:22,2505970.82397821,0.00000143,0.000000000050848369,6516392,2019-01-27 22:17:22,btc,1.1396116319662977,0.0,0.00000143,btc,757637.5838432,1.83749757,2.7583670898246395,12
1,[],5,[],2019-01-27 22:17:23,9.73e-06,0.00000134,0.000000000047648122,6516393,2019-01-27 22:17:23,btc,0.31187029,0.52996589,0.00000134,btc,0.00011334,0.0,0.04354187,12
0.0,[],25,[],2019-01-27 22:17:25,0.0,0,0,6516394,2019-01-27 22:17:25,,0.0,0.0,0.0,btc,0.0,0.0,0.0,12
1,[],4,[],2019-01-27 22:17:26,300370.65166309,0.00000710,0.00000000025246393,6516395,2019-01-27 22:17:26,btc,0.3932041375927232,0.0,0.00000710,btc,52722.11548262,0.77897781,1.3519570266214107,13
1,[],10,[],2019-01-27 22:17:28,569219.73736326,0.00000709,0.000000000252108347,6516396,2019-01-27 22:17:28,btc,666807.934875258,5984.52351861,0.00000709,btc,838818.76582703,0.0,0.8069458716081118,13
1,[],21,[],2019-01-27 22:17:32,1658028.0099744601,0.000007220000000000000329731901505,0.00000000025673092600000003,6516397,2019-01-27 22:17:32,btc,8.104152653036302,672239.71179807,0.000007220000000000000329731901504981550488082575611770153045654296875,btc,1043305.28938299,4.84259339,10.632921177359146,13
1,[],4,[],2019-01-27 22:17:36,699926.85179279,0.00000172,0.000000000061160276,6516398,2019-01-27 22:17:36,btc,0.1136876200883053,0.0,0.00000172,btc,47632.17117821,0.01821032,0.1241285726332931,14
1,[],12,[],2019-01-27 22:17:37,92399.4415026,0.000001769999999999999994019540816569957542014890350401401519775390625,0.000000000062938191,6516399,2019-01-27 22:17:37,btc,1.7865241405150611,0.0,0.000001769999999999999994019540816569957542014890350401401519775390625,btc,37974.62520423,0.0003512409449712,0.021019319514892,14
0,[],17,[],2019-01-27 22:17:39,0.0,0,0,6516400,2019-01-27 22:17:39,btc,0.0,0.0,0,btc,0.0,0.0,0.0,14
1,[],26,[],2019-01-27 22:17:39,0.0,0.00000020,0.00000000000711166,6516401,2019-01-27 22:17:39,btc,0.0,0.0,0.00000020,btc,0.0,0.0,0.0,14
,[],12,[],2018-12-01 15:15:48,204241.84496,0.00000489,0.000000000202473384,5260204,2018-12-01 15:15:48,btc,49.5475654835,0.0,,btc,35763.2193806,0.0163153972027625,0.0203389899998,15
0,[],4,[],2019-01-27 22:17:41,0.0,0,0,6516402,2019-01-27 22:17:41,,0.0,0.0,0,,0.0,0.0,0.0,15
0,[],2,[],2019-01-20 23:23:38,0.0,0,0,6476906,2019-01-20 23:23:38,,0.0,0.0,0,,0.0,0.0,0.0,18
1,[],4,[],2019-01-27 22:17:42,24439.48965624,0.00001838,0.000000000653561554,6516403,2019-01-27 22:17:42,btc,1.2099077961887155,0.0,0.00001838,btc,6516.87848167,0.0253964,0.0716846824260044,18
1,[],10,[],2019-01-27 22:17:51,391119.94152124,0.00001803,0.0000000006411161489999999,6516404,2019-01-27 22:17:51,btc,15.531760884972494,12180.192083,0.00001803,btc,10310.77660463,0.0,0.200399317989062,18
1,[],12,[],2019-01-27 22:17:52,200776.41237723,0.00001775000000000000115554267543505062576514319516718387603759765625,0.0000000006311598250000001,6516405,2019-01-27 22:17:52,btc,0.1942511785929252,0.0,0.00001775000000000000115554267543505062576514319516718387603759765625,btc,1945.80643477,0.0,0.0172561791292877,18
0,[],17,[],2019-01-27 22:17:54,0.0,0,0,6516406,2019-01-27 22:17:54,btc,0.0,0.0,0,btc,0.0,0.0,0.0,18
0,[],2,[],2019-01-20 23:24:19,0.0,0,0,6476924,2019-01-20 23:24:19,,0.0,0.0,0,,0.0,0.0,0.0,19
1,[],3,[],2019-01-27 22:17:55,108852.37236620068,0.0000381099999999999993448296375930794965825043618679046630859375,0.000000001355126813,6516407,2019-01-27 22:17:55,btc,1.2539103422561992,0.0,0.0000381099999999999993448296375930794965825043618679046630859375,btc,8295.084546752028,0.0,0.11579627793169818,19
1,[],4,[],2019-01-27 22:17:56,66877.0003925,0.00003736,0.000000001328458088,6516408,2019-01-27 22:17:56,btc,0.9232118486407844,0.0,0.00003736,btc,21008.9094592,1.34553715,1.4351074048749481,19
1,[],5,[],2019-01-27 22:17:58,0.00032937,0.00003500,0.0000000012445405,6516409,2019-01-27 22:17:58,btc,0.30868365,0.0,0.00003500,btc,0.00346495,0.0,0.19126716,19
1,[],12,[],2019-01-27 22:18:07,133822.0,0.0000425099999999999978751719087455285261967219412326812744140625,0.0000000015115833329999998,6516410,2019-01-27 22:18:07,btc,1.9918343980307924,0.0,0.0000425099999999999978751719087455285261967219412326812744140625,btc,416.49251023,0.0,0.03952802,19
0,[],27,[],2019-01-27 22:18:19,0.0,0,0,6516411,2019-01-27 22:18:19,,0.0,0.0,0,btc,0.0,0.0,0.0,19
1,[],4,[],2019-01-27 22:18:20,9448048.34664562,0.00000015,0.000000000005333745,6516412,2019-01-27 22:18:20,btc,0.8092880812208231,0.0,0.00000015,btc,1583112.29307681,0.0,0.3958519084068923,20
1,[],4,[],2019-01-27 22:18:21,127651962.93823025,0.00000002,0.000000000000711166,6516413,2019-01-27 22:18:21,btc,0.7126622995700169,0.0,0.00000002,btc,17815842.24481207,0.00618143,1.5628188429744454,21
1,[],12,[],2019-01-27 22:18:22,19517252.0,0.00000002,0.000000000000711166,6516414,2019-01-27 22:18:22,btc,668.0286444380631,0.0,0.00000002,btc,8017846.14785487,2.3676323676e-06,0.26328156,21
0,[],17,[],2019-01-27 22:18:39,0.0,0,0,6516415,2019-01-27 22:18:39,btc,0.0,0.0,0,btc,0.0,0.0,0.0,21
1,[],12,[],2019-01-27 22:18:41,4532624240.531896,0.0000000001,0.00000000000000355583,6516416,2019-01-27 22:18:41,btc,1721703601719.6191,0.0,0.0000000001,btc,6681842703.121111,0.000890765436763236,0.45326242405318956,23
0,[],27,[],2019-01-27 22:18:43,0.0,0,0,6516417,2019-01-27 22:18:43,,0.424699,0.0,0,eth,424699.0,0.0,0.0,23
1,[],4,[],2019-01-27 22:18:44,983888.10539776,0.00000083,0.000000000029513389,6516418,2019-01-27 22:18:44,btc,0.1112692630255557,0.0,0.00000083,btc,89683.48340175,0.00865325,0.4222277203583176,24
1,[],22,[],2019-01-27 22:19:06,11.76,0.00000100,0.0000000000355583,6516419,2019-01-27 22:19:06,BTC,7.415e-05,0.0,0.00000100,BTC,23.919354838709676,0.0,1.176e-05,24
0.0,[],25,[],2019-01-27 22:19:07,0.0,0,0,6516420,2019-01-27 22:19:07,,0.0,0.0,0.0,btc,0.0,0.0,0.0,24
0,[],2,[],2019-01-20 23:25:56,0.0,0,0,6476976,2019-01-20 23:25:56,,0.0,0.0,0,,0.0,0.0,0.0,26
1,[],4,[],2019-01-27 22:19:23,28842081.66005274,0.00000652,0.000000000231840116,6516421,2019-01-27 22:19:23,btc,0.4555960662145974,0.0,0.00000652,btc,38249.9378664,0.11878675,0.3895565518523601,26
1,[],10,[],2019-01-27 22:19:29,731947.32421194,0.00000684,0.000000000243218772,6516422,2019-01-27 22:19:29,btc,27.97548043661565,0.0,0.00000684,btc,12551.86744572,0.0,0.2239221048580408,26
1,[],3,[],2019-01-27 22:19:37,7751513.03885143,0.00000001,0.000000000000355583,6516423,2019-01-27 22:19:37,btc,3.1263314916932003,325202.9753,0.00000001,btc,18257128.93483052,0.0,0.0775151303885143,27
1,[],5,[],2019-01-27 22:19:39,1e-08,0.00000001,0.000000000000355583,6516424,2019-01-27 22:19:39,btc,2.62224568,9.215e-05,0.00000001,btc,4.436e-05,0.0,0.02470144,27
1,[],11,[],2019-01-27 22:19:41,10597882.41182718,0.00000005,0.000000000001777915,6516425,2019-01-27 22:19:41,btc,370.53275036350783,1000.0,0.00000005,btc,8220964.80991447,0.0,0.4932896594767663,27
1,[],4,[],2019-01-27 22:19:57,322250823.7119542,0.00000003,0.000000000001066749,6516426,2019-01-27 22:19:57,btc,4.074632408564941,0.0,0.00000003,"btc,ltc",154660075.47200996,0.35068942,3.1391048831953037,29
1,[],7,[],2019-01-27 22:21:04,39620026.51421685,0.00000003,0.000000000001066749,6516427,2019-01-27 22:21:04,btc,44465202.61696084,17823.1768232,0.00000003,btc,39446023.6343541,0.00071293,0.7214737384970875,29
1,[],4,[],2019-01-27 22:21:12,1399169.63674233,0.00000033,0.000000000011734239,6516428,2019-01-27 22:21:12,btc,0.2727302105639969,0.0,0.00000033,btc,456680.77333543,0.05456143,0.0722959859374827,30
0,[],17,[],2019-01-27 22:21:13,0.0,0,0,6516429,2019-01-27 22:21:13,btc,0.0,0.0,0,btc,0.0,0.0,0.0,30
1,[],4,[],2019-01-27 22:21:15,43484.89162104,0.00009142,0.000000003250739786,6516430,2019-01-27 22:21:15,btc,0.9702036982909841,0.0,0.00009142,btc,9762.51271845,1.69681007,3.1807081074755827,31
1,[],21,[],2019-01-27 22:21:16,51644.16181244,0.00009053000000000000228785740353,0.0000000032190928990000003,6516431,2019-01-27 22:21:16,btc,7.76710451578499,390680.66790169,0.000090530000000000002287857403526771804536110721528530120849609375,btc,79089.18035208,36.11009152,4.494577509982688,31
0,[],2,[],2019-01-20 23:28:43,0.0,0,0,6477009,2019-01-20 23:28:43,,0.0,0.0,0,,0.0,0.0,0.0,32
1,[],4,[],2019-01-27 22:21:19,141830049.20441496,0.00000006,0.000000000002133498,6516432,2019-01-27 22:21:19,btc,3.5988331565748117,0.0,0.00000006,"btc,ltc",56335800.11718172,2.47695605,1.9438340223662913,33
1,[],12,[],2019-01-27 22:21:21,22764607.0,0.00000006,0.000000000002133498,6516433,2019-01-27 22:21:21,btc,17261783.07084223,0.0,0.00000006,btc,87752622.33366625,0.0515221853146859,0.91047263,33
1,[],4,[],2019-01-25 15:51:47,121436519.49535657,0.00000002,0.000000000000712664,6499565,2019-01-25 15:51:47,btc,0.7770388655030004,0.0,0.00000002,btc,25623680.84561682,0.04566956,1.2289232726234858,34
1,[],5,[],2019-01-25 15:51:48,3e-08,0.00000002,0.000000000000712664,6499566,2019-01-25 15:51:48,btc,3.15691075,0.01219489,0.00000002,btc,1.394e-05,0.0,0.77186813,34
0.0000000000918108,[],4,[],2019-01-27 22:21:22,1659588125.7129266,3.6724319999999996e-18,1.305854387856e-22,6516434,2019-01-27 22:21:22,ltc,6.526864735261526e-09,0.0,0.00000004,ltc,1285559118.2587824,0.0,2.5786172553642095e-09,36
1,[],5,[],2019-01-27 22:21:24,0.0,0,0,6516435,2019-01-27 22:21:24,btc,202.42915527,0.0,0,btc,1.295e-05,0.0,0.0,36
0,[],17,[],2019-01-27 22:21:26,0.0,0,0,6516436,2019-01-27 22:21:26,btc,0.14892131561695923,0.0,0,btc,12533924.99083647,0.0,0.0,36
0.0000000000918108,[],27,[],2019-01-27 22:21:29,1000000.0,9.181079999999999e-19,3.26463596964e-23,6516437,2019-01-27 22:21:29,ltc,448.59281329,0.0,0.00000001,"ltc,eth",3710972.58,0.0,9.181079999999999e-13,36
1,[],4,[],2019-01-27 22:21:30,412995.88666408,0.00000143,0.000000000050848369,6516438,2019-01-27 22:21:30,btc,0.5235757441044827,0.0,0.00000143,btc,289366.2776008,0.02159115,0.3627193514944615,37
1,[],12,[],2019-01-27 22:21:31,456960.55357648,0.000001439999999999999977188928391991229460700196796096861362457275390625,0.000000000051203952,6516439,2019-01-27 22:21:31,btc,1335.9595568970274,0.0,0.000001439999999999999977188928391991229460700196796096861362457275390625,btc,797029.42417942,0.1002224512687581,0.3498454600000036,37
1,[],17,[],2019-01-27 22:21:36,1752.74075282,0.00000025,0.000000000008889575,6516440,2019-01-27 22:21:36,btc,0.055487313970168275,0.0,0.00000025,btc,1388.79251806,0.0,0.00043818518820499993,37
1,[],27,[],2019-01-27 22:21:38,3640.0609574,0.00569910,0.00000020265030753,6516441,2019-01-27 22:21:38,btc,22.37095737308125,0.0,0.00569910,btc,2948.884381,0.0,0.000368193331273,37
1,[],5,[],2019-01-27 22:21:40,9.51e-06,0.00000100,0.0000000000355583,6516442,2019-01-27 22:21:40,btc,0.10059005,0.16712684,0.00000100,btc,0.00011244,0.0,0.03751278,42
1,[],12,[],2019-01-27 22:21:41,124810.44743933,0.0000011599999999999999051561623553130431218960438854992389678955078125,0.000000000041247627999999994,6516443,2019-01-27 22:21:41,btc,239.52669164062578,0.0,0.0000011599999999999999051561623553130431218960438854992389678955078125,btc,117803.51010301,0.0264535667052047,0.0355878991089883,42
0,[],27,[],2019-01-27 22:21:43,0.0,0,0,6516444,2019-01-27 22:21:43,,0.00315028,0.0,0,"btc,eth",11.007,0.0,0.0,42
1,[],5,[],2019-01-27 22:21:45,3e-08,0.00000002,0.000000000000711166,6516445,2019-01-27 22:21:45,btc,6.16507635,0.0049016,0.00000002,btc,1.425e-05,0.0,0.51020911,43
1,[],12,[],2019-01-27 22:21:46,6237043.0,0.00000002,0.000000000000711166,6516446,2019-01-27 22:21:46,btc,20007433.39138507,0.0,0.00000002,btc,40256604.96843156,1.67832167835e-05,0.06484242,43
0,[],17,[],2019-01-27 22:21:48,0.0,0,0,6516447,2019-01-27 22:21:48,btc,0.0,0.0,0,btc,0.0,0.0,0.0,43
1,[],12,[],2019-01-27 22:21:52,766572.0,0.00000006,0.000000000002133498,6516448,2019-01-27 22:21:52,btc,11114761.221321711,0.0,0.00000006,btc,963079.43514,0.0002423288311709,0.02051679,44
1,[],4,[],2019-01-27 22:21:53,261887447.1937023,0.00000003,0.000000000001066749,6516449,2019-01-27 22:21:53,btc,0.21411920403425,0.0,0.00000003,"btc,ltc",6545139.43559688,0.00687945,0.591454112943261,49
0.0000000000918108,[],4,[],2019-01-27 22:21:53,3897608401.969145,1.8362159999999998e-18,6.52927193928e-23,6516450,2019-01-27 22:21:53,ltc,4.994394634386981,0.0,0.00000002,ltc,2118319976.62433,0.0,4.310892786613817e-09,52
0,[],22,[],2019-01-27 22:22:01,0.0,0,0,6516451,2019-01-27 22:22:01,,3693.92043704,0.0,0,,270535069.90882355,0.0,0.0,57
0,[],27,[],2019-01-27 22:22:42,0.0,0,0,6516452,2019-01-27 22:22:42,,0.0,0.0,0,"btc,eth",0.0,0.0,0.0,57
0.0000000000918108,[],4,[],2019-01-27 22:22:59,1561230641.9189017,5.508648e-18,1.9587815817839999e-22,6516453,2019-01-27 22:22:59,ltc,3.3366770140421877,0.0,0.00000006,ltc,1149694783.905889,0.0,7.05748153768022e-09,58
1,[],12,[],2019-01-27 22:23:15,2659410469.282997,0.0000000006,0.00000000000002133498,6516454,2019-01-27 22:23:15,btc,684074821167.2323,0.0,0.0000000006,btc,3212772411.5345654,0.05661319693636363,1.1012059042645632,58
0,[],17,[],2019-01-27 22:23:17,0.0,0,0,6516455,2019-01-27 22:23:17,btc,1e+24,0.0,0,btc,41616695.95832568,0.0,0.0,58
0.0000000001285514,[],22,[],2019-01-27 22:23:23,137438.0,1.285514e-18,4.57106924662e-23,6516456,2019-01-27 22:23:23,XMR,69.8835922,0.0,0.00000001,XMR,9887963.0,0.0,0.00137438,58
1,[],5,[],2019-01-27 22:23:24,4.01e-06,0.00000049,0.000000000017423567,6516457,2019-01-27 22:23:24,btc,0.41795775,0.00160015,0.00000049,btc,9.739e-05,0.0,0.02819439,61
1,[],22,[],2019-01-27 22:23:27,5111.5,0.00000011,0.000000000003911413,6516458,2019-01-27 22:23:27,BTC,1002.29606732,0.0,0.00000011,BTC,15028.700278135757,0.0,0.00051178,61
1,[],26,[],2019-01-27 22:23:28,0.0,0.00000800,0.0000000002844664,6516459,2019-01-27 22:23:28,btc,0.0,0.0,0.00000800,btc,0.0,0.0,0.0,61
0,[],27,[],2019-01-27 22:23:30,0.0,0,0,6516460,2019-01-27 22:23:30,,0.0,0.0,0,"btc,eth",0.0,0.0,0.0,61
1,[],28,[],2019-01-27 22:23:33,1880.304,0.00000022,0.000000000007822826,6516461,2019-01-27 22:23:33,btc,2.065678837430106,780.0,0.00000022,btc,11618.08240005,0.0,0.00016391304,61
1,[],4,[],2019-01-27 22:23:34,1297527.90197083,0.00000184,0.000000000065427272,6516462,2019-01-27 22:23:34,btc,0.5089567142233453,0.0,0.00000184,btc,172734.20999939,0.27612554,0.9412630479431824,67
0.0,[],25,[],2019-01-27 22:23:35,0.0,0,0,6516463,2019-01-27 22:23:35,,0.0,0.0,0.0,btc,0.0,0.0,0.0,67
1,[],12,[],2019-01-27 22:23:37,2856599.4126984198,0.00000008,0.000000000002844664,6516464,2019-01-27 22:23:37,btc,16893709.13883938,0.0,0.00000008,btc,2078248.7349761,0.0114483667674551,0.0717513488888894,71
,[],5,[],2018-11-20 23:02:39,1.5e-07,0.00000005,0.000000000002128045,4862160,2018-11-20 23:02:39,btc,2.84511358,0.0,,btc,0.00036572,0.0,0.07381892,74
1,[],5,[],2019-01-25 15:53:51,3.303e-05,0.00000156,0.000000000055588884,6499610,2019-01-25 15:53:51,btc,1.42844212,0.0,0.00000156,btc,0.00015937,0.0,0.49487621,75
0,[],20,[],2019-01-25 09:30:31,0.0,0,0,6495923,2019-01-25 09:30:31,btc,0.0,0.0,0,btc,0.0,0.0,0.0,81
1,[],4,[],2019-01-27 22:23:38,63482976.34002812,0.00000001,0.000000000000355583,6516465,2019-01-27 22:23:38,btc,0.822704141069356,0.0,0.00000001,btc,16012866.74301408,0.0,0.6348297634002812,81
1,[],4,[],2019-01-27 22:23:41,23760.73630147,0.00007751,0.000000002756123833,6516466,2019-01-27 22:23:41,btc,1.4351916726160965,0.0,0.00007751,btc,12475.58620796,0.019777,0.0867388538305768,82
1,[],21,[],2019-01-27 22:23:42,85403.94454683,0.00008108999999999999780224413382,0.000000002883422547,6516467,2019-01-27 22:23:42,btc,4.530404107569732,7213.99954284,0.00008108999999999999780224413381546355594764463603496551513671875,btc,48262.30766826,0.58750281,4.531573642699253,82
0,[],17,[],2019-01-27 21:27:37,0.0,0,0,6516266,2019-01-27 21:27:37,btc,0.0447233088476774,0.0,0,btc,999127.19588126,0.0,0.0,84
0.0000000000918108,[],4,[],2019-01-27 22:23:47,140082132.9477471,1.377162e-17,4.89695395446e-22,6516468,2019-01-27 22:23:47,ltc,0.19754182525814737,0.0,0.00000015,ltc,80642813.67554256,0.0,1.4182147481592076e-09,85
,[],22,[],2018-11-20 23:09:34,3408.1,0.0000001,0.0000000000041895,4862324,2018-11-20 23:09:34,BTC,0.04624735,0.0,,BTC,4990.0,0.0,0.00033081,86
0,[],22,[],2019-01-27 12:16:57,0.0,0,0,6514258,2019-01-27 12:16:57,,2.07810912,0.0,0,,154826.94736842104,0.0,0.0,87
0,[],27,[],2019-01-27 12:16:59,0.0,0,0,6514259,2019-01-27 12:16:59,,0.0,0.0,0,btc,0.0,0.0,0.0,87
,[],2,[],2018-11-20 23:10:47,0.0,0,0,4862359,2018-11-20 23:10:47,,0.0,0.0,,,0.0,0.0,0.0,88
1,[],11,[],2019-01-27 22:23:49,106981.52947757,0.00019309000000000000967469160340073131010285578668117523193359375,0.000000006865952147,6516469,2019-01-27 22:23:49,btc,235.52721655556437,956.81868485,0.00019309000000000000967469160340073131010285578668117523193359375,btc,184315.96449761,0.0,8.722126036919414,89
0,[],2,[],2019-01-20 23:31:45,0.0,0,0,6477083,2019-01-20 23:31:45,,0.0,0.0,0,,0.0,0.0,0.0,91
1,[],12,[],2019-01-27 22:23:51,501683.7122467,0.0000041599999999999999811587346465469039458184852264821529388427734375,0.000000000147922528,6516470,2019-01-27 22:23:51,btc,1113.9367494373228,0.0,0.0000041599999999999999811587346465469039458184852264821529388427734375,btc,10580.36645617,0.3457769911059233,0.1694646796809005,91
0,[],17,[],2019-01-27 22:23:52,0.0,0,0,6516471,2019-01-27 22:23:52,btc,0.0,0.0,0,btc,0.0,0.0,0.0,91
0.0000000000918108,[],22,[],2019-01-27 22:23:56,33781858.0,5.508648e-18,1.9587815817839999e-22,6516472,2019-01-27 22:23:56,LTC,8.95901495,0.0,0.00000006,LTC,75270634.1,2.9741374173599997e-13,1.31889787,95
0.0000000000918108,[],4,[],2019-01-27 22:23:57,132609710.0424264,9.640133999999999e-17,3.427867768122e-21,6516473,2019-01-27 22:23:57,ltc,1.3242986407927366,0.0,0.00000105,ltc,66749153.57064519,0.0,6.67811042692586e-10,96
1,[],12,[],2019-01-27 22:23:59,1204060.0,0.00000001,0.000000000000355583,6516474,2019-01-27 22:23:59,btc,255060.86358912085,0.0,0.00000001,btc,7848186.59471504,1.5e-06,0.0120406,96
0,[],17,[],2019-01-27 22:24:00,0.0,0,0,6516475,2019-01-27 22:24:00,btc,0.0,0.0,0,btc,0.0,0.0,0.0,96
1,[],4,[],2019-01-27 22:24:01,1472892.19429314,0.00000039,0.000000000013867737,6516476,2019-01-27 22:24:01,btc,0.3128084931998723,0.0,0.00000039,btc,484662.55848473,0.02260545,0.1322524391209234,99
0,[],2,[],2019-01-20 23:23:55,0.0,0,0,6476914,2019-01-20 23:23:55,,0.0,0.0,0,,0.0,0.0,0.0,100
1,[],4,[],2019-01-27 22:24:18,119239.00646733,0.00004696,0.000000001669817768,6516477,2019-01-27 22:24:18,btc,1.3648358253949704,0.0,0.00004696,btc,22151.76630253,2.36272501,2.5162739662961933,100
1,[],22,[],2019-01-27 22:24:22,50000.0,0.00000001,0.000000000000355583,6516478,2019-01-27 22:24:22,BTC,23.49896609,0.0,0.00000001,BTC,10277.22,0.0,0.0005,101
1,[],4,[],2019-01-27 22:24:30,431818.33855484,0.00000083,0.000000000029513389,6516479,2019-01-27 22:24:30,btc,0.4016125207994757,0.0,0.00000083,btc,156223.41145975,0.03056072,0.1537108380036082,103
1,[],12,[],2019-01-27 22:24:33,106574408.0,0.000000016,0.0000000000005689328000000001,6516480,2019-01-27 22:24:33,btc,9137278931.393185,0.0,0.000000016,btc,145336112.76833552,0.31664893620349427,0.845356134,105
1,[],27,[],2019-01-27 22:25:06,137257.57811249,0.00000001,0.000000000000355583,6516481,2019-01-27 22:25:06,btc,0.2678592155148419,0.0,0.00000001,btc,635752.62835029,0.0,0.0013725757811249,105
0,[],22,[],2019-01-27 22:25:09,0.0,0,0,6516482,2019-01-27 22:25:09,,1.07253299,0.0,0,,94300.0,0.0,0.0,107
1,[],26,[],2019-01-27 22:25:09,0.0,0.00000000,0,6516483,2019-01-27 22:25:09,btc,0.0,0.0,0.00000000,btc,0.0,0.0,0.0,107
1,[],5,[],2019-01-27 22:25:13,1e-08,0.00000001,0.000000000000355583,6516484,2019-01-27 22:25:13,btc,3.235751,0.03920925,0.00000001,btc,1.512e-05,0.0,0.05090166,112
1,[],22,[],2019-01-27 22:25:17,24952.0,0.00000001,0.000000000000355583,6516485,2019-01-27 22:25:17,BTC,2.84243449,0.0,0.00000001,BTC,977103.5833333334,0.0,0.00024952,112
0,[],27,[],2019-01-27 22:25:18,0.0,0,0,6516486,2019-01-27 22:25:18,,1.25356065,0.0,0,"btc,eth",1328.0,0.0,0.0,112
1,[],4,[],2019-01-27 22:25:20,449311.11848752,0.00000466,0.000000000165701678,6516487,2019-01-27 22:25:20,btc,0.6010172709982433,0.0,0.00000466,btc,90757.85942201,0.38836714,0.4385273054659545,113
1,[],5,[],2019-01-27 22:25:21,1.9e-05,0.00000366,0.000000000130143378,6516488,2019-01-27 22:25:21,btc,2.16282629,0.04154065,0.00000366,btc,0.00310036,0.0,0.2000774,113
1,[],17,[],2019-01-27 22:25:22,233369.0,0.00000004,0.000000000001422332,6516489,2019-01-27 22:25:22,btc,1.3376290575840992,0.0,0.00000004,btc,72546.975,0.0,0.00543476,116
0,[],27,[],2019-01-27 22:25:24,0.0,0,0,6516490,2019-01-27 22:25:24,,0.0,0.0,0,btc,0.0,0.0,0.0,116
1,[],4,[],2019-01-27 22:25:25,45282.31251002,0.00003012,0.000000001071015996,6516491,2019-01-27 22:25:25,btc,1.7187364334925321,0.0,0.00003012,btc,26308.85220817,3.72665181,0.8009743598909358,120
1,[],7,[],2019-01-27 22:25:26,2231.95614985,0.000021019999999999998646464660634336496514151804149150848388671875,0.000000000747435466,6516492,2019-01-27 22:25:26,btc,94.99873134017565,56.95922997,0.000021019999999999998646464660634336496514151804149150848388671875,btc,25375.254457439998,0.00131048,0.0223281404244293,120
1,[],20,[],2019-01-27 22:25:28,1202438.9088,0.000000013,0.0000000000004622579,6516493,2019-01-27 22:25:28,btc,31.4011834283422,180.0,0.000000013,btc,1096701.7964,2.34e-06,0.0066756954106,125
1,[],22,[],2019-01-27 22:25:32,68433.0,0.00000001,0.000000000000355583,6516494,2019-01-27 22:25:32,BTC,0.01415863,0.0,0.00000001,BTC,293039.4,0.0,0.00068433,126
1,[],4,[],2019-01-27 22:25:33,144180.23293376,0.00001324,0.000000000470791892,6516495,2019-01-27 22:25:33,btc,0.6011658028835091,0.0,0.00001324,btc,32209.45907527,0.18482758,1.210636163611217,131
0,[],17,[],2019-01-27 22:25:34,0.0,0,0,6516496,2019-01-27 22:25:34,btc,0.0008451375975800001,0.0,0,btc,30.89614684,0.0,0.0,131
0,[],2,[],2019-01-20 23:25:46,0.0,0,0,6476969,2019-01-20 23:25:46,,0.0,0.0,0,,0.0,0.0,0.0,131
1,[],4,[],2019-01-27 22:25:35,6068.55129749,0.00020552,0.000000007307941816,6516497,2019-01-27 22:25:35,btc,0.4201850236147253,0.0,0.00020552,btc,207.22768463,0.0009336,0.011885428716455,135
1,[],3,[],2019-01-27 22:25:36,1997911.34336994,0.00000015,0.0000000000053337449999999995,6516498,2019-01-27 22:25:36,btc,0.1773929441838101,189587.552327,0.00000015,btc,299335.66201089,0.0,0.0755263724686096,136
1,[],4,[],2019-01-27 22:25:37,173254.60349766,0.00000181,0.000000000064360523,6516499,2019-01-27 22:25:37,btc,0.4560989844056934,0.0,0.00000181,btc,181090.11398593,0.05022391,0.2563707422425496,137
1,[],12,[],2019-01-27 22:25:38,301106.43448539,0.000001839999999999999959088173122345732934945772285573184490203857421875,0.000000000065427272,6516500,2019-01-27 22:25:38,btc,11798.819652156752,0.0,0.000001839999999999999959088173122345732934945772285573184490203857421875,btc,131567.26663232,0.0815219217863504,0.0347332960000076,137
1,[],5,[],2019-01-27 22:25:39,0.00117214,0.00003703,0.000000001316723849,6516501,2019-01-27 22:25:39,btc,6.29440185,0.68331233,0.00003703,btc,0.00215228,0.0,1.27141883,142
1,[],17,[],2019-01-27 22:25:41,12500.0,0.0000001,0.00000000000355583,6516502,2019-01-27 22:25:41,btc,0.6809500039738418,0.0,0.0000001,btc,5932.0,0.0,0.00125,142
1,[],20,[],2019-01-27 22:25:43,151546.9904,0.000025141,0.0000000008939712203,6516503,2019-01-27 22:25:43,btc,2.505256605,0.0,0.000025141,btc,5104.1321,0.0,0.2619425484934,142
1,[],22,[],2019-01-27 22:25:47,990.0,0.00001880,0.00000000066849604,6516504,2019-01-27 22:25:47,BTC,0.00069415,0.0,0.00001880,BTC,9.0,0.0,0.00022106,142
0.0,[],25,[],2019-01-27 22:25:48,0.0,0,0,6516505,2019-01-27 22:25:48,,0.0,0.0,0.0,btc,0.0,0.0,0.0,142
1,[],28,[],2019-01-27 22:25:56,79124.032,0.00003150,0.00000000112008645,6516506,2019-01-27 22:25:56,btc,0.12757850002,47021.572,0.00003150,btc,2509.998,0.0,0.04426670576,142
0,[],22,[],2019-01-25 15:57:33,0.0,0,0,6499726,2019-01-25 15:57:33,,59.04258297,0.0,0,,718491265.8,0.0,0.0,143
1,[],21,[],2019-01-27 22:25:57,45581344.35311404,0.0000003,0.000000000010667489999999999,6516507,2019-01-27 22:25:57,btc,33.88910952512302,2625189.31884823,0.0000003,btc,63838310.23559925,0.78893426,8.3023419124548,145
0,[],22,[],2019-01-27 22:26:01,0.0,0,0,6516508,2019-01-27 22:26:01,,4.31668284,0.0,0,,1427838.5,0.0,0.0,146
,[],22,[],2018-11-20 23:01:11,0.0,0,0,4862114,2018-11-20 23:01:11,,2.56807021,0.0,,,61828.4988236,0.0,0.0,147
1,[],12,[],2019-01-27 21:36:12,8688875.22765257,0.00000358999999999999993283692802104045682654032134450972080230712890625,0.000000000127901289,6516306,2019-01-27 21:36:12,btc,17.07287715269864,0.0,0.00000358999999999999993283692802104045682654032134450972080230712890625,btc,111164.72407238,0.0,0.1238016799999975,148
1,[],4,[],2019-01-27 22:26:02,262545.54476913,0.00000036,0.000000000012800988,6516509,2019-01-27 22:26:02,btc,0.685823952637838,0.0,0.00000036,btc,490217.15022857,0.03006538,0.0538426435705591,152
0,[],22,[],2019-01-27 22:26:05,0.0,0,0,6516510,2019-01-27 22:26:05,,0.0,0.0,0,,0.0,0.0,0.0,152
1,[],5,[],2019-01-27 22:26:06,0.0,0,0,6516511,2019-01-27 22:26:06,btc,4.34745839,0.0,0,btc,0.00161275,0.0,0.0,153
,[],16,[],2019-01-11 15:38:59,0.0,0,0,6366141,2019-01-11 15:38:59,btc,0.0,0.0,,btc,0.0,0.0,0.0,155
0,[],22,[],2019-01-27 22:26:15,0.0,0,0,6516512,2019-01-27 22:26:15,,6.73288821,0.0,0,,4541761.742592593,0.0,0.0,156
0,[],23,[],2019-01-20 23:24:29,0.0,0,0,6476932,2019-01-20 23:24:29,,0.0,0.0,0,,0.0,0.0,0.0,156
1,[],22,[],2019-01-27 22:26:37,7906.0,0.00000801,0.000000000284821983,6516513,2019-01-27 22:26:37,BTC,43.78612537,0.0,0.00000801,BTC,1033.584498154164,0.0,0.00743836,157
0,[],22,[],2019-01-27 22:26:40,0.0,0,0,6516514,2019-01-27 22:26:40,,50175.6753658,0.0,0,,54007107.04179466,0.0,0.0,158
,[],17,[],2018-11-20 22:56:10,0.0,0,0,4861976,2018-11-20 22:56:10,btc,1.1265625,0.0,,btc,1000.0,0.0,0.0,159
,[],20,[],2018-11-20 22:56:12,0.0,0,0,4861977,2018-11-20 22:56:12,btc,11912.7940471,0.0,,btc,34413894.3617,0.0,0.0,159
1,[],12,[],2019-01-27 22:26:48,195591.45719768,0.000009919999999999999889914448214511821788619272410869598388671875,0.000000000352738336,6516515,2019-01-27 22:26:48,btc,6.6521535877063,0.0,0.000009919999999999999889914448214511821788619272410869598388671875,btc,14023.52908934,0.0065586026,0.0984163462999844,168
1,[],17,[],2019-01-27 21:37:01,29784.95,0.000001,0.0000000000356271,6516314,2019-01-27 21:37:01,btc,0.0353989844335,0.0,0.000001,btc,196.82520268,0.0,0.00716147,168
1,[],22,[],2019-01-27 21:37:13,1433447.0,0.00000001,0.00000000000035627100000000003,6516315,2019-01-27 21:37:13,BTC,1.13380276,0.0,0.00000001,BTC,689102.5537281231,0.0,0.01433447,169
1,[],22,[],2019-01-27 21:37:16,79743.42857142857,0.00000035,0.000000000012469485,6516316,2019-01-27 21:37:16,BTC,2.46358162,0.0,0.00000035,BTC,53989.56106516291,0.00041128,0.0163302,171
1,[],22,[],2019-01-27 21:37:23,183672.8245614035,0.00000025,0.000000000008906775000000001,6516317,2019-01-27 21:37:23,BTC,2.83558924,0.0,0.00000025,BTC,237216.97469900147,0.00362105,0.01009653,173
1,[],5,[],2019-01-27 21:37:25,6.305e-05,0.00000434,0.000000000154621614,6516318,2019-01-27 21:37:25,btc,0.41281074,0.00271568,0.00000434,btc,0.0003643,0.0,0.83480456,175
1,[],22,[],2019-01-27 21:37:31,44361.28244274809,0.00000131,0.000000000046671501,6516319,2019-01-27 21:37:31,BTC,0.5351362,0.0,0.00000131,BTC,103110.79444388876,0.01293253,0.03441375,176
1,[],7,[],2019-01-27 21:37:32,0.0,0,0,6516320,2019-01-27 21:37:32,btc,10967.435905417888,0.0,0,btc,122071837.87976141,0.0,0.0,178
0,[],22,[],2019-01-27 21:37:35,0.0,0,0,6516321,2019-01-27 21:37:35,,1.00242428,0.0,0,,57512.0,0.0,0.0,178
0,[],2,[],2019-01-20 23:28:34,0.0,0,0,6477001,2019-01-20 23:28:34,,0.0,0.0,0,,0.0,0.0,0.0,178
1,[],5,[],2019-01-27 21:37:36,6e-08,0.00000003,0.000000000001068813,6516322,2019-01-27 21:37:36,btc,15.87758592,0.20451283,0.00000003,btc,2.285e-05,0.0,1.51756926,179
1,[],22,[],2019-01-27 21:37:48,9565525.038095238,0.00000002,0.0000000000007125420000000001,6516323,2019-01-27 21:37:48,BTC,5.47350882,0.0,0.00000002,"BTC,LTC",16474169.651989967,0.00119341,1.39791458,179
0,[],23,[],2019-01-20 23:25:08,0.0,0,0,6476952,2019-01-20 23:25:08,,0.0,0.0,0,,0.0,0.0,0.0,179
1,[],17,[],2019-01-27 21:37:49,10504.725,0.0000001,0.00000000000356271,6516324,2019-01-27 21:37:49,btc,5.206877489877991,0.0,0.0000001,btc,7465.6174587,0.0,0.0010504725,180
1,[],22,[],2019-01-27 21:37:53,444.2,0.00000093,0.000000000033133203,6516325,2019-01-27 21:37:53,BTC,0.09606142,0.0,0.00000093,"BTC,LTC",16543.625478042326,0.007908130000000017,0.00021042,180
1,[],26,[],2019-01-27 21:37:53,0.0,0.00000020,0.0000000000071254200000000006,6516326,2019-01-27 21:37:53,btc,0.0,7966.0,0.00000020,btc,0.0,0.0,0.0,180
,[],7,[],2018-11-20 22:58:01,562227.975654,0.00000085,0.000000000036176765,4862015,2018-11-20 22:58:01,btc,21836.6059674,2491.87645172,,btc,749999.041456,0.00211021,0.127565380455,183
,[],5,[],2019-01-10 08:11:41,0.0,0,0,6347036,2019-01-10 08:11:41,btc,82.15055501,0.00261,,btc,1.19002445,0.0,0.0,187
1,[],24,[],2019-01-27 21:37:54,0.0,0.000000000001,3.5627100000000004e-17,6516327,2019-01-27 21:37:54,btc,0.0,0.0,0.000000000001,btc,0.0,0.0,0.0,187
,[],17,[],2018-11-16 20:58:10,4062536.27273,0.00000001,0.000000000000550501,4708775,2018-11-16 20:58:10,btc,3.36492563466,0.195460381006,,"btc,eth",110697919.549,0.0,0.0157628953496,187
0,[],22,[],2019-01-27 21:37:56,0.0,0,0,6516328,2019-01-27 21:37:56,,1.19411237,0.0,0,,13949.956201072173,0.0,0.0,191
0,[],22,[],2019-01-27 21:38:01,0.0,0,0,6516329,2019-01-27 21:38:01,,0.0,0.0,0,,0.0,0.0,0.0,197
0,[],23,[],2019-01-20 23:31:41,0.0,0,0,6477079,2019-01-20 23:31:41,,0.0,0.0,0,,0.0,0.0,0.0,199
1,[],26,[],2019-01-27 21:38:01,0.0,0.00000000,0,6516330,2019-01-27 21:38:01,btc,0.0,751696.0,0.00000000,btc,0.0,0.0,0.0,199
0,[],17,[],2019-01-27 21:38:04,0.0,0,0,6516331,2019-01-27 21:38:04,btc,6.80254416381949,0.0,0,btc,105897.55575295,0.0,0.0,200
0,[],2,[],2019-01-20 23:30:49,0.0,0,0,6477059,2019-01-20 23:30:49,,0.0,0.0,0,,0.0,0.0,0.0,201
1,[],4,[],2019-01-25 15:51:35,2084389.58565343,0.00000936,0.000000000333526752,6499557,2019-01-25 15:51:35,btc,2.0092503037378524,0.0,0.00000936,btc,160195.80207885,0.19272417,1.242687955921835,211
1,[],7,[],2019-01-27 21:38:08,18274496.604390677,0.00000119000000000000004144145963891343598106686840765178203582763671875,0.000000000042396249,6516332,2019-01-27 21:38:08,btc,16317814.954787726,167666.625008,0.00000119000000000000004144145963891343598106686840765178203582763671875,btc,12457939.52179179,0.0,9.162070515395625,212
1,[],5,[],2019-01-27 21:38:10,5.47e-06,0.00000035,0.000000000012469485,6516333,2019-01-27 21:38:10,btc,0.94821421,0.08421369,0.00000035,btc,3.325e-05,0.0,0.35845223,213
1,[],24,[],2019-01-27 21:38:10,0.0,0.000000050000,0.0000000000017813550000000001,6516334,2019-01-27 21:38:10,btc,0.0,0.0,0.000000050000,btc,0.0,0.0,0.0,213
1,[],26,[],2019-01-27 21:38:10,0.0,0.00000003,0.000000000001068813,6516335,2019-01-27 21:38:10,btc,0.0,0.0,0.00000003,btc,0.0,0.0,0.0,213
1,[],12,[],2019-01-25 02:44:32,207462.42853209,0.000001080000000000000035831255497387193287295303889550268650054931640625,0.000000000038610756000000006,6493050,2019-01-25 02:44:32,btc,85023.03793723314,0.0,0.000001080000000000000035831255497387193287295303889550268650054931640625,btc,43675.73520027,0.000146250909087,0.0348620860622024,213
1,[],22,[],2019-01-27 21:38:17,281400.0,0.00000002,0.0000000000007125420000000001,6516336,2019-01-27 21:38:17,BTC,70.21701544,0.0,0.00000002,BTC,206523.63907173084,0.00013008,0.004814,216
1,[],27,[],2019-01-27 21:38:27,5077925.04,0.00000015,0.000000000005344065,6516337,2019-01-27 21:38:27,btc,619.87865254716,17519.96,0.00000015,"btc,ltc",268396.13411,0.00963598,0.052504506,216
1,[],22,[],2019-01-27 21:38:31,285179.482503991,0.00000227,0.00000000008087351700000001,6516338,2019-01-27 21:38:31,BTC,12677.82421112,0.0,0.00000227,BTC,349637.07452394563,0.0244487,0.39543131,217
1,[],7,[],2019-01-27 21:38:32,0.0,0,0,6516339,2019-01-27 21:38:32,btc,302.5943166391106,0.0,0,btc,135640320.6214003,0.0,0.0,219
0,[],27,[],2019-01-27 21:38:34,0.0,0,0,6516340,2019-01-27 21:38:34,,0.0747309448198,0.0,0,btc,1605140.29226592,0.0,0.0,219
0.0000000000000056,[],28,[],2019-01-27 21:39:09,203946286.198,2.240056e-18,7.980669911760001e-23,6516341,2019-01-27 21:39:09,doge,79804.0288717675,13904.0,0.00040001,"btc,doge",4119437.84751,0.0,1.7151196758306465e-11,219
1,[],22,[],2019-01-27 21:40:19,217286.0,0.00000085,0.000000000030283035,6516342,2019-01-27 21:40:19,BTC,2.09178683,0.0,0.00000085,BTC,22445.55212317522,0.0,0.03191229,221
1,[],24,[],2019-01-27 21:40:19,0.0,0.000000550000,0.000000000019594905,6516343,2019-01-27 21:40:19,btc,0.0,0.0,0.000000550000,btc,0.0,0.0,0.0,221
1,[],26,[],2019-01-27 21:40:20,0.0,0.00000002,0.0000000000007125420000000001,6516344,2019-01-27 21:40:20,btc,0.0,10555.0,0.00000002,btc,0.0,0.0,0.0,231
1,[],26,[],2019-01-27 21:40:20,0.0,0.00000004,0.0000000000014250840000000001,6516345,2019-01-27 21:40:20,btc,0.0,0.0,0.00000004,btc,0.0,0.0,0.0,234
0,[],27,[],2019-01-27 21:40:30,0.0,0,0,6516346,2019-01-27 21:40:30,,0.001146299618,0.0,0,"btc,eth",11462.99618,0.0,0.0,234
0.0000000000917268,[],22,[],2019-01-27 21:40:36,8895864.0,9.172680000000001e-19,3.2679598762800005e-23,6516347,2019-01-27 21:40:36,LTC,3.01368808,0.0,0.00000001,LTC,91422715.51349206,1.8383298204480003e-12,0.08895864,235
1,[],4,[],2019-01-27 21:40:59,2156980.75520994,0.00000082,0.000000000029214222,6516348,2019-01-27 21:40:59,btc,0.1150711831410989,0.0,0.00000082,btc,98680.25890376,0.12437356,0.1577378010103791,236
1,[],24,[],2019-01-27 21:40:59,0.0,0.000000010000,0.00000000000035627100000000003,6516349,2019-01-27 21:40:59,btc,0.0,0.0,0.000000010000,btc,0.0,0.0,0.0,236
1,[],20,[],2019-01-27 21:41:05,27974439.2211,0.000000069,0.0000000000024582699,6516350,2019-01-27 21:41:05,btc,14.3377316961124,20703661.2263,0.000000069,btc,24727494.9157,1.4081987518084,0.5089775079069,237
1,[],22,[],2019-01-27 21:41:15,10000.0,0.00000001,0.00000000000035627100000000003,6516351,2019-01-27 21:41:15,BTC,0.04083605,0.0,0.00000001,BTC,4179.0,0.0,0.0001,237
1,[],4,[],2019-01-27 21:41:23,4629347.08957322,0.00000031,0.000000000011044401,6516352,2019-01-27 21:41:23,btc,0.533021429608878,0.0,0.00000031,btc,1592998.02178795,0.2628499,1.211201119009464,238
1,[],5,[],2019-01-27 21:41:24,3.64e-06,0.00000031,0.000000000011044401,6516353,2019-01-27 21:41:24,btc,0.69861523,0.00045756,0.00000031,btc,2.855e-05,0.0,0.25203061,238
1,[],22,[],2019-01-27 21:41:36,280460.25,0.00000005,0.0000000000017813550000000001,6516354,2019-01-27 21:41:36,BTC,15.41149618,0.0,0.00000005,BTC,244813.3382079636,0.00063315,0.00947456,249
0.0000000000917268,[],22,[],2019-01-27 21:41:39,2565214.8,4.5863400000000005e-18,1.6339799381400003e-22,6516355,2019-01-27 21:41:39,LTC,0.59825786,0.0,0.00000005,LTC,14774857.845555555,3.9442524000000005e-16,0.05185782,252
1,[],28,[],2019-01-27 21:41:42,2037349.213,0.00000008,0.0000000000028501680000000002,6516356,2019-01-27 21:41:42,btc,164692.83404779495,1914.555,0.00000008,btc,1237558.2807,0.0,0.07476567991,256
0,[],27,[],2019-01-27 21:41:45,0.0,0,0,6516357,2019-01-27 21:41:45,,4.96668,0.0,0,"btc,eth",90.59,0.0,0.0,257
1,[],22,[],2019-01-27 21:41:56,52104.0,0.00000001,0.00000000000035627100000000003,6516358,2019-01-27 21:41:56,BTC,35605.6903902,0.0,0.00000001,BTC,744018.2910213444,4.462e-05,0.00052104,258
1,[],22,[],2019-01-26 20:58:41,368451.0,0.00000001,0.000000000000356135,6510120,2019-01-26 20:58:41,BTC,2.642917,0.0,0.00000001,"BTC,LTC",1862.0,0.0,0.02488451,259
1,[],22,[],2019-01-27 21:42:04,5391.272,0.00000750,0.00000000026720325,6516359,2019-01-27 21:42:04,BTC,4.68641808,0.0,0.00000750,BTC,6019.390506692084,0.00045138,0.0243694,262
1,[],5,[],2019-01-27 21:42:05,5.249e-05,0.00000251,0.000000000089424021,6516360,2019-01-27 21:42:05,btc,67781.60701331,0.30528783,0.00000251,btc,11111.11518865,0.0,0.23994374,264
1,[],20,[],2019-01-27 21:42:07,1820317.3034,0.00000145,0.000000000051659295,6516361,2019-01-27 21:42:07,btc,5.2461014416354,74583.6019,0.00000145,btc,102239.2217,0.286082980246,0.0202838997372,264
1,[],22,[],2019-01-27 21:42:11,163091.0,0.00000007,0.000000000002493897,6516362,2019-01-27 21:42:11,BTC,7.52350806,0.0,0.00000007,BTC,223913.8953039501,6e-05,0.00389771,271
0,[],22,[],2019-01-27 21:42:14,0.0,0,0,6516363,2019-01-27 21:42:14,,242.59396368,0.0,0,,12792025291.9,0.0,0.0,272
0.0000000000000056,[],28,[],2019-01-27 21:42:16,352541471748.0,4.984e-21,1.7756546640000001e-25,6516364,2019-01-27 21:42:16,doge,51893732.734800264,16520060055.0853,0.00000089,doge,133167284152.34659,0.0,9.771814285974721e-10,272
