pairValue,buyBook,exchangeId,sellBook,updated,buyTotal,satoshiPrice,usdPrice,exchangeLogId,created,bestPair,sellTotalBtc,volume,pairPrice,activePairs,sellTotal,volumeBtc,buyTotalBtc,coinId
0,[],2,[],2019-01-20 23:28:45,0.0,0,0,6477011,2019-01-20 23:28:45,,0.0,0.0,0,,0.0,0.0,0.0,1
1,[],3,[],2019-01-28 09:27:53,102.554052932138,0.0126968099999999993465760184108148678205907344818115234375,0.000000436027500615,6519021,2019-01-28 09:27:53,btc,106.96521373569806,0.100024595156,0.0126968099999999993465760184108148678205907344818115234375,btc,13.766105389773001,0.0,0.15860032133318333,1
1,[],4,[],2019-01-28 09:27:54,25057.59668169,0.01265383,0.000000434551502945,6519022,2019-01-28 09:27:54,btc,0.9294269704801023,0.0,0.01265383,btc,66.08348951,1.35422034,0.9940419594712655,1
1,[],5,[],2019-01-28 09:27:59,0.24017988,0.01299575,0.000000446293548625,6519023,2019-01-28 09:27:59,btc,14578.45128793,0.02556121,0.01299575,btc,35555556.27833298,0.0,1.42849657,1
1,[],10,[],2019-01-28 09:28:18,271443.74395736,0.01216071,0.000000417617022465,6519024,2019-01-28 09:28:18,btc,6536.084232470323,1895.94519244,0.01216071,btc,874.26469053,0.0,3.8052865776353193,1
1,[],12,[],2019-01-28 09:28:20,10413.8870735,0.0115899999999999996080912723073197412304580211639404296875,0.000000398017985,6519025,2019-01-28 09:28:20,btc,0.4105584988758,0.0,0.0115899999999999996080912723073197412304580211639404296875,btc,26.51645426,0.0334395736798,0.075266004126,1
1,[],20,[],2019-01-28 09:28:23,1352.3227,0.010500011,0.0000003605861277565,6519026,2019-01-28 09:28:23,btc,0.0564711704203,0.0,0.010500011,btc,2.4781,0.0,0.106542689834,1
1,[],21,[],2019-01-28 09:28:39,2795.13539826,0.01273708999999999952335016928,0.000000437410776235,6519027,2019-01-28 09:28:39,btc,30.714615722190803,2400.9112529599997,0.012737089999999999523350169283730792813003063201904296875,"btc,eth",2669.03083409,25.516579761861703,27.542158247405936,1
1,[],22,[],2019-01-28 09:28:48,0.0363776,0.01400000,0.000000480781,6519028,2019-01-28 09:28:48,BTC,0.31387019,0.0,0.01400000,BTC,0.09333966666666667,0.0,0.00048472,1
1,[],24,[],2019-01-28 09:28:49,0.0,0.000000000000,0,6519029,2019-01-28 09:28:49,btc,0.0,0.0,0.000000000000,btc,0.0,0.0,0.0,1
0.0,[],25,[],2019-01-28 09:28:49,0.0,0,0,6519030,2019-01-28 09:28:49,btc,14.991599998367072,556.47230613,0.0,btc,1126.80456622,7.0536,0.0,1
1,[],26,[],2019-01-28 09:29:02,0.0,0,0,6519031,2019-01-28 09:29:02,,0.0,0.0,0,,0.0,0.0,0.0,1
1,[],28,[],2019-01-28 09:29:05,987.9,0.01131000,0.000000388402365,6519032,2019-01-28 09:29:05,btc,0.162839806,17604.95,0.01131000,btc,8.9,0.0,0.024551096,1
1,[],5,[],2019-01-28 09:29:07,1.819e-05,0.00000070,0.000000000024039050000000003,6519033,2019-01-28 09:29:07,btc,0.13853474,0.09885554,0.00000070,btc,7.898e-05,0.0,0.47875065,2
0,[],22,[],2019-01-28 09:29:10,0.0,0,0,6519034,2019-01-28 09:29:10,,0.0,0.0,0,,0.0,0.0,0.0,2
1,[],5,[],2019-01-28 09:31:10,0.0,0,0,6519035,2019-01-28 09:31:10,btc,0.0,0.00894638,0,btc,0.0,0.0,0.0,3
1,[],12,[],2019-01-28 09:31:11,12480859.86416625,0.000000166,0.000000000005700689000000001,6519036,2019-01-28 09:31:11,btc,921359.5837564642,0.0,0.000000166,btc,8099534.48211609,0.04627353181263815,0.5437680897059249,3
0,[],28,[],2019-01-28 09:31:13,0.0,0,0,6519037,2019-01-28 09:31:13,,0.0,0.0,0,,0.0,0.0,0.0,3
0,[],2,[],2019-01-20 23:31:32,0.0,0,0,6477077,2019-01-20 23:31:32,,0.0,0.0,0,,0.0,0.0,0.0,4
1,[],4,[],2019-01-28 09:31:13,332177.02678195,0.00000038,0.000000000013049770000000001,6519038,2019-01-28 09:31:13,btc,0.4551714252517986,0.0,0.00000038,btc,326241.7589191,0.01123919,0.0464500317955228,4
1,[],12,[],2019-01-25 15:53:49,1222127.5219999999,0.00000003,0.000000000001069017,6499609,2019-01-25 15:53:49,btc,11013867.817925906,0.0,0.00000003,btc,969763.77092902,0.0,0.01617509044,5
0,[],2,[],2019-01-20 23:31:51,0.0,0,0,6477087,2019-01-20 23:31:51,,0.0,0.0,0,,0.0,0.0,0.0,6
1,[],11,[],2019-01-28 09:31:15,3384831.0,0.00000001,0.000000000000343415,6519039,2019-01-28 09:31:15,btc,9432.526420854567,560000.0,0.00000001,btc,41728576.72229939,0.0,0.03384831,6
1,[],3,[],2019-01-28 09:31:16,1056.379415503993,0.00015054000000000000540623101841219977359287440776824951171875,0.00000000516976941,6519040,2019-01-28 09:31:16,btc,30.108593419388622,0.0,0.00015054000000000000540623101841219977359287440776824951171875,btc,231.077492617847,0.0,0.028994113718921508,7
1,[],4,[],2019-01-28 09:31:17,17620.40529504,0.00015248,0.00000000523639192,6519041,2019-01-28 09:31:17,btc,2.1025957177353223,0.0,0.00015248,btc,11734.48513261,4.44939639,2.5477755336134864,7
1,[],5,[],2019-01-28 09:31:18,0.00470956,0.00015103,0.000000005186596745,6519042,2019-01-28 09:31:18,btc,1.34720474,0.43037417,0.00015103,btc,0.01063837,0.0,1.36730998,7
1,[],20,[],2019-01-28 09:31:20,62771509.8802,0.000000001,0.000000000000034341500000000003,6519043,2019-01-28 09:31:20,btc,121.193338259396,0.0,0.000000001,btc,26031125.3262,0.0,0.0627715098802,8
1,[],1,[],2019-01-28 09:31:21,1745096.14,0.000001879999999999999999629744958096200235786454868502914905548095703125,0.00000000006456202,6519044,2019-01-28 09:31:21,btc,3.2867001216,15976418.79,0.000001879999999999999999629744958096200235786454868502914905548095703125,btc,1700281.43,30.54884047,3.2383628231,9
1,[],4,[],2019-01-28 09:31:21,269136.89380612,0.00000188,0.00000000006456202,6519045,2019-01-28 09:31:21,btc,0.9461110455233864,0.0,0.00000188,btc,475689.95092345,1.37296149,0.4377971962032385,9
1,[],28,[],2019-01-28 09:31:31,34500.0,0.00000165,0.000000000056663475000000004,6519046,2019-01-28 09:31:31,btc,2708.75020572,3612133.0,0.00000165,btc,7862.68,0.0,0.02854,9
0,[],2,[],2019-01-20 23:22:42,0.0,0,0,6476876,2019-01-20 23:22:42,,0.0,0.0,0,,0.0,0.0,0.0,9
0,[],23,[],2019-01-20 23:22:48,0.0,0,0,6476878,2019-01-20 23:22:48,,0.0,0.0,0,,0.0,0.0,0.0,9
1,[],4,[],2019-01-28 09:31:32,7132736.79326053,0.00000002,0.00000000000068683,6519047,2019-01-28 09:31:32,btc,0.2106616203857639,0.0,0.00000002,btc,4256220.48091358,0.00078653,0.0744841401652106,10
1,[],4,[],2019-01-28 09:31:32,2361884.6688037,0.00000141,0.000000000048421515,6519048,2019-01-28 09:31:32,btc,0.8853956302626118,0.0,0.00000141,btc,590204.89146519,2.30913276,2.2041821711025924,12
1,[],5,[],2019-01-28 09:31:34,1.514e-05,0.00000137,0.000000000047047855000000004,6519049,2019-01-28 09:31:34,btc,0.21955912,0.83138098,0.00000137,btc,0.00011153,0.0,0.06265444,12
0.0,[],25,[],2019-01-28 09:31:35,0.0,0,0,6519050,2019-01-28 09:31:35,,0.0,0.0,0.0,btc,0.0,0.0,0.0,12
0,[],2,[],2019-01-20 23:23:08,0.0,0,0,6476890,2019-01-20 23:23:08,,0.0,0.0,0,,0.0,0.0,0.0,12
1,[],4,[],2019-01-28 09:31:36,299131.36903375,0.00000692,0.00000000023764318,6519051,2019-01-28 09:31:36,btc,0.3187935347937965,0.0,0.00000692,btc,43342.06679498,0.5843369,1.3415845972085372,13
1,[],10,[],2019-01-28 09:31:39,569232.23613333,0.00000705,0.000000000242107575,6519052,2019-01-28 09:31:39,btc,666807.9305618557,5179.81025199,0.00000705,btc,838791.56044512,0.0,0.8071102553942714,13
1,[],21,[],2019-01-28 09:31:40,1716707.28341352,0.000007050000000000000263309339610,0.000000000242107575,6519053,2019-01-28 09:31:40,btc,5.8686983644241755,689949.12282286,0.000007050000000000000263309339609829606843049987219274044036865234375,btc,758904.42645882,4.95866499,10.818055758385198,13
1,[],4,[],2019-01-28 09:31:41,700921.38392447,0.00000172,0.00000000005906738000000001,6519054,2019-01-28 09:31:41,btc,0.0990195799147258,0.0,0.00000172,btc,42863.2613545,0.00884604,0.1257148452604921,14
1,[],12,[],2019-01-28 09:31:42,91892.05068872,0.000001769999999999999994019540816569957542014890350401401519775390625,0.000000000060784455,6519055,2019-01-28 09:31:42,btc,1.786678400515061,0.0,0.000001769999999999999994019540816569957542014890350401401519775390625,btc,37980.62520423,0.0012320587095088,0.0201334377743244,14
0,[],17,[],2019-01-28 09:31:44,0.0,0,0,6519056,2019-01-28 09:31:44,btc,0.0,0.0,0,btc,0.0,0.0,0.0,14
1,[],26,[],2019-01-28 09:31:44,0.0,0.00000020,0.0000000000068683000000000005,6519057,2019-01-28 09:31:44,btc,0.0,0.0,0.00000020,btc,0.0,0.0,0.0,14
0,[],4,[],2019-01-28 09:31:45,0.0,0,0,6519058,2019-01-28 09:31:45,,0.0,0.0,0,,0.0,0.0,0.0,15
,[],12,[],2018-12-01 15:15:48,204241.84496,0.00000489,0.000000000202473384,5260204,2018-12-01 15:15:48,btc,49.5475654835,0.0,,btc,35763.2193806,0.0163153972027625,0.0203389899998,15
1,[],4,[],2019-01-28 09:31:46,25424.59403519,0.00001820,0.0000000006250153,6519059,2019-01-28 09:31:46,btc,1.2180295106649115,0.0,0.00001820,btc,6904.76927613,0.01479927,0.0891377321341932,18
1,[],10,[],2019-01-28 09:31:48,391755.82248342,0.00001739,0.0000000005971986850000001,6519060,2019-01-28 09:31:48,btc,15.540408051182347,8371.28223773,0.00001739,btc,10742.09925035,0.0,0.2157625424984186,18
1,[],12,[],2019-01-28 09:31:49,200956.50988451,0.0000173900000000000012141850025404465895917383022606372833251953125,0.0000000005971986850000001,6519061,2019-01-28 09:31:49,btc,0.1942511785929252,0.0,0.0000173900000000000012141850025404465895917383022606372833251953125,btc,1945.80643477,0.001198512,0.020529618260308,18
0,[],17,[],2019-01-28 09:31:50,0.0,0,0,6519062,2019-01-28 09:31:50,btc,0.0,0.0,0,btc,0.0,0.0,0.0,18
0,[],2,[],2019-01-20 23:23:38,0.0,0,0,6476906,2019-01-20 23:23:38,,0.0,0.0,0,,0.0,0.0,0.0,18
1,[],3,[],2019-01-28 09:31:58,108859.27210810459,0.0000380999999999999977465074685323287440041895024478435516357421875,0.00000000130841115,6519063,2019-01-28 09:31:58,btc,1.1939171811847706,0.0,0.0000380999999999999977465074685323287440041895024478435516357421875,btc,8295.084546752028,0.0,0.10478342793169822,19
1,[],4,[],2019-01-28 09:32:02,68430.01960896,0.00003711,0.000000001274413065,6519064,2019-01-28 09:32:02,btc,0.5139878356735595,0.0,0.00003711,btc,11920.66903577,0.94591927,1.4902991754780046,19
1,[],5,[],2019-01-28 09:32:10,0.00032937,0.00003500,0.0000000012019525000000001,6519065,2019-01-28 09:32:10,btc,0.30865899,0.0,0.00003500,btc,0.00346415,0.0,0.19126716,19
1,[],12,[],2019-01-28 09:32:13,133622.0,0.0000425099999999999978751719087455285261967219412326812744140625,0.000000001459857165,6519066,2019-01-28 09:32:13,btc,1.9918126424963447,0.0,0.0000425099999999999978751719087455285261967219412326812744140625,btc,416.49251023,0.0,0.03245102,19
0,[],27,[],2019-01-28 09:32:47,0.0,0,0,6519067,2019-01-28 09:32:47,,0.0,0.0,0,btc,0.0,0.0,0.0,19
0,[],2,[],2019-01-20 23:24:19,0.0,0,0,6476924,2019-01-20 23:24:19,,0.0,0.0,0,,0.0,0.0,0.0,19
1,[],4,[],2019-01-28 09:32:47,9448048.34664562,0.00000015,0.000000000005151225,6519068,2019-01-28 09:32:47,btc,0.8111204117420863,0.0,0.00000015,btc,1583112.29307681,0.0,0.3958519084068923,20
1,[],4,[],2019-01-28 09:32:49,125733516.02123025,0.00000002,0.00000000000068683,6519069,2019-01-28 09:32:49,btc,0.7099773790700173,0.0,0.00000002,btc,17843413.25314541,0.000534,1.5244499046344453,21
1,[],12,[],2019-01-28 09:32:50,19517252.0,0.00000002,0.00000000000068683,6519070,2019-01-28 09:32:50,btc,668.0286331993019,0.0,0.00000002,btc,8017471.52248023,1.36063936068e-05,0.26328156,21
0,[],17,[],2019-01-28 09:33:23,0.0,0,0,6519071,2019-01-28 09:33:23,btc,0.0,0.0,0,btc,0.0,0.0,0.0,21
1,[],12,[],2019-01-28 09:33:24,4528069929.531896,0.0000000001,0.0000000000000034341500000000004,6519072,2019-01-28 09:33:24,btc,1721703601719.631,0.0,0.0000000001,btc,6737662888.692539,0.001054737586713284,0.4528069929531896,23
0,[],27,[],2019-01-28 09:33:26,0.0,0,0,6519073,2019-01-28 09:33:26,,0.424699,0.0,0,eth,424699.0,0.0,0.0,23
1,[],4,[],2019-01-28 09:33:27,981490.15509151,0.00000087,0.000000000029877105,6519074,2019-01-28 09:33:27,btc,0.1051678902872033,0.0,0.00000087,btc,82465.93557121,0.01599262,0.4244670609822441,24
1,[],22,[],2019-01-28 09:33:30,11.76,0.00000100,0.0000000000343415,6519075,2019-01-28 09:33:30,BTC,7.415e-05,0.0,0.00000100,BTC,23.919354838709676,0.0,1.176e-05,24
0.0,[],25,[],2019-01-28 09:33:31,0.0,0,0,6519076,2019-01-28 09:33:31,,0.0,0.0,0.0,btc,0.0,0.0,0.0,24
1,[],4,[],2019-01-28 09:33:32,28197576.94487518,0.00000674,0.00000000023146171,6519077,2019-01-28 09:33:32,btc,0.5057853741296984,0.0,0.00000674,btc,43950.43074116,0.13592866,0.4141260622064424,26
1,[],10,[],2019-01-28 09:33:34,727873.57574122,0.00000675,0.000000000231805125,6519078,2019-01-28 09:33:34,btc,27.973787381951286,1604.0972727,0.00000675,btc,12391.32283729,0.0,0.2013688919363164,26
0,[],2,[],2019-01-20 23:25:56,0.0,0,0,6476976,2019-01-20 23:25:56,,0.0,0.0,0,,0.0,0.0,0.0,26
1,[],3,[],2019-01-28 09:33:37,7731516.03885143,0.00000001,0.000000000000343415,6519079,2019-01-28 09:33:37,btc,2.97958157808308,345314.4753,0.00000001,btc,17963502.78761028,0.0,0.0773151603885143,27
1,[],5,[],2019-01-28 09:33:40,1e-08,0.00000001,0.000000000000343415,6519080,2019-01-28 09:33:40,btc,2.61945868,0.00330055,0.00000001,btc,4.436e-05,0.0,0.04470089,27
1,[],11,[],2019-01-28 09:33:41,10597882.41182718,0.00000005,0.000000000001717075,6519081,2019-01-28 09:33:41,btc,370.53275036350783,1000.0,0.00000005,btc,8220964.80991447,0.0,0.4932896594767663,27
1,[],4,[],2019-01-28 09:33:42,282403587.31591445,0.00000003,0.0000000000010302450000000001,6519082,2019-01-28 09:33:42,btc,4.101110694049126,0.0,0.00000003,"btc,ltc",152761370.0862865,0.14901014,2.0800671353708955,29
1,[],7,[],2019-01-28 09:33:43,39613069.17665443,0.00000003,0.000000000001030245,6519083,2019-01-28 09:33:43,btc,44465202.61687834,4957.33756242,0.00000003,btc,39443961.19679167,0.0,0.7215050183702149,29
1,[],4,[],2019-01-28 09:33:44,1547888.94141195,0.00000033,0.000000000011332695000000001,6519084,2019-01-28 09:33:44,btc,0.2643569847467271,0.0,0.00000033,btc,471925.92773543,0.03588719,0.0809472185793096,30
0,[],17,[],2019-01-28 09:33:46,0.0,0,0,6519085,2019-01-28 09:33:46,btc,0.0,0.0,0,btc,0.0,0.0,0.0,30
1,[],4,[],2019-01-28 09:33:47,39440.67655848,0.00008787,0.000000003017587605,6519086,2019-01-28 09:33:47,btc,1.2916854146124106,0.0,0.00008787,btc,13414.57410167,1.72925614,2.7425491327407556,31
1,[],21,[],2019-01-28 09:33:49,55316.82232051,0.00008652000000000000510570752343,0.0000000029712265800000004,6519087,2019-01-28 09:33:49,btc,7.704030561928514,391840.03039517,0.00008652000000000000510570752343397771255695261061191558837890625,btc,80135.60471891,35.2552188,4.578101389351885,31
0,[],2,[],2019-01-20 23:28:43,0.0,0,0,6477009,2019-01-20 23:28:43,,0.0,0.0,0,,0.0,0.0,0.0,32
1,[],4,[],2019-01-28 09:33:50,147227886.68905115,0.00000006,0.0000000000020604900000000002,6519088,2019-01-28 09:33:50,btc,3.5924951289079328,0.0,0.00000006,"btc,ltc",56261639.90136884,1.86741297,2.5986608733162035,33
1,[],12,[],2019-01-28 09:33:59,22764818.0,0.00000006,0.00000000000206049,6519089,2019-01-28 09:33:59,btc,17261783.093900997,0.0,0.00000006,btc,88082033.33366625,0.0305973931468539,0.91048529,33
1,[],4,[],2019-01-28 09:34:00,106185470.05499455,0.00000002,0.00000000000068683,6519090,2019-01-28 09:34:00,btc,0.7685807315527308,0.0,0.00000002,btc,25610016.20477675,2.34182505,1.0953251481716453,34
1,[],5,[],2019-01-28 09:34:01,1e-08,0.00000001,0.000000000000343415,6519091,2019-01-28 09:34:01,btc,3.32371103,0.0585477,0.00000001,btc,1.343e-05,0.0,0.7674591,34
0.00000000008934920000000001,[],4,[],2019-01-28 09:34:24,1701908751.9604266,3.5739680000000006e-18,1.2273542207200002e-22,6519092,2019-01-28 09:34:24,ltc,6.355268094133102e-09,0.0,0.00000004,ltc,1289786362.9641824,0.0,2.660732808897789e-09,36
1,[],5,[],2019-01-28 08:32:49,0.0,0,0,6518847,2019-01-28 08:32:49,btc,202.42915527,0.0,0,btc,1.295e-05,0.0,0.0,36
0,[],17,[],2019-01-28 08:32:51,0.0,0,0,6518848,2019-01-28 08:32:51,btc,0.14892131548743986,0.0,0,btc,12533924.99083647,0.0,0.0,36
0.0000000000897878,[],27,[],2019-01-28 08:32:56,1000000.0,8.97878e-19,3.0736608635e-23,6518849,2019-01-28 08:32:56,ltc,448.59281329,0.0,0.00000001,"ltc,eth",3710972.58,0.0,8.978780000000001e-13,36
1,[],4,[],2019-01-28 08:32:57,412803.4179107,0.00000143,0.000000000048952475000000003,6518850,2019-01-28 08:32:57,btc,0.5249605101044827,0.0,0.00000143,btc,290314.2776008,0.00265901,0.3623966067714513,37
1,[],12,[],2019-01-28 08:32:57,427700.34205598,0.00000141999999999999995691814247411599581027985550463199615478515625,0.00000000004861015,6518851,2019-01-28 08:32:57,btc,1335.9506478758742,0.0,0.00000141999999999999995691814247411599581027985550463199615478515625,btc,794088.90163191,0.1273512023474798,0.3098096743200005,37
1,[],17,[],2019-01-28 08:32:59,1752.74075282,0.00000025,0.000000000008558124999999999,6518852,2019-01-28 08:32:59,btc,0.055487313964531486,0.0,0.00000025,btc,1388.79251806,0.0,0.00043818518820499993,37
1,[],27,[],2019-01-28 08:33:02,3640.0609574,0.00569910,0.00000019509444075,6518853,2019-01-28 08:33:02,btc,22.37095737308125,0.0,0.00569910,btc,2948.884381,0.0,0.000368193331273,37
1,[],5,[],2019-01-28 08:33:03,1.069e-05,0.00000089,0.000000000030466925,6518854,2019-01-28 08:33:03,btc,0.12702051,0.14872693,0.00000089,btc,0.00012619,0.0,0.05108164,42
1,[],12,[],2019-01-28 08:33:05,124875.36403295,0.000001170000000000000021170673721038202330646527116186916828155517578125,0.000000000040052025,6518855,2019-01-28 08:33:05,btc,239.36917933453594,0.0,0.000001170000000000000021170673721038202330646527116186916828155517578125,btc,114306.66762512,0.0590762884728142,0.0356831091089259,42
0,[],27,[],2019-01-28 08:33:07,0.0,0,0,6518856,2019-01-28 08:33:07,,0.00315028,0.0,0,"btc,eth",11.007,0.0,0.0,42
1,[],5,[],2019-01-28 08:33:08,3e-08,0.00000002,0.00000000000068465,6518857,2019-01-28 08:33:08,btc,6.16507635,0.0,0.00000002,btc,1.425e-05,0.0,0.52020911,43
1,[],12,[],2019-01-28 08:33:09,6035341.0,0.00000002,0.00000000000068465,6518858,2019-01-28 08:33:09,btc,20007433.359969754,0.0,0.00000002,btc,39909590.73366633,0.0084536704095904,0.06080838,43
0,[],17,[],2019-01-28 08:33:11,0.0,0,0,6518859,2019-01-28 08:33:11,btc,0.0,0.0,0,btc,0.0,0.0,0.0,43
1,[],12,[],2019-01-28 08:33:12,766453.0,0.00000006,0.0000000000020539499999999997,6518860,2019-01-28 08:33:12,btc,11114761.224492885,0.0,0.00000006,btc,980185.36620897,0.0016957583416576,0.02040965,44
1,[],4,[],2019-01-28 08:57:46,262836546.69787613,0.00000002,0.000000000000687224,6519017,2019-01-28 08:57:46,btc,0.20634837310986073,0.0,0.00000002,"btc,ltc",6629988.78022566,0.00690177,0.5572755634169878,49
0.0000000000891722,[],4,[],2019-01-28 08:57:46,3839624217.7118115,1.783444e-18,6.12812759728e-23,6519018,2019-01-28 08:57:46,ltc,4.994394634264826,0.0,0.00000002,ltc,2119784630.9696634,0.0,4.083588172895785e-09,52
0,[],22,[],2019-01-28 08:33:17,0.0,0,0,6518863,2019-01-28 08:33:17,,3693.92043704,0.0,0,,270535069.90882355,0.0,0.0,57
0,[],27,[],2019-01-28 08:33:23,0.0,0,0,6518864,2019-01-28 08:33:23,,0.0,0.0,0,"btc,eth",0.0,0.0,0.0,57
0.0000000000897878,[],4,[],2019-01-28 08:33:24,1756557279.3987005,6.2851460000000004e-18,2.15156260445e-22,6518865,2019-01-28 08:33:24,ltc,3.3366770141014297,0.0,0.00000007,ltc,1177326266.9940605,0.0,8.817207328289827e-09,58
1,[],12,[],2019-01-28 08:33:56,2541710183.282997,0.0000000006,0.000000000000020539500000000002,6518866,2019-01-28 08:33:56,btc,684074821947.2308,0.0,0.0000000006,btc,3179181261.067033,0.01093371197622377,1.034084872864563,58
0,[],17,[],2019-01-28 08:34:01,0.0,0,0,6518867,2019-01-28 08:34:01,btc,1e+24,0.0,0,btc,41616695.95832568,0.0,0.0,58
0.0000000001267338,[],22,[],2019-01-28 08:34:08,137438.0,1.267338e-18,4.3384148085e-23,6518868,2019-01-28 08:34:08,XMR,69.8835922,0.0,0.00000001,XMR,9887963.0,0.0,0.00137438,58
1,[],5,[],2019-01-28 08:34:12,4.01e-06,0.00000049,0.000000000016773925,6518869,2019-01-28 08:34:12,btc,0.41892552,0.00171849,0.00000049,btc,9.739e-05,0.0,0.02734907,61
1,[],22,[],2019-01-28 08:34:48,5111.5,0.00000011,0.000000000003765575,6518870,2019-01-28 08:34:48,BTC,1002.29606732,0.0,0.00000011,BTC,15028.700278135757,0.0,0.00051178,61
1,[],26,[],2019-01-28 08:34:48,0.0,0.00000800,0.00000000027386,6518871,2019-01-28 08:34:48,btc,0.0,0.0,0.00000800,btc,0.0,0.0,0.0,61
0,[],27,[],2019-01-28 08:34:54,0.0,0,0,6518872,2019-01-28 08:34:54,,0.0,0.0,0,"btc,eth",0.0,0.0,0.0,61
1,[],28,[],2019-01-28 08:35:03,1880.304,0.00000022,0.00000000000753115,6518873,2019-01-28 08:35:03,btc,2.065678837430106,702.0,0.00000022,btc,11618.08240005,0.0,0.00016391304,61
1,[],4,[],2019-01-28 08:35:04,1334802.46095486,0.00000181,0.000000000061960825,6518874,2019-01-28 08:35:04,btc,0.5472096774893986,0.0,0.00000181,btc,180916.61468119,0.23208834,1.011738644894912,67
0.0,[],25,[],2019-01-28 08:35:05,0.0,0,0,6518875,2019-01-28 08:35:05,,0.0,0.0,0.0,btc,0.0,0.0,0.0,67
1,[],12,[],2019-01-28 08:35:06,2974660.55555556,0.0000001,0.00000000000342325,6518876,2019-01-28 08:35:06,btc,16893709.125742827,0.0,0.0000001,btc,1976594.06173822,0.0088714132074579,0.0766309088888892,71
,[],5,[],2018-11-20 23:02:39,1.5e-07,0.00000005,0.000000000002128045,4862160,2018-11-20 23:02:39,btc,2.84511358,0.0,,btc,0.00036572,0.0,0.07381892,74
1,[],5,[],2019-01-25 15:53:51,3.303e-05,0.00000156,0.000000000055588884,6499610,2019-01-25 15:53:51,btc,1.42844212,0.0,0.00000156,btc,0.00015937,0.0,0.49487621,75
1,[],4,[],2019-01-28 08:35:10,63138964.87177812,0.00000001,0.000000000000342325,6518877,2019-01-28 08:35:10,btc,0.8454690281557377,0.0,0.00000001,btc,15922783.7788779,0.02825467,0.6313896487177812,81
0,[],20,[],2019-01-25 09:30:31,0.0,0,0,6495923,2019-01-25 09:30:31,btc,0.0,0.0,0,btc,0.0,0.0,0.0,81
1,[],4,[],2019-01-28 08:35:12,23641.5317361,0.00007752,0.0000000026537034,6518878,2019-01-28 08:35:12,btc,1.2908292820636686,0.0,0.00007752,btc,11378.16600755,0.01167498,0.0799248496090154,82
1,[],21,[],2019-01-28 08:35:13,85234.52495288,0.00008022000000000000104975056425,0.0000000027461311500000003,6518879,2019-01-28 08:35:13,btc,4.458680880770024,7790.97495357,0.000080220000000000001049750564252605045112431980669498443603515625,btc,47411.28524376,0.63498972,4.512993619538104,82
0,[],17,[],2019-01-28 07:40:20,0.0,0,0,6518675,2019-01-28 07:40:20,btc,0.0447233088476774,0.0,0,btc,999127.19588126,0.0,0.0,84
0.0000000000897878,[],4,[],2019-01-28 08:35:13,139807148.62122947,1.4366048e-17,4.9178573816e-22,6518880,2019-01-28 08:35:13,ltc,0.19754182516292915,0.0,0.00000016,ltc,78054593.75622134,0.0,1.3988331945856519e-09,85
,[],22,[],2018-11-20 23:09:34,3408.1,0.0000001,0.0000000000041895,4862324,2018-11-20 23:09:34,BTC,0.04624735,0.0,,BTC,4990.0,0.0,0.00033081,86
0,[],22,[],2019-01-27 12:16:57,0.0,0,0,6514258,2019-01-27 12:16:57,,2.07810912,0.0,0,,154826.94736842104,0.0,0.0,87
0,[],27,[],2019-01-27 12:16:59,0.0,0,0,6514259,2019-01-27 12:16:59,,0.0,0.0,0,btc,0.0,0.0,0.0,87
,[],2,[],2018-11-20 23:10:47,0.0,0,0,4862359,2018-11-20 23:10:47,,0.0,0.0,,,0.0,0.0,0.0,88
1,[],11,[],2019-01-28 08:35:15,107011.25472603,0.00019311999999999999414086737647977543019806034862995147705078125,0.0000000066109804,6518881,2019-01-28 08:35:15,btc,235.49846604556436,48.9,0.00019311999999999999414086737647977543019806034862995147705078125,btc,184544.26449761,0.0,8.737497832361933,89
0,[],2,[],2019-01-20 23:31:45,0.0,0,0,6477083,2019-01-20 23:31:45,,0.0,0.0,0,,0.0,0.0,0.0,91
1,[],12,[],2019-01-28 08:35:16,526033.3934274,0.00000849999999999999993299630574039582597833941690623760223388671875,0.00000000029097625,6518882,2019-01-28 08:35:16,btc,2.8582893400688727,0.0,0.00000849999999999999993299630574039582597833941690623760223388671875,btc,10636.84088174,0.3404087743411689,0.1623926057285457,91
0,[],17,[],2019-01-28 08:35:18,0.0,0,0,6518883,2019-01-28 08:35:18,btc,0.0,0.0,0,btc,0.0,0.0,0.0,91
0.0000000000897878,[],22,[],2019-01-28 08:35:22,33781858.0,5.387268e-18,1.8441965181e-22,6518884,2019-01-28 08:35:22,LTC,8.95901495,0.0,0.00000006,LTC,75270634.1,2.4242706e-13,1.31889787,95
0.0000000000897878,[],4,[],2019-01-28 08:35:22,132491893.93660077,9.068567800000001e-17,3.104397472135e-21,6518885,2019-01-28 08:35:22,ltc,1.306770384391895,0.0,0.00000101,ltc,66033166.58348168,0.00980034,6.420490915528839e-10,96
1,[],12,[],2019-01-28 08:35:23,1204061.0,0.00000001,0.000000000000342325,6518886,2019-01-28 08:35:23,btc,255060.86358312686,0.0,0.00000001,btc,7847886.89441532,7.2440059944e-06,0.01204061,96
0,[],17,[],2019-01-28 08:35:25,0.0,0,0,6518887,2019-01-28 08:35:25,btc,0.0,0.0,0,btc,0.0,0.0,0.0,96
1,[],4,[],2019-01-28 01:29:03,1472892.19429314,0.00000039,0.000000000013841295,6517118,2019-01-28 01:29:03,btc,0.30363706505258,0.0,0.00000039,btc,473598.41813208,0.02260545,0.1322524391209234,99
1,[],4,[],2019-01-28 08:35:26,128787.75049426,0.00004690,0.00000000160550425,6518888,2019-01-28 08:35:26,btc,1.5517932144133675,0.0,0.00004690,btc,26058.43663699,2.88621786,2.8979766509878035,100
0,[],2,[],2019-01-20 23:23:55,0.0,0,0,6476914,2019-01-20 23:23:55,,0.0,0.0,0,,0.0,0.0,0.0,100
1,[],22,[],2019-01-28 08:35:30,50000.0,0.00000001,0.000000000000342325,6518889,2019-01-28 08:35:30,BTC,23.49896609,0.0,0.00000001,BTC,10277.22,0.0,0.0005,101
1,[],4,[],2019-01-28 08:35:31,449161.8580141,0.00000087,0.000000000029782275,6518890,2019-01-28 08:35:31,btc,0.3991353497066337,0.0,0.00000087,btc,147824.11724618,0.03670893,0.167928464884528,103
1,[],12,[],2019-01-28 08:35:34,99946503.77474426,0.000000019,0.0000000000006504175,6518891,2019-01-28 08:35:34,btc,9137278963.449652,0.0,0.000000019,btc,144351623.4866372,0.35959890218067736,0.8795683369453967,105
1,[],27,[],2019-01-28 08:35:39,477255.46811249,0.00000001,0.000000000000342325,6518892,2019-01-28 08:35:39,btc,0.2678591955148419,3.11,0.00000001,btc,635751.62835029,6e-08,0.0047725546811249,105
0,[],22,[],2019-01-28 08:57:49,0.0,0,0,6519019,2019-01-28 08:57:49,,1.07253299,0.0,0,,94300.0,0.0,0.0,107
1,[],26,[],2019-01-28 08:57:49,0.0,0.00000000,0,6519020,2019-01-28 08:57:49,btc,0.0,0.0,0.00000000,btc,0.0,0.0,0.0,107
1,[],5,[],2019-01-28 08:35:50,1e-08,0.00000001,0.000000000000342325,6518895,2019-01-28 08:35:50,btc,3.27209417,0.02953241,0.00000001,btc,1.512e-05,0.0,0.05091139,112
1,[],22,[],2019-01-28 08:35:53,24952.0,0.00000001,0.000000000000342325,6518896,2019-01-28 08:35:53,BTC,2.84243449,0.0,0.00000001,BTC,977103.5833333334,0.0,0.00024952,112
0,[],27,[],2019-01-28 08:36:11,0.0,0,0,6518897,2019-01-28 08:36:11,,1.25356065,0.0,0,"btc,eth",1328.0,0.0,0.0,112
1,[],4,[],2019-01-28 08:36:19,434636.85826879,0.00000450,0.00000000015404625,6518898,2019-01-28 08:36:19,btc,0.6390186270003975,0.0,0.00000450,btc,97633.73497416,0.36331482,0.3712076868037337,113
1,[],5,[],2019-01-28 08:36:21,2.275e-05,0.00000371,0.000000000127002575,6518899,2019-01-28 08:36:21,btc,2.41209109,0.04154065,0.00000371,btc,0.00377356,0.0,0.21410165,113
1,[],17,[],2019-01-28 08:36:38,233369.0,0.00000004,0.0000000000013693,6518900,2019-01-28 08:36:38,btc,1.3376290575652952,0.0,0.00000004,btc,72546.975,0.0,0.00543476,116
0,[],27,[],2019-01-28 08:37:10,0.0,0,0,6518901,2019-01-28 08:37:10,,0.0,0.0,0,btc,0.0,0.0,0.0,116
1,[],4,[],2019-01-28 08:37:17,279281.42888769,0.00002390,0.00000000081815675,6518902,2019-01-28 08:37:17,btc,0.8058363736367765,0.0,0.00002390,btc,27693.2608974,2.72213646,0.7063038543686141,120
1,[],7,[],2019-01-28 08:37:26,2835.48804934,0.00002105000000000000005329937879938739797580637969076633453369140625,0.0000000007205941250000001,6518903,2019-01-28 08:37:26,btc,95.08784662473039,56.95922997,0.00002105000000000000005329937879938739797580637969076633453369140625,btc,25631.24697188,0.00131048,0.0276384336067213,120
1,[],20,[],2019-01-28 08:37:27,1198388.9588,0.000000013,0.0000000000004450225,6518904,2019-01-28 08:37:27,btc,33.8615335388083,4049.95,0.000000013,btc,1100249.6297,5.264935e-05,0.0066230460606,125
1,[],22,[],2019-01-28 08:38:15,68433.0,0.00000001,0.000000000000342325,6518905,2019-01-28 08:38:15,BTC,0.01415863,0.0,0.00000001,BTC,293039.4,0.0,0.00068433,126
1,[],4,[],2019-01-28 08:38:26,165205.44618595,0.00001351,0.000000000462481075,6518906,2019-01-28 08:38:26,btc,0.5036160512872658,0.0,0.00001351,btc,27750.5239352,0.16501668,1.5120541394465028,131
0,[],17,[],2019-01-28 08:39:01,0.0,0,0,6518907,2019-01-28 08:39:01,btc,0.0008451375975800001,0.0,0,btc,30.89614684,0.0,0.0,131
0,[],2,[],2019-01-20 23:25:46,0.0,0,0,6476969,2019-01-20 23:25:46,,0.0,0.0,0,,0.0,0.0,0.0,131
1,[],4,[],2019-01-28 08:39:01,6068.50811762,0.00020736,0.0000000070984512,6518908,2019-01-28 08:39:01,btc,0.4425222466580273,0.0,0.00020736,btc,284.34476376,0.0,0.0118920989112425,135
1,[],3,[],2019-01-28 08:39:02,1858045.51685175,0.00000008,0.0000000000027386,6518909,2019-01-28 08:39:02,btc,0.1853992374231921,73398.2435359,0.00000008,btc,380776.67132698,0.0,0.0674661073370348,136
1,[],4,[],2019-01-28 08:39:10,117474.31677915,0.00000181,0.000000000061960825,6518910,2019-01-28 08:39:10,btc,0.6493688205465915,0.0,0.00000181,btc,236048.11068714,0.202771,0.1554628019247487,137
1,[],12,[],2019-01-28 08:39:11,311010.86770485,0.0000018500000000000000751026844880708921436962555162608623504638671875,0.000000000063330125,6518911,2019-01-28 08:39:11,btc,11798.819661756752,0.0,0.0000018500000000000000751026844880708921436962555162608623504638671875,btc,131572.26663232,0.2217020255618119,0.0479726759999755,137
1,[],5,[],2019-01-28 08:39:12,0.00110481,0.00003655,0.000000001251197875,6518912,2019-01-28 08:39:12,btc,6.41842976,0.34464297,0.00003655,btc,0.00215584,0.0,1.17694762,142
1,[],17,[],2019-01-28 08:39:14,12500.0,0.0000001,0.00000000000342325,6518913,2019-01-28 08:39:14,btc,0.6809500038578281,0.0,0.0000001,btc,5932.0,0.0,0.00125,142
1,[],20,[],2019-01-28 08:39:16,154199.2891,0.000025313,0.0000000008665272725,6518914,2019-01-28 08:39:16,btc,2.9396479096881,32761.779,0.000025313,btc,15109.6901,1.323004327478,0.3290477245256,142
1,[],22,[],2019-01-28 08:39:19,990.0,0.00001880,0.000000000643571,6518915,2019-01-28 08:39:19,BTC,0.00073414,0.0,0.00001880,BTC,10.000500375281462,0.0,0.00022106,142
0.0,[],25,[],2019-01-28 08:39:21,0.0,0,0,6518916,2019-01-28 08:39:21,,0.0,0.0,0.0,btc,0.0,0.0,0.0,142
1,[],28,[],2019-01-28 08:39:24,79130.001,0.00004500,0.0000000015404625,6518917,2019-01-28 08:39:24,btc,0.15950702082,52467.428,0.00004500,btc,3167.8541,0.0,0.044535745,142
0,[],22,[],2019-01-25 15:57:33,0.0,0,0,6499726,2019-01-25 15:57:33,,59.04258297,0.0,0,,718491265.8,0.0,0.0,143
1,[],21,[],2019-01-28 08:39:25,41826134.07844674,0.00000029,0.000000000009927425,6518918,2019-01-28 08:39:25,btc,35.25650127271071,7584038.03744197,0.00000029,btc,68096778.89000513,2.24195474,7.157062443760307,145
0,[],22,[],2019-01-28 08:39:28,0.0,0,0,6518919,2019-01-28 08:39:28,,4.31668284,0.0,0,,1427838.5,0.0,0.0,146
,[],22,[],2018-11-20 23:01:11,0.0,0,0,4862114,2018-11-20 23:01:11,,2.56807021,0.0,,,61828.4988236,0.0,0.0,147
1,[],12,[],2019-01-28 08:39:30,8692235.48175182,0.0000029000000000000001864068795154327773389013600535690784454345703125,0.00000000009927425000000001,6518920,2019-01-28 08:39:30,btc,17.07532177374058,0.0,0.0000029000000000000001864068795154327773389013600535690784454345703125,btc,111645.65407238,0.00045348,0.1222769199999868,148
1,[],4,[],2019-01-28 08:39:31,255180.47418597,0.00000033,0.000000000011296725,6518921,2019-01-28 08:39:31,btc,0.6855529088712504,0.0,0.00000033,btc,503489.26650758,0.00648351,0.053227612878236,152
0,[],22,[],2019-01-28 08:39:33,0.0,0,0,6518922,2019-01-28 08:39:33,,0.0,0.0,0,,0.0,0.0,0.0,152
1,[],5,[],2019-01-28 08:39:34,0.0,0,0,6518923,2019-01-28 08:39:34,btc,4.37024355,0.0,0,btc,0.00161275,0.0,0.0,153
,[],16,[],2019-01-11 15:38:59,0.0,0,0,6366141,2019-01-11 15:38:59,btc,0.0,0.0,,btc,0.0,0.0,0.0,155
0,[],23,[],2019-01-20 23:24:29,0.0,0,0,6476932,2019-01-20 23:24:29,,0.0,0.0,0,,0.0,0.0,0.0,156
0,[],22,[],2019-01-28 08:39:38,0.0,0,0,6518924,2019-01-28 08:39:38,,6.73288821,0.0,0,,4541761.742592593,0.0,0.0,156
1,[],22,[],2019-01-28 08:39:41,7906.0,0.00000801,0.000000000274202325,6518925,2019-01-28 08:39:41,BTC,43.78612537,0.0,0.00000801,BTC,1033.584498154164,0.0,0.00743836,157
0,[],22,[],2019-01-28 08:39:51,0.0,0,0,6518926,2019-01-28 08:39:51,,50175.6753658,0.0,0,,54007107.04179466,0.0,0.0,158
,[],17,[],2018-11-20 22:56:10,0.0,0,0,4861976,2018-11-20 22:56:10,btc,1.1265625,0.0,,btc,1000.0,0.0,0.0,159
,[],20,[],2018-11-20 22:56:12,0.0,0,0,4861977,2018-11-20 22:56:12,btc,11912.7940471,0.0,,btc,34413894.3617,0.0,0.0,159
1,[],12,[],2019-01-28 08:39:56,195665.65280284,0.000010910000000000000575680995928973260333805228583514690399169921875,0.00000000037347657500000003,6518927,2019-01-28 08:39:56,btc,6.652814892614395,0.0,0.000010910000000000000575680995928973260333805228583514690399169921875,btc,14069.24908934,0.0062141667,0.099285978557062,168
1,[],17,[],2019-01-28 08:39:57,29784.95,0.000001,0.000000000034232499999999997,6518928,2019-01-28 08:39:57,btc,0.0353989844335,0.0,0.000001,btc,196.82520268,0.0,0.00716147,168
1,[],22,[],2019-01-28 08:40:04,1433447.0,0.00000001,0.000000000000342325,6518929,2019-01-28 08:40:04,BTC,1.13380276,0.0,0.00000001,BTC,689102.5537281231,0.0,0.01433447,169
1,[],22,[],2019-01-28 08:40:15,79654.14285714286,0.00000035,0.000000000011981375,6518930,2019-01-28 08:40:15,BTC,2.46358162,0.0,0.00000035,BTC,53989.56106516291,3.125e-05,0.01629895,171
1,[],22,[],2019-01-28 08:41:31,183672.8245614035,0.00000025,0.000000000008558125,6518931,2019-01-28 08:41:31,BTC,2.83376111,0.0,0.00000025,BTC,237216.9707307475,0.0035031,0.01009653,173
1,[],5,[],2019-01-28 08:41:32,6.295e-05,0.00000434,0.00000000014856905,6518932,2019-01-28 08:41:32,btc,0.41738344,0.00565879,0.00000434,btc,0.00036356,0.0,0.83334448,175
1,[],22,[],2019-01-28 08:41:45,42937.0,0.00000134,0.00000000004587155,6518933,2019-01-28 08:41:45,BTC,0.57733201,0.0,0.00000134,BTC,117301.30021750863,0.01953357,0.03260806,176
1,[],7,[],2019-01-28 08:41:46,0.0,0,0,6518934,2019-01-28 08:41:46,btc,10967.435905417888,0.0,0,btc,122071837.87976141,0.0,0.0,178
0,[],22,[],2019-01-28 08:41:52,0.0,0,0,6518935,2019-01-28 08:41:52,,1.00242428,0.0,0,,57512.0,0.0,0.0,178
0,[],2,[],2019-01-20 23:28:34,0.0,0,0,6477001,2019-01-20 23:28:34,,0.0,0.0,0,,0.0,0.0,0.0,178
1,[],5,[],2019-01-28 08:41:55,3e-08,0.00000002,0.00000000000068465,6518936,2019-01-28 08:41:55,btc,15.20200457,0.31156104,0.00000002,btc,2.088e-05,0.0,1.34144014,179
0,[],23,[],2019-01-20 23:25:08,0.0,0,0,6476952,2019-01-20 23:25:08,,0.0,0.0,0,,0.0,0.0,0.0,179
1,[],22,[],2019-01-28 08:41:59,9565525.038095238,0.00000002,0.00000000000068465,6518937,2019-01-28 08:41:59,BTC,5.47317282,0.0,0.00000002,"BTC,LTC",16465769.651989967,0.00146957,1.39791458,179
1,[],17,[],2019-01-28 08:42:01,10504.725,0.0000001,0.00000000000342325,6518938,2019-01-28 08:42:01,btc,5.206877489877203,0.0,0.0000001,btc,7465.6174587,0.0,0.0010504725,180
1,[],22,[],2019-01-28 08:42:06,444.2,0.00000093,0.000000000031836225,6518939,2019-01-28 08:42:06,BTC,0.09606142,0.0,0.00000093,"BTC,LTC",16543.625478042326,0.0075637700000000165,0.00021042,180
1,[],26,[],2019-01-28 08:42:06,0.0,0.00000020,0.0000000000068465,6518940,2019-01-28 08:42:06,btc,0.0,2942.0,0.00000020,btc,0.0,0.0,0.0,180
,[],7,[],2018-11-20 22:58:01,562227.975654,0.00000085,0.000000000036176765,4862015,2018-11-20 22:58:01,btc,21836.6059674,2491.87645172,,btc,749999.041456,0.00211021,0.127565380455,183
,[],5,[],2019-01-10 08:11:41,0.0,0,0,6347036,2019-01-10 08:11:41,btc,82.15055501,0.00261,,btc,1.19002445,0.0,0.0,187
1,[],24,[],2019-01-28 08:42:06,0.0,0.000000000001,3.4232500000000003e-17,6518941,2019-01-28 08:42:06,btc,0.0,0.0,0.000000000001,btc,0.0,0.0,0.0,187
,[],17,[],2018-11-16 20:58:10,4062536.27273,0.00000001,0.000000000000550501,4708775,2018-11-16 20:58:10,btc,3.36492563466,0.195460381006,,"btc,eth",110697919.549,0.0,0.0157628953496,187
1,[],22,[],2019-01-28 08:42:11,19030.0,0.00000001,0.000000000000342325,6518942,2019-01-28 08:42:11,BTC,1.19382741,0.0,0.00000001,BTC,13380.036201072173,5.7e-06,0.0001903,191
0,[],22,[],2019-01-28 08:42:17,0.0,0,0,6518943,2019-01-28 08:42:17,,0.0,0.0,0,,0.0,0.0,0.0,197
0,[],23,[],2019-01-20 23:31:41,0.0,0,0,6477079,2019-01-20 23:31:41,,0.0,0.0,0,,0.0,0.0,0.0,199
1,[],26,[],2019-01-28 08:42:18,0.0,0.00000000,0,6518944,2019-01-28 08:42:18,btc,0.0,744424.0,0.00000000,btc,0.0,0.0,0.0,199
0,[],17,[],2019-01-28 08:42:21,0.0,0,0,6518945,2019-01-28 08:42:21,btc,6.8025441637642245,0.0,0,btc,105897.55575295,0.0,0.0,200
0,[],2,[],2019-01-20 23:30:49,0.0,0,0,6477059,2019-01-20 23:30:49,,0.0,0.0,0,,0.0,0.0,0.0,201
1,[],4,[],2019-01-25 15:51:35,2084389.58565343,0.00000936,0.000000000333526752,6499557,2019-01-25 15:51:35,btc,2.0092503037378524,0.0,0.00000936,btc,160195.80207885,0.19272417,1.242687955921835,211
1,[],7,[],2019-01-28 08:43:05,13315304.298832228,0.000001179999999999999925426948273188276772316385176964104175567626953125,0.00000000004039435,6518946,2019-01-28 08:43:05,btc,16317814.23079005,487038.949045,0.000001179999999999999925426948273188276772316385176964104175567626953125,btc,11902424.32779616,0.58051276,4.332054698448618,212
1,[],12,[],2019-01-25 02:44:32,207462.42853209,0.000001080000000000000035831255497387193287295303889550268650054931640625,0.000000000038610756000000006,6493050,2019-01-25 02:44:32,btc,85023.03793723314,0.0,0.000001080000000000000035831255497387193287295303889550268650054931640625,btc,43675.73520027,0.000146250909087,0.0348620860622024,213
1,[],5,[],2019-01-28 08:43:10,4.84e-06,0.00000034,0.00000000001163905,6518947,2019-01-28 08:43:10,btc,0.9519637,0.07629424,0.00000034,btc,3.16e-05,0.0,0.34919051,213
1,[],24,[],2019-01-28 08:43:10,0.0,0.000000050000,0.000000000001711625,6518948,2019-01-28 08:43:10,btc,0.0,0.0,0.000000050000,btc,0.0,0.0,0.0,213
1,[],26,[],2019-01-28 08:43:10,0.0,0.00000003,0.000000000001026975,6518949,2019-01-28 08:43:10,btc,0.0,0.0,0.00000003,btc,0.0,0.0,0.0,213
1,[],22,[],2019-01-28 08:43:28,281400.0,0.00000002,0.00000000000068465,6518950,2019-01-28 08:43:28,BTC,70.22676302,0.0,0.00000002,BTC,271505.63907173084,0.0,0.004814,216
1,[],27,[],2019-01-28 08:43:33,5077925.04,0.00000015,0.000000000005134875,6518951,2019-01-28 08:43:33,btc,619.87865254716,17519.96,0.00000015,"btc,ltc",268396.13411,0.00963598,0.052504506,216
1,[],22,[],2019-01-28 08:43:51,288055.482503991,0.00000232,0.0000000000794194,6518952,2019-01-28 08:43:51,BTC,12677.82380606,0.0,0.00000232,BTC,349637.07654401654,0.01980989,0.40249233,217
1,[],7,[],2019-01-28 08:45:12,0.0,0,0,6518953,2019-01-28 08:45:12,btc,302.63931663911063,0.0,0,btc,140340320.6214003,0.0,0.0,219
0,[],27,[],2019-01-28 08:45:20,0.0,0,0,6518954,2019-01-28 08:45:20,,0.0747309448198,0.0,0,btc,1605140.29226592,0.0,0.0,219
0.0000000000000057,[],28,[],2019-01-28 08:45:36,203946286.198,2.280057e-18,7.805205125250001e-23,6518955,2019-01-28 08:45:36,doge,79804.0288717675,13943.0,0.00040001,"btc,doge",4119437.84751,0.0,1.7457468128990508e-11,219
1,[],22,[],2019-01-28 08:47:37,217046.0,0.00000085,0.000000000029097625,6518956,2019-01-28 08:47:37,BTC,2.39628683,0.0,0.00000085,BTC,32945.55212317522,0.0,0.03171789,221
1,[],24,[],2019-01-28 08:47:37,0.0,0.000000550000,0.000000000018827875,6518957,2019-01-28 08:47:37,btc,0.0,0.0,0.000000550000,btc,0.0,0.0,0.0,221
1,[],26,[],2019-01-28 08:47:38,0.0,0.00000002,0.00000000000068465,6518958,2019-01-28 08:47:38,btc,0.0,11346.0,0.00000002,btc,0.0,0.0,0.0,231
1,[],26,[],2019-01-28 08:47:38,0.0,0.00000004,0.0000000000013693,6518959,2019-01-28 08:47:38,btc,0.0,0.0,0.00000004,btc,0.0,0.0,0.0,234
0,[],27,[],2019-01-28 08:47:44,0.0,0,0,6518960,2019-01-28 08:47:44,,0.0113483662182,0.0,0,"btc,eth",11462.99618,0.0,0.0,234
0.0000000000897878,[],22,[],2019-01-28 08:47:51,8895864.0,8.97878e-19,3.0736608635e-23,6518961,2019-01-28 08:47:51,LTC,3.41473524,0.0,0.00000001,LTC,93427951.31349206,1.799469623408e-12,0.08895864,235
1,[],4,[],2019-01-28 08:47:52,2180207.22912113,0.00000078,0.00000000002670135,6518962,2019-01-28 08:47:52,btc,0.0829788887301531,0.0,0.00000078,btc,74973.80896693,0.13350701,0.1655055282184648,236
1,[],24,[],2019-01-28 08:47:52,0.0,0.000000010000,0.000000000000342325,6518963,2019-01-28 08:47:52,btc,0.0,0.0,0.000000010000,btc,0.0,0.0,0.0,236
1,[],20,[],2019-01-28 08:48:02,192538330.6741,0.000000068,0.00000000000232781,6518964,2019-01-28 08:48:02,btc,14.3520220814565,20565144.4597,0.000000068,btc,25026287.7596,1.40544064493,0.5539515875945,237
1,[],22,[],2019-01-28 08:48:17,10000.0,0.00000001,0.000000000000342325,6518965,2019-01-28 08:48:17,BTC,0.04083605,0.0,0.00000001,BTC,4179.0,0.0,0.0001,237
1,[],4,[],2019-01-28 08:48:21,5097585.23866451,0.00000031,0.000000000010612075,6518966,2019-01-28 08:48:21,btc,0.4684528896866996,0.0,0.00000031,btc,1397512.80769991,0.24753844,1.3580463753216305,238
1,[],5,[],2019-01-28 08:48:24,3.64e-06,0.00000031,0.000000000010612075,6518967,2019-01-28 08:48:24,btc,0.69662363,0.00079155,0.00000031,btc,2.855e-05,0.0,0.25169308,238
1,[],22,[],2019-01-28 08:48:31,270376.05,0.00000005,0.000000000001711625,6518968,2019-01-28 08:48:31,BTC,15.40987298,0.0,0.00000005,BTC,234729.18162280702,0.00050421,0.00897035,249
0.0000000000897878,[],22,[],2019-01-28 08:48:58,2565214.8,4.4893900000000004e-18,1.5368304317500002e-22,6518969,2019-01-28 08:48:58,LTC,0.59825686,0.0,0.00000005,LTC,14774757.845555555,3.8608754000000003e-16,0.05185782,252
1,[],28,[],2019-01-28 08:50:06,2037349.213,0.00000008,0.0000000000027386,6518970,2019-01-28 08:50:06,btc,164692.83429779497,24191.61,0.00000008,btc,1237808.2807,0.0,0.07476567991,256
0,[],27,[],2019-01-28 08:52:06,0.0,0,0,6518971,2019-01-28 08:52:06,,4.96668,0.0,0,btc,90.59,0.0,0.0,257
1,[],22,[],2019-01-28 08:52:18,52104.0,0.00000001,0.000000000000342325,6518972,2019-01-28 08:52:18,BTC,35605.64557385,0.0,0.00000001,BTC,626546.6657111706,0.00415164,0.00052104,258
1,[],22,[],2019-01-26 20:58:41,368451.0,0.00000001,0.000000000000356135,6510120,2019-01-26 20:58:41,BTC,2.642917,0.0,0.00000001,"BTC,LTC",1862.0,0.0,0.02488451,259
1,[],22,[],2019-01-28 08:52:22,3516.272,0.00000775,0.000000000265301875,6518973,2019-01-28 08:52:22,BTC,4.68612988,0.0,0.00000775,BTC,6019.390866142444,0.0,0.02433815,262
1,[],5,[],2019-01-28 08:52:24,5.267e-05,0.00000242,0.00000000008284265,6518974,2019-01-28 08:52:24,btc,67781.61145829,0.44683659,0.00000242,btc,11111.11519747,0.0,0.24267325,264
1,[],20,[],2019-01-28 08:52:25,1784890.0208,0.0000016,0.000000000054772,6518975,2019-01-28 08:52:25,btc,5.2447888375744,14084.7566,0.0000016,btc,103287.9758,0.049301972219,0.0422599991041,264
1,[],22,[],2019-01-28 08:52:29,163085.0,0.00000003,0.000000000001026975,6518976,2019-01-28 08:52:29,BTC,7.51937253,0.0,0.00000003,BTC,233614.89223516703,6.042e-05,0.00389729,271
0,[],22,[],2019-01-28 08:52:32,0.0,0,0,6518977,2019-01-28 08:52:32,,242.59396368,0.0,0,,12792025291.9,0.0,0.0,272
0.0000000000000057,[],28,[],2019-01-28 08:52:36,259688834423.651,5.1300000000000004e-21,1.7561272500000001e-25,6518978,2019-01-28 08:52:36,doge,51800189.10605425,20149048176.8443,0.0000009,doge,141943751420.21323,0.0,8.182118620940801e-10,272
