pairValue,buyBook,exchangeId,sellBook,updated,buyTotal,satoshiPrice,usdPrice,exchangeLogId,created,bestPair,sellTotalBtc,volume,pairPrice,activePairs,sellTotal,volumeBtc,buyTotalBtc,coinId
0,[],28,[],2019-06-01 19:27:50,0.0,0,0,7723521,2019-06-01 19:27:50,,0.0,347435.75,0,,0.0,0.0,0.0,1
1,[],3,[],2019-06-01 20:00:32,64.770077409422,0.0108332099999999993678034826416478608734905719757080078125,0.0000009251788837409999,7723659,2019-06-01 20:00:32,btc,0.15172822602258257,42.7172265465,0.0108332099999999993678034826416478608734905719757080078125,btc,12.885174438353,0.0,0.22806534756514588,1
1,[],4,[],2019-06-01 20:00:33,207690.20517713,0.01084225,0.0000009259509187249999,7723660,2019-06-01 20:00:33,btc,7.6848549301540245,0.0,0.01084225,btc,306.17231946,0.90150927,0.6135569043917316,1
1,[],5,[],2019-06-01 20:00:35,0.0,0,0,7723661,2019-06-01 20:00:35,btc,0.0,0.02241663,0,btc,0.0,0.0,0.0,1
1,[],10,[],2019-06-01 20:00:37,312492.56938252,0.006961,0.0000005944840181,7723662,2019-06-01 20:00:37,btc,6520.101950703009,1475.38497057,0.006961,btc,1200.29996254,0.0,2.4221752313432874,1
1,[],12,[],2019-06-01 20:00:39,82.53312174,0.01084000000000000067668093350903291138820350170135498046875,0.000000925758764,7723663,2019-06-01 20:00:39,btc,0.1580268225871,0.0,0.01084000000000000067668093350903291138820350170135498046875,btc,13.77830701,0.100571974782,0.365529797525,1
1,[],20,[],2019-06-01 20:00:41,934.1674,0.009208993,0.0000007864673410852999,7723664,2019-06-01 20:00:41,btc,0.2237467315214,0.0,0.009208993,btc,17.3543,0.0,0.099779653526,1
1,[],21,[],2019-06-01 20:00:42,1843.6372531,0.01081311000000000077658768305,0.0000009234623015309999,7723665,2019-06-01 20:00:42,btc,9.567304809263499,1477.78753391,0.01081311000000000077658768304900149814784526824951171875,"btc,eth",1195.04308713,13.744204772887441,16.903249536718842,1
1,[],22,[],2019-06-01 20:00:46,0.0025666666666666667,0.00900000,0.0000007686189,7723666,2019-06-01 20:00:46,BTC,0.31629903,0.0,0.00900000,BTC,0.2505752479991019,0.0,2.31e-05,1
1,[],24,[],2019-06-01 20:00:47,0.0,0.000000000000,0,7723667,2019-06-01 20:00:47,btc,0.0,0.0,0.000000000000,btc,0.0,0.0,0.0,1
0.0,[],25,[],2019-06-01 20:00:48,0.0,0,0,7723668,2019-06-01 20:00:48,btc,44.899999998649704,4614.92287251,0.0,btc,3990.49537232,50.4888,0.0,1
1,[],26,[],2019-06-01 20:00:53,0.0,0,0,7723669,2019-06-01 20:00:53,,0.0,0.0,0,,0.0,0.0,0.0,1
0,[],2,[],2019-01-20 23:28:45,0.0,0,0,6477011,2019-01-20 23:28:45,,0.0,0.0,0,,0.0,0.0,0.0,1
1,[],5,[],2019-06-01 19:27:51,0.0,0,0,7723522,2019-06-01 19:27:51,btc,0.0,0.03182948,0,btc,0.0,0.0,0.0,2
1,[],22,[],2019-06-01 19:27:56,11638.0,0.0000002,0.00000000001706226,7723523,2019-06-01 19:27:56,BTC,21.00897301,0.0,0.0000002,"BTC,XMR",20678.87287795317,0.0,0.00145435,2
1,[],5,[],2019-06-01 19:27:57,0.0,0,0,7723524,2019-06-01 19:27:57,btc,0.0,0.1500706,0,btc,0.0,0.0,0.0,3
1,[],12,[],2019-06-01 19:27:58,2594759.7059,0.000000118,0.000000000010066733399999999,7723525,2019-06-01 19:27:58,btc,169517.41604473296,0.0,0.000000118,btc,2598922.24490056,0.07687907835,0.2462988366106,3
0,[],28,[],2019-06-01 19:28:00,0.0,0,0,7723526,2019-06-01 19:28:00,,0.0,0.0,0,,0.0,0.0,0.0,3
0,[],2,[],2019-01-20 23:31:32,0.0,0,0,6477077,2019-01-20 23:31:32,,0.0,0.0,0,,0.0,0.0,0.0,4
1,[],4,[],2019-05-18 21:29:50,562734.9206932,0.00000010,0.000000000007298720000000001,7650946,2019-05-18 21:29:50,btc,41.9347137769675,0.0,0.00000010,btc,1123702.32192634,0.00052462,0.029254593370966,4
0,[],12,[],2019-06-01 19:28:01,0.0,0,0,7723527,2019-06-01 19:28:01,btc,625.901992874995,0.0,0,btc,1211362.4995005,0.0,0.0,5
1,[],11,[],2019-06-01 19:28:02,9060347.776736,0.00000002,0.000000000001706226,7723528,2019-06-01 19:28:02,btc,9582.854876042946,3482184.0,0.00000002,btc,68496596.46260394,0.0,0.13675210276736,6
0,[],2,[],2019-01-20 23:31:51,0.0,0,0,6477087,2019-01-20 23:31:51,,0.0,0.0,0,,0.0,0.0,0.0,6
1,[],3,[],2019-06-01 19:28:03,12014.72135254106,0.000089019999999999998110435106557503104340867139399051666259765625,0.000000007594411926,7723529,2019-06-01 19:28:03,btc,0.11657325895838788,255.346731599,0.000089019999999999998110435106557503104340867139399051666259765625,btc,182.204137883082,0.0,0.026021983602705745,7
1,[],4,[],2019-06-01 19:28:04,316543.60854749,0.00009098,0.000000007761622074,7723530,2019-06-01 19:28:04,btc,9.47957724300153,0.0,0.00009098,btc,56901.49843993,2.005649,1.5955083578927058,7
1,[],5,[],2019-06-01 19:28:05,0.0,0,0,7723531,2019-06-01 19:28:05,btc,0.0,0.61377294,0,btc,0.0,0.0,0.0,7
1,[],20,[],2019-04-07 22:06:50,3201475.0482,0.000000001,0.000000000000051590000000000004,7213932,2019-04-07 22:06:50,btc,30.8005781811902,0.0,0.000000001,btc,23077405.3926,0.0,0.0032014750482,8
1,[],4,[],2019-06-01 19:28:08,3500698.84638646,0.00000047,0.000000000040096311,7723532,2019-06-01 19:28:08,btc,3.8363410039279175,0.0,0.00000047,btc,3454522.89833783,0.30139105,0.2331298372625623,9
0,[],28,[],2019-06-01 19:28:09,0.0,0,0,7723533,2019-06-01 19:28:09,,0.0,3580257.0,0,,0.0,0.0,0.0,9
0,[],2,[],2019-01-20 23:22:42,0.0,0,0,6476876,2019-01-20 23:22:42,,0.0,0.0,0,,0.0,0.0,0.0,9
0,[],23,[],2019-01-20 23:22:48,0.0,0,0,6476878,2019-01-20 23:22:48,,0.0,0.0,0,,0.0,0.0,0.0,9
1,[],1,[],2019-02-17 23:31:42,1822507.21,0.00000181000000000000003456111265232042484285557293333113193511962890625,0.000000000066086901,6701244,2019-02-17 23:31:42,btc,3.6990969245,17153386.5,0.00000181000000000000003456111265232042484285557293333113193511962890625,btc,1997391.71,31.11772986,3.2610482446,9
1,[],4,[],2019-02-17 11:22:43,4341674.27126056,0.00000002,0.0000000000007272960000000001,6696112,2019-02-17 11:22:43,btc,0.1997230937751353,0.0,0.00000002,btc,4109766.79808031,0.00215132,0.0479381022052112,10
1,[],4,[],2019-06-01 19:28:10,7009166.70003336,0.00000044,0.000000000037536972,7723534,2019-06-01 19:28:10,btc,4.755991050038387,0.0,0.00000044,btc,5082062.21243684,0.60189663,1.0098166679736271,12
1,[],5,[],2019-06-01 19:28:12,0.0,0,0,7723535,2019-06-01 19:28:12,btc,0.0,0.25468003,0,btc,0.0,0.0,0.0,12
0.0,[],25,[],2019-06-01 19:28:15,0.0,0,0,7723536,2019-06-01 19:28:15,,0.0,0.0,0.0,btc,0.0,0.0,0.0,12
0,[],2,[],2019-01-20 23:23:08,0.0,0,0,6476890,2019-01-20 23:23:08,,0.0,0.0,0,,0.0,0.0,0.0,12
1,[],4,[],2019-06-01 19:28:15,333986.3181125,0.00000558,0.000000000476037054,7723537,2019-06-01 19:28:15,btc,1.7898376328764298,0.0,0.00000558,btc,234866.64582335,0.31368875,0.4710811084598331,13
1,[],10,[],2019-06-01 19:28:18,650418.21490862,0.00000546,0.000000000465799698,7723538,2019-06-01 19:28:18,btc,666803.2852988056,28802.4712142,0.00000546,btc,869777.37108681,0.0,0.2251398184326306,13
1,[],21,[],2019-06-01 19:28:19,1907164.78495244,0.000005579999999999999938076877121,0.000000000476037054,7723539,2019-06-01 19:28:19,btc,2.6600270353163586,620279.53692844,0.0000055799999999999999380768771206628997560983407311141490936279296875,btc,412649.90551070997,3.53381134,7.853784699612906,13
1,[],4,[],2019-06-01 19:28:20,907570.80448799,0.00000076,0.000000000064836588,7723540,2019-06-01 19:28:20,btc,4.346449609244625,0.0,0.00000076,btc,846835.98892934,0.01393185,0.0796520803573273,14
1,[],12,[],2019-06-01 19:28:21,135929.07058217,0.00000073,0.000000000062277249,7723541,2019-06-01 19:28:21,btc,14.139209085473059,0.0,0.00000073,btc,21325.79861006,5.154845e-06,0.0152233299999715,14
1,[],26,[],2019-06-01 19:30:22,0.0,0,0,7723542,2019-06-01 19:30:22,,0.0,0.0,0,,0.0,0.0,0.0,14
0,[],17,[],2019-05-03 00:53:32,0.0,0,0,7558876,2019-05-03 00:53:32,btc,0.0,0.0,0,btc,0.0,0.0,0.0,14
0,[],4,[],2019-06-01 19:30:23,0.0,0,0,7723543,2019-06-01 19:30:23,,0.0,0.0,0,,0.0,0.0,0.0,15
,[],12,[],2018-12-01 15:15:48,204241.84496,0.00000489,0.000000000202473384,5260204,2018-12-01 15:15:48,btc,49.5475654835,0.0,,btc,35763.2193806,0.0163153972027625,0.0203389899998,15
1,[],4,[],2019-06-01 19:30:24,34919.17549767,0.00001019,0.000000000869322147,7723544,2019-06-01 19:30:24,btc,0.9831824610686809,0.0,0.00001019,btc,12098.0190135,0.07991915,0.0845923081635725,18
1,[],10,[],2019-06-01 19:30:26,494947.0591602,0.00001247,0.0000000010638319109999998,7723545,2019-06-01 19:30:26,btc,15.340628924726781,2135.71926163,0.00001247,btc,13281.6514603,0.0,0.151612719002749,18
1,[],12,[],2019-06-01 19:30:27,3239.00171305,0.00001230000000000000081983031474663903281907550990581512451171875,0.00000000104932899,7723546,2019-06-01 19:30:27,btc,0.401013013034521,0.0,0.00001230000000000000081983031474663903281907550990581512451171875,btc,1475.4474923,1.4491768e-05,0.0133881575954423,18
0,[],2,[],2019-01-20 23:23:38,0.0,0,0,6476906,2019-01-20 23:23:38,,0.0,0.0,0,,0.0,0.0,0.0,18
0,[],17,[],2019-05-03 00:53:39,0.0,0,0,7558882,2019-05-03 00:53:39,btc,0.0,0.0,0,btc,0.0,0.0,0.0,18
1,[],3,[],2019-06-01 19:32:28,148096.6232587154,0.000005499999999999999856993733449161965154416975565254688262939453125,0.0000000004692121499999999,7723547,2019-06-01 19:32:28,btc,0.16847420707970237,5449.68204435,0.000005499999999999999856993733449161965154416975565254688262939453125,btc,4883.987249651002,0.0,0.046376063171621795,19
1,[],4,[],2019-06-01 19:32:28,515221.38323766,0.00000822,0.000000000701258886,7723548,2019-06-01 19:32:28,btc,4.081889339281085,0.0,0.00000822,btc,166650.89372877,0.1930472,0.4241295166729429,19
1,[],5,[],2019-06-01 19:32:31,0.0,0,0,7723549,2019-06-01 19:32:31,btc,0.0,0.0,0,btc,0.0,0.0,0.0,19
1,[],12,[],2019-06-01 19:32:31,15199.47032294,0.000007089999999999999880334437818429904609729419462382793426513671875,0.000000000604857117,7723550,2019-06-01 19:32:31,btc,0.0529360476484954,0.0,0.000007089999999999999880334437818429904609729419462382793426513671875,btc,1949.0831785,0.00145584,0.02688051999969,19
0,[],27,[],2019-06-01 19:32:37,0.0,0,0,7723551,2019-06-01 19:32:37,,0.0,0.0,0,btc,0.0,0.0,0.0,19
0,[],2,[],2019-01-20 23:24:19,0.0,0,0,6476924,2019-01-20 23:24:19,,0.0,0.0,0,,0.0,0.0,0.0,19
1,[],4,[],2019-06-01 19:32:38,10062076.88478525,0.00000007,0.000000000005971791,7723552,2019-06-01 19:32:38,btc,6.411239436602338,0.0,0.00000007,btc,2322306.93095912,0.0,0.1174938176872809,20
1,[],4,[],2019-06-01 19:32:39,8564728.748,0.00000001,0.0000000000008531129999999999,7723553,2019-06-01 19:32:39,btc,1793.578266683811,0.0,0.00000001,btc,71748883.49751575,0.04150499,0.08564728748,21
1,[],12,[],2019-06-01 19:32:40,2140017.0,0.00000001,0.000000000000853113,7723554,2019-06-01 19:32:40,btc,2566.6125287053546,0.0,0.00000001,btc,5033244.76723275,0.0,0.02140017,21
0,[],17,[],2019-05-03 00:53:51,0.0,0,0,7558891,2019-05-03 00:53:51,btc,0.0,0.0,0,btc,0.0,0.0,0.0,21
1,[],12,[],2019-06-01 19:34:41,5299937792.0,0.0000000003,0.000000000000025593389999999997,7723555,2019-06-01 19:34:41,btc,709129802.0587302,0.0,0.0000000003,btc,3213529712.5271163,0.010455530056,1.1952151415,23
0.0000000003093401,[],27,[],2019-06-01 19:34:48,63767222.9610017,9.280203000000001e-18,7.917061821939e-22,7723556,2019-06-01 19:34:48,eth,105072.80404227032,1451380.542943,0.00000003,eth,19821164.028,1.3469107216942001e-11,3.6581147427372886e-10,23
1,[],4,[],2019-06-01 19:34:49,1869582.30628741,0.00000024,0.000000000020474711999999998,7723557,2019-06-01 19:34:49,btc,10.742730861959917,0.0,0.00000024,btc,1725864.88188182,0.00297,0.0651298226977907,24
1,[],22,[],2019-06-01 19:34:52,21.76,0.00000100,0.00000000008531129999999999,7723558,2019-06-01 19:34:52,BTC,7.415e-05,0.0,0.00000100,BTC,23.919354838709676,0.0,1.186e-05,24
0.0,[],25,[],2019-06-01 19:34:54,0.0,0,0,7723559,2019-06-01 19:34:54,,0.0,0.0,0.0,btc,0.0,0.0,0.0,24
1,[],4,[],2019-06-01 19:34:54,26946053.76555604,0.00000479,0.000000000408641127,7723560,2019-06-01 19:34:54,btc,13.219349882298117,0.0,0.00000479,btc,244728.27747416,0.1208917,0.4902061764034136,26
1,[],10,[],2019-06-01 19:34:57,151415.87093779,0.00000401,0.00000000034209831299999994,7723561,2019-06-01 19:34:57,btc,25.58618159786292,8483.62977272,0.00000401,btc,23450.14664212,0.0,0.037630441223563,26
0,[],2,[],2019-01-20 23:25:56,0.0,0,0,6476976,2019-01-20 23:25:56,,0.0,0.0,0,,0.0,0.0,0.0,26
1,[],3,[],2019-06-01 19:34:58,21611072.185043,0.00000001,0.000000000000853113,7723562,2019-06-01 19:34:58,btc,3.7636165244605637,4503393.68501,0.00000001,btc,26148692.486560762,0.0,0.21611072185043,27
1,[],11,[],2019-06-01 19:35:00,2110243.08157834,0.00000002,0.000000000001706226,7723563,2019-06-01 19:35:00,btc,67503.04527066177,19676.5543251,0.00000002,btc,6588861.32608848,0.0,0.0211134458157834,27
1,[],5,[],2019-04-26 09:47:06,0.0,0,0,7465326,2019-04-26 09:47:06,btc,0.0,0.0,0,btc,0.0,0.0,0.0,27
1,[],4,[],2019-06-01 19:35:00,1196694767.660482,0.00000001,0.0000000000008531129999999999,7723564,2019-06-01 19:35:00,btc,4.880028222026373,0.0,0.00000001,"btc,ltc",294559571.5715118,0.03777507,8.63058884776884,29
1,[],7,[],2019-06-01 19:35:03,85451021.33155985,0.00000001,0.000000000000853113,7723565,2019-06-01 19:35:03,btc,46548272.13039483,0.0,0.00000001,btc,35158547.38292676,0.0,0.8545102133155985,29
1,[],4,[],2019-06-01 19:35:03,15242848.2015631,0.00000006,0.0000000000051186779999999994,7723566,2019-06-01 19:35:03,btc,2.562666443401238,0.0,0.00000006,btc,2020880.51679651,0.00085594,0.1687433592294358,30
0,[],17,[],2019-05-03 01:11:25,0.0,0,0,7559066,2019-05-03 01:11:25,btc,0.0,0.0,0,btc,0.0,0.0,0.0,30
1,[],4,[],2019-06-01 19:37:04,104894.58563892,0.00004250,0.0000000036257302499999997,7723567,2019-06-01 19:37:04,btc,3.2924387046652193,0.0,0.00004250,btc,44734.39903901,0.68275778,0.470178623875616,31
1,[],21,[],2019-06-01 19:37:05,162122.06672287,0.00004512000000000000168517977350,0.000000003849245856,7723568,2019-06-01 19:37:05,btc,5.836208941396824,163867.60725222,0.0000451200000000000016851797735029094837955199182033538818359375,btc,117288.44017447,7.52890653,5.928332805758124,31
0,[],2,[],2019-01-20 23:28:43,0.0,0,0,6477009,2019-01-20 23:28:43,,0.0,0.0,0,,0.0,0.0,0.0,32
0,[],4,[],2019-06-01 19:37:06,0.0,0,0,7723569,2019-06-01 19:37:06,,0.0,0.0,0,,0.0,0.0,0.0,33
1,[],12,[],2019-03-30 07:55:10,40641173.964,0.00000003,0.000000000001228359,7108785,2019-03-30 07:55:10,btc,4233210.82356125,0.0,0.00000003,btc,28378394.68333462,0.0126927883965248,0.90752895892,33
0.0000000001315485,[],4,[],2019-06-01 19:37:07,466964864.0517415,6.1827795e-17,5.2746095675835e-21,7723570,2019-06-01 19:37:07,ltc,3.7111719700809127,0.0,0.00000047,ltc,155895514.82339522,0.0,1.8063126735952512e-09,34
1,[],5,[],2019-06-01 19:37:08,0.0,0,0,7723571,2019-06-01 19:37:08,btc,0.0,1.262e-05,0,btc,0.0,0.0,0.0,34
0.0000000002926451,[],17,[],2019-05-02 18:17:47,200000.0,2.9264510000000002e-18,1.596703856561e-22,7556430,2019-05-02 18:17:47,eth,0.20942468735267253,0.0,0.00000001,"btc,eth",1018272.20243647,0.0,5.852902e-13,36
0.0000000001311821,[],4,[],2019-05-31 13:28:19,2417517744.0607657,1.311821e-18,1.105058333085e-22,7717483,2019-05-31 13:28:19,ltc,5.019900492391546e-08,0.0,0.00000001,ltc,7102398142.262129,0.0,3.171350544531538e-09,36
1,[],5,[],2019-05-31 13:28:21,0.0,0,0,7717484,2019-05-31 13:28:21,btc,0.0,0.0,0,btc,0.0,0.0,0.0,36
0.0000000003108179,[],27,[],2019-05-31 13:30:34,10388811.226876,6.216358000000001e-18,5.236566733830001e-22,7717485,2019-05-31 13:30:34,eth,1569.8708019850988,761866.634299,0.00000002,"ltc,eth",5084024.2511555,4.736034912207001e-12,3.3251980286483705e-11,36
1,[],4,[],2019-06-01 19:37:10,9959965.11813447,0.00000015,0.000000000012796694999999999,7723572,2019-06-01 19:37:10,btc,19772.502894509886,0.0,0.00000015,btc,736058.76933135,0.00185575,0.1253179466713705,37
1,[],12,[],2019-06-01 19:37:10,3593074.74028571,0.00000018,0.000000000015356033999999997,7723573,2019-06-01 19:37:10,btc,9.358032379760258,0.0,0.00000018,btc,975148.66114724,0.013616554708,0.1602718932514278,37
1,[],27,[],2019-06-01 19:39:15,6137.0,0.00000016,0.000000000013649807999999998,7723574,2019-06-01 19:39:15,btc,24.12337022903233,0.0,0.00000016,btc,5792.49438508,0.0,0.00075592,37
1,[],17,[],2019-05-03 01:11:36,211752.74075282,0.00000025,0.000000000013700074999999998,7559074,2019-05-03 01:11:36,btc,0.055484923955058496,0.0,0.00000025,"btc,eth",1387.19918473,0.0,0.0005381851887916605,37
1,[],5,[],2019-06-01 19:39:17,0.0,0,0,7723575,2019-06-01 19:39:17,btc,0.0,0.00100008,0,btc,0.0,0.0,0.0,42
1,[],12,[],2019-06-01 19:39:18,141970.70602775,0.00000091,0.000000000077633283,7723576,2019-06-01 19:39:18,btc,24.790354023946524,0.0,0.00000091,btc,72428.88087489,0.0,0.0548897399999704,42
1,[],27,[],2019-06-01 19:39:23,506.0,0.00000002,0.0000000000017062259999999998,7723577,2019-06-01 19:39:23,btc,0.07600425,0.0,0.00000002,"btc,eth",18.0,0.0,6.000000324992709e-06,42
1,[],12,[],2019-03-13 09:13:29,1112112.0,0.00000001,0.000000000000386531,6919902,2019-03-13 09:13:29,btc,29058.00478931866,0.0,0.00000001,btc,5967681.93306694,9.99000999e-07,0.01112112,43
1,[],5,[],2019-04-26 22:38:52,0.0,0,0,7474154,2019-04-26 22:38:52,btc,0.0,0.02638891,0,btc,0.0,0.0,0.0,43
0,[],17,[],2019-04-26 22:38:53,0.0,0,0,7474155,2019-04-26 22:38:53,btc,0.0,0.0,0,btc,0.0,0.0,0.0,43
1,[],12,[],2019-03-05 01:54:08,639326.02,0.00000004,0.000000000001486676,6845775,2019-03-05 01:54:08,btc,11116042.728239931,0.0,0.00000004,btc,1103841.4595604,0.0003330765234764,0.014975410599999999,44
1,[],4,[],2019-06-01 19:39:25,105312336.02947043,0.00000001,0.0000000000008531129999999999,7723578,2019-06-01 19:39:25,btc,1395.2665688028756,0.0,0.00000001,"btc,ltc",28007047.77528054,0.00138048,0.03439889311799297,49
0.0000000001315485,[],4,[],2019-06-01 19:39:25,133680706.35103069,3.946455e-17,3.3667720644149995e-21,7723579,2019-06-01 19:39:25,ltc,194919.89386955262,0.0,0.0000003,ltc,163235334.41907233,0.0,1.3860063120404235e-09,52
0,[],22,[],2019-06-01 18:21:34,0.0,0,0,7723357,2019-06-01 18:21:34,,10289.55991011,0.0,0,,308568058.4566013,0.0,0.0,57
1,[],27,[],2019-06-01 18:21:43,2297.0,0.0000003,0.00000000002560206,7723358,2019-06-01 18:21:43,btc,0.0,0.0,0.0000003,"btc,eth",0.0,0.0,0.0003891,57
0.0000000001315485,[],4,[],2019-06-01 19:39:26,3421440497.0161414,1.3154849999999999e-18,1.122257354805e-22,7723580,2019-06-01 19:39:26,ltc,19.341013481414016,0.0,0.00000001,ltc,5851479934.768803,0.0,4.500853652217279e-09,58
1,[],12,[],2019-06-01 19:39:27,720036179.0,0.0000000001,0.00000000000000853113,7723581,2019-06-01 19:39:27,btc,2236649.6700336174,0.0,0.0000000001,btc,3390965212.9200363,0.001900215661,0.0720036179,58
0.00000000010859920000000001,[],22,[],2019-06-01 19:41:30,126877.0,1.085992e-18,9.26473893096e-23,7723582,2019-06-01 19:41:30,XMR,68.17454206,0.0,0.00000001,XMR,9626402.6,0.0,0.00126877,58
1,[],17,[],2019-05-03 01:12:09,1200000.0,0.0000000001,0.00000000000000548003,7559085,2019-05-03 01:12:09,btc,1e+24,0.0,0.0000000001,"btc,eth",39516342.31952568,0.0,0.00010000000058666061,58
1,[],5,[],2019-06-01 19:41:32,0.0,0,0,7723583,2019-06-01 19:41:32,btc,0.0,0.01855737,0,btc,0.0,0.0,0.0,61
1,[],22,[],2019-06-01 19:41:35,13613.833333333334,0.00000012,0.000000000010237355999999999,7723584,2019-06-01 19:41:35,BTC,1002.29123003,0.0,0.00000012,BTC,15014.200177125656,0.0,0.00153269,61
1,[],26,[],2019-06-01 19:41:35,0.0,0,0,7723585,2019-06-01 19:41:35,,0.0,0.0,0,,0.0,0.0,0.0,61
1,[],27,[],2019-06-01 19:41:42,8450.0,0.0000002,0.00000000001706226,7723586,2019-06-01 19:41:42,btc,1.9582485601246655,0.0,0.0000002,"btc,eth",11379.41563696,0.0,0.001522,61
0,[],28,[],2019-06-01 19:42:31,0.0,0,0,7723587,2019-06-01 19:42:31,,0.0,754.0,0,,0.0,0.0,0.0,61
1,[],4,[],2019-06-01 19:42:31,793260.70754905,0.00000068,0.000000000058011684,7723588,2019-06-01 19:42:31,btc,2.899829904342482,0.0,0.00000068,btc,933979.34404246,0.06631657,0.3933067367999973,67
0.0,[],25,[],2019-06-01 19:42:34,0.0,0,0,7723589,2019-06-01 19:42:34,,0.0,0.0,0.0,btc,0.0,0.0,0.0,67
1,[],12,[],2019-06-01 19:42:36,893658.355,0.00000006,0.0000000000051186779999999994,7723590,2019-06-01 19:42:36,btc,5.167005424215783,0.0,0.00000006,btc,738530.60239759,0.004366653266,0.0180635913,71
,[],5,[],2018-11-20 23:02:39,1.5e-07,0.00000005,0.000000000002128045,4862160,2018-11-20 23:02:39,btc,2.84511358,0.0,,btc,0.00036572,0.0,0.07381892,74
1,[],5,[],2019-06-01 19:42:38,0.0,0,0,7723591,2019-06-01 19:42:38,btc,0.0,0.10249343,0,btc,0.0,0.0,0.0,75
0,[],4,[],2019-05-25 21:33:44,0.0,0,0,7686249,2019-05-25 21:33:44,,133656.37989170782,0.0,0,,33439209.5909442,0.0,0.0,81
0,[],20,[],2019-01-25 09:30:31,0.0,0,0,6495923,2019-01-25 09:30:31,btc,0.0,0.0,0,btc,0.0,0.0,0.0,81
1,[],4,[],2019-06-01 19:42:39,31317.37537467,0.00010953,0.000000009344146689,7723592,2019-06-01 19:42:39,btc,55.67281446640408,0.0,0.00010953,btc,121411.53320745,0.17549647,0.7465818768677865,82
1,[],21,[],2019-06-01 19:42:40,77513.23543809,0.0001079300000000000051003645751,0.000000009207648608999999,7723593,2019-06-01 19:42:40,btc,15.80735101728556,38309.69939019,0.000107930000000000005100364575127969146706163883209228515625,btc,95615.06968192,4.07653395,6.479558316219494,82
0,[],17,[],2019-03-25 22:42:34,0.0,0,0,7038780,2019-03-25 22:42:34,btc,0.0445064681804024,0.0,0,btc,995513.18476001,0.0,0.0,84
0.0000000001161485,[],4,[],2019-05-20 13:09:39,216715621.0206096,1.161485e-18,9.0533806701e-23,7657228,2019-05-20 13:09:39,ltc,1.6511566870244727,0.0,0.00000001,ltc,471032407.9048656,0.0,2.5171194308112273e-10,85
,[],22,[],2018-11-20 23:09:34,3408.1,0.0000001,0.0000000000041895,4862324,2018-11-20 23:09:34,BTC,0.04624735,0.0,,BTC,4990.0,0.0,0.00033081,86
1,[],22,[],2019-06-01 19:42:43,62656.0,0.00000001,0.0000000000008531129999999999,7723594,2019-06-01 19:42:43,BTC,1.46326592,0.0,0.00000001,BTC,411487.21403508773,0.0020507,0.00062656,87
1,[],27,[],2019-06-01 19:42:50,98782.0,0.00000008,0.000000000006824903999999999,7723595,2019-06-01 19:42:50,btc,5.057418228036,2280.0,0.00000008,btc,92485.67341,0.000228,0.00133114,87
,[],2,[],2018-11-20 23:10:47,0.0,0,0,4862359,2018-11-20 23:10:47,,0.0,0.0,,,0.0,0.0,0.0,88
1,[],11,[],2019-06-01 19:42:52,122640.47898457,0.000080000000000000006544244313122504763668985106050968170166015625,0.000000006824904,7723596,2019-06-01 19:42:52,btc,167.40796099799985,1439.00255127,0.000080000000000000006544244313122504763668985106050968170166015625,btc,201220.06007962,0.0,1.936601725979876,89
0,[],2,[],2019-01-20 23:31:45,0.0,0,0,6477083,2019-01-20 23:31:45,,0.0,0.0,0,,0.0,0.0,0.0,91
1,[],12,[],2019-06-01 19:42:53,261906.00594201,0.00000025,0.000000000021327824999999997,7723597,2019-06-01 19:42:53,btc,87.68300301908494,0.0,0.00000025,btc,147825.60695415,0.000585089223,0.010860320199995499,91
1,[],22,[],2019-06-01 19:44:57,75910.55,0.0000002,0.00000000001706226,7723598,2019-06-01 19:44:57,BTC,0.497,0.0,0.0000002,"BTC,LTC",6.95,0.0,0.00165931,91
0,[],17,[],2019-05-03 01:12:26,0.0,0,0,7559096,2019-05-03 01:12:26,btc,0.0,0.0,0,btc,0.0,0.0,0.0,91
1,[],22,[],2019-04-09 20:17:52,374949.73333333334,0.00000015,0.000000000007771935,7235704,2019-04-09 20:17:52,BTC,6.87372503,0.0,0.00000015,"BTC,LTC",159980.01196797504,1.1e-05,0.80510266,95
0.0000000001315485,[],4,[],2019-06-01 19:44:58,543487007.2500627,2.894067e-17,2.4689661805709996e-21,7723599,2019-06-01 19:44:58,ltc,11.302987465573437,0.0,0.00000022,ltc,153001045.12804347,0.0,8.79228691390739e-10,96
0,[],12,[],2019-06-01 19:44:59,0.0,0,0,7723600,2019-06-01 19:44:59,btc,17.17750296048951,0.0,0,btc,9674260.04895105,0.0,0.0,96
0,[],17,[],2019-05-03 01:12:32,0.0,0,0,7559100,2019-05-03 01:12:32,btc,0.0,0.0,0,btc,0.0,0.0,0.0,96
1,[],4,[],2019-04-14 03:32:46,1039404.33283278,0.00000038,0.000000000019245518,7293458,2019-04-14 03:32:46,btc,4.170086055365747,0.0,0.00000038,btc,3097704.34561074,0.06260606,0.1859928211030784,99
1,[],4,[],2019-06-01 19:47:00,239860.34481728,0.00001587,0.000000001353890331,7723601,2019-06-01 19:47:00,btc,7.442855713146394,0.0,0.00001587,btc,158889.20277195,0.16719418,0.3282614306852561,100
0,[],2,[],2019-01-20 23:23:55,0.0,0,0,6476914,2019-01-20 23:23:55,,0.0,0.0,0,,0.0,0.0,0.0,100
1,[],22,[],2019-06-01 19:47:03,150000.0,0.00000002,0.0000000000017062259999999998,7723602,2019-06-01 19:47:03,BTC,24.83526409,0.0,0.00000002,BTC,11187.719,0.0,0.0017,101
1,[],4,[],2019-06-01 19:47:04,561909.74132346,0.00000171,0.000000000145882323,7723603,2019-06-01 19:47:04,btc,549.1887341120365,0.0,0.00000171,btc,669367.49699817,0.045408,0.2166729556393986,103
1,[],12,[],2019-06-01 19:47:07,175738218.0,0.000000003,0.0000000000002559339,7723604,2019-06-01 19:47:07,btc,2404.700293972201,0.0,0.000000003,btc,71376174.83415869,0.004487940405,0.233785548,105
0,[],27,[],2019-06-01 19:47:12,0.0,0,0,7723605,2019-06-01 19:47:12,,0.3441813,294611.0,0,btc,2515427.0,0.00294611,0.0,105
1,[],22,[],2019-04-21 00:17:26,21333.0,0.00000001,0.000000000000532493,7385819,2019-04-21 00:17:26,BTC,51.38182867,0.0,0.00000001,BTC,470435.0,0.0,0.00021333,107
1,[],26,[],2019-04-21 00:17:26,0.0,0.00000000,0,7385820,2019-04-21 00:17:26,btc,0.0,0.0,0.00000000,btc,0.0,0.0,0.0,107
1,[],5,[],2019-06-01 19:47:15,0.0,0,0,7723606,2019-06-01 19:47:15,btc,0.0,0.0,0,btc,0.0,0.0,0.0,112
0,[],22,[],2019-06-01 19:47:18,0.0,0,0,7723607,2019-06-01 19:47:18,,6.79500102,0.0,0,,3375892.0833333335,0.0,0.0,112
1,[],27,[],2019-06-01 19:47:23,1.0,0.00000001,0.0000000000008531129999999999,7723608,2019-06-01 19:47:23,btc,1.15032588,0.0,0.00000001,"btc,eth",1818.0,0.0,1e-08,112
1,[],4,[],2019-06-01 19:47:24,249384.87577546,0.00000084,0.000000000071661492,7723609,2019-06-01 19:47:24,btc,5.545589750566363,0.0,0.00000084,btc,603748.70246891,0.02528048,0.1486376945682843,113
1,[],5,[],2019-06-01 19:47:25,0.0,0,0,7723610,2019-06-01 19:47:25,btc,0.0,0.0,0,btc,0.0,0.0,0.0,113
1,[],17,[],2019-04-26 02:17:47,162738.278,0.00000004,0.0000000000021069000000000002,7461287,2019-04-26 02:17:47,btc,1.3331140273775473,0.0,0.00000004,btc,51796.221,0.0,0.00230953112,116
1,[],27,[],2019-05-22 05:13:01,210000.0,0.00000001,0.00000000000079145,7666372,2019-05-22 05:13:01,btc,3919.0005001478,0.0,0.00000001,btc,128660.871,0.0,0.0021,116
1,[],4,[],2019-05-21 22:31:11,138169.03963019,0.00000701,0.000000000558364025,7664793,2019-05-21 22:31:11,btc,150.95388250938234,0.0,0.00000701,btc,344631.17141974,0.07552974,0.4288357684941946,120
1,[],7,[],2019-05-21 22:31:12,3901.07750076,0.000010679999999999999389654892212320191902108490467071533203125,0.0000000008506887,7664794,2019-05-21 22:31:12,btc,231188.94669936574,0.0,0.000010679999999999999389654892212320191902108490467071533203125,btc,4133.83151364,0.0,0.0113888422364489,120
1,[],20,[],2019-04-07 18:42:29,1914137.0852,0.000000035,0.0000000000017871910000000002,7211992,2019-04-07 18:42:29,btc,32.2497668025648,25528.85,0.000000035,btc,1001975.4986,0.00089350975,0.0152723574729,125
1,[],22,[],2019-06-01 19:47:28,10000.0,0.00000001,0.0000000000008531129999999999,7723611,2019-06-01 19:47:28,BTC,0.032061,0.0,0.00000001,BTC,299316.7611111111,0.0,0.0001,126
1,[],4,[],2019-06-01 19:47:29,429282.48210365,0.00000820,0.00000000069955266,7723612,2019-06-01 19:47:29,btc,5.118601748945159,0.0,0.00000820,btc,185153.72406396,0.54207948,1.5408226376974465,131
0,[],2,[],2019-01-20 23:25:46,0.0,0,0,6476969,2019-01-20 23:25:46,,0.0,0.0,0,,0.0,0.0,0.0,131
1,[],17,[],2019-05-03 01:13:10,10000.0,0.00000001,0.000000000000548003,7559115,2019-05-03 01:13:10,btc,0.0953976503951408,0.0,0.00000001,btc,5037.62507334,0.0,0.0001,131
1,[],4,[],2019-06-01 19:49:30,4882.52455485,0.00010000,0.000000008531129999999999,7723613,2019-06-01 19:49:30,btc,5.032262516124612,0.0,0.00010000,btc,202.13055914,0.0,0.0067819517514195,135
1,[],3,[],2019-06-01 19:49:30,544057.22392675,0.00000001,0.000000000000853113,7723614,2019-06-01 19:49:30,btc,0.2222015482703881,1657749.79937,0.00000001,btc,1905502.4316845,0.0,0.0054405722392675,136
1,[],4,[],2019-06-01 19:49:31,2151251.73757772,0.00000182,0.000000000155266566,7723615,2019-06-01 19:49:31,btc,109.22144744405367,0.0,0.00000182,btc,531443.54076292,0.03163512,0.4908228401970367,137
1,[],12,[],2019-06-01 19:49:32,88496.44576348,0.000001769999999999999994019540816569957542014890350401401519775390625,0.000000000151001001,7723616,2019-06-01 19:49:32,btc,57.84156373219653,0.0,0.000001769999999999999994019540816569957542014890350401401519775390625,btc,50821.49064291,7.1346742e-05,0.0179623332583554,137
1,[],4,[],2019-06-01 19:49:33,101865.47880978,0.00001768,0.000000001508303784,7723617,2019-06-01 19:49:33,btc,8.694535954936544,0.0,0.00001768,btc,123462.49823916,0.23918627,0.9161589992339892,142
1,[],5,[],2019-06-01 19:49:34,0.0,0,0,7723618,2019-06-01 19:49:34,btc,0.0,0.00082125,0,btc,0.0,0.0,0.0,142
1,[],22,[],2019-06-01 19:53:38,11028.645,0.00001000,0.000000000853113,7723619,2019-06-01 19:53:38,BTC,3.27323936,0.0,0.00001000,BTC,1114.1496937357979,0.00223944,0.00745365,142
0.0,[],25,[],2019-06-01 19:53:39,0.0,0,0,7723620,2019-06-01 19:53:39,,0.0,0.0,0.0,btc,0.0,0.0,0.0,142
0,[],28,[],2019-06-01 19:54:37,0.0,0,0,7723621,2019-06-01 19:54:37,,0.0,0.0,0,,0.0,0.0,0.0,142
1,[],17,[],2019-05-03 01:13:16,32967.38636364,0.00000088,0.000000000048224264,7559122,2019-05-03 01:13:16,btc,20.06976206696776,0.0,0.00000088,btc,2746.079105,0.0,0.0105613000000032,142
1,[],20,[],2019-06-01 17:57:57,209170.4914,0.00001531,0.000000001306762085,7723250,2019-06-01 17:57:57,btc,1.6082742876273,0.0,0.00001531,btc,9872.8163,0.0,0.0205547926836,142
0,[],22,[],2019-06-01 19:54:41,0.0,0,0,7723622,2019-06-01 19:54:41,,64.98618676,0.0,0,,787024755.3,0.0,0.0,143
0,[],22,[],2019-02-25 15:42:22,0.0,0,0,6783783,2019-02-25 15:42:22,,4.2131946,0.0,0,,2322156.0,0.0,0.0,146
,[],22,[],2018-11-20 23:01:11,0.0,0,0,4862114,2018-11-20 23:01:11,,2.56807021,0.0,,,61828.4988236,0.0,0.0,147
1,[],12,[],2019-04-21 06:38:04,193091.5971266,0.00000071,0.000000000037635183,7388679,2019-04-21 06:38:04,btc,2.301232411611175,0.0,0.00000071,btc,9957.48302385,0.00023528,0.0313308199999888,148
1,[],4,[],2019-03-19 21:31:25,255810.0415942,0.00000029,0.000000000011615747,6982695,2019-03-19 21:31:25,btc,218.94922712414143,0.0,0.00000029,btc,793529.37642722,0.00117,0.0608347789473395,152
0,[],22,[],2019-03-19 21:31:27,0.0,0,0,6982696,2019-03-19 21:31:27,,0.0,0.0,0,,0.0,0.0,0.0,152
1,[],5,[],2019-04-26 09:36:59,0.0,0,0,7465040,2019-04-26 09:36:59,btc,0.0,0.0,0,btc,0.0,0.0,0.0,153
,[],16,[],2019-01-11 15:38:59,0.0,0,0,6366141,2019-01-11 15:38:59,btc,0.0,0.0,,btc,0.0,0.0,0.0,155
0,[],22,[],2019-06-01 19:54:46,0.0,0,0,7723623,2019-06-01 19:54:46,,7.44455324,0.0,0,,5955762.942592593,0.0,0.0,156
0,[],23,[],2019-01-20 23:24:29,0.0,0,0,6476932,2019-01-20 23:24:29,,0.0,0.0,0,,0.0,0.0,0.0,156
1,[],22,[],2019-06-01 19:54:49,6996.0,0.00000001,0.0000000000008531129999999999,7723624,2019-06-01 19:54:49,BTC,1.7543039,0.0,0.00000001,BTC,57.0,0.0,6.996e-05,157
0,[],22,[],2019-05-21 23:40:32,0.0,0,0,7665049,2019-05-21 23:40:32,,50234.60468402,0.0,0,,54786159.03179465,0.0,0.0,158
,[],17,[],2018-11-20 22:56:10,0.0,0,0,4861976,2018-11-20 22:56:10,btc,1.1265625,0.0,,btc,1000.0,0.0,0.0,159
,[],20,[],2018-11-20 22:56:12,0.0,0,0,4861977,2018-11-20 22:56:12,btc,11912.7940471,0.0,,btc,34413894.3617,0.0,0.0,159
1,[],12,[],2019-05-24 02:51:20,9178.522006449999,0.00000191999999999999982841307998027158276954651228152215480804443359375,0.000000000151222656,7676256,2019-05-24 02:51:20,btc,149.80414728631675,0.0,0.00000191999999999999982841307998027158276954651228152215480804443359375,btc,1115.7451448499999,0.01783167678326,0.0120075778999181,168
1,[],17,[],2019-05-03 01:13:36,42852.0,0.00000002,0.000000000001096006,7559132,2019-05-03 01:13:36,btc,0.04279856251542,0.0,0.00000002,btc,274.46171372,0.0,0.00052852,168
1,[],22,[],2019-05-17 03:01:52,10.0,0.00000001,0.000000000000778341,7642059,2019-05-17 03:01:52,BTC,41.95893009,0.0,0.00000001,BTC,1753972.7737547632,0.0,1e-07,169
1,[],22,[],2019-05-30 08:38:18,202834.0,0.00000002,0.0000000000017416160000000001,7711049,2019-05-30 08:38:18,BTC,27.87002826,0.0,0.00000002,BTC,462189.5410507793,0.0,0.00211768,171
1,[],22,[],2019-05-29 08:05:18,349870.0,0.00000002,0.000000000001705894,7705265,2019-05-29 08:05:18,BTC,24.05907723,0.0,0.00000002,"BTC,LTC",1224285.4355616204,0.0,0.0039847,173
1,[],5,[],2019-06-01 19:54:50,0.0,0,0,7723625,2019-06-01 19:54:50,btc,0.0,0.07202567,0,btc,0.0,0.0,0.0,175
1,[],22,[],2019-06-01 19:54:54,90671.0,0.00000001,0.0000000000008531129999999999,7723626,2019-06-01 19:54:54,BTC,394.35459412,0.0,0.00000001,BTC,136275.61833431243,0.0,0.00090671,176
1,[],7,[],2019-06-01 19:54:56,0.0,0,0,7723627,2019-06-01 19:54:56,btc,522272.5137934946,2548.45154845,0,btc,21477346.91829112,2.548e-05,0.0,178
0,[],22,[],2019-06-01 19:54:58,0.0,0,0,7723628,2019-06-01 19:54:58,,1.00242428,0.0,0,,57512.0,0.0,0.0,178
0,[],2,[],2019-01-20 23:28:34,0.0,0,0,6477001,2019-01-20 23:28:34,,0.0,0.0,0,,0.0,0.0,0.0,178
1,[],5,[],2019-06-01 19:55:00,0.0,0,0,7723629,2019-06-01 19:55:00,btc,0.0,0.13804685,0,btc,0.0,0.0,0.0,179
0,[],22,[],2019-06-01 19:55:04,0.0,0,0,7723630,2019-06-01 19:55:04,,5.31336687,0.0,0,,13263921.311946675,0.0,0.0,179
0,[],23,[],2019-01-20 23:25:08,0.0,0,0,6476952,2019-01-20 23:25:08,,0.0,0.0,0,,0.0,0.0,0.0,179
1,[],22,[],2019-06-01 19:57:08,682032.1315646544,0.00000107,0.00000000009128309099999999,7723631,2019-06-01 19:57:08,BTC,39.18834982,0.0,0.00000107,"BTC,LTC",144161.08376237814,0.00130684,0.58152422,180
1,[],26,[],2019-06-01 19:57:08,0.0,0,0,7723632,2019-06-01 19:57:08,,0.0,0.0,0,,0.0,0.0,0.0,180
1,[],17,[],2019-05-03 01:13:56,20504.725000000002,0.0000001,0.00000000000548003,7559141,2019-05-03 01:13:56,btc,5.2010695838400265,0.0,0.0000001,btc,5033.45945,0.0,0.0011504725,180
,[],7,[],2018-11-20 22:58:01,562227.975654,0.00000085,0.000000000036176765,4862015,2018-11-20 22:58:01,btc,21836.6059674,2491.87645172,,btc,749999.041456,0.00211021,0.127565380455,183
,[],5,[],2019-01-10 08:11:41,0.0,0,0,6347036,2019-01-10 08:11:41,btc,82.15055501,0.00261,,btc,1.19002445,0.0,0.0,187
,[],17,[],2018-11-16 20:58:10,4062536.27273,0.00000001,0.000000000000550501,4708775,2018-11-16 20:58:10,btc,3.36492563466,0.195460381006,,"btc,eth",110697919.549,0.0,0.0157628953496,187
1,[],24,[],2019-05-22 21:04:52,0.0,0.000000000014,0.0000000000000010960978,7670219,2019-05-22 21:04:52,btc,0.0,0.0,0.000000000014,btc,0.0,0.0,0.0,187
0,[],22,[],2019-04-25 02:54:07,0.0,0,0,7447896,2019-04-25 02:54:07,,7.54794454,0.0,0,,76361.7243344055,0.0,0.0,191
0,[],22,[],2019-06-01 19:57:14,0.0,0,0,7723633,2019-06-01 19:57:14,,0.0,0.0,0,,0.0,0.0,0.0,197
0,[],23,[],2019-01-20 23:31:41,0.0,0,0,6477079,2019-01-20 23:31:41,,0.0,0.0,0,,0.0,0.0,0.0,199
0,[],22,[],2019-06-01 19:57:17,0.0,0,0,7723634,2019-06-01 19:57:17,,10.92249999,0.0,0,,98728037.0,0.0,0.0,199
1,[],26,[],2019-06-01 19:57:17,0.0,0,0,7723635,2019-06-01 19:57:17,,0.0,0.0,0,,0.0,0.0,0.0,199
0,[],2,[],2019-01-20 23:30:49,0.0,0,0,6477059,2019-01-20 23:30:49,,0.0,0.0,0,,0.0,0.0,0.0,201
1,[],4,[],2019-01-25 15:51:35,2084389.58565343,0.00000936,0.000000000333526752,6499557,2019-01-25 15:51:35,btc,2.0092503037378524,0.0,0.00000936,btc,160195.80207885,0.19272417,1.242687955921835,211
1,[],7,[],2019-06-01 19:57:21,1170196356.7039578,0.00000037,0.000000000031565181,7723636,2019-06-01 19:57:21,btc,15201833.254150618,218750.660481,0.00000037,btc,6786537.40107219,0.0,11.977918348061934,212
1,[],12,[],2019-01-25 02:44:32,207462.42853209,0.000001080000000000000035831255497387193287295303889550268650054931640625,0.000000000038610756000000006,6493050,2019-01-25 02:44:32,btc,85023.03793723314,0.0,0.000001080000000000000035831255497387193287295303889550268650054931640625,btc,43675.73520027,0.000146250909087,0.0348620860622024,213
1,[],5,[],2019-05-30 00:07:46,0.0,0,0,7709357,2019-05-30 00:07:46,btc,0.0,0.06425239,0,btc,0.0,0.0,0.0,213
1,[],24,[],2019-05-30 00:07:46,0.0,0.000000399202,0.0000000000344859829346,7709358,2019-05-30 00:07:46,btc,0.0,0.0,0.000000399202,btc,0.0,0.0,0.0,213
1,[],26,[],2019-05-30 00:07:47,0.0,0.00000040,0.000000000034554919999999996,7709359,2019-05-30 00:07:47,btc,0.0,0.0,0.00000040,btc,0.0,0.0,0.0,213
0,[],22,[],2019-06-01 19:57:24,0.0,0,0,7723637,2019-06-01 19:57:24,,9.61445386,0.0,0,,3661587.094064925,0.0,0.0,216
1,[],27,[],2019-06-01 19:57:31,194550.0,0.00000001,0.0000000000008531129999999999,7723638,2019-06-01 19:57:31,btc,76.41793967917752,2000.0,0.00000001,"btc,ltc",385335.407688,2e-05,0.0019355000000013155,216
1,[],22,[],2019-06-01 19:57:35,725210.0344827586,0.00000029,0.000000000024740276999999998,7723639,2019-06-01 19:57:35,BTC,12056.47856541,0.0,0.00000029,BTC,518287.27879836375,0.00987163,0.05564642,217
1,[],7,[],2019-06-01 19:57:36,0.0,0,0,7723640,2019-06-01 19:57:36,btc,1234864.1040716618,0.0,0,btc,164001712.13147992,0.0,0.0,219
0,[],27,[],2019-06-01 19:57:53,0.0,0,0,7723641,2019-06-01 19:57:53,,261.41644782671324,0.0,0,btc,15857918.74381025,0.0,0.0,219
0,[],28,[],2019-06-01 19:58:49,0.0,0,0,7723642,2019-06-01 19:58:49,,0.0,14720.0,0,,0.0,0.0,0.0,219
1,[],22,[],2019-05-23 16:41:05,172069.0,0.00000004,0.0000000000031167080000000004,7674065,2019-05-23 16:41:05,BTC,56.76466137,0.0,0.00000004,BTC,127061.6482738741,0.0,0.00393676,221
1,[],24,[],2019-05-23 16:41:05,0.0,0.000000010000,0.0000000000007791770000000001,7674066,2019-05-23 16:41:05,btc,0.0,0.0,0.000000010000,btc,0.0,0.0,0.0,221
1,[],20,[],2019-06-01 19:58:51,10520188.5,0.000000002,0.0000000000001706226,7723643,2019-06-01 19:58:51,btc,100052.67419088971,100187.8571,0.000000002,btc,45432148.0108,0.0002003757142,0.011210053,224
0,[],22,[],2019-06-01 19:58:54,0.0,0,0,7723644,2019-06-01 19:58:54,,0.0,0.0,0,,0.0,0.0,0.0,224
1,[],26,[],2019-06-01 19:58:55,0.0,0,0,7723645,2019-06-01 19:58:55,,0.0,0.0,0,,0.0,0.0,0.0,231
1,[],26,[],2019-06-01 19:58:55,0.0,0,0,7723646,2019-06-01 19:58:55,,0.0,0.0,0,,0.0,0.0,0.0,234
0.0000000003093401,[],27,[],2019-06-01 19:59:01,100.0,3.0934010000000003e-18,2.639020607313e-22,7723647,2019-06-01 19:59:01,eth,0.01134836604,0.0,0.00000001,"btc,eth",11462.996,0.0,3.0934010000000004e-16,234
1,[],4,[],2019-05-22 17:06:12,91780.56053785,0.00000078,0.000000000061977552,7669277,2019-05-22 17:06:12,btc,5.573372450018177,0.0,0.00000078,btc,729173.93529783,0.0,0.0307060663355679,236
1,[],24,[],2019-05-22 17:06:12,0.0,0.000000010000,0.000000000000794584,7669278,2019-05-22 17:06:12,btc,0.0,0.0,0.000000010000,btc,0.0,0.0,0.0,236
1,[],5,[],2019-06-01 19:59:03,0.0,0,0,7723648,2019-06-01 19:59:03,btc,0.0,0.0895489,0,btc,0.0,0.0,0.0,237
1,[],20,[],2019-06-01 19:59:04,119487217.3209,0.000000044,0.0000000000037536972,7723649,2019-06-01 19:59:04,btc,498.7509834934622,10355982.2585,0.000000044,btc,43225289.9517,0.4522101223362,0.439311734375,237
1,[],22,[],2019-06-01 19:59:08,288100.0,0.00000003,0.0000000000025593389999999997,7723650,2019-06-01 19:59:08,BTC,1.20267422,0.0,0.00000003,"BTC,LTC",17930.94871794872,0.0,0.007541,237
1,[],4,[],2019-06-01 19:59:09,27080363.90031412,0.00000011,0.000000000009384243,7723651,2019-06-01 19:59:09,btc,2.7986901771713724,0.0,0.00000011,btc,9431458.962045,0.01292846,0.5465565029335128,238
1,[],5,[],2019-06-01 19:59:11,0.0,0,0,7723652,2019-06-01 19:59:11,btc,0.0,0.02282864,0,btc,0.0,0.0,0.0,238
0,[],22,[],2019-03-12 16:49:32,0.0,0,0,6914458,2019-03-12 16:49:32,,0.40415746,0.0,0,,526736.5639027493,0.0,0.0,249
0,[],22,[],2019-05-28 23:53:45,0.0,0,0,7703643,2019-05-28 23:53:45,,13.44714864,0.0,0,,43777534.3426455,0.0,0.0,252
0,[],28,[],2019-06-01 19:59:50,0.0,0,0,7723653,2019-06-01 19:59:50,,0.0,338310.19994233,0,,0.0,0.0,0.0,256
1,[],22,[],2019-06-01 19:59:53,1021960.0,0.00000001,0.0000000000008531129999999999,7723654,2019-06-01 19:59:53,BTC,31464.5506333,0.0,0.00000001,BTC,584951.6675322719,1.251e-05,0.0102196,258
1,[],22,[],2019-05-19 18:12:02,400.0,0.00000001,0.0000000000007957800000000001,7653905,2019-05-19 18:12:02,BTC,2.415167,0.0,0.00000001,BTC,157.0,0.0,4e-06,259
1,[],5,[],2019-06-01 19:59:55,0.0,0,0,7723655,2019-06-01 19:59:55,btc,0.0,0.09356106,0,btc,0.0,0.0,0.0,264
1,[],20,[],2019-06-01 19:59:57,958774.9756,0.000000156,0.0000000000133085628,7723656,2019-06-01 19:59:57,btc,0.9760449402595,24861.0,0.000000156,btc,51736.5911,0.01441938,0.0080337773434,264
0,[],22,[],2019-04-12 17:57:27,0.0,0,0,7278186,2019-04-12 17:57:27,,66.37522201,0.0,0,,677842.4169881374,0.0,0.0,271
0,[],22,[],2019-05-29 08:10:20,0.0,0,0,7705301,2019-05-29 08:10:20,,33050470.74998113,0.0,0,,14361377780.7,0.0,0.0,272
0,[],28,[],2019-05-29 08:10:54,0.0,0,0,7705302,2019-05-29 08:10:54,,0.0,22189957216.5758,0,,0.0,0.0,0.0,272
1,[],22,[],2019-05-23 07:12:29,219930.0,0.00000004,0.000000000003048688,7671985,2019-05-23 07:12:29,BTC,426.77835217,0.0,0.00000004,BTC,248664.3325962929,0.0,0.00739728,281
1,[],22,[],2019-06-01 20:00:03,378680.43333333335,0.00000004,0.0000000000034124519999999996,7723657,2019-06-01 20:00:03,BTC,31.6746629,0.0,0.00000004,"BTC,LTC",1540584.4569583754,4.408e-05,0.01589089,286
0,[],22,[],2019-06-01 20:00:07,0.0,0,0,7723658,2019-06-01 20:00:07,,7337904.96568486,0.0,0,,2004620112.6797826,0.0,0.0,294
