pairValue,buyBook,exchangeId,sellBook,updated,buyTotal,satoshiPrice,usdPrice,exchangeLogId,created,bestPair,sellTotalBtc,volume,pairPrice,activePairs,sellTotal,volumeBtc,buyTotalBtc,coinId
1,[],3,[],2019-02-16 08:38:37,30549.93685862972,0.01296984999999999978170794889820172102190554141998291015625,0.000000469356822755,6685760,2019-02-16 08:38:37,btc,107.07947268574006,0.66533581,0.01296984999999999978170794889820172102190554141998291015625,btc,22.448616423121003,0.0,0.1706713615224715,1
1,[],4,[],2019-02-16 08:38:37,95.34845204,0.01307156,0.000000473037534748,6685761,2019-02-16 08:38:37,btc,0.7128958486590204,0.0,0.01307156,btc,50.67168147,1.91883635,1.1592708240181238,1
1,[],5,[],2019-02-16 08:38:39,0.28661846,0.01300010,0.00000047045151883,6685762,2019-02-16 08:38:39,btc,14578.75686347,0.04389999,0.01300010,btc,35555556.26251343,0.0,2.29338129,1
1,[],10,[],2019-02-16 08:38:42,415351.82776935,0.0107303,0.00000038831131549,6685763,2019-02-16 08:38:42,btc,6526.030812827381,1068.1841821,0.0107303,btc,1120.29948775,0.0,4.766156669449343,1
1,[],12,[],2019-02-16 08:38:45,10437.18518592,0.0130200000000000003230749001659205532632768154144287109375,0.000000471171666,6685764,2019-02-16 08:38:45,btc,0.2566495376949,0.0,0.0130200000000000003230749001659205532632768154144287109375,btc,12.71655872,1.7438181734135,0.2278987121704,1
1,[],20,[],2019-02-16 08:38:47,1151.2564,0.010500212,0.0000003799848219196,6685765,2019-02-16 08:38:47,btc,0.0573537536243,0.0,0.010500212,btc,2.5253,0.0,0.0911161306007,1
1,[],21,[],2019-02-16 08:38:48,2328.27020538,0.01300615999999999924940929930,0.00000047067081992799995,6685766,2019-02-16 08:38:48,btc,29.220736295924457,2317.89575635,0.0130061599999999992494092992956211674027144908905029296875,"btc,eth",2682.38028844,26.122308013131846,22.113250033751875,1
1,[],22,[],2019-02-16 08:38:52,0.0280576,0.01350000,0.00000048854205,6685767,2019-02-16 08:38:52,BTC,0.3139634,0.0,0.01350000,BTC,0.10070366666666666,0.0,0.00036518,1
1,[],24,[],2019-02-16 08:38:53,0.0,0.000000000000,0,6685768,2019-02-16 08:38:53,btc,0.0,0.0,0.000000000000,btc,0.0,0.0,0.0,1
0.0,[],25,[],2019-02-16 08:38:53,0.0,0,0,6685769,2019-02-16 08:38:53,btc,28.215699997554037,1673.92862128,0.0,btc,2113.12599711,22.18,0.0,1
1,[],26,[],2019-02-16 08:39:03,0.0,0,0,6685770,2019-02-16 08:39:03,,0.0,0.0,0,,0.0,0.0,0.0,1
1,[],28,[],2019-02-16 08:39:06,992.968,0.01231000,0.000000445477973,6685771,2019-02-16 08:39:06,btc,0.162839806,18352.05,0.01231000,btc,8.9,0.0,0.086870176,1
0,[],2,[],2019-01-20 23:28:45,0.0,0,0,6477011,2019-01-20 23:28:45,,0.0,0.0,0,,0.0,0.0,0.0,1
1,[],5,[],2019-02-16 08:39:07,1.536e-05,0.00000066,0.000000000023884278,6685772,2019-02-16 08:39:07,btc,0.12689027,0.0254308,0.00000066,btc,6.166e-05,0.0,0.252624,2
1,[],22,[],2019-02-16 08:39:13,1198.0,0.00000017,0.000000000006152011,6685773,2019-02-16 08:39:13,BTC,2.12229306,0.0,0.00000017,"BTC,XMR",14654.709143333333,0.0,0.00088485,2
1,[],5,[],2019-02-16 08:39:14,1.29e-06,0.00000017,0.000000000006152011,6685774,2019-02-16 08:39:14,btc,4.35233186,0.01579815,0.00000017,btc,2.278e-05,0.0,3.5516561,3
1,[],12,[],2019-02-16 08:39:15,12457169.49706087,0.000000169,0.0000000000061158227,6685775,2019-02-16 08:39:15,btc,923761.8678702633,0.0,0.000000169,btc,9051428.80252126,0.16619866892897223,0.5031597117595578,3
0,[],28,[],2019-02-16 08:39:17,0.0,0,0,6685776,2019-02-16 08:39:17,,0.0,0.0,0,,0.0,0.0,0.0,3
0,[],2,[],2019-01-20 23:31:32,0.0,0,0,6477077,2019-01-20 23:31:32,,0.0,0.0,0,,0.0,0.0,0.0,4
1,[],4,[],2019-02-16 08:39:18,401187.02866668,0.00000032,0.000000000011580256,6685777,2019-02-16 08:39:18,btc,0.378388177067967,0.0,0.00000032,btc,336945.57435168,0.00068811,0.0549147039799035,4
1,[],12,[],2019-02-14 17:26:54,1405077.5219999999,0.00000004,0.000000000001441592,6666503,2019-02-14 17:26:54,btc,11113878.38315974,0.0,0.00000004,btc,1084186.13790569,0.0004039437362635,0.02355927044,5
0,[],2,[],2019-01-20 23:31:51,0.0,0,0,6477087,2019-01-20 23:31:51,,0.0,0.0,0,,0.0,0.0,0.0,6
1,[],11,[],2019-02-16 08:39:20,2041309.5,0.00000002,0.000000000000723766,6685778,2019-02-16 08:39:20,btc,9433.277580624412,280000.0,0.00000002,btc,39634964.28062851,0.0,0.032335885,6
1,[],3,[],2019-02-16 08:39:20,1093.706800929592,0.00014714999999999999889983837153550894072395749390125274658203125,0.0000000053251083449999996,6685779,2019-02-16 08:39:20,btc,27.605796873748474,0.905170040532,0.00014714999999999999889983837153550894072395749390125274658203125,btc,249.144760639695,0.0,0.03438251598794911,7
1,[],4,[],2019-02-16 08:39:21,19476.42746514,0.00023028,0.000000008333441724,6685780,2019-02-16 08:39:21,btc,2.59980053367582,0.0,0.00023028,btc,9836.47884715,8.33296581,4.015558427435903,7
1,[],5,[],2019-02-16 08:39:22,0.00762659,0.00021887,0.000000007920533221,6685781,2019-02-16 08:39:22,btc,2.77110304,0.67635992,0.00021887,btc,0.01415994,0.0,1.72268649,7
1,[],20,[],2019-02-16 07:44:21,43513291.8418,0.000000001,0.0000000000000361648,6685210,2019-02-16 07:44:21,btc,116.5827776391263,3203.0,0.000000001,btc,29035064.8892,3.203e-06,0.0435132918418,8
0,[],2,[],2019-01-20 23:22:42,0.0,0,0,6476876,2019-01-20 23:22:42,,0.0,0.0,0,,0.0,0.0,0.0,9
0,[],23,[],2019-01-20 23:22:48,0.0,0,0,6476878,2019-01-20 23:22:48,,0.0,0.0,0,,0.0,0.0,0.0,9
1,[],1,[],2019-02-16 08:39:24,2284171.46,0.000001830000000000000054831898570195658493275914224795997142791748046875,0.000000000066224589,6685782,2019-02-16 08:39:24,btc,5.7440608882,14323095.8,0.000001830000000000000054831898570195658493275914224795997142791748046875,btc,3086674.93,26.32055321,4.1170967019,9
1,[],4,[],2019-02-16 08:39:24,169921.13647683,0.00000180,0.00000000006513894,6685783,2019-02-16 08:39:24,btc,1.0647927866673346,0.0,0.00000180,btc,562947.94924239,2.51597168,0.2721872497820905,9
1,[],28,[],2019-02-16 08:39:26,43336.934,0.00000167,0.000000000060434461,6685784,2019-02-16 08:39:26,btc,2708.76484962,3564591.0,0.00000167,btc,11778.36,0.0,0.04320967978,9
1,[],4,[],2019-02-10 09:54:02,5828483.02026053,0.00000002,0.000000000000726692,6623074,2019-02-10 09:54:02,btc,0.2014004865591215,0.0,0.00000002,btc,4198675.28035349,0.00021932,0.0653957035452106,10
1,[],4,[],2019-02-16 08:39:27,873891.52324293,0.00000163,0.000000000058986929,6685785,2019-02-16 08:39:27,btc,3.2159381980077413,0.0,0.00000163,btc,1622906.77610799,17.74995162,1.3076956306360692,12
1,[],5,[],2019-02-16 08:39:28,3.296e-05,0.00000157,0.000000000056815631,6685786,2019-02-16 08:39:28,btc,0.50528861,1.1457538,0.00000157,btc,0.00012167,0.0,0.53418524,12
0,[],2,[],2019-01-20 23:23:08,0.0,0,0,6476890,2019-01-20 23:23:08,,0.0,0.0,0,,0.0,0.0,0.0,12
0.0,[],25,[],2019-02-16 08:39:29,0.0,0,0,6685787,2019-02-16 08:39:29,,0.0,0.0,0.0,btc,0.0,0.0,0.0,12
1,[],4,[],2019-02-16 08:39:30,1298833.33790007,0.00000655,0.000000000237033365,6685788,2019-02-16 08:39:30,btc,1.4508156076719072,0.0,0.00000655,btc,204739.90095078,0.48021772,1.2871762116031147,13
1,[],10,[],2019-02-16 08:39:32,453649.46096461,0.0000065,0.00000000023522395,6685789,2019-02-16 08:39:32,btc,666805.4478730115,4930.48182375,0.0000065,btc,724368.10963099,0.0,0.4181325710186187,13
1,[],21,[],2019-02-16 08:39:32,1099163.29437954,0.000006540000000000000064041653924,0.000000000236671482,6685790,2019-02-16 08:39:32,btc,7.818915249198338,352112.84102605,0.000006540000000000000064041653924373775907952222041785717010498046875,btc,1026759.51990741,2.36431844,6.753320267971389,13
1,[],4,[],2019-02-16 08:30:39,990078.1502727,0.00000139,0.000000000050338016,6685590,2019-02-16 08:30:39,btc,0.1062194888468193,0.0,0.00000139,btc,57758.35722181,0.00604578,0.4169193104910111,14
1,[],12,[],2019-02-16 08:30:40,85369.2231405,0.000001260000000000000006510091944689211373997750342823565006256103515625,0.000000000045630144,6685591,2019-02-16 08:30:40,btc,2.776332706916036,0.0,0.000001260000000000000006510091944689211373997750342823565006256103515625,btc,30213.37033352,0.00023058,0.009125080000005,14
0,[],17,[],2019-02-16 08:30:52,0.0,0,0,6685592,2019-02-16 08:30:52,btc,0.0,0.0,0,btc,0.0,0.0,0.0,14
1,[],26,[],2019-02-16 08:30:52,0.0,0.00000050,0.000000000018107200000000002,6685593,2019-02-16 08:30:52,btc,0.0,0.0,0.00000050,btc,0.0,0.0,0.0,14
0,[],4,[],2019-02-16 08:39:33,0.0,0,0,6685791,2019-02-16 08:39:33,,0.0,0.0,0,,0.0,0.0,0.0,15
,[],12,[],2018-12-01 15:15:48,204241.84496,0.00000489,0.000000000202473384,5260204,2018-12-01 15:15:48,btc,49.5475654835,0.0,,btc,35763.2193806,0.0163153972027625,0.0203389899998,15
1,[],4,[],2019-02-16 08:39:35,27152.70817648,0.00001812,0.000000000655731996,6685792,2019-02-16 08:39:35,btc,2.2248505153637037,0.0,0.00001812,btc,8015.19059785,0.00401354,0.1045933557600259,18
1,[],10,[],2019-02-16 08:39:37,796762.28910622,0.0000188,0.00000000068034004,6685793,2019-02-16 08:39:37,btc,15.530221356208065,377.40950793,0.0000188,btc,10265.93006568,0.0,0.4367170296199278,18
1,[],12,[],2019-02-16 08:39:38,204304.35552729,0.00001773999999999999955722050637429987318682833574712276458740234375,0.000000000641980442,6685794,2019-02-16 08:39:38,btc,22.612034905243554,0.0,0.00001773999999999999955722050637429987318682833574712276458740234375,btc,1866.95417713,0.00235723112,0.033894913796957096,18
0,[],2,[],2019-01-20 23:23:38,0.0,0,0,6476906,2019-01-20 23:23:38,,0.0,0.0,0,,0.0,0.0,0.0,18
0,[],17,[],2019-02-16 08:30:59,0.0,0,0,6685598,2019-02-16 08:30:59,btc,0.0,0.0,0,btc,0.0,0.0,0.0,18
1,[],3,[],2019-02-16 08:39:39,123937.55339807816,0.00002619000000000000166300133386254600509346346370875835418701171875,0.000000000947771577,6685795,2019-02-16 08:39:39,btc,0.5344230771387748,570.548171692,0.00002619000000000000166300133386254600509346346370875835418701171875,btc,5588.995123512506,0.0,0.16198370409678625,19
1,[],4,[],2019-02-16 08:39:40,336189.95154053,0.00002699,0.000000000976722217,6685796,2019-02-16 08:39:40,btc,0.245176898286652,0.0,0.00002699,btc,8438.69297151,0.21867124,2.0136728803567516,19
1,[],5,[],2019-02-16 08:39:42,0.00017408,0.00002404,0.000000000869966732,6685797,2019-02-16 08:39:42,btc,0.25309341,0.0,0.00002404,btc,0.00302213,0.0,0.06440636,19
1,[],12,[],2019-02-16 08:39:43,134817.6354573,0.0000230700000000000010418575724369105728328577242791652679443359375,0.0000000008348640810000001,6685798,2019-02-16 08:39:43,btc,0.028871196781354802,0.0,0.0000230700000000000010418575724369105728328577242791652679443359375,btc,289.66393647,7.252e-05,0.032840079999910995,19
0,[],27,[],2019-02-16 08:39:47,0.0,0,0,6685799,2019-02-16 08:39:47,,0.0,0.0,0,btc,0.0,0.0,0.0,19
0,[],2,[],2019-01-20 23:24:19,0.0,0,0,6476924,2019-01-20 23:24:19,,0.0,0.0,0,,0.0,0.0,0.0,19
1,[],4,[],2019-02-16 08:39:49,8105964.88270166,0.00000014,0.000000000005066362,6685800,2019-02-16 08:39:49,btc,0.7558970284397353,0.0,0.00000014,btc,1585963.29804811,0.001,0.2633208437753649,20
1,[],4,[],2019-02-16 08:39:50,112204141.0629021,0.00000002,0.000000000000723766,6685801,2019-02-16 08:39:50,btc,0.4197290963908996,0.0,0.00000002,btc,12405492.93946572,0.004,1.2819232651386825,21
1,[],12,[],2019-02-16 08:39:51,17377041.0,0.00000002,0.000000000000723766,6685802,2019-02-16 08:39:51,btc,669.7055249917195,0.0,0.00000002,btc,8580966.269732941,1.26173826174e-05,0.2197811,21
0,[],17,[],2019-02-16 08:40:03,0.0,0,0,6685803,2019-02-16 08:40:03,btc,0.0,0.0,0,btc,0.0,0.0,0.0,21
1,[],12,[],2019-02-16 08:40:04,2650516112.043896,0.0000000002,0.000000000000007237660000000001,6685804,2019-02-16 08:40:04,btc,880864731163.6261,0.0,0.0000000002,btc,4221043956.3441076,0.0558331611948301,0.2791952408555898,23
0,[],27,[],2019-02-16 08:40:08,0.0,0,0,6685805,2019-02-16 08:40:08,,0.7926241565934115,0.0,0,eth,864162.85514486,0.0,0.0,23
1,[],4,[],2019-02-16 08:40:09,374986.93308962,0.00000067,0.000000000024246161,6685806,2019-02-16 08:40:09,btc,0.1598514590132187,0.0,0.00000067,btc,163546.02867072,0.00319179,0.1904378735102057,24
1,[],22,[],2019-02-16 08:40:12,11.76,0.00000100,0.0000000000361883,6685807,2019-02-16 08:40:12,BTC,7.415e-05,0.0,0.00000100,BTC,23.919354838709676,0.0,1.176e-05,24
0.0,[],25,[],2019-02-16 08:40:14,0.0,0,0,6685808,2019-02-16 08:40:14,,0.0,0.0,0.0,btc,0.0,0.0,0.0,24
1,[],4,[],2019-02-16 08:40:16,26881564.73820968,0.00000601,0.000000000217491683,6685809,2019-02-16 08:40:16,btc,0.4057221328230285,0.0,0.00000601,btc,42333.3318116,0.06021784,0.4321035932458159,26
1,[],10,[],2019-02-16 08:40:18,733314.39724698,0.0000054,0.00000000019541682,6685810,2019-02-16 08:40:18,btc,25.927294129890537,1472.76013581,0.0000054,btc,14351.41452713,0.0,0.2154503992385128,26
0,[],2,[],2019-01-20 23:25:56,0.0,0,0,6476976,2019-01-20 23:25:56,,0.0,0.0,0,,0.0,0.0,0.0,26
1,[],3,[],2019-02-16 08:40:19,5800007.95913569,0.00000001,0.000000000000361883,6685811,2019-02-16 08:40:19,btc,2.6998142562093017,0.0,0.00000001,btc,17268102.61059958,0.0,0.0580000795913569,27
1,[],5,[],2019-02-16 08:40:21,1e-08,0.00000001,0.000000000000361883,6685812,2019-02-16 08:40:21,btc,1.5981049,0.00026007,0.00000001,btc,4.345e-05,0.0,0.09876515,27
1,[],11,[],2019-02-16 08:40:23,10063976.7912115,0.00000005,0.000000000001809415,6685813,2019-02-16 08:40:23,btc,370.6338278222541,8080.0,0.00000005,btc,8170874.5693934,0.0,0.4660996184459823,27
1,[],4,[],2019-02-16 08:40:24,571420721.9727247,0.00000002,0.000000000000723766,6685814,2019-02-16 08:40:24,btc,0.2386917984364779,0.0,0.00000002,"btc,ltc",22979510.76772665,0.47535859,8.216046574307367,29
1,[],7,[],2019-02-16 08:40:26,28336885.63491832,0.00000002,0.000000000000723766,6685815,2019-02-16 08:40:26,btc,44465228.21935608,560586.040678,0.00000002,btc,55770094.15196605,0.01121522,0.41189078825014075,29
1,[],4,[],2019-02-16 08:40:27,1468172.84838585,0.00000025,0.000000000009047075,6685816,2019-02-16 08:40:27,btc,0.1567825841042386,0.0,0.00000025,btc,386613.98124828,0.06217073,0.098857479103553,30
0,[],17,[],2019-02-16 08:31:46,0.0,0,0,6685621,2019-02-16 08:31:46,btc,0.0,0.0,0,btc,0.0,0.0,0.0,30
1,[],4,[],2019-02-16 08:40:38,1132422.5712265,0.00006303,0.000000002280948549,6685817,2019-02-16 08:40:38,btc,0.9474645637497401,0.0,0.00006303,btc,12475.36874531,5.00156857,1.8680411656165414,31
1,[],21,[],2019-02-16 08:40:40,77921.00678614,0.00006250000000000000130104260698,0.00000000226176875,6685818,2019-02-16 08:40:40,btc,1.719999170788185,342956.00569603,0.0000625000000000000013010426069826053208089433610439300537109375,btc,25368.22326154,22.57539754,4.361000718591474,31
0,[],2,[],2019-01-20 23:28:43,0.0,0,0,6477009,2019-01-20 23:28:43,,0.0,0.0,0,,0.0,0.0,0.0,32
1,[],4,[],2019-02-16 08:40:41,150770028.6389777,0.00000005,0.000000000001809415,6685819,2019-02-16 08:40:41,btc,2.2455385191874253,0.0,0.00000005,"btc,ltc",47086882.00042864,0.58234071,2.7146417700873844,33
1,[],12,[],2019-02-16 08:40:42,14830349.952,0.00000005,0.000000000001809415,6685820,2019-02-16 08:40:42,btc,34509942.620287076,0.0,0.00000005,btc,88947863.2907091,0.017579806963037,0.4815503976,33
1,[],4,[],2019-02-16 08:40:43,134788586.19963935,0.00000001,0.000000000000361883,6685821,2019-02-16 08:40:43,btc,1.0395706093228032,0.0,0.00000001,btc,41854948.25732942,0.00738478,1.3478858619963936,34
1,[],5,[],2019-02-16 08:40:44,1e-08,0.00000001,0.000000000000361883,6685822,2019-02-16 08:40:44,btc,5.07977023,0.00109166,0.00000001,btc,1.343e-05,0.0,0.85475648,34
0,[],17,[],2019-02-16 07:34:56,0.0,0,0,6685050,2019-02-16 07:34:56,btc,0.14155809874181602,0.0,0,btc,10796613.27743647,0.0,0.0,36
0.0000000001204999,[],4,[],2019-02-16 08:40:44,1035702932.9048984,2.409998e-18,8.72137306234e-23,6685823,2019-02-16 08:40:44,ltc,1.1280008228305462e-08,0.0,0.00000002,ltc,2242745349.7122407,0.0,1.8427190767177765e-09,36
1,[],5,[],2019-02-16 08:40:47,0.0,0,0,6685824,2019-02-16 08:40:47,btc,197.5385685,0.0,0,btc,1.325e-05,0.0,0.0,36
0.0000000003386971,[],27,[],2019-02-16 08:40:53,7.0,3.3869709999999997e-18,1.225687226393e-22,6685825,2019-02-16 08:40:53,eth,230.00791353271,0.0,0.00000001,"ltc,eth",3710919.3029,0.0,2.3708796999999998e-17,36
1,[],17,[],2019-02-16 07:35:04,1752.74075282,0.00000025,0.000000000009041749999999999,6685054,2019-02-16 07:35:04,btc,0.05548492398261954,0.0,0.00000025,btc,1387.19918473,0.0,0.00043818518820499993,37
1,[],4,[],2019-02-16 08:40:53,415618.93759658,0.00000090,0.00000000003256947,6685826,2019-02-16 08:40:53,btc,0.5402230554578832,0.0,0.00000090,btc,416268.47617244,0.05970264,0.201902361183533,37
1,[],12,[],2019-02-16 08:40:54,326139.44458801,0.00000095,0.000000000034378885,6685827,2019-02-16 08:40:54,btc,1364.1790437796392,0.0,0.00000095,btc,836794.27911941,0.262047743083338,0.0588835250000095,37
1,[],27,[],2019-02-16 08:41:09,15952.0,0.00000052,0.000000000018817916,6685828,2019-02-16 08:41:09,btc,26.70753703686233,0.0,0.00000052,btc,6829.81438508,0.0,0.00545422,37
1,[],5,[],2019-02-16 08:41:11,1.474e-05,0.00000096,0.000000000034740768,6685829,2019-02-16 08:41:11,btc,0.09554793,0.00028157,0.00000096,btc,9.569e-05,0.0,0.0405173,42
1,[],12,[],2019-02-16 08:41:12,125042.82758621,0.0000009,0.00000000003256947,6685830,2019-02-16 08:41:12,btc,92.91503483633035,0.0,0.0000009,btc,93552.69878571,0.0058971990010088,0.0430536664367846,42
0,[],27,[],2019-02-16 08:41:17,0.0,0,0,6685831,2019-02-16 08:41:17,,0.00315028,0.0,0,"btc,eth",11.007,0.0,0.0,42
1,[],5,[],2019-02-16 08:41:18,3e-08,0.00000002,0.000000000000723766,6685832,2019-02-16 08:41:18,btc,5.85705585,0.03726432,0.00000002,btc,1.375e-05,0.0,0.58453491,43
1,[],12,[],2019-02-16 08:41:19,4101545.0,0.00000001,0.000000000000361883,6685833,2019-02-16 08:41:19,btc,20007457.49271481,0.0,0.00000001,btc,38975741.48291704,1.998001998e-07,0.04101545,43
0,[],17,[],2019-02-16 08:32:26,0.0,0,0,6685639,2019-02-16 08:32:26,btc,0.0,0.0,0,btc,0.0,0.0,0.0,43
1,[],12,[],2019-02-16 08:41:21,697012.0,0.00000005,0.000000000001809415,6685834,2019-02-16 08:41:21,btc,11115166.704810422,0.0,0.00000005,btc,1033538.31470526,0.0004495083005003,0.01810515,44
1,[],4,[],2019-02-16 08:41:22,225422430.1703339,0.00000002,0.000000000000723766,6685835,2019-02-16 08:41:22,btc,0.188621806926755,0.0,0.00000002,"btc,ltc",4553724.85245401,0.00103821,0.429571932636459,49
0,[],4,[],2019-02-16 08:41:23,0.0,0,0,6685836,2019-02-16 08:41:23,,4.645173508347408,0.0,0,,3671342430.019857,0.0,0.0,52
0,[],22,[],2019-02-16 08:41:25,0.0,0,0,6685837,2019-02-16 08:41:25,,8108.82536305,0.0,0,,262751443.67882353,0.0,0.0,57
0,[],27,[],2019-02-16 08:41:30,0.0,0,0,6685838,2019-02-16 08:41:30,,0.0,0.0,0,"btc,eth",0.0,0.0,0.0,57
0.0000000001204999,[],4,[],2019-02-16 08:41:31,1029232642.6086639,4.819996e-18,1.744274612468e-22,6685839,2019-02-16 08:41:31,ltc,3.272209002620459,0.0,0.00000004,ltc,908173539.4937671,0.0,2.8843682137566984e-09,58
1,[],12,[],2019-02-16 08:41:32,1752755324.843957,0.0000000005,0.000000000000018094150000000002,6685840,2019-02-16 08:41:32,btc,724045491693.9196,0.0,0.0000000005,btc,3721554339.358657,0.06007480865461897,0.5914370487011391,58
0,[],17,[],2019-02-16 08:41:35,0.0,0,0,6685841,2019-02-16 08:41:35,btc,1e+24,0.0,0,btc,41401875.8285055,0.0,0.0,58
0.00000000012959679999999999,[],22,[],2019-02-16 08:41:38,137438.0,1.295968e-18,4.68988787744e-23,6685842,2019-02-16 08:41:38,XMR,69.8835922,0.0,0.00000001,XMR,9887963.0,0.0,0.00137438,58
1,[],5,[],2019-02-16 08:41:39,3.01e-06,0.00000048,0.000000000017370384,6685843,2019-02-16 08:41:39,btc,0.2531667,0.05707992,0.00000048,btc,9.77e-05,0.0,0.06700407,61
1,[],22,[],2019-02-16 08:41:43,5149.5,0.00000011,0.000000000003980713,6685844,2019-02-16 08:41:43,BTC,1002.29598212,0.0,0.00000011,BTC,14957.700278135757,0.0,0.00051596,61
1,[],26,[],2019-02-16 08:41:44,0.0,0.00000800,0.0000000002895064,6685845,2019-02-16 08:41:44,btc,0.0,0.0,0.00000800,btc,0.0,0.0,0.0,61
1,[],27,[],2019-02-16 08:41:49,18353.8823,0.00000034,0.000000000012304022,6685846,2019-02-16 08:41:49,btc,2.272203662692619,0.0,0.00000034,"btc,eth",14544.09679279,0.0,0.0004563899836934855,61
1,[],28,[],2019-02-16 08:41:54,19894.304,0.00000091,0.000000000032931353,6685847,2019-02-16 08:41:54,btc,2.056360193700105,839.0,0.00000091,btc,9767.52450005,0.0,0.00993521304,61
1,[],4,[],2019-02-16 07:36:07,538661.36394975,0.00000336,0.00000000012152111999999998,6685075,2019-02-16 07:36:07,btc,1.4322525602154077,0.0,0.00000336,btc,340739.02534462,0.46136532,1.2168992988363376,67
0.0,[],25,[],2019-02-16 07:36:08,0.0,0,0,6685076,2019-02-16 07:36:08,,0.0,0.0,0.0,btc,0.0,0.0,0.0,67
1,[],12,[],2019-02-16 08:33:06,3419525.66904669,0.00000015,0.00000000000543216,6685653,2019-02-16 08:33:06,btc,11115996.403609121,0.0,0.00000015,btc,1937417.95355413,0.0112624430892659,0.1279828758528769,71
,[],5,[],2018-11-20 23:02:39,1.5e-07,0.00000005,0.000000000002128045,4862160,2018-11-20 23:02:39,btc,2.84511358,0.0,,btc,0.00036572,0.0,0.07381892,74
1,[],5,[],2019-02-16 08:41:56,3.049e-05,0.00000156,0.000000000056453748,6685848,2019-02-16 08:41:56,btc,1.5424315,0.0,0.00000156,btc,0.00016981,0.0,0.30484564,75
1,[],4,[],2019-02-16 08:41:57,29738604.75692337,0.00000001,0.000000000000361883,6685849,2019-02-16 08:41:57,btc,0.8487978482018892,0.0,0.00000001,btc,15391342.79181637,0.0146539,0.2973860475692337,81
0,[],20,[],2019-01-25 09:30:31,0.0,0,0,6495923,2019-01-25 09:30:31,btc,0.0,0.0,0,btc,0.0,0.0,0.0,81
1,[],4,[],2019-02-16 08:41:59,23333.88657973,0.00007500,0.0000000027141225,6685850,2019-02-16 08:41:59,btc,1.3394446591915634,0.0,0.00007500,btc,11481.40282409,0.07230393,0.056343007451736,82
1,[],21,[],2019-02-16 08:42:00,137457.40609218,0.00007991999999999999375766696064,0.0000000028921689359999996,6685851,2019-02-16 08:42:00,btc,2.977202003274038,4255.66228837,0.000079919999999999993757666960636498743042466230690479278564453125,btc,33032.30726885,0.3371907,2.3551268344787446,82
0,[],17,[],2019-02-16 07:57:17,0.0,0,0,6685463,2019-02-16 07:57:17,btc,0.0447233088476774,0.0,0,btc,999127.19588126,0.0,0.0,84
0.0000000001204999,[],4,[],2019-02-16 08:42:01,153536170.71431544,8.434993e-18,3.052480571819e-22,6685852,2019-02-16 08:42:01,ltc,0.19569063271240278,0.0,0.00000007,ltc,103123284.2674798,0.0,7.31646024872603e-10,85
,[],22,[],2018-11-20 23:09:34,3408.1,0.0000001,0.0000000000041895,4862324,2018-11-20 23:09:34,BTC,0.04624735,0.0,,BTC,4990.0,0.0,0.00033081,86
0,[],22,[],2019-02-16 08:44:03,0.0,0,0,6685853,2019-02-16 08:44:03,,2.0760781,0.0,0,,140622.94736842104,0.0,0.0,87
0,[],27,[],2019-02-16 08:44:09,0.0,0,0,6685854,2019-02-16 08:44:09,,0.0,0.0,0,btc,0.0,0.0,0.0,87
,[],2,[],2018-11-20 23:10:47,0.0,0,0,4862359,2018-11-20 23:10:47,,0.0,0.0,,,0.0,0.0,0.0,88
1,[],11,[],2019-02-16 08:44:11,96133.22031644,0.0001431000000000000088769269712685172635246999561786651611328125,0.000000005178545730000001,6685855,2019-02-16 08:44:11,btc,609.4015237643104,155.7,0.0001431000000000000088769269712685172635246999561786651611328125,btc,90933.72831237,0.0,6.4568492055645414,89
0,[],2,[],2019-01-20 23:31:45,0.0,0,0,6477083,2019-01-20 23:31:45,,0.0,0.0,0,,0.0,0.0,0.0,91
1,[],12,[],2019-02-16 08:44:13,437268.07032153,0.00000206000000000000018206681821897330308956952649168670177459716796875,0.000000000074547898,6685856,2019-02-16 08:44:13,btc,4.1753436171423575,0.0,0.00000206000000000000018206681821897330308956952649168670177459716796875,btc,46802.07623039,0.0007295358257456,0.0608713966729665,91
0,[],17,[],2019-02-16 08:44:15,0.0,0,0,6685857,2019-02-16 08:44:15,btc,0.0,0.0,0,btc,0.0,0.0,0.0,91
0.0000000001204999,[],22,[],2019-02-16 08:44:19,4525000.0,4.819996e-18,1.744274612468e-22,6685858,2019-02-16 08:44:19,LTC,8.12129807,0.0,0.00000004,LTC,66745238.1,0.0,0.14575,95
0.0000000001204999,[],4,[],2019-02-16 08:44:20,135477733.32021454,9.2784923e-17,3.3577286290009003e-21,6685859,2019-02-16 08:44:20,ltc,0.5964047184249562,0.0,0.00000077,ltc,35547549.41060295,0.0,1.1293297406820114e-09,96
1,[],12,[],2019-02-16 08:44:22,309939.0,0.00000001,0.000000000000361883,6685860,2019-02-16 08:44:22,btc,255052.49768129003,0.0,0.00000001,btc,8744229.55375598,0.0020825098601398,0.00309939,96
0,[],17,[],2019-02-16 08:44:23,0.0,0,0,6685861,2019-02-16 08:44:23,btc,0.0,0.0,0,btc,0.0,0.0,0.0,96
1,[],4,[],2019-02-16 08:44:24,1728008.8407689,0.00000034,0.000000000012304022,6685862,2019-02-16 08:44:24,btc,0.2213076686512105,0.0,0.00000034,btc,479020.40453429,0.02081512,0.1983227013923274,99
0,[],2,[],2019-01-20 23:23:55,0.0,0,0,6476914,2019-01-20 23:23:55,,0.0,0.0,0,,0.0,0.0,0.0,100
1,[],4,[],2019-02-16 08:44:25,211361.8118478,0.00004045,0.000000001463816735,6685863,2019-02-16 08:44:25,btc,1.2074839588149624,0.0,0.00004045,btc,26829.64054612,0.69210646,1.7878986011146096,100
1,[],22,[],2019-02-16 08:44:29,50000.0,0.00000001,0.000000000000361883,6685864,2019-02-16 08:44:29,BTC,23.49896609,0.0,0.00000001,BTC,10277.22,0.0,0.0005,101
1,[],4,[],2019-02-16 08:44:30,312594.20421096,0.00000093,0.000000000033655119,6685865,2019-02-16 08:44:30,btc,0.424568071324793,0.0,0.00000093,btc,170049.0466432,0.01354529,0.154220454893274,103
1,[],12,[],2019-02-16 08:44:33,43851817.9183887,0.000000017,0.0000000000006152011,6685866,2019-02-16 08:44:33,btc,137278887.44821018,0.0,0.000000017,btc,123534198.58645469,0.05432936640044498,0.17612941314621922,105
1,[],27,[],2019-02-16 08:44:37,3997411.89,0.00000001,0.000000000000361883,6685867,2019-02-16 08:44:37,btc,0.2584456013692299,16421.0,0.00000001,btc,307023.47860553,0.00016421,0.0399741189,105
0,[],22,[],2019-02-16 08:44:41,0.0,0,0,6685868,2019-02-16 08:44:41,,51.10825004,0.0,0,,468935.0,0.0,0.0,107
1,[],26,[],2019-02-16 08:44:41,0.0,0.00000000,0,6685869,2019-02-16 08:44:41,btc,0.0,0.0,0.00000000,btc,0.0,0.0,0.0,107
1,[],5,[],2019-02-16 08:44:43,1e-08,0.00000001,0.000000000000361883,6685870,2019-02-16 08:44:43,btc,2.89809852,1.446e-05,0.00000001,btc,1.571e-05,0.0,0.08578606,112
1,[],22,[],2019-02-16 08:44:47,167093.0,0.00000001,0.000000000000361883,6685871,2019-02-16 08:44:47,BTC,2.81183288,0.0,0.00000001,BTC,808524.0833333334,0.0,0.00167093,112
0,[],27,[],2019-02-16 08:44:51,0.0,0,0,6685872,2019-02-16 08:44:51,,1.35132491849924,0.0,0,"btc,eth",1328.641654,0.0,0.0,112
1,[],4,[],2019-02-16 08:44:53,454347.60327584,0.00000340,0.00000000012304022,6685873,2019-02-16 08:44:53,btc,0.3306340134422054,0.0,0.00000340,btc,71746.13725651,0.47702232,0.1832471324172956,113
1,[],5,[],2019-02-16 08:44:54,1.292e-05,0.00000303,0.000000000109650549,6685874,2019-02-16 08:44:54,btc,2.3116968,0.02042109,0.00000303,btc,0.00346846,0.0,0.21499655,113
1,[],17,[],2019-02-16 08:45:07,152738.278,0.00000004,0.000000000001447532,6685875,2019-02-16 08:45:07,btc,1.33680302678,0.0,0.00000004,btc,50696.221,0.0,0.0022095311199999998,116
0,[],27,[],2019-02-16 08:45:13,0.0,0,0,6685876,2019-02-16 08:45:13,,0.0,0.0,0,btc,0.0,0.0,0.0,116
1,[],4,[],2019-02-16 08:45:15,21789.05320591,0.00003203,0.000000001159111249,6685877,2019-02-16 08:45:15,btc,0.693902721480421,0.0,0.00003203,btc,19649.56617103,5.25073042,0.5681096353202671,120
1,[],7,[],2019-02-16 08:45:16,18654.34549679,0.0000353899999999999982820686472706483982619829475879669189453125,0.0000000012807039369999999,6685878,2019-02-16 08:45:16,btc,115647.18291047527,344.7000659,0.0000353899999999999982820686472706483982619829475879669189453125,btc,29279.43835664,0.01084677,0.0799795299775462,120
1,[],20,[],2019-02-16 08:45:19,1091567.9666,0.000000015,0.0000000000005428245,6685879,2019-02-16 08:45:19,btc,31.5529793801051,2860.7,0.000000015,btc,1168796.9594,4.29105e-05,0.0052152547171,125
1,[],22,[],2019-02-16 08:45:24,3053.0,0.00000001,0.000000000000361883,6685880,2019-02-16 08:45:24,BTC,0.01444889,0.0,0.00000001,BTC,296264.5111111111,0.0,3.053e-05,126
0,[],2,[],2019-01-20 23:25:46,0.0,0,0,6476969,2019-01-20 23:25:46,,0.0,0.0,0,,0.0,0.0,0.0,131
1,[],4,[],2019-02-16 08:45:25,123512.10474004,0.00001920,0.00000000069481536,6685881,2019-02-16 08:45:25,btc,0.9105090854858106,0.0,0.00001920,btc,34579.03613283,1.07311439,1.010560701785455,131
0,[],17,[],2019-02-16 08:34:29,0.0,0,0,6685686,2019-02-16 08:34:29,btc,0.0009561751951600001,0.0,0,btc,35.42829368,0.0,0.0,131
1,[],4,[],2019-02-16 08:45:37,4551.75049108,0.00016404,0.000000005936328732,6685882,2019-02-16 08:45:37,btc,1.6421815711089056,0.0,0.00016404,btc,308.40189166,0.00047028,0.0081117680407716,135
1,[],3,[],2019-02-16 08:45:38,1762573.20571841,0.00000005,0.000000000001809415,6685883,2019-02-16 08:45:38,btc,0.12130838798459699,4019.0,0.00000005,btc,412754.65066186996,0.0,0.064474815113701,136
1,[],4,[],2019-02-16 08:45:38,76786.45410112,0.00000176,0.000000000063691408,6685884,2019-02-16 08:45:38,btc,0.1234771998008853,0.0,0.00000176,btc,57035.09916566,0.12150947,0.0959764808024794,137
1,[],12,[],2019-02-16 08:45:39,333233.50229752,0.00000163000000000000006388227620501840675615312648005783557891845703125,0.000000000058986929,6685885,2019-02-16 08:45:39,btc,11982.946554791824,0.0,0.00000163000000000000006388227620501840675615312648005783557891845703125,btc,158174.95783346,0.035265234286153,0.08561398999997019,137
1,[],4,[],2019-02-16 08:45:41,524341.91982254,0.00005001,0.000000001809776883,6685886,2019-02-16 08:45:41,btc,0.8181608202698312,0.0,0.00005001,btc,11575.90901867,1.26283235,0.619376103790036,142
1,[],5,[],2019-02-16 08:45:43,0.00164165,0.00005070,0.00000000183474681,6685887,2019-02-16 08:45:43,btc,1.3277739,1.77355868,0.00005070,btc,0.00340908,0.0,1.03651168,142
1,[],17,[],2019-02-16 08:45:55,22967.386363640002,0.00000088,0.000000000031845704,6685888,2019-02-16 08:45:55,btc,20.0699133484,0.0,0.00000088,btc,405.079105,0.0,0.0104613000000032,142
1,[],20,[],2019-02-16 08:45:57,133808.0696,0.000036852,0.0000000013336112316,6685889,2019-02-16 08:45:57,btc,0.320548624514,4103.6455,0.000036852,btc,2774.3309,0.3147300715486,0.2495393199216,142
1,[],22,[],2019-02-16 08:46:00,1610.354305200341,0.00003220,0.00000000116526326,6685890,2019-02-16 08:46:00,BTC,3.00917232,0.0,0.00003220,BTC,917.9383601288407,0.0,0.0019657,142
0.0,[],25,[],2019-02-16 08:46:03,0.0,0,0,6685891,2019-02-16 08:46:03,,0.0,0.0,0.0,btc,0.0,0.0,0.0,142
1,[],28,[],2019-02-16 08:46:05,77743.0,0.00004500,0.0000000016284735,6685892,2019-02-16 08:46:05,btc,0.057261322,1840.0,0.00004500,btc,356.4989,0.0,0.0519372,142
0,[],22,[],2019-02-16 08:46:08,0.0,0,0,6685893,2019-02-16 08:46:08,,67.4285069,0.0,0,,834770972.3,0.0,0.0,143
1,[],21,[],2019-02-16 08:46:09,33905811.08637868,0.00000028,0.000000000010132724,6685894,2019-02-16 08:46:09,btc,41.50884039591556,2566381.18441231,0.00000028,btc,83642440.56389882,0.72022878,5.162546632770624,145
0,[],22,[],2019-02-16 08:46:12,0.0,0,0,6685895,2019-02-16 08:46:12,,4.24982284,0.0,0,,1814156.0,0.0,0.0,146
,[],22,[],2018-11-20 23:01:11,0.0,0,0,4862114,2018-11-20 23:01:11,,2.56807021,0.0,,,61828.4988236,0.0,0.0,147
1,[],12,[],2019-02-16 08:35:06,8678932.86278881,0.000003019999999999999884515121395534009707262157462537288665771484375,0.000000000109367488,6685700,2019-02-16 08:35:06,btc,16.58383348735215,0.0,0.000003019999999999999884515121395534009707262157462537288665771484375,btc,122512.67148634,0.0004352465734165,0.1083146199999963,148
1,[],4,[],2019-02-16 08:46:14,222965.34350517,0.00000034,0.000000000012304022,6685896,2019-02-16 08:46:14,btc,0.7781139234348071,0.0,0.00000034,btc,591509.73179959,0.0,0.054715779108023,152
0,[],22,[],2019-02-16 08:46:17,0.0,0,0,6685897,2019-02-16 08:46:17,,0.0,0.0,0,,0.0,0.0,0.0,152
1,[],5,[],2019-02-16 08:46:18,0.0,0,0,6685898,2019-02-16 08:46:18,btc,10.61570492,0.0,0,btc,0.00092785,0.0,0.0,153
,[],16,[],2019-01-11 15:38:59,0.0,0,0,6366141,2019-01-11 15:38:59,btc,0.0,0.0,,btc,0.0,0.0,0.0,155
0,[],23,[],2019-01-20 23:24:29,0.0,0,0,6476932,2019-01-20 23:24:29,,0.0,0.0,0,,0.0,0.0,0.0,156
0,[],22,[],2019-02-16 08:46:23,0.0,0,0,6685899,2019-02-16 08:46:23,,6.74608761,0.0,0,,4644402.242592593,0.0,0.0,156
1,[],22,[],2019-02-16 08:46:36,7063.8,0.00005300,0.0000000019179799,6685900,2019-02-16 08:46:36,BTC,43.78801181,0.0,0.00005300,BTC,1067.5805334758436,0.0,0.00104326,157
0,[],22,[],2019-02-16 08:46:39,0.0,0,0,6685901,2019-02-16 08:46:39,,50175.68008609,0.0,0,,54479136.04179466,0.0,0.0,158
,[],17,[],2018-11-20 22:56:10,0.0,0,0,4861976,2018-11-20 22:56:10,btc,1.1265625,0.0,,btc,1000.0,0.0,0.0,159
,[],20,[],2018-11-20 22:56:12,0.0,0,0,4861977,2018-11-20 22:56:12,btc,11912.7940471,0.0,,btc,34413894.3617,0.0,0.0,159
1,[],17,[],2019-02-16 08:35:28,29784.95,0.000001,0.0000000000362144,6685708,2019-02-16 08:35:28,btc,0.03026736251542,0.0,0.000001,btc,144.46171372,0.0,0.00716147,168
1,[],12,[],2019-02-16 08:46:41,178342.04130872,0.0000069999999999999998949950195947788955663781962357461452484130859375,0.00000000025331809999999997,6685902,2019-02-16 08:46:41,btc,6.659365989676387,0.0,0.0000069999999999999998949950195947788955663781962357461452484130859375,btc,14755.10974252,0.0067802811074309,0.08029917859327369,168
0,[],22,[],2019-02-16 08:46:46,0.0,0,0,6685903,2019-02-16 08:46:46,,1.14776715,0.0,0,,721548.0900917595,0.0,0.0,169
1,[],22,[],2019-02-16 08:46:49,226551.0,0.0000002,0.00000000000723766,6685904,2019-02-16 08:46:49,BTC,11.32505976,0.0,0.0000002,BTC,116787.38221127313,0.000681,0.02081536,171
1,[],22,[],2019-02-16 08:46:53,218688.41176470587,0.00000017,0.000000000006152011,6685905,2019-02-16 08:46:53,BTC,2.65898802,0.0,0.00000017,BTC,260609.2459258707,4.005e-05,0.01631019,173
1,[],5,[],2019-02-16 08:46:55,2.257e-05,0.00000189,0.000000000068395887,6685906,2019-02-16 08:46:55,btc,0.25086452,0.00649121,0.00000189,btc,0.00023306,0.0,0.29568363,175
1,[],22,[],2019-02-16 08:46:59,15500.0,0.00000016,0.000000000005790128,6685907,2019-02-16 08:46:59,BTC,0.56869807,0.0,0.00000016,BTC,169593.47031396697,0.000126,0.0021,176
1,[],7,[],2019-02-16 08:35:53,0.0,0,0,6685714,2019-02-16 08:35:53,btc,410974.96017899347,0.0,0,btc,115545110.28145695,0.0,0.0,178
0,[],22,[],2019-02-16 08:35:55,0.0,0,0,6685715,2019-02-16 08:35:55,,1.00242428,0.0,0,,57512.0,0.0,0.0,178
0,[],2,[],2019-01-20 23:28:34,0.0,0,0,6477001,2019-01-20 23:28:34,,0.0,0.0,0,,0.0,0.0,0.0,178
0,[],23,[],2019-01-20 23:25:08,0.0,0,0,6476952,2019-01-20 23:25:08,,0.0,0.0,0,,0.0,0.0,0.0,179
1,[],5,[],2019-02-16 08:47:00,3e-08,0.00000002,0.000000000000723766,6685908,2019-02-16 08:47:00,btc,30.30986428,0.00147618,0.00000002,btc,2.088e-05,0.0,0.68630775,179
1,[],22,[],2019-02-16 08:47:04,7779285.0,0.00000002,0.000000000000723766,6685909,2019-02-16 08:47:04,BTC,5.48629708,0.0,0.00000002,"BTC,LTC",17843614.676989965,0.0,0.38284554,179
1,[],17,[],2019-02-16 08:00:39,10504.725,0.0000001,0.00000000000361917,6685520,2019-02-16 08:00:39,btc,5.201913593534533,0.0,0.0000001,btc,5466.1328087,0.0,0.0010504725,180
1,[],22,[],2019-02-16 08:47:10,129205.4,0.0000005,0.00000000001809415,6685910,2019-02-16 08:47:10,BTC,0.12863238,0.0,0.0000005,"BTC,LTC",23676.046542727305,0.0,0.00160544,180
1,[],26,[],2019-02-16 08:47:10,0.0,0.00000225,0.000000000081423675,6685911,2019-02-16 08:47:10,btc,0.0,1299.0194,0.00000225,btc,0.0,0.0,0.0,180
,[],7,[],2018-11-20 22:58:01,562227.975654,0.00000085,0.000000000036176765,4862015,2018-11-20 22:58:01,btc,21836.6059674,2491.87645172,,btc,749999.041456,0.00211021,0.127565380455,183
,[],5,[],2019-01-10 08:11:41,0.0,0,0,6347036,2019-01-10 08:11:41,btc,82.15055501,0.00261,,btc,1.19002445,0.0,0.0,187
,[],17,[],2018-11-16 20:58:10,4062536.27273,0.00000001,0.000000000000550501,4708775,2018-11-16 20:58:10,btc,3.36492563466,0.195460381006,,"btc,eth",110697919.549,0.0,0.0157628953496,187
1,[],24,[],2019-02-16 08:47:10,0.0,0.000000000001,3.61883e-17,6685912,2019-02-16 08:47:10,btc,0.0,0.0,0.000000000001,btc,0.0,0.0,0.0,187
0,[],22,[],2019-02-16 08:47:13,0.0,0,0,6685913,2019-02-16 08:47:13,,1.19377283,0.0,0,,16434.10286773884,0.0,0.0,191
0,[],22,[],2019-02-16 08:47:20,0.0,0,0,6685914,2019-02-16 08:47:20,,0.0,0.0,0,,0.0,0.0,0.0,197
0,[],23,[],2019-01-20 23:31:41,0.0,0,0,6477079,2019-01-20 23:31:41,,0.0,0.0,0,,0.0,0.0,0.0,199
0,[],22,[],2019-02-16 08:47:22,0.0,0,0,6685915,2019-02-16 08:47:22,,5.15195517,0.0,0,,19804684.0,0.0,0.0,199
1,[],26,[],2019-02-16 08:47:22,0.0,0.00000000,0,6685916,2019-02-16 08:47:22,btc,0.0,769472.0,0.00000000,btc,0.0,0.0,0.0,199
0,[],17,[],2019-01-30 16:32:01,0.0,0,0,6540827,2019-01-30 16:32:01,btc,6.802544163788159,0.0,0,btc,105897.55575295,0.0,0.0,200
0,[],2,[],2019-01-20 23:30:49,0.0,0,0,6477059,2019-01-20 23:30:49,,0.0,0.0,0,,0.0,0.0,0.0,201
1,[],4,[],2019-01-25 15:51:35,2084389.58565343,0.00000936,0.000000000333526752,6499557,2019-01-25 15:51:35,btc,2.0092503037378524,0.0,0.00000936,btc,160195.80207885,0.19272417,1.242687955921835,211
1,[],7,[],2019-02-16 08:47:28,5777433.13299461,0.00000137999999999999991637657063836552850943917292170226573944091796875,0.000000000049939854,6685917,2019-02-16 08:47:28,btc,15450816.488085324,564611.390716,0.00000137999999999999991637657063836552850943917292170226573944091796875,btc,11179520.33761208,0.0,4.3938347565207945,212
1,[],12,[],2019-01-25 02:44:32,207462.42853209,0.000001080000000000000035831255497387193287295303889550268650054931640625,0.000000000038610756000000006,6493050,2019-01-25 02:44:32,btc,85023.03793723314,0.0,0.000001080000000000000035831255497387193287295303889550268650054931640625,btc,43675.73520027,0.000146250909087,0.0348620860622024,213
1,[],5,[],2019-02-16 08:47:30,2.74e-06,0.00000027,0.000000000009770841,6685918,2019-02-16 08:47:30,btc,0.91052024,0.1564633,0.00000027,btc,2.789e-05,0.0,0.15018812,213
1,[],24,[],2019-02-16 08:47:30,0.0,0.000000050000,0.000000000001809415,6685919,2019-02-16 08:47:30,btc,0.0,0.0,0.000000050000,btc,0.0,0.0,0.0,213
1,[],26,[],2019-02-16 08:47:31,0.0,0.00000009,0.000000000003256947,6685920,2019-02-16 08:47:31,btc,0.0,0.0,0.00000009,btc,0.0,0.0,0.0,213
0,[],22,[],2019-02-16 08:47:35,0.0,0,0,6685921,2019-02-16 08:47:35,,2.19098235,0.0,0,,178699.63137942314,0.0,0.0,216
1,[],27,[],2019-02-16 08:47:40,5201657.5615,0.00000004,0.000000000001447532,6685922,2019-02-16 08:47:40,btc,257.4697367606,0.0,0.00000004,"btc,ltc",272641.975,0.0,0.05463726246,216
1,[],22,[],2019-02-16 08:47:43,210278.4204093028,0.00000226,0.000000000081785558,6685923,2019-02-16 08:47:43,BTC,12677.09778184,0.0,0.00000226,BTC,443231.9101516342,0.02136589,0.24258281,217
1,[],7,[],2019-02-16 08:47:45,0.0,0,0,6685924,2019-02-16 08:47:45,btc,77970.05108413911,0.0,0,btc,137041561.1214003,0.0,0.0,219
0,[],27,[],2019-02-16 08:47:51,0.0,0,0,6685925,2019-02-16 08:47:51,,5.341833788316972,6000.0,0,btc,1599140.99226595,6e-05,0.0,219
0.0000000000000052,[],28,[],2019-02-16 08:47:53,168558258.235,2.34e-18,8.468062200000001e-23,6685926,2019-02-16 08:47:53,doge,83962.3748390675,100194.365,0.00045000,"btc,doge",4737338.69631,0.0,1.1358536013062733e-11,219
1,[],22,[],2019-02-16 08:47:57,196597.6,0.00000012,0.000000000004342596,6685927,2019-02-16 08:47:57,BTC,2.99580053,0.0,0.00000012,BTC,88042.47041875875,0.0105531,0.02065976,221
1,[],24,[],2019-02-16 08:47:57,0.0,0.000000210000,0.000000000007599543,6685928,2019-02-16 08:47:57,btc,0.0,0.0,0.000000210000,btc,0.0,0.0,0.0,221
1,[],20,[],2019-02-16 08:47:59,51534578.4223,0.000000003,0.0000000000001085649,6685929,2019-02-16 08:47:59,btc,49.8542793243901,392648.8657,0.000000003,btc,9960386.3146,0.0011779465971,0.0528133674835,224
0,[],22,[],2019-02-16 08:48:01,0.0,0,0,6685930,2019-02-16 08:48:01,,0.0,0.0,0,,0.0,0.0,0.0,224
1,[],26,[],2019-02-16 08:48:01,0.0,0.00000033,0.000000000011942139,6685931,2019-02-16 08:48:01,btc,0.0,0.0,0.00000033,btc,0.0,0.0,0.0,231
1,[],26,[],2019-02-16 08:48:02,0.0,0.00000006,0.000000000002171298,6685932,2019-02-16 08:48:02,btc,0.0,3970.0,0.00000006,btc,0.0,0.0,0.0,234
0,[],27,[],2019-02-16 08:48:12,0.0,0,0,6685933,2019-02-16 08:48:12,,0.0,0.0,0,,0.0,0.0,0.0,234
0,[],22,[],2019-02-16 08:48:15,0.0,0,0,6685934,2019-02-16 08:48:15,,2.86131091,0.0,0,,99375782.06349206,0.0,0.0,235
1,[],4,[],2019-02-16 08:48:15,1398687.44505076,0.00000101,0.000000000036550183,6685935,2019-02-16 08:48:15,btc,0.392192046129883,0.0,0.00000101,btc,237726.47361143,0.19548838,0.4626683654776429,236
1,[],24,[],2019-02-16 08:48:16,0.0,0.000000020010,0.000000000000724127883,6685936,2019-02-16 08:48:16,btc,0.0,0.0,0.000000020010,btc,0.0,0.0,0.0,236
1,[],20,[],2019-02-16 08:48:17,72071366.1242,0.000000073,0.0000000000026417459,6685937,2019-02-16 08:48:17,btc,15.5173189872374,29841841.6239,0.000000073,btc,30404167.7886,2.2361662869361,0.7359053137939,237
1,[],22,[],2019-02-16 08:48:21,136267.0,0.00000004,0.000000000001447532,6685938,2019-02-16 08:48:21,BTC,0.0405823,0.0,0.00000004,"BTC,LTC",3164.0,0.0,0.00541601,237
1,[],4,[],2019-02-16 08:48:23,3872945.07933918,0.00000033,0.000000000011942139,6685939,2019-02-16 08:48:23,btc,0.4261612057482152,0.0,0.00000033,btc,1156445.59383156,0.19749979,1.1538666492502203,238
1,[],5,[],2019-02-16 08:48:24,4.25e-06,0.00000033,0.000000000011942139,6685940,2019-02-16 08:48:24,btc,0.73852131,0.00314448,0.00000033,btc,2.957e-05,0.0,0.30422474,238
0,[],22,[],2019-02-16 08:48:27,0.0,0,0,6685941,2019-02-16 08:48:27,,1951.15978688,0.0,0,,366433.0639027493,0.0,0.0,249
0.0000000001204999,[],22,[],2019-02-16 08:48:30,7025765.666666667,3.614997e-18,1.308205959351e-22,6685942,2019-02-16 08:48:30,LTC,0.56670218,0.0,0.00000003,LTC,15147487.09,0.0,0.20977599,252
1,[],28,[],2019-02-16 08:48:32,3649212.286,0.00000009,0.000000000003256947,6685943,2019-02-16 08:48:32,btc,164693.69160535216,73929.6,0.00000009,btc,1038484.2751,0.0,0.1990666963,256
1,[],22,[],2019-02-16 08:48:36,1507961.0,0.00000003,0.000000000001085649,6685944,2019-02-16 08:48:36,BTC,30.16164281,0.0,0.00000003,BTC,449169.92423192423,0.00052059,0.04409355,258
1,[],22,[],2019-02-16 08:48:40,49651.0,0.00000002,0.000000000000723766,6685945,2019-02-16 08:48:40,BTC,2.629917,0.0,0.00000002,BTC,1762.0,0.0,0.00050551,259
1,[],22,[],2019-02-16 08:48:44,10494.576774193549,0.00001550,0.00000000056091865,6685946,2019-02-16 08:48:44,BTC,1293.01329306,0.0,0.00001550,"BTC,LTC",5400.873155451243,0.00952552,0.01355059,262
1,[],5,[],2019-02-16 08:48:46,1.339e-05,0.00000134,0.000000000048492322,6685947,2019-02-16 08:48:46,btc,0.73426268,0.14247151,0.00000134,btc,0.00031072,0.0,0.1836182,264
1,[],20,[],2019-02-16 08:48:48,1190094.5919,0.000001201,0.0000000000434621483,6685948,2019-02-16 08:48:48,btc,4.9447971651034,152954.3807,0.000001201,btc,93302.1133,0.4477757332604,0.044504701062,264
1,[],22,[],2019-02-16 08:48:51,73606.5,0.00000002,0.000000000000723766,6685949,2019-02-16 08:48:51,BTC,8.41108046,0.0,0.00000002,BTC,382316.05885485065,0.000435,0.0009745,271
0,[],22,[],2019-02-16 08:48:54,0.0,0,0,6685950,2019-02-16 08:48:54,,388.44178703,0.0,0,,15473097515.9,0.0,0.0,272
0.0000000000000052,[],28,[],2019-02-16 08:48:56,199858472879.587,4.16e-21,1.50543328e-25,6685951,2019-02-16 08:48:56,doge,441790592.24785495,57108302962.229,0.0000008,doge,212765936092.00058,0.0,5.057090579544376e-10,272
1,[],22,[],2019-02-16 08:49:03,11536.8,0.00000300,0.0000000001085649,6685952,2019-02-16 08:49:03,BTC,74.2339123,0.0,0.00000300,"BTC,LTC",4176.472434212207,0.03365781,0.01645072,281
