pairValue,buyBook,exchangeId,sellBook,updated,buyTotal,satoshiPrice,usdPrice,exchangeLogId,created,bestPair,sellTotalBtc,volume,pairPrice,activePairs,sellTotal,volumeBtc,buyTotalBtc,coinId
1,[],3,[],2019-07-28 11:34:19,32167.68899002189,0.0080999999999999995614619052730631665326654911041259765625,0.00000076782654,7847707,2019-07-28 11:34:19,btc,9.25550291334479,79.194417509,0.0080999999999999995614619052730631665326654911041259765625,btc,37.306555638652,0.0,0.2612027395365913,1
1,[],4,[],2019-07-28 11:34:19,25366.46279921,0.00849368,0.000000805144805712,7847708,2019-07-28 11:34:19,btc,10.805860178379175,0.0,0.00849368,btc,412.18945031,1.82830326,1.0628726354088367,1
1,[],12,[],2019-07-28 11:34:25,92.44471361000001,0.00847999999999999969080288764189390349201858043670654296875,0.000000803848032,7847709,2019-07-28 11:34:25,btc,0.2843613552027,0.0,0.00847999999999999969080288764189390349201858043670654296875,btc,25.89008027,1.091808707343,0.1822034289087,1
1,[],20,[],2019-07-28 11:34:27,932.2343,0.00850091,0.0000008058301619940001,7847710,2019-07-28 11:34:27,btc,0.2226301391946,0.4655,0.00850091,btc,18.5599,0.004088310061,0.133787321664,1
1,[],21,[],2019-07-28 11:34:29,2425.1171521300002,0.008498270000000000476414463435,0.0000008055799074180001,7847711,2019-07-28 11:34:29,btc,16.597716100706638,1220.62476915,0.00849827000000000047641446343504867400042712688446044921875,"btc,eth",2326.09606784,9.719559185479202,17.25927464780366,1
1,[],22,[],2019-07-28 11:34:33,1.1199,0.00200000,0.0000001895868,7847712,2019-07-28 11:34:33,BTC,0.01700334,0.0,0.00200000,BTC,0.28367064174998,0.0,0.00197189,1
1,[],24,[],2019-07-28 11:34:33,0.0,0.000000000000,0,7847713,2019-07-28 11:34:33,btc,0.0,0.0,0.000000000000,btc,0.0,0.0,0.0,1
0.0,[],25,[],2019-07-28 11:34:34,0.0,0,0,7847714,2019-07-28 11:34:34,btc,18.762999999176824,1757.36812723,0.0,btc,2134.72065343,14.7549,0.0,1
1,[],26,[],2019-07-28 11:34:36,0.0,0,0,7847715,2019-07-28 11:34:36,,0.0,0.0,0,,0.0,0.0,0.0,1
1,[],28,[],2019-07-28 11:34:38,1059.021,0.008160000000,0.000000773514144,7847716,2019-07-28 11:34:38,btc,0.369398346,2570.0,0.008160000000,btc,22.3764,0.0,0.421330036,1
1,[],10,[],2019-07-13 08:58:05,251434.9725798,0.00271069,0.00000031407274150500003,7812232,2019-07-13 08:58:05,btc,6515.317158446701,1686.04548878,0.00271069,btc,2002.66956917,0.0,1.2639712180673435,1
1,[],5,[],2019-07-06 00:27:44,0.0,0,0,7800775,2019-07-06 00:27:44,btc,0.0,0.00190933,0,btc,0.0,0.0,0.0,1
0,[],2,[],2019-01-20 23:28:45,0.0,0,0,6477011,2019-01-20 23:28:45,,0.0,0.0,0,,0.0,0.0,0.0,1
1,[],22,[],2019-07-28 11:34:42,11550.3,0.0000002,0.000000000018958680000000002,7847717,2019-07-28 11:34:42,BTC,21.00878619,0.0,0.0000002,"BTC,XMR",19931.59287795317,0.0,0.00143681,2
1,[],5,[],2019-07-06 00:28:14,0.0,0,0,7800785,2019-07-06 00:28:14,btc,0.0,0.00208797,0,btc,0.0,0.0,0.0,2
1,[],12,[],2019-07-28 11:34:44,5156278.2782303,0.000000068,0.0000000000064459512,7847718,2019-07-28 11:34:44,btc,42912.809368548085,0.0,0.000000068,btc,6928922.17360789,0.033672106167,0.257375663192618,3
0,[],28,[],2019-07-28 11:34:46,0.0,0,0,7847719,2019-07-28 11:34:46,,0.0,0.0,0,,0.0,0.0,0.0,3
1,[],5,[],2019-06-03 14:48:58,0.0,0,0,7731126,2019-06-03 14:48:58,btc,0.0,0.05905545,0,btc,0.0,0.0,0.0,3
0,[],2,[],2019-01-20 23:31:32,0.0,0,0,6477077,2019-01-20 23:31:32,,0.0,0.0,0,,0.0,0.0,0.0,4
1,[],4,[],2019-07-23 19:39:19,5194762.69889617,0.00000005,0.00000000000508272,7830176,2019-07-23 19:39:19,btc,51.370046856622295,0.0,0.00000005,btc,1310172.08039262,0.0,0.0608782288383904,4
0,[],12,[],2019-07-10 21:32:46,0.0,0,0,7800866,2019-07-10 21:32:46,btc,641.7517620215584,0.0,0,btc,1208658.0779220702,0.0,0.0,5
0,[],2,[],2019-01-20 23:31:51,0.0,0,0,6477087,2019-01-20 23:31:51,,0.0,0.0,0,,0.0,0.0,0.0,6
1,[],11,[],2019-07-28 11:34:48,6077873.0,0.00000001,0.000000000000947934,7847720,2019-07-28 11:34:48,btc,9583.518659274243,166666.666667,0.00000001,btc,78068051.40388086,0.0,0.06077873,6
1,[],3,[],2019-07-28 11:34:49,12038.283701184495,0.000090000000000000005668208957754217180990963242948055267333984375,0.000000008531406,7847721,2019-07-28 11:34:49,btc,1026.3059872692018,809.754549667,0.000090000000000000005668208957754217180990963242948055267333984375,btc,411.529349768193,0.0,0.022829026360710436,7
1,[],4,[],2019-07-28 11:34:49,315090.72060338,0.00009120,0.00000000864515808,7847722,2019-07-28 11:34:49,btc,13.168283912611987,0.0,0.00009120,btc,82193.10232015,1.41355532,3.1392504516096604,7
1,[],5,[],2019-07-06 00:28:21,0.0,0,0,7800789,2019-07-06 00:28:21,btc,0.0,0.38662001,0,btc,0.0,0.0,0.0,7
1,[],20,[],2019-04-07 22:06:50,3201475.0482,0.000000001,0.000000000000051590000000000004,7213932,2019-04-07 22:06:50,btc,30.8005781811902,0.0,0.000000001,btc,23077405.3926,0.0,0.0032014750482,8
1,[],4,[],2019-02-17 11:22:43,4341674.27126056,0.00000002,0.0000000000007272960000000001,6696112,2019-02-17 11:22:43,btc,0.1997230937751353,0.0,0.00000002,btc,4109766.79808031,0.00215132,0.0479381022052112,10
1,[],4,[],2019-07-28 11:34:51,27693671.79999564,0.00000026,0.000000000024646284,7847723,2019-07-28 11:34:51,btc,5.872169720796494,0.0,0.00000026,btc,11730449.05500316,0.29645247,2.6176312648919526,12
0.0,[],25,[],2019-07-28 11:34:54,0.0,0,0,7847724,2019-07-28 11:34:54,,0.0,0.0,0.0,btc,0.0,0.0,0.0,12
1,[],5,[],2019-07-05 17:50:59,0.0,0,0,7799863,2019-07-05 17:50:59,btc,0.0,0.04857279,0,btc,0.0,0.0,0.0,12
0,[],2,[],2019-01-20 23:23:08,0.0,0,0,6476890,2019-01-20 23:23:08,,0.0,0.0,0,,0.0,0.0,0.0,12
1,[],4,[],2019-07-28 11:34:54,755339.25833622,0.00000285,0.00000000027016119,7847725,2019-07-28 11:34:54,btc,2.7894897770732356,0.0,0.00000285,btc,548489.52773062,0.44109855,0.7888316709001508,13
1,[],10,[],2019-07-28 11:34:56,675005.43155038,0.00000281,0.00000000026636945400000004,7847726,2019-07-28 11:34:56,btc,666798.1443138745,8435.84336431,0.00000281,btc,1090695.21075487,0.0,0.1422744671225586,13
1,[],21,[],2019-07-28 11:34:58,1672527.96748375,0.000002860000000000000145865307680,0.00000000027110912400000004,7847727,2019-07-28 11:34:58,btc,4.032052875262758,265081.45598942,0.00000286000000000000014586530767968231003806067747063934803009033203125,btc,1053858.77232548,0.77112372,3.4368404772838184,13
1,[],4,[],2019-07-28 11:34:59,1255274.88269649,0.00000096,0.000000000091001664,7847728,2019-07-28 11:34:59,btc,230.08664361015622,0.0,0.00000096,btc,1149396.37048941,0.30466867,0.2782285445901728,14
1,[],12,[],2019-07-28 11:35:00,225934.78984667,0.00000088,0.00000000008341819200000001,7847729,2019-07-28 11:35:00,btc,189.94280130069964,0.0,0.00000088,btc,20359.38112835,0.002615343948,0.0222888499999515,14
1,[],26,[],2019-07-28 11:37:00,0.0,0.00000050,0.0000000000473967,7847730,2019-07-28 11:37:00,btc,0.0,0.0,0.00000050,btc,0.0,0.0,0.0,14
0,[],17,[],2019-05-03 00:53:32,0.0,0,0,7558876,2019-05-03 00:53:32,btc,0.0,0.0,0,btc,0.0,0.0,0.0,14
0,[],4,[],2019-07-28 11:37:01,0.0,0,0,7847731,2019-07-28 11:37:01,,0.0,0.0,0,,0.0,0.0,0.0,15
,[],12,[],2018-12-01 15:15:48,204241.84496,0.00000489,0.000000000202473384,5260204,2018-12-01 15:15:48,btc,49.5475654835,0.0,,btc,35763.2193806,0.0163153972027625,0.0203389899998,15
1,[],4,[],2019-07-28 11:37:02,40492.59684012,0.00000800,0.0000000007583472,7847732,2019-07-28 11:37:02,btc,2.4750682594114513,0.0,0.00000800,btc,21454.21172053,0.04275748,0.0919463952468943,18
1,[],10,[],2019-07-28 11:37:04,389625.01743351,0.00000784,0.000000000743180256,7847733,2019-07-28 11:37:04,btc,15.2586447121848,4168.93972982,0.00000784,btc,25196.44274951,0.0,0.2025995772636225,18
1,[],12,[],2019-07-28 11:37:05,5791.38345485,0.00000800999999999999954224116915924014392658136785030364990234375,0.0000000007592951339999999,7847734,2019-07-28 11:37:05,btc,0.5671689729892863,0.0,0.00000800999999999999954224116915924014392658136785030364990234375,btc,1945.83238353,1.051072e-05,0.0180361589496221,18
0,[],2,[],2019-01-20 23:23:38,0.0,0,0,6476906,2019-01-20 23:23:38,,0.0,0.0,0,,0.0,0.0,0.0,18
0,[],17,[],2019-05-03 00:53:39,0.0,0,0,7558882,2019-05-03 00:53:39,btc,0.0,0.0,0,btc,0.0,0.0,0.0,18
1,[],3,[],2019-07-28 11:39:06,200550.82214046223,0.000008240000000000000728267272875893212358278105966746807098388671875,0.0000000007810976160000001,7847735,2019-07-28 11:39:06,btc,190.28992097061897,31342.8658386,0.000008240000000000000728267272875893212358278105966746807098388671875,btc,19312.021712553058,0.0,0.2962895525969335,19
1,[],4,[],2019-07-28 11:39:06,199956.72528641,0.00000916,0.0000000008683075440000001,7847736,2019-07-28 11:39:06,btc,4.5756369449558525,0.0,0.00000916,btc,231568.42519128,0.67737329,0.9777963421680089,19
1,[],12,[],2019-07-28 11:39:09,118920.99909289,0.000008830000000000000161585154978549638826734735630452632904052734375,0.000000000837025722,7847737,2019-07-28 11:39:09,btc,10.694922893742097,0.0,0.000008830000000000000161585154978549638826734735630452632904052734375,btc,3777.3716499,0.00329961654,0.0186370299997314,19
0,[],27,[],2019-07-28 11:39:14,0.0,0,0,7847738,2019-07-28 11:39:14,,0.0,0.0,0,btc,0.0,0.0,0.0,19
0,[],2,[],2019-01-20 23:24:19,0.0,0,0,6476924,2019-01-20 23:24:19,,0.0,0.0,0,,0.0,0.0,0.0,19
1,[],5,[],2019-07-06 02:01:19,0.0,0,0,7800799,2019-07-06 02:01:19,btc,0.0,0.0,0,btc,0.0,0.0,0.0,19
1,[],4,[],2019-07-28 11:39:15,10159252.15530168,0.00000004,0.000000000003791736,7847739,2019-07-28 11:39:15,btc,5.0557185804546725,0.0,0.00000004,btc,2215894.80640266,0.000108,0.112506603668017,20
0,[],4,[],2019-07-28 11:39:16,0.0,0,0,7847740,2019-07-28 11:39:16,,51916.315025111675,0.0,0,,168273181.75776923,0.00023014,0.0,21
0,[],12,[],2019-07-28 11:39:18,0.0,0,0,7847741,2019-07-28 11:39:18,btc,2618.0249669693308,0.0,0,btc,11346221.73126868,0.0,0.0,21
0,[],17,[],2019-05-03 00:53:51,0.0,0,0,7558891,2019-05-03 00:53:51,btc,0.0,0.0,0,btc,0.0,0.0,0.0,21
1,[],12,[],2019-07-28 11:41:20,5100536538.156245,0.0000000056,0.0000000000005308430399999999,7847742,2019-07-28 11:41:20,btc,1437886091814.164,0.0,0.0000000056,btc,1262980675.8590517,7.473752648179,7.423445552088016,23
0.0000000002201454,[],27,[],2019-07-28 11:41:25,75088823.4,3.5223264e-17,3.3389329536576e-21,7847743,2019-07-28 11:41:25,eth,1259.3430335732223,4093839.05583316,0.00000016,eth,2507639.66147653,1.4419837407195e-10,1.7529963073713666e-09,23
1,[],4,[],2019-07-28 11:41:25,5996666.03135802,0.00000026,0.000000000024646284,7847744,2019-07-28 11:41:25,btc,11.557488130929437,0.0,0.00000026,btc,1740382.93135944,0.01520588,0.1270254720311403,24
0,[],22,[],2019-07-28 11:41:28,0.0,0,0,7847745,2019-07-28 11:41:28,,0.0,0.0,0,,0.0,0.0,0.0,24
0.0,[],25,[],2019-07-28 11:41:30,0.0,0,0,7847746,2019-07-28 11:41:30,,0.0,0.0,0.0,btc,0.0,0.0,0.0,24
1,[],4,[],2019-07-28 11:41:30,26959864.25276248,0.00000434,0.000000000411403356,7847747,2019-07-28 11:41:30,btc,19.566080014732567,0.0,0.00000434,btc,225069.06806829,0.11496839,0.469520258708412,26
1,[],10,[],2019-07-28 11:41:32,229052.1600393,0.00000431,0.000000000408559554,7847748,2019-07-28 11:41:32,btc,25.762116277987158,6146.84972103,0.00000431,btc,18758.09423513,0.0,0.0534985769638632,26
0,[],2,[],2019-01-20 23:25:56,0.0,0,0,6476976,2019-01-20 23:25:56,,0.0,0.0,0,,0.0,0.0,0.0,26
1,[],5,[],2019-04-26 09:47:06,0.0,0,0,7465326,2019-04-26 09:47:06,btc,0.0,0.0,0,btc,0.0,0.0,0.0,27
1,[],3,[],2019-06-17 14:30:26,13571825.64059417,0.00000001,0.00000000000092914,7740112,2019-06-17 14:30:26,btc,3.485049956644059,4264730.43754,0.00000001,btc,23500048.28518193,0.0,0.1357182564059417,27
1,[],11,[],2019-07-15 06:07:59,993045.80216525,0.00000001,0.000000000001021634,7819506,2019-07-15 06:07:59,btc,67502.92060589766,178.77941309,0.00000001,btc,6487362.95640949,0.0,0.0099304580216525,27
0.0000000000934068,[],4,[],2019-07-28 11:41:33,508896558.7420056,8.1263916e-17,7.7032828949544e-21,7847749,2019-07-28 11:41:33,ltc,11.758863108383501,0.0,0.00000087,ltc,816135654.4587858,0.00268593,1.0971383530839855e-08,29
1,[],7,[],2019-07-28 11:41:35,0.0,0,0,7847750,2019-07-28 11:41:35,btc,1236880.827141205,0.0,0,btc,38242637.15130425,0.0,0.0,29
1,[],4,[],2019-07-28 11:41:35,15365828.6844615,0.00000007,0.000000000006635538,7847751,2019-07-28 11:41:35,btc,2.5192186211358614,0.0,0.00000007,btc,2244394.18030701,0.00236894,0.1718177277027768,30
0,[],17,[],2019-05-03 01:11:25,0.0,0,0,7559066,2019-05-03 01:11:25,btc,0.0,0.0,0,btc,0.0,0.0,0.0,30
1,[],4,[],2019-07-28 11:43:36,207731.46259329,0.00003250,0.0000000030807855000000003,7847752,2019-07-28 11:43:36,btc,5.068055425520144,0.0,0.00003250,btc,74914.1206402,0.48419835,0.6497894840273853,31
1,[],21,[],2019-07-28 11:43:37,56044.40095176,0.00003177999999999999727016974926,0.0000000030125342519999997,7847753,2019-07-28 11:43:37,btc,3.873181407575934,28038.31093806,0.00003177999999999999727016974926385728394961915910243988037109375,btc,98523.11299221,0.91599775,1.3680414506002065,31
0,[],2,[],2019-01-20 23:28:43,0.0,0,0,6477009,2019-01-20 23:28:43,,0.0,0.0,0,,0.0,0.0,0.0,32
0,[],4,[],2019-07-28 11:43:39,0.0,0,0,7847754,2019-07-28 11:43:39,,0.0,0.0,0,,0.0,0.0,0.0,33
1,[],12,[],2019-03-30 07:55:10,40641173.964,0.00000003,0.000000000001228359,7108785,2019-03-30 07:55:10,btc,4233210.82356125,0.0,0.00000003,btc,28378394.68333462,0.0126927883965248,0.90752895892,33
0.0000000000934068,[],4,[],2019-07-28 11:43:40,27281947.05908616,3.736272e-17,3.541739262048001e-21,7847755,2019-07-28 11:43:40,ltc,5.080746144989343,0.0,0.0000004,ltc,173449628.911396,0.0,2.9796863851479514e-10,34
1,[],5,[],2019-07-06 02:03:46,0.0,0,0,7800811,2019-07-06 02:03:46,btc,0.0,0.0,0,btc,0.0,0.0,0.0,34
0,[],4,[],2019-07-11 00:07:02,0.0,0,0,7801420,2019-07-11 00:07:02,,3.68295914902898e-08,0.0,0,,6667385825.224262,0.0,0.0,36
0.0000000002385992,[],27,[],2019-07-11 00:09:09,11642390.307056,6.9193768e-17,8.4302504017872e-21,7801421,2019-07-11 00:09:09,eth,1120.18186,0.0,0.00000029,"ltc,eth",2270631.0,0.0,1.3601704595377105e-10,36
0.0000000002926451,[],17,[],2019-05-02 18:17:47,200000.0,2.9264510000000002e-18,1.596703856561e-22,7556430,2019-05-02 18:17:47,eth,0.20942468735267253,0.0,0.00000001,"btc,eth",1018272.20243647,0.0,5.852902e-13,36
1,[],5,[],2019-05-31 13:28:21,0.0,0,0,7717484,2019-05-31 13:28:21,btc,0.0,0.0,0,btc,0.0,0.0,0.0,36
1,[],4,[],2019-07-28 11:43:42,13419757.54119409,0.00000010,0.000000000009479340000000001,7847756,2019-07-28 11:43:42,btc,19774.550279996092,0.0,0.00000010,btc,777271.64170819,0.06348791,0.3320022080371834,37
1,[],12,[],2019-07-28 11:43:43,9851928.70433341,0.00000012,0.000000000011375208,7847757,2019-07-28 11:43:43,btc,1675.6076353717815,0.0,0.00000012,btc,2486747.3559773,0.101997764486,0.2934038765500064,37
1,[],27,[],2019-07-28 11:45:48,10792.0,0.00000019,0.000000000018010746000000002,7847758,2019-07-28 11:45:48,btc,22.62000024371233,0.0,0.00000019,btc,4248.824835,0.0,0.00164037,37
1,[],17,[],2019-05-03 01:11:36,211752.74075282,0.00000025,0.000000000013700074999999998,7559074,2019-05-03 01:11:36,btc,0.055484923955058496,0.0,0.00000025,"btc,eth",1387.19918473,0.0,0.0005381851887916605,37
1,[],12,[],2019-07-28 11:45:51,202873.68065749,0.000001230000000000000081983031474663903281907550990581512451171875,0.000000000116595882,7847759,2019-07-28 11:45:51,btc,597.8110192760796,0.0,0.000001230000000000000081983031474663903281907550990581512451171875,btc,157414.11292875,0.087493649584,0.0483007713831249,42
0.0000000002201454,[],27,[],2019-07-28 11:45:56,3000.0,2.2014539999999998e-17,2.086833096036e-21,7847760,2019-07-28 11:45:56,eth,0.001005,0.0,0.0000001,"btc,eth",3.0,0.0,6.604362e-14,42
1,[],5,[],2019-07-06 02:03:47,0.0,0,0,7800812,2019-07-06 02:03:47,btc,0.0,0.14382058,0,btc,0.0,0.0,0.0,42
1,[],12,[],2019-03-13 09:13:29,1112112.0,0.00000001,0.000000000000386531,6919902,2019-03-13 09:13:29,btc,29058.00478931866,0.0,0.00000001,btc,5967681.93306694,9.99000999e-07,0.01112112,43
1,[],5,[],2019-04-26 22:38:52,0.0,0,0,7474154,2019-04-26 22:38:52,btc,0.0,0.02638891,0,btc,0.0,0.0,0.0,43
0,[],17,[],2019-04-26 22:38:53,0.0,0,0,7474155,2019-04-26 22:38:53,btc,0.0,0.0,0,btc,0.0,0.0,0.0,43
1,[],12,[],2019-03-05 01:54:08,639326.02,0.00000004,0.000000000001486676,6845775,2019-03-05 01:54:08,btc,11116042.728239931,0.0,0.00000004,btc,1103841.4595604,0.0003330765234764,0.014975410599999999,44
0.0000000000934068,[],4,[],2019-07-28 11:45:57,107697661.97710726,2.8956108e-17,2.7448479280872002e-21,7847761,2019-07-28 11:45:57,ltc,4276.723825611461,0.0,0.00000031,ltc,29975714.21432587,0.0,4.819604365675391e-10,49
0.0000000000934068,[],4,[],2019-07-28 11:45:58,309094221.67128855,2.7087972e-17,2.5677609649848002e-21,7847762,2019-07-28 11:45:58,ltc,29941.044851283492,0.0,0.00000029,ltc,213627443.33881453,0.0001,1.6769446492406702e-09,52
0,[],22,[],2019-07-28 11:46:00,0.0,0,0,7847763,2019-07-28 11:46:00,,10289.74058841,0.0,0,,278058119.4566013,0.0,0.0,57
0,[],27,[],2019-07-28 11:46:07,0.0,0,0,7847764,2019-07-28 11:46:07,,0.0,0.0,0,"btc,eth",0.0,0.0,0.0,57
0.0000000000934068,[],4,[],2019-07-28 11:46:08,760559225.4190946,9.340680000000001e-19,8.854348155120001e-23,7847765,2019-07-28 11:46:08,ltc,19.710415020020598,0.0,0.00000001,ltc,5440807160.16911,0.0,7.104140345687628e-10,58
1,[],12,[],2019-07-28 11:46:10,1078608217.2145119,0.0000000001,0.00000000000000947934,7847766,2019-07-28 11:46:10,btc,69205029.11245242,0.0,0.0000000001,btc,4274274542.5674686,0.004612665118,0.10786082172145119,58
0.00000000008519330000000001,[],22,[],2019-07-28 11:48:13,126877.0,8.51933e-19,8.075762564220001e-23,7847767,2019-07-28 11:48:13,XMR,68.17454206,0.0,0.00000001,XMR,9626402.6,0.0,0.00126877,58
1,[],17,[],2019-05-03 01:12:09,1200000.0,0.0000000001,0.00000000000000548003,7559085,2019-05-03 01:12:09,btc,1e+24,0.0,0.0000000001,"btc,eth",39516342.31952568,0.0,0.00010000000058666061,58
0,[],22,[],2019-07-28 11:48:16,0.0,0,0,7847768,2019-07-28 11:48:16,,1000.95208651,0.0,0,,9038.133510458989,0.0,0.0,61
1,[],26,[],2019-07-28 11:48:16,0.0,0.00000013,0.000000000012323142,7847769,2019-07-28 11:48:16,btc,0.0,0.0,0.00000013,btc,0.0,0.0,0.0,61
0,[],27,[],2019-07-28 11:48:23,0.0,0,0,7847770,2019-07-28 11:48:23,,1.97314195,0.0,0,"btc,eth",10936.9,0.0,0.0,61
1,[],28,[],2019-07-28 11:48:27,40000.0,0.00000004,0.000000000003791736,7847771,2019-07-28 11:48:27,btc,0.242343945415105,391.0,0.00000004,btc,8016.46650005,0.0,0.001,61
1,[],5,[],2019-06-17 14:31:27,0.0,0,0,7740135,2019-06-17 14:31:27,btc,0.0,0.00079154,0,btc,0.0,0.0,0.0,61
1,[],4,[],2019-07-28 11:48:27,1390997.54669129,0.00000106,0.00000000010048100400000001,7847772,2019-07-28 11:48:27,btc,6.397705096582881,0.0,0.00000106,btc,1511653.16148874,0.24225969,0.4658195740815987,67
0.0,[],25,[],2019-07-28 11:48:29,0.0,0,0,7847773,2019-07-28 11:48:29,,0.0,0.0,0.0,btc,0.0,0.0,0.0,67
1,[],12,[],2019-06-02 06:23:14,910048.355,0.00000006,0.000000000005154929999999999,7725270,2019-06-02 06:23:14,btc,5.167005424215783,0.0,0.00000006,btc,738530.60239759,0.003159757462,0.0187188113,71
,[],5,[],2018-11-20 23:02:39,1.5e-07,0.00000005,0.000000000002128045,4862160,2018-11-20 23:02:39,btc,2.84511358,0.0,,btc,0.00036572,0.0,0.07381892,74
1,[],5,[],2019-07-06 00:15:01,0.0,0,0,7800749,2019-07-06 00:15:01,btc,0.0,0.01883861,0,btc,0.0,0.0,0.0,75
0,[],4,[],2019-07-10 21:51:38,0.0,0,0,7800925,2019-07-10 21:51:38,,581890.2410093442,0.0,0,,38279594.33970312,0.0,0.0,81
0,[],20,[],2019-01-25 09:30:31,0.0,0,0,6495923,2019-01-25 09:30:31,btc,0.0,0.0,0,btc,0.0,0.0,0.0,81
1,[],4,[],2019-07-28 11:48:32,242366.06913434,0.00006954,0.000000006591933036,7847774,2019-07-28 11:48:32,btc,58.543863592616475,0.0,0.00006954,btc,125029.9445466,0.00826966,0.3281558022863762,82
1,[],21,[],2019-07-28 11:48:32,339026.37871155,0.00006799999999999999946397044592,0.0000000064459512000000004,7847775,2019-07-28 11:48:32,btc,4.8276391486098404,602.32331014,0.00006799999999999999946397044592316660782671533524990081787109375,btc,50927.15857839,0.04168984,2.0267219675670063,82
0,[],17,[],2019-03-25 22:42:34,0.0,0,0,7038780,2019-03-25 22:42:34,btc,0.0445064681804024,0.0,0,btc,995513.18476001,0.0,0.0,84
0,[],4,[],2019-07-23 20:51:52,0.0,0,0,7830376,2019-07-23 20:51:52,,1.6413985531662756,0.0,0,,620289065.5915176,0.0,0.0,85
,[],22,[],2018-11-20 23:09:34,3408.1,0.0000001,0.0000000000041895,4862324,2018-11-20 23:09:34,BTC,0.04624735,0.0,,BTC,4990.0,0.0,0.00033081,86
1,[],22,[],2019-07-28 11:48:35,14000.0,0.00000001,0.000000000000947934,7847776,2019-07-28 11:48:35,BTC,1.88751197,0.0,0.00000001,BTC,687487.6140350878,0.0,0.00014,87
1,[],27,[],2019-07-28 11:48:40,9500.0,0.00000001,0.000000000000947934,7847777,2019-07-28 11:48:40,btc,4.771853202774,500.0,0.00000001,btc,280392.29336,5e-06,9.5e-05,87
,[],2,[],2018-11-20 23:10:47,0.0,0,0,4862359,2018-11-20 23:10:47,,0.0,0.0,,,0.0,0.0,0.0,88
1,[],11,[],2019-07-13 06:40:01,299353.97557583,0.0000369999999999999981139219007442164866006351076066493988037109375,0.0000000043049315,7811813,2019-07-13 06:40:01,btc,156.70253706438987,1923.2,0.0000369999999999999981139219007442164866006351076066493988037109375,btc,146186.36192325,0.0,0.8075395878505254,89
0,[],2,[],2019-01-20 23:31:45,0.0,0,0,6477083,2019-01-20 23:31:45,,0.0,0.0,0,,0.0,0.0,0.0,91
1,[],12,[],2019-07-27 10:20:53,364410.6150406,0.00000043,0.000000000043171742,7844478,2019-07-27 10:20:53,btc,434.499999158547,0.0,0.00000043,btc,259829.00383837,6.344205e-06,0.0224800136538325,91
1,[],22,[],2019-07-27 10:22:56,75900.0,0.00000001,0.0000000000010039940000000001,7844479,2019-07-27 10:22:56,BTC,0.495,0.0,0.00000001,"BTC,LTC",4.95,0.0,0.001659,91
0,[],17,[],2019-05-03 01:12:26,0.0,0,0,7559096,2019-05-03 01:12:26,btc,0.0,0.0,0,btc,0.0,0.0,0.0,91
1,[],22,[],2019-07-10 21:56:00,91614.0,0.00000002,0.000000000002352202,7800934,2019-07-10 21:56:00,BTC,11.8980079,0.0,0.00000002,"BTC,LTC",347503.789747713,0.0,0.06622228,95
0.0000000000934068,[],4,[],2019-07-28 11:48:41,542893505.4556245,1.3076952000000001e-17,1.2396087417168002e-21,7847778,2019-07-28 11:48:41,ltc,11.650219768257024,0.0,0.00000014,ltc,172992362.3691628,0.0,5.846078832954835e-10,96
0,[],12,[],2019-07-28 11:48:42,0.0,0,0,7847779,2019-07-28 11:48:42,btc,38.299957835634366,0.0,0,btc,13432240.563436551,0.0,0.0,96
0,[],17,[],2019-05-03 01:12:32,0.0,0,0,7559100,2019-05-03 01:12:32,btc,0.0,0.0,0,btc,0.0,0.0,0.0,96
1,[],4,[],2019-07-28 11:50:43,149368.60595393,0.00002305,0.00000000218498787,7847780,2019-07-28 11:50:43,btc,9.178000477635008,0.0,0.00002305,btc,180451.55490051,0.41490775,0.9370310117801165,100
0,[],2,[],2019-01-20 23:23:55,0.0,0,0,6476914,2019-01-20 23:23:55,,0.0,0.0,0,,0.0,0.0,0.0,100
1,[],22,[],2019-07-28 11:50:46,146000.0,0.00000002,0.000000000001895868,7847781,2019-07-28 11:50:46,BTC,26.50623849,0.0,0.00000002,BTC,10383.92,0.0,0.00162,101
1,[],4,[],2019-07-16 14:33:47,547933.05083038,0.00000126,0.000000000131120388,7825334,2019-07-16 14:33:47,btc,634.8524452924697,0.0,0.00000126,btc,812393.56021757,0.00301441,0.079245871140487,103
1,[],12,[],2019-07-28 11:50:48,61216435.0,0.000000003,0.0000000000002843802,7847782,2019-07-28 11:50:48,btc,349575.02748041606,0.0,0.000000003,btc,123560535.08661672,0.000145983475,0.109016081,105
1,[],27,[],2019-07-28 11:50:52,59030000.0,0.00000001,0.000000000000947934,7847783,2019-07-28 11:50:52,btc,206.70141065858704,10000.0,0.00000001,btc,2064405.91301344,0.0001,0.5903,105
1,[],22,[],2019-07-10 21:58:18,21333.0,0.00000001,0.000000000001176101,7800942,2019-07-10 21:58:18,BTC,51.38182867,0.0,0.00000001,BTC,470435.0,0.0,0.00021333,107
1,[],26,[],2019-07-10 21:58:18,0.0,0.00000000,0,7800943,2019-07-10 21:58:18,btc,0.0,0.0,0.00000000,btc,0.0,0.0,0.0,107
0,[],22,[],2019-07-28 11:50:55,0.0,0,0,7847784,2019-07-28 11:50:55,,6.79500102,0.0,0,,3375892.0833333335,0.0,0.0,112
1,[],27,[],2019-07-28 11:51:01,1.0,0.00000001,0.000000000000947934,7847785,2019-07-28 11:51:01,btc,0.0,0.0,0.00000001,"btc,eth",0.0,0.0,1e-08,112
1,[],5,[],2019-07-06 00:19:31,0.0,0,0,7800761,2019-07-06 00:19:31,btc,0.0,0.0,0,btc,0.0,0.0,0.0,112
1,[],4,[],2019-07-28 11:51:01,875396.32817078,0.00000126,0.000000000119439684,7847786,2019-07-28 11:51:01,btc,11.648464425822702,0.0,0.00000126,btc,1110942.07868151,0.22450515,0.157726737711408,113
1,[],5,[],2019-07-06 00:19:43,0.0,0,0,7800765,2019-07-06 00:19:43,btc,0.0,0.0,0,btc,0.0,0.0,0.0,113
1,[],27,[],2019-07-28 11:53:07,95525.16595526,0.00000001,0.000000000000947934,7847787,2019-07-28 11:53:07,btc,3918.96495209,0.0,0.00000001,btc,92497.69,0.0,0.0009552516595526,116
1,[],17,[],2019-04-26 02:17:47,162738.278,0.00000004,0.0000000000021069000000000002,7461287,2019-04-26 02:17:47,btc,1.3331140273775473,0.0,0.00000004,btc,51796.221,0.0,0.00230953112,116
1,[],4,[],2019-07-18 16:30:54,1315571.55655546,0.00000231,0.000000000240609138,7830151,2019-07-18 16:30:54,btc,97.45214423295644,0.0,0.00000231,btc,453338.25653217,0.02253203,0.1939949889478389,120
1,[],7,[],2019-07-18 16:30:55,3748.91566159,0.0000075000000000000001900064307280846520598061033524572849273681640625,0.0000000007811985,7830152,2019-07-18 16:30:55,btc,231231.56046533308,193.90926286,0.0000075000000000000001900064307280846520598061033524572849273681640625,btc,4437.92755754,0.00147798,0.008882383768671,120
1,[],20,[],2019-04-07 18:42:29,1914137.0852,0.000000035,0.0000000000017871910000000002,7211992,2019-04-07 18:42:29,btc,32.2497668025648,25528.85,0.000000035,btc,1001975.4986,0.00089350975,0.0152723574729,125
1,[],22,[],2019-06-17 14:32:38,10000.0,0.00000001,0.00000000000092914,7740161,2019-06-17 14:32:38,BTC,0.032061,0.0,0.00000001,BTC,299316.7611111111,0.0,0.0001,126
1,[],4,[],2019-07-28 11:53:08,313740.27278255,0.00000489,0.000000000463539726,7847788,2019-07-28 11:53:08,btc,3.9125598367760976,0.0,0.00000489,btc,242215.16218214,0.84624335,0.3427166099209978,131
0,[],2,[],2019-01-20 23:25:46,0.0,0,0,6476969,2019-01-20 23:25:46,,0.0,0.0,0,,0.0,0.0,0.0,131
1,[],17,[],2019-05-03 01:13:10,10000.0,0.00000001,0.000000000000548003,7559115,2019-05-03 01:13:10,btc,0.0953976503951408,0.0,0.00000001,btc,5037.62507334,0.0,0.0001,131
1,[],4,[],2019-07-28 11:55:08,8731.87810562,0.00006508,0.000000006169154472,7847789,2019-07-28 11:55:08,btc,0.2895858489849553,0.0,0.00006508,btc,237.27081697,0.0003254,0.0055172538992284,135
1,[],3,[],2019-07-13 16:51:20,187.26592867,0.00000001,0.000000000001140965,7813490,2019-07-13 16:51:20,btc,419.77407087449336,1935513.62324,0.00000001,btc,3179086.72005867,0.0,1.8726592866999999e-06,136
1,[],4,[],2019-07-28 11:55:09,536203.25682222,0.00000435,0.00000000041235129000000004,7847790,2019-07-28 11:55:09,btc,25.26668200644844,0.0,0.00000435,btc,726239.69474244,0.66662745,0.6661744267578195,137
1,[],12,[],2019-07-28 11:55:11,131960.73768763,0.00000339000000000000015364554246943828985649815876968204975128173828125,0.000000000321349626,7847791,2019-07-28 11:55:11,btc,25.5988474,0.0,0.00000339000000000000015364554246943828985649815876968204975128173828125,btc,52971.0,0.01427610072,0.0093985175028497,137
1,[],20,[],2019-07-28 11:20:24,111587.252,0.000065472,0.0000000061947052992,7847680,2019-07-28 11:20:24,btc,1.0357549459513,24.2873,0.000065472,btc,36.547,0.0016300537434,0.02680829009,142
1,[],4,[],2019-07-28 11:55:12,481565.48905847,0.00008300,0.0000000078678522,7847792,2019-07-28 11:55:12,btc,61.946228720818446,0.0,0.00008300,btc,97386.35463813,7.09449342,6.5378152851536875,142
1,[],22,[],2019-07-28 11:57:17,10619.88,0.00000200,0.0000000001895868,7847793,2019-07-28 11:57:17,BTC,1.55898515,0.0,0.00000200,BTC,835.8398331062671,0.0,0.00416696,142
0.0,[],25,[],2019-07-28 11:57:21,0.0,0,0,7847794,2019-07-28 11:57:21,,0.0,0.0,0.0,btc,0.0,0.0,0.0,142
1,[],28,[],2019-07-28 11:57:22,10097131.0,0.000058000000,0.0000000054980172,7847795,2019-07-28 11:57:22,btc,0.52679202,3490.0,0.000058000000,btc,1559.485,0.0,1.4793672,142
1,[],17,[],2019-05-03 01:13:16,32967.38636364,0.00000088,0.000000000048224264,7559122,2019-05-03 01:13:16,btc,20.06976206696776,0.0,0.00000088,btc,2746.079105,0.0,0.0105613000000032,142
1,[],5,[],2019-07-06 02:06:10,0.0,0,0,7800822,2019-07-06 02:06:10,btc,0.0,0.00140707,0,btc,0.0,0.0,0.0,142
0,[],22,[],2019-07-28 11:57:25,0.0,0,0,7847796,2019-07-28 11:57:25,,68.35849183,0.0,0,,759882689.3744589,0.0,0.0,143
0,[],22,[],2019-02-25 15:42:22,0.0,0,0,6783783,2019-02-25 15:42:22,,4.2131946,0.0,0,,2322156.0,0.0,0.0,146
,[],22,[],2018-11-20 23:01:11,0.0,0,0,4862114,2018-11-20 23:01:11,,2.56807021,0.0,,,61828.4988236,0.0,0.0,147
1,[],12,[],2019-04-21 06:38:04,193091.5971266,0.00000071,0.000000000037635183,7388679,2019-04-21 06:38:04,btc,2.301232411611175,0.0,0.00000071,btc,9957.48302385,0.00023528,0.0313308199999888,148
1,[],4,[],2019-03-19 21:31:25,255810.0415942,0.00000029,0.000000000011615747,6982695,2019-03-19 21:31:25,btc,218.94922712414143,0.0,0.00000029,btc,793529.37642722,0.00117,0.0608347789473395,152
0,[],22,[],2019-03-19 21:31:27,0.0,0,0,6982696,2019-03-19 21:31:27,,0.0,0.0,0,,0.0,0.0,0.0,152
1,[],5,[],2019-04-26 09:36:59,0.0,0,0,7465040,2019-04-26 09:36:59,btc,0.0,0.0,0,btc,0.0,0.0,0.0,153
,[],16,[],2019-01-11 15:38:59,0.0,0,0,6366141,2019-01-11 15:38:59,btc,0.0,0.0,,btc,0.0,0.0,0.0,155
0,[],22,[],2019-07-28 11:57:30,0.0,0,0,7847797,2019-07-28 11:57:30,,7.42843365,0.0,0,,5840816.592592592,0.0,0.0,156
0,[],23,[],2019-01-20 23:24:29,0.0,0,0,6476932,2019-01-20 23:24:29,,0.0,0.0,0,,0.0,0.0,0.0,156
1,[],22,[],2019-07-28 11:57:33,6996.0,0.00000001,0.000000000000947934,7847798,2019-07-28 11:57:33,BTC,1.7543039,0.0,0.00000001,BTC,57.0,0.0,6.996e-05,157
0,[],22,[],2019-07-23 20:07:56,0.0,0,0,7830260,2019-07-23 20:07:56,,50234.60468402,0.0,0,,54786159.03179465,0.0,0.0,158
,[],17,[],2018-11-20 22:56:10,0.0,0,0,4861976,2018-11-20 22:56:10,btc,1.1265625,0.0,,btc,1000.0,0.0,0.0,159
,[],20,[],2018-11-20 22:56:12,0.0,0,0,4861977,2018-11-20 22:56:12,btc,11912.7940471,0.0,,btc,34413894.3617,0.0,0.0,159
1,[],12,[],2019-07-10 22:05:17,232905.70345548,0.0000063199999999999996293047720141711209862478426657617092132568359375,0.000000000743295832,7800964,2019-07-10 22:05:17,btc,9.923963040252861,0.0,0.0000063199999999999996293047720141711209862478426657617092132568359375,btc,15215.45465465,0.0062861,0.033379940599723996,168
1,[],17,[],2019-05-03 01:13:36,42852.0,0.00000002,0.000000000001096006,7559132,2019-05-03 01:13:36,btc,0.04279856251542,0.0,0.00000002,btc,274.46171372,0.0,0.00052852,168
1,[],22,[],2019-05-17 03:01:52,10.0,0.00000001,0.000000000000778341,7642059,2019-05-17 03:01:52,BTC,41.95893009,0.0,0.00000001,BTC,1753972.7737547632,0.0,1e-07,169
1,[],22,[],2019-07-28 11:57:36,71174.0,0.00000001,0.000000000000947934,7847799,2019-07-28 11:57:36,BTC,27.84410593,0.0,0.00000001,"BTC,LTC",321027.3494737184,0.0,0.00090174,171
1,[],22,[],2019-07-28 11:57:40,377168.0,0.00000001,0.000000000000947934,7847800,2019-07-28 11:57:40,BTC,21.26036954,0.0,0.00000001,"BTC,LTC",1454288.186938432,0.00011394,0.0137337,173
1,[],5,[],2019-07-06 02:08:45,0.0,0,0,7800830,2019-07-06 02:08:45,btc,0.0,0.00700197,0,btc,0.0,0.0,0.0,175
1,[],22,[],2019-07-25 12:34:58,8535.0,0.00000001,0.000000000001008706,7836984,2019-07-25 12:34:58,BTC,393.97654772,0.0,0.00000001,BTC,136275.61833431243,1.465e-05,8.535e-05,176
1,[],7,[],2019-07-01 10:15:32,0.0,0,0,7783526,2019-07-01 10:15:32,btc,521516.2326888725,0.0,0,btc,26809253.73522063,0.0,0.0,178
0,[],22,[],2019-07-28 11:57:45,0.0,0,0,7847801,2019-07-28 11:57:45,,1.00655504,0.0,0,,512798.0,0.0,0.0,178
0,[],2,[],2019-01-20 23:28:34,0.0,0,0,6477001,2019-01-20 23:28:34,,0.0,0.0,0,,0.0,0.0,0.0,178
1,[],5,[],2019-07-06 02:08:50,0.0,0,0,7800832,2019-07-06 02:08:50,btc,0.0,6.904e-05,0,btc,0.0,0.0,0.0,179
0,[],22,[],2019-07-28 11:57:48,0.0,0,0,7847802,2019-07-28 11:57:48,,10.34025229,0.0,0,,15169064.571946677,0.0,0.0,179
0,[],23,[],2019-01-20 23:25:08,0.0,0,0,6476952,2019-01-20 23:25:08,,0.0,0.0,0,,0.0,0.0,0.0,179
1,[],22,[],2019-07-28 11:59:52,795774.21557282,0.00000064,0.000000000060667776,7847803,2019-07-28 11:59:52,BTC,2.95700023,0.0,0.00000064,"BTC,LTC",218790.54229327562,6.654e-05,0.61309791,180
1,[],26,[],2019-07-28 11:59:52,0.0,0.00000010,0.000000000009479340000000001,7847804,2019-07-28 11:59:52,btc,0.0,0.0,0.00000010,btc,0.0,0.0,0.0,180
1,[],17,[],2019-05-03 01:13:56,20504.725000000002,0.0000001,0.00000000000548003,7559141,2019-05-03 01:13:56,btc,5.2010695838400265,0.0,0.0000001,btc,5033.45945,0.0,0.0011504725,180
,[],7,[],2018-11-20 22:58:01,562227.975654,0.00000085,0.000000000036176765,4862015,2018-11-20 22:58:01,btc,21836.6059674,2491.87645172,,btc,749999.041456,0.00211021,0.127565380455,183
,[],5,[],2019-01-10 08:11:41,0.0,0,0,6347036,2019-01-10 08:11:41,btc,82.15055501,0.00261,,btc,1.19002445,0.0,0.0,187
,[],17,[],2018-11-16 20:58:10,4062536.27273,0.00000001,0.000000000000550501,4708775,2018-11-16 20:58:10,btc,3.36492563466,0.195460381006,,"btc,eth",110697919.549,0.0,0.0157628953496,187
1,[],24,[],2019-05-22 21:04:52,0.0,0.000000000014,0.0000000000000010960978,7670219,2019-05-22 21:04:52,btc,0.0,0.0,0.000000000014,btc,0.0,0.0,0.0,187
0,[],22,[],2019-07-13 22:02:15,0.0,0,0,7814314,2019-07-13 22:02:15,,7.54794454,0.0,0,,76361.7243344055,0.0,0.0,191
0,[],22,[],2019-06-17 14:33:34,0.0,0,0,7740182,2019-06-17 14:33:34,,0.0,0.0,0,,0.0,0.0,0.0,197
0,[],23,[],2019-01-20 23:31:41,0.0,0,0,6477079,2019-01-20 23:31:41,,0.0,0.0,0,,0.0,0.0,0.0,199
0,[],22,[],2019-07-28 11:59:56,0.0,0,0,7847805,2019-07-28 11:59:56,,12.82588123,0.0,0,,106829450.5,0.0,0.0,199
1,[],26,[],2019-07-28 11:59:56,0.0,0.00000000,0,7847806,2019-07-28 11:59:56,btc,0.0,0.0,0.00000000,btc,0.0,0.0,0.0,199
0,[],2,[],2019-01-20 23:30:49,0.0,0,0,6477059,2019-01-20 23:30:49,,0.0,0.0,0,,0.0,0.0,0.0,201
1,[],4,[],2019-01-25 15:51:35,2084389.58565343,0.00000936,0.000000000333526752,6499557,2019-01-25 15:51:35,btc,2.0092503037378524,0.0,0.00000936,btc,160195.80207885,0.19272417,1.242687955921835,211
1,[],7,[],2019-07-01 02:21:28,1170054124.6898527,0.00000018,0.000000000019815389999999997,7782694,2019-07-01 02:21:28,btc,1346735.6331920293,0.0,0.00000018,btc,5516233.71348162,0.0,11.954344045954047,212
1,[],12,[],2019-01-25 02:44:32,207462.42853209,0.000001080000000000000035831255497387193287295303889550268650054931640625,0.000000000038610756000000006,6493050,2019-01-25 02:44:32,btc,85023.03793723314,0.0,0.000001080000000000000035831255497387193287295303889550268650054931640625,btc,43675.73520027,0.000146250909087,0.0348620860622024,213
1,[],24,[],2019-07-14 17:01:36,0.0,0.000000200000,0.00000000002082346,7817375,2019-07-14 17:01:36,btc,0.0,0.0,0.000000200000,btc,0.0,0.0,0.0,213
1,[],26,[],2019-07-14 17:01:36,0.0,0.00000040,0.00000000004164692,7817376,2019-07-14 17:01:36,btc,0.0,0.0,0.00000040,btc,0.0,0.0,0.0,213
1,[],5,[],2019-05-30 00:07:46,0.0,0,0,7709357,2019-05-30 00:07:46,btc,0.0,0.06425239,0,btc,0.0,0.0,0.0,213
0,[],22,[],2019-07-28 12:00:02,0.0,0,0,7847807,2019-07-28 12:00:02,,9.54552254,0.0,0,,3658585.214064925,0.0,0.0,216
0,[],27,[],2019-07-28 12:00:08,0.0,0,0,7847808,2019-07-28 12:00:08,,174.0227896140976,0.0,0,"btc,ltc",454707.12534794,0.0,0.0,216
1,[],22,[],2019-07-28 12:00:12,1163696.4722222222,0.00000012,0.000000000011375208,7847809,2019-07-28 12:00:12,BTC,12055.84539741,0.0,0.00000012,BTC,568724.8833317582,0.00083652,0.03365478,217
1,[],7,[],2019-06-27 19:02:35,0.0,0,0,7772298,2019-06-27 19:02:35,btc,2123800.2774640615,0.0,0,btc,82333746.4752352,0.0,0.0,219
0,[],27,[],2019-07-27 16:54:49,0.0,0,0,7845293,2019-07-27 16:54:49,,250.20903224,0.0,0,btc,46758.85,0.0,0.0,219
0,[],28,[],2019-07-27 16:55:20,0.0,0,0,7845294,2019-07-27 16:55:20,,0.0,0.0,0,,0.0,0.0,0.0,219
0,[],22,[],2019-07-23 20:11:38,0.0,0,0,7830275,2019-07-23 20:11:38,,57.73116496,0.0,0,,182427.70709740353,0.0,0.0,221
1,[],24,[],2019-07-23 20:11:38,0.0,0.000000010000,0.0000000000010165440000000001,7830276,2019-07-23 20:11:38,btc,0.0,0.0,0.000000010000,btc,0.0,0.0,0.0,221
1,[],20,[],2019-06-17 14:34:11,26882155.8301,0.000000003,0.000000000000278742,7740192,2019-06-17 14:34:11,btc,100050.81956632523,233521.3529,0.000000003,btc,38769742.8604,0.0007925640587,0.0306863532672,224
0,[],22,[],2019-06-17 14:34:13,0.0,0,0,7740193,2019-06-17 14:34:13,,0.0,0.0,0,,0.0,0.0,0.0,224
1,[],26,[],2019-07-28 12:00:12,0.0,0.00000022,0.000000000020854548,7847810,2019-07-28 12:00:12,btc,0.0,0.0,0.00000022,btc,0.0,0.0,0.0,231
1,[],26,[],2019-07-28 12:00:13,0.0,0.00000008,0.000000000007583472,7847811,2019-07-28 12:00:13,btc,0.0,0.0,0.00000008,btc,0.0,0.0,0.0,234
0.0000000002201454,[],27,[],2019-07-28 12:00:17,100.0,2.201454e-18,2.086833096036e-22,7847812,2019-07-28 12:00:17,eth,0.0,0.0,0.00000001,"btc,eth",0.0,0.0,2.201454e-16,234
1,[],5,[],2019-07-06 02:11:21,0.0,0,0,7800842,2019-07-06 02:11:21,btc,0.0,0.10652887,0,btc,0.0,0.0,0.0,237
1,[],20,[],2019-07-28 12:00:21,60018325.9,0.000000047,0.0000000000044552898,7847813,2019-07-28 12:00:21,btc,517.8263489478436,16397627.0382,0.000000047,btc,37343354.8807,0.7863448577404,0.4061231062709,237
1,[],22,[],2019-07-28 12:00:25,2167650.0,0.00000006,0.000000000005687604,7847814,2019-07-28 12:00:25,BTC,1.20109922,0.0,0.00000006,"BTC,LTC",14430.948717948719,0.0,0.02730834,237
1,[],5,[],2019-07-06 02:11:32,0.0,0,0,7800846,2019-07-06 02:11:32,btc,0.0,0.05525444,0,btc,0.0,0.0,0.0,238
1,[],4,[],2019-07-28 12:00:26,29646579.44069979,0.00000007,0.000000000006635538,7847815,2019-07-28 12:00:26,btc,2.5101082655478697,0.0,0.00000007,btc,12802302.91305719,0.07093844,0.7155489285703088,238
0.0000000000932996,[],22,[],2019-07-27 07:06:26,419253.0,9.32996e-19,9.392106863560001e-23,7844096,2019-07-27 07:06:26,LTC,0.40427224,0.0,0.00000001,LTC,496363.0639027493,0.0,0.00419253,249
0,[],22,[],2019-07-23 20:11:58,0.0,0,0,7830284,2019-07-23 20:11:58,,13.44711564,0.0,0,,43776457.3426455,0.0,0.0,252
1,[],28,[],2019-07-28 12:00:30,1871208.989,0.00000012,0.000000000011375208,7847816,2019-07-28 12:00:30,btc,207.596432745373,289752.44,0.00000012,btc,3634924.9184,0.0,0.11217391248,256
0.0000000000916764,[],22,[],2019-07-23 20:12:22,1517.0,9.16764e-19,9.31930943616e-23,7830286,2019-07-23 20:12:22,LTC,31474.63788373,0.0,0.00000001,LTC,1024398.9185893413,0.0,1.517e-05,258
1,[],22,[],2019-05-19 18:12:02,400.0,0.00000001,0.0000000000007957800000000001,7653905,2019-05-19 18:12:02,BTC,2.415167,0.0,0.00000001,BTC,157.0,0.0,4e-06,259
1,[],5,[],2019-07-02 14:44:15,0.0,0,0,7788374,2019-07-02 14:44:15,btc,0.0,0.02775788,0,btc,0.0,0.0,0.0,264
1,[],20,[],2019-07-28 12:00:32,992625.1471,0.000000209,0.0000000000198118206,7847817,2019-07-28 12:00:32,btc,0.523603400234,13489.5421,0.000000209,btc,41775.1437,0.0039050436933,0.0069653774452,264
0,[],22,[],2019-04-12 17:57:27,0.0,0,0,7278186,2019-04-12 17:57:27,,66.37522201,0.0,0,,677842.4169881374,0.0,0.0,271
0,[],22,[],2019-07-28 12:00:35,0.0,0,0,7847818,2019-07-28 12:00:35,,33050469.74148113,0.0,0,,14261527780.7,0.0,0.0,272
0.000000000000002953,[],28,[],2019-07-28 12:00:37,278734640122.875,2.3624000000000003e-22,2.2393992816000002e-26,7847819,2019-07-28 12:00:37,doge,159824351099.39148,55899002271.0,0.00000008,doge,102085058660.595,0.0,5.054005040256856e-11,272
1,[],22,[],2019-05-23 07:12:29,219930.0,0.00000004,0.000000000003048688,7671985,2019-05-23 07:12:29,BTC,426.77835217,0.0,0.00000004,BTC,248664.3325962929,0.0,0.00739728,281
1,[],22,[],2019-07-23 20:12:52,672850.9,0.00000002,0.0000000000020330880000000002,7830290,2019-07-23 20:12:52,BTC,26.73750817,0.0,0.00000002,"BTC,LTC",1207871.5684827343,0.0004207,0.01909618,286
0,[],22,[],2019-07-12 21:46:03,0.0,0,0,7810176,2019-07-12 21:46:03,,7337942.20855518,0.0,0,,2077158967.6797826,0.0,0.0,294
