pairValue,buyBook,exchangeId,sellBook,updated,buyTotal,satoshiPrice,usdPrice,exchangeLogId,created,bestPair,sellTotalBtc,volume,pairPrice,activePairs,sellTotal,volumeBtc,buyTotalBtc,coinId
1,[],3,[],2019-05-14 10:16:59,30854.26121296837,0.010393039999999999223323499109028489328920841217041015625,0.0000008325542159759999,7627606,2019-05-14 10:16:59,btc,1.8890243738735848,55.8439055625,0.010393039999999999223323499109028489328920841217041015625,btc,21.263639857493,0.0,0.248179159474895,1
1,[],4,[],2019-05-14 10:17:00,251113.95462176,0.01012367,0.0000008109758203229999,7627607,2019-05-14 10:17:00,btc,7.706258300845184,0.0,0.01012367,btc,332.30097119,2.5585793,0.2764119411494239,1
1,[],5,[],2019-05-14 10:17:03,0.0,0,0,7627608,2019-05-14 10:17:03,btc,0.0,0.0306699,0,btc,0.0,0.0,0.0,1
1,[],10,[],2019-05-14 10:17:06,256830.79940262,0.00780264,0.0000006250453022159999,7627609,2019-05-14 10:17:06,btc,6521.972757746663,1661.47580836,0.00780264,btc,1185.61293877,0.0,2.621213437681158,1
1,[],12,[],2019-05-14 10:17:10,80.63979696,0.010540000000000000757172102794356760568916797637939453125,0.0000008443267260000001,7627610,2019-05-14 10:17:10,btc,0.11663370106120001,0.0,0.010540000000000000757172102794356760568916797637939453125,btc,6.86605982,0.4662013476054,0.3770432884364,1
1,[],20,[],2019-05-14 10:17:11,969.1581,0.01025,0.000000821095725,7627611,2019-05-14 10:17:11,btc,0.2299417315517,5.9067,0.01025,btc,17.4153,0.0630474656033,0.1119655034339,1
1,[],21,[],2019-05-14 10:17:13,1772.71098173,0.01026842000000000032500224734,0.000000822571294098,7627612,2019-05-14 10:17:13,btc,9.711361534036985,12622.043130400001,0.010268420000000000325002247336669825017452239990234375,"btc,eth",1251.98749536,126.97119017463994,9.938502068239558,1
0,[],22,[],2019-05-14 10:17:16,0.0,0,0,7627613,2019-05-14 10:17:16,,0.31629903,0.0,0,,0.2505752479991019,0.0,0.0,1
1,[],24,[],2019-05-14 10:17:17,0.0,0.000000000000,0,7627614,2019-05-14 10:17:17,btc,0.0,0.0,0.000000000000,btc,0.0,0.0,0.0,1
0.0,[],25,[],2019-05-14 10:17:18,0.0,0,0,7627615,2019-05-14 10:17:18,btc,35.38499999876471,8076.05470382,0.0,btc,3370.01781164,83.7085,0.0,1
1,[],26,[],2019-05-14 10:17:21,0.0,0,0,7627616,2019-05-14 10:17:21,,0.0,0.0,0,,0.0,0.0,0.0,1
1,[],28,[],2019-05-14 10:17:38,986.4,0.00031124,0.000000024932471556,7627617,2019-05-14 10:17:38,btc,0.160832048,355492.3,0.00031124,btc,8.7307,0.0,0.015586096,1
0,[],2,[],2019-01-20 23:28:45,0.0,0,0,6477011,2019-01-20 23:28:45,,0.0,0.0,0,,0.0,0.0,0.0,1
1,[],5,[],2019-05-14 10:17:40,0.0,0,0,7627618,2019-05-14 10:17:40,btc,0.0,0.00065507,0,btc,0.0,0.0,0.0,2
1,[],22,[],2019-05-14 10:17:44,9148.0,0.00000001,0.000000000000801069,7627619,2019-05-14 10:17:44,BTC,21.00798779,0.0,0.00000001,"BTC,XMR",22601.96059725142,0.00142674,0.00095635,2
1,[],5,[],2019-05-14 10:17:46,0.0,0,0,7627620,2019-05-14 10:17:46,btc,0.0,0.18524016,0,btc,0.0,0.0,0.0,3
1,[],12,[],2019-05-14 10:17:47,3776464.046283,0.000000124,0.0000000000099332556,7627621,2019-05-14 10:17:47,btc,11597.369628027727,0.0,0.000000124,btc,3348931.97666764,0.00862199853960722,0.311839919373889,3
0,[],28,[],2019-05-14 10:17:50,0.0,0,0,7627622,2019-05-14 10:17:50,,0.0,0.0,0,,0.0,0.0,0.0,3
0,[],2,[],2019-01-20 23:31:32,0.0,0,0,6477077,2019-01-20 23:31:32,,0.0,0.0,0,,0.0,0.0,0.0,4
1,[],4,[],2019-04-26 19:14:12,610911.70993152,0.00000026,0.000000000013566046,7471614,2019-04-26 19:14:12,btc,31.457742656463164,0.0,0.00000026,btc,718733.71307795,0.00142695,0.0638464483338706,4
0,[],12,[],2019-04-25 23:08:22,0.0,0,0,7459310,2019-04-25 23:08:22,btc,1111851.94727753,0.0,0,btc,953412.0,0.0,0.0,5
0,[],2,[],2019-01-20 23:31:51,0.0,0,0,6477087,2019-01-20 23:31:51,,0.0,0.0,0,,0.0,0.0,0.0,6
1,[],11,[],2019-05-12 00:02:31,5042415.307535999,0.00000001,0.00000000000072476,7617400,2019-05-12 00:02:31,btc,9576.518911699495,10000.0,0.00000001,btc,47478529.75253575,0.0,0.05042415307536,6
1,[],3,[],2019-05-14 10:17:50,11148.73126845058,0.00012965000000000000720916382146441492295707575976848602294921875,0.000000010385859585,7627623,2019-05-14 10:17:50,btc,23.082836451701287,31.4440262926,0.00012965000000000000720916382146441492295707575976848602294921875,btc,296.917848843276,0.0,0.03444110963184814,7
1,[],4,[],2019-05-14 10:17:52,41949.14872009,0.00012100,0.0000000096929349,7627624,2019-05-14 10:17:52,btc,8.408841144970163,0.0,0.00012100,btc,41365.17846619,4.05730096,1.969449699543637,7
1,[],5,[],2019-05-14 10:17:54,0.0,0,0,7627625,2019-05-14 10:17:54,btc,0.0,0.74728397,0,btc,0.0,0.0,0.0,7
1,[],20,[],2019-04-07 22:06:50,3201475.0482,0.000000001,0.000000000000051590000000000004,7213932,2019-04-07 22:06:50,btc,30.8005781811902,0.0,0.000000001,btc,23077405.3926,0.0,0.0032014750482,8
0,[],2,[],2019-01-20 23:22:42,0.0,0,0,6476876,2019-01-20 23:22:42,,0.0,0.0,0,,0.0,0.0,0.0,9
0,[],23,[],2019-01-20 23:22:48,0.0,0,0,6476878,2019-01-20 23:22:48,,0.0,0.0,0,,0.0,0.0,0.0,9
1,[],4,[],2019-05-14 10:17:57,21185359.734182,0.00000050,0.00000000004005345,7627626,2019-05-14 10:17:57,btc,3.5791391971439435,0.0,0.00000050,btc,2993281.60375493,1.91369,0.7868660190638003,9
1,[],28,[],2019-05-14 10:18:01,18055.0,0.00000021,0.000000000016822448999999998,7627627,2019-05-14 10:18:01,btc,2708.775233808764,3556558.0,0.00000021,btc,25766.3492,0.0,0.00186155,9
1,[],1,[],2019-02-17 23:31:42,1822507.21,0.00000181000000000000003456111265232042484285557293333113193511962890625,0.000000000066086901,6701244,2019-02-17 23:31:42,btc,3.6990969245,17153386.5,0.00000181000000000000003456111265232042484285557293333113193511962890625,btc,1997391.71,31.11772986,3.2610482446,9
1,[],4,[],2019-02-17 11:22:43,4341674.27126056,0.00000002,0.0000000000007272960000000001,6696112,2019-02-17 11:22:43,btc,0.1997230937751353,0.0,0.00000002,btc,4109766.79808031,0.00215132,0.0479381022052112,10
0,[],2,[],2019-01-20 23:23:08,0.0,0,0,6476890,2019-01-20 23:23:08,,0.0,0.0,0,,0.0,0.0,0.0,12
1,[],4,[],2019-05-14 10:18:02,7245546.03135167,0.00000091,0.000000000072897279,7627628,2019-05-14 10:18:02,btc,5.523253373047863,0.0,0.00000091,btc,3857816.68132296,4.00578832,3.2877518492068956,12
1,[],5,[],2019-05-14 10:18:05,0.0,0,0,7627629,2019-05-14 10:18:05,btc,0.0,0.0840841,0,btc,0.0,0.0,0.0,12
0.0,[],25,[],2019-05-14 10:18:06,0.0,0,0,7627630,2019-05-14 10:18:06,,0.0,0.0,0.0,btc,0.0,0.0,0.0,12
1,[],4,[],2019-05-14 10:18:07,995820.83330299,0.00000661,0.000000000529506609,7627631,2019-05-14 10:18:07,btc,3.37751736781817,0.0,0.00000661,btc,303155.46399164,3.84889499,1.4761641630572961,13
1,[],10,[],2019-05-14 10:18:10,647305.85413628,0.00000672,0.0000000005383183679999999,7627632,2019-05-14 10:18:10,btc,666793.1626414396,30893.9385884,0.00000672,btc,702359.92203161,0.0,0.262678684155521,13
1,[],21,[],2019-05-14 10:18:13,1045199.54969339,0.000007240000000000000138244450609,0.000000000579973956,7627633,2019-05-14 10:18:13,btc,3.31681537964902,6859319.06598841,0.000007240000000000000138244450609281699371422291733324527740478515625,btc,395939.75215553,49.27250721,6.394440238975095,13
1,[],4,[],2019-05-14 10:18:15,950421.75983421,0.00000133,0.000000000106542177,7627634,2019-05-14 10:18:15,btc,271.1002065600325,0.0,0.00000133,btc,1295943.8379997,0.61859416,0.2459025021844934,14
1,[],12,[],2019-05-14 10:18:17,155332.84398384,0.00000084,0.00000000006728979599999999,7627635,2019-05-14 10:18:17,btc,13.622647406774204,0.0,0.00000084,btc,30462.53626621,0.0025177757742282,0.0141140099999851,14
1,[],26,[],2019-05-14 10:20:18,0.0,0.00000050,0.00000000004005345,7627636,2019-05-14 10:20:18,btc,0.0,0.0,0.00000050,btc,0.0,0.0,0.0,14
0,[],17,[],2019-05-03 00:53:32,0.0,0,0,7558876,2019-05-03 00:53:32,btc,0.0,0.0,0,btc,0.0,0.0,0.0,14
0,[],4,[],2019-05-14 10:20:18,0.0,0,0,7627637,2019-05-14 10:20:18,,0.0,0.0,0,,0.0,0.0,0.0,15
,[],12,[],2018-12-01 15:15:48,204241.84496,0.00000489,0.000000000202473384,5260204,2018-12-01 15:15:48,btc,49.5475654835,0.0,,btc,35763.2193806,0.0163153972027625,0.0203389899998,15
0,[],2,[],2019-01-20 23:23:38,0.0,0,0,6476906,2019-01-20 23:23:38,,0.0,0.0,0,,0.0,0.0,0.0,18
1,[],4,[],2019-05-14 10:20:20,607480.70315577,0.00001076,0.000000000861950244,7627638,2019-05-14 10:20:20,btc,1.1070460292877646,0.0,0.00001076,btc,14135.70539952,0.04438232,0.0826959992342185,18
1,[],10,[],2019-05-14 10:20:22,334217.40707927,0.00001498,0.000000001200001362,7627639,2019-05-14 10:20:22,btc,15.410946601924117,2616.62533686,0.00001498,btc,10034.13614971,0.0,0.4876723317412624,18
1,[],12,[],2019-05-14 10:20:23,222295.51655914,0.000010629999999999999868373519451569819693759200163185596466064453125,0.000000000851536347,7627640,2019-05-14 10:20:23,btc,33215.12577955539,0.0,0.000010629999999999999868373519451569819693759200163185596466064453125,btc,1604.0850956,0.0107843536385661,0.0137345400456895,18
0,[],17,[],2019-05-03 00:53:39,0.0,0,0,7558882,2019-05-03 00:53:39,btc,0.0,0.0,0,btc,0.0,0.0,0.0,18
1,[],3,[],2019-05-14 10:22:24,155737.52154126923,0.000012279999999999999317251871133738205799090792424976825714111328125,0.000000000983712732,7627641,2019-05-14 10:22:24,btc,0.19207827789908394,165.194884594,0.000012279999999999999317251871133738205799090792424976825714111328125,btc,3967.542953961255,0.0,0.0485220896782533,19
1,[],4,[],2019-05-14 10:22:25,199219.03840654,0.00001222,0.000000000978906318,7627642,2019-05-14 10:22:25,btc,4.668559317709539,0.0,0.00001222,btc,139269.53023458,0.54879769,0.9794185648894426,19
1,[],5,[],2019-05-14 10:22:27,0.0,0,0,7627643,2019-05-14 10:22:27,btc,0.0,0.00013547,0,btc,0.0,0.0,0.0,19
1,[],12,[],2019-05-14 10:22:28,205652.48108756,0.000010040000000000000435055637348913393225302570499479770660400390625,0.000000000804273276,7627644,2019-05-14 10:22:28,btc,0.3003631880448059,0.0,0.000010040000000000000435055637348913393225302570499479770660400390625,btc,3065.34453584,0.0,0.081415819999872,19
0,[],2,[],2019-01-20 23:24:19,0.0,0,0,6476924,2019-01-20 23:24:19,,0.0,0.0,0,,0.0,0.0,0.0,19
1,[],27,[],2019-05-14 10:22:35,100.0,0.0000001,0.00000000000801069,7627645,2019-05-14 10:22:35,btc,0.0,0.0,0.0000001,btc,0.0,0.0,1e-05,19
1,[],4,[],2019-05-14 10:22:35,1333878.57391266,0.00000009,0.0000000000072096209999999995,7627646,2019-05-14 10:22:35,btc,5.273110437230553,0.0,0.00000009,btc,2259170.28595418,0.0,0.0457385352282092,20
1,[],4,[],2019-05-14 10:22:36,71664004.31851692,0.00000001,0.000000000000801069,7627647,2019-05-14 10:22:36,btc,39333.34932464603,0.0,0.00000001,btc,58321452.60171665,0.01433336,0.7166400431851692,21
1,[],12,[],2019-05-14 10:22:37,5098087.0,0.00000001,0.000000000000801069,7627648,2019-05-14 10:22:37,btc,2895.6606994458243,0.0,0.00000001,btc,7179937.54845151,1.998002e-08,0.050980870000000005,21
0,[],17,[],2019-05-03 00:53:51,0.0,0,0,7558891,2019-05-03 00:53:51,btc,0.0,0.0,0,btc,0.0,0.0,0.0,21
1,[],12,[],2019-05-14 10:24:39,7780393646.316,0.0000000005,0.00000000000004005345,7627649,2019-05-14 10:24:39,btc,311118500827.3711,0.0,0.0000000005,btc,3532595543.862542,0.07879178733476523,1.892005539158,23
0.0000000002563518,[],27,[],2019-05-14 10:24:46,93291408.0,7.690554e-18,6.160664402226e-22,7627650,2019-05-14 10:24:46,eth,1194.0547707051815,1648631156.746263,0.00000003,eth,43570274.52422128,1.267888693642746e-08,4.72542147839316e-10,23
1,[],4,[],2019-05-14 10:24:47,751711.44340812,0.00000026,0.000000000020827794,7627651,2019-05-14 10:24:47,btc,14.454182916683179,0.0,0.00000026,btc,2045926.63827729,0.0094727,0.0192970166628376,24
1,[],22,[],2019-05-14 10:24:50,21.76,0.00000100,0.0000000000801069,7627652,2019-05-14 10:24:50,BTC,7.415e-05,0.0,0.00000100,BTC,23.919354838709676,0.0,1.186e-05,24
0.0,[],25,[],2019-05-14 10:24:51,0.0,0,0,7627653,2019-05-14 10:24:51,,0.0,0.0,0.0,btc,0.0,0.0,0.0,24
1,[],4,[],2019-05-14 10:24:52,26947828.98213504,0.00000385,0.000000000308411565,7627654,2019-05-14 10:24:52,btc,11.335714628033507,0.0,0.00000385,btc,362471.27585313,0.14674384,0.3740343628899094,26
1,[],10,[],2019-05-14 10:24:54,161107.80667254,0.00000836,0.0000000006696936839999999,7627655,2019-05-14 10:24:54,btc,25.346737587415042,2473.47587595,0.00000836,btc,18265.93132041,0.0,0.0871571785319074,26
0,[],2,[],2019-01-20 23:25:56,0.0,0,0,6476976,2019-01-20 23:25:56,,0.0,0.0,0,,0.0,0.0,0.0,26
1,[],11,[],2019-04-30 04:16:17,7094566.83690364,0.00000006,0.000000000003115554,7518027,2019-04-30 04:16:17,btc,67504.138725751,6116.07566417,0.00000006,btc,6591680.7351637,0.0,0.38529422037817224,27
1,[],5,[],2019-04-26 09:47:06,0.0,0,0,7465326,2019-04-26 09:47:06,btc,0.0,0.0,0,btc,0.0,0.0,0.0,27
1,[],3,[],2019-04-28 02:38:55,141621.60361514,0.00000001,0.0000000000005253330000000001,7491060,2019-04-28 02:38:55,btc,2.501704004580372,921815.184511,0.00000001,btc,21091882.2176418,0.0,0.0014162160361513999,27
1,[],4,[],2019-05-14 10:24:55,1283105236.3111618,0.00000001,0.000000000000801069,7627656,2019-05-14 10:24:55,btc,4.26780822990241,0.0,0.00000001,"btc,ltc",279227472.3273881,0.2099167,8.786891998588375,29
1,[],7,[],2019-05-14 10:24:57,113331245.61148065,0.00000001,0.000000000000801069,7627657,2019-05-14 10:24:57,btc,46550610.570206225,2196.11144664,0.00000001,btc,42539464.89006518,2.196e-05,1.1333124561148065,29
1,[],4,[],2019-05-14 10:24:58,1765298.09286615,0.00000007,0.000000000005607483,7627658,2019-05-14 10:24:58,btc,2.675696179994406,0.0,0.00000007,btc,2048166.55635047,0.00214379,0.034494038252826,30
0,[],17,[],2019-05-03 01:11:25,0.0,0,0,7559066,2019-05-03 01:11:25,btc,0.0,0.0,0,btc,0.0,0.0,0.0,30
1,[],4,[],2019-05-14 10:26:59,1152274.83096064,0.00004231,0.0000000033893229389999998,7627659,2019-05-14 10:26:59,btc,5.945903433838455,0.0,0.00004231,btc,60235.53040131,1.15550941,0.6757788594462539,31
1,[],21,[],2019-05-14 10:27:00,61374.77190692,0.00004149999999999999907495870644,0.00000000332443635,7627660,2019-05-14 10:27:00,btc,6.144258928366758,196263.37267699,0.0000414999999999999990749587064353676169048412702977657318115234375,btc,119042.75031812,8.57752729,2.212569031290769,31
0,[],2,[],2019-01-20 23:28:43,0.0,0,0,6477009,2019-01-20 23:28:43,,0.0,0.0,0,,0.0,0.0,0.0,32
0,[],4,[],2019-05-14 10:27:01,0.0,0,0,7627661,2019-05-14 10:27:01,,0.0,0.0,0,,0.0,0.0,0.0,33
1,[],12,[],2019-03-30 07:55:10,40641173.964,0.00000003,0.000000000001228359,7108785,2019-03-30 07:55:10,btc,4233210.82356125,0.0,0.00000003,btc,28378394.68333462,0.0126927883965248,0.90752895892,33
0,[],4,[],2019-05-14 10:27:04,0.0,0,0,7627662,2019-05-14 10:27:04,,3.109976070182074,0.0,0,,140029218.02803883,0.0,0.0,34
1,[],5,[],2019-05-14 10:27:05,0.0,0,0,7627663,2019-05-14 10:27:05,btc,0.0,0.03242498,0,btc,0.0,0.0,0.0,34
0.000000000133684,[],4,[],2019-05-02 18:17:45,3384239970.6360936,1.3368400000000002e-18,7.293946092400001e-23,7556428,2019-05-02 18:17:45,ltc,5.381102735485169e-08,0.0,0.00000001,ltc,6862894551.7408495,0.0,4.524187362345155e-09,36
1,[],5,[],2019-05-02 18:17:46,0.0,0,0,7556429,2019-05-02 18:17:46,btc,0.0,0.0,0,btc,0.0,0.0,0.0,36
0.0000000002926451,[],17,[],2019-05-02 18:17:47,200000.0,2.9264510000000002e-18,1.596703856561e-22,7556430,2019-05-02 18:17:47,eth,0.20942468735267253,0.0,0.00000001,"btc,eth",1018272.20243647,0.0,5.852902e-13,36
0.000000000133684,[],27,[],2019-05-02 18:17:55,7883196.008,1.3368400000000002e-18,7.293946092400001e-23,7556431,2019-05-02 18:17:55,ltc,25567.4086131264,0.0,0.00000001,"ltc,eth",21753551.64,0.0,1.0538571751334722e-11,36
1,[],4,[],2019-05-14 10:27:06,209812.78308012,0.00000019,0.000000000015220311,7627664,2019-05-14 10:27:06,btc,19772.65543164067,0.0,0.00000019,btc,795126.36310902,0.00876245,0.0085726669974124,37
1,[],12,[],2019-05-14 10:27:07,1853894.0,0.0000002,0.00000000001602138,7627665,2019-05-14 10:27:07,btc,19604.288601598564,0.0,0.0000002,btc,391812.19080182,0.0363411767032952,0.19518222,37
1,[],17,[],2019-05-03 01:11:36,211752.74075282,0.00000025,0.000000000013700074999999998,7559074,2019-05-03 01:11:36,btc,0.055484923955058496,0.0,0.00000025,"btc,eth",1387.19918473,0.0,0.0005381851887916605,37
1,[],27,[],2019-05-14 09:30:56,1600.0,0.00000015,0.000000000012113415,7627516,2019-05-14 09:30:56,btc,24.12547123602533,0.0,0.00000015,btc,5824.04443503,0.0,3e-05,37
1,[],5,[],2019-05-14 09:30:59,0.0,0,0,7627517,2019-05-14 09:30:59,btc,0.0,0.19077205,0,btc,0.0,0.0,0.0,42
1,[],12,[],2019-05-14 09:31:00,347001.17803286,0.000001830000000000000054831898570195658493275914224795997142791748046875,0.000000000147783663,7627518,2019-05-14 09:31:00,btc,2227606.2683618516,0.0,0.000001830000000000000054831898570195658493275914224795997142791748046875,btc,99870.58396323,0.1236394844759107,0.0604883298030297,42
1,[],27,[],2019-05-14 09:31:13,506.0,0.00000002,0.000000000001615122,7627519,2019-05-14 09:31:13,btc,1.1837845831768,0.0027843,0.00000002,"btc,eth",1283.4448157,7e-08,3.0000004006776033e-06,42
1,[],12,[],2019-03-13 09:13:29,1112112.0,0.00000001,0.000000000000386531,6919902,2019-03-13 09:13:29,btc,29058.00478931866,0.0,0.00000001,btc,5967681.93306694,9.99000999e-07,0.01112112,43
1,[],5,[],2019-04-26 22:38:52,0.0,0,0,7474154,2019-04-26 22:38:52,btc,0.0,0.02638891,0,btc,0.0,0.0,0.0,43
0,[],17,[],2019-04-26 22:38:53,0.0,0,0,7474155,2019-04-26 22:38:53,btc,0.0,0.0,0,btc,0.0,0.0,0.0,43
1,[],12,[],2019-03-05 01:54:08,639326.02,0.00000004,0.000000000001486676,6845775,2019-03-05 01:54:08,btc,11116042.728239931,0.0,0.00000004,btc,1103841.4595604,0.0003330765234764,0.014975410599999999,44
1,[],4,[],2019-05-14 09:31:14,118178221.89407992,0.00000001,0.000000000000807561,7627520,2019-05-14 09:31:14,btc,1345.9425779558517,0.0,0.00000001,"btc,ltc",24054432.81562173,0.00095327,0.17993995479012115,49
0.0000000001123138,[],4,[],2019-05-14 09:31:15,125259582.8582569,8.3112212e-17,6.7118181034932e-21,7627521,2019-05-14 09:31:15,ltc,21867.972000541,0.0,0.00000074,ltc,108756559.70949903,0.00687676,2.01297845062028e-09,52
0,[],22,[],2019-05-14 09:31:18,0.0,0,0,7627522,2019-05-14 09:31:18,,10289.59427673,0.0,0,,308568058.4566013,0.0,0.0,57
0,[],27,[],2019-05-14 09:31:24,0.0,0,0,7627523,2019-05-14 09:31:24,,0.0,0.0,0,"btc,eth",0.0,0.0,0.0,57
0.0000000001123138,[],4,[],2019-05-14 09:31:25,813708518.5561304,1.123138e-18,9.070024464179999e-23,7627524,2019-05-14 09:31:25,ltc,19.110660157990765,0.0,0.00000001,ltc,6162865566.935694,0.0,9.139069581140952e-10,58
1,[],12,[],2019-05-14 09:31:26,1481961600.0,0.0000000001,0.00000000000000807561,7627525,2019-05-14 09:31:26,btc,118396233.31095007,0.0,0.0000000001,btc,4657813572.4016075,0.00989357538021978,0.14819616,58
0.0000000001022183,[],22,[],2019-05-14 09:33:31,126877.0,1.022183e-18,8.254751256629999e-23,7627526,2019-05-14 09:33:31,XMR,69.17853806,0.0,0.00000001,XMR,9877401.6,1.0677723617999999e-14,0.00126877,58
1,[],17,[],2019-05-03 01:12:09,1200000.0,0.0000000001,0.00000000000000548003,7559085,2019-05-03 01:12:09,btc,1e+24,0.0,0.0000000001,"btc,eth",39516342.31952568,0.0,0.00010000000058666061,58
1,[],5,[],2019-05-14 09:33:32,0.0,0,0,7627527,2019-05-14 09:33:32,btc,0.0,0.03175774,0,btc,0.0,0.0,0.0,61
1,[],22,[],2019-05-14 09:33:35,13613.833333333334,0.00000012,0.000000000009690732,7627528,2019-05-14 09:33:35,BTC,1002.33190883,0.0,0.00000012,BTC,15392.180177125656,0.0,0.00153269,61
1,[],26,[],2019-05-14 09:33:36,0.0,0.00000050,0.00000000004037805,7627529,2019-05-14 09:33:36,btc,0.0,0.0,0.00000050,btc,0.0,0.0,0.0,61
1,[],27,[],2019-05-14 09:33:40,101000.0,0.00000001,0.000000000000807561,7627530,2019-05-14 09:33:40,btc,1.9482732497246655,0.0,0.00000001,"btc,eth",13266.51663696,0.0,1.00000002575711e-05,61
1,[],28,[],2019-05-14 09:33:52,1039.304,0.00000008,0.000000000006460488,7627531,2019-05-14 09:33:52,btc,2.056501795415105,731.0,0.00000008,btc,10022.46650005,0.0,2.439304e-05,61
1,[],4,[],2019-05-14 09:33:53,1209318.01368077,0.00000096,0.000000000077525856,7627532,2019-05-14 09:33:53,btc,2.1694484359750863,0.0,0.00000096,btc,722959.31659739,0.07612724,0.77455836932871,67
0.0,[],25,[],2019-05-14 09:33:55,0.0,0,0,7627533,2019-05-14 09:33:55,,0.0,0.0,0.0,btc,0.0,0.0,0.0,67
1,[],12,[],2019-05-14 09:33:56,1434968.0,0.00000007,0.000000000005652927,7627534,2019-05-14 09:33:56,btc,55556353.34705978,0.0,0.00000007,btc,1438919.655369,0.0004356344055963,0.02065487,71
,[],5,[],2018-11-20 23:02:39,1.5e-07,0.00000005,0.000000000002128045,4862160,2018-11-20 23:02:39,btc,2.84511358,0.0,,btc,0.00036572,0.0,0.07381892,74
1,[],5,[],2019-05-14 09:33:57,0.0,0,0,7627535,2019-05-14 09:33:57,btc,0.0,0.02409155,0,btc,0.0,0.0,0.0,75
0,[],4,[],2019-05-14 09:33:58,0.0,0,0,7627536,2019-05-14 09:33:58,,133652.3011299294,0.0,0,,33330499.19946143,0.0087177,0.0,81
0,[],20,[],2019-01-25 09:30:31,0.0,0,0,6495923,2019-01-25 09:30:31,btc,0.0,0.0,0,btc,0.0,0.0,0.0,81
1,[],4,[],2019-05-14 09:34:01,24466.99383538,0.00006022,0.000000004863132342,7627537,2019-05-14 09:34:01,btc,18.957417282892123,0.0,0.00006022,btc,31895.3353256,0.83872195,0.2414770143845437,82
1,[],21,[],2019-05-14 09:34:02,313913.03855406,0.00005836999999999999849155385423,0.000000004713733557,7627538,2019-05-14 09:34:02,btc,4.22358087137483,40121.72008032,0.00005836999999999999849155385422960762298316694796085357666015625,btc,58437.93013317,2.37073322,2.080682789839219,82
0,[],17,[],2019-03-25 22:42:34,0.0,0,0,7038780,2019-03-25 22:42:34,btc,0.0445064681804024,0.0,0,btc,995513.18476001,0.0,0.0,84
0.00000000013644,[],4,[],2019-05-01 19:17:39,299701867.376,1.3644e-18,7.259508504e-23,7542161,2019-05-01 19:17:39,ltc,1.6769037726995486,0.0,0.00000001,ltc,427823536.87452894,0.00010978,4.089132278478144e-10,85
,[],22,[],2018-11-20 23:09:34,3408.1,0.0000001,0.0000000000041895,4862324,2018-11-20 23:09:34,BTC,0.04624735,0.0,,BTC,4990.0,0.0,0.00033081,86
1,[],22,[],2019-05-14 09:34:05,85999.0,0.00000001,0.000000000000807561,7627539,2019-05-14 09:34:05,BTC,3.66445213,0.0,0.00000001,BTC,336978.29736842104,0.0,0.00085999,87
0,[],27,[],2019-05-14 09:34:13,0.0,0,0,7627540,2019-05-14 09:34:13,,4.961702540736,24.0,0,btc,19924.62841,4.8e-07,0.0,87
,[],2,[],2018-11-20 23:10:47,0.0,0,0,4862359,2018-11-20 23:10:47,,0.0,0.0,,,0.0,0.0,0.0,88
1,[],11,[],2019-05-14 09:34:15,66651.85393265,0.000121360000000000003571483386810569982117158360779285430908203125,0.000000009800560296,7627541,2019-05-14 09:34:15,btc,175.04863991070127,2313.01048816,0.000121360000000000003571483386810569982117158360779285430908203125,btc,181846.84991014,0.0,2.9169976680447927,89
1,[],12,[],2019-05-14 09:34:16,459531.11317071,0.00000041,0.000000000033110000999999997,7627542,2019-05-14 09:34:16,btc,89.86875834594635,0.0,0.00000041,btc,186103.70122992,0.0002974817123855,0.0502124760999911,91
1,[],22,[],2019-05-14 09:36:19,75900.55,0.0000002,0.00000000001615122,7627543,2019-05-14 09:36:19,BTC,0.495,0.0,0.0000002,"BTC,LTC",4.95,5.279e-05,0.00165911,91
0,[],2,[],2019-01-20 23:31:45,0.0,0,0,6477083,2019-01-20 23:31:45,,0.0,0.0,0,,0.0,0.0,0.0,91
0,[],17,[],2019-05-03 01:12:26,0.0,0,0,7559096,2019-05-03 01:12:26,btc,0.0,0.0,0,btc,0.0,0.0,0.0,91
1,[],22,[],2019-04-09 20:17:52,374949.73333333334,0.00000015,0.000000000007771935,7235704,2019-04-09 20:17:52,BTC,6.87372503,0.0,0.00000015,"BTC,LTC",159980.01196797504,1.1e-05,0.80510266,95
0.0000000001123138,[],4,[],2019-05-14 09:36:20,545655971.5933702,7.1880832e-17,5.8048156570751995e-21,7627544,2019-05-14 09:36:20,ltc,11.255220641530194,0.0,0.00000064,ltc,129291281.77593409,0.09932256,1.147068531083722e-09,96
0,[],12,[],2019-05-14 09:36:21,0.0,0,0,7627545,2019-05-14 09:36:21,btc,25054.270923736472,0.0,0,btc,7550281.46658341,0.0,0.0,96
0,[],17,[],2019-05-03 01:12:32,0.0,0,0,7559100,2019-05-03 01:12:32,btc,0.0,0.0,0,btc,0.0,0.0,0.0,96
1,[],4,[],2019-04-14 03:32:46,1039404.33283278,0.00000038,0.000000000019245518,7293458,2019-04-14 03:32:46,btc,4.170086055365747,0.0,0.00000038,btc,3097704.34561074,0.06260606,0.1859928211030784,99
1,[],4,[],2019-05-14 09:38:23,398365.06576365,0.00002778,0.000000002243404458,7627546,2019-05-14 09:38:23,btc,7.11895842881434,0.0,0.00002778,btc,125174.59991598,0.43975873,0.6571523161466837,100
0,[],2,[],2019-01-20 23:23:55,0.0,0,0,6476914,2019-01-20 23:23:55,,0.0,0.0,0,,0.0,0.0,0.0,100
1,[],22,[],2019-05-14 09:38:27,130000.0,0.00000001,0.000000000000807561,7627547,2019-05-14 09:38:27,BTC,24.83526409,0.0,0.00000001,BTC,11187.719,0.0,0.0013,101
1,[],4,[],2019-05-14 09:38:29,508858.53189623,0.00000380,0.00000000030687318,7627548,2019-05-14 09:38:29,btc,256.30146871964314,0.0,0.00000380,btc,510139.25089996,0.54050091,0.2551349894238631,103
1,[],12,[],2019-05-14 09:38:32,92755153.76392001,0.000000006,0.0000000000004845366,7627549,2019-05-14 09:38:32,btc,468538266.76604,0.0,0.000000006,btc,95829491.27922198,0.01352729303696362,0.24842607696776006,105
0,[],27,[],2019-05-14 09:38:37,0.0,0,0,7627550,2019-05-14 09:38:37,,0.0580090451331397,0.0,0,btc,588608.63747933,0.0,0.0,105
1,[],22,[],2019-04-21 00:17:26,21333.0,0.00000001,0.000000000000532493,7385819,2019-04-21 00:17:26,BTC,51.38182867,0.0,0.00000001,BTC,470435.0,0.0,0.00021333,107
1,[],26,[],2019-04-21 00:17:26,0.0,0.00000000,0,7385820,2019-04-21 00:17:26,btc,0.0,0.0,0.00000000,btc,0.0,0.0,0.0,107
1,[],5,[],2019-05-14 09:38:39,0.0,0,0,7627551,2019-05-14 09:38:39,btc,0.0,0.0,0,btc,0.0,0.0,0.0,112
1,[],22,[],2019-05-14 09:40:41,0.0,0.00000001,0.000000000000807561,7627552,2019-05-14 09:40:41,BTC,1.00028,0.0,0.00000001,BTC,7.0,0.0,0.0,112
1,[],27,[],2019-05-14 09:40:52,1.0,0.00000001,0.000000000000807561,7627553,2019-05-14 09:40:52,btc,1.25032588,0.0,0.00000001,"btc,eth",1819.0,0.0,1e-08,112
1,[],4,[],2019-05-14 09:40:53,359785.45735409,0.00000156,0.000000000125979516,7627554,2019-05-14 09:40:53,btc,4.677665617549319,0.0,0.00000156,btc,509946.74538961,0.06817248,0.191298140005847,113
1,[],5,[],2019-05-14 09:40:54,0.0,0,0,7627555,2019-05-14 09:40:54,btc,0.0,0.0,0,btc,0.0,0.0,0.0,113
1,[],17,[],2019-04-26 02:17:47,162738.278,0.00000004,0.0000000000021069000000000002,7461287,2019-04-26 02:17:47,btc,1.3331140273775473,0.0,0.00000004,btc,51796.221,0.0,0.00230953112,116
0,[],27,[],2019-04-26 02:19:51,0.0,0,0,7461288,2019-04-26 02:19:51,,0.0,0.0,0,,0.0,0.0,0.0,116
1,[],4,[],2019-05-07 20:09:28,131822.85721655,0.00001022,0.00000000060230548,7572994,2019-05-07 20:09:28,btc,132.18460413545117,0.0,0.00001022,btc,268070.13193351,0.06918336,1.0489745103085106,120
1,[],7,[],2019-05-07 20:09:30,9501.79941055,0.000011699999999999999788190263583231853772304020822048187255859375,0.0000000006895277999999999,7572995,2019-05-07 20:09:30,btc,231185.88817567716,62.23644451,0.000011699999999999999788190263583231853772304020822048187255859375,btc,4076.97424313,0.00072692,0.018013380795019,120
1,[],20,[],2019-04-07 18:42:29,1914137.0852,0.000000035,0.0000000000017871910000000002,7211992,2019-04-07 18:42:29,btc,32.2497668025648,25528.85,0.000000035,btc,1001975.4986,0.00089350975,0.0152723574729,125
1,[],22,[],2019-05-14 09:40:57,10000.0,0.00000001,0.000000000000807561,7627556,2019-05-14 09:40:57,BTC,0.032061,0.0,0.00000001,BTC,299316.7611111111,0.0,0.0001,126
1,[],4,[],2019-05-14 09:40:59,2259793.83130501,0.00000651,0.000000000525722211,7627557,2019-05-14 09:40:59,btc,3.328112323608012,0.0,0.00000651,btc,163710.54257694,0.1404303,0.8567141662912606,131
0,[],2,[],2019-01-20 23:25:46,0.0,0,0,6476969,2019-01-20 23:25:46,,0.0,0.0,0,,0.0,0.0,0.0,131
1,[],17,[],2019-05-03 01:13:10,10000.0,0.00000001,0.000000000000548003,7559115,2019-05-03 01:13:10,btc,0.0953976503951408,0.0,0.00000001,btc,5037.62507334,0.0,0.0001,131
1,[],4,[],2019-05-14 09:43:00,4737.7998533,0.00010335,0.000000008346142935,7627558,2019-05-14 09:43:00,btc,5.036286813051286,0.0,0.00010335,btc,209.8410079,0.00688728,0.0096456928699766,135
1,[],3,[],2019-05-14 09:43:00,229965.7525,0.00000002,0.000000000001615122,7627559,2019-05-14 09:43:00,btc,0.20777108262735938,250145.657254,0.00000002,btc,1674357.25372,0.0,0.002491607525,136
1,[],4,[],2019-05-14 09:43:02,2650731.14192601,0.00000180,0.00000000014536098,7627560,2019-05-14 09:43:02,btc,318.77405867456224,0.0,0.00000180,btc,532278.01714132,0.02082435,0.5678646640725414,137
1,[],12,[],2019-05-14 09:43:03,324272.5840426,0.000001870000000000000095373470405946125794116596807725727558135986328125,0.00000000015101390700000002,7627561,2019-05-14 09:43:03,btc,48531.25369167016,0.0,0.000001870000000000000095373470405946125794116596807725727558135986328125,btc,42351.65209715,0.000731058731278,0.0236926657271118,137
1,[],4,[],2019-05-14 09:43:04,48743.70741298,0.00002820,0.00000000227732202,7627562,2019-05-14 09:43:04,btc,6.037235046346573,0.0,0.00002820,btc,86745.88562035,0.5306098,0.1682384877663107,142
1,[],5,[],2019-05-14 09:43:05,0.0,0,0,7627563,2019-05-14 09:43:05,btc,0.0,0.04143743,0,btc,0.0,0.0,0.0,142
1,[],20,[],2019-05-14 09:45:09,162672.5883,0.00002856,0.000000002306394216,7627564,2019-05-14 09:45:09,btc,1.7315150877173,0.02,0.00002856,btc,8790.68,5.714e-07,0.046361158306,142
1,[],22,[],2019-05-14 09:45:13,1370.0,0.00000200,0.0000000001615122,7627565,2019-05-14 09:45:13,BTC,3.2756588,0.0,0.00000200,BTC,1135.5948275773155,0.0,0.0003632,142
0.0,[],25,[],2019-05-14 09:45:14,0.0,0,0,7627566,2019-05-14 09:45:14,,0.0,0.0,0.0,btc,0.0,0.0,0.0,142
1,[],28,[],2019-05-14 09:45:33,79102.0,0.00003311,0.000000002673834471,7627567,2019-05-14 09:45:33,btc,0.0555251924,231954.9674,0.00003311,btc,438.37303,0.0,0.07347342,142
1,[],17,[],2019-05-03 01:13:16,32967.38636364,0.00000088,0.000000000048224264,7559122,2019-05-03 01:13:16,btc,20.06976206696776,0.0,0.00000088,btc,2746.079105,0.0,0.0105613000000032,142
0,[],22,[],2019-05-14 09:45:36,0.0,0,0,7627568,2019-05-14 09:45:36,,64.21505383,0.0,0,,691775795.8,0.0,0.0,143
0,[],22,[],2019-02-25 15:42:22,0.0,0,0,6783783,2019-02-25 15:42:22,,4.2131946,0.0,0,,2322156.0,0.0,0.0,146
,[],22,[],2018-11-20 23:01:11,0.0,0,0,4862114,2018-11-20 23:01:11,,2.56807021,0.0,,,61828.4988236,0.0,0.0,147
1,[],12,[],2019-04-21 06:38:04,193091.5971266,0.00000071,0.000000000037635183,7388679,2019-04-21 06:38:04,btc,2.301232411611175,0.0,0.00000071,btc,9957.48302385,0.00023528,0.0313308199999888,148
1,[],4,[],2019-03-19 21:31:25,255810.0415942,0.00000029,0.000000000011615747,6982695,2019-03-19 21:31:25,btc,218.94922712414143,0.0,0.00000029,btc,793529.37642722,0.00117,0.0608347789473395,152
0,[],22,[],2019-03-19 21:31:27,0.0,0,0,6982696,2019-03-19 21:31:27,,0.0,0.0,0,,0.0,0.0,0.0,152
1,[],5,[],2019-04-26 09:36:59,0.0,0,0,7465040,2019-04-26 09:36:59,btc,0.0,0.0,0,btc,0.0,0.0,0.0,153
,[],16,[],2019-01-11 15:38:59,0.0,0,0,6366141,2019-01-11 15:38:59,btc,0.0,0.0,,btc,0.0,0.0,0.0,155
0,[],22,[],2019-05-11 16:24:45,0.0,0,0,7616280,2019-05-11 16:24:45,,6.80191271,0.0,0,,4673448.342592592,0.0,0.0,156
0,[],23,[],2019-01-20 23:24:29,0.0,0,0,6476932,2019-01-20 23:24:29,,0.0,0.0,0,,0.0,0.0,0.0,156
1,[],22,[],2019-05-14 09:45:40,7066.0,0.00000800,0.0000000006460488,7627569,2019-05-14 09:45:40,BTC,1.79802465,0.0,0.00000800,BTC,802.6461988741639,0.0,0.00062996,157
0,[],22,[],2019-05-07 22:25:46,0.0,0,0,7574238,2019-05-07 22:25:46,,50234.60468402,0.0,0,,54786159.03179465,0.0,0.0,158
,[],17,[],2018-11-20 22:56:10,0.0,0,0,4861976,2018-11-20 22:56:10,btc,1.1265625,0.0,,btc,1000.0,0.0,0.0,159
,[],20,[],2018-11-20 22:56:12,0.0,0,0,4861977,2018-11-20 22:56:12,btc,11912.7940471,0.0,,btc,34413894.3617,0.0,0.0,159
1,[],12,[],2019-05-14 09:45:41,267489.0486203,0.00000302999999999999978877139594768408414893201552331447601318359375,0.00000000024469098299999996,7627570,2019-05-14 09:45:41,btc,26.15491360447895,0.0,0.00000302999999999999978877139594768408414893201552331447601318359375,btc,13168.426354790001,0.0025210297151824,0.0498881928999491,168
1,[],17,[],2019-05-03 01:13:36,42852.0,0.00000002,0.000000000001096006,7559132,2019-05-03 01:13:36,btc,0.04279856251542,0.0,0.00000002,btc,274.46171372,0.0,0.00052852,168
1,[],22,[],2019-05-07 03:57:18,743122.0,0.00000001,0.000000000000593596,7562020,2019-05-07 03:57:18,BTC,41.40912107,0.0,0.00000001,BTC,1593401.2737547632,0.00342649,0.00743122,169
1,[],22,[],2019-05-14 09:47:45,303135.0,0.00000009,0.000000000007268049,7627571,2019-05-14 09:47:45,BTC,27.8591798,0.0,0.00000009,BTC,435261.0737821733,0.0007096,0.00657675,171
1,[],22,[],2019-05-14 09:47:51,225203.0,0.00000008,0.000000000006460488,7627572,2019-05-14 09:47:51,BTC,10824.11771056,0.0,0.00000008,"BTC,LTC",803858.68184906,0.00553374,0.00886224,173
1,[],5,[],2019-05-06 19:49:32,0.0,0,0,7559281,2019-05-06 19:49:32,btc,0.0,0.00023336,0,btc,0.0,0.0,0.0,175
1,[],22,[],2019-05-14 09:47:55,90671.0,0.00000001,0.000000000000807561,7627573,2019-05-14 09:47:55,BTC,394.35459412,0.0,0.00000001,BTC,136275.61833431243,0.0,0.00090671,176
1,[],7,[],2019-05-14 09:47:58,0.0,0,0,7627574,2019-05-14 09:47:58,btc,520274.28919346945,0.0,0,btc,27934007.27789555,0.0,0.0,178
0,[],22,[],2019-05-14 09:48:01,0.0,0,0,7627575,2019-05-14 09:48:01,,1.00242428,0.0,0,,57512.0,0.0,0.0,178
0,[],2,[],2019-01-20 23:28:34,0.0,0,0,6477001,2019-01-20 23:28:34,,0.0,0.0,0,,0.0,0.0,0.0,178
1,[],5,[],2019-05-14 09:48:05,0.0,0,0,7627576,2019-05-14 09:48:05,btc,0.0,0.06078489,0,btc,0.0,0.0,0.0,179
1,[],22,[],2019-05-14 09:48:09,2000676.0,0.00000001,0.000000000000807561,7627577,2019-05-14 09:48:09,BTC,5.32298207,0.0,0.00000001,BTC,13978945.311946675,1e-06,0.02000676,179
0,[],23,[],2019-01-20 23:25:08,0.0,0,0,6476952,2019-01-20 23:25:08,,0.0,0.0,0,,0.0,0.0,0.0,179
1,[],22,[],2019-05-14 09:50:14,665532.982953083,0.00000117,0.000000000094484637,7627578,2019-05-14 09:50:14,BTC,41.99928497,0.0,0.00000117,"BTC,LTC",66016.91260012395,0.00047806,0.56532963,180
1,[],26,[],2019-05-14 09:50:14,0.0,0.00000250,0.00000000020189025,7627579,2019-05-14 09:50:14,btc,0.0,0.0,0.00000250,btc,0.0,0.0,0.0,180
1,[],17,[],2019-05-03 01:13:56,20504.725000000002,0.0000001,0.00000000000548003,7559141,2019-05-03 01:13:56,btc,5.2010695838400265,0.0,0.0000001,btc,5033.45945,0.0,0.0011504725,180
,[],7,[],2018-11-20 22:58:01,562227.975654,0.00000085,0.000000000036176765,4862015,2018-11-20 22:58:01,btc,21836.6059674,2491.87645172,,btc,749999.041456,0.00211021,0.127565380455,183
,[],5,[],2019-01-10 08:11:41,0.0,0,0,6347036,2019-01-10 08:11:41,btc,82.15055501,0.00261,,btc,1.19002445,0.0,0.0,187
1,[],24,[],2019-04-30 17:34:05,0.0,0.000000000014,7.396256000000001e-16,7526291,2019-04-30 17:34:05,btc,0.0,0.0,0.000000000014,btc,0.0,0.0,0.0,187
,[],17,[],2018-11-16 20:58:10,4062536.27273,0.00000001,0.000000000000550501,4708775,2018-11-16 20:58:10,btc,3.36492563466,0.195460381006,,"btc,eth",110697919.549,0.0,0.0157628953496,187
0,[],22,[],2019-04-25 02:54:07,0.0,0,0,7447896,2019-04-25 02:54:07,,7.54794454,0.0,0,,76361.7243344055,0.0,0.0,191
0,[],22,[],2019-05-14 09:50:21,0.0,0,0,7627580,2019-05-14 09:50:21,,0.0,0.0,0,,0.0,0.0,0.0,197
0,[],23,[],2019-01-20 23:31:41,0.0,0,0,6477079,2019-01-20 23:31:41,,0.0,0.0,0,,0.0,0.0,0.0,199
0.0000000001123138,[],22,[],2019-05-14 09:50:24,53056789.0,2.246276e-18,1.8140048928359999e-22,7627581,2019-05-14 09:50:24,LTC,7.57515936,0.0,0.00000002,LTC,34526499.0,0.0,0.60713197,199
1,[],26,[],2019-05-14 09:50:25,0.0,0.00000000,0,7627582,2019-05-14 09:50:25,btc,0.0,0.0,0.00000000,btc,0.0,0.0,0.0,199
0,[],2,[],2019-01-20 23:30:49,0.0,0,0,6477059,2019-01-20 23:30:49,,0.0,0.0,0,,0.0,0.0,0.0,201
1,[],4,[],2019-01-25 15:51:35,2084389.58565343,0.00000936,0.000000000333526752,6499557,2019-01-25 15:51:35,btc,2.0092503037378524,0.0,0.00000936,btc,160195.80207885,0.19272417,1.242687955921835,211
1,[],7,[],2019-05-14 09:50:29,14098383.442403419,0.00000083,0.000000000067027563,7627583,2019-05-14 09:50:29,btc,15200776.232861642,77903.6631164,0.00000083,btc,11750421.36718024,0.0,1.2643726643873525,212
1,[],5,[],2019-05-07 13:02:51,0.0,0,0,7566706,2019-05-07 13:02:51,btc,0.0,0.43032184,0,btc,0.0,0.0,0.0,213
1,[],24,[],2019-05-07 13:02:52,0.0,0.000000050000,0.000000000002968865,7566707,2019-05-07 13:02:52,btc,0.0,0.0,0.000000050000,btc,0.0,0.0,0.0,213
1,[],26,[],2019-05-07 13:02:52,0.0,0.00000040,0.00000000002375092,7566708,2019-05-07 13:02:52,btc,0.0,0.0,0.00000040,btc,0.0,0.0,0.0,213
1,[],12,[],2019-01-25 02:44:32,207462.42853209,0.000001080000000000000035831255497387193287295303889550268650054931640625,0.000000000038610756000000006,6493050,2019-01-25 02:44:32,btc,85023.03793723314,0.0,0.000001080000000000000035831255497387193287295303889550268650054931640625,btc,43675.73520027,0.000146250909087,0.0348620860622024,213
0,[],22,[],2019-05-14 09:50:32,0.0,0,0,7627584,2019-05-14 09:50:32,,9.58264616,0.0,0,,2560817.094064925,0.0,0.0,216
0,[],27,[],2019-05-14 09:50:42,0.0,0,0,7627585,2019-05-14 09:50:42,,65.71768540867708,0.0,0,"btc,ltc",240810.447308,0.0,0.0,216
1,[],22,[],2019-05-14 09:50:46,1016691.2378972272,0.00000075,0.000000000060567075,7627586,2019-05-14 09:50:46,BTC,12054.94645513,0.0,0.00000075,BTC,441142.11935225356,0.00805538,0.13373141,217
1,[],7,[],2019-05-14 09:50:47,0.0,0,0,7627587,2019-05-14 09:50:47,btc,122413.67975462937,1000.0,0,btc,137781098.61523312,1e-05,0.0,219
0,[],27,[],2019-05-14 09:50:53,0.0,0,0,7627588,2019-05-14 09:50:53,,0.06997067,0.0,0,btc,1753528.0,0.0,0.0,219
0.000000000000003544,[],28,[],2019-05-14 09:51:08,475599792.392,2.3036000000000002e-18,1.8602975196e-22,7627589,2019-05-14 09:51:08,doge,3571086.3904998554,41902.209,0.00065000,"btc,doge",46853905.214,0.0,1.9338838786912364e-11,219
1,[],22,[],2019-05-14 09:51:13,372950.0,0.00000004,0.000000000003230244,7627590,2019-05-14 09:51:13,BTC,56.7649867,0.0,0.00000004,BTC,131552.84827387411,8.8e-06,0.011972,221
1,[],24,[],2019-05-14 09:51:14,0.0,0.000000010000,0.000000000000807561,7627591,2019-05-14 09:51:14,btc,0.0,0.0,0.000000010000,btc,0.0,0.0,0.0,221
1,[],20,[],2019-05-14 09:51:15,7919428.5971,0.000000009,0.0000000000007268049,7627592,2019-05-14 09:51:15,btc,100081.15422324731,1143393.7158,0.000000009,btc,27604156.5398,0.0141373308738,0.0251742442985,224
0,[],22,[],2019-05-14 09:51:18,0.0,0,0,7627593,2019-05-14 09:51:18,,0.0,0.0,0,,0.0,0.0,0.0,224
1,[],26,[],2019-05-14 09:51:19,0.0,0.00000026,0.000000000020996586,7627594,2019-05-14 09:51:19,btc,0.0,0.0,0.00000026,btc,0.0,0.0,0.0,231
1,[],26,[],2019-05-14 09:51:20,0.0,0.00000005,0.000000000004037805,7627595,2019-05-14 09:51:20,btc,0.0,0.0,0.00000005,btc,0.0,0.0,0.0,234
0,[],27,[],2019-05-14 09:51:27,0.0,0,0,7627596,2019-05-14 09:51:27,,0.01134836604,0.0,0,"btc,eth",11462.996,0.0,0.0,234
1,[],4,[],2019-04-29 21:02:20,217188.93193785,0.00000080,0.00000000004151584,7514327,2019-04-29 21:02:20,btc,5.239800103892936,0.0,0.00000080,btc,797346.30008933,0.0,0.0590549781555679,236
1,[],24,[],2019-04-29 21:02:20,0.0,0.000000100000,0.00000000000518948,7514328,2019-04-29 21:02:20,btc,0.0,0.0,0.000000100000,btc,0.0,0.0,0.0,236
1,[],5,[],2019-05-06 20:53:15,0.0,0,0,7559637,2019-05-06 20:53:15,btc,0.0,0.20253514,0,btc,0.0,0.0,0.0,237
1,[],20,[],2019-05-06 20:53:18,38173217.6136,0.000000083,0.0000000000047460728,7559638,2019-05-06 20:53:18,btc,21342.514614200165,8832375.7238,0.000000083,btc,27701499.3386,0.7554403456107,1.3621107610479,237
1,[],22,[],2019-05-06 20:53:20,343938.0,0.00000009,0.000000000005146344,7559639,2019-05-06 20:53:20,BTC,1.20267422,0.0,0.00000009,BTC,17930.94871794872,0.0,0.01017442,237
1,[],4,[],2019-05-14 09:51:28,10420701.36647108,0.00000013,0.000000000010498293,7627597,2019-05-14 09:51:28,btc,2.659388300846987,0.0,0.00000013,btc,8352584.76076016,0.16720949,0.781257979586996,238
1,[],5,[],2019-05-14 09:51:29,0.0,0,0,7627598,2019-05-14 09:51:29,btc,0.0,0.01398335,0,btc,0.0,0.0,0.0,238
0,[],22,[],2019-03-12 16:49:32,0.0,0,0,6914458,2019-03-12 16:49:32,,0.40415746,0.0,0,,526736.5639027493,0.0,0.0,249
0,[],22,[],2019-05-14 07:08:36,0.0,0,0,7627081,2019-05-14 07:08:36,,4.50924384,0.0,0,,38675894.69978836,0.0,0.0,252
1,[],28,[],2019-05-14 09:51:38,5004346.0,0.00000007,0.000000000005652927,7627599,2019-05-14 09:51:38,btc,43893.07137251579,258989.652,0.00000007,btc,2995112.8072,0.0,0.05015322,256
1,[],22,[],2019-05-14 09:51:41,1088993.5,0.00000002,0.000000000001615122,7627600,2019-05-14 09:51:41,BTC,21.86085896,0.0,0.00000002,BTC,501508.63333384093,0.0,0.01124633,258
1,[],22,[],2019-03-13 00:07:30,47146.0,0.00000001,0.000000000000387233,6917028,2019-03-13 00:07:30,BTC,2.415167,0.0,0.00000001,BTC,157.0,0.0,0.00047146,259
1,[],5,[],2019-05-14 09:51:42,0.0,0,0,7627601,2019-05-14 09:51:42,btc,0.0,0.21693249,0,btc,0.0,0.0,0.0,264
1,[],20,[],2019-05-14 09:51:44,1330843.1175,0.00000051,0.000000000041185611,7627602,2019-05-14 09:51:44,btc,5.0491049943434,121537.4603,0.00000051,btc,98221.2273,0.105361606082,0.0419217975925,264
0,[],22,[],2019-04-12 17:57:27,0.0,0,0,7278186,2019-04-12 17:57:27,,66.37522201,0.0,0,,677842.4169881374,0.0,0.0,271
0,[],22,[],2019-05-14 04:03:16,0.0,0,0,7626753,2019-05-14 04:03:16,,33050467.4724609,0.0,0,,14361462970.7,0.0,0.0,272
0.00000000000000356,[],28,[],2019-05-14 04:03:45,310879238682.584,2.1004e-21,1.6586942816000001e-25,7626754,2019-05-14 04:03:45,doge,25516528.6710473,1372178409.39,0.00000059,doge,363399960660.476,0.0,2.23620560165344e-10,272
1,[],22,[],2019-05-14 09:51:48,120051.0,0.00000003,0.000000000002422683,7627603,2019-05-14 09:51:48,BTC,427.3537226,0.0,0.00000003,BTC,252696.24053280082,0.00052139,0.00340091,281
1,[],22,[],2019-05-14 09:51:52,411322.43333333335,0.00000003,0.000000000002422683,7627604,2019-05-14 09:51:52,BTC,1.49596448,0.0,0.00000003,"BTC,LTC",528789.7155881717,0.00980871,0.01514807,286
0,[],22,[],2019-05-14 09:51:54,0.0,0,0,7627605,2019-05-14 09:51:54,,7337884.04871657,0.0,0,,1337070379.7797825,0.0,0.0,294
