pairValue,buyBook,exchangeId,sellBook,updated,buyTotal,satoshiPrice,usdPrice,exchangeLogId,created,bestPair,sellTotalBtc,volume,pairPrice,activePairs,sellTotal,volumeBtc,buyTotalBtc,coinId
1,[],3,[],2019-02-04 19:12:20,116.922593814091,0.0122709099999999994567989602956004091538488864898681640625,0.000000425279063325,6583118,2019-02-04 19:12:20,btc,107.07166441742031,0.31692584,0.0122709099999999994567989602956004091538488864898681640625,btc,22.479969650772002,0.0,0.3419008527478533,1
1,[],4,[],2019-02-04 19:12:21,25180.13143876,0.01233709,0.000000427572696675,6583119,2019-02-04 19:12:21,btc,0.9613075123651686,0.0,0.01233709,btc,74.03240719,0.6102877,2.4931380645279124,1
1,[],5,[],2019-02-04 19:12:23,0.21921566,0.01212229,0.000000420128265675,6583120,2019-02-04 19:12:23,btc,14578.06572227,1.05671857,0.01212229,btc,35555556.1220149,0.0,1.52462157,1
1,[],10,[],2019-02-04 19:12:25,271487.19815672,0.012134,0.00000042053410500000004,6583121,2019-02-04 19:12:25,btc,6533.427623349585,805.10730575,0.012134,btc,1053.40572459,0.0,3.8760178628095714,1
1,[],12,[],2019-02-04 19:12:28,10428.36746922,0.01230000000000000016930901125533637241460382938385009765625,0.00000042628725,6583122,2019-02-04 19:12:28,btc,0.2791724274772,0.0,0.01230000000000000016930901125533637241460382938385009765625,btc,16.37643821,0.9473009507913,0.2501665443775,1
1,[],20,[],2019-02-04 19:12:30,1150.3103,0.01200001,0.000000415890346575,6583123,2019-02-04 19:12:30,btc,0.0566246204203,0.0354,0.01200001,btc,2.488,0.000424800354,0.0967650198377,1
1,[],21,[],2019-02-04 19:12:31,2695.31052165,0.01236664999999999986490806236,0.000000428597172375,6583124,2019-02-04 19:12:31,btc,21.883378822156562,2415.50435922,0.012366649999999999864908062363610952161252498626708984375,"btc,eth",2394.91004704,24.902492018646367,24.654523419149015,1
1,[],22,[],2019-02-04 19:12:35,0.0263776,0.01350000,0.00000046787625000000003,6583125,2019-02-04 19:12:35,BTC,0.31397231,0.0,0.01350000,BTC,0.10124366666666666,0.0,0.00034472,1
1,[],24,[],2019-02-04 19:12:36,0.0,0.000000000000,0,6583126,2019-02-04 19:12:36,btc,0.0,0.0,0.000000000000,btc,0.0,0.0,0.0,1
0.0,[],25,[],2019-02-04 19:12:37,0.0,0,0,6583127,2019-02-04 19:12:37,btc,12.895999998305175,1238.99777295,0.0,btc,990.42796937,15.4125,0.0,1
1,[],26,[],2019-02-04 19:13:38,0.0,0,0,6583128,2019-02-04 19:13:38,,0.0,0.0,0,,0.0,0.0,0.0,1
1,[],28,[],2019-02-04 19:13:40,987.9,0.01131000,0.000000391976325,6583129,2019-02-04 19:13:40,btc,0.162839806,17788.7,0.01131000,btc,8.9,0.0,0.024551096,1
0,[],2,[],2019-01-20 23:28:45,0.0,0,0,6477011,2019-01-20 23:28:45,,0.0,0.0,0,,0.0,0.0,0.0,1
1,[],5,[],2019-02-04 19:06:41,2.073e-05,0.00000072,0.000000000024962832,6582946,2019-02-04 19:06:41,btc,0.16624871,2.248e-05,0.00000072,btc,7.019e-05,0.0,0.45799324,2
0,[],22,[],2019-02-04 19:06:43,0.0,0,0,6582947,2019-02-04 19:06:43,,0.0,0.0,0,,0.0,0.0,0.0,2
1,[],5,[],2019-02-04 19:06:45,1.42e-06,0.00000017,0.000000000005894002,6582948,2019-02-04 19:06:45,btc,3.31538699,0.25721928,0.00000017,btc,2.267e-05,0.0,3.6904462,3
1,[],12,[],2019-02-04 19:06:47,12679380.458019821,0.000000168,0.0000000000058246607999999996,6582949,2019-02-04 19:06:47,btc,921361.5495714968,0.0,0.000000168,btc,8258645.26968789,0.13012059994987926,0.5749801679067749,3
0,[],28,[],2019-02-04 19:06:52,0.0,0,0,6582950,2019-02-04 19:06:52,,0.0,0.0,0,,0.0,0.0,0.0,3
0,[],2,[],2019-01-20 23:31:32,0.0,0,0,6477077,2019-01-20 23:31:32,,0.0,0.0,0,,0.0,0.0,0.0,4
1,[],4,[],2019-02-04 19:06:53,359107.43913984,0.00000031,0.000000000010747886,6582951,2019-02-04 19:06:53,btc,0.3274438371986149,0.0,0.00000031,btc,333686.6498222,0.00022455,0.0398246231999024,4
1,[],12,[],2019-02-04 11:45:00,1455062.5219999999,0.00000006,0.000000000002067366,6580089,2019-02-04 11:45:00,btc,11014978.33387675,0.0,0.00000006,btc,913905.39031991,0.0043587519080919,0.03000872044,5
0,[],2,[],2019-01-20 23:31:51,0.0,0,0,6477087,2019-01-20 23:31:51,,0.0,0.0,0,,0.0,0.0,0.0,6
1,[],11,[],2019-02-04 19:06:54,11252109.4999525,0.00000002,0.000000000000693412,6582952,2019-02-04 19:06:54,btc,9433.402495128097,2216416.00005,0.00000002,btc,42156017.65169307,0.0,0.18860267499905,6
1,[],3,[],2019-02-04 19:06:55,1069.652384675756,0.000150559999999999995050348200464895853656344115734100341796875,0.000000005220005536,6582953,2019-02-04 19:06:55,btc,28.510202753279106,0.0,0.000150559999999999995050348200464895853656344115734100341796875,btc,234.145665820227,0.0,0.030997767816609203,7
1,[],4,[],2019-02-04 19:06:56,26949.42816347,0.00020200,0.0000000070034612,6582954,2019-02-04 19:06:56,btc,4.279677982220649,0.0,0.00020200,btc,18662.05163862,3.60904353,4.500987745182207,7
1,[],5,[],2019-02-04 19:06:58,0.00628832,0.00019671,0.000000006820053726,6582955,2019-02-04 19:06:58,btc,1.30174228,0.39020064,0.00019671,btc,0.01229799,0.0,1.67433898,7
1,[],20,[],2019-02-04 19:07:00,66461509.91,0.000000001,0.0000000000000346706,6582956,2019-02-04 19:07:00,btc,116.1335270767722,0.0,0.000000001,btc,29825029.7669,0.0,0.06646150991,8
0,[],2,[],2019-01-20 23:22:42,0.0,0,0,6476876,2019-01-20 23:22:42,,0.0,0.0,0,,0.0,0.0,0.0,9
0,[],23,[],2019-01-20 23:22:48,0.0,0,0,6476878,2019-01-20 23:22:48,,0.0,0.0,0,,0.0,0.0,0.0,9
1,[],1,[],2019-02-04 19:07:01,2994719.77,0.000001959999999999999868954651816022050070387194864451885223388671875,0.000000000067954376,6582957,2019-02-04 19:07:01,btc,5.8171180959,13288728.03,0.000001959999999999999868954651816022050070387194864451885223388671875,btc,2905116.01,26.23941098,5.7670631468,9
1,[],4,[],2019-02-04 19:07:02,600052.0225458,0.00000194,0.000000000067260964,6582958,2019-02-04 19:07:02,btc,1.1530943626393741,0.0,0.00000194,btc,562236.57450325,0.88351233,1.107098163661128,9
1,[],28,[],2019-02-04 19:07:08,34500.0,0.00000165,0.00000000005720649,6582959,2019-02-04 19:07:08,btc,2708.7727197804,3581842.0,0.00000165,btc,15427.14,0.0,0.02854,9
1,[],4,[],2019-02-04 13:46:54,7341799.37826053,0.00000002,0.0000000000006899800000000001,6580850,2019-02-04 13:46:54,btc,0.1999615409270056,0.0,0.00000002,btc,4135980.29534268,0.00062922,0.0786653918652106,10
0,[],2,[],2019-01-20 23:23:08,0.0,0,0,6476890,2019-01-20 23:23:08,,0.0,0.0,0,,0.0,0.0,0.0,12
1,[],4,[],2019-02-04 19:07:09,2513514.5008578,0.00000138,0.000000000047845428,6582960,2019-02-04 19:07:09,btc,1.3111280606803777,0.0,0.00000138,btc,913906.58181951,1.21201147,3.239538815925996,12
1,[],5,[],2019-02-04 19:07:10,1.317e-05,0.00000134,0.000000000046458604,6582961,2019-02-04 19:07:10,btc,0.64143997,1.09316679,0.00000134,btc,0.00012047,0.0,0.28605347,12
0.0,[],25,[],2019-02-04 19:07:11,0.0,0,0,6582962,2019-02-04 19:07:11,,0.0,0.0,0.0,btc,0.0,0.0,0.0,12
1,[],10,[],2019-02-04 17:50:06,602126.6803666,0.00000608,0.00000000021049872,6582070,2019-02-04 17:50:06,btc,666809.6464359144,5537.05813314,0.00000608,btc,738564.85640815,0.0,0.7921315381551784,13
1,[],4,[],2019-02-04 19:07:12,270570.99342078,0.00000612,0.000000000212184072,6582963,2019-02-04 19:07:12,btc,0.4905161633076135,0.0,0.00000612,btc,73776.98234869,0.74547515,1.1039621543070102,13
1,[],21,[],2019-02-04 19:07:14,1106671.20316447,0.000006199999999999999931196530134,0.00000000021495772,6582964,2019-02-04 19:07:14,btc,4.260336480245273,477703.92565812,0.000006199999999999999931196530134069888617887045256793498992919921875,btc,616493.5001838501,2.98993627,5.716272728687136,13
0,[],17,[],2019-02-04 18:29:33,0.0,0,0,6582670,2019-02-04 18:29:33,btc,0.0,0.0,0,btc,0.0,0.0,0.0,14
1,[],4,[],2019-02-04 19:07:15,1129603.26437993,0.00000140,0.00000000004853884,6582965,2019-02-04 19:07:15,btc,0.1566421461785715,0.0,0.00000140,btc,78495.8853211,0.02074582,0.4244171816668296,14
1,[],12,[],2019-02-04 19:07:17,87004.42857143,0.000001309999999999999951307938332589753116508290986530482769012451171875,0.000000000045418486,6582966,2019-02-04 19:07:17,btc,1.7865149981493762,0.0,0.000001309999999999999951307938332589753116508290986530482769012451171875,btc,38139.00835211,0.0010286200000076,0.0106933900000016,14
1,[],26,[],2019-02-04 19:07:17,0.0,0,0,6582967,2019-02-04 19:07:17,,0.0,0.0,0,,0.0,0.0,0.0,14
,[],12,[],2018-12-01 15:15:48,204241.84496,0.00000489,0.000000000202473384,5260204,2018-12-01 15:15:48,btc,49.5475654835,0.0,,btc,35763.2193806,0.0163153972027625,0.0203389899998,15
0,[],4,[],2019-02-04 19:07:18,0.0,0,0,6582968,2019-02-04 19:07:18,,0.0,0.0,0,,0.0,0.0,0.0,15
0,[],2,[],2019-01-20 23:23:38,0.0,0,0,6476906,2019-01-20 23:23:38,,0.0,0.0,0,,0.0,0.0,0.0,18
1,[],4,[],2019-02-04 19:07:20,26839.95724433,0.00001788,0.000000000619910328,6582969,2019-02-04 19:07:20,btc,2.220112522803812,0.0,0.00001788,btc,7678.63301946,0.03091318,0.1127172362925923,18
1,[],10,[],2019-02-04 19:07:22,397134.03415822,0.00001741,0.0000000006036151460000001,6582970,2019-02-04 19:07:22,btc,15.588677152443537,5074.06642102,0.00001741,btc,12562.502636,0.0,0.3061026952363034,18
1,[],12,[],2019-02-04 19:07:23,200735.62666476998,0.0000161600000000000011322019710657826863098307512700557708740234375,0.000000000560276896,6582971,2019-02-04 19:07:23,btc,0.1856939169406319,0.0,0.0000161600000000000011322019710657826863098307512700557708740234375,btc,1708.32700711,0.0009029565151486,0.0156605320732795,18
0,[],17,[],2019-02-04 19:07:24,0.0,0,0,6582972,2019-02-04 19:07:24,btc,0.0,0.0,0,btc,0.0,0.0,0.0,18
0,[],2,[],2019-01-20 23:24:19,0.0,0,0,6476924,2019-01-20 23:24:19,,0.0,0.0,0,,0.0,0.0,0.0,19
1,[],3,[],2019-02-04 19:07:25,113495.48043714708,0.000028500000000000001569057384021022016895585693418979644775390625,0.0000000009881121,6582973,2019-02-04 19:07:25,btc,0.41204162253267745,853.154775524,0.000028500000000000001569057384021022016895585693418979644775390625,btc,5315.205267496272,0.0,0.23542564257692708,19
1,[],4,[],2019-02-04 19:07:25,88037.19580649,0.00002833,0.000000000982218098,6582974,2019-02-04 19:07:25,btc,0.2861784433153804,0.0,0.00002833,btc,9265.7837909,0.35630045,1.2727789191778587,19
1,[],5,[],2019-02-04 19:07:27,0.00022484,0.00002561,0.000000000887914066,6582975,2019-02-04 19:07:27,btc,0.27787042,0.01365754,0.00002561,btc,0.00313875,0.0,0.18286261,19
1,[],12,[],2019-02-04 19:07:28,133588.86649973,0.00002833999999999999971282520216941946955557796172797679901123046875,0.000000000982564804,6582976,2019-02-04 19:07:28,btc,1.9953339061577893,0.0,0.00002833999999999999971282520216941946955557796172797679901123046875,btc,511.38508082,0.0014848014187708,0.031691146602348196,19
0,[],27,[],2019-02-04 19:07:30,0.0,0,0,6582977,2019-02-04 19:07:30,,0.0,0.0,0,btc,0.0,0.0,0.0,19
1,[],4,[],2019-02-04 19:07:31,8006180.3054235,0.00000013,0.000000000004507178,6582978,2019-02-04 19:07:31,btc,0.8116717874116198,0.0,0.00000013,btc,1595552.31051721,0.0,0.2554230874915714,20
1,[],4,[],2019-02-04 19:07:33,122921861.40022224,0.00000002,0.000000000000693412,6582979,2019-02-04 19:07:33,btc,0.6237694736658483,0.0,0.00000002,btc,15372948.00229118,0.0012638,1.468014812214285,21
1,[],12,[],2019-02-04 19:07:35,19029387.0,0.00000002,0.000000000000693412,6582980,2019-02-04 19:07:35,btc,668.5451868047564,0.0,0.00000002,btc,8549966.70429836,1.6585014985e-06,0.25352231000000003,21
0,[],17,[],2019-02-04 19:07:36,0.0,0,0,6582981,2019-02-04 19:07:36,btc,0.0,0.0,0,btc,0.0,0.0,0.0,21
1,[],12,[],2019-02-04 19:07:38,2160421231.5458817,0.0000000002,0.00000000000000693412,6582982,2019-02-04 19:07:38,btc,1729404717665.1672,0.0,0.0000000002,btc,5137686399.723491,0.2597689007672355,0.22247319935598683,23
0,[],27,[],2019-02-04 19:07:40,0.0,0,0,6582983,2019-02-04 19:07:40,,0.424699,0.0,0,eth,424699.0,0.0,0.0,23
1,[],4,[],2019-02-04 19:07:40,3611638.62008968,0.00000080,0.00000000002773648,6582984,2019-02-04 19:07:40,btc,0.077386382170194,0.0,0.00000080,btc,70233.92220237,0.00761667,0.4511161268113057,24
1,[],22,[],2019-02-04 19:07:50,11.76,0.00000100,0.0000000000346706,6582985,2019-02-04 19:07:50,BTC,7.415e-05,0.0,0.00000100,BTC,23.919354838709676,0.0,1.176e-05,24
0.0,[],25,[],2019-02-04 19:07:51,0.0,0,0,6582986,2019-02-04 19:07:51,,0.0,0.0,0.0,btc,0.0,0.0,0.0,24
0,[],2,[],2019-01-20 23:25:56,0.0,0,0,6476976,2019-01-20 23:25:56,,0.0,0.0,0,,0.0,0.0,0.0,26
1,[],4,[],2019-02-04 19:07:51,27842568.76959999,0.00000682,0.000000000236453492,6582987,2019-02-04 19:07:51,btc,0.4395076014765525,0.0,0.00000682,btc,37662.90342779,0.12627541,0.4728603183560985,26
1,[],10,[],2019-02-04 19:07:54,730839.73533438,0.00000588,0.00000000020386312799999998,6582988,2019-02-04 19:07:54,btc,25.975774463061523,0.0,0.00000588,btc,13118.16646401,0.0,0.2070550833237349,26
1,[],3,[],2019-02-04 19:07:54,7899219.28416656,0.00000002,0.000000000000693412,6582989,2019-02-04 19:07:54,btc,2.5102377529370283,86455.1486685,0.00000002,btc,16106561.97591972,0.0,0.0925231152948169,27
1,[],5,[],2019-02-04 19:07:56,1e-08,0.00000001,0.000000000000346706,6582990,2019-02-04 19:07:56,btc,1.17706403,0.00391829,0.00000001,btc,4.362e-05,0.0,0.15710101,27
1,[],11,[],2019-02-04 19:07:58,10065216.691211501,0.00000005,0.00000000000173353,6582991,2019-02-04 19:07:58,btc,370.63310344475406,550157.720616,0.00000005,btc,8170877.7193934005,0.0,0.4661316134459823,27
1,[],4,[],2019-02-04 19:07:59,298890163.51672983,0.00000003,0.000000000001040118,6582992,2019-02-04 19:07:59,btc,3.9790694936740243,0.0,0.00000003,"btc,ltc",118241118.27613468,0.92987416,3.159749995192956,29
1,[],7,[],2019-02-04 19:07:59,39719460.44287711,0.00000003,0.0000000000010401179999999999,6582993,2019-02-04 19:07:59,btc,44465206.20563481,606662.00959,0.00000003,btc,40680024.89808779,0.0,0.7239454071361162,29
1,[],4,[],2019-02-04 18:55:31,1404193.9503658,0.00000029,0.000000000010063116,6582790,2019-02-04 18:55:31,btc,0.2543374085731889,0.0,0.00000029,btc,540848.6081516,0.00419746,0.090642478142417,30
0,[],17,[],2019-02-04 18:55:33,0.0,0,0,6582791,2019-02-04 18:55:33,btc,0.0,0.0,0,btc,0.0,0.0,0.0,30
1,[],4,[],2019-02-04 19:08:00,1135521.39486384,0.00006806,0.000000002359681036,6582994,2019-02-04 19:08:00,btc,1.3574755839585853,0.0,0.00006806,btc,16386.64800233,1.00643861,1.8770977751061888,31
1,[],21,[],2019-02-04 19:08:01,48472.04373147,0.00006899999999999999666586147917,0.0000000023922714,6582995,2019-02-04 19:08:01,btc,1.745327319922049,96329.70601717,0.0000689999999999999966658614791725767645402811467647552490234375,btc,23851.46054118,6.82904688,2.9885167864662607,31
0,[],2,[],2019-01-20 23:28:43,0.0,0,0,6477009,2019-01-20 23:28:43,,0.0,0.0,0,,0.0,0.0,0.0,32
1,[],4,[],2019-02-04 19:08:02,147697582.08799997,0.00000005,0.00000000000173353,6582996,2019-02-04 19:08:02,btc,1.190237118673961,0.0,0.00000005,"btc,ltc",23595149.3631723,0.66781904,2.6080753966858645,33
1,[],12,[],2019-02-04 19:08:03,18381637.0,0.00000006,0.0000000000020802359999999997,6582997,2019-02-04 19:08:03,btc,17261782.28459757,0.0,0.00000006,btc,89736225.76823159,0.0373288696170632,0.6806608199999999,33
1,[],4,[],2019-02-04 19:08:04,110091628.17815793,0.00000002,0.000000000000693412,6582998,2019-02-04 19:08:04,btc,0.7714334331524844,0.0,0.00000002,btc,25714447.77174948,0.00544837,1.1016648998415792,34
1,[],5,[],2019-02-04 19:08:06,1e-08,0.00000001,0.000000000000346706,6582999,2019-02-04 19:08:06,btc,3.92263216,0.00202374,0.00000001,btc,1.343e-05,0.0,0.74413613,34
0.0000000000986225,[],4,[],2019-02-04 19:08:06,1237231050.2716665,2.9586749999999998e-18,1.02579037455e-22,6583000,2019-02-04 19:08:06,ltc,8.147081646309698e-09,0.0,0.00000003,ltc,1630235562.0455277,0.0,2.2911372500225667e-09,36
1,[],5,[],2019-02-04 19:08:07,0.0,0,0,6583001,2019-02-04 19:08:07,btc,204.33336467,0.0,0,btc,1.295e-05,0.0,0.0,36
0,[],17,[],2019-02-04 19:08:09,0.0,0,0,6583002,2019-02-04 19:08:09,btc,0.07494043760879562,0.0,0,btc,4134847.20243647,0.0,0.0,36
0.0000000000986225,[],27,[],2019-02-04 19:08:12,1000000.0,1.97245e-18,6.838602497e-23,6583003,2019-02-04 19:08:12,ltc,447.7307979714,0.0,0.00000002,"ltc,eth",3711879.16,0.0,1.9724499999999997e-12,36
1,[],4,[],2019-02-04 18:55:44,435517.38450037,0.00000142,0.000000000049274568,6582801,2019-02-04 18:55:44,btc,0.3884420229482405,0.0,0.00000142,btc,206146.66281224,0.07174385,0.3957582398533129,37
1,[],12,[],2019-02-04 18:55:45,380566.70220277,0.000001480000000000000017730500227741696761540879379026591777801513671875,0.000000000051356592,6582802,2019-02-04 18:55:45,btc,1331.0709345522348,0.0,0.000001480000000000000017730500227741696761540879379026591777801513671875,btc,778553.75902573,0.3564836493052773,0.2455076587333447,37
1,[],17,[],2019-02-04 18:55:47,1752.74075282,0.00000025,0.0000000000086751,6582803,2019-02-04 18:55:47,btc,0.055484923965707235,0.0,0.00000025,btc,1387.19918473,0.0,0.00043818518820499993,37
1,[],27,[],2019-02-04 18:55:49,16843.0,0.00000046,0.000000000015962184,6582804,2019-02-04 18:55:49,btc,43.30929497030353,0.0,0.00000046,btc,29579.81438508,0.0,0.00561124,37
1,[],5,[],2019-02-04 19:08:14,1.573e-05,0.00000095,0.00000000003293707,6583004,2019-02-04 19:08:14,btc,0.1054718,0.07783019,0.00000095,btc,0.00011212,0.0,0.0470497,42
1,[],12,[],2019-02-04 19:08:15,149518.73421217,0.00000110000000000000005610204141526242693771564518101513385772705078125,0.000000000038137660000000003,6583005,2019-02-04 19:08:15,btc,85.06823306674045,0.0,0.00000110000000000000005610204141526242693771564518101513385772705078125,btc,97932.06156129,0.0047128028334424,0.0512914900000031,42
0,[],27,[],2019-02-04 19:08:18,0.0,0,0,6583006,2019-02-04 19:08:18,,0.00315028,0.0,0,"btc,eth",11.007,0.0,0.0,42
1,[],5,[],2019-02-04 19:08:20,3e-08,0.00000002,0.000000000000693412,6583007,2019-02-04 19:08:20,btc,6.09448901,0.00704427,0.00000002,btc,1.425e-05,0.0,0.52678241,43
1,[],12,[],2019-02-04 19:08:21,6502141.0,0.00000002,0.000000000000693412,6583008,2019-02-04 19:08:21,btc,20007456.464672454,0.0,0.00000002,btc,38833161.74765234,0.0,0.06502156,43
0,[],17,[],2019-02-04 19:08:23,0.0,0,0,6583009,2019-02-04 19:08:23,btc,0.0,0.0,0,btc,0.0,0.0,0.0,43
1,[],12,[],2019-02-04 19:08:24,869019.0,0.00000007,0.000000000002426942,6583010,2019-02-04 19:08:24,btc,11115206.025569482,0.0,0.00000007,btc,991130.29570428,0.0013627964835171,0.025966799999999998,44
1,[],4,[],2019-02-04 19:08:25,234638653.73245037,0.00000002,0.000000000000693412,6583011,2019-02-04 19:08:25,btc,0.18088837355412296,0.0,0.00000002,"btc,ltc",8199712.59428555,0.00868755,0.5350616868719341,49
0.0000000000986225,[],4,[],2019-02-04 19:08:25,4863420923.90257,9.86225e-19,3.4193012485e-23,6583012,2019-02-04 19:08:25,ltc,4.645173504103538,0.0,0.00000001,ltc,1829032156.2967892,0.0,4.796427300675812e-09,52
0,[],22,[],2019-02-04 19:08:28,0.0,0,0,6583013,2019-02-04 19:08:28,,3693.1548887,0.0,0,,247203597.90882352,0.0,0.0,57
0,[],27,[],2019-02-04 19:08:30,0.0,0,0,6583014,2019-02-04 19:08:30,,0.0,0.0,0,"btc,eth",0.0,0.0,0.0,57
0.0000000000986225,[],4,[],2019-02-04 19:08:31,1406189655.332188,4.931125e-18,1.70965062425e-22,6583015,2019-02-04 19:08:31,ltc,3.2882093421515988,0.0,0.00000005,ltc,1123720164.6058567,0.0,5.381494169309055e-09,58
1,[],12,[],2019-02-04 19:08:32,2071183393.843957,0.0000000005,0.000000000000017335300000000002,6583016,2019-02-04 19:08:32,btc,625181487118.4845,0.0,0.0000000005,btc,3160797907.7883115,0.026802311875424582,0.7505912652011392,58
0,[],17,[],2019-02-04 19:08:33,0.0,0,0,6583017,2019-02-04 19:08:33,btc,1e+24,0.0,0,btc,41616695.95832568,0.0,0.0,58
0.0000000001232352,[],22,[],2019-02-04 19:08:37,137438.0,1.232352e-18,4.27263832512e-23,6583018,2019-02-04 19:08:37,XMR,69.8835922,0.0,0.00000001,XMR,9887963.0,0.0,0.00137438,58
1,[],5,[],2019-02-04 19:08:39,8e-06,0.00000069,0.000000000023922714,6583019,2019-02-04 19:08:39,btc,0.33025032,0.02201563,0.00000069,btc,0.0001594,0.0,0.04843226,61
1,[],22,[],2019-02-04 19:08:43,5111.5,0.00000011,0.000000000003813766,6583020,2019-02-04 19:08:43,BTC,1002.29606732,0.0,0.00000011,BTC,15028.700278135757,0.0,0.00051178,61
1,[],26,[],2019-02-04 19:08:44,0.0,0,0,6583021,2019-02-04 19:08:44,,0.0,0.0,0,,0.0,0.0,0.0,61
0,[],27,[],2019-02-04 19:08:46,0.0,0,0,6583022,2019-02-04 19:08:46,,0.12530792,0.0,0,"btc,eth",155.7688,0.0,0.0,61
1,[],28,[],2019-02-04 19:08:51,6884.304,0.0000006,0.00000000002080236,6583023,2019-02-04 19:08:51,btc,2.064613633700105,888.0,0.0000006,btc,11345.10450005,0.0,0.00216611304,61
1,[],4,[],2019-02-04 18:56:32,1375160.55897714,0.00000185,0.00000000006419574,6582825,2019-02-04 18:56:32,btc,0.7221104219556713,0.0,0.00000185,btc,256434.57856438,0.0912603,1.0865555428896176,67
0.0,[],25,[],2019-02-04 18:56:33,0.0,0,0,6582826,2019-02-04 18:56:33,,0.0,0.0,0.0,btc,0.0,0.0,0.0,67
1,[],12,[],2019-02-04 19:08:52,2367486.66344444,0.00000013,0.000000000004507178,6583024,2019-02-04 19:08:52,btc,11115995.622756613,0.0,0.00000013,btc,2418046.46169385,0.0390289587312697,0.0550649064411108,71
,[],5,[],2018-11-20 23:02:39,1.5e-07,0.00000005,0.000000000002128045,4862160,2018-11-20 23:02:39,btc,2.84511358,0.0,,btc,0.00036572,0.0,0.07381892,74
1,[],5,[],2019-01-25 15:53:51,3.303e-05,0.00000156,0.000000000055588884,6499610,2019-01-25 15:53:51,btc,1.42844212,0.0,0.00000156,btc,0.00015937,0.0,0.49487621,75
0,[],20,[],2019-01-25 09:30:31,0.0,0,0,6495923,2019-01-25 09:30:31,btc,0.0,0.0,0,btc,0.0,0.0,0.0,81
1,[],4,[],2019-02-04 19:08:53,71232175.13092338,0.00000001,0.000000000000346706,6583025,2019-02-04 19:08:53,btc,0.8164048853705091,0.0,0.00000001,btc,15307943.35273608,0.0,0.7123217513092337,81
1,[],4,[],2019-02-04 19:08:55,23678.807292,0.00007028,0.000000002436649768,6583026,2019-02-04 19:08:55,btc,0.4802388391845184,0.0,0.00007028,btc,4873.58022154,0.05551453,0.07980657706521,82
1,[],21,[],2019-02-04 19:08:55,82240.01191705,0.00007514999999999999707577663655,0.0000000026054955899999997,6583027,2019-02-04 19:08:55,btc,3.545698097410024,4447.0656272,0.000075149999999999997075776636545896280949818901717662811279296875,btc,40366.07863907,0.33555372,4.128335207950809,82
0,[],17,[],2019-02-04 19:08:57,0.0,0,0,6583028,2019-02-04 19:08:57,btc,0.0447233088476774,0.0,0,btc,999127.19588126,0.0,0.0,84
0.0000000000986225,[],4,[],2019-02-04 19:08:58,334261558.868028,1.1834699999999999e-17,4.1031614982e-22,6583029,2019-02-04 19:08:58,ltc,0.19579063228503082,0.0,0.00000012,ltc,70304548.30418517,0.00010079,1.321561310283128e-09,85
,[],22,[],2018-11-20 23:09:34,3408.1,0.0000001,0.0000000000041895,4862324,2018-11-20 23:09:34,BTC,0.04624735,0.0,,BTC,4990.0,0.0,0.00033081,86
0,[],22,[],2019-02-04 19:09:00,0.0,0,0,6583030,2019-02-04 19:09:00,,2.07810912,0.0,0,,154826.94736842104,0.0,0.0,87
0,[],27,[],2019-02-04 19:09:04,0.0,0,0,6583031,2019-02-04 19:09:04,,0.0,0.0,0,btc,0.0,0.0,0.0,87
,[],2,[],2018-11-20 23:10:47,0.0,0,0,4862359,2018-11-20 23:10:47,,0.0,0.0,,,0.0,0.0,0.0,88
1,[],11,[],2019-02-04 19:09:06,101325.60907913,0.00018243999999999999475121248426745523829595185816287994384765625,0.000000006325304264,6583032,2019-02-04 19:09:06,btc,245.85241701880463,3760.91352418,0.00018243999999999999475121248426745523829595185816287994384765625,btc,183876.86947277,0.0,7.375993588138467,89
0,[],2,[],2019-01-20 23:31:45,0.0,0,0,6477083,2019-01-20 23:31:45,,0.0,0.0,0,,0.0,0.0,0.0,91
1,[],12,[],2019-02-04 19:09:07,463085.73932995996,0.00000341999999999999986641436612588851318150773295201361179351806640625,0.00000000011857345199999999,6583033,2019-02-04 19:09:07,btc,1115.3681080577003,0.0,0.00000341999999999999986641436612588851318150773295201361179351806640625,btc,35317.94268241,0.0067942738326128,0.1207515436998865,91
0,[],17,[],2019-02-04 19:09:08,0.0,0,0,6583034,2019-02-04 19:09:08,btc,0.0,0.0,0,btc,0.0,0.0,0.0,91
0.0000000000986225,[],22,[],2019-02-04 19:09:11,25823826.0,4.931125e-18,1.70965062425e-22,6583035,2019-02-04 19:09:11,LTC,8.80658359,0.0,0.00000005,LTC,76329729.6,0.0,0.95795662,95
0.0000000000986225,[],4,[],2019-02-04 19:09:12,132189597.33660077,9.86225e-17,3.4193012484999996e-21,6583036,2019-02-04 19:09:12,ltc,1.0786685702916212,0.0,0.00000100,ltc,69096670.17305765,0.00020951,6.761457322198946e-10,96
1,[],12,[],2019-02-04 19:09:13,223903.0,0.00000001,0.000000000000346706,6583037,2019-02-04 19:09:13,btc,255063.42186040562,0.0,0.00000001,btc,8939518.33297676,1.1e-05,0.00223903,96
0,[],17,[],2019-02-04 19:09:14,0.0,0,0,6583038,2019-02-04 19:09:14,btc,0.0,0.0,0,btc,0.0,0.0,0.0,96
1,[],4,[],2019-02-04 19:09:15,1419409.8917269,0.00000033,0.000000000011441298,6583039,2019-02-04 19:09:15,btc,0.1275854953656781,0.0,0.00000033,btc,268402.71590596,0.04641263,0.1109000317378696,99
1,[],4,[],2019-02-04 19:09:16,66323.41166875,0.00004351,0.000000001508517806,6583040,2019-02-04 19:09:16,btc,1.4988501906341873,0.0,0.00004351,btc,31034.91415849,0.64767592,2.50276561365206,100
0,[],2,[],2019-01-20 23:23:55,0.0,0,0,6476914,2019-01-20 23:23:55,,0.0,0.0,0,,0.0,0.0,0.0,100
1,[],22,[],2019-02-04 19:09:19,50000.0,0.00000001,0.000000000000346706,6583041,2019-02-04 19:09:19,BTC,23.50383609,0.0,0.00000001,BTC,11277.22,0.0,0.0005,101
1,[],4,[],2019-02-04 19:09:20,166660.92206285,0.00000097,0.000000000033630482,6583042,2019-02-04 19:09:20,btc,0.3947466363911347,0.0,0.00000097,btc,151184.63758112,0.00597078,0.1138067351124121,103
1,[],12,[],2019-02-04 19:09:23,89343063.5303887,0.000000016,0.0000000000005547296000000001,6583043,2019-02-04 19:09:23,btc,138279087.21056437,0.0,0.000000016,btc,136014952.0810864,0.12208269166268838,0.6843220334862192,105
1,[],27,[],2019-02-04 19:09:25,10161405.89,0.00000001,0.000000000000346706,6583044,2019-02-04 19:09:25,btc,0.6930134677960939,0.0,0.00000001,btc,708890.78181977,0.0,0.1016140589,105
0,[],22,[],2019-02-04 19:09:28,0.0,0,0,6583045,2019-02-04 19:09:28,,1.07253299,0.0,0,,94300.0,0.0,0.0,107
1,[],26,[],2019-02-04 19:09:28,0.0,0,0,6583046,2019-02-04 19:09:28,,0.0,0.0,0,,0.0,0.0,0.0,107
1,[],5,[],2019-02-04 19:09:29,3e-08,0.00000002,0.000000000000693412,6583047,2019-02-04 19:09:29,btc,2.9371204,0.00653032,0.00000002,btc,1.649e-05,0.0,0.12951045,112
1,[],22,[],2019-02-04 19:09:41,2229188.0,0.00000002,0.000000000000693412,6583048,2019-02-04 19:09:41,BTC,2.81683288,0.0,0.00000002,BTC,808529.0833333334,0.0,0.02960411,112
0.0000000003111239,[],27,[],2019-02-04 19:09:43,500000.0,3.1112390000000003e-18,1.078685228734e-22,6583049,2019-02-04 19:09:43,eth,1.25356065,0.0,0.00000001,"btc,eth",1328.0,0.0,1.5556195000000001e-12,112
1,[],4,[],2019-02-04 19:09:44,489092.44626569,0.00000413,0.000000000143189578,6583050,2019-02-04 19:09:44,btc,0.4158395343508139,0.0,0.00000413,btc,73567.88105422,0.07885664,0.3314063498240318,113
1,[],5,[],2019-02-04 19:09:45,2.517e-05,0.00000381,0.000000000132094986,6583051,2019-02-04 19:09:45,btc,2.18598777,0.0,0.00000381,btc,0.00313806,0.0,0.20701871,113
1,[],17,[],2019-02-04 19:09:47,174538.724,0.00000004,0.000000000001386824,6583052,2019-02-04 19:09:47,btc,1.3368030274096898,0.0,0.00000004,btc,51896.221,0.0,0.00308154896,116
0,[],27,[],2019-02-04 19:09:49,0.0,0,0,6583053,2019-02-04 19:09:49,,0.0,0.0,0,btc,0.0,0.0,0.0,116
1,[],4,[],2019-02-04 19:09:50,33345.37002381,0.00002411,0.000000000835908166,6583054,2019-02-04 19:09:50,btc,0.5934135956704975,0.0,0.00002411,btc,18647.51778141,1.94980694,0.5875246099892991,120
1,[],7,[],2019-02-04 19:09:50,15076.42558705,0.00001811999999999999930709072837320405824357294477522373199462890625,0.000000000628231272,6583055,2019-02-04 19:09:50,btc,88979.22684079279,43.90594602,0.00001811999999999999930709072837320405824357294477522373199462890625,btc,29768.80686482,0.00157698,0.13502261583484862,120
1,[],20,[],2019-02-04 18:57:42,1617028.1906,0.000000014,0.0000000000004858056,6582859,2019-02-04 18:57:42,btc,33.7487591931607,10640.1551,0.000000014,btc,1063782.1766,0.0001850438476,0.0089722132172,125
1,[],22,[],2019-02-04 19:09:54,3053.0,0.00000001,0.000000000000346706,6583056,2019-02-04 19:09:54,BTC,0.01444889,0.0,0.00000001,BTC,296264.5111111111,0.0,3.053e-05,126
1,[],4,[],2019-02-04 19:09:55,90849.07546567,0.00001704,0.000000000590787024,6583057,2019-02-04 19:09:55,btc,0.5229450085370977,0.0,0.00001704,btc,26386.06655473,0.45263139,0.6257641338081467,131
0,[],17,[],2019-02-04 19:09:56,0.0,0,0,6583058,2019-02-04 19:09:56,btc,0.0009561751951600001,0.0,0,btc,35.42829368,0.0,0.0,131
0,[],2,[],2019-01-20 23:25:46,0.0,0,0,6476969,2019-01-20 23:25:46,,0.0,0.0,0,,0.0,0.0,0.0,131
1,[],4,[],2019-02-04 19:09:57,4606.70430781,0.00016000,0.000000005547296,6583059,2019-02-04 19:09:57,btc,1.6402174477392286,0.0,0.00016000,btc,302.35845559,0.0,0.0113649733220649,135
1,[],3,[],2019-02-04 19:09:58,1845851.66354937,0.00000007,0.000000000002426942,6583060,2019-02-04 19:09:58,btc,0.1495284473589911,129428.572444,0.00000007,btc,368218.63099994,0.0,0.0685716942725346,136
1,[],4,[],2019-02-04 19:09:59,92152.05938963,0.00000180,0.00000000006240708,6583061,2019-02-04 19:09:59,btc,0.0766705528332339,0.0,0.00000180,btc,34776.75341007,0.10393244,0.1267627952756467,137
1,[],12,[],2019-02-04 19:10:00,297236.5884116,0.000001830000000000000054831898570195658493275914224795997142791748046875,0.000000000063447198,6583062,2019-02-04 19:10:00,btc,11982.844738782622,0.0,0.000001830000000000000054831898570195658493275914224795997142791748046875,btc,124167.90188533,0.1025458592801165,0.0278929500000192,137
1,[],5,[],2019-02-04 19:10:01,0.00141153,0.00004133,0.000000001432935898,6583063,2019-02-04 19:10:01,btc,2.70016181,4.42589624,0.00004133,btc,0.00263523,0.0,1.79384708,142
1,[],17,[],2019-02-04 19:10:02,12500.0,0.0000001,0.00000000000346706,6583064,2019-02-04 19:10:02,btc,20.261021579014596,0.0,0.0000001,btc,5931.99821453,0.0,0.00125,142
1,[],20,[],2019-02-04 19:10:04,152679.147,0.00004045,0.00000000140242577,6583065,2019-02-04 19:10:04,btc,2.560653157046,24028.2795,0.00004045,btc,6143.6553,1.00844092966,0.3498790082804,142
1,[],22,[],2019-02-04 19:10:08,962.0,0.00001800,0.0000000006240708,6583066,2019-02-04 19:10:08,BTC,3.00449528,0.0,0.00001800,BTC,899.098,0.0,0.0001637,142
0.0,[],25,[],2019-02-04 19:10:10,0.0,0,0,6583067,2019-02-04 19:10:10,,0.0,0.0,0.0,btc,0.0,0.0,0.0,142
1,[],28,[],2019-02-04 19:10:11,78710.001,0.00004450,0.0000000015428417,6583068,2019-02-04 19:10:11,btc,0.0403772,4099.77,0.00004450,btc,805.0,0.0,0.0352462445,142
0,[],22,[],2019-02-04 19:10:19,0.0,0,0,6583069,2019-02-04 19:10:19,,60.29390576,0.0,0,,808795527.8,0.0,0.0,143
1,[],21,[],2019-02-04 19:10:20,36768331.01598812,0.00000027,0.000000000009361062,6583070,2019-02-04 19:10:20,btc,51.647884655981606,3213760.62712531,0.00000027,btc,89759394.57873134,0.85751071,5.55014809226088,145
0,[],22,[],2019-02-04 13:52:37,0.0,0,0,6580969,2019-02-04 13:52:37,,4.57539719,0.0,0,,1920827.5,0.0,0.0,146
,[],22,[],2018-11-20 23:01:11,0.0,0,0,4862114,2018-11-20 23:01:11,,2.56807021,0.0,,,61828.4988236,0.0,0.0,147
1,[],12,[],2019-02-04 18:58:13,8687487.65690319,0.0000037299999999999998629741926325920076124020852148532867431640625,0.000000000129432492,6582874,2019-02-04 18:58:13,btc,16.507171066241796,0.0,0.0000037299999999999998629741926325920076124020852148532867431640625,btc,113050.29890131,0.0064153567453058,0.1231356299996915,148
1,[],4,[],2019-02-04 19:10:21,305038.53338154,0.00000040,0.00000000001386824,6583071,2019-02-04 19:10:21,btc,0.6854285098763835,0.0,0.00000040,btc,497721.95282216,0.0025014,0.0676179554527061,152
0,[],22,[],2019-02-04 19:10:24,0.0,0,0,6583072,2019-02-04 19:10:24,,0.0,0.0,0,,0.0,0.0,0.0,152
1,[],5,[],2019-02-04 19:10:25,0.0,0,0,6583073,2019-02-04 19:10:25,btc,4.41744381,0.0,0,btc,0.00161275,0.0,0.0,153
,[],16,[],2019-01-11 15:38:59,0.0,0,0,6366141,2019-01-11 15:38:59,btc,0.0,0.0,,btc,0.0,0.0,0.0,155
0,[],22,[],2019-02-04 19:10:29,0.0,0,0,6583074,2019-02-04 19:10:29,,6.73312347,0.0,0,,4564272.742592593,0.0,0.0,156
0,[],23,[],2019-01-20 23:24:29,0.0,0,0,6476932,2019-01-20 23:24:29,,0.0,0.0,0,,0.0,0.0,0.0,156
1,[],22,[],2019-02-04 19:10:32,7906.0,0.00000801,0.000000000277711506,6583075,2019-02-04 19:10:32,BTC,43.78801181,0.0,0.00000801,BTC,1067.5805334758436,0.0,0.00743836,157
0,[],22,[],2019-02-04 19:10:34,0.0,0,0,6583076,2019-02-04 19:10:34,,50175.6753658,0.0,0,,54007107.04179466,0.0,0.0,158
,[],17,[],2018-11-20 22:56:10,0.0,0,0,4861976,2018-11-20 22:56:10,btc,1.1265625,0.0,,btc,1000.0,0.0,0.0,159
,[],20,[],2018-11-20 22:56:12,0.0,0,0,4861977,2018-11-20 22:56:12,btc,11912.7940471,0.0,,btc,34413894.3617,0.0,0.0,159
1,[],12,[],2019-02-04 19:10:36,198404.54190476,0.000007900000000000000595422149085589325068212929181754589080810546875,0.00000000027389774,6583077,2019-02-04 19:10:36,btc,6.687096832709571,0.0,0.000007900000000000000595422149085589325068212929181754589080810546875,btc,14822.76828389,0.0050977575519084,0.0843434776999997,168
1,[],17,[],2019-02-04 19:10:37,29784.95,0.000001,0.0000000000346706,6583078,2019-02-04 19:10:37,btc,0.03026736251542,0.0,0.000001,btc,144.46171372,0.0,0.00716147,168
0,[],22,[],2019-02-04 19:10:39,0.0,0,0,6583079,2019-02-04 19:10:39,,1.14610387,0.0,0,,685792.1900917594,0.0,0.0,169
1,[],22,[],2019-02-04 19:10:43,204444.9441532258,0.00000032,0.000000000011094592,6583080,2019-02-04 19:10:43,BTC,10.3224903,0.0,0.00000032,BTC,108549.8083853319,0.00440356,0.0258135,171
1,[],22,[],2019-02-04 19:10:46,243145.52380952382,0.0000003,0.00000000001040118,6583081,2019-02-04 19:10:46,BTC,2.65670975,0.0,0.0000003,BTC,218459.9104897285,0.01440558,0.02285534,173
1,[],5,[],2019-02-04 19:10:48,1.591e-05,0.00000313,0.000000000108518978,6583082,2019-02-04 19:10:48,btc,0.37019427,0.08763599,0.00000313,btc,0.00031264,0.0,0.71216682,175
1,[],22,[],2019-02-04 19:10:51,49549.25714285715,0.0000004,0.00000000001386824,6583083,2019-02-04 19:10:51,BTC,0.63358303,0.0,0.0000004,BTC,155090.40184992214,0.0,0.01679357,176
1,[],7,[],2019-02-04 19:10:52,0.0,0,0,6583084,2019-02-04 19:10:52,btc,233208.5809029795,0.0,0,btc,115100187.61861145,0.0,0.0,178
0,[],22,[],2019-02-04 19:10:54,0.0,0,0,6583085,2019-02-04 19:10:54,,1.00242428,0.0,0,,57512.0,0.0,0.0,178
0,[],2,[],2019-01-20 23:28:34,0.0,0,0,6477001,2019-01-20 23:28:34,,0.0,0.0,0,,0.0,0.0,0.0,178
1,[],5,[],2019-02-04 19:10:55,3e-08,0.00000002,0.000000000000693412,6583086,2019-02-04 19:10:55,btc,17.08485872,0.07037491,0.00000002,btc,2.088e-05,0.0,1.25638231,179
1,[],22,[],2019-02-04 19:11:00,8340773.0,0.00000002,0.000000000000693412,6583087,2019-02-04 19:11:00,BTC,5.51393082,0.0,0.00000002,"BTC,LTC",18589483.068656635,0.00010938000075288416,0.3940753,179
0,[],23,[],2019-01-20 23:25:08,0.0,0,0,6476952,2019-01-20 23:25:08,,0.0,0.0,0,,0.0,0.0,0.0,179
1,[],17,[],2019-02-04 19:11:02,10504.725,0.0000001,0.00000000000346706,6583088,2019-02-04 19:11:02,btc,5.206166879877373,0.0,0.0000001,btc,6755.0074587,0.0,0.0010504725,180
1,[],22,[],2019-02-04 19:11:06,39549.94545454546,0.00000011,0.000000000003813766,6583089,2019-02-04 19:11:06,BTC,0.09618191,0.0,0.00000011,"BTC,LTC",16812.39315481,0.00010979,0.00413695,180
1,[],26,[],2019-02-04 19:11:06,0.0,0,0,6583090,2019-02-04 19:11:06,,0.0,0.0,0,,0.0,0.0,0.0,180
,[],7,[],2018-11-20 22:58:01,562227.975654,0.00000085,0.000000000036176765,4862015,2018-11-20 22:58:01,btc,21836.6059674,2491.87645172,,btc,749999.041456,0.00211021,0.127565380455,183
,[],5,[],2019-01-10 08:11:41,0.0,0,0,6347036,2019-01-10 08:11:41,btc,82.15055501,0.00261,,btc,1.19002445,0.0,0.0,187
1,[],24,[],2019-02-04 19:11:07,0.0,0.000000000001,3.46706e-17,6583091,2019-02-04 19:11:07,btc,0.0,0.0,0.000000000001,btc,0.0,0.0,0.0,187
,[],17,[],2018-11-16 20:58:10,4062536.27273,0.00000001,0.000000000000550501,4708775,2018-11-16 20:58:10,btc,3.36492563466,0.195460381006,,"btc,eth",110697919.549,0.0,0.0157628953496,187
0,[],22,[],2019-02-04 19:11:09,0.0,0,0,6583092,2019-02-04 19:11:09,,1.19382741,0.0,0,,13380.036201072173,0.0,0.0,191
0,[],22,[],2019-02-04 18:59:30,0.0,0,0,6582897,2019-02-04 18:59:30,,0.0,0.0,0,,0.0,0.0,0.0,197
0,[],23,[],2019-01-20 23:31:41,0.0,0,0,6477079,2019-01-20 23:31:41,,0.0,0.0,0,,0.0,0.0,0.0,199
1,[],26,[],2019-02-04 19:11:10,0.0,0,0,6583093,2019-02-04 19:11:10,,0.0,0.0,0,,0.0,0.0,0.0,199
0,[],17,[],2019-01-30 16:32:01,0.0,0,0,6540827,2019-01-30 16:32:01,btc,6.802544163788159,0.0,0,btc,105897.55575295,0.0,0.0,200
0,[],2,[],2019-01-20 23:30:49,0.0,0,0,6477059,2019-01-20 23:30:49,,0.0,0.0,0,,0.0,0.0,0.0,201
1,[],4,[],2019-01-25 15:51:35,2084389.58565343,0.00000936,0.000000000333526752,6499557,2019-01-25 15:51:35,btc,2.0092503037378524,0.0,0.00000936,btc,160195.80207885,0.19272417,1.242687955921835,211
1,[],7,[],2019-02-04 19:11:13,16603123.18794432,0.000001489999999999999921986774779891771203210737439803779125213623046875,0.000000000051659194,6583094,2019-02-04 19:11:13,btc,16567795.361669159,293814.67461,0.000001489999999999999921986774779891771203210737439803779125213623046875,btc,12696263.05976118,0.0,8.589625040747736,212
1,[],5,[],2019-02-04 19:11:14,5.29e-06,0.00000035,0.00000000001213471,6583095,2019-02-04 19:11:14,btc,1.14019688,0.12567132,0.00000035,btc,3.171e-05,0.0,0.22563238,213
1,[],24,[],2019-02-04 19:11:14,0.0,0.000000050000,0.00000000000173353,6583096,2019-02-04 19:11:14,btc,0.0,0.0,0.000000050000,btc,0.0,0.0,0.0,213
1,[],26,[],2019-02-04 19:11:15,0.0,0,0,6583097,2019-02-04 19:11:15,,0.0,0.0,0,,0.0,0.0,0.0,213
1,[],12,[],2019-01-25 02:44:32,207462.42853209,0.000001080000000000000035831255497387193287295303889550268650054931640625,0.000000000038610756000000006,6493050,2019-01-25 02:44:32,btc,85023.03793723314,0.0,0.000001080000000000000035831255497387193287295303889550268650054931640625,btc,43675.73520027,0.000146250909087,0.0348620860622024,213
1,[],22,[],2019-02-04 18:59:40,276400.0,0.00000002,0.000000000000694008,6582903,2019-02-04 18:59:40,BTC,70.20492877,0.0,0.00000002,BTC,291693.63137942314,0.0,0.004714,216
1,[],27,[],2019-02-04 18:59:42,5054645.0,0.00000015,0.0000000000052050600000000004,6582904,2019-02-04 18:59:42,btc,313.98413178316,18000.0,0.00000015,"btc,ltc",287018.13411,0.00666,0.0516735,216
1,[],22,[],2019-02-04 19:11:19,251654.48250399102,0.00000233,0.000000000080782498,6583098,2019-02-04 19:11:19,BTC,12677.92104421,0.0,0.00000233,BTC,491995.002979676,0.00256237,0.32280779,217
1,[],7,[],2019-02-04 19:11:20,0.0,0,0,6583099,2019-02-04 19:11:20,btc,77970.02600413912,0.0,0,btc,134531561.1214003,0.0,0.0,219
0,[],27,[],2019-02-04 19:11:22,0.0,0,0,6583100,2019-02-04 19:11:22,,5.3418937883169715,0.0,0,btc,1605140.99226592,0.0,0.0,219
0.0000000000000055,[],28,[],2019-02-04 19:11:26,205554034.567,6.1325e-18,2.126174545e-22,6583101,2019-02-04 19:11:26,doge,88554.0318717675,14252.0,0.00111500,"btc,doge",4969437.84751,0.0,2.9397062286559605e-11,219
1,[],22,[],2019-02-04 19:11:30,217001.0754716981,0.00000054,0.000000000018722124,6583102,2019-02-04 19:11:30,BTC,3.00140129,0.0,0.00000054,BTC,35272.55212317522,0.0,0.02761742,221
1,[],24,[],2019-02-04 19:11:30,0.0,0.000000550000,0.000000000019068830000000002,6583103,2019-02-04 19:11:30,btc,0.0,0.0,0.000000550000,btc,0.0,0.0,0.0,221
1,[],20,[],2019-02-04 19:00:42,10336811.321,0.000000007,0.0000000000002429028,6582911,2019-02-04 19:00:42,btc,5.641882219184,146112.0,0.000000007,btc,7428872.3288,0.001381061,0.0175345206008,224
0,[],22,[],2019-02-04 19:00:46,0.0,0,0,6582912,2019-02-04 19:00:46,,0.0,0.0,0,,0.0,0.0,0.0,224
1,[],26,[],2019-02-04 19:11:30,0.0,0,0,6583104,2019-02-04 19:11:30,,0.0,0.0,0,,0.0,0.0,0.0,231
1,[],26,[],2019-02-04 19:11:30,0.0,0,0,6583105,2019-02-04 19:11:30,,0.0,0.0,0,,0.0,0.0,0.0,234
0,[],27,[],2019-02-04 19:11:35,0.0,0,0,6583106,2019-02-04 19:11:35,,0.0113483662182,0.0,0,"btc,eth",11462.99618,0.0,0.0,234
0.0000000000986225,[],22,[],2019-02-04 19:11:38,4910000.0,9.86225e-19,3.4193012485e-23,6583107,2019-02-04 19:11:38,LTC,2.80356691,0.0,0.00000001,LTC,97469440.06349206,9.86225e-15,0.0491,235
1,[],4,[],2019-02-04 19:11:39,732406.33117911,0.00000063,0.000000000021842478,6583108,2019-02-04 19:11:39,btc,0.1570001582667242,0.0,0.00000063,btc,143002.99622043,0.01690424,0.1515782427731886,236
1,[],24,[],2019-02-04 19:11:39,0.0,0.000000010000,0.000000000000346706,6583109,2019-02-04 19:11:39,btc,0.0,0.0,0.000000010000,btc,0.0,0.0,0.0,236
1,[],20,[],2019-02-04 19:11:42,20621403.9742,0.00000006,0.000000000002080236,6583110,2019-02-04 19:11:42,btc,16.2579517305015,10452909.0422,0.00000006,btc,26145285.9023,0.6410678014121,0.3739431519722,237
1,[],22,[],2019-02-04 19:11:46,10000.0,0.00000001,0.000000000000346706,6583111,2019-02-04 19:11:46,BTC,0.04083605,0.0,0.00000001,BTC,4179.0,0.0,0.0001,237
1,[],4,[],2019-02-04 19:11:47,4148468.77104944,0.00000035,0.00000000001213471,6583112,2019-02-04 19:11:47,btc,0.5024769163825724,0.0,0.00000035,btc,1215614.52011002,0.67400378,1.3070556014446912,238
1,[],5,[],2019-02-04 19:11:48,4.63e-06,0.00000034,0.000000000011788004,6583113,2019-02-04 19:11:48,btc,0.79522549,0.00457621,0.00000034,btc,3.008e-05,0.0,0.27215383,238
1,[],22,[],2019-02-04 19:11:52,199984.0,0.00000003,0.000000000001040118,6583114,2019-02-04 19:11:52,BTC,15.41362805,0.0,0.00000003,BTC,291606.3139027493,0.00132893,0.00599952,249
0.0000000000986225,[],22,[],2019-02-04 19:11:55,1311049.0,2.9586749999999998e-18,1.02579037455e-22,6583115,2019-02-04 19:11:55,LTC,0.46385524,0.0,0.00000003,LTC,14489283.09,6.54380012e-14,0.03833449,252
1,[],28,[],2019-02-04 19:11:57,2329675.778,0.0000001,0.00000000000346706,6583116,2019-02-04 19:11:57,btc,164692.28295855894,175063.511,0.0000001,btc,621653.1485,0.0,0.07983160099,256
1,[],22,[],2019-02-04 19:03:51,83883.5,0.00000002,0.000000000000694008,6582926,2019-02-04 19:03:51,BTC,35605.5590104,0.0,0.00000002,BTC,506468.34188300685,0.00096614,0.00106943,258
1,[],22,[],2019-01-26 20:58:41,368451.0,0.00000001,0.000000000000356135,6510120,2019-01-26 20:58:41,BTC,2.642917,0.0,0.00000001,"BTC,LTC",1862.0,0.0,0.02488451,259
1,[],22,[],2019-02-04 19:12:01,44934.09428571429,0.00000700,0.0000000002426942,6583117,2019-02-04 19:12:01,BTC,4.70992424,0.0,0.00000700,BTC,8475.446929624764,0.0,0.089659,262
1,[],5,[],2019-02-04 19:03:57,6.822e-05,0.00000410,0.00000000014227164,6582928,2019-02-04 19:03:57,btc,1.25229853,0.59328305,0.00000410,btc,0.00096276,0.0,0.21868335,264
1,[],20,[],2019-02-04 19:03:58,1239995.9346,0.000003011,0.00000000010448290440000001,6582929,2019-02-04 19:03:58,btc,4.9952432538931,16040.4276,0.000003011,btc,94264.3517,0.068684790533,0.0221800523638,264
1,[],22,[],2019-02-04 19:04:03,131617.0,0.00000002,0.000000000000694008,6582930,2019-02-04 19:04:03,BTC,8.61929225,0.0,0.00000002,BTC,342070.0960910512,6.8e-05,0.00213471,271
0,[],22,[],2019-02-04 19:04:06,0.0,0,0,6582931,2019-02-04 19:04:06,,369.26513139,0.0,0,,14581807828.9,0.0,0.0,272
0.0000000000000055,[],28,[],2019-02-04 19:04:10,252637896255.63,6.325000000000001e-21,2.1948003000000004e-25,6582932,2019-02-04 19:04:10,doge,299087774.3531923,18882581755.334,0.00000115,doge,154420751381.531,0.0,8.857060970483988e-10,272
0,[],22,[],2019-02-04 19:04:24,0.0,0,0,6582933,2019-02-04 19:04:24,,0.0,0.0,0,,0.0,0.0,0.0,281
