pairValue,buyBook,exchangeId,sellBook,updated,buyTotal,satoshiPrice,usdPrice,exchangeLogId,created,bestPair,sellTotalBtc,volume,pairPrice,activePairs,sellTotal,volumeBtc,buyTotalBtc,coinId
1,[],3,[],2019-05-29 22:34:33,40.394173380277,0.010725510000000000598863181267006439156830310821533203125,0.0000009312799450350001,7709069,2019-05-29 22:34:33,btc,0.1491197125129657,45.8795143383,0.010725510000000000598863181267006439156830310821533203125,btc,12.842310909730001,0.0,0.3587456392952508,1
1,[],4,[],2019-05-29 22:34:34,207685.20286655,0.01086004,0.0000009429609831400001,7709070,2019-05-29 22:34:34,btc,7.998582779713634,0.0,0.01086004,btc,328.68921443,1.67392625,0.6431487485827921,1
1,[],5,[],2019-05-29 22:34:36,0.0,0,0,7709071,2019-05-29 22:34:36,btc,0.0,0.00389977,0,btc,0.0,0.0,0.0,1
1,[],10,[],2019-05-29 22:34:39,312364.75945708,0.00656,0.00000056959496,7709072,2019-05-29 22:34:39,btc,6521.369578529742,1119.93533654,0.00656,btc,1346.96364394,0.0,2.2814211290212136,1
1,[],12,[],2019-05-29 22:34:41,79.73588787999999,0.01093000000000000047906123512575504719279706478118896484375,0.0000009490355050000001,7709073,2019-05-29 22:34:41,btc,0.173111056396,0.0,0.01093000000000000047906123512575504719279706478118896484375,btc,14.95965338,0.067250274293,0.3223587747973,1
1,[],20,[],2019-05-29 22:34:43,973.1914,0.0092011,0.00000079891771135,7709074,2019-05-29 22:34:43,btc,0.2197226320173,25.9925,0.0092011,btc,16.9867,0.266251344778,0.1060766082563,1
1,[],21,[],2019-05-29 22:34:43,2230.79797139,0.01096467999999999921867388508,0.00000095204671738,7709075,2019-05-29 22:34:43,btc,11.07835973463383,4367.30956718,0.01096467999999999921867388508189833373762667179107666015625,"btc,eth",1312.14802851,44.826473296704116,20.355753258680036,1
1,[],22,[],2019-05-29 22:34:47,0.0025666666666666667,0.00900000,0.0000007814565,7709076,2019-05-29 22:34:47,BTC,0.31629903,0.0,0.00900000,BTC,0.2505752479991019,0.0,2.31e-05,1
1,[],24,[],2019-05-29 22:34:48,0.0,0.000000000000,0,7709077,2019-05-29 22:34:48,btc,0.0,0.0,0.000000000000,btc,0.0,0.0,0.0,1
0.0,[],25,[],2019-05-29 22:34:49,0.0,0,0,7709078,2019-05-29 22:34:49,btc,14.249999999409667,10601.0351793,0.0,btc,1214.92422144,115.996,0.0,1
1,[],26,[],2019-05-29 22:34:51,0.0,0,0,7709079,2019-05-29 22:34:51,,0.0,0.0,0,,0.0,0.0,0.0,1
0,[],28,[],2019-05-29 22:35:34,0.0,0,0,7709080,2019-05-29 22:35:34,,0.0,351063.9,0,,0.0,0.0,0.0,1
0,[],2,[],2019-01-20 23:28:45,0.0,0,0,6477011,2019-01-20 23:28:45,,0.0,0.0,0,,0.0,0.0,0.0,1
1,[],5,[],2019-05-29 22:35:36,0.0,0,0,7709081,2019-05-29 22:35:36,btc,0.0,0.02574127,0,btc,0.0,0.0,0.0,2
0,[],22,[],2019-05-29 22:35:38,0.0,0,0,7709082,2019-05-29 22:35:38,,0.0,0.0,0,,0.0,0.0,0.0,2
1,[],5,[],2019-05-29 22:35:40,0.0,0,0,7709083,2019-05-29 22:35:40,btc,0.0,0.04211281,0,btc,0.0,0.0,0.0,3
1,[],12,[],2019-05-29 22:35:41,2473221.94868,0.000000098,0.000000000008509193000000001,7709084,2019-05-29 22:35:41,btc,169516.5975535297,0.0,0.000000098,btc,3349301.84387131,0.065216458129,0.19172476922325,3
0,[],28,[],2019-05-29 22:35:43,0.0,0,0,7709085,2019-05-29 22:35:43,,0.0,0.0,0,,0.0,0.0,0.0,3
0,[],2,[],2019-01-20 23:31:32,0.0,0,0,6477077,2019-01-20 23:31:32,,0.0,0.0,0,,0.0,0.0,0.0,4
1,[],4,[],2019-05-18 21:29:50,562734.9206932,0.00000010,0.000000000007298720000000001,7650946,2019-05-18 21:29:50,btc,41.9347137769675,0.0,0.00000010,btc,1123702.32192634,0.00052462,0.029254593370966,4
0,[],12,[],2019-05-29 21:35:33,0.0,0,0,7708928,2019-05-29 21:35:33,btc,625.8515339849951,0.0,0,btc,1069352.4995005,0.0,0.0,5
0,[],2,[],2019-01-20 23:31:51,0.0,0,0,6477087,2019-01-20 23:31:51,,0.0,0.0,0,,0.0,0.0,0.0,6
1,[],11,[],2019-05-29 22:35:46,14173136.776736,0.00000002,0.0000000000017365700000000001,7709086,2019-05-29 22:35:46,btc,9578.193651006304,680490.0,0.00000002,btc,59536020.54660394,0.0,0.23900788276736,6
1,[],3,[],2019-05-29 22:35:46,12604.673403073792,0.0000888800000000000028389790518446034184307791292667388916015625,0.000000007717317080000001,7709087,2019-05-29 22:35:46,btc,0.13507334213867284,176.533509258,0.0000888800000000000028389790518446034184307791292667388916015625,btc,241.33295276451798,0.0,0.024915649803361084,7
1,[],4,[],2019-05-29 22:35:47,333396.34048417,0.00009301,0.000000008075918785,7709088,2019-05-29 22:35:47,btc,9.12234810466979,0.0,0.00009301,btc,54770.96804908,3.53932222,2.724334079225663,7
1,[],5,[],2019-05-29 22:35:49,0.0,0,0,7709089,2019-05-29 22:35:49,btc,0.0,0.53770992,0,btc,0.0,0.0,0.0,7
1,[],20,[],2019-04-07 22:06:50,3201475.0482,0.000000001,0.000000000000051590000000000004,7213932,2019-04-07 22:06:50,btc,30.8005781811902,0.0,0.000000001,btc,23077405.3926,0.0,0.0032014750482,8
0,[],2,[],2019-01-20 23:22:42,0.0,0,0,6476876,2019-01-20 23:22:42,,0.0,0.0,0,,0.0,0.0,0.0,9
0,[],23,[],2019-01-20 23:22:48,0.0,0,0,6476878,2019-01-20 23:22:48,,0.0,0.0,0,,0.0,0.0,0.0,9
1,[],4,[],2019-05-29 22:35:52,21192125.13671033,0.00000050,0.00000000004341425,7709090,2019-05-29 22:35:52,btc,3.3935719172030625,0.0,0.00000050,btc,3222116.00055389,0.26242855,0.6598720961768612,9
0,[],28,[],2019-05-29 22:36:14,0.0,0,0,7709091,2019-05-29 22:36:14,,0.0,3609368.0,0,,0.0,0.0,0.0,9
1,[],1,[],2019-02-17 23:31:42,1822507.21,0.00000181000000000000003456111265232042484285557293333113193511962890625,0.000000000066086901,6701244,2019-02-17 23:31:42,btc,3.6990969245,17153386.5,0.00000181000000000000003456111265232042484285557293333113193511962890625,btc,1997391.71,31.11772986,3.2610482446,9
1,[],4,[],2019-02-17 11:22:43,4341674.27126056,0.00000002,0.0000000000007272960000000001,6696112,2019-02-17 11:22:43,btc,0.1997230937751353,0.0,0.00000002,btc,4109766.79808031,0.00215132,0.0479381022052112,10
0,[],2,[],2019-01-20 23:23:08,0.0,0,0,6476890,2019-01-20 23:23:08,,0.0,0.0,0,,0.0,0.0,0.0,12
1,[],4,[],2019-05-29 22:36:15,7912660.61525069,0.00000049,0.000000000042545965,7709092,2019-05-29 22:36:15,btc,4.719361093706171,0.0,0.00000049,btc,4864060.22247715,0.41965696,1.4530952979722458,12
1,[],5,[],2019-05-29 22:36:16,0.0,0,0,7709093,2019-05-29 22:36:16,btc,0.0,0.05271386,0,btc,0.0,0.0,0.0,12
0.0,[],25,[],2019-05-29 22:36:17,0.0,0,0,7709094,2019-05-29 22:36:17,,0.0,0.0,0.0,btc,0.0,0.0,0.0,12
1,[],4,[],2019-05-29 22:36:18,339989.69775465,0.00000575,0.000000000499263875,7709095,2019-05-29 22:36:18,btc,1.8294770367504378,0.0,0.00000575,btc,234320.58672551,0.71167858,0.511181843607431,13
1,[],10,[],2019-05-29 22:36:20,651071.37022824,0.00000573,0.000000000497527305,7709096,2019-05-29 22:36:20,btc,666803.2516795419,4878.22156754,0.00000573,btc,861007.87998913,0.0,0.2382021043670265,13
1,[],21,[],2019-05-29 22:36:22,1886609.95427267,0.000005859999999999999798351406344,0.00000000050881501,7709097,2019-05-29 22:36:22,btc,2.361745769968693,265635.11236397,0.000005859999999999999798351406343766001327821868471801280975341796875,btc,362885.16233294,1.54922576,8.074782943697299,13
1,[],4,[],2019-05-29 22:36:23,858985.83362551,0.00000078,0.00000000006772623,7709098,2019-05-29 22:36:23,btc,4.071516292502618,0.0,0.00000078,btc,804524.32383919,0.00636489,0.0438623987549735,14
1,[],12,[],2019-05-29 22:36:24,134630.21762721,0.00000076,0.00000000006598966000000001,7709099,2019-05-29 22:36:24,btc,14.134750195503718,0.0,0.00000076,btc,21632.5685685,0.000408651119,0.0152193299999655,14
1,[],26,[],2019-05-29 22:38:24,0.0,0.00000050,0.00000000004341425,7709100,2019-05-29 22:38:24,btc,0.0,0.0,0.00000050,btc,0.0,0.0,0.0,14
0,[],17,[],2019-05-03 00:53:32,0.0,0,0,7558876,2019-05-03 00:53:32,btc,0.0,0.0,0,btc,0.0,0.0,0.0,14
,[],12,[],2018-12-01 15:15:48,204241.84496,0.00000489,0.000000000202473384,5260204,2018-12-01 15:15:48,btc,49.5475654835,0.0,,btc,35763.2193806,0.0163153972027625,0.0203389899998,15
0,[],4,[],2019-05-29 22:38:25,0.0,0,0,7709101,2019-05-29 22:38:25,,0.0,0.0,0,,0.0,0.0,0.0,15
0,[],2,[],2019-01-20 23:23:38,0.0,0,0,6476906,2019-01-20 23:23:38,,0.0,0.0,0,,0.0,0.0,0.0,18
1,[],4,[],2019-05-29 22:38:26,35789.35879585,0.00001134,0.0000000009846351900000001,7709102,2019-05-29 22:38:26,btc,0.9651761322992819,0.0,0.00001134,btc,10543.94193701,0.04348232,0.0947610662148145,18
1,[],10,[],2019-05-29 22:38:28,494638.19060787,0.00001234,0.00000000107146369,7709103,2019-05-29 22:38:28,btc,15.350028314114253,6027.27466796,0.00001234,btc,13918.52676761,0.0,0.1289670552882165,18
1,[],12,[],2019-05-29 22:38:29,3177.02982192,0.00001071000000000000079648961037737109336376306600868701934814453125,0.0000000009299332350000002,7709104,2019-05-29 22:38:29,btc,0.399688157145059,0.0,0.00001071000000000000079648961037737109336376306600868701934814453125,btc,1355.34716176,0.000229937613,0.0123697110447607,18
0,[],17,[],2019-05-03 00:53:39,0.0,0,0,7558882,2019-05-03 00:53:39,btc,0.0,0.0,0,btc,0.0,0.0,0.0,18
0,[],2,[],2019-01-20 23:24:19,0.0,0,0,6476924,2019-01-20 23:24:19,,0.0,0.0,0,,0.0,0.0,0.0,19
1,[],3,[],2019-05-29 22:40:30,148849.45817703905,0.000008339999999999999770830018397393956774976686574518680572509765625,0.00000000072414969,7709105,2019-05-29 22:40:30,btc,0.2059063432052727,3754.77071591,0.000008339999999999999770830018397393956774976686574518680572509765625,btc,4830.65838724648,0.0,0.0479765068845822,19
1,[],4,[],2019-05-29 22:40:30,508610.7579936,0.00000806,0.0000000006998377100000001,7709106,2019-05-29 22:40:30,btc,3.607535573719964,0.0,0.00000806,btc,167921.3605581,0.5557817,0.3901531452120324,19
1,[],5,[],2019-05-29 22:40:33,0.0,0,0,7709107,2019-05-29 22:40:33,btc,0.0,0.01246359,0,btc,0.0,0.0,0.0,19
1,[],12,[],2019-05-29 22:40:34,15126.37796339,0.000007109999999999999688846986922730053493069135583937168121337890625,0.000000000617350635,7709108,2019-05-29 22:40:34,btc,0.0587353242423573,0.0,0.000007109999999999999688846986922730053493069135583937168121337890625,btc,1927.18082631,0.0004984,0.0272003599995464,19
0,[],27,[],2019-05-29 22:40:41,0.0,0,0,7709109,2019-05-29 22:40:41,,0.0,0.0,0,btc,0.0,0.0,0.0,19
1,[],4,[],2019-05-29 22:40:42,10062076.88478525,0.00000007,0.000000000006077995,7709110,2019-05-29 22:40:42,btc,6.411239436602338,0.0,0.00000007,btc,2322306.93095912,0.0,0.1174938176872809,20
1,[],4,[],2019-05-29 22:40:44,72092660.2473748,0.00000001,0.0000000000008682850000000001,7709111,2019-05-29 22:40:44,btc,1741.6003611411804,0.0,0.00000001,btc,66860224.21973631,0.00010803,0.7209266024737481,21
1,[],12,[],2019-05-29 22:40:44,2418456.0,0.00000001,0.0000000000008682850000000001,7709112,2019-05-29 22:40:44,btc,1010.9711713328372,0.0,0.00000001,btc,5961673.6413586205,0.0002107,0.02418456,21
0,[],17,[],2019-05-03 00:53:51,0.0,0,0,7558891,2019-05-03 00:53:51,btc,0.0,0.0,0,btc,0.0,0.0,0.0,21
1,[],12,[],2019-05-29 22:42:46,5467236082.0,0.0000000003,0.000000000000026048550000000002,7709113,2019-05-29 22:42:46,btc,708410087.2240919,0.0,0.0000000003,btc,2995576546.342657,0.13797950298,1.1704163523,23
0.0000000003120785,[],27,[],2019-05-29 22:42:54,156568645.72788173,9.362354999999999e-18,8.129192411175001e-22,7709114,2019-05-29 22:42:54,eth,1177.1193203257967,200592918.47773707,0.00000003,eth,70304073.87966673,2.50402948464409e-09,1.1834973027253315e-09,23
1,[],4,[],2019-05-29 22:42:54,1837038.67911916,0.00000018,0.00000000001562913,7709115,2019-05-29 22:42:54,btc,13.284095375016701,0.0,0.00000018,btc,2122339.12835037,0.01262027,0.0559147343644508,24
1,[],22,[],2019-05-29 22:42:57,21.76,0.00000100,0.0000000000868285,7709116,2019-05-29 22:42:57,BTC,7.415e-05,0.0,0.00000100,BTC,23.919354838709676,0.0,1.186e-05,24
0.0,[],25,[],2019-05-29 22:42:59,0.0,0,0,7709117,2019-05-29 22:42:59,,0.0,0.0,0.0,btc,0.0,0.0,0.0,24
0,[],2,[],2019-01-20 23:25:56,0.0,0,0,6476976,2019-01-20 23:25:56,,0.0,0.0,0,,0.0,0.0,0.0,26
1,[],4,[],2019-05-29 22:42:59,7641990.17699888,0.00000480,0.00000000041677680000000005,7709118,2019-05-29 22:42:59,btc,15.210271681374502,0.0,0.00000480,btc,256041.03119642,0.28238329,0.2738601727487749,26
1,[],10,[],2019-05-29 22:43:02,149421.72811225,0.00000542,0.00000000047061047,7709119,2019-05-29 22:43:02,btc,25.585236688207548,5729.7744813,0.00000542,btc,22463.52842185,0.0,0.0352235827631753,26
1,[],5,[],2019-04-26 09:47:06,0.0,0,0,7465326,2019-04-26 09:47:06,btc,0.0,0.0,0,btc,0.0,0.0,0.0,27
1,[],3,[],2019-05-29 22:43:02,18706194.0,0.00000001,0.0000000000008682850000000001,7709120,2019-05-29 22:43:02,btc,3.6497345988231165,15988259.4094,0.00000001,btc,22224941.34723299,0.0,0.18706194,27
1,[],11,[],2019-05-29 22:43:04,1070969.08157834,0.00000002,0.0000000000017365700000000001,7709121,2019-05-29 22:43:04,btc,67503.02945665807,19676.5543251,0.00000002,btc,6590405.9414731,0.0,0.0107207058157834,27
1,[],4,[],2019-05-29 22:43:05,1096973623.503341,0.00000001,0.0000000000008682850000000001,7709122,2019-05-29 22:43:05,btc,4.7683613283016415,0.0,0.00000001,"btc,ltc",289962546.87481195,0.38166038,7.4124837143658695,29
1,[],7,[],2019-05-29 22:43:06,85534659.40740813,0.00000001,0.0000000000008682850000000001,7709123,2019-05-29 22:43:06,btc,46548272.110359564,0.0,0.00000001,btc,35005179.06730714,0.0,0.8553465940740813,29
0,[],17,[],2019-05-03 01:11:25,0.0,0,0,7559066,2019-05-03 01:11:25,btc,0.0,0.0,0,btc,0.0,0.0,0.0,30
1,[],4,[],2019-05-29 22:43:08,15314629.98568213,0.00000007,0.000000000006077995,7709124,2019-05-29 22:43:08,btc,2.7064488349502405,0.0,0.00000007,btc,2098940.37659337,0.00194769,0.1714659848765775,30
1,[],4,[],2019-05-29 22:45:09,110390.82631778,0.00004472,0.00000000388297052,7709125,2019-05-29 22:45:09,btc,3.633153488745213,0.0,0.00004472,btc,46197.00768951,0.84867158,0.6141849321844947,31
1,[],21,[],2019-05-29 22:45:10,87582.5950796,0.00004516000000000000130220487171,0.00000000392117506,7709126,2019-05-29 22:45:10,btc,5.3423700628017325,260774.98666806,0.0000451600000000000013022048717115097815621993504464626312255859375,btc,105952.45510983,11.81323232,3.5563093232841165,31
0,[],2,[],2019-01-20 23:28:43,0.0,0,0,6477009,2019-01-20 23:28:43,,0.0,0.0,0,,0.0,0.0,0.0,32
1,[],12,[],2019-03-30 07:55:10,40641173.964,0.00000003,0.000000000001228359,7108785,2019-03-30 07:55:10,btc,4233210.82356125,0.0,0.00000003,btc,28378394.68333462,0.0126927883965248,0.90752895892,33
0,[],4,[],2019-05-29 22:45:11,0.0,0,0,7709127,2019-05-29 22:45:11,,0.0,0.0,0,,0.0,0.0,0.0,33
0.00000000013390839999999999,[],4,[],2019-05-29 22:45:12,510404567.5484082,2.678168e-17,2.32541310188e-21,7709128,2019-05-29 22:45:12,ltc,3.5056361190542034,0.0,0.0000002,ltc,154260963.70342898,0.0,2.0877129513463267e-09,34
1,[],5,[],2019-05-29 22:45:13,0.0,0,0,7709129,2019-05-29 22:45:13,btc,0.0,0.0,0,btc,0.0,0.0,0.0,34
0.0000000002926451,[],17,[],2019-05-02 18:17:47,200000.0,2.9264510000000002e-18,1.596703856561e-22,7556430,2019-05-02 18:17:47,eth,0.20942468735267253,0.0,0.00000001,"btc,eth",1018272.20243647,0.0,5.852902e-13,36
0.00000000013390839999999999,[],4,[],2019-05-29 22:45:14,59384001.42676589,1.339084e-18,1.16270655094e-22,7709130,2019-05-29 22:45:14,ltc,5.121003901191381e-08,0.0,0.00000001,ltc,7087906061.087266,0.0,7.952016616655937e-11,36
1,[],5,[],2019-05-29 22:45:15,0.0,0,0,7709131,2019-05-29 22:45:15,btc,0.0,0.0,0,btc,0.0,0.0,0.0,36
0.0000000003120785,[],27,[],2019-05-29 22:47:21,11879411.226876,9.362354999999999e-18,8.129192411175001e-22,7709132,2019-05-29 22:47:21,eth,1680.0545384871332,995768549.773124,0.00000003,"ltc,eth",5808600.62557775,6.028705331888822e-09,4.361088460902602e-11,36
1,[],17,[],2019-05-03 01:11:36,211752.74075282,0.00000025,0.000000000013700074999999998,7559074,2019-05-03 01:11:36,btc,0.055484923955058496,0.0,0.00000025,"btc,eth",1387.19918473,0.0,0.0005381851887916605,37
1,[],4,[],2019-05-29 22:47:22,9979288.63366125,0.00000019,0.000000000016497415000000002,7709133,2019-05-29 22:47:22,btc,19772.53863858946,0.0,0.00000019,btc,723277.14561044,0.01592528,0.1419615619252878,37
1,[],12,[],2019-05-29 22:47:23,3741916.36528572,0.00000019,0.000000000016497415000000002,7709134,2019-05-29 22:47:23,btc,8.357069797774969,0.0,0.00000019,btc,960883.07020511,0.017430592771,0.1803322061442866,37
1,[],27,[],2019-05-29 22:49:28,6187.0,0.00000016,0.000000000013892560000000001,7709135,2019-05-29 22:49:28,btc,24.11463822903233,0.0,0.00000016,btc,5792.59438508,0.0,0.00076392,37
1,[],5,[],2019-05-29 22:49:29,0.0,0,0,7709136,2019-05-29 22:49:29,btc,0.0,0.08028076,0,btc,0.0,0.0,0.0,42
1,[],12,[],2019-05-29 22:49:31,129130.76650952,0.00000091,0.000000000079013935,7709137,2019-05-29 22:49:31,btc,24.76154008869796,0.0,0.00000091,btc,71296.51105406,0.003074838644,0.0424617299999525,42
1,[],27,[],2019-05-29 22:49:37,506.0,0.00000002,0.0000000000017365700000000001,7709138,2019-05-29 22:49:37,btc,0.39085425,0.0,0.00000002,"btc,eth",735.0,0.0,6.000000327869672e-06,42
1,[],12,[],2019-03-13 09:13:29,1112112.0,0.00000001,0.000000000000386531,6919902,2019-03-13 09:13:29,btc,29058.00478931866,0.0,0.00000001,btc,5967681.93306694,9.99000999e-07,0.01112112,43
1,[],5,[],2019-04-26 22:38:52,0.0,0,0,7474154,2019-04-26 22:38:52,btc,0.0,0.02638891,0,btc,0.0,0.0,0.0,43
0,[],17,[],2019-04-26 22:38:53,0.0,0,0,7474155,2019-04-26 22:38:53,btc,0.0,0.0,0,btc,0.0,0.0,0.0,43
1,[],12,[],2019-03-05 01:54:08,639326.02,0.00000004,0.000000000001486676,6845775,2019-03-05 01:54:08,btc,11116042.728239931,0.0,0.00000004,btc,1103841.4595604,0.0003330765234764,0.014975410599999999,44
1,[],4,[],2019-05-29 22:49:38,115329561.98169632,0.00000001,0.0000000000008682850000000001,7709139,2019-05-29 22:49:38,btc,291324.21927306376,0.0,0.00000001,"btc,ltc",27238812.69631178,0.00110295,0.07859584775186759,49
0.00000000013390839999999999,[],4,[],2019-05-29 22:49:39,175205718.54914424,4.1511604e-17,3.604390307914e-21,7709140,2019-05-29 22:49:39,ltc,22049.959339223504,0.0,0.00000031,ltc,158440686.87367558,0.0,1.3304923579182407e-09,52
0,[],22,[],2019-05-29 22:49:41,0.0,0,0,7709141,2019-05-29 22:49:41,,10289.55991011,0.0,0,,308568058.4566013,0.0,0.0,57
1,[],27,[],2019-05-29 22:49:46,2297.0,0.0000003,0.000000000026048550000000003,7709142,2019-05-29 22:49:46,btc,0.0,0.0,0.0000003,"btc,eth",0.0,0.0,0.0003891,57
1,[],17,[],2019-05-03 01:12:09,1200000.0,0.0000000001,0.00000000000000548003,7559085,2019-05-03 01:12:09,btc,1e+24,0.0,0.0000000001,"btc,eth",39516342.31952568,0.0,0.00010000000058666061,58
0.00000000013390839999999999,[],4,[],2019-05-29 22:49:47,2661554925.956109,1.339084e-18,1.16270655094e-22,7709143,2019-05-29 22:49:47,ltc,19.263872073050056,0.0,0.00000001,ltc,5784416102.343987,0.0,3.5640456164690102e-09,58
1,[],12,[],2019-05-29 22:49:48,1094599911.0,0.0000000001,0.00000000000000868285,7709144,2019-05-29 22:49:48,btc,2192493.1945181303,0.0,0.0000000001,btc,2557338530.7236037,0.001022986189,0.1094599911,58
0.00000000010929070000000001,[],22,[],2019-05-29 22:51:51,126877.0,1.092907e-18,9.489547544950002e-23,7709145,2019-05-29 22:51:51,XMR,68.17454206,0.0,0.00000001,XMR,9626402.6,0.0,0.00126877,58
1,[],5,[],2019-05-29 22:51:52,0.0,0,0,7709146,2019-05-29 22:51:52,btc,0.0,4.499e-05,0,btc,0.0,0.0,0.0,61
1,[],22,[],2019-05-29 22:51:55,13613.833333333334,0.00000012,0.000000000010419420000000001,7709147,2019-05-29 22:51:55,BTC,1002.29123003,0.0,0.00000012,BTC,15014.200177125656,0.0,0.00153269,61
1,[],26,[],2019-05-29 22:51:56,0.0,0.00000050,0.00000000004341425,7709148,2019-05-29 22:51:56,btc,0.0,0.0,0.00000050,btc,0.0,0.0,0.0,61
1,[],27,[],2019-05-29 22:52:01,8450.0,0.0000002,0.0000000000173657,7709149,2019-05-29 22:52:01,btc,1.9582485601246655,0.0,0.0000002,"btc,eth",11379.41563696,0.0,0.001522,61
0,[],28,[],2019-05-29 22:52:03,0.0,0,0,7709150,2019-05-29 22:52:03,,0.0,742.0,0,,0.0,0.0,0.0,61
1,[],4,[],2019-05-29 22:52:05,944901.10860609,0.00000079,0.00000000006859451500000001,7709151,2019-05-29 22:52:05,btc,2.5997562703862744,0.0,0.00000079,btc,843277.2194276,0.04108248,0.5445722932803624,67
0.0,[],25,[],2019-05-29 22:52:06,0.0,0,0,7709152,2019-05-29 22:52:06,,0.0,0.0,0.0,btc,0.0,0.0,0.0,67
1,[],12,[],2019-05-29 22:52:08,815390.0,0.00000005,0.000000000004341425,7709153,2019-05-29 22:52:08,btc,5.171117636483514,0.0,0.00000005,btc,774961.02897099,9.9766583e-05,0.01780066,71
,[],5,[],2018-11-20 23:02:39,1.5e-07,0.00000005,0.000000000002128045,4862160,2018-11-20 23:02:39,btc,2.84511358,0.0,,btc,0.00036572,0.0,0.07381892,74
1,[],5,[],2019-05-29 22:52:10,0.0,0,0,7709154,2019-05-29 22:52:10,btc,0.0,0.03530504,0,btc,0.0,0.0,0.0,75
0,[],4,[],2019-05-25 21:33:44,0.0,0,0,7686249,2019-05-25 21:33:44,,133656.37989170782,0.0,0,,33439209.5909442,0.0,0.0,81
0,[],20,[],2019-01-25 09:30:31,0.0,0,0,6495923,2019-01-25 09:30:31,btc,0.0,0.0,0,btc,0.0,0.0,0.0,81
1,[],4,[],2019-05-29 22:52:11,36821.97066357,0.00013003,0.000000011290309855,7709155,2019-05-29 22:52:11,btc,24.789496040527396,0.0,0.00013003,btc,22366.40761954,1.55120145,1.6257262090293574,82
1,[],21,[],2019-05-29 22:52:11,21707.34415724,0.0001212099999999999999254415850,0.000000010524482485,7709156,2019-05-29 22:52:11,btc,33.135437778186095,242156.80893439,0.000121209999999999999925441585002516831082175485789775848388671875,btc,182520.49709441,28.83636445,2.1869382791980723,82
0,[],17,[],2019-03-25 22:42:34,0.0,0,0,7038780,2019-03-25 22:42:34,btc,0.0445064681804024,0.0,0,btc,995513.18476001,0.0,0.0,84
0.0000000001161485,[],4,[],2019-05-20 13:09:39,216715621.0206096,1.161485e-18,9.0533806701e-23,7657228,2019-05-20 13:09:39,ltc,1.6511566870244727,0.0,0.00000001,ltc,471032407.9048656,0.0,2.5171194308112273e-10,85
,[],22,[],2018-11-20 23:09:34,3408.1,0.0000001,0.0000000000041895,4862324,2018-11-20 23:09:34,BTC,0.04624735,0.0,,BTC,4990.0,0.0,0.00033081,86
1,[],22,[],2019-05-29 21:53:28,65156.0,0.00000001,0.000000000000866132,7708999,2019-05-29 21:53:28,BTC,1.44930041,0.0,0.00000001,BTC,188535.29736842104,3e-05,0.00065156,87
1,[],27,[],2019-05-29 21:53:32,70160.0,0.00000004,0.000000000003464528,7709000,2019-05-29 21:53:32,btc,5.374707418036,98305.819,0.00000004,btc,146149.67341,0.00393223,0.0013416,87
,[],2,[],2018-11-20 23:10:47,0.0,0,0,4862359,2018-11-20 23:10:47,,0.0,0.0,,,0.0,0.0,0.0,88
1,[],11,[],2019-05-29 22:52:13,204929.78881773,0.000080010000000000001366302904148852803700719960033893585205078125,0.0000000069471482850000005,7709157,2019-05-29 22:52:13,btc,186.5881986348893,381.10332115,0.000080010000000000001366302904148852803700719960033893585205078125,btc,239271.13382186,0.0,2.2079407849942325,89
0,[],2,[],2019-01-20 23:31:45,0.0,0,0,6477083,2019-01-20 23:31:45,,0.0,0.0,0,,0.0,0.0,0.0,91
0,[],17,[],2019-05-03 01:12:26,0.0,0,0,7559096,2019-05-03 01:12:26,btc,0.0,0.0,0,btc,0.0,0.0,0.0,91
1,[],12,[],2019-05-29 22:52:15,199308.11108259,0.00000032,0.000000000027785120000000002,7709158,2019-05-29 22:52:15,btc,87.69181386728542,0.0,0.00000032,btc,144741.53253856,0.001144954886,0.0103634618999917,91
1,[],22,[],2019-05-29 22:54:18,75910.55,0.0000002,0.0000000000173657,7709159,2019-05-29 22:54:18,BTC,0.495,0.0,0.0000002,"BTC,LTC",4.95,0.0,0.00165931,91
1,[],22,[],2019-04-09 20:17:52,374949.73333333334,0.00000015,0.000000000007771935,7235704,2019-04-09 20:17:52,BTC,6.87372503,0.0,0.00000015,"BTC,LTC",159980.01196797504,1.1e-05,0.80510266,95
0,[],17,[],2019-05-03 01:12:32,0.0,0,0,7559100,2019-05-03 01:12:32,btc,0.0,0.0,0,btc,0.0,0.0,0.0,96
0.00000000013390839999999999,[],4,[],2019-05-29 22:54:20,541712687.3479812,3.0798932e-17,2.674225067162e-21,7709160,2019-05-29 22:54:20,ltc,11.298912868185488,0.0,0.00000023,ltc,151922501.3163669,0.0,8.568355690145006e-10,96
0,[],12,[],2019-05-29 22:54:21,0.0,0,0,7709161,2019-05-29 22:54:21,btc,10.51060372037962,0.0,0,btc,7843751.03796204,0.0,0.0,96
1,[],4,[],2019-04-14 03:32:46,1039404.33283278,0.00000038,0.000000000019245518,7293458,2019-04-14 03:32:46,btc,4.170086055365747,0.0,0.00000038,btc,3097704.34561074,0.06260606,0.1859928211030784,99
0,[],2,[],2019-01-20 23:23:55,0.0,0,0,6476914,2019-01-20 23:23:55,,0.0,0.0,0,,0.0,0.0,0.0,100
1,[],4,[],2019-05-29 22:56:22,209272.16147327,0.00001725,0.0000000014977916250000002,7709162,2019-05-29 22:56:22,btc,6.919191466284862,0.0,0.00001725,btc,137608.14732367,0.21572228,0.3436614697611862,100
1,[],22,[],2019-05-29 22:56:25,150000.0,0.00000002,0.0000000000017365700000000001,7709163,2019-05-29 22:56:25,BTC,24.83526409,0.0,0.00000002,BTC,11187.719,0.0,0.0017,101
1,[],4,[],2019-05-29 22:56:26,529511.97222714,0.00000145,0.000000000125901325,7709164,2019-05-29 22:56:26,btc,361.97608850532737,0.0,0.00000145,btc,562791.67420186,0.06386909,0.1584544932798469,103
1,[],12,[],2019-05-29 22:56:28,142802676.83268034,0.000000004,0.00000000000034731400000000005,7709165,2019-05-29 22:56:28,btc,2395.2782226124054,0.0,0.000000004,btc,62056720.47502998,0.034579584163,0.1804678053307214,105
0,[],27,[],2019-05-29 22:56:34,0.0,0,0,7709166,2019-05-29 22:56:34,,0.3273326523531397,277188.915,0,btc,1742492.35947933,0.00277189,0.0,105
1,[],22,[],2019-04-21 00:17:26,21333.0,0.00000001,0.000000000000532493,7385819,2019-04-21 00:17:26,BTC,51.38182867,0.0,0.00000001,BTC,470435.0,0.0,0.00021333,107
1,[],26,[],2019-04-21 00:17:26,0.0,0.00000000,0,7385820,2019-04-21 00:17:26,btc,0.0,0.0,0.00000000,btc,0.0,0.0,0.0,107
1,[],5,[],2019-05-29 22:56:35,0.0,0,0,7709167,2019-05-29 22:56:35,btc,0.0,0.0,0,btc,0.0,0.0,0.0,112
0,[],22,[],2019-05-29 22:56:38,0.0,0,0,7709168,2019-05-29 22:56:38,,6.79726681,0.0,0,,3375892.0833333335,0.0,0.0,112
1,[],27,[],2019-05-29 22:56:45,1.0,0.00000001,0.0000000000008682850000000001,7709169,2019-05-29 22:56:45,btc,1.15032588,0.0,0.00000001,"btc,eth",1818.0,0.0,1e-08,112
1,[],4,[],2019-05-29 22:56:46,291262.42793266,0.00000088,0.00000000007640908000000001,7709170,2019-05-29 22:56:46,btc,5.710062158152071,0.0,0.00000088,btc,594790.96291564,0.05057424,0.1825290629061182,113
1,[],5,[],2019-05-29 22:56:47,0.0,0,0,7709171,2019-05-29 22:56:47,btc,0.0,0.0,0,btc,0.0,0.0,0.0,113
1,[],17,[],2019-04-26 02:17:47,162738.278,0.00000004,0.0000000000021069000000000002,7461287,2019-04-26 02:17:47,btc,1.3331140273775473,0.0,0.00000004,btc,51796.221,0.0,0.00230953112,116
1,[],27,[],2019-05-22 05:13:01,210000.0,0.00000001,0.00000000000079145,7666372,2019-05-22 05:13:01,btc,3919.0005001478,0.0,0.00000001,btc,128660.871,0.0,0.0021,116
1,[],4,[],2019-05-21 22:31:11,138169.03963019,0.00000701,0.000000000558364025,7664793,2019-05-21 22:31:11,btc,150.95388250938234,0.0,0.00000701,btc,344631.17141974,0.07552974,0.4288357684941946,120
1,[],7,[],2019-05-21 22:31:12,3901.07750076,0.000010679999999999999389654892212320191902108490467071533203125,0.0000000008506887,7664794,2019-05-21 22:31:12,btc,231188.94669936574,0.0,0.000010679999999999999389654892212320191902108490467071533203125,btc,4133.83151364,0.0,0.0113888422364489,120
1,[],20,[],2019-04-07 18:42:29,1914137.0852,0.000000035,0.0000000000017871910000000002,7211992,2019-04-07 18:42:29,btc,32.2497668025648,25528.85,0.000000035,btc,1001975.4986,0.00089350975,0.0152723574729,125
1,[],22,[],2019-05-29 22:56:51,10000.0,0.00000001,0.0000000000008682850000000001,7709172,2019-05-29 22:56:51,BTC,0.032061,0.0,0.00000001,BTC,299316.7611111111,0.0,0.0001,126
0,[],2,[],2019-01-20 23:25:46,0.0,0,0,6476969,2019-01-20 23:25:46,,0.0,0.0,0,,0.0,0.0,0.0,131
1,[],17,[],2019-05-03 01:13:10,10000.0,0.00000001,0.000000000000548003,7559115,2019-05-03 01:13:10,btc,0.0953976503951408,0.0,0.00000001,btc,5037.62507334,0.0,0.0001,131
1,[],4,[],2019-05-29 22:56:51,368291.92737205,0.00000681,0.000000000591302085,7709173,2019-05-29 22:56:51,btc,5.182981306626008,0.0,0.00000681,btc,185856.65451928,0.4410305,1.141453385559687,131
1,[],4,[],2019-05-29 22:58:52,4754.14437884,0.00007919,0.000000006875948915000001,7709174,2019-05-29 22:58:52,btc,5.031736214429445,0.0,0.00007919,btc,202.13055914,0.0,0.0065609533891905,135
1,[],3,[],2019-05-29 22:58:53,624652.22392675,0.00000001,0.0000000000008682850000000001,7709175,2019-05-29 22:58:53,btc,0.2228486577012716,1577354.09937,0.00000001,btc,1910497.43168451,0.0,0.0062465222392675,136
1,[],4,[],2019-05-29 22:58:54,2696837.95189751,0.00000191,0.000000000165842435,7709176,2019-05-29 22:58:54,btc,108.72646614087282,0.0,0.00000191,btc,515400.19478356,0.04488527,0.5748267639785543,137
1,[],12,[],2019-05-29 22:58:55,89059.83109282,0.000001740000000000000069492480346544649449924690998159348964691162109375,0.00000000015108159,7709177,2019-05-29 22:58:55,btc,57.780909521713994,0.0,0.000001740000000000000069492480346544649449924690998159348964691162109375,btc,49730.34635867,0.000495444556,0.018157219999905,137
1,[],17,[],2019-05-03 01:13:16,32967.38636364,0.00000088,0.000000000048224264,7559122,2019-05-03 01:13:16,btc,20.06976206696776,0.0,0.00000088,btc,2746.079105,0.0,0.0105613000000032,142
1,[],4,[],2019-05-29 22:58:56,62364.04850521,0.00001921,0.0000000016679754850000001,7709178,2019-05-29 22:58:56,btc,9.603284830542993,0.0,0.00001921,btc,154755.76071479,0.7851424,0.3991893133450702,142
1,[],5,[],2019-05-29 22:58:57,0.0,0,0,7709179,2019-05-29 22:58:57,btc,0.0,0.01588731,0,btc,0.0,0.0,0.0,142
1,[],20,[],2019-05-29 23:00:58,209008.2986,0.000014231,0.0000000012356563835000002,7709180,2019-05-29 23:00:58,btc,1.6081026104513,0.0,0.000014231,btc,9872.7963,0.0,0.0183295612843,142
1,[],22,[],2019-05-29 23:01:01,11028.645,0.00001000,0.0000000008682850000000001,7709181,2019-05-29 23:01:01,BTC,3.2754788,0.0,0.00001000,BTC,1133.9993657797618,0.0,0.00745365,142
0.0,[],25,[],2019-05-29 23:01:03,0.0,0,0,7709182,2019-05-29 23:01:03,,0.0,0.0,0.0,btc,0.0,0.0,0.0,142
0,[],28,[],2019-05-29 23:01:04,0.0,0,0,7709183,2019-05-29 23:01:04,,0.0,0.0,0,,0.0,0.0,0.0,142
0,[],22,[],2019-05-29 23:01:07,0.0,0,0,7709184,2019-05-29 23:01:07,,65.51518676,0.0,0,,839924755.3,0.0,0.0,143
0,[],22,[],2019-02-25 15:42:22,0.0,0,0,6783783,2019-02-25 15:42:22,,4.2131946,0.0,0,,2322156.0,0.0,0.0,146
,[],22,[],2018-11-20 23:01:11,0.0,0,0,4862114,2018-11-20 23:01:11,,2.56807021,0.0,,,61828.4988236,0.0,0.0,147
1,[],12,[],2019-04-21 06:38:04,193091.5971266,0.00000071,0.000000000037635183,7388679,2019-04-21 06:38:04,btc,2.301232411611175,0.0,0.00000071,btc,9957.48302385,0.00023528,0.0313308199999888,148
1,[],4,[],2019-03-19 21:31:25,255810.0415942,0.00000029,0.000000000011615747,6982695,2019-03-19 21:31:25,btc,218.94922712414143,0.0,0.00000029,btc,793529.37642722,0.00117,0.0608347789473395,152
0,[],22,[],2019-03-19 21:31:27,0.0,0,0,6982696,2019-03-19 21:31:27,,0.0,0.0,0,,0.0,0.0,0.0,152
1,[],5,[],2019-04-26 09:36:59,0.0,0,0,7465040,2019-04-26 09:36:59,btc,0.0,0.0,0,btc,0.0,0.0,0.0,153
,[],16,[],2019-01-11 15:38:59,0.0,0,0,6366141,2019-01-11 15:38:59,btc,0.0,0.0,,btc,0.0,0.0,0.0,155
0,[],22,[],2019-05-29 23:01:11,0.0,0,0,7709185,2019-05-29 23:01:11,,7.44455324,0.0,0,,5955762.942592593,0.0,0.0,156
0,[],23,[],2019-01-20 23:24:29,0.0,0,0,6476932,2019-01-20 23:24:29,,0.0,0.0,0,,0.0,0.0,0.0,156
1,[],22,[],2019-05-29 23:01:14,6996.0,0.00000001,0.0000000000008682850000000001,7709186,2019-05-29 23:01:14,BTC,1.7543039,0.0,0.00000001,BTC,57.0,0.0,6.996e-05,157
0,[],22,[],2019-05-21 23:40:32,0.0,0,0,7665049,2019-05-21 23:40:32,,50234.60468402,0.0,0,,54786159.03179465,0.0,0.0,158
,[],17,[],2018-11-20 22:56:10,0.0,0,0,4861976,2018-11-20 22:56:10,btc,1.1265625,0.0,,btc,1000.0,0.0,0.0,159
,[],20,[],2018-11-20 22:56:12,0.0,0,0,4861977,2018-11-20 22:56:12,btc,11912.7940471,0.0,,btc,34413894.3617,0.0,0.0,159
1,[],12,[],2019-05-24 02:51:20,9178.522006449999,0.00000191999999999999982841307998027158276954651228152215480804443359375,0.000000000151222656,7676256,2019-05-24 02:51:20,btc,149.80414728631675,0.0,0.00000191999999999999982841307998027158276954651228152215480804443359375,btc,1115.7451448499999,0.01783167678326,0.0120075778999181,168
1,[],17,[],2019-05-03 01:13:36,42852.0,0.00000002,0.000000000001096006,7559132,2019-05-03 01:13:36,btc,0.04279856251542,0.0,0.00000002,btc,274.46171372,0.0,0.00052852,168
1,[],22,[],2019-05-17 03:01:52,10.0,0.00000001,0.000000000000778341,7642059,2019-05-17 03:01:52,BTC,41.95893009,0.0,0.00000001,BTC,1753972.7737547632,0.0,1e-07,169
1,[],22,[],2019-05-29 23:01:17,202834.0,0.00000002,0.0000000000017365700000000001,7709187,2019-05-29 23:01:17,BTC,27.86993734,0.0,0.00000002,BTC,462189.5785507793,0.0001666,0.00211768,171
1,[],22,[],2019-05-29 08:05:18,349870.0,0.00000002,0.000000000001705894,7705265,2019-05-29 08:05:18,BTC,24.05907723,0.0,0.00000002,"BTC,LTC",1224285.4355616204,0.0,0.0039847,173
1,[],5,[],2019-05-29 23:01:19,0.0,0,0,7709188,2019-05-29 23:01:19,btc,0.0,0.00364092,0,btc,0.0,0.0,0.0,175
1,[],22,[],2019-05-29 23:01:22,90671.0,0.00000001,0.0000000000008682850000000001,7709189,2019-05-29 23:01:22,BTC,394.35459412,0.0,0.00000001,BTC,136275.61833431243,0.0,0.00090671,176
1,[],7,[],2019-05-29 23:01:25,0.0,0,0,7709190,2019-05-29 23:01:25,btc,522274.2171378036,0.0,0,btc,22704134.34310774,0.0,0.0,178
0,[],22,[],2019-05-29 23:01:28,0.0,0,0,7709191,2019-05-29 23:01:28,,1.00242428,0.0,0,,57512.0,0.0,0.0,178
0,[],2,[],2019-01-20 23:28:34,0.0,0,0,6477001,2019-01-20 23:28:34,,0.0,0.0,0,,0.0,0.0,0.0,178
1,[],5,[],2019-05-29 23:01:30,0.0,0,0,7709192,2019-05-29 23:01:30,btc,0.0,0.04874847,0,btc,0.0,0.0,0.0,179
0,[],22,[],2019-05-29 23:01:32,0.0,0,0,7709193,2019-05-29 23:01:32,,5.31489813,0.0,0,,13465409.311946675,0.0,0.0,179
0,[],23,[],2019-01-20 23:25:08,0.0,0,0,6476952,2019-01-20 23:25:08,,0.0,0.0,0,,0.0,0.0,0.0,179
1,[],22,[],2019-05-29 23:03:35,672207.0606446359,0.00000102,0.00000000008856507000000001,7709194,2019-05-29 23:03:35,BTC,39.20656974,0.0,0.00000102,"BTC,LTC",157270.3213531212,0.01368255,0.57084219,180
1,[],26,[],2019-05-29 23:03:36,0.0,0.00000010,0.00000000000868285,7709195,2019-05-29 23:03:36,btc,0.0,0.0,0.00000010,btc,0.0,0.0,0.0,180
1,[],17,[],2019-05-03 01:13:56,20504.725000000002,0.0000001,0.00000000000548003,7559141,2019-05-03 01:13:56,btc,5.2010695838400265,0.0,0.0000001,btc,5033.45945,0.0,0.0011504725,180
,[],7,[],2018-11-20 22:58:01,562227.975654,0.00000085,0.000000000036176765,4862015,2018-11-20 22:58:01,btc,21836.6059674,2491.87645172,,btc,749999.041456,0.00211021,0.127565380455,183
,[],5,[],2019-01-10 08:11:41,0.0,0,0,6347036,2019-01-10 08:11:41,btc,82.15055501,0.00261,,btc,1.19002445,0.0,0.0,187
,[],17,[],2018-11-16 20:58:10,4062536.27273,0.00000001,0.000000000000550501,4708775,2018-11-16 20:58:10,btc,3.36492563466,0.195460381006,,"btc,eth",110697919.549,0.0,0.0157628953496,187
1,[],24,[],2019-05-22 21:04:52,0.0,0.000000000014,0.0000000000000010960978,7670219,2019-05-22 21:04:52,btc,0.0,0.0,0.000000000014,btc,0.0,0.0,0.0,187
0,[],22,[],2019-04-25 02:54:07,0.0,0,0,7447896,2019-04-25 02:54:07,,7.54794454,0.0,0,,76361.7243344055,0.0,0.0,191
0,[],22,[],2019-05-29 23:03:40,0.0,0,0,7709196,2019-05-29 23:03:40,,0.0,0.0,0,,0.0,0.0,0.0,197
0,[],22,[],2019-05-29 23:03:42,0.0,0,0,7709197,2019-05-29 23:03:42,,10.91949999,0.0,0,,98428037.0,0.0,0.0,199
1,[],26,[],2019-05-29 23:03:42,0.0,0.00000000,0,7709198,2019-05-29 23:03:42,btc,0.0,0.0,0.00000000,btc,0.0,0.0,0.0,199
0,[],23,[],2019-01-20 23:31:41,0.0,0,0,6477079,2019-01-20 23:31:41,,0.0,0.0,0,,0.0,0.0,0.0,199
0,[],2,[],2019-01-20 23:30:49,0.0,0,0,6477059,2019-01-20 23:30:49,,0.0,0.0,0,,0.0,0.0,0.0,201
1,[],4,[],2019-01-25 15:51:35,2084389.58565343,0.00000936,0.000000000333526752,6499557,2019-01-25 15:51:35,btc,2.0092503037378524,0.0,0.00000936,btc,160195.80207885,0.19272417,1.242687955921835,211
1,[],7,[],2019-05-29 23:03:46,1183592374.4558868,0.00000065,0.000000000056438525,7709199,2019-05-29 23:03:46,btc,15201841.04513678,384689.742373,0.00000065,btc,8427075.36295252,0.0,13.46202496289457,212
1,[],5,[],2019-05-29 23:03:49,0.0,0,0,7709200,2019-05-29 23:03:49,btc,0.0,0.07622226,0,btc,0.0,0.0,0.0,213
1,[],24,[],2019-05-29 23:03:49,0.0,0.000000399202,0.000000000034662110857000005,7709201,2019-05-29 23:03:49,btc,0.0,0.0,0.000000399202,btc,0.0,0.0,0.0,213
1,[],26,[],2019-05-29 23:03:49,0.0,0.00000040,0.0000000000347314,7709202,2019-05-29 23:03:49,btc,0.0,0.0,0.00000040,btc,0.0,0.0,0.0,213
1,[],12,[],2019-01-25 02:44:32,207462.42853209,0.000001080000000000000035831255497387193287295303889550268650054931640625,0.000000000038610756000000006,6493050,2019-01-25 02:44:32,btc,85023.03793723314,0.0,0.000001080000000000000035831255497387193287295303889550268650054931640625,btc,43675.73520027,0.000146250909087,0.0348620860622024,213
0,[],22,[],2019-05-29 23:03:52,0.0,0,0,7709203,2019-05-29 23:03:52,,9.61445386,0.0,0,,3661587.094064925,0.0,0.0,216
1,[],27,[],2019-05-29 23:03:58,397300.0,0.00000001,0.0000000000008682850000000001,7709204,2019-05-29 23:03:58,btc,75.61743967917752,3933.0,0.00000001,"btc,ltc",386835.407688,3.933e-05,0.003973,216
1,[],22,[],2019-05-29 23:04:01,720473.8260869565,0.00000027,0.000000000023443695000000002,7709205,2019-05-29 23:04:01,BTC,12056.48346004,0.0,0.00000027,BTC,516561.758519451,0.02399437,0.05365454,217
1,[],7,[],2019-05-29 23:04:02,0.0,0,0,7709206,2019-05-29 23:04:02,btc,1234864.1040716618,0.0,0,btc,164001712.13147992,0.0,0.0,219
0,[],27,[],2019-05-29 23:04:09,0.0,0,0,7709207,2019-05-29 23:04:09,,0.8292697651275841,12357640.376908,0,btc,33802510.24032222,0.1235764,0.0,219
0,[],28,[],2019-05-29 23:04:12,0.0,0,0,7709208,2019-05-29 23:04:12,,0.0,14508771.9053,0,,0.0,0.0,0.0,219
1,[],22,[],2019-05-23 16:41:05,172069.0,0.00000004,0.0000000000031167080000000004,7674065,2019-05-23 16:41:05,BTC,56.76466137,0.0,0.00000004,BTC,127061.6482738741,0.0,0.00393676,221
1,[],24,[],2019-05-23 16:41:05,0.0,0.000000010000,0.0000000000007791770000000001,7674066,2019-05-23 16:41:05,btc,0.0,0.0,0.000000010000,btc,0.0,0.0,0.0,221
1,[],20,[],2019-05-29 23:04:14,2654233.3644,0.000000001,0.0000000000000868285,7709209,2019-05-29 23:04:14,btc,100053.67494723386,6675997.5333,0.000000001,btc,48012993.1499,0.0080763584831,0.0026542333644,224
0,[],22,[],2019-05-29 23:04:17,0.0,0,0,7709210,2019-05-29 23:04:17,,0.0,0.0,0,,0.0,0.0,0.0,224
1,[],26,[],2019-05-29 23:04:17,0.0,0.00000025,0.000000000021707125,7709211,2019-05-29 23:04:17,btc,0.0,0.0,0.00000025,btc,0.0,0.0,0.0,231
1,[],26,[],2019-05-29 23:04:18,0.0,0.00000006,0.0000000000052097100000000004,7709212,2019-05-29 23:04:18,btc,0.0,0.0,0.00000006,btc,0.0,0.0,0.0,234
0,[],27,[],2019-05-29 23:04:27,0.0,0,0,7709213,2019-05-29 23:04:27,,0.01134836604,0.0,0,"btc,eth",11462.996,0.0,0.0,234
1,[],4,[],2019-05-22 17:06:12,91780.56053785,0.00000078,0.000000000061977552,7669277,2019-05-22 17:06:12,btc,5.573372450018177,0.0,0.00000078,btc,729173.93529783,0.0,0.0307060663355679,236
1,[],24,[],2019-05-22 17:06:12,0.0,0.000000010000,0.000000000000794584,7669278,2019-05-22 17:06:12,btc,0.0,0.0,0.000000010000,btc,0.0,0.0,0.0,236
1,[],5,[],2019-05-29 23:04:29,0.0,0,0,7709214,2019-05-29 23:04:29,btc,0.0,0.01292391,0,btc,0.0,0.0,0.0,237
1,[],20,[],2019-05-29 23:04:31,121570423.9917,0.00000004,0.0000000000034731400000000003,7709215,2019-05-29 23:04:31,btc,58795.1777199343,18036953.1276,0.00000004,btc,43172499.4821,0.7667435632721,0.4921932031033,237
1,[],22,[],2019-05-29 23:04:34,288100.0,0.00000003,0.0000000000026048550000000002,7709216,2019-05-29 23:04:34,BTC,1.20267422,0.0,0.00000003,"BTC,LTC",17930.94871794872,0.0,0.007541,237
1,[],4,[],2019-05-29 23:04:35,27116512.68055456,0.00000012,0.000000000010419420000000001,7709217,2019-05-29 23:04:35,btc,2.7743730209412774,0.0,0.00000012,btc,8540101.92623611,0.07885637,0.584750078105912,238
1,[],5,[],2019-05-29 23:04:36,0.0,0,0,7709218,2019-05-29 23:04:36,btc,0.0,0.00498737,0,btc,0.0,0.0,0.0,238
0,[],22,[],2019-03-12 16:49:32,0.0,0,0,6914458,2019-03-12 16:49:32,,0.40415746,0.0,0,,526736.5639027493,0.0,0.0,249
0,[],22,[],2019-05-28 23:53:45,0.0,0,0,7703643,2019-05-28 23:53:45,,13.44714864,0.0,0,,43777534.3426455,0.0,0.0,252
0,[],28,[],2019-05-29 23:04:39,0.0,0,0,7709219,2019-05-29 23:04:39,,0.0,202184.9,0,,0.0,0.0,0.0,256
1,[],22,[],2019-05-29 23:04:42,1039243.0,0.00000001,0.0000000000008682850000000001,7709220,2019-05-29 23:04:42,BTC,24.15669583,0.0,0.00000001,BTC,547708.9724808998,0.0,0.01039243,258
1,[],22,[],2019-05-19 18:12:02,400.0,0.00000001,0.0000000000007957800000000001,7653905,2019-05-19 18:12:02,BTC,2.415167,0.0,0.00000001,BTC,157.0,0.0,4e-06,259
1,[],5,[],2019-05-29 23:04:43,0.0,0,0,7709221,2019-05-29 23:04:43,btc,0.0,0.01286405,0,btc,0.0,0.0,0.0,264
1,[],20,[],2019-05-29 23:04:45,955358.9382,0.000000153,0.000000000013284760500000002,7709222,2019-05-29 23:04:45,btc,0.9758654831009,0.0,0.000000153,btc,49906.8327,0.0,0.0075237773946,264
0,[],22,[],2019-04-12 17:57:27,0.0,0,0,7278186,2019-04-12 17:57:27,,66.37522201,0.0,0,,677842.4169881374,0.0,0.0,271
0,[],22,[],2019-05-29 08:10:20,0.0,0,0,7705301,2019-05-29 08:10:20,,33050470.74998113,0.0,0,,14361377780.7,0.0,0.0,272
0,[],28,[],2019-05-29 08:10:54,0.0,0,0,7705302,2019-05-29 08:10:54,,0.0,22189957216.5758,0,,0.0,0.0,0.0,272
1,[],22,[],2019-05-23 07:12:29,219930.0,0.00000004,0.000000000003048688,7671985,2019-05-23 07:12:29,BTC,426.77835217,0.0,0.00000004,BTC,248664.3325962929,0.0,0.00739728,281
1,[],22,[],2019-05-29 23:04:50,341620.68333333335,0.00000004,0.0000000000034731400000000003,7709223,2019-05-29 23:04:50,BTC,31.6596979,0.0,0.00000004,"BTC,LTC",1321962.5141012324,0.00346354,0.01355282,286
0,[],22,[],2019-05-29 23:04:52,0.0,0,0,7709224,2019-05-29 23:04:52,,7337904.96568486,0.0,0,,2004620112.6797826,0.0,0.0,294
