pairValue,buyBook,exchangeId,sellBook,updated,buyTotal,satoshiPrice,usdPrice,exchangeLogId,created,bestPair,sellTotalBtc,volume,pairPrice,activePairs,sellTotal,volumeBtc,buyTotalBtc,coinId
1,[],3,[],2019-03-13 01:37:15,30532.81962039072,0.012883590000000000319602122544893063604831695556640625,0.0000004988861021340001,6917524,2019-03-13 01:37:15,btc,61.027459368167094,1.78618092693,0.012883590000000000319602122544893063604831695556640625,btc,18.22266429198,0.0,0.1575195595475683,1
1,[],4,[],2019-03-13 01:37:16,207780.88671305,0.01284443,0.000000497369725118,6917525,2019-03-13 01:37:16,btc,13.024870577858131,0.0,0.01284443,btc,322.59056047,1.81961529,1.477988226603018,1
1,[],5,[],2019-03-13 01:37:20,0.0,0,0,6917526,2019-03-13 01:37:20,btc,0.0,0.25009451,0,btc,0.0,0.0,0.0,1
1,[],10,[],2019-03-13 01:37:23,413776.36700087,0.01022161,0.00000039580731538600006,6917527,2019-03-13 01:37:23,btc,6522.06776230603,1220.96867284,0.01022161,btc,1094.72696694,0.0,4.644716104912488,1
1,[],12,[],2019-03-13 01:37:26,112.65400855,0.01297000000000000062561067437627571052871644496917724609375,0.0000005022321220000001,6917528,2019-03-13 01:37:26,btc,0.27318959453749997,0.0,0.01297000000000000062561067437627571052871644496917724609375,btc,20.251493749999998,0.0361869507801,0.4096084577261,1
1,[],20,[],2019-03-13 01:37:28,1152.4727,0.01050023,0.00000040659620619800004,6917529,2019-03-13 01:37:28,btc,0.0552085068997,0.0,0.01050023,btc,2.4565,0.0,0.0959654646971,1
1,[],21,[],2019-03-13 01:37:29,2295.78763707,0.01302376000000000054457327536,0.0000005043138489760001,6917530,2019-03-13 01:37:29,btc,22.68963856494517,14667.20431168,0.01302376000000000054457327536283628433011472225189208984375,"btc,eth",2573.96651111,159.3220145678151,21.94986078854114,1
1,[],22,[],2019-03-13 01:38:13,0.0059712,0.01250000,0.0000004840325,6917531,2019-03-13 01:38:13,BTC,0.31439419,0.0,0.01250000,BTC,0.12751438772928525,0.0,7.464e-05,1
1,[],24,[],2019-03-13 01:38:14,0.0,0.000000000000,0,6917532,2019-03-13 01:38:14,btc,0.0,0.0,0.000000000000,btc,0.0,0.0,0.0,1
0.0,[],25,[],2019-03-13 01:38:15,0.0,0,0,6917533,2019-03-13 01:38:15,btc,30.346499998304306,1697.53373206,0.0,btc,2267.82828505,22.0405,0.0,1
1,[],26,[],2019-03-13 01:38:24,0.0,0,0,6917534,2019-03-13 01:38:24,,0.0,0.0,0,,0.0,0.0,0.0,1
1,[],28,[],2019-03-13 01:38:26,992.9,0.01231000,0.00000047667520600000003,6917535,2019-03-13 01:38:26,btc,0.147901439075,18026.6,0.01231000,btc,7.9421,0.0,0.086101096,1
0,[],2,[],2019-01-20 23:28:45,0.0,0,0,6477011,2019-01-20 23:28:45,,0.0,0.0,0,,0.0,0.0,0.0,1
1,[],5,[],2019-03-13 01:38:29,0.0,0,0,6917536,2019-03-13 01:38:29,btc,0.0,0.01148499,0,btc,0.0,0.0,0.0,2
0.000000000128994,[],22,[],2019-03-13 01:40:05,1148.0,1.418934e-16,5.4944813708400005e-21,6917537,2019-03-13 01:40:05,XMR,21.01373823,0.0,0.00000110,XMR,14319.12581,0.0,0.00087635,2
1,[],5,[],2019-03-13 01:40:09,0.0,0,0,6917538,2019-03-13 01:40:09,btc,0.0,0.28162773,0,btc,0.0,0.0,0.0,3
1,[],12,[],2019-03-13 01:40:11,2841575.9513276,0.000000195,0.000000000007550907000000001,6917539,2019-03-13 01:40:11,btc,22811.413878516352,0.0,0.000000195,btc,879525.53928511,0.0976707952893846,0.4009551611608276,3
0,[],28,[],2019-03-13 01:40:12,0.0,0,0,6917540,2019-03-13 01:40:12,,0.0,0.0,0,,0.0,0.0,0.0,3
0,[],2,[],2019-01-20 23:31:32,0.0,0,0,6477077,2019-01-20 23:31:32,,0.0,0.0,0,,0.0,0.0,0.0,4
1,[],4,[],2019-03-09 19:03:36,394362.28616607,0.00000032,0.000000000012569280000000001,6889097,2019-03-09 19:03:36,btc,32.15548375957025,0.0,0.00000032,btc,707361.31512647,0.00109114,0.0476374485302292,4
1,[],12,[],2019-03-13 01:40:14,433962.0,0.00000002,0.000000000000774452,6917541,2019-03-13 01:40:14,btc,1111742.1545666,0.0,0.00000002,btc,728068.0,0.00028552,0.0051389800000000005,5
0,[],2,[],2019-01-20 23:31:51,0.0,0,0,6477087,2019-01-20 23:31:51,,0.0,0.0,0,,0.0,0.0,0.0,6
1,[],11,[],2019-03-13 01:40:15,4575092.39882,0.00000002,0.000000000000774452,6917542,2019-03-13 01:40:15,btc,9568.17497193299,49485.0,0.00000002,btc,42704295.275313936,0.0,0.0584407913342,6
1,[],3,[],2019-03-13 01:40:16,1087.833962084558,0.000154759999999999988719301402539940681890584528446197509765625,0.000000005992709576,6917543,2019-03-13 01:40:16,btc,29.634085403952064,0.0,0.000154759999999999988719301402539940681890584528446197509765625,btc,239.122414578101,0.0,0.03439493781756314,7
1,[],4,[],2019-03-13 01:40:18,87636.67383534,0.00023475,0.00000000909013035,6917544,2019-03-13 01:40:18,btc,9.581655821796275,0.0,0.00023475,btc,31716.60366251,6.06554481,7.187610654751273,7
1,[],5,[],2019-03-13 01:40:21,0.0,0,0,6917545,2019-03-13 01:40:21,btc,0.0,0.84194849,0,btc,0.0,0.0,0.0,7
1,[],20,[],2019-02-20 02:16:17,39399275.8418,0.000000001,0.0000000000000390183,6728586,2019-02-20 02:16:17,btc,116.9737569154545,525.0,0.000000001,btc,56932965.8895,5.25e-07,0.0393992758418,8
0,[],2,[],2019-01-20 23:22:42,0.0,0,0,6476876,2019-01-20 23:22:42,,0.0,0.0,0,,0.0,0.0,0.0,9
0,[],23,[],2019-01-20 23:22:48,0.0,0,0,6476878,2019-01-20 23:22:48,,0.0,0.0,0,,0.0,0.0,0.0,9
1,[],4,[],2019-03-13 01:40:23,1408367.43957903,0.00000148,0.000000000057309448000000005,6917546,2019-03-13 01:40:23,btc,5.32636458191493,0.0,0.00000148,btc,2781568.12216752,1.53412691,1.1969365849927198,9
1,[],28,[],2019-03-13 01:40:25,26353.0,0.00000159,0.000000000061568934,6917547,2019-03-13 01:40:25,btc,2708.770107851883,3594574.43,0.00000159,btc,17176.9197,0.0,0.0147295,9
1,[],1,[],2019-02-17 23:31:42,1822507.21,0.00000181000000000000003456111265232042484285557293333113193511962890625,0.000000000066086901,6701244,2019-02-17 23:31:42,btc,3.6990969245,17153386.5,0.00000181000000000000003456111265232042484285557293333113193511962890625,btc,1997391.71,31.11772986,3.2610482446,9
1,[],4,[],2019-02-17 11:22:43,4341674.27126056,0.00000002,0.0000000000007272960000000001,6696112,2019-02-17 11:22:43,btc,0.1997230937751353,0.0,0.00000002,btc,4109766.79808031,0.00215132,0.0479381022052112,10
0,[],2,[],2019-01-20 23:23:08,0.0,0,0,6476890,2019-01-20 23:23:08,,0.0,0.0,0,,0.0,0.0,0.0,12
1,[],4,[],2019-03-13 01:40:27,5850086.74034031,0.00000123,0.000000000047628798000000005,6917548,2019-03-13 01:40:27,btc,8.517616680506677,0.0,0.00000123,btc,4879360.35297484,1.65077199,3.4242487344322226,12
1,[],5,[],2019-03-13 01:40:30,0.0,0,0,6917549,2019-03-13 01:40:30,btc,0.0,0.04804471,0,btc,0.0,0.0,0.0,12
0.0,[],25,[],2019-03-13 01:40:31,0.0,0,0,6917550,2019-03-13 01:40:31,,0.0,0.0,0.0,btc,0.0,0.0,0.0,12
1,[],4,[],2019-03-13 01:40:32,32093222.00467487,0.00000663,0.00000000025673083800000003,6917551,2019-03-13 01:40:32,btc,2.758394381131388,0.0,0.00000663,btc,299929.2724621,1.97322531,1.7045382548703414,13
1,[],21,[],2019-03-13 01:40:36,2008895.91443361,0.000006700000000000000226207941267,0.00000000025944142,6917552,2019-03-13 01:40:36,btc,8.851192950396653,2395728.76030302,0.000006700000000000000226207941267375645111314952373504638671875,btc,1174417.96645666,15.51066037,12.637457208523978,13
1,[],10,[],2019-03-13 01:14:23,438268.89101068,0.00000657,0.000000000254999439,6917359,2019-03-13 01:14:23,btc,666802.2545590563,18553.3585537,0.00000657,btc,706825.07732883,0.0,0.2698781514109591,13
1,[],4,[],2019-03-13 01:40:37,904290.33402135,0.00000096,0.000000000037173696,6917553,2019-03-13 01:40:37,btc,5.824240295662009,0.0,0.00000096,btc,922564.07272669,0.12420868,0.1533107486400027,14
1,[],12,[],2019-03-13 01:40:39,273597.85796673,0.000001049999999999999899545958213786800428124479367397725582122802734375,0.00000000004065873,6917554,2019-03-13 01:40:39,btc,0.055514425499812003,0.0,0.000001049999999999999899545958213786800428124479367397725582122802734375,btc,9139.22317164,0.0013976545283194,0.0218023108650665,14
1,[],26,[],2019-03-13 01:40:51,0.0,0.00000050,0.000000000019361300000000002,6917555,2019-03-13 01:40:51,btc,0.0,0.0,0.00000050,btc,0.0,0.0,0.0,14
0,[],17,[],2019-03-13 01:14:38,0.0,0,0,6917363,2019-03-13 01:14:38,btc,0.0,0.0,0,btc,0.0,0.0,0.0,14
,[],12,[],2018-12-01 15:15:48,204241.84496,0.00000489,0.000000000202473384,5260204,2018-12-01 15:15:48,btc,49.5475654835,0.0,,btc,35763.2193806,0.0163153972027625,0.0203389899998,15
0,[],4,[],2019-03-13 01:40:52,0.0,0,0,6917556,2019-03-13 01:40:52,,0.0,0.0,0,,0.0,0.0,0.0,15
0,[],2,[],2019-01-20 23:23:38,0.0,0,0,6476906,2019-01-20 23:23:38,,0.0,0.0,0,,0.0,0.0,0.0,18
1,[],4,[],2019-03-13 01:40:54,25489.6531699,0.00001557,0.000000000602910882,6917557,2019-03-13 01:40:54,btc,4.185249741332876,0.0,0.00001557,btc,18430.94938638,0.08321952,0.0577913458962862,18
1,[],10,[],2019-03-13 01:40:56,781636.0932163,0.00001711,0.0000000006625436860000001,6917558,2019-03-13 01:40:56,btc,15.407125711274668,1715.84121365,0.00001711,btc,13302.36440746,0.0,0.1113682038747933,18
1,[],12,[],2019-03-13 01:40:57,314060.3483638,0.00001650999999999999947523747489963596990492078475654125213623046875,0.000000000639310126,6917559,2019-03-13 01:40:57,btc,33214.72669395586,0.0,0.00001650999999999999947523747489963596990492078475654125213623046875,btc,800.45322312,0.01176597167651,0.0330396269716212,18
0,[],17,[],2019-03-13 01:14:47,0.0,0,0,6917369,2019-03-13 01:14:47,btc,0.0,0.0,0,btc,0.0,0.0,0.0,18
0,[],2,[],2019-01-20 23:24:19,0.0,0,0,6476924,2019-01-20 23:24:19,,0.0,0.0,0,,0.0,0.0,0.0,19
1,[],3,[],2019-03-13 01:41:00,118161.40926018139,0.000017510000000000000065260297166247482891776598989963531494140625,0.0000000006780327260000001,6917560,2019-03-13 01:41:00,btc,0.6540955772296922,251.2,0.000017510000000000000065260297166247482891776598989963531494140625,btc,14655.171468174085,0.0,0.024519164774685184,19
1,[],4,[],2019-03-13 01:41:01,229403.1266434,0.00001992,0.0000000007713541920000001,6917561,2019-03-13 01:41:01,btc,2.670202686879946,0.0,0.00001992,btc,89781.34285471,0.31666044,2.401032591387293,19
1,[],5,[],2019-03-13 01:41:03,0.0,0,0,6917562,2019-03-13 01:41:03,btc,0.0,0.01779584,0,btc,0.0,0.0,0.0,19
1,[],12,[],2019-03-13 01:41:04,192212.10306306,0.0000167399999999999989671976841076883601999725215137004852294921875,0.000000000648216324,6917563,2019-03-13 01:41:04,btc,0.3025974349702766,0.0,0.0000167399999999999989671976841076883601999725215137004852294921875,btc,450.223638,0.004778839336399,0.0396420981209153,19
0,[],27,[],2019-03-13 01:41:06,0.0,0,0,6917564,2019-03-13 01:41:06,,0.0,0.0,0,btc,0.0,0.0,0.0,19
1,[],4,[],2019-03-13 01:41:07,2759634.31543344,0.00000012,0.000000000004646712,6917565,2019-03-13 01:41:07,btc,7.3883038778920955,0.0,0.00000012,btc,2888450.60266467,0.00143941,0.0755287845231281,20
0,[],17,[],2019-03-13 01:15:00,0.0,0,0,6917378,2019-03-13 01:15:00,btc,0.0,0.0,0,btc,0.0,0.0,0.0,21
1,[],4,[],2019-03-13 01:41:08,103310558.2663036,0.00000002,0.000000000000774452,6917566,2019-03-13 01:41:08,btc,1863.7674930274497,0.0,0.00000002,btc,54067999.9568267,0.00721265,1.1519516084467123,21
1,[],12,[],2019-03-13 01:41:09,1375286.0,0.00000001,0.000000000000387226,6917567,2019-03-13 01:41:09,btc,1247.5321034093006,0.0,0.00000001,btc,2589646.96503496,9.99001e-08,0.01375286,21
1,[],12,[],2019-03-13 01:41:11,3217517783.0,0.0000000001,0.00000000000000387226,6917568,2019-03-13 01:41:11,btc,1933717.2680237861,0.0,0.0000000001,btc,1754738801.7036853,0.002692357365134868,0.3217517783,23
0,[],27,[],2019-03-13 01:41:13,0.0,0,0,6917569,2019-03-13 01:41:13,,13.823034242813412,0.0,0,eth,4620333.31314486,0.0,0.0,23
1,[],4,[],2019-03-13 01:41:14,625833.22919538,0.00000041,0.000000000015876266,6917570,2019-03-13 01:41:14,btc,9.148021255094374,0.0,0.00000041,btc,1596979.8634906,0.0077612,0.1500641336114492,24
1,[],22,[],2019-03-13 01:41:35,11.76,0.00000100,0.000000000038722600000000005,6917571,2019-03-13 01:41:35,BTC,7.415e-05,0.0,0.00000100,BTC,23.919354838709676,0.0,1.176e-05,24
0.0,[],25,[],2019-03-13 01:41:36,0.0,0,0,6917572,2019-03-13 01:41:36,,0.0,0.0,0.0,btc,0.0,0.0,0.0,24
0,[],2,[],2019-01-20 23:25:56,0.0,0,0,6476976,2019-01-20 23:25:56,,0.0,0.0,0,,0.0,0.0,0.0,26
1,[],4,[],2019-03-13 01:41:38,26582192.72060445,0.00000616,0.00000000023853121600000003,6917573,2019-03-13 01:41:38,btc,58.35147165476941,0.0,0.00000616,btc,242987.39348878,0.13436076,0.4564239189752396,26
1,[],10,[],2019-03-13 01:41:40,686453.64890644,0.00000602,0.00000000023311005200000004,6917574,2019-03-13 01:41:40,btc,26.127301379328912,3968.9487458,0.00000602,btc,14081.99315372,0.0,0.215901713884087,26
1,[],3,[],2019-03-13 01:41:41,8372061.40601414,0.00000001,0.000000000000387226,6917575,2019-03-13 01:41:41,btc,2.0333218579894092,43296.189,0.00000001,btc,14472128.02416554,0.0,0.0837206140601414,27
1,[],5,[],2019-03-13 01:41:43,0.0,0,0,6917576,2019-03-13 01:41:43,btc,0.0,0.0003819,0,btc,0.0,0.0,0.0,27
1,[],11,[],2019-03-13 01:41:45,8483578.24590115,0.00000006,0.000000000002323356,6917577,2019-03-13 01:41:45,btc,67506.32807964063,5956.66666667,0.00000006,btc,7966196.08369704,0.0,0.4686349049180229,27
1,[],4,[],2019-03-13 01:41:46,2111764722.6790414,0.00000001,0.000000000000387226,6917578,2019-03-13 01:41:46,btc,5.260680739263337,0.0,0.00000001,"btc,ltc",352899093.8055848,0.03901296,9.529609038435758,29
1,[],7,[],2019-03-13 01:41:48,35606551.76455675,0.00000001,0.000000000000387226,6917579,2019-03-13 01:41:48,btc,44461616.82364368,17932.5674326,0.00000001,btc,52032379.48815731,0.00035865,0.3560655176455675,29
0,[],17,[],2019-03-13 01:15:31,0.0,0,0,6917392,2019-03-13 01:15:31,btc,0.0,0.0,0,btc,0.0,0.0,0.0,30
1,[],4,[],2019-03-13 01:41:49,1932590.02135064,0.00000017,0.000000000006582842000000001,6917580,2019-03-13 01:41:49,btc,2.6916481834681254,0.0,0.00000017,btc,2144341.10458208,0.07018806,0.1197830691196068,30
1,[],4,[],2019-03-13 01:42:01,191717.01704305,0.00005450,0.0000000021103817,6917581,2019-03-13 01:42:01,btc,10.029223666449687,0.0,0.00005450,btc,127450.872407,0.9220095,2.267652525257734,31
1,[],21,[],2019-03-13 01:42:02,47221.77424987,0.00005505000000000000317341639078,0.0000000021316791300000003,6917582,2019-03-13 01:42:02,btc,5.025934809180555,206068.20261983,0.0000550500000000000031734163907781720581624540500342845916748046875,btc,79221.73640456,11.34674346,2.4957192986788503,31
0,[],2,[],2019-01-20 23:28:43,0.0,0,0,6477009,2019-01-20 23:28:43,,0.0,0.0,0,,0.0,0.0,0.0,32
1,[],4,[],2019-03-13 01:42:03,472200701.1147646,0.00000004,0.000000000001548904,6917583,2019-03-13 01:42:03,btc,8.775128140265872,0.0,0.00000004,"btc,ltc",170109044.27230057,2.00522183,8.79481848908106,33
1,[],12,[],2019-03-13 01:42:04,26241441.964,0.00000004,0.000000000001548904,6917584,2019-03-13 01:42:04,btc,2917663.2850635652,0.0,0.00000004,btc,18089087.50549445,0.0014778874725275,0.61676863892,33
1,[],4,[],2019-03-13 01:42:05,97924281.03441808,0.00000001,0.000000000000387226,6917585,2019-03-13 01:42:05,btc,3.413571447000696,0.0,0.00000001,btc,99178852.24941184,0.01284378,0.9792428103441807,34
1,[],5,[],2019-03-13 01:42:07,0.0,0,0,6917586,2019-03-13 01:42:07,btc,0.0,1.587e-05,0,btc,0.0,0.0,0.0,34
0.0000000001451521,[],4,[],2019-03-13 01:42:08,3803070704.1370125,1.451521e-18,5.620666707460001e-23,6917587,2019-03-13 01:42:08,ltc,4.526685947628692e-08,0.0,0.00000001,ltc,6095733349.88917,0.0,5.5202369915396615e-09,36
1,[],5,[],2019-03-13 01:42:09,0.0,0,0,6917588,2019-03-13 01:42:09,btc,0.0,0.0,0,btc,0.0,0.0,0.0,36
0,[],17,[],2019-03-13 01:42:21,0.0,0,0,6917589,2019-03-13 01:42:21,btc,0.0746458232965017,0.0,0,btc,4103573.70243647,0.0,0.0,36
0.00000000034277589999999996,[],27,[],2019-03-13 01:42:24,1088163.16325,3.4277589999999996e-18,1.327317406534e-22,6917590,2019-03-13 01:42:24,eth,222.5593908357632,0.0,0.00000001,"ltc,eth",11165406.63658689,0.0,1.7104510222986568e-12,36
1,[],4,[],2019-03-13 01:15:47,225470.86422649,0.00000059,0.000000000022899493,6917403,2019-03-13 01:15:47,btc,19772.480614840497,0.0,0.00000059,btc,560582.43964316,0.0066366,0.0951123301248189,37
1,[],12,[],2019-03-13 01:15:47,448708.34553583,0.00000061,0.000000000023675747,6917404,2019-03-13 01:15:47,btc,26.279862014982434,0.0,0.00000061,btc,418170.74035849,0.0467860453100805,0.1269569833924257,37
1,[],27,[],2019-03-13 01:16:01,14685.567,0.00000045,0.000000000017465715,6917405,2019-03-13 01:16:01,btc,24.25536383611233,0.0,0.00000045,btc,6518.38138508,0.0,0.00480032515,37
1,[],17,[],2019-03-13 00:32:00,1752.74075282,0.00000025,0.000000000009689625,6917208,2019-03-13 00:32:00,btc,0.055484923777095005,0.0,0.00000025,btc,1319.19918473,0.0,0.00043818518820499993,37
1,[],5,[],2019-03-13 01:42:27,0.0,0,0,6917591,2019-03-13 01:42:27,btc,0.0,0.10968181,0,btc,0.0,0.0,0.0,42
1,[],12,[],2019-03-13 01:42:28,256395.97948375,0.00000110999999999999996035831596741250137938550324179232120513916015625,0.000000000042982086,6917592,2019-03-13 01:42:28,btc,5.571004256008578,0.0,0.00000110999999999999996035831596741250137938550324179232120513916015625,btc,27392.68237035,0.0426646867104934,0.0206982554169631,42
0.00000000034277589999999996,[],27,[],2019-03-13 01:42:31,2000.0,3.4277589999999996e-18,1.327317406534e-22,6917593,2019-03-13 01:42:31,eth,0.00315028,0.0,0.00000001,"btc,eth",11.007,0.0,6.855517999999999e-15,42
1,[],5,[],2019-03-13 01:42:32,0.0,0,0,6917594,2019-03-13 01:42:32,btc,0.0,0.02299556,0,btc,0.0,0.0,0.0,43
1,[],12,[],2019-03-13 01:42:33,1621233.0,0.00000001,0.000000000000387226,6917595,2019-03-13 01:42:33,btc,29058.00478931866,0.0,0.00000001,btc,5967681.93306694,1.998001998e-06,0.01621233,43
0,[],17,[],2019-03-13 01:42:35,0.0,0,0,6917596,2019-03-13 01:42:35,btc,0.0,0.0,0,btc,0.0,0.0,0.0,43
1,[],12,[],2019-03-05 01:54:08,639326.02,0.00000004,0.000000000001486676,6845775,2019-03-05 01:54:08,btc,11116042.728239931,0.0,0.00000004,btc,1103841.4595604,0.0003330765234764,0.014975410599999999,44
1,[],4,[],2019-03-13 01:42:36,299016582.7022739,0.00000002,0.000000000000774452,6917597,2019-03-13 01:42:36,btc,946.4896456349892,0.0,0.00000002,"btc,ltc",16808311.66729191,0.00556931,0.277994270288204,49
0.0000000001451521,[],4,[],2019-03-13 01:42:38,345905073.3730588,1.451521e-18,5.620666707460001e-23,6917598,2019-03-13 01:42:38,ltc,25.8662996143021,0.0,0.00000001,ltc,10164014479.232155,0.0,5.020884780075356e-10,52
0.000000000128994,[],22,[],2019-03-13 01:42:48,80645562.0,1.28994e-18,4.9949830644000006e-23,6917599,2019-03-13 01:42:48,XMR,4368.73577283,0.0,0.00000001,XMR,281327473.5359664,0.0,0.80645562,57
0.00000000034277589999999996,[],27,[],2019-03-13 01:42:51,2000.0,3.4277589999999996e-18,1.327317406534e-22,6917600,2019-03-13 01:42:51,eth,0.0,0.0,0.00000001,"btc,eth",0.0,0.0,6.855517999999999e-15,57
0.0000000001451521,[],4,[],2019-03-13 01:42:52,407883405.03396165,2.903042e-18,1.1241333414920002e-22,6917601,2019-03-13 01:42:52,ltc,18.65741682891362,0.0,0.00000002,ltc,4758919129.5303955,0.0,6.509051176467345e-10,58
1,[],12,[],2019-03-13 01:42:53,1224564679.0,0.0000000003,0.000000000000011616780000000001,6917602,2019-03-13 01:42:53,btc,4023099.0027954825,0.0,0.0000000003,btc,1666243746.0079918,0.002546653427272736,0.3150906878,58
0,[],17,[],2019-03-13 01:42:54,0.0,0,0,6917603,2019-03-13 01:42:54,btc,1e+24,0.0,0,btc,49306342.21952568,0.0,0.0,58
0.000000000128994,[],22,[],2019-03-13 01:43:07,137438.0,1.28994e-18,4.9949830644000006e-23,6917604,2019-03-13 01:43:07,XMR,69.8835922,0.0,0.00000001,XMR,9887963.0,0.0,0.00137438,58
1,[],5,[],2019-03-13 01:43:08,0.0,0,0,6917605,2019-03-13 01:43:08,btc,0.0,0.00395469,0,btc,0.0,0.0,0.0,61
1,[],22,[],2019-03-13 01:43:16,13757.0,0.00000012,0.000000000004646712,6917606,2019-03-13 01:43:16,BTC,1002.2960049,0.0,0.00000012,BTC,14976.68361146909,0.0,0.00154987,61
1,[],26,[],2019-03-13 01:43:16,0.0,0.00000800,0.00000000030978080000000004,6917607,2019-03-13 01:43:16,btc,0.0,0.0,0.00000800,btc,0.0,0.0,0.0,61
1,[],27,[],2019-03-13 01:43:18,4411.22008,0.00000047,0.000000000018199622,6917608,2019-03-13 01:43:18,btc,2.8990263703141324,0.0,0.00000047,"btc,eth",19485.01257617,0.0,0.0012437599594831508,61
1,[],28,[],2019-03-13 01:43:20,13880.304,0.0000005,0.000000000019361300000000002,6917609,2019-03-13 01:43:20,btc,2.056312978300105,761.0,0.0000005,btc,9730.59500005,0.0,0.00566391304,61
1,[],4,[],2019-03-13 01:43:22,1521239.51800517,0.00000204,0.00000000007899410400000001,6917610,2019-03-13 01:43:22,btc,9.604801632121697,0.0,0.00000204,btc,816149.78620599,0.09318268,1.4496163395131678,67
0.0,[],25,[],2019-03-13 01:43:23,0.0,0,0,6917611,2019-03-13 01:43:23,,0.0,0.0,0.0,btc,0.0,0.0,0.0,67
1,[],12,[],2019-03-13 01:43:24,3986751.05555454,0.00000013,0.000000000005033938,6917612,2019-03-13 01:43:24,btc,1111215.0149097126,0.0,0.00000013,btc,945009.95333311,0.0120808595639271,0.1659338312119994,71
,[],5,[],2018-11-20 23:02:39,1.5e-07,0.00000005,0.000000000002128045,4862160,2018-11-20 23:02:39,btc,2.84511358,0.0,,btc,0.00036572,0.0,0.07381892,74
1,[],5,[],2019-03-13 01:43:25,0.0,0,0,6917613,2019-03-13 01:43:25,btc,0.0,0.0,0,btc,0.0,0.0,0.0,75
0,[],20,[],2019-01-25 09:30:31,0.0,0,0,6495923,2019-01-25 09:30:31,btc,0.0,0.0,0,btc,0.0,0.0,0.0,81
1,[],4,[],2019-03-13 01:43:27,13122677.09824166,0.00000001,0.000000000000387226,6917614,2019-03-13 01:43:27,btc,11388.984771024567,0.0,0.00000001,btc,39980793.51032191,0.00077355,0.1312267709824166,81
1,[],4,[],2019-03-13 01:18:58,25169.90428401,0.00007512,0.000000002915610024,6917429,2019-03-13 01:18:58,btc,18.147046869944656,0.0,0.00007512,btc,12661.38078321,0.01555522,0.1845036320056015,82
1,[],21,[],2019-03-13 01:18:59,945558.26395515,0.00007250000000000000042500725161,0.00000000281392075,6917430,2019-03-13 01:18:59,btc,3.664465796649031,6718.60914837,0.00007250000000000000042500725161431773813092149794101715087890625,btc,44153.34789653,0.48974485,3.5944014370433943,82
0,[],17,[],2019-03-12 22:53:24,0.0,0,0,6916626,2019-03-12 22:53:24,btc,0.0447233088476774,0.0,0,btc,999127.19588126,0.0,0.0,84
0.0000000001451521,[],4,[],2019-03-13 01:43:29,187906705.05683985,4.354563e-18,1.6862000122380003e-22,6917615,2019-03-13 01:43:29,ltc,1.6816215415144296,0.0,0.00000003,ltc,389849290.896792,0.0,4.4266294279335875e-10,85
,[],22,[],2018-11-20 23:09:34,3408.1,0.0000001,0.0000000000041895,4862324,2018-11-20 23:09:34,BTC,0.04624735,0.0,,BTC,4990.0,0.0,0.00033081,86
1,[],22,[],2019-03-13 01:43:38,110870.0,0.00000005,0.00000000000193613,6917616,2019-03-13 01:43:38,BTC,2.07858175,0.0,0.00000005,BTC,170145.94736842104,0.00046282,0.0017035,87
1,[],27,[],2019-03-13 01:43:41,55.0,0.00000001,0.000000000000387226,6917617,2019-03-13 01:43:41,btc,14.54922496642528,0.0,0.00000001,btc,13342.9236248,0.0,5.5e-07,87
,[],2,[],2018-11-20 23:10:47,0.0,0,0,4862359,2018-11-20 23:10:47,,0.0,0.0,,,0.0,0.0,0.0,88
1,[],11,[],2019-03-13 01:43:43,93143.44535148,0.0001479399999999999964182817446811668560258112847805023193359375,0.000000005728621444,6917618,2019-03-13 01:43:43,btc,611.7652632362064,4149.57522323,0.0001479399999999999964182817446811668560258112847805023193359375,btc,99350.66217379,0.0,6.292633405356017,89
0,[],2,[],2019-01-20 23:31:45,0.0,0,0,6477083,2019-01-20 23:31:45,,0.0,0.0,0,,0.0,0.0,0.0,91
1,[],12,[],2019-03-13 01:21:09,270941.19277036,0.00000089,0.000000000034543303,6917435,2019-03-13 01:21:09,btc,61.00090139286775,0.0,0.00000089,btc,118965.06273316,0.0016422458125846,0.0487872418999822,91
1,[],22,[],2019-03-13 01:21:42,65900.0,0.00000001,0.000000000000388127,6917436,2019-03-13 01:21:42,BTC,3e-06,0.0,0.00000001,BTC,1.0,0.0,0.000659,91
0,[],17,[],2019-03-13 00:35:45,0.0,0,0,6917239,2019-03-13 00:35:45,btc,0.0,0.0,0,btc,0.0,0.0,0.0,91
0.0000000001451521,[],22,[],2019-03-13 01:43:54,52834053.0,1.451521e-18,5.620666707460001e-23,6917619,2019-03-13 01:43:54,LTC,3.31498785,0.0,0.00000001,LTC,37200566.889473684,1.1504417241607e-11,0.52834053,95
0,[],17,[],2019-03-13 00:36:27,0.0,0,0,6917244,2019-03-13 00:36:27,btc,0.0,0.0,0,btc,0.0,0.0,0.0,96
0.0000000001451521,[],4,[],2019-03-13 01:43:56,633859350.7707754,7.693061300000001e-17,2.9789533549538003e-21,6917620,2019-03-13 01:43:56,ltc,11.894590689384895,0.0,0.00000053,ltc,135846029.71549752,0.0,1.5945019747062529e-09,96
0,[],12,[],2019-03-13 01:43:58,0.0,0,0,6917621,2019-03-13 01:43:58,btc,10.189768414675324,0.0,0,btc,3076079.46753246,4.6253746254e-06,0.0,96
1,[],4,[],2019-03-12 10:13:14,2544101.88493427,0.00000025,0.0000000000097174,6911574,2019-03-12 10:13:14,btc,2.5031007307816195,0.0,0.00000025,btc,2555984.39269018,0.04718357,0.3381776086135513,99
0,[],2,[],2019-01-20 23:23:55,0.0,0,0,6476914,2019-01-20 23:23:55,,0.0,0.0,0,,0.0,0.0,0.0,100
1,[],4,[],2019-03-13 01:44:01,277454.94871076,0.00003467,0.0000000013425125420000002,6917622,2019-03-13 01:44:01,btc,11.904980508479388,0.0,0.00003467,btc,182920.43916001,3.48293258,1.2244604814628635,100
1,[],22,[],2019-03-13 01:44:28,50000.0,0.00000001,0.000000000000387226,6917623,2019-03-13 01:44:28,BTC,23.49896609,0.0,0.00000001,BTC,10277.22,0.0,0.0005,101
1,[],4,[],2019-03-13 01:44:30,456843.80806234,0.00000080,0.00000000003097808,6917624,2019-03-13 01:44:30,btc,308.0855867233678,0.0,0.00000080,btc,509739.92067598,0.00661707,0.2247369937544015,103
1,[],12,[],2019-03-13 01:44:33,31167471.93780044,0.000000008,0.00000000000030978080000000003,6917625,2019-03-13 01:44:33,btc,3219145.056309189,0.0,0.000000008,btc,75055701.171871,0.00948608395285731,0.05345937350240352,105
1,[],27,[],2019-03-13 01:44:35,223920.39,0.00000001,0.000000000000387226,6917626,2019-03-13 01:44:35,btc,36.605890344913405,0.0,0.00000001,btc,1300442.23571724,0.0,0.0022392039,105
1,[],22,[],2019-03-13 01:44:51,9328.0,0.00000001,0.000000000000387226,6917627,2019-03-13 01:44:51,BTC,51.10837004,0.0,0.00000001,BTC,470435.0,0.0,9.328e-05,107
1,[],26,[],2019-03-13 01:44:51,0.0,0.00000000,0,6917628,2019-03-13 01:44:51,btc,0.0,0.0,0.00000000,btc,0.0,0.0,0.0,107
1,[],5,[],2019-03-13 01:44:53,0.0,0,0,6917629,2019-03-13 01:44:53,btc,0.0,0.06399194,0,btc,0.0,0.0,0.0,112
1,[],22,[],2019-03-13 01:45:11,1966.0,0.00000001,0.000000000000387226,6917630,2019-03-13 01:45:11,BTC,2.7975128,0.0,0.00000001,BTC,826524.0833333334,0.0,1.966e-05,112
0.00000000034277589999999996,[],27,[],2019-03-13 01:45:15,2000.0,3.4277589999999996e-18,1.327317406534e-22,6917631,2019-03-13 01:45:15,eth,1.24996908,0.0,0.00000001,"btc,eth",1289.0,0.0,6.855517999999999e-15,112
1,[],4,[],2019-03-13 01:45:16,1272762.07550618,0.00000178,0.00000000006892622800000001,6917632,2019-03-13 01:45:16,btc,5.2988149318843485,0.0,0.00000178,btc,382772.05944541,0.03748591,0.946796400800817,113
1,[],5,[],2019-03-13 01:45:17,0.0,0,0,6917633,2019-03-13 01:45:17,btc,0.0,0.00059906,0,btc,0.0,0.0,0.0,113
0,[],27,[],2019-03-13 01:24:41,0.0,0,0,6917452,2019-03-13 01:24:41,,0.0,0.0,0,btc,0.0,0.0,0.0,116
1,[],17,[],2019-03-13 00:37:57,152738.278,0.00000004,0.00000000000155034,6917257,2019-03-13 00:37:57,btc,1.336803027474742,0.0,0.00000004,btc,51896.221,0.0,0.0022095311199999998,116
1,[],4,[],2019-03-13 01:24:42,133233.14777895,0.00005023,0.000000001949561921,6917453,2019-03-13 01:24:42,btc,85.04227948520146,0.0,0.00005023,btc,29189.10731974,6.96108124,2.944364883902258,120
1,[],7,[],2019-03-13 01:24:44,20978.82692106,0.0000381200000000000009431518066538302491608192212879657745361328125,0.0000000014795401240000001,6917454,2019-03-13 01:24:44,btc,121183.01343204353,721.15747184,0.0000381200000000000009431518066538302491608192212879657745361328125,btc,25962.30654321,0.02558462,0.054934546962679805,120
1,[],20,[],2019-03-13 01:45:19,1696610.3653,0.000000034,0.0000000000013165684000000002,6917634,2019-03-13 01:45:19,btc,33.6158440906568,54360.6888,0.000000034,btc,1013150.479,0.0018482634192,0.0163723725196,125
1,[],22,[],2019-03-13 01:45:30,3053.0,0.00000001,0.000000000000387226,6917635,2019-03-13 01:45:30,BTC,0.01444887,0.0,0.00000001,BTC,296263.5111111111,0.0,3.053e-05,126
1,[],4,[],2019-03-13 01:25:06,137200.01559453,0.00001196,0.000000000464199892,6917457,2019-03-13 01:25:06,btc,3.546482463622574,0.0,0.00001196,btc,117843.12822455,0.14132733,0.526775559578055,131
0,[],17,[],2019-03-13 00:38:33,0.0,0,0,6917264,2019-03-13 00:38:33,btc,0.0009561751951600001,0.0,0,btc,35.42829368,0.0,0.0,131
0,[],2,[],2019-01-20 23:25:46,0.0,0,0,6476969,2019-01-20 23:25:46,,0.0,0.0,0,,0.0,0.0,0.0,131
1,[],4,[],2019-03-13 01:25:18,4620.24151617,0.00016826,0.000000006530624902,6917458,2019-03-13 01:25:18,btc,1.608919825127998,0.0,0.00016826,btc,203.58765242,0.01149019,0.0191291188567607,135
1,[],3,[],2019-03-07 00:20:44,877702.73244099,0.00000004,0.00000000000154846,6863392,2019-03-07 00:20:44,btc,0.119366241821405,0.0,0.00000004,btc,760637.99421222,0.0,0.023771231960604298,136
1,[],4,[],2019-03-13 01:25:20,255737.01811309,0.00000149,0.000000000057830923,6917459,2019-03-13 01:25:20,btc,38.62003673292327,0.0,0.00000149,btc,539495.35233283,0.02186954,0.0249249138135979,137
1,[],12,[],2019-03-13 01:25:21,142647.36318407,0.000001480000000000000017730500227741696761540879379026591777801513671875,0.000000000057442796,6917460,2019-03-13 01:25:21,btc,5.049531264196238,0.0,0.000001480000000000000017730500227741696761540879379026591777801513671875,btc,5747.36057789,2.97e-06,0.0095161299999872,137
1,[],4,[],2019-03-13 01:25:23,11795.00962802,0.00003354,0.000000001301777958,6917461,2019-03-13 01:25:23,btc,28.418977862318222,0.0,0.00003354,btc,47579.69118719,0.14330608,0.2287248670888201,142
1,[],5,[],2019-03-13 01:25:25,0.0,0,0,6917462,2019-03-13 01:25:25,btc,0.0,0.11675983,0,btc,0.0,0.0,0.0,142
1,[],20,[],2019-03-13 01:25:35,153077.2658,0.00003,0.000000001164381,6917463,2019-03-13 01:25:35,btc,0.3367860358272,8.9601,0.00003,btc,2264.2665,0.0002956833,0.3090054481711,142
1,[],22,[],2019-03-13 01:25:55,1470.2803921568627,0.00001020,0.00000000039588954,6917464,2019-03-13 01:25:55,BTC,3.0054103,0.0,0.00001020,BTC,910.5995,2.474e-05,0.00121106,142
0.0,[],25,[],2019-03-13 01:26:00,0.0,0,0,6917465,2019-03-13 01:26:00,,0.0,0.0,0.0,btc,0.0,0.0,0.0,142
1,[],28,[],2019-03-13 01:26:07,76600.0,0.00002270,0.00000000088104829,6917466,2019-03-13 01:26:07,btc,0.067100461059305,1492.0,0.00002270,btc,552.61077999,0.0,0.0154572,142
1,[],17,[],2019-03-12 23:59:59,22967.386363640002,0.00000088,0.000000000034076504000000005,6916972,2019-03-12 23:59:59,btc,20.06991335268965,0.0,0.00000088,btc,2746.079105,0.0,0.0104613000000032,142
0,[],22,[],2019-03-13 01:26:16,0.0,0,0,6917467,2019-03-13 01:26:16,,65.83990167,0.0,0,,1043231670.8,0.0,0.0,143
0,[],22,[],2019-02-25 15:42:22,0.0,0,0,6783783,2019-02-25 15:42:22,,4.2131946,0.0,0,,2322156.0,0.0,0.0,146
,[],22,[],2018-11-20 23:01:11,0.0,0,0,4862114,2018-11-20 23:01:11,,2.56807021,0.0,,,61828.4988236,0.0,0.0,147
1,[],12,[],2019-03-13 01:26:18,347958.08791206,0.00000199000000000000000523994909962244292955801938660442829132080078125,0.000000000077237273,6917468,2019-03-13 01:26:18,btc,7.931978452605939,0.0,0.00000199000000000000000523994909962244292955801938660442829132080078125,btc,101341.33942272,0.0022489130697453,0.0815030499998551,148
1,[],4,[],2019-03-13 01:26:19,248768.25948193,0.00000029,0.000000000011255683000000001,6917469,2019-03-13 01:26:19,btc,219.99412742478594,0.0,0.00000029,btc,832875.78510436,0.00027,0.0589522344301683,152
0,[],22,[],2019-03-13 01:26:30,0.0,0,0,6917470,2019-03-13 01:26:30,,0.0,0.0,0,,0.0,0.0,0.0,152
1,[],5,[],2019-03-13 01:26:31,0.0,0,0,6917471,2019-03-13 01:26:31,btc,0.0,0.0,0,btc,0.0,0.0,0.0,153
,[],16,[],2019-01-11 15:38:59,0.0,0,0,6366141,2019-01-11 15:38:59,btc,0.0,0.0,,btc,0.0,0.0,0.0,155
0,[],22,[],2019-03-13 01:26:46,0.0,0,0,6917472,2019-03-13 01:26:46,,6.7463781,0.0,0,,4673397.242592593,0.0,0.0,156
0,[],23,[],2019-01-20 23:24:29,0.0,0,0,6476932,2019-01-20 23:24:29,,0.0,0.0,0,,0.0,0.0,0.0,156
1,[],22,[],2019-03-13 01:27:00,7073.8,0.00005300,0.0000000020570731,6917473,2019-03-13 01:27:00,BTC,1.79802465,0.0,0.00005300,BTC,802.6461988741639,0.0,0.00104336,157
0,[],22,[],2019-03-13 01:27:12,0.0,0,0,6917474,2019-03-13 01:27:12,,50175.67608608,0.0,0,,54079135.04179466,0.0,0.0,158
,[],17,[],2018-11-20 22:56:10,0.0,0,0,4861976,2018-11-20 22:56:10,btc,1.1265625,0.0,,btc,1000.0,0.0,0.0,159
,[],20,[],2018-11-20 22:56:12,0.0,0,0,4861977,2018-11-20 22:56:12,btc,11912.7940471,0.0,,btc,34413894.3617,0.0,0.0,159
1,[],12,[],2019-03-13 01:27:13,232166.80422932,0.00000768999999999999921790859447323640551985590718686580657958984375,0.00000000029846966299999997,6917475,2019-03-13 01:27:13,btc,1.7038805904984045,0.0,0.00000768999999999999921790859447323640551985590718686580657958984375,btc,9545.78629373,0.0010519715,0.0981326094172707,168
1,[],17,[],2019-03-13 00:42:57,29784.95,0.000001,0.0000000000387585,6917283,2019-03-13 00:42:57,btc,0.03026736251542,0.0,0.000001,btc,144.46171372,0.0,0.00716147,168
0,[],22,[],2019-03-13 01:27:36,0.0,0,0,6917476,2019-03-13 01:27:36,,1.1340533,0.0,0,,524928.174707144,0.0,0.0,169
1,[],22,[],2019-03-13 01:27:49,204847.95238095237,0.00000021,0.000000000008150667,6917477,2019-03-13 01:27:49,BTC,14.34918366,0.0,0.00000021,BTC,152018.04525947114,0.0001201,0.00252801,171
1,[],22,[],2019-03-13 01:29:22,618138.3333333334,0.00000011,0.000000000004269397,6917478,2019-03-13 01:29:22,BTC,2.59804315,0.0,0.00000011,"BTC,LTC",332641.025887342,0.0056963,0.01836216,173
1,[],5,[],2019-03-05 01:59:40,0.0,0,0,6845846,2019-03-05 01:59:40,btc,0.0,0.00384852,0,btc,0.0,0.0,0.0,175
1,[],22,[],2019-03-13 01:29:39,35500.0,0.00000012,0.0000000000046575240000000004,6917479,2019-03-13 01:29:39,BTC,0.54559973,0.0,0.00000012,BTC,137776.41444619838,0.0,0.00206,176
1,[],7,[],2019-03-13 01:29:41,0.0,0,0,6917480,2019-03-13 01:29:41,btc,408082.6437741874,0.0,0,btc,111357382.24961711,0.0,0.0,178
0,[],22,[],2019-03-13 01:29:55,0.0,0,0,6917481,2019-03-13 01:29:55,,1.00242438,0.0,0,,57522.0,0.0,0.0,178
0,[],2,[],2019-01-20 23:28:34,0.0,0,0,6477001,2019-01-20 23:28:34,,0.0,0.0,0,,0.0,0.0,0.0,178
1,[],5,[],2019-03-13 01:29:58,0.0,0,0,6917482,2019-03-13 01:29:58,btc,0.0,0.02182907,0,btc,0.0,0.0,0.0,179
1,[],22,[],2019-03-13 01:30:19,6867106.0,0.00000002,0.000000000000776254,6917483,2019-03-13 01:30:19,BTC,5.63500652,0.0,0.00000002,"BTC,LTC",17355770.756535422,0.0,0.37228284,179
0,[],23,[],2019-01-20 23:25:08,0.0,0,0,6476952,2019-01-20 23:25:08,,0.0,0.0,0,,0.0,0.0,0.0,179
1,[],22,[],2019-03-13 01:30:54,667210.3224130054,0.00000181,0.000000000070250987,6917484,2019-03-13 01:30:54,BTC,0.20947513,0.0,0.00000181,"BTC,LTC",59035.756131308655,0.00480154,0.57387358,180
1,[],26,[],2019-03-13 01:30:55,0.0,0.00000125,0.000000000048515875,6917485,2019-03-13 01:30:55,btc,0.0,0.0,0.00000125,btc,0.0,0.0,0.0,180
1,[],17,[],2019-03-13 00:44:32,10504.725,0.0000001,0.00000000000387585,6917292,2019-03-13 00:44:32,btc,5.201069583843947,0.0,0.0000001,btc,5033.45945,0.0,0.0010504725,180
,[],7,[],2018-11-20 22:58:01,562227.975654,0.00000085,0.000000000036176765,4862015,2018-11-20 22:58:01,btc,21836.6059674,2491.87645172,,btc,749999.041456,0.00211021,0.127565380455,183
,[],5,[],2019-01-10 08:11:41,0.0,0,0,6347036,2019-01-10 08:11:41,btc,82.15055501,0.00261,,btc,1.19002445,0.0,0.0,187
1,[],24,[],2019-03-13 01:30:55,0.0,0.000000000001,3.88127e-17,6917486,2019-03-13 01:30:55,btc,0.0,0.0,0.000000000001,btc,0.0,0.0,0.0,187
,[],17,[],2018-11-16 20:58:10,4062536.27273,0.00000001,0.000000000000550501,4708775,2018-11-16 20:58:10,btc,3.36492563466,0.195460381006,,"btc,eth",110697919.549,0.0,0.0157628953496,187
0,[],22,[],2019-03-13 01:31:07,0.0,0,0,6917487,2019-03-13 01:31:07,,7.54797454,0.0,0,,79361.7243344055,0.0,0.0,191
0,[],22,[],2019-03-13 01:31:25,0.0,0,0,6917488,2019-03-13 01:31:25,,0.0,0.0,0,,0.0,0.0,0.0,197
0,[],23,[],2019-01-20 23:31:41,0.0,0,0,6477079,2019-01-20 23:31:41,,0.0,0.0,0,,0.0,0.0,0.0,199
0,[],22,[],2019-03-13 01:31:33,0.0,0,0,6917489,2019-03-13 01:31:33,,5.19581047,0.0,0,,21561978.0,0.0,0.0,199
1,[],26,[],2019-03-13 01:31:33,0.0,0.00000000,0,6917490,2019-03-13 01:31:33,btc,0.0,131163.0,0.00000000,btc,0.0,0.0,0.0,199
0,[],17,[],2019-01-30 16:32:01,0.0,0,0,6540827,2019-01-30 16:32:01,btc,6.802544163788159,0.0,0,btc,105897.55575295,0.0,0.0,200
0,[],2,[],2019-01-20 23:30:49,0.0,0,0,6477059,2019-01-20 23:30:49,,0.0,0.0,0,,0.0,0.0,0.0,201
1,[],4,[],2019-01-25 15:51:35,2084389.58565343,0.00000936,0.000000000333526752,6499557,2019-01-25 15:51:35,btc,2.0092503037378524,0.0,0.00000936,btc,160195.80207885,0.19272417,1.242687955921835,211
1,[],7,[],2019-03-13 01:31:37,5684036.62191601,0.00000101999999999999997501889774376149233603428001515567302703857421875,0.000000000039588954,6917491,2019-03-13 01:31:37,btc,15476654.234727684,1756934.78491,0.00000101999999999999997501889774376149233603428001515567302703857421875,btc,13030501.45217385,0.0,2.609269933442501,212
1,[],5,[],2019-03-13 01:31:39,0.0,0,0,6917492,2019-03-13 01:31:39,btc,0.0,0.08146703,0,btc,0.0,0.0,0.0,213
1,[],24,[],2019-03-13 01:31:39,0.0,0.000000150000,0.000000000005821905,6917493,2019-03-13 01:31:39,btc,0.0,0.0,0.000000150000,btc,0.0,0.0,0.0,213
1,[],26,[],2019-03-13 01:31:39,0.0,0.00000010,0.00000000000388127,6917494,2019-03-13 01:31:39,btc,0.0,0.0,0.00000010,btc,0.0,0.0,0.0,213
1,[],12,[],2019-01-25 02:44:32,207462.42853209,0.000001080000000000000035831255497387193287295303889550268650054931640625,0.000000000038610756000000006,6493050,2019-01-25 02:44:32,btc,85023.03793723314,0.0,0.000001080000000000000035831255497387193287295303889550268650054931640625,btc,43675.73520027,0.000146250909087,0.0348620860622024,213
1,[],22,[],2019-03-13 01:31:51,49000.0,0.00000002,0.000000000000776254,6917495,2019-03-13 01:31:51,BTC,2.27972134,0.0,0.00000002,BTC,650798.3963726171,1.764e-05,0.00073,216
1,[],27,[],2019-03-13 01:31:54,1298122.0,0.00000003,0.0000000000011643810000000001,6917496,2019-03-13 01:31:54,btc,317.9840526547724,0.0,0.00000003,"btc,ltc",240753.990324,0.0,0.0337576400002614,216
1,[],22,[],2019-03-13 01:32:16,186927.0,0.00000170,0.00000000006598159,6917497,2019-03-13 01:32:16,BTC,12673.60339645,0.0,0.00000170,BTC,428618.9847912904,0.00012078,0.20640381,217
1,[],7,[],2019-03-13 01:32:20,0.0,0,0,6917498,2019-03-13 01:32:20,btc,77971.81411323446,0.0,0,btc,135963412.7426053,0.0,0.0,219
0,[],27,[],2019-03-13 01:32:22,0.0,0,0,6917499,2019-03-13 01:32:22,,0.0404796,0.0,0,btc,2057905.0,0.0,0.0,219
0.0000000000000052,[],28,[],2019-03-13 01:32:29,171578396.705,9.1026e-18,3.5329648302e-22,6917500,2019-03-13 01:32:29,doge,86217.0756560575,688153.937,0.00175050,"btc,doge",3933098.30521,0.0,2.493544688178804e-11,219
1,[],22,[],2019-03-13 01:32:51,436133.0,0.00000008,0.000000000003105016,6917501,2019-03-13 01:32:51,BTC,18.0683074,0.0,0.00000008,BTC,93423.54541875875,0.0,0.02056713,221
1,[],24,[],2019-03-13 01:32:51,0.0,0.000000200000,0.00000000000776254,6917502,2019-03-13 01:32:51,btc,0.0,0.0,0.000000200000,btc,0.0,0.0,0.0,221
1,[],20,[],2019-03-13 01:32:53,42202992.1029,0.000000002,0.0000000000000776254,6917503,2019-03-13 01:32:53,btc,48.4384026224949,111467.9224,0.000000002,btc,14809046.302,0.0003229358448,0.0453006546805,224
0,[],22,[],2019-03-13 01:33:07,0.0,0,0,6917504,2019-03-13 01:33:07,,0.0,0.0,0,,0.0,0.0,0.0,224
1,[],26,[],2019-03-13 01:33:08,0.0,0.00000035,0.000000000013584445,6917505,2019-03-13 01:33:08,btc,0.0,0.0,0.00000035,btc,0.0,0.0,0.0,231
1,[],26,[],2019-03-13 01:33:08,0.0,0.00000005,0.000000000001940635,6917506,2019-03-13 01:33:08,btc,0.0,0.0,0.00000005,btc,0.0,0.0,0.0,234
0.00000000034323140000000005,[],27,[],2019-03-13 01:33:11,2000.0,3.4323140000000003e-18,1.3321737358780002e-22,6917507,2019-03-13 01:33:11,eth,0.01134836604,0.0,0.00000001,"btc,eth",11462.996,0.0,6.864628000000001e-15,234
1,[],4,[],2019-03-13 01:33:12,813666.75282037,0.00000074,0.000000000028721398,6917508,2019-03-13 01:33:12,btc,4.360530280459452,0.0,0.00000074,btc,1256510.3402301,0.03004731,0.2122468697932722,236
1,[],24,[],2019-03-13 01:33:12,0.0,0.000000500000,0.00000000001940635,6917509,2019-03-13 01:33:12,btc,0.0,0.0,0.000000500000,btc,0.0,0.0,0.0,236
1,[],20,[],2019-03-13 01:33:14,225976979.4131,0.000000052,0.0000000000020182604,6917510,2019-03-13 01:33:14,btc,13.0153754395563,31371054.3057,0.000000052,btc,35843848.7415,1.6419140659452,0.3082912468824,237
0.0000000001452225,[],22,[],2019-03-13 01:33:26,751594.9,2.4687825e-17,9.582011453775e-22,6917511,2019-03-13 01:33:26,LTC,0.0405823,0.0,0.00000017,LTC,3164.0,0.0,0.12541949,237
1,[],4,[],2019-03-13 01:33:27,8316510.09981929,0.00000034,0.000000000013196318000000001,6917512,2019-03-13 01:33:27,btc,7.193340230626188,0.0,0.00000034,btc,10821074.15931103,0.17407815,2.0813044953105586,238
1,[],5,[],2019-03-13 01:33:30,0.0,0,0,6917513,2019-03-13 01:33:30,btc,0.0,0.0654621,0,btc,0.0,0.0,0.0,238
0,[],22,[],2019-03-12 16:49:32,0.0,0,0,6914458,2019-03-12 16:49:32,,0.40415746,0.0,0,,526736.5639027493,0.0,0.0,249
0.0000000001452225,[],22,[],2019-03-13 01:33:41,48919588.666666664,5.8089e-18,2.2545909303e-22,6917514,2019-03-13 01:33:41,LTC,0.93198307,0.0,0.00000004,LTC,18333276.253636364,9.736413468e-13,1.17491965,252
1,[],28,[],2019-03-13 01:33:48,2548255.364,0.00000045,0.000000000017465715,6917515,2019-03-13 01:33:48,btc,164780.5246461503,640927.519,0.00000045,btc,428159.289,0.0,0.68507150157,256
1,[],22,[],2019-03-13 01:34:03,1349755.8333333333,0.00000004,0.000000000001552508,6917516,2019-03-13 01:34:03,BTC,31.44476604,0.0,0.00000004,BTC,567955.6568978056,0.0008155,0.01949843,258
1,[],22,[],2019-03-13 00:07:30,47146.0,0.00000001,0.000000000000387233,6917028,2019-03-13 00:07:30,BTC,2.415167,0.0,0.00000001,BTC,157.0,0.0,0.00047146,259
1,[],5,[],2019-03-13 01:34:05,0.0,0,0,6917517,2019-03-13 01:34:05,btc,0.0,0.09285385,0,btc,0.0,0.0,0.0,264
1,[],20,[],2019-03-13 01:34:07,1217371.8007,0.00000225,0.000000000087328575,6917518,2019-03-13 01:34:07,btc,7.1442295649282,165141.0256,0.00000225,btc,97507.1291,0.3710800870082,0.0217952434819,264
0,[],22,[],2019-03-13 00:07:44,0.0,0,0,6917031,2019-03-13 00:07:44,,8.75660439,0.0,0,,474745.2241309945,0.0,0.0,271
0,[],22,[],2019-03-13 01:34:25,0.0,0,0,6917519,2019-03-13 01:34:25,,111821.04152134,0.0,0,,13992847597.692,0.0,0.0,272
0.0000000000000052,[],28,[],2019-03-13 01:34:30,214329256712.905,5.096e-21,1.977895192e-25,6917520,2019-03-13 01:34:30,doge,47600037.84298212,19908827745.6077,0.00000098,doge,240388061626.6149,0.0,5.837479543432298e-10,272
1,[],22,[],2019-03-13 01:36:27,268233.08,0.00000250,0.00000000009703175,6917521,2019-03-13 01:36:27,BTC,383.69222271,0.0,0.00000250,"BTC,LTC",75110.88178576677,0.00104724,0.1130195,281
1,[],22,[],2019-03-13 01:36:43,1398257.6904761905,0.00000022,0.000000000008538794,6917522,2019-03-13 01:36:43,BTC,1.34690867,0.0,0.00000022,BTC,187492.29759792628,0.01390166,0.07678259,286
0,[],22,[],2019-03-13 01:36:55,0.0,0,0,6917523,2019-03-13 01:36:55,,1044638.85409864,0.0,0,,705144707.0,0.0,0.0,294
