pairValue,buyBook,exchangeId,sellBook,updated,buyTotal,satoshiPrice,usdPrice,exchangeLogId,created,bestPair,sellTotalBtc,volume,pairPrice,activePairs,sellTotal,volumeBtc,buyTotalBtc,coinId
1,[],3,[],2019-03-10 23:17:52,30559.50167796456,0.01256801999999999919221949085113010369241237640380859375,0.000000493239485712,6897861,2019-03-10 23:17:52,btc,61.017396005350335,0.0,0.01256801999999999919221949085113010369241237640380859375,btc,17.763699060525,0.0,0.4926660519929621,1
1,[],4,[],2019-03-10 23:17:53,207747.42376637,0.01294934,0.000000508204617904,6897862,2019-03-10 23:17:53,btc,9.958942912171576,0.0,0.01294934,btc,326.50076414,0.53707263,1.0474180035608742,1
1,[],5,[],2019-03-10 23:17:56,0.0,0,0,6897863,2019-03-10 23:17:56,btc,0.0,0.02027456,0,btc,0.0,0.0,0.0,1
1,[],10,[],2019-03-10 23:17:58,413919.23098144,0.01051976,0.000000412854293056,6897864,2019-03-10 23:17:58,btc,6521.963396741526,1551.63863619,0.01051976,btc,1078.38779991,0.0,5.008657969006565,1
1,[],12,[],2019-03-10 23:18:01,112.47689928,0.01257999999999999916899806606807032949291169643402099609375,0.000000493709648,6897865,2019-03-10 23:18:01,btc,0.29922849275040003,0.0,0.01257999999999999916899806606807032949291169643402099609375,btc,22.41612161,0.152410770412,0.4225512913405,1
1,[],20,[],2019-03-10 23:18:03,1152.4856,0.010500223,0.0000004120875517688,6897866,2019-03-10 23:18:03,btc,0.0554564832443,0.0,0.010500223,btc,2.4799,0.0,0.0960659624716,1
1,[],21,[],2019-03-10 23:20:03,1680.2675495199999,0.01261003999999999944381379180,0.000000494888585824,6897867,2019-03-10 23:20:03,btc,24.300728085981138,1540.19844721,0.0126100399999999994438137917995845782570540904998779296875,btc,1894.6020847,19.41519549,20.952897887265106,1
1,[],22,[],2019-03-10 23:20:07,0.0059712,0.01250000,0.00000049057,6897868,2019-03-10 23:20:07,BTC,0.31439419,0.0,0.01250000,BTC,0.12751438772928525,0.0,7.464e-05,1
1,[],24,[],2019-03-10 23:20:08,0.0,0.000000000000,0,6897869,2019-03-10 23:20:08,btc,0.0,0.0,0.000000000000,btc,0.0,0.0,0.0,1
0.0,[],25,[],2019-03-10 23:20:09,0.0,0,0,6897870,2019-03-10 23:20:09,btc,16.154699998642936,195.66928111,0.0,btc,1237.92073314,2.4525,0.0,1
1,[],26,[],2019-03-10 23:20:19,0.0,0,0,6897871,2019-03-10 23:20:19,,0.0,0.0,0,,0.0,0.0,0.0,1
1,[],28,[],2019-03-10 23:20:27,992.9,0.01231000,0.000000483113336,6897872,2019-03-10 23:20:27,btc,0.147901439075,17399.7049,0.01231000,btc,7.9421,0.0,0.086101096,1
0,[],2,[],2019-01-20 23:28:45,0.0,0,0,6477011,2019-01-20 23:28:45,,0.0,0.0,0,,0.0,0.0,0.0,1
1,[],5,[],2019-03-10 23:20:29,0.0,0,0,6897873,2019-03-10 23:20:29,btc,0.0,9.898e-05,0,btc,0.0,0.0,0.0,2
0,[],22,[],2019-03-10 23:20:31,0.0,0,0,6897874,2019-03-10 23:20:31,,0.0,0.0,0,,0.0,0.0,0.0,2
1,[],12,[],2019-03-10 22:18:34,1958443.1912,0.00000018,0.000000000007050798,6897678,2019-03-10 22:18:34,btc,22810.264361879177,0.0,0.00000018,btc,1003164.1417632,0.04743657012933887,0.2852533729248,3
1,[],5,[],2019-03-10 23:20:34,0.0,0,0,6897875,2019-03-10 23:20:34,btc,0.0,0.04238389,0,btc,0.0,0.0,0.0,3
0,[],28,[],2019-03-10 23:22:40,0.0,0,0,6897876,2019-03-10 23:22:40,,0.0,0.0,0,,0.0,0.0,0.0,3
0,[],2,[],2019-01-20 23:31:32,0.0,0,0,6477077,2019-01-20 23:31:32,,0.0,0.0,0,,0.0,0.0,0.0,4
1,[],4,[],2019-03-09 19:03:36,394362.28616607,0.00000032,0.000000000012569280000000001,6889097,2019-03-09 19:03:36,btc,32.15548375957025,0.0,0.00000032,btc,707361.31512647,0.00109114,0.0476374485302292,4
1,[],12,[],2019-03-10 23:22:41,463307.0,0.00000002,0.000000000000784912,6897877,2019-03-10 23:22:41,btc,1111742.13446708,0.0,0.00000002,btc,571960.0,0.0,0.00672588,5
0,[],2,[],2019-01-20 23:31:51,0.0,0,0,6477087,2019-01-20 23:31:51,,0.0,0.0,0,,0.0,0.0,0.0,6
1,[],11,[],2019-03-10 23:22:43,4629050.6305,0.00000002,0.000000000000784912,6897878,2019-03-10 23:22:43,btc,9568.121153241884,132928.0,0.00000002,btc,42498801.853213936,0.0,0.06005584761,6
1,[],3,[],2019-03-10 23:22:43,1104.065899741928,0.00015499999999999999997397914786034789358382113277912139892578125,0.000000006083068,6897879,2019-03-10 23:22:43,btc,29.634085403952064,0.0,0.00015499999999999999997397914786034789358382113277912139892578125,btc,239.122414578101,0.0,0.036869967831697374,7
1,[],4,[],2019-03-10 23:22:45,98298.10220919,0.00024970,0.00000000979962632,6897880,2019-03-10 23:22:45,btc,10.168836208917973,0.0,0.00024970,btc,33701.18489362,6.77472842,6.590796340920198,7
1,[],5,[],2019-03-10 23:22:46,0.0,0,0,6897881,2019-03-10 23:22:46,btc,0.0,1.05673379,0,btc,0.0,0.0,0.0,7
1,[],20,[],2019-02-20 02:16:17,39399275.8418,0.000000001,0.0000000000000390183,6728586,2019-02-20 02:16:17,btc,116.9737569154545,525.0,0.000000001,btc,56932965.8895,5.25e-07,0.0393992758418,8
0,[],2,[],2019-01-20 23:22:42,0.0,0,0,6476876,2019-01-20 23:22:42,,0.0,0.0,0,,0.0,0.0,0.0,9
0,[],23,[],2019-01-20 23:22:48,0.0,0,0,6476878,2019-01-20 23:22:48,,0.0,0.0,0,,0.0,0.0,0.0,9
1,[],1,[],2019-02-17 23:31:42,1822507.21,0.00000181000000000000003456111265232042484285557293333113193511962890625,0.000000000066086901,6701244,2019-02-17 23:31:42,btc,3.6990969245,17153386.5,0.00000181000000000000003456111265232042484285557293333113193511962890625,btc,1997391.71,31.11772986,3.2610482446,9
1,[],4,[],2019-03-10 23:22:48,1148839.40332084,0.00000146,0.000000000057298576,6897882,2019-03-10 23:22:48,btc,5.369486722746006,0.0,0.00000146,btc,2857535.52350846,1.01032946,0.8333421624714221,9
1,[],28,[],2019-03-10 23:22:54,37353.0,0.00000165,0.00000000006475524,6897883,2019-03-10 23:22:54,btc,2708.782203270583,3576319.71,0.00000165,btc,24261.1497,0.0,0.0328195,9
1,[],4,[],2019-02-17 11:22:43,4341674.27126056,0.00000002,0.0000000000007272960000000001,6696112,2019-02-17 11:22:43,btc,0.1997230937751353,0.0,0.00000002,btc,4109766.79808031,0.00215132,0.0479381022052112,10
0,[],2,[],2019-01-20 23:23:08,0.0,0,0,6476890,2019-01-20 23:23:08,,0.0,0.0,0,,0.0,0.0,0.0,12
1,[],4,[],2019-03-10 23:22:55,5602045.62347143,0.00000120,0.00000000004709472,6897884,2019-03-10 23:22:55,btc,8.034006179002745,0.0,0.00000120,btc,4573668.81412162,1.03440672,3.0756456669914995,12
1,[],5,[],2019-03-10 23:22:56,0.0,0,0,6897885,2019-03-10 23:22:56,btc,0.0,0.17784103,0,btc,0.0,0.0,0.0,12
0.0,[],25,[],2019-03-10 23:22:57,0.0,0,0,6897886,2019-03-10 23:22:57,,0.0,0.0,0.0,btc,0.0,0.0,0.0,12
1,[],4,[],2019-03-10 23:22:58,32038462.49390257,0.00000581,0.000000000228016936,6897887,2019-03-10 23:22:58,btc,2.4728760353079733,0.0,0.00000581,btc,333675.0834481,0.62234323,1.3277833086963458,13
1,[],10,[],2019-03-10 23:23:00,393068.8117517,0.00000585,0.00000000022958676,6897888,2019-03-10 23:23:00,btc,666801.3066444142,13480.7055772,0.00000585,btc,714596.11467347,0.0,0.2375573392463565,13
1,[],21,[],2019-03-10 23:23:02,843186.88798851,0.000006039999999999999769030242791,0.000000000237043424,6897889,2019-03-10 23:23:02,btc,5.358025579927928,611003.12763978,0.00000603999999999999976903024279106801941452431492507457733154296875,btc,799129.31476452,3.7071048,4.644814077307056,13
1,[],4,[],2019-03-10 23:23:03,732818.84399603,0.00000135,0.00000000005298156,6897890,2019-03-10 23:23:03,btc,6.386221781529981,0.0,0.00000135,btc,868651.09292097,0.00987832,0.1514306575383695,14
1,[],12,[],2019-03-10 23:23:04,269837.0,0.000001300000000000000047051663780439678674838432925753295421600341796875,0.00000000005101928,6897891,2019-03-10 23:23:04,btc,0.1049307937411382,0.0,0.000001300000000000000047051663780439678674838432925753295421600341796875,btc,8934.3277928,6e-06,0.03003106,14
0,[],17,[],2019-03-10 23:23:16,0.0,0,0,6897892,2019-03-10 23:23:16,btc,0.0,0.0,0,btc,0.0,0.0,0.0,14
1,[],26,[],2019-03-10 23:23:16,0.0,0.00000050,0.0000000000196228,6897893,2019-03-10 23:23:16,btc,0.0,0.0,0.00000050,btc,0.0,0.0,0.0,14
,[],12,[],2018-12-01 15:15:48,204241.84496,0.00000489,0.000000000202473384,5260204,2018-12-01 15:15:48,btc,49.5475654835,0.0,,btc,35763.2193806,0.0163153972027625,0.0203389899998,15
0,[],4,[],2019-03-10 23:23:17,0.0,0,0,6897894,2019-03-10 23:23:17,,0.0,0.0,0,,0.0,0.0,0.0,15
0,[],2,[],2019-01-20 23:23:38,0.0,0,0,6476906,2019-01-20 23:23:38,,0.0,0.0,0,,0.0,0.0,0.0,18
0,[],17,[],2019-03-10 21:16:58,0.0,0,0,6897338,2019-03-10 21:16:58,btc,0.0,0.0,0,btc,0.0,0.0,0.0,18
1,[],4,[],2019-03-10 23:23:18,38195.11087616,0.00001723,0.000000000676201688,6897895,2019-03-10 23:23:18,btc,4.170877151326842,0.0,0.00001723,btc,17610.91320311,0.04516557,0.1749112559966705,18
1,[],10,[],2019-03-10 23:23:21,791988.9760353,0.00001712,0.000000000671884672,6897896,2019-03-10 23:23:21,btc,15.40505996308101,1845.93175655,0.00001712,btc,13199.87674899,0.0,0.266231750530232,18
1,[],12,[],2019-03-10 23:23:22,367603.16813601,0.00001709999999999999890855535700229239637337741442024707794189453125,0.00000000067109976,6897897,2019-03-10 23:23:22,btc,33214.72264363517,0.0,0.00001709999999999999890855535700229239637337741442024707794189453125,btc,566.95104119,0.0063236877666738,0.0445556193709406,18
0,[],2,[],2019-01-20 23:24:19,0.0,0,0,6476924,2019-01-20 23:24:19,,0.0,0.0,0,,0.0,0.0,0.0,19
1,[],3,[],2019-03-10 23:23:23,117274.93576446579,0.0000181500000000000007139254465382549597052275203168392181396484375,0.00000000071230764,6897898,2019-03-10 23:23:23,btc,0.5175964884863844,10.8220858896,0.0000181500000000000007139254465382549597052275203168392181396484375,btc,9394.208834904759,0.0,0.015703858698836778,19
1,[],4,[],2019-03-10 23:23:24,241769.48635815,0.00002087,0.000000000819055672,6897899,2019-03-10 23:23:24,btc,3.0807391498096246,0.0,0.00002087,btc,91450.01278394,0.32999215,2.600942097562007,19
1,[],5,[],2019-03-10 23:23:25,0.0,0,0,6897900,2019-03-10 23:23:25,btc,0.0,0.00223967,0,btc,0.0,0.0,0.0,19
1,[],12,[],2019-03-10 23:23:26,170974.61704232,0.000016670000000000001331469656751238517244928516447544097900390625,0.000000000654224152,6897901,2019-03-10 23:23:26,btc,0.2086311608964404,0.0,0.000016670000000000001331469656751238517244928516447544097900390625,btc,362.56500624,6.35364636e-05,0.0292793900000042,19
0,[],27,[],2019-03-10 23:23:28,0.0,0,0,6897902,2019-03-10 23:23:28,,0.0,0.0,0,btc,0.0,0.0,0.0,19
1,[],4,[],2019-03-10 23:23:29,2769384.31543344,0.00000012,0.000000000004709472,6897903,2019-03-10 23:23:29,btc,7.383042289760813,0.0,0.00000012,btc,2876583.25385408,0.00047882,0.0766987845231281,20
1,[],4,[],2019-03-10 23:23:30,103616191.22647026,0.00000002,0.000000000000784912,6897904,2019-03-10 23:23:30,btc,1858.133179109871,0.0,0.00000002,btc,54105420.3328267,0.00399204,1.1590642676500456,21
1,[],12,[],2019-03-10 23:23:31,1409508.0,0.00000001,0.000000000000392456,6897905,2019-03-10 23:23:31,btc,1247.5223031695405,0.0,0.00000001,btc,2699034.97702298,0.0004995,0.014095080000000001,21
0,[],17,[],2019-03-10 23:23:43,0.0,0,0,6897906,2019-03-10 23:23:43,btc,0.0,0.0,0,btc,0.0,0.0,0.0,21
1,[],12,[],2019-03-10 23:23:44,2439564230.0,0.0000000001,0.00000000000000392456,6897907,2019-03-10 23:23:44,btc,1933667.3235329378,0.0,0.0000000001,btc,1678056915.0613277,0.014847521619780224,0.243956423,23
0,[],27,[],2019-03-10 23:23:46,0.0,0,0,6897908,2019-03-10 23:23:46,,13.821146136593411,0.0,0,eth,4599354.35514486,0.0,0.0,23
1,[],4,[],2019-03-10 23:23:47,583063.05212054,0.00000046,0.000000000018052976,6897909,2019-03-10 23:23:47,btc,9.650784305460707,0.0,0.00000046,btc,1626017.20431167,0.00962489,0.1537567322847651,24
1,[],22,[],2019-03-10 23:23:50,11.76,0.00000100,0.0000000000392456,6897910,2019-03-10 23:23:50,BTC,7.415e-05,0.0,0.00000100,BTC,23.919354838709676,0.0,1.176e-05,24
0.0,[],25,[],2019-03-10 23:23:51,0.0,0,0,6897911,2019-03-10 23:23:51,,0.0,0.0,0.0,btc,0.0,0.0,0.0,24
0,[],2,[],2019-01-20 23:25:56,0.0,0,0,6476976,2019-01-20 23:25:56,,0.0,0.0,0,,0.0,0.0,0.0,26
1,[],4,[],2019-03-10 23:23:52,26580282.68210755,0.00000624,0.000000000244892544,6897912,2019-03-10 23:23:52,btc,109.4427152475298,0.0,0.00000624,btc,252609.84338003,0.18627795,0.4567977001242313,26
1,[],10,[],2019-03-10 23:23:54,686097.89861326,0.00000601,0.000000000235866056,6897913,2019-03-10 23:23:54,btc,26.12761104698699,4415.37623973,0.00000601,btc,14082.23878667,0.0,0.2137617411445378,26
1,[],3,[],2019-03-10 23:23:56,8416897.19501412,0.00000001,0.000000000000392456,6897914,2019-03-10 23:23:56,btc,2.3406036007114617,813564.89088,0.00000001,btc,17998413.91389923,0.0,0.0841689719501412,27
1,[],5,[],2019-03-10 23:23:58,0.0,0,0,6897915,2019-03-10 23:23:58,btc,0.0,0.00017007,0,btc,0.0,0.0,0.0,27
1,[],11,[],2019-03-10 23:24:00,9461840.38103613,0.00000005,0.00000000000196228,6897916,2019-03-10 23:24:00,btc,67506.32843704063,170.63047893,0.00000005,btc,7972152.75036371,0.0,0.44099231334143857,27
1,[],4,[],2019-03-10 23:24:01,2254780281.3188887,0.00000001,0.000000000000392456,6897917,2019-03-10 23:24:01,btc,3.262373052393826,0.0,0.00000001,"btc,ltc",221698479.8961346,0.27815516,10.399449252717172,29
1,[],7,[],2019-03-10 23:24:02,35581800.51580551,0.00000001,0.000000000000392456,6897918,2019-03-10 23:24:02,btc,44461616.564258456,10442.6147705,0.00000001,btc,46767755.62435615,0.00020885,0.3558180051580551,29
0,[],17,[],2019-03-10 23:24:05,0.0,0,0,6897920,2019-03-10 23:24:05,btc,0.0,0.0,0,btc,0.0,0.0,0.0,30
1,[],4,[],2019-03-10 23:24:03,2406112.888129,0.00000023,0.000000000009026488,6897919,2019-03-10 23:24:03,btc,2.643994077946437,0.0,0.00000023,btc,1982223.01792593,0.00866531,0.1156268614822729,30
1,[],4,[],2019-03-10 23:24:07,183371.83607766,0.00005666,0.000000002223655696,6897921,2019-03-10 23:24:07,btc,10.06828178888148,0.0,0.00005666,btc,121260.49616119,1.22861273,1.9283261416125337,31
1,[],21,[],2019-03-10 23:24:08,105858.23483224,0.00005797000000000000232130287214,0.0000000022750674320000003,6897922,2019-03-10 23:24:08,btc,6.970873789672422,200227.15135081,0.000057970000000000002321302872143604645316372625529766082763671875,btc,106866.06654258,11.49911108,5.762961297588827,31
0,[],2,[],2019-01-20 23:28:43,0.0,0,0,6477009,2019-01-20 23:28:43,,0.0,0.0,0,,0.0,0.0,0.0,32
1,[],4,[],2019-03-10 23:24:09,421526382.1211426,0.00000004,0.000000000001569824,6897923,2019-03-10 23:24:09,btc,9.55159267233501,0.0,0.00000004,"btc,ltc",184393729.14689502,0.13735429,10.11367132894018,33
1,[],12,[],2019-03-10 23:24:10,25648493.961,0.00000004,0.000000000001569824,6897924,2019-03-10 23:24:10,btc,2432946.8492714805,0.0,0.00000004,btc,16003177.812187761,0.0177385403196805,0.5929830688,33
1,[],4,[],2019-03-10 23:24:11,110745612.84842524,0.00000001,0.000000000000392456,6897925,2019-03-10 23:24:11,btc,3.4252480287971157,0.0,0.00000001,btc,97192568.96861184,0.04700236,1.1074561284842523,34
1,[],5,[],2019-03-10 23:24:13,0.0,0,0,6897926,2019-03-10 23:24:13,btc,0.0,0.05057416,0,btc,0.0,0.0,0.0,34
0.00000000014558959999999999,[],4,[],2019-03-10 23:24:13,3506140144.0370126,1.455896e-18,5.71375120576e-23,6897927,2019-03-10 23:24:13,ltc,4.4670369384154254e-08,0.0,0.00000001,ltc,6005031720.955504,0.0,5.104575411142911e-09,36
1,[],5,[],2019-03-10 23:24:15,0.0,0,0,6897928,2019-03-10 23:24:15,btc,0.0,0.0,0,btc,0.0,0.0,0.0,36
0.0000000003472493,[],27,[],2019-03-10 23:24:20,1088163.16325,3.472493e-18,1.3628007128080002e-22,6897929,2019-03-10 23:24:20,eth,222.5593908357632,1836.83675,0.00000001,"ltc,eth",11165406.63658689,6.378969641e-15,1.7156120712434822e-12,36
0,[],17,[],2019-03-10 18:27:19,0.0,0,0,6896806,2019-03-10 18:27:19,btc,0.0746458232965017,0.0,0,btc,4103573.70243647,0.0,0.0,36
1,[],4,[],2019-03-10 23:24:21,244640.22953203,0.00000059,0.000000000023154904,6897930,2019-03-10 23:24:21,btc,19772.483662921873,0.0,0.00000059,btc,569619.69391943,0.00573245,0.1051234873620273,37
1,[],12,[],2019-03-10 23:24:22,363946.08369685,0.0000006,0.00000000002354736,6897931,2019-03-10 23:24:22,btc,9.739099611154412,0.0,0.0000006,btc,298139.79694709,0.0554766187484904,0.1015995699999876,37
1,[],17,[],2019-03-10 23:24:23,1752.74075282,0.00000025,0.0000000000098114,6897932,2019-03-10 23:24:23,btc,0.055484923777095005,0.0,0.00000025,btc,1319.19918473,0.0,0.00043818518820499993,37
1,[],27,[],2019-03-10 23:24:26,14685.567,0.00000045,0.00000000001766052,6897933,2019-03-10 23:24:26,btc,24.25536383611233,0.0,0.00000045,btc,6518.38138508,0.0,0.00480032515,37
1,[],5,[],2019-03-10 23:24:28,0.0,0,0,6897934,2019-03-10 23:24:28,btc,0.0,0.05854454,0,btc,0.0,0.0,0.0,42
1,[],12,[],2019-03-10 23:24:29,255147.95020765,0.00000092,0.000000000036105952,6897935,2019-03-10 23:24:29,btc,5.342685834422515,0.0,0.00000092,btc,34623.24026199,0.0143885024732859,0.0192569999999561,42
0.0000000003472493,[],27,[],2019-03-10 23:24:33,2000.0,3.472493e-18,1.3628007128080002e-22,6897936,2019-03-10 23:24:33,eth,0.00315028,0.0,0.00000001,"btc,eth",11.007,0.0,6.944986e-15,42
1,[],5,[],2019-03-10 23:24:35,0.0,0,0,6897937,2019-03-10 23:24:35,btc,0.0,2.2e-05,0,btc,0.0,0.0,0.0,43
1,[],12,[],2019-03-10 23:24:36,1721333.0,0.00000001,0.000000000000392456,6897938,2019-03-10 23:24:36,btc,1.8637358696003998,0.0,0.00000001,btc,4605824.98001999,2.498401598e-07,0.01721333,43
0,[],17,[],2019-03-10 21:18:10,0.0,0,0,6897378,2019-03-10 21:18:10,btc,0.0,0.0,0,btc,0.0,0.0,0.0,43
1,[],12,[],2019-03-05 01:54:08,639326.02,0.00000004,0.000000000001486676,6845775,2019-03-05 01:54:08,btc,11116042.728239931,0.0,0.00000004,btc,1103841.4595604,0.0003330765234764,0.014975410599999999,44
1,[],4,[],2019-03-10 23:24:48,297768341.1007947,0.00000002,0.000000000000784912,6897939,2019-03-10 23:24:48,btc,473.7547890298614,0.0,0.00000002,"btc,ltc",12084421.64598964,0.08610245,0.2617694912737644,49
0.00000000014558959999999999,[],4,[],2019-03-10 23:24:50,670582856.852098,1.455896e-18,5.71375120576e-23,6897940,2019-03-10 23:24:50,ltc,25.936059467628695,0.0,0.00000001,ltc,10702171841.490736,0.0,9.76298898959542e-10,52
0.0000000001238764,[],22,[],2019-03-10 23:24:53,80645562.0,1.238764e-18,4.86160364384e-23,6897941,2019-03-10 23:24:53,XMR,4368.67077283,0.0,0.00000001,XMR,279827473.5359664,2.1058988e-13,0.80645562,57
0.0000000003472493,[],27,[],2019-03-10 23:24:56,2000.0,3.472493e-18,1.3628007128080002e-22,6897942,2019-03-10 23:24:56,eth,0.0,0.0,0.00000001,"btc,eth",0.0,0.0,6.944986e-15,57
0.00000000014558959999999999,[],4,[],2019-03-10 23:24:57,483217789.30196166,2.911792e-18,1.142750241152e-22,6897943,2019-03-10 23:24:57,ltc,18.65741690938687,0.0,0.00000002,ltc,4761027074.700396,0.0,8.722250549938161e-10,58
1,[],12,[],2019-03-10 23:24:58,1202927291.0,0.0000000003,0.00000000000001177368,6897944,2019-03-10 23:24:58,btc,2911907.6795394826,0.0,0.0000000003,btc,1810252072.2437563,0.029011489931868143,0.3095993062,58
0.0000000001238764,[],22,[],2019-03-10 23:25:12,137438.0,1.238764e-18,4.86160364384e-23,6897945,2019-03-10 23:25:12,XMR,69.8835922,0.0,0.00000001,XMR,9887963.0,0.0,0.00137438,58
0,[],17,[],2019-03-10 22:22:58,0.0,0,0,6897746,2019-03-10 22:22:58,btc,1e+24,0.0,0,btc,49306342.21952568,0.0,0.0,58
1,[],5,[],2019-03-10 23:25:13,0.0,0,0,6897946,2019-03-10 23:25:13,btc,0.0,0.00249189,0,btc,0.0,0.0,0.0,61
1,[],22,[],2019-03-10 23:25:17,13757.0,0.00000012,0.000000000004709472,6897947,2019-03-10 23:25:17,BTC,1002.2960049,0.0,0.00000012,BTC,14976.68361146909,0.0,0.00154987,61
1,[],26,[],2019-03-10 23:25:17,0.0,0.00000800,0.0000000003139648,6897948,2019-03-10 23:25:17,btc,0.0,0.0,0.00000800,btc,0.0,0.0,0.0,61
1,[],27,[],2019-03-10 23:25:20,4411.22008,0.00000047,0.000000000018445432,6897949,2019-03-10 23:25:20,btc,2.8990263703141324,0.0,0.00000047,"btc,eth",19485.01257617,0.0,0.0012437599595207774,61
1,[],28,[],2019-03-10 22:23:16,13880.304,0.0000005,0.00000000001958555,6897752,2019-03-10 22:23:16,btc,2.056312978300105,2357.2744,0.0000005,btc,9730.59500005,0.0,0.00566391304,61
1,[],4,[],2019-03-10 22:23:18,1306774.75330974,0.00000219,0.00000000008578470900000001,6897753,2019-03-10 22:23:18,btc,9.08892882364232,0.0,0.00000219,btc,771821.19191227,0.15342493,1.0070545687411876,67
0.0,[],25,[],2019-03-10 22:23:19,0.0,0,0,6897754,2019-03-10 22:23:19,,0.0,0.0,0.0,btc,0.0,0.0,0.0,67
1,[],12,[],2019-03-10 22:23:21,309616.76039378,0.00000028,0.000000000010967908000000001,6897755,2019-03-10 22:23:21,btc,1111115.6529402765,0.0,0.00000028,btc,1111703.63976992,0.0020808709557932,0.0653309491883972,71
,[],5,[],2018-11-20 23:02:39,1.5e-07,0.00000005,0.000000000002128045,4862160,2018-11-20 23:02:39,btc,2.84511358,0.0,,btc,0.00036572,0.0,0.07381892,74
1,[],5,[],2019-03-10 22:23:23,0.0,0,0,6897756,2019-03-10 22:23:23,btc,0.0,0.0,0,btc,0.0,0.0,0.0,75
1,[],4,[],2019-03-10 23:25:35,13147768.81424166,0.00000001,0.000000000000392456,6897955,2019-03-10 23:25:35,btc,11388.985544584346,0.0,0.00000001,btc,40019471.49932191,0.0,0.1314776881424166,81
0,[],20,[],2019-01-25 09:30:31,0.0,0,0,6495923,2019-01-25 09:30:31,btc,0.0,0.0,0,btc,0.0,0.0,0.0,81
1,[],4,[],2019-03-10 23:25:37,24067.54840679,0.00007606,0.000000002985020336,6897956,2019-03-10 23:25:37,btc,18.132801212519336,0.0,0.00007606,btc,12460.72813115,0.01728836,0.1077988971652757,82
1,[],21,[],2019-03-10 22:23:27,760841.01109774,0.00007451000000000000320337506521,0.000000002918638661,6897759,2019-03-10 22:23:27,btc,3.792980064462603,2803.32459399,0.000074510000000000003203375065208291516682947985827922821044921875,btc,45721.1405615,0.20890442,2.5819756516661316,82
0,[],17,[],2019-03-10 20:18:44,0.0,0,0,6897202,2019-03-10 20:18:44,btc,0.0447233088476774,0.0,0,btc,999127.19588126,0.0,0.0,84
0.00000000014474350000000001,[],4,[],2019-03-10 22:23:40,192579000.7021255,4.342305e-18,1.7009286338550002e-22,6897760,2019-03-10 22:23:40,ltc,1.6956429418693149,0.0,0.00000003,ltc,386681229.47306526,0.0,4.4986015992686247e-10,85
,[],22,[],2018-11-20 23:09:34,3408.1,0.0000001,0.0000000000041895,4862324,2018-11-20 23:09:34,BTC,0.04624735,0.0,,BTC,4990.0,0.0,0.00033081,86
1,[],22,[],2019-03-10 22:23:44,123370.0,0.00000005,0.000000000001958555,6897761,2019-03-10 22:23:44,BTC,2.07772327,0.0,0.00000005,BTC,161407.94736842104,0.00045053,0.0019285,87
0,[],27,[],2019-03-10 22:23:47,0.0,0,0,6897762,2019-03-10 22:23:47,,0.0,0.0,0,btc,0.0,0.0,0.0,87
,[],2,[],2018-11-20 23:10:47,0.0,0,0,4862359,2018-11-20 23:10:47,,0.0,0.0,,,0.0,0.0,0.0,88
1,[],11,[],2019-03-10 22:23:49,96340.50764521,0.00014999999999999998685946966947568625982967205345630645751953125,0.000000005875665,6897763,2019-03-10 22:23:49,btc,611.5329098503412,1361.76924504,0.00014999999999999998685946966947568625982967205345630645751953125,btc,97843.79327818,0.0,6.767359771231555,89
0,[],2,[],2019-01-20 23:31:45,0.0,0,0,6477083,2019-01-20 23:31:45,,0.0,0.0,0,,0.0,0.0,0.0,91
1,[],12,[],2019-03-10 22:23:50,247947.7860189,0.00000098,0.000000000038387678,6897764,2019-03-10 22:23:50,btc,61.095635113798124,0.0,0.00000098,btc,118099.6153128,0.0036550498,0.0335763864999731,91
0,[],17,[],2019-03-10 22:24:01,0.0,0,0,6897765,2019-03-10 22:24:01,btc,0.0,0.0,0,btc,0.0,0.0,0.0,91
1,[],22,[],2019-03-10 22:24:06,65900.0,0.00000001,0.00000000000039171100000000003,6897766,2019-03-10 22:24:06,BTC,3e-06,0.0,0.00000001,BTC,1.0,0.0,0.000659,91
0,[],22,[],2019-03-10 22:24:09,0.0,0,0,6897767,2019-03-10 22:24:09,,7.50307462,0.0,0,,70597140.95714286,0.0,0.0,95
0.00000000014474350000000001,[],4,[],2019-03-10 22:24:10,634515213.0316336,7.526662e-17,2.9482762986820005e-21,6897768,2019-03-10 22:24:10,ltc,11.893811373519833,0.0,0.00000052,ltc,136343529.56165135,0.0,1.6332758447830876e-09,96
0,[],12,[],2019-03-10 22:24:11,0.0,0,0,6897769,2019-03-10 22:24:11,btc,10.189514,0.0,0,btc,3026256.0,0.00069907,0.0,96
0,[],17,[],2019-03-10 19:23:39,0.0,0,0,6897025,2019-03-10 19:23:39,btc,0.0,0.0,0,btc,0.0,0.0,0.0,96
1,[],4,[],2019-03-10 22:24:13,1597940.24508285,0.00000021,0.000000000008225931,6897770,2019-03-10 22:24:13,btc,2.4710279972115314,0.0,0.00000021,btc,2553988.1879289,0.00990349,0.1250386274720316,99
1,[],4,[],2019-03-10 22:24:14,284405.39171354,0.00003805,0.000000001490460355,6897771,2019-03-10 22:24:14,btc,11.274621273932006,0.0,0.00003805,btc,164811.57712616,1.62592165,1.5275220435308785,100
0,[],2,[],2019-01-20 23:23:55,0.0,0,0,6476914,2019-01-20 23:23:55,,0.0,0.0,0,,0.0,0.0,0.0,100
1,[],22,[],2019-03-10 22:24:17,50000.0,0.00000001,0.00000000000039171100000000003,6897772,2019-03-10 22:24:17,BTC,23.49896609,0.0,0.00000001,BTC,10277.22,0.0,0.0005,101
1,[],4,[],2019-03-10 22:24:18,368284.70639983,0.00000085,0.000000000033295435,6897773,2019-03-10 22:24:18,btc,308.0640244002648,0.0,0.00000085,btc,498334.16524061,0.00396647,0.1969359010802532,103
1,[],12,[],2019-03-10 22:24:21,23599554.0,0.000000008,0.0000000000003133688,6897774,2019-03-10 22:24:21,btc,3859732.6172111514,0.0,0.000000008,btc,73292896.12192097,0.01393179758748862,0.063057346,105
1,[],27,[],2019-03-10 22:24:23,223920.39,0.00000001,0.00000000000039171100000000003,6897775,2019-03-10 22:24:23,btc,36.60591030491341,0.0,0.00000001,btc,1301440.23571724,0.0,0.0022392039,105
1,[],22,[],2019-03-10 22:24:27,9328.0,0.00000001,0.00000000000039171100000000003,6897776,2019-03-10 22:24:27,BTC,51.10837004,0.0,0.00000001,BTC,470435.0,0.0,9.328e-05,107
1,[],26,[],2019-03-10 22:24:27,0.0,0.00000000,0,6897777,2019-03-10 22:24:27,btc,0.0,0.0,0.00000000,btc,0.0,0.0,0.0,107
1,[],5,[],2019-03-10 22:24:30,0.0,0,0,6897778,2019-03-10 22:24:30,btc,0.0,0.00053604,0,btc,0.0,0.0,0.0,112
1,[],22,[],2019-03-10 22:24:33,1966.0,0.00000001,0.00000000000039171100000000003,6897779,2019-03-10 22:24:33,BTC,2.7975128,0.0,0.00000001,BTC,826524.0833333334,0.0,1.966e-05,112
0.0000000003466989,[],27,[],2019-03-10 22:24:36,2000.0,3.466989e-18,1.3580577281790001e-22,6897780,2019-03-10 22:24:36,eth,1.24996908,0.0,0.00000001,"btc,eth",1289.0,0.0,6.933978e-15,112
1,[],4,[],2019-03-10 22:24:38,1304537.73467528,0.00000194,0.000000000075991934,6897781,2019-03-10 22:24:38,btc,7.937286306073019,0.0,0.00000194,btc,365861.04747044,0.00528761,1.001290822925974,113
1,[],5,[],2019-03-10 22:24:39,0.0,0,0,6897782,2019-03-10 22:24:39,btc,0.0,0.0,0,btc,0.0,0.0,0.0,113
0,[],27,[],2019-03-10 22:24:52,0.0,0,0,6897783,2019-03-10 22:24:52,,0.0,0.0,0,btc,0.0,0.0,0.0,116
1,[],17,[],2019-03-09 23:08:14,152738.278,0.00000004,0.0000000000015702200000000001,6890671,2019-03-09 23:08:14,btc,1.3368030274857574,0.0,0.00000004,btc,51896.221,0.0,0.0022095311199999998,116
1,[],4,[],2019-03-10 22:24:54,92947.79693627,0.00002469,0.000000000967134459,6897784,2019-03-10 22:24:54,btc,93.78673238680234,0.0,0.00002469,btc,88035.69896976,2.14201173,1.1169421420380248,120
1,[],7,[],2019-03-10 22:24:56,20998.75942766,0.0000212500000000000015265566588595902430824935436248779296875,0.0000000008323858750000001,6897785,2019-03-10 22:24:56,btc,115648.89480684382,0.0,0.0000212500000000000015265566588595902430824935436248779296875,btc,36709.119221220004,0.0,0.0536713168136827,120
1,[],20,[],2019-03-10 22:24:59,2948267.9662,0.000000034,0.0000000000013318174,6897786,2019-03-10 22:24:59,btc,33.6158441131568,1866.15,0.000000034,btc,1013150.979,6.34491e-05,0.0387656098086,125
1,[],22,[],2019-03-10 22:25:05,3053.0,0.00000001,0.00000000000039171100000000003,6897787,2019-03-10 22:25:05,BTC,0.01444887,0.0,0.00000001,BTC,296263.5111111111,0.0,3.053e-05,126
1,[],4,[],2019-03-10 22:25:06,139719.71017119,0.00001302,0.000000000510007722,6897788,2019-03-10 22:25:06,btc,3.6003079440299675,0.0,0.00001302,btc,122193.79386831,0.1161021,0.5752387916745124,131
0,[],17,[],2019-03-10 22:25:08,0.0,0,0,6897789,2019-03-10 22:25:08,btc,0.0009561751951600001,0.0,0,btc,35.42829368,0.0,0.0,131
0,[],2,[],2019-01-20 23:25:46,0.0,0,0,6476969,2019-01-20 23:25:46,,0.0,0.0,0,,0.0,0.0,0.0,131
1,[],4,[],2019-03-10 22:25:09,4547.44822479,0.00016000,0.000000006267376000000001,6897790,2019-03-10 22:25:09,btc,1.6191117641319512,0.0,0.00016000,btc,239.25503526,0.0,0.0068361669211229,135
1,[],3,[],2019-03-07 00:20:44,877702.73244099,0.00000004,0.00000000000154846,6863392,2019-03-07 00:20:44,btc,0.119366241821405,0.0,0.00000004,btc,760637.99421222,0.0,0.023771231960604298,136
1,[],4,[],2019-03-10 22:25:10,269713.0192818,0.00000154,0.000000000060323494,6897791,2019-03-10 22:25:10,btc,38.56218897145395,0.0,0.00000154,btc,523010.11300786,0.0027652,0.0583293893749354,137
1,[],12,[],2019-03-10 22:25:11,179336.07290953,0.000001619999999999999947867764839293247547402643249370157718658447265625,0.000000000063457182,6897792,2019-03-10 22:25:11,btc,5.061220195605259,0.0,0.000001619999999999999947867764839293247547402643249370157718658447265625,btc,4265.23192292,0.0004696533450314,0.0070173799999781,137
1,[],4,[],2019-03-10 22:25:12,9762.97544079,0.00003200,0.0000000012534752,6897793,2019-03-10 22:25:12,btc,28.571814261804555,0.0,0.00003200,btc,49644.12264945,0.1299897,0.1925791039473581,142
1,[],5,[],2019-03-10 22:25:13,0.0,0,0,6897794,2019-03-10 22:25:13,btc,0.0,0.29927485,0,btc,0.0,0.0,0.0,142
1,[],17,[],2019-03-10 22:25:15,22967.386363640002,0.00000088,0.000000000034470568,6897795,2019-03-10 22:25:15,btc,20.06991335272916,0.0,0.00000088,btc,2746.079105,0.0,0.0104613000000032,142
1,[],20,[],2019-03-10 22:25:17,139543.4002,0.000033,0.0000000012926463000000001,6897796,2019-03-10 22:25:17,btc,0.3361559661272,71.7523,0.000033,btc,2245.1771,0.002401646044,0.3036938979979,142
1,[],22,[],2019-03-10 22:25:20,1470.8988921568628,0.00004000,0.0000000015668440000000002,6897797,2019-03-10 22:25:20,BTC,3.00385504,0.0,0.00004000,BTC,891.218,0.0,0.0012358,142
0.0,[],25,[],2019-03-10 22:25:21,0.0,0,0,6897798,2019-03-10 22:25:21,,0.0,0.0,0.0,btc,0.0,0.0,0.0,142
1,[],28,[],2019-03-10 22:25:28,76677.664,0.00002270,0.00000000088918397,6897799,2019-03-10 22:25:28,btc,0.067100461059305,863.0,0.00002270,btc,552.61077999,0.0,0.01662216,142
0,[],22,[],2019-03-10 22:25:30,0.0,0,0,6897800,2019-03-10 22:25:30,,65.61831169,0.0,0,,1037691921.3,0.0,0.0,143
0,[],22,[],2019-02-25 15:42:22,0.0,0,0,6783783,2019-02-25 15:42:22,,4.2131946,0.0,0,,2322156.0,0.0,0.0,146
,[],22,[],2018-11-20 23:01:11,0.0,0,0,4862114,2018-11-20 23:01:11,,2.56807021,0.0,,,61828.4988236,0.0,0.0,147
1,[],12,[],2019-03-10 22:25:32,336221.073797,0.00000225000000000000005700192921842539561794183100573718547821044921875,0.000000000088134975,6897801,2019-03-10 22:25:32,btc,7.900397898430035,0.0,0.00000225000000000000005700192921842539561794183100573718547821044921875,btc,91393.32942272,5.63436564e-06,0.0280630899999499,148
1,[],4,[],2019-03-10 22:25:33,251299.00134438,0.00000029,0.000000000011359619,6897802,2019-03-10 22:25:33,btc,219.99891695668288,0.0,0.00000029,btc,841123.35189129,0.0,0.0597202236443528,152
0,[],22,[],2019-03-10 22:25:35,0.0,0,0,6897803,2019-03-10 22:25:35,,0.0,0.0,0,,0.0,0.0,0.0,152
1,[],5,[],2019-03-10 22:25:37,0.0,0,0,6897804,2019-03-10 22:25:37,btc,0.0,0.0,0,btc,0.0,0.0,0.0,153
,[],16,[],2019-01-11 15:38:59,0.0,0,0,6366141,2019-01-11 15:38:59,btc,0.0,0.0,,btc,0.0,0.0,0.0,155
0,[],23,[],2019-01-20 23:24:29,0.0,0,0,6476932,2019-01-20 23:24:29,,0.0,0.0,0,,0.0,0.0,0.0,156
0,[],22,[],2019-03-10 22:25:39,0.0,0,0,6897805,2019-03-10 22:25:39,,6.7463781,0.0,0,,4673397.242592593,0.0,0.0,156
1,[],22,[],2019-03-10 22:25:43,7073.8,0.00005300,0.0000000020760683,6897806,2019-03-10 22:25:43,BTC,1.79802465,0.0,0.00005300,BTC,802.6461988741639,0.0035259,0.00104336,157
0,[],22,[],2019-03-10 22:25:46,0.0,0,0,6897807,2019-03-10 22:25:46,,50175.67608608,0.0,0,,54079135.04179466,0.0,0.0,158
,[],17,[],2018-11-20 22:56:10,0.0,0,0,4861976,2018-11-20 22:56:10,btc,1.1265625,0.0,,btc,1000.0,0.0,0.0,159
,[],20,[],2018-11-20 22:56:12,0.0,0,0,4861977,2018-11-20 22:56:12,btc,11912.7940471,0.0,,btc,34413894.3617,0.0,0.0,159
1,[],12,[],2019-03-10 22:25:47,212279.48221968,0.0000073400000000000000278401433850827828564433730207383632659912109375,0.00000000028751587400000004,6897808,2019-03-10 22:25:47,btc,0.776322538258655,0.0,0.0000073400000000000000278401433850827828564433730207383632659912109375,btc,8321.2162069,0.0032356380550168,0.09867326346424769,168
1,[],17,[],2019-03-10 22:25:59,29784.95,0.000001,0.0000000000391711,6897809,2019-03-10 22:25:59,btc,0.03026736251542,0.0,0.000001,btc,144.46171372,0.0,0.00716147,168
0,[],22,[],2019-03-10 22:26:03,0.0,0,0,6897810,2019-03-10 22:26:03,,1.1339604,0.0,0,,520283.17470714403,0.0,0.0,169
1,[],22,[],2019-03-10 22:26:06,221317.33333333334,0.00000012,0.000000000004700532,6897811,2019-03-10 22:26:06,BTC,14.35073706,0.0,0.00000012,BTC,157609.90863998415,4.952e-05,0.00287108,171
1,[],22,[],2019-03-10 22:26:10,628800.0,0.00000005,0.000000000001958555,6897812,2019-03-10 22:26:10,BTC,2.20766655,0.0,0.00000005,"BTC,LTC",289875.8373821206,0.00794581,0.01768,173
1,[],5,[],2019-03-05 01:59:40,0.0,0,0,6845846,2019-03-05 01:59:40,btc,0.0,0.00384852,0,btc,0.0,0.0,0.0,175
1,[],22,[],2019-03-10 22:26:13,35500.0,0.00000012,0.000000000004700532,6897813,2019-03-10 22:26:13,BTC,0.54559973,0.0,0.00000012,BTC,137776.41444619838,0.0,0.00206,176
1,[],7,[],2019-03-10 22:26:15,0.0,0,0,6897814,2019-03-10 22:26:15,btc,408082.77918085374,1000.0,0,btc,115663731.27961002,1e-05,0.0,178
0,[],22,[],2019-03-10 22:26:26,0.0,0,0,6897815,2019-03-10 22:26:26,,1.00242438,0.0,0,,57522.0,0.0,0.0,178
0,[],2,[],2019-01-20 23:28:34,0.0,0,0,6477001,2019-01-20 23:28:34,,0.0,0.0,0,,0.0,0.0,0.0,178
1,[],5,[],2019-03-10 22:26:28,0.0,0,0,6897816,2019-03-10 22:26:28,btc,0.0,0.02996591,0,btc,0.0,0.0,0.0,179
0,[],23,[],2019-01-20 23:25:08,0.0,0,0,6476952,2019-01-20 23:25:08,,0.0,0.0,0,,0.0,0.0,0.0,179
1,[],22,[],2019-03-10 22:26:32,6868442.5,0.00000002,0.0000000000007834220000000001,6897817,2019-03-10 22:26:32,BTC,5.65174896,0.0,0.00000002,"BTC,LTC",17774331.756535422,0.00014766,0.37230957,179
1,[],17,[],2019-03-10 21:21:47,10504.725,0.0000001,0.00000000000391765,6897455,2019-03-10 21:21:47,btc,5.2010695838170005,0.0,0.0000001,btc,4994.45945,0.0,0.0010504725,180
1,[],22,[],2019-03-10 22:26:57,667666.7090909091,0.00000178,0.000000000069724558,6897818,2019-03-10 22:26:57,BTC,0.20952313,0.0,0.00000178,"BTC,LTC",59060.756131308655,0.00468656,0.57462798,180
1,[],26,[],2019-03-10 22:26:57,0.0,0.00000125,0.000000000048963875000000006,6897819,2019-03-10 22:26:57,btc,0.0,100.0,0.00000125,btc,0.0,0.0,0.0,180
,[],7,[],2018-11-20 22:58:01,562227.975654,0.00000085,0.000000000036176765,4862015,2018-11-20 22:58:01,btc,21836.6059674,2491.87645172,,btc,749999.041456,0.00211021,0.127565380455,183
,[],5,[],2019-01-10 08:11:41,0.0,0,0,6347036,2019-01-10 08:11:41,btc,82.15055501,0.00261,,btc,1.19002445,0.0,0.0,187
1,[],24,[],2019-03-10 22:26:57,0.0,0.000000000001,3.91711e-17,6897820,2019-03-10 22:26:57,btc,0.0,0.0,0.000000000001,btc,0.0,0.0,0.0,187
,[],17,[],2018-11-16 20:58:10,4062536.27273,0.00000001,0.000000000000550501,4708775,2018-11-16 20:58:10,btc,3.36492563466,0.195460381006,,"btc,eth",110697919.549,0.0,0.0157628953496,187
0,[],22,[],2019-03-10 22:27:00,0.0,0,0,6897821,2019-03-10 22:27:00,,7.54797454,0.0,0,,79361.7243344055,0.0,0.0,191
0,[],22,[],2019-03-10 22:27:06,0.0,0,0,6897822,2019-03-10 22:27:06,,0.0,0.0,0,,0.0,0.0,0.0,197
0,[],23,[],2019-01-20 23:31:41,0.0,0,0,6477079,2019-01-20 23:31:41,,0.0,0.0,0,,0.0,0.0,0.0,199
0,[],22,[],2019-03-10 22:27:09,0.0,0,0,6897823,2019-03-10 22:27:09,,5.19076992,0.0,0,,21057923.0,0.0,0.0,199
1,[],26,[],2019-03-10 22:27:09,0.0,0.00000000,0,6897824,2019-03-10 22:27:09,btc,0.0,129938.0,0.00000000,btc,0.0,0.0,0.0,199
0,[],17,[],2019-01-30 16:32:01,0.0,0,0,6540827,2019-01-30 16:32:01,btc,6.802544163788159,0.0,0,btc,105897.55575295,0.0,0.0,200
0,[],2,[],2019-01-20 23:30:49,0.0,0,0,6477059,2019-01-20 23:30:49,,0.0,0.0,0,,0.0,0.0,0.0,201
1,[],4,[],2019-01-25 15:51:35,2084389.58565343,0.00000936,0.000000000333526752,6499557,2019-01-25 15:51:35,btc,2.0092503037378524,0.0,0.00000936,btc,160195.80207885,0.19272417,1.242687955921835,211
1,[],7,[],2019-03-10 22:27:12,2972126.1143132,0.00000101000000000000007076262319161141789436442195437848567962646484375,0.000000000039562811000000004,6897825,2019-03-10 22:27:12,btc,15476653.360192472,274339.060707,0.00000101000000000000007076262319161141789436442195437848567962646484375,btc,13381978.576524429,0.0,1.3811336325149703,212
1,[],12,[],2019-01-25 02:44:32,207462.42853209,0.000001080000000000000035831255497387193287295303889550268650054931640625,0.000000000038610756000000006,6493050,2019-01-25 02:44:32,btc,85023.03793723314,0.0,0.000001080000000000000035831255497387193287295303889550268650054931640625,btc,43675.73520027,0.000146250909087,0.0348620860622024,213
1,[],5,[],2019-03-10 22:27:14,0.0,0,0,6897826,2019-03-10 22:27:14,btc,0.0,0.31581366,0,btc,0.0,0.0,0.0,213
1,[],24,[],2019-03-10 22:27:16,0.0,0.000000120000,0.000000000004700532,6897827,2019-03-10 22:27:16,btc,0.0,0.0,0.000000120000,btc,0.0,0.0,0.0,213
1,[],26,[],2019-03-10 22:27:16,0.0,0.00000010,0.00000000000391711,6897828,2019-03-10 22:27:16,btc,0.0,0.0,0.00000010,btc,0.0,0.0,0.0,213
1,[],22,[],2019-03-10 22:27:28,25000.0,0.00000001,0.00000000000039171100000000003,6897829,2019-03-10 22:27:28,BTC,2.28062382,0.0,0.00000001,BTC,675757.3963726171,0.0,0.00025,216
1,[],27,[],2019-03-10 22:27:31,1298122.0,0.00000003,0.000000000001175133,6897830,2019-03-10 22:27:31,btc,317.9840526547724,10.0,0.00000003,"btc,ltc",240753.990324,8e-07,0.03375764000026054,216
1,[],22,[],2019-03-10 22:27:45,164250.9463963639,0.00000167,0.000000000065415737,6897831,2019-03-10 22:27:45,BTC,12673.59845682,0.0,0.00000167,BTC,428989.1852717484,0.03671365,0.1721655,217
1,[],7,[],2019-03-10 22:27:47,0.0,0,0,6897832,2019-03-10 22:27:47,btc,77971.86473761009,1000.0,0,btc,136014037.11822966,1e-05,0.0,219
0,[],27,[],2019-03-10 22:27:49,0.0,0,0,6897833,2019-03-10 22:27:49,,0.0404796,0.0,0,btc,2057905.0,0.0,0.0,219
0.0000000000000051,[],28,[],2019-03-10 22:27:56,168493275.591,8.925e-18,3.496020675e-22,6897834,2019-03-10 22:27:56,doge,85122.4333648375,65737.362,0.00175000,"btc,doge",3763918.34751,0.0,1.631601065422737e-11,219
1,[],22,[],2019-03-10 22:28:01,438339.0,0.00000007,0.0000000000027419770000000003,6897835,2019-03-10 22:28:01,BTC,18.06922081,0.0,0.00000007,BTC,99852.24541875876,0.00061694,0.02057961,221
1,[],24,[],2019-03-10 22:28:01,0.0,0.000000200000,0.00000000000783422,6897836,2019-03-10 22:28:01,btc,0.0,0.0,0.000000200000,btc,0.0,0.0,0.0,221
1,[],20,[],2019-03-10 22:28:03,39105329.5253,0.000000001,0.0000000000000391711,6897837,2019-03-10 22:28:03,btc,48.4442602981303,876385.0963,0.000000001,btc,16017729.9079,0.0017527701926,0.0391053295253,224
0,[],22,[],2019-03-10 22:28:06,0.0,0,0,6897838,2019-03-10 22:28:06,,0.0,0.0,0,,0.0,0.0,0.0,224
1,[],26,[],2019-03-10 22:28:07,0.0,0.00000035,0.000000000013709885,6897839,2019-03-10 22:28:07,btc,0.0,0.0,0.00000035,btc,0.0,0.0,0.0,231
1,[],26,[],2019-03-10 22:28:07,0.0,0.00000005,0.000000000001958555,6897840,2019-03-10 22:28:07,btc,0.0,100.0,0.00000005,btc,0.0,0.0,0.0,234
0.0000000003466989,[],27,[],2019-03-10 22:28:10,2000.0,3.466989e-18,1.3580577281790001e-22,6897841,2019-03-10 22:28:10,eth,0.01134836604,0.0,0.00000001,"btc,eth",11462.996,0.0,6.933978e-15,234
1,[],4,[],2019-03-10 22:28:11,770000.53975498,0.00000073,0.000000000028594903,6897842,2019-03-10 22:28:11,btc,4.3981918473233215,0.0,0.00000073,btc,1236130.97045186,0.04030643,0.1914144455465611,236
1,[],24,[],2019-03-10 22:28:11,0.0,0.000000500000,0.00000000001958555,6897843,2019-03-10 22:28:11,btc,0.0,0.0,0.000000500000,btc,0.0,0.0,0.0,236
1,[],20,[],2019-03-10 22:28:14,198156865.5518,0.000000054,0.0000000000021152394000000002,6897844,2019-03-10 22:28:14,btc,13.4932899940239,21257028.9706,0.000000054,btc,37592680.4856,1.1803879669751,0.2733220446273,237
0.00000000014474350000000001,[],22,[],2019-03-10 22:28:17,751594.9,2.4606395000000003e-17,9.638595591845e-22,6897845,2019-03-10 22:28:17,LTC,0.0405823,0.0,0.00000017,LTC,3164.0,0.0,0.12541949,237
1,[],4,[],2019-03-10 22:28:18,8682518.49349866,0.00000034,0.000000000013318174000000001,6897846,2019-03-10 22:28:18,btc,9.50519567899256,0.0,0.00000034,btc,11832030.00759261,0.63534393,2.191277102850754,238
1,[],5,[],2019-03-10 22:28:20,0.0,0,0,6897847,2019-03-10 22:28:20,btc,0.0,0.01124654,0,btc,0.0,0.0,0.0,238
0,[],22,[],2019-03-10 22:28:25,0.0,0,0,6897848,2019-03-10 22:28:25,,0.40415746,0.0,0,,526736.5639027493,0.0,0.0,249
0.00000000014474350000000001,[],22,[],2019-03-10 22:28:28,49087200.666666664,5.7897400000000006e-18,2.26790484514e-22,6897849,2019-03-10 22:28:28,LTC,0.90188236,0.0,0.00000004,LTC,17061399.253636364,0.0,1.18162413,252
1,[],28,[],2019-03-10 22:28:36,2789501.713,0.00000037,0.000000000014493307000000001,6897850,2019-03-10 22:28:36,btc,164793.1271892888,16234.7,0.00000037,btc,3222555.8177,0.0,0.57357034182,256
1,[],22,[],2019-03-10 22:28:39,1370927.6666666667,0.00000004,0.0000000000015668440000000001,6897851,2019-03-10 22:28:39,BTC,31.45927906,0.0,0.00000004,BTC,704666.3568978057,0.00014196,0.02036077,258
1,[],22,[],2019-03-10 22:28:43,47146.0,0.00000001,0.00000000000039171100000000003,6897852,2019-03-10 22:28:43,BTC,2.415167,0.0,0.00000001,BTC,157.0,1.605e-05,0.00047146,259
1,[],5,[],2019-03-10 22:28:45,0.0,0,0,6897853,2019-03-10 22:28:45,btc,0.0,0.23396173,0,btc,0.0,0.0,0.0,264
1,[],20,[],2019-03-10 22:28:47,1287973.3393,0.00000174,0.000000000068157714,6897854,2019-03-10 22:28:47,btc,7.4596572772366,117150.3879,0.00000174,btc,102540.719,0.2213157215336,0.0249193121222,264
0,[],22,[],2019-03-10 22:28:50,0.0,0,0,6897855,2019-03-10 22:28:50,,8.75643939,0.0,0,,466495.2241309945,0.0,0.0,271
0,[],22,[],2019-03-10 22:29:09,0.0,0,0,6897856,2019-03-10 22:29:09,,266.36893303,0.0,0,,13949488766.692,0.0,0.0,272
0.0000000000000051,[],28,[],2019-03-10 22:29:14,219865356712.905,5.151e-21,2.0177033610000002e-25,6897857,2019-03-10 22:29:14,doge,38466934.75996276,14151570497.4014,0.00000101,doge,196814955281.47388,0.0,6.160934894443215e-10,272
1,[],22,[],2019-03-10 22:29:19,162217.74,0.0000007,0.00000000002741977,6897858,2019-03-10 22:29:19,BTC,235.00280727,0.0,0.0000007,"BTC,LTC",43662.40511909192,0.01690074,0.05630412,281
1,[],22,[],2019-03-10 22:29:23,864193.0,0.00000004,0.0000000000015668440000000001,6897859,2019-03-10 22:29:23,BTC,1.34823416,0.0,0.00000004,BTC,297907.60394965275,0.00017055,0.02567175,286
0,[],22,[],2019-03-10 22:29:26,0.0,0,0,6897860,2019-03-10 22:29:26,,43638.82491513,0.0,0,,700126356.0,0.0,0.0,294
