pairValue,buyBook,exchangeId,sellBook,updated,buyTotal,satoshiPrice,usdPrice,exchangeLogId,created,bestPair,sellTotalBtc,volume,pairPrice,activePairs,sellTotal,volumeBtc,buyTotalBtc,coinId
0,[],2,[],2019-01-20 23:28:45,0.0,0,0,6477011,2019-01-20 23:28:45,,0.0,0.0,0,,0.0,0.0,0.0,1
1,[],3,[],2019-06-29 10:05:37,31389.951482337536,0.00809468999999999987149390534568738075904548168182373046875,0.000000942412141215,7778015,2019-06-29 10:05:37,btc,9.362408669192545,106.461249944,0.00809468999999999987149390534568738075904548168182373046875,btc,42.79340290602,0.0,0.2245024824728805,1
1,[],4,[],2019-06-29 10:05:38,207787.14392079,0.00829000,0.000000965150815,7778016,2019-06-29 10:05:38,btc,8.961475924892458,0.0,0.00829000,btc,419.27021783,4.71129152,0.502835911450687,1
1,[],5,[],2019-06-29 10:05:40,0.0,0,0,7778017,2019-06-29 10:05:40,btc,0.0,0.07922113,0,btc,0.0,0.0,0.0,1
1,[],10,[],2019-06-29 10:05:42,245949.2506725,0.00318286,0.00000037055970121000004,7778018,2019-06-29 10:05:42,btc,6525.541882654594,2023.35612615,0.00318286,btc,1819.16125551,0.0,1.4095870336868999,1
1,[],12,[],2019-06-29 10:05:44,94.28828275000001,0.00812000000000000048128168117500536027364432811737060546875,0.0000009453588200000001,7778019,2019-06-29 10:05:44,btc,0.6646586732155,0.0,0.00812000000000000048128168117500536027364432811737060546875,btc,30.01378494,1.742014962665,0.1218903116708,1
1,[],20,[],2019-06-29 10:05:47,928.4396,0.008010087,0.0000009325623638445,7778020,2019-06-29 10:05:47,btc,0.1533729149131,1.816,0.008010087,btc,11.52,0.0161548927718,0.1280847319335,1
1,[],21,[],2019-06-29 10:05:48,2406.18379515,0.008126839999999999758495405899,0.0000009461551567400001,7778021,2019-06-29 10:05:48,btc,10.231527015928712,4734.76193428,0.0081268399999999997584954058993389480747282505035400390625,"btc,eth",1849.144464,35.4104307625167,14.616257409538997,1
1,[],22,[],2019-06-29 10:05:52,0.0469,0.00850000,0.00000098959975,7778022,2019-06-29 10:05:52,BTC,0.01666796,0.0,0.00850000,BTC,0.25318100557485945,0.0,0.00025139,1
1,[],24,[],2019-06-29 10:05:53,0.0,0.000000000000,0,7778023,2019-06-29 10:05:53,btc,0.0,0.0,0.000000000000,btc,0.0,0.0,0.0,1
0.0,[],25,[],2019-06-29 10:05:54,0.0,0,0,7778024,2019-06-29 10:05:54,btc,45.98449999852189,30946.1447682,0.0,btc,5449.58571101,253.21,0.0,1
1,[],26,[],2019-06-29 10:05:57,0.0,0,0,7778025,2019-06-29 10:05:57,,0.0,0.0,0,,0.0,0.0,0.0,1
1,[],28,[],2019-06-29 10:06:14,1039.924,0.00730000,0.0000008498915500000001,7778026,2019-06-29 10:06:14,btc,0.374000830075,122968.8,0.00730000,btc,23.7132,0.0,0.268011296,1
1,[],5,[],2019-06-17 14:29:02,0.0,0,0,7740076,2019-06-17 14:29:02,btc,0.0,2.72e-05,0,btc,0.0,0.0,0.0,2
1,[],22,[],2019-06-17 14:29:06,11550.3,0.0000002,0.0000000000185828,7740077,2019-06-17 14:29:06,BTC,21.00897301,0.0,0.0000002,"BTC,XMR",20678.87287795317,1.754e-05,0.00143681,2
1,[],5,[],2019-06-03 14:48:58,0.0,0,0,7731126,2019-06-03 14:48:58,btc,0.0,0.05905545,0,btc,0.0,0.0,0.0,3
1,[],12,[],2019-06-03 14:48:59,3468623.70302,0.000000116,0.000000000009823402000000002,7731127,2019-06-03 14:48:59,btc,169531.0336573751,0.0,0.000000116,btc,2361209.62379607,0.041350953071,0.33764769154428,3
0,[],28,[],2019-06-03 14:49:00,0.0,0,0,7731128,2019-06-03 14:49:00,,0.0,0.0,0,,0.0,0.0,0.0,3
0,[],2,[],2019-01-20 23:31:32,0.0,0,0,6477077,2019-01-20 23:31:32,,0.0,0.0,0,,0.0,0.0,0.0,4
1,[],4,[],2019-05-18 21:29:50,562734.9206932,0.00000010,0.000000000007298720000000001,7650946,2019-05-18 21:29:50,btc,41.9347137769675,0.0,0.00000010,btc,1123702.32192634,0.00052462,0.029254593370966,4
0,[],12,[],2019-06-02 05:03:43,0.0,0,0,7724919,2019-06-02 05:03:43,btc,625.901992874995,0.0,0,btc,1211362.4995005,0.0,0.0,5
0,[],2,[],2019-01-20 23:31:51,0.0,0,0,6477087,2019-01-20 23:31:51,,0.0,0.0,0,,0.0,0.0,0.0,6
1,[],11,[],2019-06-29 10:06:15,8551847.276736,0.00000001,0.000000000001164235,7778027,2019-06-29 10:06:15,btc,9583.567648478911,810685.0,0.00000001,btc,76358159.65670685,0.0,0.08551847276736001,6
1,[],3,[],2019-06-29 10:06:16,12581.815749615665,0.00005386000000000000270845845751210845264722593128681182861328125,0.00000000627056971,7778028,2019-06-29 10:06:16,btc,1026.2942603790725,627.29874475,0.00005386000000000000270845845751210845264722593128681182861328125,btc,402.064760213096,0.0,0.018105362303559865,7
1,[],4,[],2019-06-29 10:06:17,318576.92925821,0.00006439,0.000000007496509165,7778029,2019-06-29 10:06:17,btc,7.14528647957465,0.0,0.00006439,btc,54784.23952485,1.06804174,1.9593884646829265,7
1,[],5,[],2019-06-29 10:06:18,0.0,0,0,7778030,2019-06-29 10:06:18,btc,0.0,0.10991956,0,btc,0.0,0.0,0.0,7
1,[],20,[],2019-04-07 22:06:50,3201475.0482,0.000000001,0.000000000000051590000000000004,7213932,2019-04-07 22:06:50,btc,30.8005781811902,0.0,0.000000001,btc,23077405.3926,0.0,0.0032014750482,8
0,[],2,[],2019-01-20 23:22:42,0.0,0,0,6476876,2019-01-20 23:22:42,,0.0,0.0,0,,0.0,0.0,0.0,9
0,[],23,[],2019-01-20 23:22:48,0.0,0,0,6476878,2019-01-20 23:22:48,,0.0,0.0,0,,0.0,0.0,0.0,9
1,[],1,[],2019-02-17 23:31:42,1822507.21,0.00000181000000000000003456111265232042484285557293333113193511962890625,0.000000000066086901,6701244,2019-02-17 23:31:42,btc,3.6990969245,17153386.5,0.00000181000000000000003456111265232042484285557293333113193511962890625,btc,1997391.71,31.11772986,3.2610482446,9
1,[],4,[],2019-06-29 10:06:21,1878189.72072401,0.00000040,0.0000000000465694,7778031,2019-06-29 10:06:21,btc,2.8831339301012857,0.0,0.00000040,btc,3055991.50278394,0.285424,0.316493832900015,9
1,[],28,[],2019-06-29 10:06:28,20043.809,0.00000042,0.000000000048897870000000005,7778032,2019-06-29 10:06:28,btc,2708.78026602295,127352.0,0.00000042,btc,33187.284,0.0,0.00270157978,9
1,[],4,[],2019-02-17 11:22:43,4341674.27126056,0.00000002,0.0000000000007272960000000001,6696112,2019-02-17 11:22:43,btc,0.1997230937751353,0.0,0.00000002,btc,4109766.79808031,0.00215132,0.0479381022052112,10
0,[],2,[],2019-01-20 23:23:08,0.0,0,0,6476890,2019-01-20 23:23:08,,0.0,0.0,0,,0.0,0.0,0.0,12
1,[],4,[],2019-06-29 10:06:29,29141754.25169226,0.00000029,0.000000000033762815000000005,7778033,2019-06-29 10:06:29,btc,7.757923565715299,0.0,0.00000029,btc,8798526.59559609,0.31116485,1.2416461412953688,12
1,[],5,[],2019-06-29 10:06:31,0.0,0,0,7778034,2019-06-29 10:06:31,btc,0.0,0.03809244,0,btc,0.0,0.0,0.0,12
0.0,[],25,[],2019-06-29 10:06:33,0.0,0,0,7778035,2019-06-29 10:06:33,,0.0,0.0,0.0,btc,0.0,0.0,0.0,12
1,[],10,[],2019-06-29 08:04:57,578394.87099092,0.00000244,0.00000000028863272399999996,7777921,2019-06-29 08:04:57,btc,666797.6616863054,56928.7406094,0.00000244,btc,872165.76065692,0.0,0.1780555800621537,13
1,[],4,[],2019-06-29 10:06:35,535555.16836395,0.00000242,0.00000000028174487000000003,7778036,2019-06-29 10:06:35,btc,1.8663475332424957,0.0,0.00000242,btc,335030.70559374,0.23696297,0.2154875327315749,13
1,[],21,[],2019-06-29 10:06:39,7222286.24998008,0.000002399999999999999891395468382,0.0000000002794164,7778037,2019-06-29 10:06:39,btc,3.4571067709552517,941938.21108536,0.0000023999999999999998913954683821270208454734529368579387664794921875,btc,1040953.43235012,2.35076546,2.461545197120029,13
0,[],17,[],2019-05-03 00:53:32,0.0,0,0,7558876,2019-05-03 00:53:32,btc,0.0,0.0,0,btc,0.0,0.0,0.0,14
1,[],4,[],2019-06-29 10:06:40,1124263.04419419,0.00000037,0.000000000043076695,7778038,2019-06-29 10:06:40,btc,3.0101136885375404,0.0,0.00000037,btc,771404.4920562,0.0007968,0.1035191661503084,14
1,[],12,[],2019-06-29 10:06:42,215329.9177489,0.00000045,0.000000000052390575,7778039,2019-06-29 10:06:42,btc,193.4808446441514,0.0,0.00000045,btc,40726.05244047,6.2207602e-05,0.0112717299999962,14
1,[],26,[],2019-06-29 10:08:42,0.0,0.00000050,0.00000000005821175,7778040,2019-06-29 10:08:42,btc,0.0,0.0,0.00000050,btc,0.0,0.0,0.0,14
,[],12,[],2018-12-01 15:15:48,204241.84496,0.00000489,0.000000000202473384,5260204,2018-12-01 15:15:48,btc,49.5475654835,0.0,,btc,35763.2193806,0.0163153972027625,0.0203389899998,15
0,[],4,[],2019-06-29 10:08:43,0.0,0,0,7778041,2019-06-29 10:08:43,,0.0,0.0,0,,0.0,0.0,0.0,15
0,[],2,[],2019-01-20 23:23:38,0.0,0,0,6476906,2019-01-20 23:23:38,,0.0,0.0,0,,0.0,0.0,0.0,18
0,[],17,[],2019-05-03 00:53:39,0.0,0,0,7558882,2019-05-03 00:53:39,btc,0.0,0.0,0,btc,0.0,0.0,0.0,18
1,[],4,[],2019-06-29 10:08:45,29597.67715369,0.00000802,0.00000000093371647,7778042,2019-06-29 10:08:45,btc,2.362345359021831,0.0,0.00000802,btc,16566.90857138,0.01641679,0.0274010903843071,18
1,[],10,[],2019-06-29 10:08:46,400716.44934136,0.0000081,0.0000000009430303500000001,7778043,2019-06-29 10:08:46,btc,14.903891590634837,2569.60219465,0.0000081,btc,11927.67651674,0.0,0.3055183335944137,18
1,[],12,[],2019-06-29 10:08:48,1701.12168675,0.000007940000000000000212447247294189622834892361424863338470458984375,0.0000000009244025900000001,7778044,2019-06-29 10:08:48,btc,0.5295057025739189,0.0,0.000007940000000000000212447247294189622834892361424863338470458984375,btc,1928.82773008,9.179915e-06,0.0035903224599925,18
1,[],12,[],2019-06-29 10:10:52,107049.90668632,0.0000060599999999999995775427918953681682978640310466289520263671875,0.00000000070552641,7778048,2019-06-29 10:10:52,btc,1.205012790175332,0.0,0.0000060599999999999995775427918953681682978640310466289520263671875,btc,3008.56634116,0.0,0.0098025199997438,19
0,[],27,[],2019-06-29 10:10:58,0.0,0,0,7778049,2019-06-29 10:10:58,,0.0,0.0,0,btc,0.0,0.0,0.0,19
0,[],2,[],2019-01-20 23:24:19,0.0,0,0,6476924,2019-01-20 23:24:19,,0.0,0.0,0,,0.0,0.0,0.0,19
1,[],3,[],2019-06-29 10:10:49,159888.39652226,0.000007940000000000000212447247294189622834892361424863338470458984375,0.0000000009244025900000001,7778045,2019-06-29 10:10:49,btc,192.73800416937678,16041.8444588,0.000007940000000000000212447247294189622834892361424863338470458984375,btc,18659.196716540635,0.0,0.105390455590718,19
1,[],4,[],2019-06-29 10:10:49,221348.18300966,0.00000676,0.0000000007870228600000001,7778046,2019-06-29 10:10:49,btc,4.033669064140777,0.0,0.00000676,btc,249546.8127484,0.36533019,0.8203714092485873,19
1,[],5,[],2019-06-29 10:10:51,0.0,0,0,7778047,2019-06-29 10:10:51,btc,0.0,0.0,0,btc,0.0,0.0,0.0,19
1,[],4,[],2019-06-29 10:10:59,9961191.09278478,0.00000005,0.000000000005821175,7778050,2019-06-29 10:10:59,btc,5.163384367919464,0.0,0.00000005,btc,2249188.84771917,0.0,0.1113794166205056,20
0,[],4,[],2019-06-29 10:11:00,0.0,0,0,7778051,2019-06-29 10:11:00,,13838.476761848238,0.0,0,,166003796.6737067,0.0,0.0,21
0,[],12,[],2019-06-29 10:11:02,0.0,0,0,7778052,2019-06-29 10:11:02,btc,2602.9606819574524,0.0,0,btc,10311974.54345651,0.0,0.0,21
0,[],17,[],2019-05-03 00:53:51,0.0,0,0,7558891,2019-05-03 00:53:51,btc,0.0,0.0,0,btc,0.0,0.0,0.0,21
1,[],12,[],2019-06-29 10:13:03,6594068481.281567,0.0000000006,0.00000000000006985410000000001,7778053,2019-06-29 10:13:03,btc,1426620312295.4841,0.0,0.0000000006,btc,2728461396.012122,0.693624342625,2.1379967746956834,23
0.0000000002568204,[],27,[],2019-06-29 10:13:09,228354553.23576418,6.420510000000001e-17,7.47498245985e-21,7778054,2019-06-29 10:13:09,eth,1115.7956202887062,86665842.86487679,0.00000025,eth,3568742.36695187,5.564389108694688e-09,1.140264118060775e-08,23
1,[],4,[],2019-06-22 05:45:29,6100414.07522138,0.00000017,0.00000000001823352,7751732,2019-06-22 05:45:29,btc,10.22685272773715,0.0,0.00000017,btc,1790815.48208265,0.0,0.1345450262400025,24
0,[],22,[],2019-06-22 05:45:31,0.0,0,0,7751733,2019-06-22 05:45:31,,6.22e-05,0.0,0,,517.4264705882352,0.0,0.0,24
0.0,[],25,[],2019-06-22 05:45:32,0.0,0,0,7751734,2019-06-22 05:45:32,,0.0,0.0,0.0,btc,0.0,0.0,0.0,24
1,[],4,[],2019-06-29 10:13:10,26942274.63356415,0.00000347,0.000000000403989545,7778055,2019-06-29 10:13:10,btc,7.317108704403015,0.0,0.00000347,btc,198007.14053666,0.10751806,0.3434618354640464,26
1,[],10,[],2019-06-29 10:13:12,128698.80174999,0.00000451,0.0000000005250699850000001,7778056,2019-06-29 10:13:12,btc,25.134903464926836,5192.76285933,0.00000451,btc,20537.22595123,0.0,0.0474027037857409,26
0,[],2,[],2019-01-20 23:25:56,0.0,0,0,6476976,2019-01-20 23:25:56,,0.0,0.0,0,,0.0,0.0,0.0,26
1,[],5,[],2019-04-26 09:47:06,0.0,0,0,7465326,2019-04-26 09:47:06,btc,0.0,0.0,0,btc,0.0,0.0,0.0,27
1,[],3,[],2019-06-17 14:30:26,13571825.64059417,0.00000001,0.00000000000092914,7740112,2019-06-17 14:30:26,btc,3.485049956644059,4264730.43754,0.00000001,btc,23500048.28518193,0.0,0.1357182564059417,27
1,[],11,[],2019-06-17 14:30:28,2031833.58157834,0.00000001,0.00000000000092914,7740113,2019-06-17 14:30:28,btc,67502.92060589766,32677.9652116,0.00000001,btc,6487362.95640949,0.0,0.0203183358157834,27
0.000000000101787,[],4,[],2019-06-29 10:13:13,427985071.139525,9.873339000000001e-17,1.1494886830665002e-20,7778057,2019-06-29 10:13:13,ltc,10.455704884804362,0.0,0.00000097,ltc,633701205.213829,0.27538426,1.1494386861224269e-08,29
1,[],7,[],2019-06-29 10:13:14,1482666.46628904,0.00000001,0.000000000001164235,7778058,2019-06-29 10:13:14,btc,46548272.43080099,4629871.84,0.00000001,btc,47366816.83384949,0.04629872,0.0148266646628904,29
1,[],4,[],2019-06-29 10:13:15,15247247.18640204,0.00000004,0.00000000000465694,7778059,2019-06-29 10:13:15,btc,2.5757306845267913,0.0,0.00000004,btc,2263912.01112021,0.00045297,0.1669783403867238,30
0,[],17,[],2019-05-03 01:11:25,0.0,0,0,7559066,2019-05-03 01:11:25,btc,0.0,0.0,0,btc,0.0,0.0,0.0,30
1,[],4,[],2019-06-29 10:15:16,223956.90582976,0.00002780,0.0000000032365733000000004,7778060,2019-06-29 10:15:16,btc,3.587746871286245,0.0,0.00002780,btc,53274.27842571,0.20961451,0.3285985030249728,31
1,[],21,[],2019-06-29 10:15:17,721608.27558,0.00002858000000000000080310758044,0.0000000033273836300000004,7778061,2019-06-29 10:15:17,btc,4.511525675547239,91458.82723686,0.0000285800000000000008031075804382226124289445579051971435546875,btc,114953.07009169999,2.66723325,3.4979745310391146,31
0,[],2,[],2019-01-20 23:28:43,0.0,0,0,6477009,2019-01-20 23:28:43,,0.0,0.0,0,,0.0,0.0,0.0,32
0,[],4,[],2019-06-29 10:15:18,0.0,0,0,7778062,2019-06-29 10:15:18,,0.0,0.0,0,,0.0,0.0,0.0,33
1,[],12,[],2019-03-30 07:55:10,40641173.964,0.00000003,0.000000000001228359,7108785,2019-03-30 07:55:10,btc,4233210.82356125,0.0,0.00000003,btc,28378394.68333462,0.0126927883965248,0.90752895892,33
0.000000000101787,[],4,[],2019-06-29 10:15:20,148108016.15628988,5.598285e-17,6.517719336975001e-21,7778063,2019-06-29 10:15:20,ltc,4.523350339734578,0.0,0.00000055,ltc,165757693.6242913,0.00010079,5.984665436091924e-10,34
1,[],5,[],2019-06-29 10:15:21,0.0,0,0,7778064,2019-06-29 10:15:21,btc,0.0,0.0,0,btc,0.0,0.0,0.0,34
0.0000000002926451,[],17,[],2019-05-02 18:17:47,200000.0,2.9264510000000002e-18,1.596703856561e-22,7556430,2019-05-02 18:17:47,eth,0.20942468735267253,0.0,0.00000001,"btc,eth",1018272.20243647,0.0,5.852902e-13,36
0.0000000001311821,[],4,[],2019-05-31 13:28:19,2417517744.0607657,1.311821e-18,1.105058333085e-22,7717483,2019-05-31 13:28:19,ltc,5.019900492391546e-08,0.0,0.00000001,ltc,7102398142.262129,0.0,3.171350544531538e-09,36
1,[],5,[],2019-05-31 13:28:21,0.0,0,0,7717484,2019-05-31 13:28:21,btc,0.0,0.0,0,btc,0.0,0.0,0.0,36
0.0000000003108179,[],27,[],2019-05-31 13:30:34,10388811.226876,6.216358000000001e-18,5.236566733830001e-22,7717485,2019-05-31 13:30:34,eth,1569.8708019850988,761866.634299,0.00000002,"ltc,eth",5084024.2511555,4.736034912207001e-12,3.3251980286483705e-11,36
1,[],4,[],2019-06-25 10:05:55,10747826.61931615,0.00000014,0.000000000015920562,7762320,2019-06-25 10:05:55,btc,19773.05513423956,0.0,0.00000014,btc,682946.14349671,0.0006293,0.1362851255028938,37
1,[],12,[],2019-06-25 10:05:57,4167862.54235103,0.00000013,0.000000000014783379,7762321,2019-06-25 10:05:57,btc,7.381091518261743,0.0,0.00000013,btc,1713444.53926904,0.016313049979,0.1478110147956336,37
1,[],27,[],2019-06-25 10:08:02,10970.0,0.00000019,0.000000000021606477,7762322,2019-06-25 10:08:02,btc,22.62970013895233,0.0,0.00000019,btc,4298.824295,0.0,0.00167419,37
1,[],17,[],2019-05-03 01:11:36,211752.74075282,0.00000025,0.000000000013700074999999998,7559074,2019-05-03 01:11:36,btc,0.055484923955058496,0.0,0.00000025,"btc,eth",1387.19918473,0.0,0.0005381851887916605,37
1,[],5,[],2019-06-29 10:15:23,0.0,0,0,7778065,2019-06-29 10:15:23,btc,0.0,0.20612728,0,btc,0.0,0.0,0.0,42
1,[],12,[],2019-06-29 10:15:24,2025221.73413062,0.0000013299999999999999715787242504649867669286322779953479766845703125,0.000000000154843255,7778066,2019-06-29 10:15:24,btc,526.3219495085152,0.0,0.0000013299999999999999715787242504649867669286322779953479766845703125,btc,144580.688075,0.089486278022,0.062239517692262096,42
1,[],27,[],2019-06-29 10:15:31,683.0,0.00000140,0.00000000016299290000000002,7778067,2019-06-29 10:15:31,btc,0.07600425,0.0,0.00000140,"btc,eth",18.0,0.0,0.0005422,42
1,[],12,[],2019-03-13 09:13:29,1112112.0,0.00000001,0.000000000000386531,6919902,2019-03-13 09:13:29,btc,29058.00478931866,0.0,0.00000001,btc,5967681.93306694,9.99000999e-07,0.01112112,43
1,[],5,[],2019-04-26 22:38:52,0.0,0,0,7474154,2019-04-26 22:38:52,btc,0.0,0.02638891,0,btc,0.0,0.0,0.0,43
0,[],17,[],2019-04-26 22:38:53,0.0,0,0,7474155,2019-04-26 22:38:53,btc,0.0,0.0,0,btc,0.0,0.0,0.0,43
1,[],12,[],2019-03-05 01:54:08,639326.02,0.00000004,0.000000000001486676,6845775,2019-03-05 01:54:08,btc,11116042.728239931,0.0,0.00000004,btc,1103841.4595604,0.0003330765234764,0.014975410599999999,44
0.000000000101787,[],4,[],2019-06-29 10:15:32,109940635.68363228,5.598285e-17,6.517719336975001e-21,7778068,2019-06-29 10:15:32,ltc,2762.213254210766,0.0,0.00000055,ltc,26839479.32532352,0.0,4.762298893646021e-10,49
0.000000000101787,[],4,[],2019-06-29 10:15:33,318212513.0025864,2.1375270000000003e-17,2.488583746845e-21,7778069,2019-06-29 10:15:33,ltc,28232.032168648217,0.0,0.00000021,ltc,190613413.68398318,0.0,1.886422666157095e-09,52
0,[],22,[],2019-06-29 10:15:35,0.0,0,0,7778070,2019-06-29 10:15:35,,10289.80784133,0.0,0,,287058287.4566013,0.0,0.0,57
0,[],27,[],2019-06-29 10:15:42,0.0,0,0,7778071,2019-06-29 10:15:42,,0.0,0.0,0,"btc,eth",0.0,0.0,0.0,57
0,[],4,[],2019-06-29 10:15:42,0.0,0,0,7778072,2019-06-29 10:15:42,,19.719362256413888,0.0,0,,6078195082.994692,0.0,0.0,58
0,[],12,[],2019-06-29 10:15:44,0.0,0,0,7778073,2019-06-29 10:15:44,btc,54240624.02117393,0.0,0,btc,3431389407.025931,0.000258366533,0.0,58
0.0000000000814472,[],22,[],2019-06-29 10:17:48,126877.0,8.14472e-19,9.4823680892e-23,7778074,2019-06-29 10:17:48,XMR,68.17454206,0.0,0.00000001,XMR,9626402.6,0.0,0.00126877,58
1,[],17,[],2019-05-03 01:12:09,1200000.0,0.0000000001,0.00000000000000548003,7559085,2019-05-03 01:12:09,btc,1e+24,0.0,0.0000000001,"btc,eth",39516342.31952568,0.0,0.00010000000058666061,58
1,[],5,[],2019-06-17 14:31:27,0.0,0,0,7740135,2019-06-17 14:31:27,btc,0.0,0.00079154,0,btc,0.0,0.0,0.0,61
1,[],22,[],2019-06-17 14:31:30,13612.833333333334,0.00000012,0.00000000001114968,7740136,2019-06-17 14:31:30,BTC,1002.29123003,0.0,0.00000012,BTC,15014.200177125656,0.0,0.00153257,61
1,[],26,[],2019-06-17 14:31:30,0.0,0.00000050,0.000000000046457,7740137,2019-06-17 14:31:30,btc,0.0,0.0,0.00000050,btc,0.0,0.0,0.0,61
1,[],27,[],2019-06-17 14:31:36,8400.0,0.00000018,0.00000000001672452,7740138,2019-06-17 14:31:36,btc,1.9742539297246655,0.0,0.00000018,"btc,eth",10953.51663696,0.0,0.001512,61
0,[],28,[],2019-06-17 14:31:38,0.0,0,0,7740139,2019-06-17 14:31:38,,0.0,0.0,0,,0.0,0.0,0.0,61
1,[],4,[],2019-06-29 10:17:48,549513.03417547,0.00000061,0.000000000071018335,7778075,2019-06-29 10:17:48,btc,3.2446787124714502,0.0,0.00000061,btc,1154044.11540402,0.16123724,0.028172609070015,67
0.0,[],25,[],2019-06-29 10:17:51,0.0,0,0,7778076,2019-06-29 10:17:51,,0.0,0.0,0.0,btc,0.0,0.0,0.0,67
1,[],12,[],2019-06-02 06:23:14,910048.355,0.00000006,0.000000000005154929999999999,7725270,2019-06-02 06:23:14,btc,5.167005424215783,0.0,0.00000006,btc,738530.60239759,0.003159757462,0.0187188113,71
,[],5,[],2018-11-20 23:02:39,1.5e-07,0.00000005,0.000000000002128045,4862160,2018-11-20 23:02:39,btc,2.84511358,0.0,,btc,0.00036572,0.0,0.07381892,74
1,[],5,[],2019-06-29 10:17:53,0.0,0,0,7778077,2019-06-29 10:17:53,btc,0.0,0.00638861,0,btc,0.0,0.0,0.0,75
1,[],4,[],2019-06-04 03:25:15,715281.46076168,0.00000001,0.000000000000803619,7734085,2019-06-04 03:25:15,btc,581089.6218469425,0.0,0.00000001,btc,37692563.61091116,0.0,0.0071528146076168,81
0,[],20,[],2019-01-25 09:30:31,0.0,0,0,6495923,2019-01-25 09:30:31,btc,0.0,0.0,0,btc,0.0,0.0,0.0,81
1,[],4,[],2019-06-29 10:17:54,240010.79184864,0.00007045,0.000000008202035575,7778078,2019-06-29 10:17:54,btc,58.658664921149125,0.0,0.00007045,btc,123689.81741112,0.21794299,0.3928919836104166,82
1,[],21,[],2019-06-29 10:17:55,317986.74077677,0.00006820999999999999914741810603,0.000000007941246935000001,7778079,2019-06-29 10:17:55,btc,3.883091731011263,7593.26668097,0.00006820999999999999914741810602691884923842735588550567626953125,btc,40952.15739522,0.54956541,3.5073183924252356,82
0,[],17,[],2019-03-25 22:42:34,0.0,0,0,7038780,2019-03-25 22:42:34,btc,0.0445064681804024,0.0,0,btc,995513.18476001,0.0,0.0,84
0.0000000001161485,[],4,[],2019-05-20 13:09:39,216715621.0206096,1.161485e-18,9.0533806701e-23,7657228,2019-05-20 13:09:39,ltc,1.6511566870244727,0.0,0.00000001,ltc,471032407.9048656,0.0,2.5171194308112273e-10,85
,[],22,[],2018-11-20 23:09:34,3408.1,0.0000001,0.0000000000041895,4862324,2018-11-20 23:09:34,BTC,0.04624735,0.0,,BTC,4990.0,0.0,0.00033081,86
1,[],22,[],2019-06-26 09:07:19,62694.0,0.00000005,0.0000000000063518149999999994,7766682,2019-06-26 09:07:19,BTC,1.85249053,0.0,0.00000005,BTC,287024.94736842107,0.0003,0.00062846,87
1,[],27,[],2019-06-26 09:07:25,361781.0,0.0000002,0.000000000025407259999999998,7766683,2019-06-26 09:07:25,btc,19.86923154858,99950.0,0.0000002,btc,548343.482,0.01999,0.01237888,87
,[],2,[],2018-11-20 23:10:47,0.0,0,0,4862359,2018-11-20 23:10:47,,0.0,0.0,,,0.0,0.0,0.0,88
1,[],11,[],2019-06-17 14:31:59,193715.3529613,0.000073310000000000001140094962881477158589405007660388946533203125,0.00000000681152534,7740147,2019-06-17 14:31:59,btc,168.35454702024953,5791.70569014,0.000073310000000000001140094962881477158589405007660388946533203125,btc,196971.41170107,0.0,1.1996165759440112,89
0,[],2,[],2019-01-20 23:31:45,0.0,0,0,6477083,2019-01-20 23:31:45,,0.0,0.0,0,,0.0,0.0,0.0,91
1,[],12,[],2019-06-29 10:17:56,397383.16817661,0.00000027,0.000000000031434345,7778080,2019-06-29 10:17:56,btc,122.148336161787,0.0,0.00000027,btc,294283.33259661,0.0,0.0258148129538388,91
1,[],22,[],2019-06-29 10:20:01,75900.0,0.00000001,0.000000000001164235,7778081,2019-06-29 10:20:01,BTC,0.495,0.0,0.00000001,"BTC,LTC",4.95,0.0,0.001659,91
0,[],17,[],2019-05-03 01:12:26,0.0,0,0,7559096,2019-05-03 01:12:26,btc,0.0,0.0,0,btc,0.0,0.0,0.0,91
1,[],22,[],2019-06-29 10:20:09,94060.0,0.00000002,0.00000000000232847,7778082,2019-06-29 10:20:09,BTC,11.45990384,0.0,0.00000002,"BTC,LTC",334809.4683191416,0.0,0.0662712,95
0.000000000101787,[],4,[],2019-06-29 10:20:10,538529663.5338076,2.6464620000000003e-17,3.0811036865700006e-21,7778083,2019-06-29 10:20:10,ltc,10.916552555674997,0.0,0.00000026,ltc,153627371.18338636,0.00010079,6.917372216642804e-10,96
0,[],12,[],2019-06-29 10:20:11,0.0,0,0,7778084,2019-06-29 10:20:11,btc,36.789789746493504,0.0,0,btc,9955405.649350641,2.007992e-06,0.0,96
0,[],17,[],2019-05-03 01:12:32,0.0,0,0,7559100,2019-05-03 01:12:32,btc,0.0,0.0,0,btc,0.0,0.0,0.0,96
1,[],4,[],2019-04-14 03:32:46,1039404.33283278,0.00000038,0.000000000019245518,7293458,2019-04-14 03:32:46,btc,4.170086055365747,0.0,0.00000038,btc,3097704.34561074,0.06260606,0.1859928211030784,99
1,[],4,[],2019-06-29 10:22:12,179185.94946018,0.00001767,0.000000002057203245,7778085,2019-06-29 10:22:12,btc,9.106891177667036,0.0,0.00001767,btc,167571.55757826,0.86105345,0.4398608288073292,100
0,[],2,[],2019-01-20 23:23:55,0.0,0,0,6476914,2019-01-20 23:23:55,,0.0,0.0,0,,0.0,0.0,0.0,100
1,[],22,[],2019-06-05 06:30:35,150000.0,0.00000002,0.000000000001558192,7740007,2019-06-05 06:30:35,BTC,28.56386409,0.0,0.00000002,BTC,12787.719,0.0,0.0017,101
1,[],4,[],2019-06-29 10:22:13,444502.44969737,0.00000158,0.00000000018394913,7778086,2019-06-29 10:22:13,btc,882.6226844583409,0.0,0.00000158,btc,744816.26157868,0.02802781,0.0642235454566739,103
1,[],12,[],2019-06-17 14:32:14,179201505.10870332,0.000000005,0.00000000000046457,7740154,2019-06-17 14:32:14,btc,113577.79366343976,0.0,0.000000005,btc,79148141.67831126,0.019059029059,0.27280986350611003,105
1,[],27,[],2019-06-17 14:32:19,18306828.03496503,0.00000002,0.00000000000185828,7740155,2019-06-17 14:32:19,btc,180.7198218385489,1083.96503497,0.00000002,btc,276513.60142659,7.588e-05,0.3661365606993006,105
1,[],22,[],2019-04-21 00:17:26,21333.0,0.00000001,0.000000000000532493,7385819,2019-04-21 00:17:26,BTC,51.38182867,0.0,0.00000001,BTC,470435.0,0.0,0.00021333,107
1,[],26,[],2019-04-21 00:17:26,0.0,0.00000000,0,7385820,2019-04-21 00:17:26,btc,0.0,0.0,0.00000000,btc,0.0,0.0,0.0,107
1,[],5,[],2019-06-29 10:22:16,0.0,0,0,7778087,2019-06-29 10:22:16,btc,0.0,0.0,0,btc,0.0,0.0,0.0,112
0,[],22,[],2019-06-29 10:22:18,0.0,0,0,7778088,2019-06-29 10:22:18,,6.79500102,0.0,0,,3375892.0833333335,0.0,0.0,112
1,[],27,[],2019-06-29 10:22:25,1.0,0.00000001,0.000000000001164235,7778089,2019-06-29 10:22:25,btc,0.0,0.0,0.00000001,"btc,eth",0.0,0.0,1e-08,112
1,[],4,[],2019-06-29 10:22:26,994252.80833986,0.00000039,0.000000000045405165,7778090,2019-06-29 10:22:26,btc,6.578328124931719,0.0,0.00000039,btc,988865.58030982,0.00582954,0.1156514690786718,113
1,[],5,[],2019-06-29 10:22:27,0.0,0,0,7778091,2019-06-29 10:22:27,btc,0.0,0.0,0,btc,0.0,0.0,0.0,113
1,[],17,[],2019-04-26 02:17:47,162738.278,0.00000004,0.0000000000021069000000000002,7461287,2019-04-26 02:17:47,btc,1.3331140273775473,0.0,0.00000004,btc,51796.221,0.0,0.00230953112,116
1,[],27,[],2019-05-22 05:13:01,210000.0,0.00000001,0.00000000000079145,7666372,2019-05-22 05:13:01,btc,3919.0005001478,0.0,0.00000001,btc,128660.871,0.0,0.0021,116
1,[],4,[],2019-05-21 22:31:11,138169.03963019,0.00000701,0.000000000558364025,7664793,2019-05-21 22:31:11,btc,150.95388250938234,0.0,0.00000701,btc,344631.17141974,0.07552974,0.4288357684941946,120
1,[],7,[],2019-05-21 22:31:12,3901.07750076,0.000010679999999999999389654892212320191902108490467071533203125,0.0000000008506887,7664794,2019-05-21 22:31:12,btc,231188.94669936574,0.0,0.000010679999999999999389654892212320191902108490467071533203125,btc,4133.83151364,0.0,0.0113888422364489,120
1,[],20,[],2019-04-07 18:42:29,1914137.0852,0.000000035,0.0000000000017871910000000002,7211992,2019-04-07 18:42:29,btc,32.2497668025648,25528.85,0.000000035,btc,1001975.4986,0.00089350975,0.0152723574729,125
1,[],22,[],2019-06-17 14:32:38,10000.0,0.00000001,0.00000000000092914,7740161,2019-06-17 14:32:38,BTC,0.032061,0.0,0.00000001,BTC,299316.7611111111,0.0,0.0001,126
1,[],4,[],2019-06-29 10:22:28,592918.18197812,0.00000305,0.00000000035509167500000003,7778092,2019-06-29 10:22:28,btc,2.403377237366142,0.0,0.00000305,btc,175728.15493966,0.03477573,0.5625078435016237,131
0,[],2,[],2019-01-20 23:25:46,0.0,0,0,6476969,2019-01-20 23:25:46,,0.0,0.0,0,,0.0,0.0,0.0,131
1,[],17,[],2019-05-03 01:13:10,10000.0,0.00000001,0.000000000000548003,7559115,2019-05-03 01:13:10,btc,0.0953976503951408,0.0,0.00000001,btc,5037.62507334,0.0,0.0001,131
1,[],4,[],2019-06-17 14:32:42,4848.49465417,0.00007919,0.00000000735785966,7740163,2019-06-17 14:32:42,btc,0.9905723729472744,0.0,0.00007919,btc,202.13055914,0.0,0.0061509344290166,135
1,[],3,[],2019-06-05 06:33:11,40600.27748212,0.00000001,0.000000000000779096,7740019,2019-06-05 06:33:11,btc,0.2308097808993716,2146378.52189,0.00000001,btc,2477992.76904676,0.0,0.0004060027748212,136
1,[],4,[],2019-06-29 10:24:30,198462.41069259,0.00000146,0.00000000016997831,7778093,2019-06-29 10:24:30,btc,112.50828656451655,0.0,0.00000146,btc,504815.06018754,0.01443521,0.2107555681020631,137
1,[],12,[],2019-06-29 10:24:32,66966.07909002,0.000001700000000000000028950908510794182149084008415229618549346923828125,0.00000000019791995,7778094,2019-06-29 10:24:32,btc,57.97376130124785,0.0,0.000001700000000000000028950908510794182149084008415229618549346923828125,btc,81732.8079228,0.001944769294,0.014183529999948,137
1,[],4,[],2019-06-29 10:24:35,355001.02206835,0.00000976,0.00000000113629336,7778095,2019-06-29 10:24:35,btc,5.198150626640545,0.0,0.00000976,btc,159543.89310984,0.1348716,0.2364061928913857,142
1,[],5,[],2019-06-29 10:24:36,0.0,0,0,7778096,2019-06-29 10:24:36,btc,0.0,0.01701784,0,btc,0.0,0.0,0.0,142
1,[],20,[],2019-06-29 10:26:38,275497.5667,0.000010123,0.0000000011785550905,7778097,2019-06-29 10:26:38,btc,1.6108593531603,0.0,0.000010123,btc,10038.3532,0.0,0.0071022775919,142
1,[],22,[],2019-06-29 10:26:42,10820.0,0.00000600,0.0000000006985410000000001,7778098,2019-06-29 10:26:42,BTC,2.99759384,0.0,0.00000600,BTC,835.7198755539798,0.0,0.0053672,142
0.0,[],25,[],2019-06-29 10:26:44,0.0,0,0,7778099,2019-06-29 10:26:44,,0.0,0.0,0.0,btc,0.0,0.0,0.0,142
1,[],28,[],2019-06-29 10:26:51,76110.0,0.00001110,0.00000000129230085,7778100,2019-06-29 10:26:51,btc,0.438587390411,4323.0,0.00001110,btc,1381.1951,0.0,0.0042182,142
1,[],17,[],2019-05-03 01:13:16,32967.38636364,0.00000088,0.000000000048224264,7559122,2019-05-03 01:13:16,btc,20.06976206696776,0.0,0.00000088,btc,2746.079105,0.0,0.0105613000000032,142
0,[],22,[],2019-06-29 10:26:54,0.0,0,0,7778101,2019-06-29 10:26:54,,1635.49920992,0.0,0,,707007055.1744589,0.0,0.0,143
0,[],22,[],2019-02-25 15:42:22,0.0,0,0,6783783,2019-02-25 15:42:22,,4.2131946,0.0,0,,2322156.0,0.0,0.0,146
,[],22,[],2018-11-20 23:01:11,0.0,0,0,4862114,2018-11-20 23:01:11,,2.56807021,0.0,,,61828.4988236,0.0,0.0,147
1,[],12,[],2019-04-21 06:38:04,193091.5971266,0.00000071,0.000000000037635183,7388679,2019-04-21 06:38:04,btc,2.301232411611175,0.0,0.00000071,btc,9957.48302385,0.00023528,0.0313308199999888,148
1,[],4,[],2019-03-19 21:31:25,255810.0415942,0.00000029,0.000000000011615747,6982695,2019-03-19 21:31:25,btc,218.94922712414143,0.0,0.00000029,btc,793529.37642722,0.00117,0.0608347789473395,152
0,[],22,[],2019-03-19 21:31:27,0.0,0,0,6982696,2019-03-19 21:31:27,,0.0,0.0,0,,0.0,0.0,0.0,152
1,[],5,[],2019-04-26 09:36:59,0.0,0,0,7465040,2019-04-26 09:36:59,btc,0.0,0.0,0,btc,0.0,0.0,0.0,153
,[],16,[],2019-01-11 15:38:59,0.0,0,0,6366141,2019-01-11 15:38:59,btc,0.0,0.0,,btc,0.0,0.0,0.0,155
0,[],23,[],2019-01-20 23:24:29,0.0,0,0,6476932,2019-01-20 23:24:29,,0.0,0.0,0,,0.0,0.0,0.0,156
0,[],22,[],2019-06-04 06:02:09,0.0,0,0,7734688,2019-06-04 06:02:09,,7.43375324,0.0,0,,5955762.942592593,0.0,0.0,156
1,[],22,[],2019-06-29 10:26:57,6996.0,0.00000001,0.000000000001164235,7778102,2019-06-29 10:26:57,BTC,1.7543039,0.0,0.00000001,BTC,57.0,0.0,6.996e-05,157
0,[],22,[],2019-05-21 23:40:32,0.0,0,0,7665049,2019-05-21 23:40:32,,50234.60468402,0.0,0,,54786159.03179465,0.0,0.0,158
,[],17,[],2018-11-20 22:56:10,0.0,0,0,4861976,2018-11-20 22:56:10,btc,1.1265625,0.0,,btc,1000.0,0.0,0.0,159
,[],20,[],2018-11-20 22:56:12,0.0,0,0,4861977,2018-11-20 22:56:12,btc,11912.7940471,0.0,,btc,34413894.3617,0.0,0.0,159
1,[],12,[],2019-05-24 02:51:20,9178.522006449999,0.00000191999999999999982841307998027158276954651228152215480804443359375,0.000000000151222656,7676256,2019-05-24 02:51:20,btc,149.80414728631675,0.0,0.00000191999999999999982841307998027158276954651228152215480804443359375,btc,1115.7451448499999,0.01783167678326,0.0120075778999181,168
1,[],17,[],2019-05-03 01:13:36,42852.0,0.00000002,0.000000000001096006,7559132,2019-05-03 01:13:36,btc,0.04279856251542,0.0,0.00000002,btc,274.46171372,0.0,0.00052852,168
1,[],22,[],2019-05-17 03:01:52,10.0,0.00000001,0.000000000000778341,7642059,2019-05-17 03:01:52,BTC,41.95893009,0.0,0.00000001,BTC,1753972.7737547632,0.0,1e-07,169
1,[],22,[],2019-05-30 08:38:18,202834.0,0.00000002,0.0000000000017416160000000001,7711049,2019-05-30 08:38:18,BTC,27.87002826,0.0,0.00000002,BTC,462189.5410507793,0.0,0.00211768,171
1,[],22,[],2019-05-29 08:05:18,349870.0,0.00000002,0.000000000001705894,7705265,2019-05-29 08:05:18,BTC,24.05907723,0.0,0.00000002,"BTC,LTC",1224285.4355616204,0.0,0.0039847,173
1,[],5,[],2019-06-29 10:26:59,0.0,0,0,7778103,2019-06-29 10:26:59,btc,0.0,0.00397697,0,btc,0.0,0.0,0.0,175
1,[],22,[],2019-06-17 14:33:12,90671.0,0.00000001,0.00000000000092914,7740175,2019-06-17 14:33:12,BTC,394.35459412,0.0,0.00000001,BTC,136275.61833431243,0.0,0.00090671,176
1,[],7,[],2019-06-29 10:27:00,0.0,0,0,7778104,2019-06-29 10:27:00,btc,521516.2378498755,0.0,0,btc,27325354.03590646,0.0,0.0,178
0,[],22,[],2019-06-29 10:27:02,0.0,0,0,7778105,2019-06-29 10:27:02,,1.00242428,0.0,0,,57512.0,0.0,0.0,178
0,[],2,[],2019-01-20 23:28:34,0.0,0,0,6477001,2019-01-20 23:28:34,,0.0,0.0,0,,0.0,0.0,0.0,178
1,[],5,[],2019-06-29 10:27:04,0.0,0,0,7778106,2019-06-29 10:27:04,btc,0.0,0.00199465,0,btc,0.0,0.0,0.0,179
0,[],22,[],2019-06-29 10:27:07,0.0,0,0,7778107,2019-06-29 10:27:07,,9.36129742,0.0,0,,14660694.311946675,0.0,0.0,179
0,[],23,[],2019-01-20 23:25:08,0.0,0,0,6476952,2019-01-20 23:25:08,,0.0,0.0,0,,0.0,0.0,0.0,179
1,[],22,[],2019-06-29 10:29:11,695155.5363636364,0.00000036,0.000000000041912460000000005,7778108,2019-06-29 10:29:11,BTC,40.60487922,0.0,0.00000036,"BTC,LTC",159591.21440983584,0.00082542,0.56506569,180
1,[],26,[],2019-06-29 10:29:11,0.0,0.00000010,0.00000000001164235,7778109,2019-06-29 10:29:11,btc,0.0,0.0,0.00000010,btc,0.0,0.0,0.0,180
1,[],17,[],2019-05-03 01:13:56,20504.725000000002,0.0000001,0.00000000000548003,7559141,2019-05-03 01:13:56,btc,5.2010695838400265,0.0,0.0000001,btc,5033.45945,0.0,0.0011504725,180
,[],7,[],2018-11-20 22:58:01,562227.975654,0.00000085,0.000000000036176765,4862015,2018-11-20 22:58:01,btc,21836.6059674,2491.87645172,,btc,749999.041456,0.00211021,0.127565380455,183
,[],5,[],2019-01-10 08:11:41,0.0,0,0,6347036,2019-01-10 08:11:41,btc,82.15055501,0.00261,,btc,1.19002445,0.0,0.0,187
,[],17,[],2018-11-16 20:58:10,4062536.27273,0.00000001,0.000000000000550501,4708775,2018-11-16 20:58:10,btc,3.36492563466,0.195460381006,,"btc,eth",110697919.549,0.0,0.0157628953496,187
1,[],24,[],2019-05-22 21:04:52,0.0,0.000000000014,0.0000000000000010960978,7670219,2019-05-22 21:04:52,btc,0.0,0.0,0.000000000014,btc,0.0,0.0,0.0,187
0,[],22,[],2019-04-25 02:54:07,0.0,0,0,7447896,2019-04-25 02:54:07,,7.54794454,0.0,0,,76361.7243344055,0.0,0.0,191
0,[],22,[],2019-06-17 14:33:34,0.0,0,0,7740182,2019-06-17 14:33:34,,0.0,0.0,0,,0.0,0.0,0.0,197
0,[],23,[],2019-01-20 23:31:41,0.0,0,0,6477079,2019-01-20 23:31:41,,0.0,0.0,0,,0.0,0.0,0.0,199
0,[],22,[],2019-06-29 10:29:13,0.0,0,0,7778110,2019-06-29 10:29:13,,10.58263174,0.0,0,,84280969.0,0.0,0.0,199
1,[],26,[],2019-06-29 10:29:14,0.0,0.00000000,0,7778111,2019-06-29 10:29:14,btc,0.0,0.0,0.00000000,btc,0.0,0.0,0.0,199
0,[],2,[],2019-01-20 23:30:49,0.0,0,0,6477059,2019-01-20 23:30:49,,0.0,0.0,0,,0.0,0.0,0.0,201
1,[],4,[],2019-01-25 15:51:35,2084389.58565343,0.00000936,0.000000000333526752,6499557,2019-01-25 15:51:35,btc,2.0092503037378524,0.0,0.00000936,btc,160195.80207885,0.19272417,1.242687955921835,211
1,[],7,[],2019-06-29 10:29:16,1170054124.6898527,0.00000018,0.00000000002095623,7778112,2019-06-29 10:29:16,btc,1346736.2851717293,0.0,0.00000018,btc,5638363.71348161,0.0,11.954344045954047,212
1,[],12,[],2019-01-25 02:44:32,207462.42853209,0.000001080000000000000035831255497387193287295303889550268650054931640625,0.000000000038610756000000006,6493050,2019-01-25 02:44:32,btc,85023.03793723314,0.0,0.000001080000000000000035831255497387193287295303889550268650054931640625,btc,43675.73520027,0.000146250909087,0.0348620860622024,213
1,[],5,[],2019-05-30 00:07:46,0.0,0,0,7709357,2019-05-30 00:07:46,btc,0.0,0.06425239,0,btc,0.0,0.0,0.0,213
1,[],24,[],2019-05-30 00:07:46,0.0,0.000000399202,0.0000000000344859829346,7709358,2019-05-30 00:07:46,btc,0.0,0.0,0.000000399202,btc,0.0,0.0,0.0,213
1,[],26,[],2019-05-30 00:07:47,0.0,0.00000040,0.000000000034554919999999996,7709359,2019-05-30 00:07:47,btc,0.0,0.0,0.00000040,btc,0.0,0.0,0.0,213
0,[],22,[],2019-06-29 10:29:19,0.0,0,0,7778113,2019-06-29 10:29:19,,9.56923849,0.0,0,,3661587.2040649247,0.0,0.0,216
0,[],27,[],2019-06-29 10:29:25,0.0,0,0,7778114,2019-06-29 10:29:25,,1948.3381665893976,0.0,0,"btc,ltc",498700.29534794,0.0,0.0,216
1,[],22,[],2019-06-29 10:29:29,1015585.5238095238,0.00000021,0.000000000024448935000000003,7778115,2019-06-29 10:29:29,BTC,12055.87034148,0.0,0.00000021,BTC,591501.4363606856,0.00880699,0.04544833,217
0,[],27,[],2019-06-29 10:29:34,0.0,0,0,7778116,2019-06-29 10:29:34,,250.21442758069674,0.0,0,btc,146772.535837,0.0,0.0,219
0.000000000000002885,[],28,[],2019-06-29 10:29:44,3312820234.054,6.51433e-19,7.584210987550001e-23,7778117,2019-06-29 10:29:44,doge,125846.04510800431,7259.0,0.00022580,"btc,doge",120666781.230909,0.0,2.5275154970530218e-11,219
1,[],7,[],2019-06-27 19:02:35,0.0,0,0,7772298,2019-06-27 19:02:35,btc,2123800.2774640615,0.0,0,btc,82333746.4752352,0.0,0.0,219
0,[],22,[],2019-06-26 23:36:41,0.0,0,0,7769178,2019-06-26 23:36:41,,56.75439223,0.0,0,,184664.6482738741,0.0,0.0,221
1,[],24,[],2019-06-26 23:36:41,0.0,0.000000030000,0.000000000003835668,7769179,2019-06-26 23:36:41,btc,0.0,0.0,0.000000030000,btc,0.0,0.0,0.0,221
1,[],20,[],2019-06-17 14:34:11,26882155.8301,0.000000003,0.000000000000278742,7740192,2019-06-17 14:34:11,btc,100050.81956632523,233521.3529,0.000000003,btc,38769742.8604,0.0007925640587,0.0306863532672,224
0,[],22,[],2019-06-17 14:34:13,0.0,0,0,7740193,2019-06-17 14:34:13,,0.0,0.0,0,,0.0,0.0,0.0,224
1,[],26,[],2019-06-29 10:29:45,0.0,0.00000022,0.00000000002561317,7778118,2019-06-29 10:29:45,btc,0.0,0.0,0.00000022,btc,0.0,0.0,0.0,231
1,[],26,[],2019-06-29 10:29:45,0.0,0.00000005,0.000000000005821175,7778119,2019-06-29 10:29:45,btc,0.0,0.0,0.00000005,btc,0.0,0.0,0.0,234
0.0000000002568204,[],27,[],2019-06-29 10:29:52,100.0,2.568204e-18,2.9899929839400004e-22,7778120,2019-06-29 10:29:52,eth,0.0,0.0,0.00000001,"btc,eth",0.0,0.0,2.5682040000000003e-16,234
1,[],4,[],2019-05-22 17:06:12,91780.56053785,0.00000078,0.000000000061977552,7669277,2019-05-22 17:06:12,btc,5.573372450018177,0.0,0.00000078,btc,729173.93529783,0.0,0.0307060663355679,236
1,[],24,[],2019-05-22 17:06:12,0.0,0.000000010000,0.000000000000794584,7669278,2019-05-22 17:06:12,btc,0.0,0.0,0.000000010000,btc,0.0,0.0,0.0,236
1,[],5,[],2019-06-29 10:29:53,0.0,0,0,7778121,2019-06-29 10:29:53,btc,0.0,0.64281878,0,btc,0.0,0.0,0.0,237
1,[],22,[],2019-06-29 10:29:59,2084614.0,0.00000004,0.00000000000465694,7778122,2019-06-29 10:29:59,BTC,1.20112188,0.0,0.00000004,"BTC,LTC",14507.148717948718,0.0,0.02587451,237
1,[],20,[],2019-06-29 08:28:07,117879051.6257,0.000000056,0.0000000000066243576,7778004,2019-06-29 08:28:07,btc,549.1413941891508,9067680.2276,0.000000056,btc,49020634.4406,0.5507869139364,0.5685282445729,237
1,[],4,[],2019-06-29 10:30:01,25520804.56892473,0.00000006,0.000000000006985410000000001,7778123,2019-06-29 10:30:01,btc,2.68850278395722,0.0,0.00000006,btc,11011149.71379606,0.07912187,0.4950797749067062,238
1,[],5,[],2019-06-29 10:30:03,0.0,0,0,7778124,2019-06-29 10:30:03,btc,0.0,0.00109255,0,btc,0.0,0.0,0.0,238
0,[],22,[],2019-03-12 16:49:32,0.0,0,0,6914458,2019-03-12 16:49:32,,0.40415746,0.0,0,,526736.5639027493,0.0,0.0,249
0,[],22,[],2019-05-28 23:53:45,0.0,0,0,7703643,2019-05-28 23:53:45,,13.44714864,0.0,0,,43777534.3426455,0.0,0.0,252
1,[],28,[],2019-06-29 10:30:10,1030333.88,0.00000005,0.000000000005821175,7778125,2019-06-29 10:30:10,btc,3.69471354922,277577.11,0.00000005,btc,5043893.9654,0.0,0.033333889,256
1,[],22,[],2019-06-29 10:30:14,528824.0,0.00000001,0.000000000001164235,7778126,2019-06-29 10:30:14,BTC,31471.48541794,0.0,0.00000001,"BTC,LTC",1165516.0289488921,0.0,0.00768824,258
1,[],22,[],2019-05-19 18:12:02,400.0,0.00000001,0.0000000000007957800000000001,7653905,2019-05-19 18:12:02,BTC,2.415167,0.0,0.00000001,BTC,157.0,0.0,4e-06,259
1,[],5,[],2019-06-29 10:30:16,0.0,0,0,7778127,2019-06-29 10:30:16,btc,0.0,0.04066749,0,btc,0.0,0.0,0.0,264
1,[],20,[],2019-06-29 10:30:19,935028.3637,0.000000177,0.0000000000206069595,7778128,2019-06-29 10:30:19,btc,1.0498265393291,33336.1791,0.000000177,btc,34657.2132,0.0128682839728,0.0056155409093,264
0,[],22,[],2019-04-12 17:57:27,0.0,0,0,7278186,2019-04-12 17:57:27,,66.37522201,0.0,0,,677842.4169881374,0.0,0.0,271
0,[],22,[],2019-06-29 10:30:22,0.0,0,0,7778129,2019-06-29 10:30:22,,33050469.74148113,0.0,0,,14261527780.7,0.0,0.0,272
0.000000000000002885,[],28,[],2019-06-29 10:30:28,379151383769.298,4.616000000000001e-22,5.374108760000001e-26,7778130,2019-06-29 10:30:28,doge,282313673.1366813,107357385.0,0.00000016,doge,308907360241.3654,0.0,9.952680945337497e-11,272
1,[],22,[],2019-05-23 07:12:29,219930.0,0.00000004,0.000000000003048688,7671985,2019-05-23 07:12:29,BTC,426.77835217,0.0,0.00000004,BTC,248664.3325962929,0.0,0.00739728,281
1,[],22,[],2019-06-29 10:30:33,86301.7,0.00000001,0.000000000001164235,7778131,2019-06-29 10:30:33,BTC,7.83790973,0.0,0.00000001,"BTC,LTC",1107118.2660440896,0.00034677000000217826,0.00417427,286
0,[],22,[],2019-06-17 14:34:53,0.0,0,0,7740207,2019-06-17 14:34:53,,7337915.80475575,0.0,0,,2078527309.6797826,0.0,0.0,294
