pairValue,buyBook,exchangeId,sellBook,updated,buyTotal,satoshiPrice,usdPrice,exchangeLogId,created,bestPair,sellTotalBtc,volume,pairPrice,activePairs,sellTotal,volumeBtc,buyTotalBtc,coinId
1,[],3,[],2019-05-08 17:58:42,32373.980353650848,0.01150959000000000009844569603956188075244426727294921875,0.000000679752932523,7584814,2019-05-08 17:58:42,btc,8.85929404514013,12.0305496163,0.01150959000000000009844569603956188075244426727294921875,btc,26.185482234353,0.0,0.6104932518106343,1
1,[],4,[],2019-05-08 17:58:42,208112.72670376,0.01150000,0.00000067918655,7584815,2019-05-08 17:58:42,btc,9.06594186387037,0.0,0.01150000,btc,408.23898016,1.32623758,4.873491871197826,1
1,[],10,[],2019-05-08 17:58:53,184923.45147063,0.00998943,0.0000005899727389710001,7584816,2019-05-08 17:58:53,btc,6524.907861628366,1236.96700708,0.00998943,btc,1435.86226074,0.0,4.038793700324712,1
1,[],12,[],2019-05-08 17:58:57,68.49126198,0.0113200000000000002009503674571533338166773319244384765625,0.000000668555804,7584817,2019-05-08 17:58:57,btc,0.1956211598053,0.0,0.0113200000000000002009503674571533338166773319244384765625,btc,13.882088060000001,0.1143302076559,0.2495912738844,1
1,[],20,[],2019-05-08 17:58:59,975.4972,0.010710363,0.0000006325508256711001,7584818,2019-05-08 17:58:59,btc,0.1214412982312,0.0028,0.010710363,btc,8.7,3.42999972e-05,0.1769032219088,1
1,[],21,[],2019-05-08 17:59:00,1531.56258805,0.01133609999999999999598099265,0.0000006695066651700001,7584819,2019-05-08 17:59:00,btc,17.910616482786228,2600.78958947,0.01133609999999999999598099265085693332366645336151123046875,"btc,eth",2026.49159264,26.18797503177791,10.632129400881649,1
0,[],22,[],2019-05-08 17:59:03,0.0,0,0,7584820,2019-05-08 17:59:03,,0.3163308,0.0,0,,0.2527518593615956,0.0,0.0,1
1,[],24,[],2019-05-08 17:59:03,0.0,0.000000000000,0,7584821,2019-05-08 17:59:03,btc,0.0,0.0,0.000000000000,btc,0.0,0.0,0.0,1
0.0,[],25,[],2019-05-08 17:59:06,0.0,0,0,7584822,2019-05-08 17:59:06,btc,34.252099998403295,335.47477271,0.0,btc,2954.57065426,3.8313,0.0,1
1,[],26,[],2019-05-08 17:59:07,0.0,0,0,7584823,2019-05-08 17:59:07,,0.0,0.0,0,,0.0,0.0,0.0,1
1,[],28,[],2019-05-08 17:59:10,987.9,0.01131000,0.000000667965207,7584824,2019-05-08 17:59:10,btc,0.160832048,259510.9,0.01131000,btc,8.7307,0.0,0.024551096,1
1,[],5,[],2019-05-08 15:51:57,0.0,0,0,7583690,2019-05-08 15:51:57,btc,0.0,0.09790256,0,btc,0.0,0.0,0.0,1
0,[],2,[],2019-01-20 23:28:45,0.0,0,0,6477011,2019-01-20 23:28:45,,0.0,0.0,0,,0.0,0.0,0.0,1
0,[],22,[],2019-05-08 17:59:21,0.0,0,0,7584825,2019-05-08 17:59:21,,0.0,0.0,0,,0.0,0.0,0.0,2
1,[],5,[],2019-05-08 15:52:14,0.0,0,0,7583700,2019-05-08 15:52:14,btc,0.0,0.00508889,0,btc,0.0,0.0,0.0,2
1,[],12,[],2019-05-08 17:59:32,2436766.58068,0.000000149,0.0000000000087998953,7584826,2019-05-08 17:59:32,btc,2714596.657098549,0.0,0.000000149,btc,4129322.02343117,0.06992079686166958,0.2657994677506,3
0,[],28,[],2019-05-08 17:59:33,0.0,0,0,7584827,2019-05-08 17:59:33,,0.0,0.0,0,,0.0,0.0,0.0,3
1,[],5,[],2019-05-08 16:09:25,0.0,0,0,7583838,2019-05-08 16:09:25,btc,0.0,0.81877435,0,btc,0.0,0.0,0.0,3
0,[],2,[],2019-01-20 23:31:32,0.0,0,0,6477077,2019-01-20 23:31:32,,0.0,0.0,0,,0.0,0.0,0.0,4
1,[],4,[],2019-04-26 19:14:12,610911.70993152,0.00000026,0.000000000013566046,7471614,2019-04-26 19:14:12,btc,31.457742656463164,0.0,0.00000026,btc,718733.71307795,0.00142695,0.0638464483338706,4
0,[],12,[],2019-04-25 23:08:22,0.0,0,0,7459310,2019-04-25 23:08:22,btc,1111851.94727753,0.0,0,btc,953412.0,0.0,0.0,5
0,[],2,[],2019-01-20 23:31:51,0.0,0,0,6477087,2019-01-20 23:31:51,,0.0,0.0,0,,0.0,0.0,0.0,6
1,[],11,[],2019-05-08 17:59:35,5064415.307535999,0.00000001,0.000000000000590597,7584828,2019-05-08 17:59:35,btc,9576.546981859496,717767.0,0.00000001,btc,47358201.75253575,0.0,0.05064415307536,6
1,[],3,[],2019-05-08 17:59:36,11076.2416363803,0.000170640000000000006084854842214326708926819264888763427734375,0.000000010077947208,7584829,2019-05-08 17:59:36,btc,19.044340332963063,42.9438395808,0.000170640000000000006084854842214326708926819264888763427734375,btc,314.713226454214,0.0,0.030214076621211828,7
1,[],4,[],2019-05-08 17:59:37,41014.68227672,0.00017901,0.000000010572276897,7584830,2019-05-08 17:59:37,btc,8.676649645346002,0.0,0.00017901,btc,37699.25808422,2.78279205,3.6196933303696475,7
1,[],5,[],2019-05-08 16:10:41,0.0,0,0,7583844,2019-05-08 16:10:41,btc,0.0,0.2640341,0,btc,0.0,0.0,0.0,7
1,[],20,[],2019-04-07 22:06:50,3201475.0482,0.000000001,0.000000000000051590000000000004,7213932,2019-04-07 22:06:50,btc,30.8005781811902,0.0,0.000000001,btc,23077405.3926,0.0,0.0032014750482,8
1,[],4,[],2019-05-08 17:59:49,19874439.70287641,0.00000078,0.000000000046066566000000004,7584831,2019-05-08 17:59:49,btc,4.087184991212388,0.0,0.00000078,btc,3254318.55497577,0.52992065,0.5295129503264799,9
1,[],28,[],2019-05-08 17:59:51,18055.0,0.00000021,0.000000000012402537000000001,7584832,2019-05-08 17:59:51,btc,2708.774353000864,2644748.0,0.00000021,btc,24560.2792,0.0,0.00186155,9
0,[],2,[],2019-01-20 23:22:42,0.0,0,0,6476876,2019-01-20 23:22:42,,0.0,0.0,0,,0.0,0.0,0.0,9
0,[],23,[],2019-01-20 23:22:48,0.0,0,0,6476878,2019-01-20 23:22:48,,0.0,0.0,0,,0.0,0.0,0.0,9
1,[],1,[],2019-02-17 23:31:42,1822507.21,0.00000181000000000000003456111265232042484285557293333113193511962890625,0.000000000066086901,6701244,2019-02-17 23:31:42,btc,3.6990969245,17153386.5,0.00000181000000000000003456111265232042484285557293333113193511962890625,btc,1997391.71,31.11772986,3.2610482446,9
1,[],4,[],2019-02-17 11:22:43,4341674.27126056,0.00000002,0.0000000000007272960000000001,6696112,2019-02-17 11:22:43,btc,0.1997230937751353,0.0,0.00000002,btc,4109766.79808031,0.00215132,0.0479381022052112,10
1,[],4,[],2019-05-08 17:59:53,11110389.98358321,0.00000082,0.000000000048428954000000005,7584833,2019-05-08 17:59:53,btc,7.046530637029753,0.0,0.00000082,btc,5136378.53477802,1.97978237,3.0401331149793718,12
0.0,[],25,[],2019-05-08 18:00:03,0.0,0,0,7584834,2019-05-08 18:00:03,,0.0,0.0,0.0,btc,0.0,0.0,0.0,12
0,[],2,[],2019-01-20 23:23:08,0.0,0,0,6476890,2019-01-20 23:23:08,,0.0,0.0,0,,0.0,0.0,0.0,12
1,[],5,[],2019-05-08 16:13:21,0.0,0,0,7583848,2019-05-08 16:13:21,btc,0.0,0.31740791,0,btc,0.0,0.0,0.0,12
1,[],4,[],2019-05-08 18:00:04,32071542.77457527,0.00000652,0.00000000038506924400000005,7584835,2019-05-08 18:00:04,btc,3.455322600111624,0.0,0.00000652,btc,378177.57882349,0.30881752,1.2969446822738524,13
1,[],10,[],2019-05-08 18:00:06,545267.78761285,0.00000624,0.00000000036853252800000003,7584836,2019-05-08 18:00:06,btc,666793.5622045217,7496.00103571,0.00000624,btc,742933.08827142,0.0,0.4796541013018052,13
1,[],21,[],2019-05-08 18:00:08,2002151.9636245,0.000006489999999999999695727333909,0.000000000383297453,7584837,2019-05-08 18:00:08,btc,4.392689704762788,1007098.76770636,0.0000064899999999999996957273339093230646312804310582578182220458984375,btc,606047.27247314,6.47241836,9.390043482245797,13
1,[],4,[],2019-05-08 18:00:09,1054699.89499145,0.00000082,0.000000000048428954000000005,7584838,2019-05-08 18:00:09,btc,6.317634575756295,0.0,0.00000082,btc,1265265.40670701,0.12329534,0.1826678271769553,14
1,[],12,[],2019-05-08 18:00:10,254913.61133502,0.00000085,0.000000000050200745,7584839,2019-05-08 18:00:10,btc,0.1181713862813914,0.0,0.00000085,btc,14478.91059467,0.0011531468531507,0.0284462399999635,14
1,[],26,[],2019-05-08 18:00:11,0.0,0.00000050,0.000000000029529850000000004,7584840,2019-05-08 18:00:11,btc,0.0,0.0,0.00000050,btc,0.0,0.0,0.0,14
0,[],17,[],2019-05-03 00:53:32,0.0,0,0,7558876,2019-05-03 00:53:32,btc,0.0,0.0,0,btc,0.0,0.0,0.0,14
0,[],4,[],2019-05-08 18:00:13,0.0,0,0,7584841,2019-05-08 18:00:13,,0.0,0.0,0,,0.0,0.0,0.0,15
,[],12,[],2018-12-01 15:15:48,204241.84496,0.00000489,0.000000000202473384,5260204,2018-12-01 15:15:48,btc,49.5475654835,0.0,,btc,35763.2193806,0.0163153972027625,0.0203389899998,15
1,[],4,[],2019-05-08 18:00:15,30455.15177492,0.00001295,0.0000000007648231150000001,7584842,2019-05-08 18:00:15,btc,1.1091855694808435,0.0,0.00001295,btc,14232.29105553,0.00646237,0.095469044516946,18
1,[],10,[],2019-05-08 18:00:17,168353.89258615,0.00001374,0.0000000008114802780000001,7584843,2019-05-08 18:00:17,btc,15.88655299696213,4448.79566684,0.00001374,btc,34751.64307479,0.0,0.5029690337226739,18
1,[],12,[],2019-05-08 18:00:18,221290.81288986,0.00001340000000000000045241588253475129022262990474700927734375,0.0000000007913999800000001,7584844,2019-05-08 18:00:18,btc,33215.319010861574,0.0,0.00001340000000000000045241588253475129022262990474700927734375,btc,1147.17548086,9.6186427768e-05,0.0161332747842142,18
0,[],2,[],2019-01-20 23:23:38,0.0,0,0,6476906,2019-01-20 23:23:38,,0.0,0.0,0,,0.0,0.0,0.0,18
0,[],17,[],2019-05-03 00:53:39,0.0,0,0,7558882,2019-05-03 00:53:39,btc,0.0,0.0,0,btc,0.0,0.0,0.0,18
1,[],3,[],2019-05-08 18:00:20,153006.68446697213,0.00001198000000000000049549774006063529441235004924237728118896484375,0.0000000007075352060000001,7584845,2019-05-08 18:00:20,btc,0.2645798694903609,877.51601513,0.00001198000000000000049549774006063529441235004924237728118896484375,btc,7252.566877867577,0.0,0.04304704501457729,19
1,[],4,[],2019-05-08 18:00:21,431471.89444629,0.00001489,0.000000000879398933,7584846,2019-05-08 18:00:21,btc,3.64440167955936,0.0,0.00001489,btc,118761.29791145,0.79241736,1.3126946670440058,19
1,[],12,[],2019-05-08 18:00:31,199692.53991053,0.000012619999999999999450096994924042093089155969209969043731689453125,0.000000000745333414,7584847,2019-05-08 18:00:31,btc,0.3417652585940831,0.0,0.000012619999999999999450096994924042093089155969209969043731689453125,btc,2933.44246712,0.0143091623507442,0.0903466299993323,19
0,[],27,[],2019-05-08 18:00:44,0.0,0,0,7584848,2019-05-08 18:00:44,,0.0,0.0,0,btc,0.0,0.0,0.0,19
1,[],5,[],2019-05-08 16:14:41,0.0,0,0,7583861,2019-05-08 16:14:41,btc,0.0,0.00163611,0,btc,0.0,0.0,0.0,19
0,[],2,[],2019-01-20 23:24:19,0.0,0,0,6476924,2019-01-20 23:24:19,,0.0,0.0,0,,0.0,0.0,0.0,19
1,[],4,[],2019-05-08 18:00:46,1890069.11944487,0.00000011,0.000000000006496567000000001,7584849,2019-05-08 18:00:46,btc,5.279279685630553,0.0,0.00000011,btc,2279170.28595418,0.0,0.0663675897814302,20
1,[],4,[],2019-05-08 18:00:57,75300989.78118359,0.00000001,0.000000000000590597,7584850,2019-05-08 18:00:57,btc,39287.2883662735,0.0,0.00000001,btc,55174954.98986641,0.0,0.7530098978118358,21
1,[],12,[],2019-05-08 18:01:07,5337423.0,0.00000001,0.000000000000590597,7584851,2019-05-08 18:01:07,btc,2895.662038990839,0.0,0.00000001,btc,7237924.79920076,4.05585114886e-05,0.05337423,21
0,[],17,[],2019-05-03 00:53:51,0.0,0,0,7558891,2019-05-03 00:53:51,btc,0.0,0.0,0,btc,0.0,0.0,0.0,21
1,[],12,[],2019-05-08 18:01:09,8201190014.808,0.0000000005,0.000000000000029529850000000003,7584852,2019-05-08 18:01:09,btc,311119431346.9508,0.0,0.0000000005,btc,2845342886.555849,0.10432161710739263,1.965739568804,23
0.00000000028503060000000003,[],27,[],2019-05-08 18:01:17,8937957.0,2.850306e-18,1.6833821726820001e-22,7584853,2019-05-08 18:01:17,eth,10182.626460626512,420907333.0,0.00000001,eth,4517677.6944,2.399429393387796e-09,2.5475912464842e-11,23
1,[],4,[],2019-05-08 18:01:18,829893.60526707,0.00000038,0.000000000022442686000000002,7584854,2019-05-08 18:01:18,btc,14.065938670967428,0.0,0.00000038,btc,2062278.52049505,0.13628468,0.0998046919312071,24
1,[],22,[],2019-05-08 18:01:21,1021.76,0.00000100,0.00000000005905970000000001,7584855,2019-05-08 18:01:21,BTC,7.415e-05,0.0,0.00000100,BTC,23.919354838709676,0.0,0.00011186,24
0.0,[],25,[],2019-05-08 18:01:22,0.0,0,0,7584856,2019-05-08 18:01:22,,0.0,0.0,0.0,btc,0.0,0.0,0.0,24
1,[],4,[],2019-05-08 18:01:23,26962190.00731564,0.00000532,0.000000000314197604,7584857,2019-05-08 18:01:23,btc,11.668289556284222,0.0,0.00000532,btc,323013.59733548,0.07729904,0.5707000899529869,26
1,[],10,[],2019-05-08 18:01:26,117481.46902837,0.00000852,0.000000000503188644,7584858,2019-05-08 18:01:26,btc,25.864825694297945,2661.49854983,0.00000852,btc,20006.96842861,0.0,0.0670079778380158,26
0,[],2,[],2019-01-20 23:25:56,0.0,0,0,6476976,2019-01-20 23:25:56,,0.0,0.0,0,,0.0,0.0,0.0,26
1,[],11,[],2019-04-30 04:16:17,7094566.83690364,0.00000006,0.000000000003115554,7518027,2019-04-30 04:16:17,btc,67504.138725751,6116.07566417,0.00000006,btc,6591680.7351637,0.0,0.38529422037817224,27
1,[],5,[],2019-04-26 09:47:06,0.0,0,0,7465326,2019-04-26 09:47:06,btc,0.0,0.0,0,btc,0.0,0.0,0.0,27
1,[],3,[],2019-04-28 02:38:55,141621.60361514,0.00000001,0.0000000000005253330000000001,7491060,2019-04-28 02:38:55,btc,2.501704004580372,921815.184511,0.00000001,btc,21091882.2176418,0.0,0.0014162160361513999,27
1,[],4,[],2019-05-08 18:01:27,1627236434.9682732,0.00000001,0.000000000000590597,7584859,2019-05-08 18:01:27,btc,4.756535044923256,0.0,0.00000001,"btc,ltc",272751952.8585104,0.24445556,10.613271877154288,29
1,[],7,[],2019-05-08 18:01:28,106858448.2164338,0.00000001,0.000000000000590597,7584860,2019-05-08 18:01:28,btc,46550610.684606075,12620285.2136,0.00000001,btc,41362562.20663183,0.2524057,1.068584482164338,29
1,[],4,[],2019-05-08 18:01:28,3351881.92158342,0.00000014,0.000000000008268358,7584861,2019-05-08 18:01:28,btc,4.230403704315647,0.0,0.00000014,btc,2719293.60619082,0.00728735,0.0674862436246511,30
0,[],17,[],2019-05-03 01:11:25,0.0,0,0,7559066,2019-05-03 01:11:25,btc,0.0,0.0,0,btc,0.0,0.0,0.0,30
1,[],4,[],2019-05-08 18:01:30,214454.34465496,0.00006004,0.0000000035459443880000003,7584862,2019-05-08 18:01:30,btc,6.294518546215028,0.0,0.00006004,btc,60212.17586737,0.77586015,0.7010860939074992,31
1,[],21,[],2019-05-08 18:01:32,99960.5409636,0.00006026999999999999724090496422,0.000000003559528119,7584863,2019-05-08 18:01:32,btc,3.406571856283114,157256.81886283,0.0000602699999999999972409049642241285482668899931013584136962890625,btc,50856.62345041,9.58253996,5.453367557862334,31
0,[],2,[],2019-01-20 23:28:43,0.0,0,0,6477009,2019-01-20 23:28:43,,0.0,0.0,0,,0.0,0.0,0.0,32
0,[],4,[],2019-05-08 18:01:42,0.0,0,0,7584864,2019-05-08 18:01:42,,0.0,0.0,0,,0.0,0.0,0.0,33
1,[],12,[],2019-03-30 07:55:10,40641173.964,0.00000003,0.000000000001228359,7108785,2019-03-30 07:55:10,btc,4233210.82356125,0.0,0.00000003,btc,28378394.68333462,0.0126927883965248,0.90752895892,33
0,[],4,[],2019-05-08 18:01:43,0.0,0,0,7584865,2019-05-08 18:01:43,,3.7721300290737063,0.0,0,,151627300.90263787,0.00012248,0.0,34
1,[],5,[],2019-05-08 16:15:22,0.0,0,0,7583881,2019-05-08 16:15:22,btc,0.0,0.00515143,0,btc,0.0,0.0,0.0,34
0.000000000133684,[],4,[],2019-05-02 18:17:45,3384239970.6360936,1.3368400000000002e-18,7.293946092400001e-23,7556428,2019-05-02 18:17:45,ltc,5.381102735485169e-08,0.0,0.00000001,ltc,6862894551.7408495,0.0,4.524187362345155e-09,36
1,[],5,[],2019-05-02 18:17:46,0.0,0,0,7556429,2019-05-02 18:17:46,btc,0.0,0.0,0,btc,0.0,0.0,0.0,36
0.0000000002926451,[],17,[],2019-05-02 18:17:47,200000.0,2.9264510000000002e-18,1.596703856561e-22,7556430,2019-05-02 18:17:47,eth,0.20942468735267253,0.0,0.00000001,"btc,eth",1018272.20243647,0.0,5.852902e-13,36
0.000000000133684,[],27,[],2019-05-02 18:17:55,7883196.008,1.3368400000000002e-18,7.293946092400001e-23,7556431,2019-05-02 18:17:55,ltc,25567.4086131264,0.0,0.00000001,"ltc,eth",21753551.64,0.0,1.0538571751334722e-11,36
1,[],4,[],2019-05-08 18:01:54,418116.68873457,0.00000025,0.000000000014764925000000002,7584866,2019-05-08 18:01:54,btc,19772.8954515476,0.0,0.00000025,btc,996448.90086836,0.01396494,0.0580021597533365,37
1,[],12,[],2019-05-08 18:01:55,1114003.01778118,0.00000026,0.000000000015355522000000002,7584867,2019-05-08 18:01:55,btc,61604.964906538415,0.0,0.00000026,btc,551670.49354621,0.0653049070832519,0.1191374835794949,37
1,[],27,[],2019-05-08 18:02:05,1600.0,0.00000015,0.000000000008858955,7584868,2019-05-08 18:02:05,btc,24.12824334291843,0.0,0.00000015,btc,5839.49448498,0.0,3e-05,37
1,[],17,[],2019-05-03 01:11:36,211752.74075282,0.00000025,0.000000000013700074999999998,7559074,2019-05-03 01:11:36,btc,0.055484923955058496,0.0,0.00000025,"btc,eth",1387.19918473,0.0,0.0005381851887916605,37
1,[],12,[],2019-05-08 18:02:15,404428.66341328,0.000001210000000000000061712245556788669631487209699116647243499755859375,0.00000000007146223700000001,7584869,2019-05-08 18:02:15,btc,1222235.2602909175,0.0,0.000001210000000000000061712245556788669631487209699116647243499755859375,btc,101697.82473118,0.4692506368583636,0.0992347089999646,42
1,[],27,[],2019-05-08 18:02:31,506.0,0.00000100,0.00000000005905970000000001,7584870,2019-05-08 18:02:31,btc,1.8179904929696,0.0,0.00000100,"btc,eth",2428.82344975,0.0,0.00010000000058904424,42
1,[],5,[],2019-05-08 16:15:39,0.0,0,0,7583885,2019-05-08 16:15:39,btc,0.0,0.12559961,0,btc,0.0,0.0,0.0,42
1,[],12,[],2019-03-13 09:13:29,1112112.0,0.00000001,0.000000000000386531,6919902,2019-03-13 09:13:29,btc,29058.00478931866,0.0,0.00000001,btc,5967681.93306694,9.99000999e-07,0.01112112,43
1,[],5,[],2019-04-26 22:38:52,0.0,0,0,7474154,2019-04-26 22:38:52,btc,0.0,0.02638891,0,btc,0.0,0.0,0.0,43
0,[],17,[],2019-04-26 22:38:53,0.0,0,0,7474155,2019-04-26 22:38:53,btc,0.0,0.0,0,btc,0.0,0.0,0.0,43
1,[],12,[],2019-03-05 01:54:08,639326.02,0.00000004,0.000000000001486676,6845775,2019-03-05 01:54:08,btc,11116042.728239931,0.0,0.00000004,btc,1103841.4595604,0.0003330765234764,0.014975410599999999,44
1,[],4,[],2019-05-08 18:02:32,132059390.74148934,0.00000001,0.000000000000590597,7584871,2019-05-08 18:02:32,btc,436.76468321492985,0.0,0.00000001,"btc,ltc",22792394.84684506,0.004667,0.2918574417262261,49
0.0000000001244738,[],4,[],2019-05-08 18:02:34,72585939.58916868,7.5929018e-17,4.4843450243746e-21,7584872,2019-05-08 18:02:34,ltc,21614.6870291412,0.0,0.00000061,ltc,101609329.86230686,0.0,1.5362216803177765e-09,52
0,[],22,[],2019-05-08 18:02:36,0.0,0,0,7584873,2019-05-08 18:02:36,,10304.87709543,0.0,0,,310505736.4566013,0.0,0.0,57
0.00000000028503060000000003,[],27,[],2019-05-08 18:02:46,10000.0,2.850306e-18,1.6833821726820001e-22,7584874,2019-05-08 18:02:46,eth,0.0,0.0,0.00000001,"btc,eth",0.0,0.0,2.850306e-14,57
0.0000000001244738,[],4,[],2019-05-08 18:02:47,1075903079.1705446,1.244738e-18,7.35138528586e-23,7584875,2019-05-08 18:02:47,ltc,19.11126248210911,0.0,0.00000001,ltc,5681206907.53797,0.0,1.3392174469605855e-09,58
1,[],12,[],2019-05-08 18:02:49,1569254855.0,0.0000000001,0.000000000000005905970000000001,7584876,2019-05-08 18:02:49,btc,11897162.830408955,0.0,0.0000000001,btc,4328154028.752248,0.003363259324575416,0.15692548550000002,58
0.0000000001119237,[],22,[],2019-05-08 18:02:52,137438.0,1.119237e-18,6.61018014489e-23,7584877,2019-05-08 18:02:52,XMR,69.17854956,0.0,0.00000001,XMR,9877516.6,0.0,0.00137438,58
1,[],17,[],2019-05-03 01:12:09,1200000.0,0.0000000001,0.00000000000000548003,7559085,2019-05-03 01:12:09,btc,1e+24,0.0,0.0000000001,"btc,eth",39516342.31952568,0.0,0.00010000000058666061,58
1,[],22,[],2019-05-08 18:03:04,13613.833333333334,0.00000012,0.000000000007087164,7584878,2019-05-08 18:03:04,BTC,1002.29626883,0.0,0.00000012,BTC,15392.180177125656,0.0,0.00153269,61
1,[],26,[],2019-05-08 18:03:04,0.0,0.00000100,0.00000000005905970000000001,7584879,2019-05-08 18:03:04,btc,0.0,0.0,0.00000100,btc,0.0,0.0,0.0,61
0.00000000028503060000000003,[],27,[],2019-05-08 18:03:12,100000.0,2.850306e-18,1.6833821726820001e-22,7584880,2019-05-08 18:03:12,eth,1.9482732497246655,0.0,0.00000001,"btc,eth",13266.51663696,0.0,2.850306e-13,61
1,[],28,[],2019-05-08 18:03:21,1039.304,0.00000008,0.000000000004724776,7584881,2019-05-08 18:03:21,btc,2.056501795415105,583.0,0.00000008,btc,10022.46650005,0.0,2.439304e-05,61
1,[],5,[],2019-05-08 16:16:10,0.0,0,0,7583895,2019-05-08 16:16:10,btc,0.0,0.0,0,btc,0.0,0.0,0.0,61
1,[],4,[],2019-05-08 17:53:12,1256948.99562151,0.00000105,0.00000000006198653999999999,7584744,2019-05-08 17:53:12,btc,1.133685076581466,0.0,0.00000105,btc,453500.97205357,0.04209818,0.8350319620673818,67
0.0,[],25,[],2019-05-08 17:53:13,0.0,0,0,7584745,2019-05-08 17:53:13,,0.0,0.0,0.0,btc,0.0,0.0,0.0,67
1,[],12,[],2019-05-08 18:03:22,646909.33333333,0.00000015,0.000000000008858955,7584882,2019-05-08 18:03:22,btc,55556348.243002355,0.0,0.00000015,btc,1454444.08294144,0.0115086991508497,0.0233107199999996,71
,[],5,[],2018-11-20 23:02:39,1.5e-07,0.00000005,0.000000000002128045,4862160,2018-11-20 23:02:39,btc,2.84511358,0.0,,btc,0.00036572,0.0,0.07381892,74
1,[],5,[],2019-05-08 16:19:31,0.0,0,0,7583903,2019-05-08 16:19:31,btc,0.0,0.00803864,0,btc,0.0,0.0,0.0,75
0,[],4,[],2019-05-08 18:03:33,0.0,0,0,7584883,2019-05-08 18:03:33,,133703.4206350529,0.0,0,,35139929.46753003,0.0,0.0,81
0,[],20,[],2019-01-25 09:30:31,0.0,0,0,6495923,2019-01-25 09:30:31,btc,0.0,0.0,0,btc,0.0,0.0,0.0,81
1,[],4,[],2019-05-08 18:03:43,24523.69747981,0.00006782,0.000000004005428854,7584884,2019-05-08 18:03:43,btc,18.988988206712303,0.0,0.00006782,btc,30560.69518655,0.32979049,0.1735463122517294,82
1,[],21,[],2019-05-08 18:03:44,3254595.07526398,0.00006522000000000000236380359731,0.000000003851873634000001,7584885,2019-05-08 18:03:44,btc,3.601436468669645,15743.05870165,0.0000652200000000000023638035973050364191294647753238677978515625,btc,47430.25954856,1.04644627,1.885098629088576,82
0,[],17,[],2019-03-25 22:42:34,0.0,0,0,7038780,2019-03-25 22:42:34,btc,0.0445064681804024,0.0,0,btc,995513.18476001,0.0,0.0,84
0.00000000013644,[],4,[],2019-05-01 19:17:39,299701867.376,1.3644e-18,7.259508504e-23,7542161,2019-05-01 19:17:39,ltc,1.6769037726995486,0.0,0.00000001,ltc,427823536.87452894,0.00010978,4.089132278478144e-10,85
,[],22,[],2018-11-20 23:09:34,3408.1,0.0000001,0.0000000000041895,4862324,2018-11-20 23:09:34,BTC,0.04624735,0.0,,BTC,4990.0,0.0,0.00033081,86
1,[],22,[],2019-05-08 18:03:48,89999.0,0.00000001,0.000000000000590597,7584886,2019-05-08 18:03:48,BTC,3.66432991,0.0,0.00000001,BTC,332904.29736842104,0.0,0.00089999,87
1,[],27,[],2019-05-08 18:03:54,10674.0,0.00000001,0.000000000000590597,7584887,2019-05-08 18:03:54,btc,4.960707720736,0.0,0.00000001,btc,10175.62841,0.0,0.00010674,87
,[],2,[],2018-11-20 23:10:47,0.0,0,0,4862359,2018-11-20 23:10:47,,0.0,0.0,,,0.0,0.0,0.0,88
1,[],11,[],2019-05-08 18:03:56,81145.86820862,0.00014475999999999998959533675790822826456860639154911041259765625,0.000000008549482172,7584888,2019-05-08 18:03:56,btc,169.99952493079545,6930.65409492,0.00014475999999999998959533675790822826456860639154911041259765625,btc,166174.80601224,0.0,4.799239076860111,89
0,[],2,[],2019-01-20 23:31:45,0.0,0,0,6477083,2019-01-20 23:31:45,,0.0,0.0,0,,0.0,0.0,0.0,91
0,[],17,[],2019-05-03 01:12:26,0.0,0,0,7559096,2019-05-03 01:12:26,btc,0.0,0.0,0,btc,0.0,0.0,0.0,91
1,[],12,[],2019-05-08 17:53:50,431989.5661161,0.00000066,0.000000000038962968,7584753,2019-05-08 17:53:50,btc,89.71206677894529,0.0,0.00000066,btc,164922.17899308,0.0055726423387402,0.043192357799960196,91
1,[],22,[],2019-05-08 17:53:55,76014.0,0.0000008,0.000000000047227839999999995,7584754,2019-05-08 17:53:55,BTC,0.1,0.0,0.0000008,"BTC,LTC",1.0,0.0,0.0017135,91
1,[],22,[],2019-04-09 20:17:52,374949.73333333334,0.00000015,0.000000000007771935,7235704,2019-04-09 20:17:52,BTC,6.87372503,0.0,0.00000015,"BTC,LTC",159980.01196797504,1.1e-05,0.80510266,95
0.0000000001244738,[],4,[],2019-05-08 18:03:57,553521341.6834154,8.588692199999999e-17,5.0724558472434e-21,7584889,2019-05-08 18:03:57,ltc,11.273217889626746,0.0,0.00000069,ltc,127115111.68047297,0.00424206,1.7955954765308781e-09,96
0,[],12,[],2019-05-08 18:03:59,0.0,0,0,7584890,2019-05-08 18:03:59,btc,25054.263495583615,0.0,0,btc,6819451.18081917,0.000318589000999,0.0,96
0,[],17,[],2019-05-03 01:12:32,0.0,0,0,7559100,2019-05-03 01:12:32,btc,0.0,0.0,0,btc,0.0,0.0,0.0,96
1,[],4,[],2019-04-14 03:32:46,1039404.33283278,0.00000038,0.000000000019245518,7293458,2019-04-14 03:32:46,btc,4.170086055365747,0.0,0.00000038,btc,3097704.34561074,0.06260606,0.1859928211030784,99
0,[],2,[],2019-01-20 23:23:55,0.0,0,0,6476914,2019-01-20 23:23:55,,0.0,0.0,0,,0.0,0.0,0.0,100
1,[],4,[],2019-05-08 18:04:01,363580.95307454,0.00003535,0.000000002087760395,7584891,2019-05-08 18:04:01,btc,7.083906052693706,0.0,0.00003535,btc,121885.3700615,0.44409938,0.7123217480875937,100
1,[],22,[],2019-05-08 18:04:04,130000.0,0.00000001,0.000000000000590597,7584892,2019-05-08 18:04:04,BTC,24.83526409,0.0,0.00000001,BTC,11187.719,0.0,0.0013,101
1,[],4,[],2019-05-08 18:04:05,562764.1112896,0.00000530,0.00000000031301641,7584893,2019-05-08 18:04:05,btc,251.21603561886857,0.0,0.00000530,btc,391126.8204994,4.43231988,0.5822682385795771,103
1,[],12,[],2019-05-08 18:04:08,108397779.51292,0.000000004,0.00000000000023623880000000003,7584894,2019-05-08 18:04:08,btc,468525131.26938456,0.0,0.000000004,btc,105082733.3384115,0.04334007007967587,0.20408422371276,105
1,[],27,[],2019-05-08 18:04:20,11976.0,0.00000001,0.000000000000590597,7584895,2019-05-08 18:04:20,btc,0.0689357688051137,0.0,0.00000001,btc,864584.59450753,0.0,0.00011976,105
1,[],22,[],2019-04-21 00:17:26,21333.0,0.00000001,0.000000000000532493,7385819,2019-04-21 00:17:26,BTC,51.38182867,0.0,0.00000001,BTC,470435.0,0.0,0.00021333,107
1,[],26,[],2019-04-21 00:17:26,0.0,0.00000000,0,7385820,2019-04-21 00:17:26,btc,0.0,0.0,0.00000000,btc,0.0,0.0,0.0,107
0,[],22,[],2019-05-08 18:04:31,0.0,0,0,7584896,2019-05-08 18:04:31,,2.79003697,0.0,0,,1380942.0833333333,0.0,0.0,112
1,[],27,[],2019-05-08 18:04:41,1.0,0.00000001,0.000000000000590597,7584897,2019-05-08 18:04:41,btc,1.25032588,0.0,0.00000001,"btc,eth",1819.0,0.0,1e-08,112
1,[],5,[],2019-05-08 16:21:25,0.0,0,0,7583919,2019-05-08 16:21:25,btc,0.0,0.0,0,btc,0.0,0.0,0.0,112
1,[],5,[],2019-05-08 16:23:20,0.0,0,0,7583923,2019-05-08 16:23:20,btc,0.0,0.00098395,0,btc,0.0,0.0,0.0,113
1,[],4,[],2019-05-08 17:54:40,333780.46559114,0.00000140,0.00000000008264871999999999,7584764,2019-05-08 17:54:40,btc,4.811542428881284,0.0,0.00000140,btc,540970.65335537,0.04820629,0.1983517586007473,113
1,[],17,[],2019-04-26 02:17:47,162738.278,0.00000004,0.0000000000021069000000000002,7461287,2019-04-26 02:17:47,btc,1.3331140273775473,0.0,0.00000004,btc,51796.221,0.0,0.00230953112,116
0,[],27,[],2019-04-26 02:19:51,0.0,0,0,7461288,2019-04-26 02:19:51,,0.0,0.0,0,,0.0,0.0,0.0,116
1,[],4,[],2019-05-07 20:09:28,131822.85721655,0.00001022,0.00000000060230548,7572994,2019-05-07 20:09:28,btc,132.18460413545117,0.0,0.00001022,btc,268070.13193351,0.06918336,1.0489745103085106,120
1,[],7,[],2019-05-07 20:09:30,9501.79941055,0.000011699999999999999788190263583231853772304020822048187255859375,0.0000000006895277999999999,7572995,2019-05-07 20:09:30,btc,231185.88817567716,62.23644451,0.000011699999999999999788190263583231853772304020822048187255859375,btc,4076.97424313,0.00072692,0.018013380795019,120
1,[],20,[],2019-04-07 18:42:29,1914137.0852,0.000000035,0.0000000000017871910000000002,7211992,2019-04-07 18:42:29,btc,32.2497668025648,25528.85,0.000000035,btc,1001975.4986,0.00089350975,0.0152723574729,125
1,[],22,[],2019-05-08 17:54:52,110000.0,0.00000001,0.000000000000590348,7584765,2019-05-08 17:54:52,BTC,0.032061,0.0,0.00000001,BTC,299316.7611111111,0.0,0.0011,126
0,[],2,[],2019-01-20 23:25:46,0.0,0,0,6476969,2019-01-20 23:25:46,,0.0,0.0,0,,0.0,0.0,0.0,131
1,[],17,[],2019-05-03 01:13:10,10000.0,0.00000001,0.000000000000548003,7559115,2019-05-03 01:13:10,btc,0.0953976503951408,0.0,0.00000001,btc,5037.62507334,0.0,0.0001,131
1,[],4,[],2019-05-08 17:54:53,1857344.26054746,0.00000923,0.000000000544891204,7584766,2019-05-08 17:54:53,btc,3.3374447604734336,0.0,0.00000923,btc,161548.32357175,0.08347481,0.4768250082166017,131
1,[],4,[],2019-05-08 17:54:54,4705.208722,0.00012865,0.00000000759482702,7584767,2019-05-08 17:54:54,btc,6.011525644400771,0.0,0.00012865,btc,191.61415747,0.0,0.007411737957743,135
1,[],3,[],2019-05-08 17:54:55,530498.0,0.00000001,0.000000000000590348,7584768,2019-05-08 17:54:55,btc,0.1029057631805504,129896.5,0.00000001,btc,1124104.34967245,0.0,0.00530498,136
1,[],4,[],2019-05-08 17:54:56,3622284.50699733,0.00000215,0.00000000012692482,7584769,2019-05-08 17:54:56,btc,319.7527594392871,0.0,0.00000215,btc,531596.79988372,0.01318027,0.9517784552587577,137
1,[],12,[],2019-05-08 17:54:57,331394.94951897,0.00000207000000000000008632309277112337753123938455246388912200927734375,0.000000000122202036,7584770,2019-05-08 17:54:57,btc,48520.49982093005,0.0,0.00000207000000000000008632309277112337753123938455246388912200927734375,btc,40862.24229997,6.723e-05,0.0376006599999259,137
1,[],4,[],2019-05-08 17:54:58,53877.91340681,0.00003708,0.000000002189010384,7584771,2019-05-08 17:54:58,btc,5.16900827325459,0.0,0.00003708,btc,71071.59732803,0.55494555,0.3177599651060027,142
1,[],20,[],2019-05-08 17:55:09,167399.541,0.00003401,0.000000002007773548,7584772,2019-05-08 17:55:09,btc,1.7087664433938,0.0,0.00003401,btc,8218.5298,0.0,0.059890781036,142
1,[],22,[],2019-05-08 17:55:12,1370.0,0.00000200,0.0000000001180696,7584773,2019-05-08 17:55:12,BTC,3.2756588,0.0,0.00000200,BTC,1135.5948275773155,0.0,0.0003632,142
0.0,[],25,[],2019-05-08 17:55:15,0.0,0,0,7584774,2019-05-08 17:55:15,,0.0,0.0,0.0,btc,0.0,0.0,0.0,142
1,[],28,[],2019-05-08 17:55:17,79102.0,0.00003311,0.0000000019546422279999997,7584775,2019-05-08 17:55:17,btc,0.0632226924,173004.2875,0.00003311,btc,611.87303,0.0,0.07347342,142
1,[],5,[],2019-05-08 16:24:35,0.0,0,0,7583931,2019-05-08 16:24:35,btc,0.0,0.06495622,0,btc,0.0,0.0,0.0,142
1,[],17,[],2019-05-03 01:13:16,32967.38636364,0.00000088,0.000000000048224264,7559122,2019-05-03 01:13:16,btc,20.06976206696776,0.0,0.00000088,btc,2746.079105,0.0,0.0105613000000032,142
0,[],22,[],2019-05-08 17:55:19,0.0,0,0,7584776,2019-05-08 17:55:19,,66.66505393,0.0,0,,938775805.8,0.0,0.0,143
0,[],22,[],2019-02-25 15:42:22,0.0,0,0,6783783,2019-02-25 15:42:22,,4.2131946,0.0,0,,2322156.0,0.0,0.0,146
,[],22,[],2018-11-20 23:01:11,0.0,0,0,4862114,2018-11-20 23:01:11,,2.56807021,0.0,,,61828.4988236,0.0,0.0,147
1,[],12,[],2019-04-21 06:38:04,193091.5971266,0.00000071,0.000000000037635183,7388679,2019-04-21 06:38:04,btc,2.301232411611175,0.0,0.00000071,btc,9957.48302385,0.00023528,0.0313308199999888,148
1,[],4,[],2019-03-19 21:31:25,255810.0415942,0.00000029,0.000000000011615747,6982695,2019-03-19 21:31:25,btc,218.94922712414143,0.0,0.00000029,btc,793529.37642722,0.00117,0.0608347789473395,152
0,[],22,[],2019-03-19 21:31:27,0.0,0,0,6982696,2019-03-19 21:31:27,,0.0,0.0,0,,0.0,0.0,0.0,152
1,[],5,[],2019-04-26 09:36:59,0.0,0,0,7465040,2019-04-26 09:36:59,btc,0.0,0.0,0,btc,0.0,0.0,0.0,153
,[],16,[],2019-01-11 15:38:59,0.0,0,0,6366141,2019-01-11 15:38:59,btc,0.0,0.0,,btc,0.0,0.0,0.0,155
0,[],22,[],2019-05-08 17:55:31,0.0,0,0,7584777,2019-05-08 17:55:31,,6.80191271,0.0,0,,4673448.342592592,0.0,0.0,156
0,[],23,[],2019-01-20 23:24:29,0.0,0,0,6476932,2019-01-20 23:24:29,,0.0,0.0,0,,0.0,0.0,0.0,156
1,[],22,[],2019-05-08 17:55:35,7066.0,0.00000800,0.0000000004722784,7584778,2019-05-08 17:55:35,BTC,1.79802465,0.0,0.00000800,BTC,802.6461988741639,0.0,0.00062996,157
0,[],22,[],2019-05-07 22:25:46,0.0,0,0,7574238,2019-05-07 22:25:46,,50234.60468402,0.0,0,,54786159.03179465,0.0,0.0,158
,[],17,[],2018-11-20 22:56:10,0.0,0,0,4861976,2018-11-20 22:56:10,btc,1.1265625,0.0,,btc,1000.0,0.0,0.0,159
,[],20,[],2018-11-20 22:56:12,0.0,0,0,4861977,2018-11-20 22:56:12,btc,11912.7940471,0.0,,btc,34413894.3617,0.0,0.0,159
1,[],12,[],2019-05-08 17:55:37,263010.11104343,0.00000391999999999999973790930363204410014077438972890377044677734375,0.00000000023141641599999996,7584779,2019-05-08 17:55:37,btc,23.1698450740875,0.0,0.00000391999999999999973790930363204410014077438972890377044677734375,btc,11507.35731562,0.002064806894234,0.0496449492629885,168
1,[],17,[],2019-05-03 01:13:36,42852.0,0.00000002,0.000000000001096006,7559132,2019-05-03 01:13:36,btc,0.04279856251542,0.0,0.00000002,btc,274.46171372,0.0,0.00052852,168
1,[],22,[],2019-05-07 03:57:18,743122.0,0.00000001,0.000000000000593596,7562020,2019-05-07 03:57:18,BTC,41.40912107,0.0,0.00000001,BTC,1593401.2737547632,0.00342649,0.00743122,169
1,[],22,[],2019-05-08 17:41:53,217790.0,0.00000021,0.000000000012410328000000001,7584643,2019-05-08 17:41:53,BTC,30.19010405,0.0,0.00000021,BTC,445923.58201967884,0.00010756,0.0046388,171
1,[],22,[],2019-05-08 17:55:43,357539.1,0.0000001,0.000000000005903479999999999,7584780,2019-05-08 17:55:43,BTC,823.66747461,0.0,0.0000001,"BTC,LTC",670520.7295784405,1.939e-05,0.01389394,173
1,[],5,[],2019-05-06 19:49:32,0.0,0,0,7559281,2019-05-06 19:49:32,btc,0.0,0.00023336,0,btc,0.0,0.0,0.0,175
1,[],22,[],2019-05-08 17:55:47,90671.0,0.00000001,0.000000000000590348,7584781,2019-05-08 17:55:47,BTC,394.0276142,0.0,0.00000001,BTC,136275.61833431243,0.0,0.00090671,176
1,[],7,[],2019-05-08 17:55:58,0.0,0,0,7584782,2019-05-08 17:55:58,btc,520269.7542658813,51004.995005,0,btc,17894782.83982252,0.00051005,0.0,178
0,[],22,[],2019-05-08 17:56:01,0.0,0,0,7584783,2019-05-08 17:56:01,,1.00242428,0.0,0,,57512.0,0.0,0.0,178
0,[],2,[],2019-01-20 23:28:34,0.0,0,0,6477001,2019-01-20 23:28:34,,0.0,0.0,0,,0.0,0.0,0.0,178
1,[],22,[],2019-05-08 17:56:13,3038615.0,0.00000001,0.000000000000590348,7584784,2019-05-08 17:56:13,BTC,5.33219583,0.0,0.00000001,BTC,14002478.411946677,0.0,0.03038615,179
0,[],23,[],2019-01-20 23:25:08,0.0,0,0,6476952,2019-01-20 23:25:08,,0.0,0.0,0,,0.0,0.0,0.0,179
1,[],5,[],2019-05-08 16:27:48,0.0,0,0,7583944,2019-05-08 16:27:48,btc,0.0,0.06361057,0,btc,0.0,0.0,0.0,179
1,[],22,[],2019-05-08 17:56:18,643068.971048321,0.00000100,0.0000000000590348,7584785,2019-05-08 17:56:18,BTC,39.11242587,0.0,0.00000100,"BTC,LTC",42591.691566500456,0.19807069,0.55598964,180
1,[],26,[],2019-05-08 17:56:18,0.0,0.00000120,0.00000000007084175999999999,7584786,2019-05-08 17:56:18,btc,0.0,0.0,0.00000120,btc,0.0,0.0,0.0,180
1,[],17,[],2019-05-03 01:13:56,20504.725000000002,0.0000001,0.00000000000548003,7559141,2019-05-03 01:13:56,btc,5.2010695838400265,0.0,0.0000001,btc,5033.45945,0.0,0.0011504725,180
,[],7,[],2018-11-20 22:58:01,562227.975654,0.00000085,0.000000000036176765,4862015,2018-11-20 22:58:01,btc,21836.6059674,2491.87645172,,btc,749999.041456,0.00211021,0.127565380455,183
,[],5,[],2019-01-10 08:11:41,0.0,0,0,6347036,2019-01-10 08:11:41,btc,82.15055501,0.00261,,btc,1.19002445,0.0,0.0,187
1,[],24,[],2019-04-30 17:34:05,0.0,0.000000000014,7.396256000000001e-16,7526291,2019-04-30 17:34:05,btc,0.0,0.0,0.000000000014,btc,0.0,0.0,0.0,187
,[],17,[],2018-11-16 20:58:10,4062536.27273,0.00000001,0.000000000000550501,4708775,2018-11-16 20:58:10,btc,3.36492563466,0.195460381006,,"btc,eth",110697919.549,0.0,0.0157628953496,187
0,[],22,[],2019-04-25 02:54:07,0.0,0,0,7447896,2019-04-25 02:54:07,,7.54794454,0.0,0,,76361.7243344055,0.0,0.0,191
0,[],22,[],2019-05-08 17:56:23,0.0,0,0,7584787,2019-05-08 17:56:23,,0.0,0.0,0,,0.0,0.0,0.0,197
0.0000000001245925,[],22,[],2019-05-08 17:56:27,54733331.0,2.49185e-18,1.4710586638e-22,7584788,2019-05-08 17:56:27,LTC,18.75588347,0.0,0.00000002,LTC,35265414.0,2.49185e-15,0.64066281,199
1,[],26,[],2019-05-08 17:56:27,0.0,0.00000000,0,7584789,2019-05-08 17:56:27,btc,0.0,0.0,0.00000000,btc,0.0,0.0,0.0,199
0,[],23,[],2019-01-20 23:31:41,0.0,0,0,6477079,2019-01-20 23:31:41,,0.0,0.0,0,,0.0,0.0,0.0,199
0,[],2,[],2019-01-20 23:30:49,0.0,0,0,6477059,2019-01-20 23:30:49,,0.0,0.0,0,,0.0,0.0,0.0,201
1,[],4,[],2019-01-25 15:51:35,2084389.58565343,0.00000936,0.000000000333526752,6499557,2019-01-25 15:51:35,btc,2.0092503037378524,0.0,0.00000936,btc,160195.80207885,0.19272417,1.242687955921835,211
1,[],7,[],2019-05-08 17:56:30,16762221.10124282,0.00000089,0.00000000005254097199999999,7584790,2019-05-08 17:56:30,btc,15559125.476610413,23629.3635134,0.00000089,btc,11483832.38519573,0.0,1.865203734721309,212
1,[],5,[],2019-05-07 13:02:51,0.0,0,0,7566706,2019-05-07 13:02:51,btc,0.0,0.43032184,0,btc,0.0,0.0,0.0,213
1,[],24,[],2019-05-07 13:02:52,0.0,0.000000050000,0.000000000002968865,7566707,2019-05-07 13:02:52,btc,0.0,0.0,0.000000050000,btc,0.0,0.0,0.0,213
1,[],26,[],2019-05-07 13:02:52,0.0,0.00000040,0.00000000002375092,7566708,2019-05-07 13:02:52,btc,0.0,0.0,0.00000040,btc,0.0,0.0,0.0,213
1,[],12,[],2019-01-25 02:44:32,207462.42853209,0.000001080000000000000035831255497387193287295303889550268650054931640625,0.000000000038610756000000006,6493050,2019-01-25 02:44:32,btc,85023.03793723314,0.0,0.000001080000000000000035831255497387193287295303889550268650054931640625,btc,43675.73520027,0.000146250909087,0.0348620860622024,213
0,[],22,[],2019-05-08 17:56:33,0.0,0,0,7584791,2019-05-08 17:56:33,,9.57944616,0.0,0,,2240817.094064925,0.0,0.0,216
1,[],27,[],2019-05-08 17:56:46,28596.0,0.00000001,0.000000000000590348,7584792,2019-05-08 17:56:46,btc,61.56672639203932,2000.0,0.00000001,"btc,ltc",217476.557308,2e-05,0.00028596,216
1,[],22,[],2019-05-08 17:56:49,310134.3496149615,0.00000135,0.00000000007969698,7584793,2019-05-08 17:56:49,BTC,12055.04185263,0.0,0.00000135,BTC,456117.6844955134,0.00798153,0.08212375,217
1,[],7,[],2019-05-08 17:56:50,0.0,0,0,7584794,2019-05-08 17:56:50,btc,111302.55947335159,0.0,0,btc,136862970.83745575,0.0,0.0,219
0,[],27,[],2019-05-08 17:57:02,0.0,0,0,7584795,2019-05-08 17:57:02,,0.01810337,0.0,0,btc,1580037.0,0.0,0.0,219
0.0000000000000043000000000000005,[],28,[],2019-05-08 17:57:04,487474352.014,2.58e-18,1.52309784e-22,7584796,2019-05-08 17:57:04,doge,3650139.884678419,11614.0,0.00060000,"btc,doge",45067588.5026,0.0,2.326169072291175e-11,219
1,[],22,[],2019-05-08 17:57:07,398200.0,0.00000004,0.000000000002361392,7584797,2019-05-08 17:57:07,BTC,56.8288224,0.0,0.00000004,BTC,148582.84827387411,0.00101065,0.012982,221
1,[],24,[],2019-05-08 17:57:07,0.0,0.000000010000,0.000000000000590348,7584798,2019-05-08 17:57:07,btc,0.0,0.0,0.000000010000,btc,0.0,0.0,0.0,221
1,[],20,[],2019-05-08 17:57:09,11992560.7139,0.000000008,0.0000000000004722784,7584799,2019-05-08 17:57:09,btc,100092.89424664243,191887.8181,0.000000008,btc,22929825.5625,0.0020607659991,0.0512687660413,224
0,[],22,[],2019-05-08 17:57:12,0.0,0,0,7584800,2019-05-08 17:57:12,,0.0,0.0,0,,0.0,0.0,0.0,224
1,[],26,[],2019-05-08 17:57:13,0.0,0.00000026,0.000000000015349048,7584801,2019-05-08 17:57:13,btc,0.0,0.0,0.00000026,btc,0.0,0.0,0.0,231
1,[],26,[],2019-05-08 17:57:13,0.0,0.00000005,0.0000000000029517399999999997,7584802,2019-05-08 17:57:13,btc,0.0,0.0,0.00000005,btc,0.0,0.0,0.0,234
0.0000000002852735,[],27,[],2019-05-08 17:57:22,10000.0,2.852735e-18,1.68410640178e-22,7584803,2019-05-08 17:57:22,eth,0.01134836604,0.0,0.00000001,"btc,eth",11462.996,0.0,2.852735e-14,234
1,[],4,[],2019-04-29 21:02:20,217188.93193785,0.00000080,0.00000000004151584,7514327,2019-04-29 21:02:20,btc,5.239800103892936,0.0,0.00000080,btc,797346.30008933,0.0,0.0590549781555679,236
1,[],24,[],2019-04-29 21:02:20,0.0,0.000000100000,0.00000000000518948,7514328,2019-04-29 21:02:20,btc,0.0,0.0,0.000000100000,btc,0.0,0.0,0.0,236
1,[],5,[],2019-05-06 20:53:15,0.0,0,0,7559637,2019-05-06 20:53:15,btc,0.0,0.20253514,0,btc,0.0,0.0,0.0,237
1,[],20,[],2019-05-06 20:53:18,38173217.6136,0.000000083,0.0000000000047460728,7559638,2019-05-06 20:53:18,btc,21342.514614200165,8832375.7238,0.000000083,btc,27701499.3386,0.7554403456107,1.3621107610479,237
1,[],22,[],2019-05-06 20:53:20,343938.0,0.00000009,0.000000000005146344,7559639,2019-05-06 20:53:20,BTC,1.20267422,0.0,0.00000009,BTC,17930.94871794872,0.0,0.01017442,237
1,[],4,[],2019-05-08 17:57:23,24110285.45354795,0.00000015,0.000000000008855219999999999,7584804,2019-05-08 17:57:23,btc,3.4051912607790684,0.0,0.00000015,btc,9411337.48524037,0.18464575,1.0676099024207446,238
1,[],5,[],2019-05-08 16:32:05,0.0,0,0,7583966,2019-05-08 16:32:05,btc,0.0,0.04002652,0,btc,0.0,0.0,0.0,238
0,[],22,[],2019-03-12 16:49:32,0.0,0,0,6914458,2019-03-12 16:49:32,,0.40415746,0.0,0,,526736.5639027493,0.0,0.0,249
0,[],22,[],2019-05-08 17:57:35,0.0,0,0,7584805,2019-05-08 17:57:35,,3.66371783,0.0,0,,30800729.985502645,0.0,0.0,252
1,[],28,[],2019-05-08 17:57:37,41587785.199,0.00000036,0.000000000021252528,7584806,2019-05-08 17:57:37,btc,43891.987115432516,91280.71,0.00000036,btc,2943791.6165,0.0,0.6133597971,256
1,[],22,[],2019-05-08 17:57:40,1088993.5,0.00000002,0.000000000001180696,7584807,2019-05-08 17:57:40,BTC,21.88116616,0.0,0.00000002,BTC,522884.63333384093,0.0,0.01124633,258
1,[],22,[],2019-03-13 00:07:30,47146.0,0.00000001,0.000000000000387233,6917028,2019-03-13 00:07:30,BTC,2.415167,0.0,0.00000001,BTC,157.0,0.0,0.00047146,259
1,[],20,[],2019-05-08 17:57:51,1263273.2591,0.000001066,0.0000000000629310968,7584808,2019-05-08 17:57:51,btc,4.8147028031748,64013.776,0.000001066,btc,86176.2812,0.080555651388,0.0199291187957,264
1,[],5,[],2019-05-08 16:32:52,0.0,0,0,7583970,2019-05-08 16:32:52,btc,0.0,0.21734253,0,btc,0.0,0.0,0.0,264
0,[],22,[],2019-04-12 17:57:27,0.0,0,0,7278186,2019-04-12 17:57:27,,66.37522201,0.0,0,,677842.4169881374,0.0,0.0,271
0,[],22,[],2019-05-08 17:57:54,0.0,0,0,7584809,2019-05-08 17:57:54,,33051802.3172899,0.0,0,,15696307799.7,0.0,0.0,272
0,[],28,[],2019-05-08 17:58:11,0.0,0,0,7584810,2019-05-08 17:58:11,,0.0,0.0,0,,0.0,0.0,0.0,272
1,[],22,[],2019-05-08 17:58:14,171499.7,0.00000014,0.000000000008264871999999999,7584811,2019-05-08 17:58:14,BTC,427.42495672,0.0,0.00000014,BTC,249705.37764460206,0.0,0.00967418,281
1,[],22,[],2019-05-08 17:58:18,610237.6,0.00000002,0.000000000001180696,7584812,2019-05-08 17:58:18,BTC,536.9046243,0.0,0.00000002,"BTC,LTC",593871.6256135202,0.00058431,0.01735607,286
0,[],22,[],2019-05-08 17:58:21,0.0,0,0,7584813,2019-05-08 17:58:21,,7337892.38050348,0.0,0,,1357674043.2797825,0.0,0.0,294
