pairValue,buyBook,exchangeId,sellBook,updated,buyTotal,satoshiPrice,usdPrice,exchangeLogId,created,bestPair,sellTotalBtc,volume,pairPrice,activePairs,sellTotal,volumeBtc,buyTotalBtc,coinId
1,[],3,[],2019-02-13 18:05:19,119.379240998521,0.013765670000000000683382239685670356266200542449951171875,0.000000496663997033,6656204,2019-02-13 18:05:19,btc,107.11037228843935,0.21127235,0.013765670000000000683382239685670356266200542449951171875,btc,23.986794666351,0.0,0.1449810097417385,1
1,[],4,[],2019-02-13 18:05:20,93.27414201,0.01381768,0.0000004985405126319999,6656205,2019-02-13 18:05:20,btc,1.2196193646288342,0.0,0.01381768,btc,78.34838735,0.9870682,1.129527294998275,1
1,[],5,[],2019-02-13 18:05:22,0.33862739,0.01337001,0.000000482388623799,6656206,2019-02-13 18:05:22,btc,14578.65648317,0.05150654,0.01337001,btc,35555556.17846103,0.0,3.1482342,1
1,[],10,[],2019-02-13 18:05:25,413597.22776171,0.0119,0.00000042935081,6656207,2019-02-13 18:05:25,btc,6533.04439368484,1754.42787976,0.0119,btc,1016.94275539,0.0,4.696067849712301,1
1,[],12,[],2019-02-13 18:05:28,10435.57008527,0.01366000000000000026700863742235014797188341617584228515625,0.000000492851434,6656208,2019-02-13 18:05:28,btc,0.3922038206551,0.0,0.01366000000000000026700863742235014797188341617584228515625,btc,21.89954412,4.0258163224411,0.3641510595399,1
1,[],20,[],2019-02-13 18:05:31,1151.8471,0.010500104,0.0000003788427023096,6656209,2019-02-13 18:05:31,btc,0.0573537536243,0.0,0.010500104,btc,2.5253,0.0,0.0973184857115,1
1,[],21,[],2019-02-13 18:05:32,2496.0122034299998,0.01380677999999999940039518975,0.000000498147241722,6656210,2019-02-13 18:05:32,btc,25.143268700946766,3791.71240885,0.01380677999999999940039518975254395627416670322418212890625,"btc,eth",2351.64483916,47.86710186658531,22.519983117848426,1
1,[],22,[],2019-02-13 18:05:36,0.0280576,0.01350000,0.00000048707865,6656211,2019-02-13 18:05:36,BTC,0.3139634,0.0,0.01350000,BTC,0.10070366666666666,0.0,0.00036518,1
0,[],2,[],2019-01-20 23:28:45,0.0,0,0,6477011,2019-01-20 23:28:45,,0.0,0.0,0,,0.0,0.0,0.0,1
1,[],24,[],2019-02-13 18:05:37,0.0,0.000000000000,0,6656212,2019-02-13 18:05:37,btc,0.0,0.0,0.000000000000,btc,0.0,0.0,0.0,1
0.0,[],25,[],2019-02-13 18:05:38,0.0,0,0,6656213,2019-02-13 18:05:38,btc,26.569999997531895,2045.23030289,0.0,btc,1875.46317857,28.2418,0.0,1
1,[],26,[],2019-02-13 18:05:48,0.0,0,0,6656214,2019-02-13 18:05:48,,0.0,0.0,0,,0.0,0.0,0.0,1
1,[],28,[],2019-02-13 18:05:56,992.992,0.01250000,0.00000045099874999999997,6656215,2019-02-13 18:05:56,btc,0.162839806,18304.4,0.01250000,btc,8.9,0.0,0.087170176,1
1,[],5,[],2019-02-13 18:05:57,1.269e-05,0.00000060,0.00000000002164794,6656216,2019-02-13 18:05:57,btc,0.14218297,0.00692102,0.00000060,btc,5.783e-05,0.0,0.23839816,2
0,[],22,[],2019-02-13 18:06:00,0.0,0,0,6656217,2019-02-13 18:06:00,,0.0,0.0,0,,0.0,0.0,0.0,2
1,[],5,[],2019-02-13 18:06:02,1.29e-06,0.00000017,0.0000000000061335829999999995,6656218,2019-02-13 18:06:02,btc,4.31649191,0.27265381,0.00000017,btc,2.278e-05,0.0,3.51528882,3
1,[],12,[],2019-02-13 18:06:03,12274873.70416995,0.000000173,0.0000000000062418227,6656219,2019-02-13 18:06:03,btc,924192.9707426134,0.0,0.000000173,btc,8309211.14366876,0.08760515222243906,0.5184136482339248,3
0,[],28,[],2019-02-13 18:06:04,0.0,0,0,6656220,2019-02-13 18:06:04,,0.0,0.0,0,,0.0,0.0,0.0,3
0,[],2,[],2019-01-20 23:31:32,0.0,0,0,6477077,2019-01-20 23:31:32,,0.0,0.0,0,,0.0,0.0,0.0,4
1,[],4,[],2019-02-13 18:06:06,369014.76211527,0.00000033,0.000000000011906366999999999,6656221,2019-02-13 18:06:06,btc,0.3422092630948957,0.0,0.00000033,btc,323903.63275106,0.0,0.0446654067140441,4
1,[],12,[],2019-02-13 18:06:08,1377838.5219999999,0.00000004,0.000000000001443196,6656222,2019-02-13 18:06:08,btc,11113878.379903205,0.0,0.00000004,btc,1064620.4126309599,0.0015520657242748,0.02282868044,5
0,[],2,[],2019-01-20 23:31:51,0.0,0,0,6477087,2019-01-20 23:31:51,,0.0,0.0,0,,0.0,0.0,0.0,6
1,[],11,[],2019-02-13 18:06:10,4852550.0,0.00000002,0.000000000000721598,6656223,2019-02-13 18:06:10,btc,9433.359750227746,288000.0,0.00000002,btc,41031390.32265751,0.0,0.068360695,6
1,[],3,[],2019-02-13 18:06:11,1074.273146428111,0.00014521000000000000053346216333238771767355501651763916015625,0.000000005239162279,6656224,2019-02-13 18:06:11,btc,28.399990609446498,0.0,0.00014521000000000000053346216333238771767355501651763916015625,btc,235.145665820227,0.0,0.031531977816658056,7
1,[],4,[],2019-02-13 18:06:12,14244.5918689,0.00019600,0.0000000070716604,6656225,2019-02-13 18:06:12,btc,2.424178656414358,0.0,0.00019600,btc,10810.7844315,5.53624016,2.5620423320620977,7
1,[],5,[],2019-02-13 18:06:15,0.00628351,0.00019704,0.000000007109183495999999,6656226,2019-02-13 18:06:15,btc,1.90973035,0.44051056,0.00019704,btc,0.01266677,0.0,1.76428205,7
1,[],20,[],2019-02-13 18:06:17,44226494.8418,0.000000001,0.0000000000000360799,6656227,2019-02-13 18:06:17,btc,116.5824581611263,14554640.7279,0.000000001,btc,28715325.8892,0.0145546407279,0.0442264948418,8
0,[],2,[],2019-01-20 23:22:42,0.0,0,0,6476876,2019-01-20 23:22:42,,0.0,0.0,0,,0.0,0.0,0.0,9
0,[],23,[],2019-01-20 23:22:48,0.0,0,0,6476878,2019-01-20 23:22:48,,0.0,0.0,0,,0.0,0.0,0.0,9
1,[],1,[],2019-02-13 18:06:17,1356610.15,0.000001870000000000000095373470405946125794116596807725727558135986328125,0.000000000067469413,6656228,2019-02-13 18:06:17,btc,5.1353002032,24580087.44,0.000001870000000000000095373470405946125794116596807725727558135986328125,btc,2690823.62,45.24291103,2.5096904501,9
1,[],4,[],2019-02-13 18:06:18,408330.85351127,0.00000186,0.000000000067108614,6656229,2019-02-13 18:06:18,btc,0.8008089573458816,0.0,0.00000186,btc,411721.9976093,1.72382289,0.7210912278286471,9
1,[],28,[],2019-02-13 18:06:20,44885.0,0.00000167,0.000000000060253433,6656230,2019-02-13 18:06:20,btc,2708.76119522,3674447.157,0.00000167,btc,11732.68,0.0,0.04579495,9
1,[],4,[],2019-02-10 09:54:02,5828483.02026053,0.00000002,0.000000000000726692,6623074,2019-02-10 09:54:02,btc,0.2014004865591215,0.0,0.00000002,btc,4198675.28035349,0.00021932,0.0653957035452106,10
0,[],2,[],2019-01-20 23:23:08,0.0,0,0,6476890,2019-01-20 23:23:08,,0.0,0.0,0,,0.0,0.0,0.0,12
1,[],4,[],2019-02-13 18:06:21,1513543.77127893,0.00000142,0.000000000051233458,6656231,2019-02-13 18:06:21,btc,1.5211089750499491,0.0,0.00000142,btc,1009870.54131651,1.90006997,1.6521585614431327,12
1,[],5,[],2019-02-13 18:06:22,1.926e-05,0.00000138,0.000000000049790262,6656232,2019-02-13 18:06:22,btc,0.42803831,0.10238494,0.00000138,btc,0.0001044,0.0,0.22513264,12
0.0,[],25,[],2019-02-13 18:06:23,0.0,0,0,6656233,2019-02-13 18:06:23,,0.0,0.0,0.0,btc,0.0,0.0,0.0,12
1,[],10,[],2019-02-13 15:13:40,444063.20905186,0.00000585,0.000000000210602925,6654617,2019-02-13 15:13:40,btc,666806.4679220492,12439.1076164,0.00000585,btc,750090.67376137,0.0,0.3615067099867945,13
1,[],4,[],2019-02-13 18:06:24,1303210.74419065,0.00000611,0.00000000022044818899999998,6656234,2019-02-13 18:06:24,btc,0.3648860913402232,0.0,0.00000611,btc,54791.78603771,0.27519079,1.300975589794973,13
1,[],21,[],2019-02-13 18:06:28,564293.52486736,0.000006059999999999999577542791895,0.00000000021864419399999999,6656235,2019-02-13 18:06:28,btc,3.8530758855549507,427632.52579978,0.0000060599999999999995775427918953681682978640310466289520263671875,btc,565607.96336916,2.65531132,3.152012294184724,13
1,[],4,[],2019-02-13 18:06:29,997126.81973486,0.00000135,0.000000000048707865,6656236,2019-02-13 18:06:29,btc,0.1126584328197388,0.0,0.00000135,btc,63200.11245542,0.00077327,0.4235559762491436,14
1,[],12,[],2019-02-13 18:06:31,87959.2231405,0.000001230000000000000081983031474663903281907550990581512451171875,0.000000000044378277,6656237,2019-02-13 18:06:31,btc,2.7741206018565756,0.0,0.000001230000000000000081983031474663903281907550990581512451171875,btc,29589.33636749,0.0,0.009538380000005,14
0,[],17,[],2019-02-13 18:06:32,0.0,0,0,6656238,2019-02-13 18:06:32,btc,0.0,0.0,0,btc,0.0,0.0,0.0,14
1,[],26,[],2019-02-13 18:06:32,0.0,0.00000050,0.00000000001803995,6656239,2019-02-13 18:06:32,btc,0.0,0.0,0.00000050,btc,0.0,0.0,0.0,14
,[],12,[],2018-12-01 15:15:48,204241.84496,0.00000489,0.000000000202473384,5260204,2018-12-01 15:15:48,btc,49.5475654835,0.0,,btc,35763.2193806,0.0163153972027625,0.0203389899998,15
0,[],4,[],2019-02-13 18:06:33,0.0,0,0,6656240,2019-02-13 18:06:33,,0.0,0.0,0,,0.0,0.0,0.0,15
0,[],2,[],2019-01-20 23:23:38,0.0,0,0,6476906,2019-01-20 23:23:38,,0.0,0.0,0,,0.0,0.0,0.0,18
1,[],4,[],2019-02-13 18:06:35,27908.32891184,0.00001860,0.00000000067108614,6656241,2019-02-13 18:06:35,btc,2.1948234771283484,0.0,0.00001860,btc,6503.87207957,0.26295136,0.1178565496704684,18
1,[],10,[],2019-02-13 18:06:36,789966.46615007,0.0000176,0.00000000063500624,6656242,2019-02-13 18:06:36,btc,15.545063812611374,317.0,0.0000176,btc,10946.27931938,0.0,0.3126617449220554,18
1,[],12,[],2019-02-13 18:06:38,204562.95287634,0.0000178399999999999985997832518958006176035269163548946380615234375,0.0000000006436654159999999,6656243,2019-02-13 18:06:38,btc,22.61201856632126,0.0,0.0000178399999999999985997832518958006176035269163548946380615234375,btc,1865.93858372,0.000725019678721,0.0385635723549246,18
0,[],17,[],2019-02-13 18:06:40,0.0,0,0,6656244,2019-02-13 18:06:40,btc,0.0,0.0,0,btc,0.0,0.0,0.0,18
0,[],2,[],2019-01-20 23:24:19,0.0,0,0,6476924,2019-01-20 23:24:19,,0.0,0.0,0,,0.0,0.0,0.0,19
1,[],3,[],2019-02-13 18:06:40,129649.60007673103,0.0000250099999999999994082337806400317958832602016627788543701171875,0.0000000009023582989999999,6656245,2019-02-13 18:06:40,btc,0.5028570610993872,0.057352941176,0.0000250099999999999994082337806400317958832602016627788543701171875,btc,5208.732147171352,0.0,0.09980304493181615,19
1,[],4,[],2019-02-13 18:06:41,205426.71989696,0.00002795,0.000000001008433205,6656246,2019-02-13 18:06:41,btc,0.1998556445096421,0.0,0.00002795,btc,6569.44910659,0.72768691,1.8831013993622734,19
1,[],5,[],2019-02-13 18:06:42,0.00020592,0.00002602,0.000000000938798998,6656247,2019-02-13 18:06:42,btc,0.27283241,0.01476586,0.00002602,btc,0.00307958,0.0,0.06683344,19
1,[],12,[],2019-02-13 18:06:44,134811.31157528,0.00002298000000000000020948520695895922472118400037288665771484375,0.000000000829116102,6656248,2019-02-13 18:06:44,btc,0.0295745593645328,0.0,0.00002298000000000000020948520695895922472118400037288665771484375,btc,293.66393647,0.000826023976131,0.0325195299999344,19
0,[],27,[],2019-02-13 18:06:46,0.0,0,0,6656249,2019-02-13 18:06:46,,0.0,0.0,0,btc,0.0,0.0,0.0,19
1,[],4,[],2019-02-13 18:06:47,8114186.09293738,0.00000014,0.000000000005051186,6656250,2019-02-13 18:06:47,btc,0.7707827932436357,0.0,0.00000014,btc,1592783.19386541,0.0,0.2644718132083657,20
1,[],4,[],2019-02-13 18:06:48,113778735.57123545,0.00000002,0.0000000000007215979999999999,6656251,2019-02-13 18:06:48,btc,0.6120240603113652,0.0,0.00000002,btc,17187247.5223107,0.00900387,1.3134151553053495,21
1,[],12,[],2019-02-13 18:06:49,17605209.0,0.00000002,0.000000000000721598,6656252,2019-02-13 18:06:49,btc,669.7027676690421,0.0,0.00000002,btc,8844608.84715552,0.0018697600599397,0.22514446000000002,21
0,[],17,[],2019-02-13 18:06:50,0.0,0,0,6656253,2019-02-13 18:06:50,btc,0.0,0.0,0,btc,0.0,0.0,0.0,21
1,[],12,[],2019-02-13 18:06:52,2964626498.043896,0.0000000002,0.00000000000000721598,6656254,2019-02-13 18:06:52,btc,825864718772.1829,0.0,0.0000000002,btc,4332533821.071132,0.01918873032947053,0.34468168955558975,23
0,[],27,[],2019-02-13 18:06:55,0.0,0,0,6656255,2019-02-13 18:06:55,,0.7240921565934114,0.0,0,eth,727098.85514486,0.0,0.0,23
1,[],4,[],2019-02-13 18:06:56,384017.34996532,0.00000068,0.000000000024534331999999998,6656256,2019-02-13 18:06:56,btc,0.1800245226603438,0.0,0.00000068,btc,172271.34157467,0.0001024,0.1943076078659563,24
1,[],22,[],2019-02-13 18:07:00,11.76,0.00000100,0.0000000000360799,6656257,2019-02-13 18:07:00,BTC,7.415e-05,0.0,0.00000100,BTC,23.919354838709676,0.0,1.176e-05,24
0.0,[],25,[],2019-02-13 18:07:01,0.0,0,0,6656258,2019-02-13 18:07:01,,0.0,0.0,0.0,btc,0.0,0.0,0.0,24
1,[],4,[],2019-02-13 18:07:02,29770496.6534005,0.00000641,0.00000000023127215899999998,6656259,2019-02-13 18:07:02,btc,0.5467086807954569,0.0,0.00000641,btc,43776.49062206,0.30062402,0.487028519081262,26
1,[],10,[],2019-02-13 18:07:04,734881.69333279,0.000005,0.00000000018039950000000001,6656260,2019-02-13 18:07:04,btc,25.935901919975063,5293.58062127,0.000005,btc,15824.17466294,0.0,0.2069683688551038,26
0,[],2,[],2019-01-20 23:25:56,0.0,0,0,6476976,2019-01-20 23:25:56,,0.0,0.0,0,,0.0,0.0,0.0,26
1,[],3,[],2019-02-13 18:07:05,4399338.98586802,0.00000001,0.000000000000360799,6656261,2019-02-13 18:07:05,btc,2.4602999703230015,1500533.01413,0.00000001,btc,16331065.95827614,0.0,0.043993389858680204,27
1,[],5,[],2019-02-13 18:07:06,1e-08,0.00000001,0.00000000000036079899999999997,6656262,2019-02-13 18:07:06,btc,1.59852033,0.0,0.00000001,btc,4.345e-05,0.0,0.09726525,27
1,[],11,[],2019-02-13 18:07:08,10063976.7912115,0.00000005,0.000000000001803995,6656263,2019-02-13 18:07:08,btc,370.63582636475405,8080.0,0.00000005,btc,8170841.5193934,0.0,0.4660996184459823,27
1,[],4,[],2019-02-13 18:07:09,531892384.3474502,0.00000002,0.0000000000007215979999999999,6656264,2019-02-13 18:07:09,btc,0.3704191095853396,0.0,0.00000002,"btc,ltc",25036826.16930836,0.27497161,8.86327342253885,29
1,[],7,[],2019-02-13 18:07:11,29083613.666895237,0.00000002,0.000000000000721598,6656265,2019-02-13 18:07:11,btc,44465225.1063556,512240.161838,0.00000002,btc,52390702.32593035,0.01531623,0.4268473369016671,29
1,[],4,[],2019-02-13 18:07:12,1520562.29488398,0.00000028,0.000000000010102372,6656266,2019-02-13 18:07:12,btc,0.1721418212591015,0.0,0.00000028,btc,372632.45400042,0.00677864,0.1178334860588402,30
0,[],17,[],2019-02-13 18:07:14,0.0,0,0,6656267,2019-02-13 18:07:14,btc,0.0,0.0,0,btc,0.0,0.0,0.0,30
1,[],4,[],2019-02-13 18:07:14,62034.51763337,0.00007011,0.000000002529561789,6656268,2019-02-13 18:07:14,btc,0.6461225580710136,0.0,0.00007011,btc,7923.24386155,1.93708954,3.0615830859369524,31
1,[],21,[],2019-02-13 18:07:15,63714.62282199,0.00006970999999999999495025465590,0.000000002515129829,6656269,2019-02-13 18:07:15,btc,6.504473377890973,255498.54056534,0.000069709999999999994950254655901034084308776073157787322998046875,btc,85046.04734141,18.29031353,4.189267935500553,31
0,[],2,[],2019-01-20 23:28:43,0.0,0,0,6477009,2019-01-20 23:28:43,,0.0,0.0,0,,0.0,0.0,0.0,32
1,[],4,[],2019-02-13 18:07:16,140965936.6137535,0.00000004,0.0000000000014431959999999999,6656270,2019-02-13 18:07:16,btc,2.203194476885569,0.0,0.00000004,"btc,ltc",46336387.09318277,0.60442498,2.3564442441134235,33
1,[],12,[],2019-02-13 18:07:17,12118875.991,0.00000005,0.000000000001803995,6656271,2019-02-13 18:07:17,btc,34508869.305114776,0.0,0.00000005,btc,89095857.25274707,0.0052001928298714,0.37022800955,33
1,[],4,[],2019-02-13 18:07:17,139972021.207503,0.00000001,0.00000000000036079899999999997,6656272,2019-02-13 18:07:17,btc,1.011773858125069,0.0,0.00000001,btc,39814501.37956771,0.23263602,1.3997202120750298,34
1,[],5,[],2019-02-13 18:07:19,1e-08,0.00000001,0.00000000000036079899999999997,6656273,2019-02-13 18:07:19,btc,5.08303177,0.17869758,0.00000001,btc,1.343e-05,0.0,0.85369047,34
0.00000000011493190000000001,[],4,[],2019-02-13 18:07:20,920427559.4727,2.298638e-18,8.29346291762e-23,6656274,2019-02-13 18:07:20,ltc,1.1032927913033061e-08,0.0,0.00000002,ltc,2278955555.764728,0.0,1.4839926151141393e-09,36
1,[],5,[],2019-02-13 18:07:21,0.0,0,0,6656275,2019-02-13 18:07:21,btc,197.5393601,0.0,0,btc,1.325e-05,0.0,0.0,36
0,[],17,[],2019-02-13 18:07:23,0.0,0,0,6656276,2019-02-13 18:07:23,btc,0.14155809871965605,0.0,0,btc,10796613.27743647,0.0,0.0,36
0,[],27,[],2019-02-13 18:07:25,0.0,0,0,6656277,2019-02-13 18:07:25,,240.2503276744,0.0,0,"ltc,eth",3711879.06,0.0,0.0,36
1,[],4,[],2019-02-13 17:26:35,262415.72595211,0.00000124,0.000000000044781236,6656086,2019-02-13 17:26:35,btc,0.461512541523187,0.0,0.00000124,btc,278372.1081191,0.01436919,0.1445531449183884,37
1,[],12,[],2019-02-13 17:26:37,413862.34785632,0.00000128999999999999993103715241471451946608794969506561756134033203125,0.000000000046586930999999997,6656087,2019-02-13 17:26:37,btc,1364.2431208501066,0.0,0.00000128999999999999993103715241471451946608794969506561756134033203125,btc,752679.01292534,0.1854474382065301,0.1886801797869943,37
1,[],17,[],2019-02-13 17:26:38,1752.74075282,0.00000025,0.000000000009028475,6656088,2019-02-13 17:26:38,btc,0.055484923981977775,0.0,0.00000025,btc,1387.19918473,0.0,0.00043818518820499993,37
1,[],27,[],2019-02-13 17:26:40,16052.0,0.00000052,0.000000000018779228,6656089,2019-02-13 17:26:40,btc,26.73595537911233,0.0,0.00000052,btc,6579.81438508,0.0,0.00550422,37
1,[],5,[],2019-02-13 18:07:27,1.575e-05,0.00000098,0.000000000035358302,6656278,2019-02-13 18:07:27,btc,0.09828857,0.10030816,0.00000098,btc,0.00010784,0.0,0.04980368,42
1,[],12,[],2019-02-13 18:07:29,126188.58028563,0.0000009,0.000000000032471909999999996,6656279,2019-02-13 18:07:29,btc,92.92662849564238,0.0,0.0000009,btc,101807.11384713001,0.012166063416586,0.0442053800000125,42
0,[],27,[],2019-02-13 18:07:31,0.0,0,0,6656280,2019-02-13 18:07:31,,0.00315028,0.0,0,"btc,eth",11.007,0.0,0.0,42
1,[],5,[],2019-02-13 18:07:34,3e-08,0.00000002,0.0000000000007215979999999999,6656281,2019-02-13 18:07:34,btc,6.19128493,0.00069356,0.00000002,btc,1.425e-05,0.0,0.61326268,43
1,[],12,[],2019-02-13 18:07:35,3866366.0,0.00000001,0.000000000000360799,6656282,2019-02-13 18:07:35,btc,20007457.492720205,0.0,0.00000001,btc,38976011.21318679,2.1978022e-07,0.03866366,43
0,[],17,[],2019-02-13 18:07:37,0.0,0,0,6656283,2019-02-13 18:07:37,btc,0.0,0.0,0,btc,0.0,0.0,0.0,43
1,[],12,[],2019-02-13 18:07:38,743899.0,0.00000005,0.000000000001803995,6656284,2019-02-13 18:07:38,btc,11115166.868410323,0.0,0.00000005,btc,1031673.70229769,0.0003356096903098,0.02044913,44
1,[],4,[],2019-02-13 18:07:40,225275542.00856274,0.00000002,0.0000000000007215979999999999,6656285,2019-02-13 18:07:40,btc,0.18369271435006548,0.0,0.00000002,"btc,ltc",4535093.98561652,0.00035111,0.4279236750368401,49
0.00000000011493190000000001,[],4,[],2019-02-13 18:07:41,1893099313.7717342,1.149319e-18,4.14673145881e-23,6656286,2019-02-13 18:07:41,ltc,4.645173508708779,0.0,0.00000001,ltc,3821127129.9474792,0.0,2.1757750102048157e-09,52
0,[],22,[],2019-02-13 05:54:27,0.0,0,0,6650710,2019-02-13 05:54:27,,8109.06443955,0.0,0,,266275513.67882353,0.0,0.0,57
0,[],27,[],2019-02-13 05:54:30,0.0,0,0,6650711,2019-02-13 05:54:30,,0.0,0.0,0,"btc,eth",0.0,0.0,0.0,57
0.00000000011493190000000001,[],4,[],2019-02-13 18:07:42,1254176821.0292788,5.746595e-18,2.073365729405e-22,6656287,2019-02-13 18:07:42,ltc,3.277209007765047,0.0,0.00000005,ltc,973076191.2925123,0.0,3.877932280956458e-09,58
1,[],12,[],2019-02-13 18:07:44,1885742862.843957,0.0000000005,0.00000000000001803995,6656288,2019-02-13 18:07:44,btc,224005491172.02527,0.0,0.0000000005,btc,3689723100.9173875,0.026178082452547442,0.6579240745011392,58
0,[],17,[],2019-02-13 18:07:45,0.0,0,0,6656289,2019-02-13 18:07:45,btc,1e+24,0.0,0,btc,41481695.95832568,0.0,0.0,58
0.0000000001371557,[],22,[],2019-02-13 18:07:49,137438.0,1.371557e-18,4.9485639404299996e-23,6656290,2019-02-13 18:07:49,XMR,69.8835922,0.0,0.00000001,XMR,9887963.0,0.0,0.00137438,58
1,[],5,[],2019-02-13 18:07:50,1.371e-05,0.00000084,0.000000000030307116,6656291,2019-02-13 18:07:50,btc,0.21163323,0.0040665,0.00000084,btc,8.153e-05,0.0,0.12975545,61
1,[],22,[],2019-02-13 18:07:54,5149.5,0.00000011,0.000000000003968789,6656292,2019-02-13 18:07:54,BTC,1002.29598212,0.0,0.00000011,BTC,14957.700278135757,0.0,0.00051596,61
1,[],26,[],2019-02-13 18:07:54,0.0,0.00000800,0.0000000002886392,6656293,2019-02-13 18:07:54,btc,0.0,0.0,0.00000800,btc,0.0,0.0,0.0,61
1,[],27,[],2019-02-13 18:07:58,8771.0,0.00000032,0.000000000011545567999999999,6656294,2019-02-13 18:07:58,btc,10.660677388947013,0.0,0.00000032,"btc,eth",15252.75055623,0.0,8.821000169759707e-05,61
1,[],28,[],2019-02-13 18:08:00,19894.304,0.00000091,0.000000000032832709,6656295,2019-02-13 18:08:00,btc,2.056375543700105,771.0,0.00000091,btc,9772.52450005,0.0,0.00993521304,61
1,[],4,[],2019-02-13 16:27:33,401843.5978492,0.00000263,0.00000000009479256400000001,6655426,2019-02-13 16:27:33,btc,1.1778125342441597,0.0,0.00000263,btc,290685.32414791,0.15009121,0.7023980701761027,67
0.0,[],25,[],2019-02-13 16:27:34,0.0,0,0,6655427,2019-02-13 16:27:34,,0.0,0.0,0.0,btc,0.0,0.0,0.0,67
1,[],12,[],2019-02-13 18:08:01,2598511.61216238,0.00000014,0.000000000005051186,6656296,2019-02-13 18:08:01,btc,11115896.135231657,0.0,0.00000014,btc,1749711.07484377,0.0065059111118314,0.0737876364411097,71
,[],5,[],2018-11-20 23:02:39,1.5e-07,0.00000005,0.000000000002128045,4862160,2018-11-20 23:02:39,btc,2.84511358,0.0,,btc,0.00036572,0.0,0.07381892,74
1,[],5,[],2019-01-25 15:53:51,3.303e-05,0.00000156,0.000000000055588884,6499610,2019-01-25 15:53:51,btc,1.42844212,0.0,0.00000156,btc,0.00015937,0.0,0.49487621,75
1,[],4,[],2019-02-13 18:08:02,32832404.75692337,0.00000001,0.00000000000036079899999999997,6656297,2019-02-13 18:08:02,btc,0.7668881456247842,0.0,0.00000001,btc,14615939.68425178,0.0,0.3283240475692337,81
0,[],20,[],2019-01-25 09:30:31,0.0,0,0,6495923,2019-01-25 09:30:31,btc,0.0,0.0,0,btc,0.0,0.0,0.0,81
1,[],4,[],2019-02-13 18:08:04,24123.88835924,0.00007597,0.0000000027409900029999997,6656298,2019-02-13 18:08:04,btc,1.3260424257120134,0.0,0.00007597,btc,11286.95426549,0.02621691,0.112848470488659,82
1,[],21,[],2019-02-13 18:08:04,143530.67782334,0.00007511999999999999905707370740,0.000000002710322088,6656299,2019-02-13 18:08:04,btc,3.7567122001757576,4695.16373176,0.00007511999999999999905707370739804673576145432889461517333984375,btc,43894.32043057,0.35419633,2.8772634651513003,82
0,[],17,[],2019-02-07 10:02:39,0.0,0,0,6611495,2019-02-07 10:02:39,btc,0.0447233088476774,0.0,0,btc,999127.19588126,0.0,0.0,84
0.00000000011493190000000001,[],4,[],2019-02-13 18:08:06,151859435.3280137,8.045233e-18,2.902712021167e-22,6656300,2019-02-13 18:08:06,ltc,0.1956906326439655,0.0,0.00000007,ltc,98803129.65336092,0.0,6.602521606170435e-10,85
,[],22,[],2018-11-20 23:09:34,3408.1,0.0000001,0.0000000000041895,4862324,2018-11-20 23:09:34,BTC,0.04624735,0.0,,BTC,4990.0,0.0,0.00033081,86
0,[],22,[],2019-02-13 18:08:09,0.0,0,0,6656301,2019-02-13 18:08:09,,2.0760781,0.0,0,,140622.94736842104,0.0,0.0,87
0,[],27,[],2019-02-13 18:08:12,0.0,0,0,6656302,2019-02-13 18:08:12,,0.0,0.0,0,btc,0.0,0.0,0.0,87
,[],2,[],2018-11-20 23:10:47,0.0,0,0,4862359,2018-11-20 23:10:47,,0.0,0.0,,,0.0,0.0,0.0,88
1,[],11,[],2019-02-13 18:08:14,100208.54028587,0.00014589999999999999562121100193934353228542022407054901123046875,0.00000000526405741,6656303,2019-02-13 18:08:14,btc,702.8425846007834,4647.74938855,0.00014589999999999999562121100193934353228542022407054901123046875,btc,190611.88403831,0.0,6.995050003503798,89
0,[],2,[],2019-01-20 23:31:45,0.0,0,0,6477083,2019-01-20 23:31:45,,0.0,0.0,0,,0.0,0.0,0.0,91
1,[],12,[],2019-02-13 18:08:15,441192.25503466,0.000003009999999999999980258846843383935265592299401760101318359375,0.00000000010860049899999999,6656304,2019-02-13 18:08:15,btc,4.136617021959587,0.0,0.000003009999999999999980258846843383935265592299401760101318359375,btc,43010.06696639,0.0032587772774244,0.0724199237191715,91
0,[],17,[],2019-02-13 18:08:17,0.0,0,0,6656305,2019-02-13 18:08:17,btc,0.0,0.0,0,btc,0.0,0.0,0.0,91
0.00000000011493190000000001,[],22,[],2019-02-13 18:08:21,23273459.4,5.746595e-18,2.073365729405e-22,6656306,2019-02-13 18:08:21,LTC,8.17576354,0.0,0.00000005,LTC,67492261.1,0.0,0.89586509,95
1,[],4,[],2019-02-13 18:08:22,134130066.88600124,0.00000001,0.00000000000036079899999999997,6656307,2019-02-13 18:08:22,btc,0.9760204765277377,0.0,0.00000001,"btc,ltc",47722791.76820188,0.01268242,0.0003354839223395071,96
1,[],12,[],2019-02-13 18:08:23,572407.0,0.00000001,0.000000000000360799,6656308,2019-02-13 18:08:23,btc,255061.99736885988,0.0,0.00000001,btc,8742799.54676297,0.00055134,0.00572407,96
0,[],17,[],2019-02-13 18:08:26,0.0,0,0,6656309,2019-02-13 18:08:26,btc,0.0,0.0,0,btc,0.0,0.0,0.0,96
1,[],4,[],2019-02-13 18:08:27,1735521.61670429,0.00000032,0.000000000011545567999999999,6656310,2019-02-13 18:08:27,btc,0.1313201077696646,0.0,0.00000032,btc,288553.61168944,0.01392121,0.2007027272752346,99
1,[],4,[],2019-02-13 18:08:28,199831.76284542,0.00004014,0.000000001448247186,6656311,2019-02-13 18:08:28,btc,0.9588536417052147,0.0,0.00004014,btc,21778.38359205,0.9546773,1.3602823270212498,100
0,[],2,[],2019-01-20 23:23:55,0.0,0,0,6476914,2019-01-20 23:23:55,,0.0,0.0,0,,0.0,0.0,0.0,100
1,[],22,[],2019-02-13 18:08:32,50000.0,0.00000001,0.00000000000036079899999999997,6656312,2019-02-13 18:08:32,BTC,23.49896609,0.0,0.00000001,BTC,10277.22,0.0,0.0005,101
1,[],4,[],2019-02-13 18:08:32,310430.92798892,0.00000089,0.000000000032111111,6656313,2019-02-13 18:08:32,btc,0.4002788343515515,0.0,0.00000089,btc,156081.3245757,0.0162519,0.1530219799883065,103
1,[],12,[],2019-02-13 18:08:35,51556906.4663887,0.000000016,0.0000000000005772784,6656314,2019-02-13 18:08:35,btc,137278875.23372948,0.0,0.000000016,btc,122406776.50205165,0.17606196935951676,0.2925570074622192,105
1,[],27,[],2019-02-13 18:08:37,4109342.89,0.00000001,0.00000000000036079899999999997,6656315,2019-02-13 18:08:37,btc,0.3614577513692299,0.0,0.00000001,btc,323444.42860553,0.0,0.0410934289,105
1,[],22,[],2019-02-13 18:08:50,271183.5714285714,0.00000007,0.000000000002525593,6656316,2019-02-13 18:08:50,BTC,51.12453289,0.0,0.00000007,BTC,669300.0,0.002,0.01628285,107
1,[],26,[],2019-02-13 18:08:50,0.0,0.00000000,0,6656317,2019-02-13 18:08:50,btc,0.0,0.0,0.00000000,btc,0.0,0.0,0.0,107
1,[],5,[],2019-02-13 18:08:51,1e-08,0.00000001,0.00000000000036079899999999997,6656318,2019-02-13 18:08:51,btc,2.91007723,0.00617881,0.00000001,btc,1.571e-05,0.0,0.0859952,112
1,[],22,[],2019-02-13 18:08:55,167093.0,0.00000001,0.00000000000036079899999999997,6656319,2019-02-13 18:08:55,BTC,2.81183288,0.0,0.00000001,BTC,808524.0833333334,0.0,0.00167093,112
0.0000000003371593,[],27,[],2019-02-13 18:08:57,500000.0,3.3715929999999998e-18,1.216467382807e-22,6656320,2019-02-13 18:08:57,eth,1.35132491849924,0.0,0.00000001,"btc,eth",1328.641654,0.0,1.6857965e-12,112
1,[],4,[],2019-02-13 18:08:58,439907.5796934,0.00000332,0.000000000119785268,6656321,2019-02-13 18:08:58,btc,0.2413310610594025,0.0,0.00000332,btc,53910.0474335,0.068325,0.1818025253545575,113
1,[],5,[],2019-02-13 18:08:59,1.556e-05,0.00000325,0.000000000117259675,6656322,2019-02-13 18:08:59,btc,0.81324272,0.00032643,0.00000325,btc,0.00141488,0.0,0.22186719,113
1,[],17,[],2019-02-13 18:09:01,152738.278,0.00000004,0.000000000001443196,6656323,2019-02-13 18:09:01,btc,1.3368030274623834,0.0,0.00000004,btc,51896.221,0.0,0.0022095311199999998,116
0,[],27,[],2019-02-13 18:09:03,0.0,0,0,6656324,2019-02-13 18:09:03,,0.0,0.0,0,btc,0.0,0.0,0.0,116
1,[],4,[],2019-02-13 18:09:04,25487.2394963,0.00002831,0.000000001021421969,6656325,2019-02-13 18:09:04,btc,0.3692273338751734,0.0,0.00002831,btc,12454.7869305,7.53472142,0.6062616309977233,120
1,[],7,[],2019-02-13 18:09:05,16347.37180512,0.00002741000000000000014666219627645915579705615527927875518798828125,0.0000000009889500589999999,6656326,2019-02-13 18:09:05,btc,115647.29749752833,93.35946144,0.00002741000000000000014666219627645915579705615527927875518798828125,btc,29656.38651996,0.00258681,0.0560376892621817,120
1,[],20,[],2019-02-13 18:09:11,1093445.8166,0.000000014,0.0000000000005051186,6656327,2019-02-13 18:09:11,btc,33.8691165036599,1088.85,0.000000014,btc,1150552.4764,1.52439e-05,0.0052654043171,125
1,[],22,[],2019-02-13 18:09:16,3053.0,0.00000001,0.00000000000036079899999999997,6656328,2019-02-13 18:09:16,BTC,0.01444889,0.0,0.00000001,BTC,296264.5111111111,0.0,3.053e-05,126
1,[],4,[],2019-02-13 18:09:17,98477.46076229,0.00001453,0.000000000524240947,6656329,2019-02-13 18:09:17,btc,0.5508992259790548,0.0,0.00001453,btc,29812.36168004,0.38725113,0.5981640402357484,131
0,[],17,[],2019-02-13 18:09:18,0.0,0,0,6656330,2019-02-13 18:09:18,btc,0.0009561751951600001,0.0,0,btc,35.42829368,0.0,0.0,131
0,[],2,[],2019-01-20 23:25:46,0.0,0,0,6476969,2019-01-20 23:25:46,,0.0,0.0,0,,0.0,0.0,0.0,131
1,[],4,[],2019-02-13 18:09:19,4618.72335208,0.00016011,0.000000005776752789,6656331,2019-02-13 18:09:19,btc,1.6397450704738545,0.0,0.00016011,btc,295.92689166,0.0,0.0082576416964956,135
1,[],3,[],2019-02-13 18:09:20,1802347.65894064,0.00000005,0.000000000001803995,6656332,2019-02-13 18:09:20,btc,0.1214534958179952,95060.0,0.00000005,btc,432083.50298015,0.0,0.0660968177748125,136
1,[],4,[],2019-02-13 18:09:21,50268.23000556,0.00000175,0.000000000063139825,6656333,2019-02-13 18:09:21,btc,0.0506272362060282,0.0,0.00000175,btc,24679.13874525,0.07405844,0.0583990246647409,137
1,[],12,[],2019-02-13 18:09:22,307242.87898665,0.00000176000000000000008976326626441988310034503228962421417236328125,0.000000000063500624,6656334,2019-02-13 18:09:22,btc,11982.946388012242,0.0,0.00000176000000000000008976326626441988310034503228962421417236328125,btc,158098.64120849,0.0432711745605911,0.04569338066993,137
1,[],4,[],2019-02-13 18:09:23,724839.70383271,0.00004954,0.000000001787398246,6656335,2019-02-13 18:09:23,btc,0.3250092420322035,0.0,0.00004954,btc,5741.21938987,2.0025645,0.643578768859349,142
1,[],5,[],2019-02-13 18:09:24,0.0015439,0.00004855,0.000000001751679145,6656336,2019-02-13 18:09:24,btc,1.07519155,0.63569682,0.00004855,btc,0.0029604,0.0,1.0813164,142
1,[],17,[],2019-02-13 18:09:25,22967.386363640002,0.00000088,0.000000000031750312,6656337,2019-02-13 18:09:25,btc,20.06991335261004,0.0,0.00000088,btc,2746.079105,0.0,0.0104613000000032,142
1,[],20,[],2019-02-13 18:09:27,138144.0739,0.00005,0.0000000018039949999999998,6656338,2019-02-13 18:09:27,btc,0.4576710649522,7504.3384,0.00005,btc,4547.873,0.5768325302148,0.2441057492633,142
1,[],22,[],2019-02-13 18:09:31,1602.4,0.00001020,0.00000000036801498,6656339,2019-02-13 18:09:31,BTC,3.00910435,0.0,0.00001020,BTC,917.058396139644,0.0,0.00170694,142
0.0,[],25,[],2019-02-13 18:09:32,0.0,0,0,6656340,2019-02-13 18:09:32,,0.0,0.0,0.0,btc,0.0,0.0,0.0,142
1,[],28,[],2019-02-13 18:09:34,77893.0,0.00004500,0.0000000016235954999999999,6656341,2019-02-13 18:09:34,btc,0.048809112,1953.0,0.00004500,btc,249.5089,0.0,0.0586872,142
0,[],22,[],2019-02-13 18:09:37,0.0,0,0,6656342,2019-02-13 18:09:37,,67.4285069,0.0,0,,834770972.3,0.0,0.0,143
1,[],21,[],2019-02-13 18:09:38,40276025.89447567,0.00000028,0.000000000010102372,6656343,2019-02-13 18:09:38,btc,39.24846039100479,3365288.35470529,0.00000028,btc,76602330.66996557,0.94655627,6.32372915008795,145
0,[],22,[],2019-02-13 18:09:41,0.0,0,0,6656344,2019-02-13 18:09:41,,4.25424284,0.0,0,,2256156.0,0.0,0.0,146
,[],22,[],2018-11-20 23:01:11,0.0,0,0,4862114,2018-11-20 23:01:11,,2.56807021,0.0,,,61828.4988236,0.0,0.0,147
1,[],12,[],2019-02-13 18:09:43,8679190.61661217,0.00000302999999999999978877139594768408414893201552331447601318359375,0.00000000010932209699999999,6656345,2019-02-13 18:09:43,btc,16.558640592907302,0.0,0.00000302999999999999978877139594768408414893201552331447601318359375,btc,121949.66449333,0.0014474290311488,0.10910094999999351,148
1,[],4,[],2019-02-13 18:09:44,273777.43702966,0.00000042,0.000000000015153558,6656346,2019-02-13 18:09:44,btc,0.7779011927963962,0.0,0.00000042,btc,586529.57485546,0.0,0.0653264895309109,152
0,[],22,[],2019-02-13 18:09:47,0.0,0,0,6656347,2019-02-13 18:09:47,,0.0,0.0,0,,0.0,0.0,0.0,152
1,[],5,[],2019-02-13 18:09:48,0.0,0,0,6656348,2019-02-13 18:09:48,btc,4.35601725,0.0,0,btc,0.0021126,0.0,0.0,153
,[],16,[],2019-01-11 15:38:59,0.0,0,0,6366141,2019-01-11 15:38:59,btc,0.0,0.0,,btc,0.0,0.0,0.0,155
0,[],22,[],2019-02-13 18:09:51,0.0,0,0,6656349,2019-02-13 18:09:51,,6.74608761,0.0,0,,4644402.242592593,0.0,0.0,156
0,[],23,[],2019-01-20 23:24:29,0.0,0,0,6476932,2019-01-20 23:24:29,,0.0,0.0,0,,0.0,0.0,0.0,156
1,[],22,[],2019-02-13 18:09:55,7063.8,0.00005300,0.0000000019122347,6656350,2019-02-13 18:09:55,BTC,43.78801181,0.0,0.00005300,BTC,1067.5805334758436,0.0,0.00104326,157
0,[],22,[],2019-02-13 18:09:58,0.0,0,0,6656351,2019-02-13 18:09:58,,50175.67558609,0.0,0,,54029136.04179466,0.0,0.0,158
,[],17,[],2018-11-20 22:56:10,0.0,0,0,4861976,2018-11-20 22:56:10,btc,1.1265625,0.0,,btc,1000.0,0.0,0.0,159
,[],20,[],2018-11-20 22:56:12,0.0,0,0,4861977,2018-11-20 22:56:12,btc,11912.7940471,0.0,,btc,34413894.3617,0.0,0.0,159
1,[],12,[],2019-02-13 18:09:59,181269.86370138,0.000008110000000000000278869809189341566479924949817359447479248046875,0.000000000292607989,6656352,2019-02-13 18:09:59,btc,6.662017410964036,0.0,0.000008110000000000000278869809189341566479924949817359447479248046875,btc,14794.40557504,0.0059855874079125,0.08865298640003799,168
1,[],17,[],2019-02-13 18:10:00,29784.95,0.000001,0.000000000036079899999999994,6656353,2019-02-13 18:10:00,btc,0.03026736251542,0.0,0.000001,btc,144.46171372,0.0,0.00716147,168
0,[],22,[],2019-02-13 18:10:06,0.0,0,0,6656354,2019-02-13 18:10:06,,1.14776715,0.0,0,,721548.0900917595,0.0,0.0,169
1,[],22,[],2019-02-13 18:10:09,245000.0,0.00000011,0.000000000003968789,6656355,2019-02-13 18:10:09,BTC,11.33112555,0.0,0.00000011,BTC,131141.7766476831,4.225e-05,0.0224,171
1,[],22,[],2019-02-13 18:10:13,218930.66666666666,0.00000018,0.0000000000064943819999999996,6656356,2019-02-13 18:10:13,BTC,2.64988485,0.0,0.00000018,BTC,243335.36821454257,0.0,0.01635152,173
1,[],5,[],2019-02-13 18:10:14,2.22e-05,0.00000196,0.000000000070716604,6656357,2019-02-13 18:10:14,btc,0.24384985,0.00244001,0.00000196,btc,0.00025354,0.0,0.25669318,175
1,[],22,[],2019-02-13 18:10:17,24534.52380952381,0.00000063,0.000000000022730337,6656358,2019-02-13 18:10:17,BTC,0.50171926,0.0,0.00000063,BTC,128186.47031396699,0.0,0.01142508,176
1,[],7,[],2019-02-13 18:10:19,0.0,0,0,6656359,2019-02-13 18:10:19,btc,410974.1987511513,0.0,0,btc,115535570.82091746,0.0,0.0,178
0,[],22,[],2019-02-13 18:10:21,0.0,0,0,6656360,2019-02-13 18:10:21,,1.00242428,0.0,0,,57512.0,0.0,0.0,178
0,[],2,[],2019-01-20 23:28:34,0.0,0,0,6477001,2019-01-20 23:28:34,,0.0,0.0,0,,0.0,0.0,0.0,178
1,[],5,[],2019-02-13 18:10:23,6e-08,0.00000003,0.000000000001082397,6656361,2019-02-13 18:10:23,btc,31.7347589,0.23699564,0.00000003,btc,2.285e-05,0.0,1.50865923,179
1,[],22,[],2019-02-13 18:10:27,7780285.0,0.00000002,0.0000000000007215979999999999,6656362,2019-02-13 18:10:27,BTC,5.92824511,0.0,0.00000002,"BTC,LTC",17868273.399292473,0.00079998,0.38286554,179
0,[],23,[],2019-01-20 23:25:08,0.0,0,0,6476952,2019-01-20 23:25:08,,0.0,0.0,0,,0.0,0.0,0.0,179
1,[],17,[],2019-02-13 18:10:29,10504.725,0.0000001,0.00000000000360799,6656363,2019-02-13 18:10:29,btc,5.201913593534417,0.0,0.0000001,btc,5466.1328087,0.0,0.0010504725,180
1,[],22,[],2019-02-13 18:10:33,13654.4,0.0000005,0.00000000001803995,6656364,2019-02-13 18:10:33,BTC,0.09143332,0.0,0.0000005,"BTC,LTC",6337.240674120756,0.00501523,0.00160544,180
1,[],26,[],2019-02-13 18:10:33,0.0,0.00000150,0.00000000005411985,6656365,2019-02-13 18:10:33,btc,0.0,50.0,0.00000150,btc,0.0,0.0,0.0,180
,[],7,[],2018-11-20 22:58:01,562227.975654,0.00000085,0.000000000036176765,4862015,2018-11-20 22:58:01,btc,21836.6059674,2491.87645172,,btc,749999.041456,0.00211021,0.127565380455,183
,[],5,[],2019-01-10 08:11:41,0.0,0,0,6347036,2019-01-10 08:11:41,btc,82.15055501,0.00261,,btc,1.19002445,0.0,0.0,187
1,[],24,[],2019-02-13 18:10:34,0.0,0.000000000001,3.60799e-17,6656366,2019-02-13 18:10:34,btc,0.0,0.0,0.000000000001,btc,0.0,0.0,0.0,187
,[],17,[],2018-11-16 20:58:10,4062536.27273,0.00000001,0.000000000000550501,4708775,2018-11-16 20:58:10,btc,3.36492563466,0.195460381006,,"btc,eth",110697919.549,0.0,0.0157628953496,187
0,[],22,[],2019-02-13 18:10:37,0.0,0,0,6656367,2019-02-13 18:10:37,,1.19370255,0.0,0,,14406.10286773884,0.0,0.0,191
0,[],22,[],2019-02-13 18:10:45,0.0,0,0,6656368,2019-02-13 18:10:45,,0.0,0.0,0,,0.0,0.0,0.0,197
0,[],23,[],2019-01-20 23:31:41,0.0,0,0,6477079,2019-01-20 23:31:41,,0.0,0.0,0,,0.0,0.0,0.0,199
0,[],22,[],2019-02-13 18:10:48,0.0,0,0,6656369,2019-02-13 18:10:48,,5.15195517,0.0,0,,19804684.0,0.0,0.0,199
1,[],26,[],2019-02-13 18:10:48,0.0,0.00000000,0,6656370,2019-02-13 18:10:48,btc,0.0,758847.0,0.00000000,btc,0.0,0.0,0.0,199
0,[],17,[],2019-01-30 16:32:01,0.0,0,0,6540827,2019-01-30 16:32:01,btc,6.802544163788159,0.0,0,btc,105897.55575295,0.0,0.0,200
0,[],2,[],2019-01-20 23:30:49,0.0,0,0,6477059,2019-01-20 23:30:49,,0.0,0.0,0,,0.0,0.0,0.0,201
1,[],4,[],2019-01-25 15:51:35,2084389.58565343,0.00000936,0.000000000333526752,6499557,2019-01-25 15:51:35,btc,2.0092503037378524,0.0,0.00000936,btc,160195.80207885,0.19272417,1.242687955921835,211
1,[],7,[],2019-02-13 18:10:50,5637422.37468772,0.00000137999999999999991637657063836552850943917292170226573944091796875,0.00000000004979026199999999,6656371,2019-02-13 18:10:50,btc,15450813.66300379,609483.235799,0.00000137999999999999991637657063836552850943917292170226573944091796875,btc,10895388.98002925,0.84446649,3.9727043075736126,212
1,[],5,[],2019-02-13 18:10:52,3.69e-06,0.00000031,0.000000000011184768999999999,6656372,2019-02-13 18:10:52,btc,1.05892729,0.22720426,0.00000031,btc,2.983e-05,0.0,0.15833615,213
1,[],24,[],2019-02-13 18:10:52,0.0,0.000000050000,0.000000000001803995,6656373,2019-02-13 18:10:52,btc,0.0,0.0,0.000000050000,btc,0.0,0.0,0.0,213
1,[],26,[],2019-02-13 18:10:52,0.0,0.00000009,0.0000000000032471909999999998,6656374,2019-02-13 18:10:52,btc,0.0,0.0,0.00000009,btc,0.0,0.0,0.0,213
1,[],12,[],2019-01-25 02:44:32,207462.42853209,0.000001080000000000000035831255497387193287295303889550268650054931640625,0.000000000038610756000000006,6493050,2019-01-25 02:44:32,btc,85023.03793723314,0.0,0.000001080000000000000035831255497387193287295303889550268650054931640625,btc,43675.73520027,0.000146250909087,0.0348620860622024,213
1,[],22,[],2019-02-13 18:10:56,121087.0,0.00000002,0.0000000000007215979999999999,6656375,2019-02-13 18:10:56,BTC,2.19288044,0.0,0.00000002,BTC,153809.63137942314,0.0,0.00160774,216
1,[],27,[],2019-02-13 18:10:59,5203157.5555,0.00000004,0.0000000000014431959999999999,6656376,2019-02-13 18:10:59,btc,257.47463371176,0.0,0.00000004,"btc,ltc",274281.909,0.0,0.05469726222,216
1,[],22,[],2019-02-13 18:11:03,248712.63035082762,0.00000210,0.00000000007576778999999999,6656377,2019-02-13 18:11:03,BTC,12677.06610476,0.0,0.00000210,BTC,429523.22980773513,0.1373408,0.30876909,217
1,[],7,[],2019-02-13 18:11:04,0.0,0,0,6656378,2019-02-13 18:11:04,btc,77970.0557979151,0.0,0,btc,137090858.32140028,0.0,0.0,219
0,[],27,[],2019-02-13 18:11:06,0.0,0,0,6656379,2019-02-13 18:11:06,,5.341893788316972,0.0,0,btc,1605140.99226595,0.0,0.0,219
0.0000000000000052,[],28,[],2019-02-13 18:11:08,169956223.952,6.76052e-18,2.43918885548e-22,6656380,2019-02-13 18:11:08,doge,88712.3748390675,14427.0,0.00130010,"btc,doge",4987338.69631,0.0,1.584403029683526e-11,219
1,[],22,[],2019-02-13 18:11:12,399480.6,0.0000005,0.00000000001803995,6656381,2019-02-13 18:11:12,BTC,3.03262326,0.0,0.0000005,BTC,99855.07001039218,0.00892576,0.04596316,221
1,[],24,[],2019-02-13 18:11:12,0.0,0.000000201200,0.00000000000725927588,6656382,2019-02-13 18:11:12,btc,0.0,0.0,0.000000201200,btc,0.0,0.0,0.0,221
1,[],20,[],2019-02-13 18:11:15,52269469.1018,0.000000003,0.00000000000010823969999999999,6656383,2019-02-13 18:11:15,btc,49.8568239773503,113294.6168,0.000000003,btc,10281219.2359,0.0004148838504,0.054898039522,224
0,[],22,[],2019-02-13 18:11:18,0.0,0,0,6656384,2019-02-13 18:11:18,,0.0,0.0,0,,0.0,0.0,0.0,224
1,[],26,[],2019-02-13 18:11:19,0.0,0.00000035,0.000000000012627964999999999,6656385,2019-02-13 18:11:19,btc,0.0,0.0,0.00000035,btc,0.0,0.0,0.0,231
1,[],26,[],2019-02-13 18:11:19,0.0,0.00000005,0.000000000001803995,6656386,2019-02-13 18:11:19,btc,0.0,200.0,0.00000005,btc,0.0,0.0,0.0,234
0,[],27,[],2019-02-13 18:11:21,0.0,0,0,6656387,2019-02-13 18:11:21,,0.0113483662182,0.0,0,"btc,eth",11462.99618,0.0,0.0,234
0,[],22,[],2019-02-13 18:11:35,0.0,0,0,6656388,2019-02-13 18:11:35,,2.76622139,0.0,0,,92412288.06349206,0.0,0.0,235
1,[],4,[],2019-02-13 18:13:35,1134507.91573823,0.00000100,0.0000000000360799,6656389,2019-02-13 18:13:35,btc,0.3269919645625893,0.0,0.00000100,btc,227663.51780831,0.23288745,0.4422192070990027,236
1,[],24,[],2019-02-13 18:13:35,0.0,0.000000020010,0.0000000000007219587989999999,6656390,2019-02-13 18:13:35,btc,0.0,0.0,0.000000020010,btc,0.0,0.0,0.0,236
1,[],20,[],2019-02-13 18:13:37,64887319.0754,0.000000057,0.0000000000020565543,6656391,2019-02-13 18:13:37,btc,14.9316910100242,21099977.7832,0.000000057,btc,26721790.6167,1.371687809693,0.3050183151029,237
0.00000000011493190000000001,[],22,[],2019-02-13 18:15:40,136267.0,1.149319e-17,4.14673145881e-22,6656392,2019-02-13 18:15:40,LTC,0.04209605,0.0,0.0000001,LTC,22179.0,0.0,0.00541601,237
1,[],4,[],2019-02-13 18:15:41,4240545.15810254,0.00000033,0.000000000011906366999999999,6656393,2019-02-13 18:15:41,btc,0.7002795332187809,0.0,0.00000033,btc,1871609.05156094,0.24055224,1.292122759893448,238
1,[],5,[],2019-02-13 18:15:42,4.25e-06,0.00000033,0.000000000011906366999999999,6656394,2019-02-13 18:15:42,btc,0.85050633,0.00338029,0.00000033,btc,3.008e-05,0.0,0.23785978,238
0,[],22,[],2019-02-13 18:15:46,0.0,0,0,6656395,2019-02-13 18:15:46,,15.41678688,0.0,0,,370860.0639027493,0.0,0.0,249
0.00000000011493190000000001,[],22,[],2019-02-13 18:15:49,7025765.666666667,3.4479570000000003e-18,1.244019437643e-22,6656396,2019-02-13 18:15:49,LTC,0.46265531,0.0,0.00000003,LTC,12972210.09,3.3992833403500004e-13,0.20977599,252
1,[],28,[],2019-02-13 18:15:51,3329168.286,0.00000012,0.000000000004329588,6656397,2019-02-13 18:15:51,btc,164693.67992404007,157441.9,0.00000012,btc,942352.2751,0.0,0.1923643563,256
1,[],22,[],2019-02-13 18:15:56,176118.66666666666,0.00000003,0.000000000001082397,6656398,2019-02-13 18:15:56,BTC,30.16605731,0.0,0.00000003,BTC,467256.92423192423,0.01171745,0.00299152,258
1,[],22,[],2019-01-26 20:58:41,368451.0,0.00000001,0.000000000000356135,6510120,2019-01-26 20:58:41,BTC,2.642917,0.0,0.00000001,"BTC,LTC",1862.0,0.0,0.02488451,259
1,[],22,[],2019-02-13 18:16:01,13568.605914085914,0.00001300,0.0000000004690387,6656399,2019-02-13 18:16:01,BTC,1293.00621073,0.0,0.00001300,"BTC,LTC",5427.384361648658,0.03656051,0.04134962,262
1,[],5,[],2019-02-13 18:16:02,1.721e-05,0.00000203,0.00000000007324219699999999,6656400,2019-02-13 18:16:02,btc,0.79166995,0.14713124,0.00000203,btc,0.00033446,0.0,0.1575901,264
1,[],20,[],2019-02-13 18:16:05,1262937.7285,0.00000195,0.00000000007035580499999999,6656401,2019-02-13 18:16:05,btc,4.968415405281,58773.9191,0.00000195,btc,98969.1922,0.1801347703778,0.0219916026932,264
1,[],22,[],2019-02-13 18:16:08,95356.5,0.00000002,0.0000000000007215979999999999,6656402,2019-02-13 18:16:08,BTC,8.27980096,0.0,0.00000002,BTC,227209.31707431233,0.0,0.0014095,271
0,[],22,[],2019-02-13 18:16:11,0.0,0,0,6656403,2019-02-13 18:16:11,,384.77798703,0.0,0,,15106717515.9,0.0,0.0,272
0.0000000000000052,[],28,[],2019-02-13 18:16:13,176230916756.474,4.5240000000000004e-21,1.632254676e-25,6656404,2019-02-13 18:16:13,doge,441815494.2871066,37313650676.1472,0.00000087,doge,218082014463.6785,0.0,4.363946855108329e-10,272
1,[],22,[],2019-02-13 18:16:18,12784.0,0.00001501,0.000000000541559299,6656405,2019-02-13 18:16:18,BTC,74.07616281,0.0,0.00001501,"BTC,LTC",1567.582716680558,0.01214587,0.03516499,281
