pairValue,buyBook,exchangeId,sellBook,updated,buyTotal,satoshiPrice,usdPrice,exchangeLogId,created,bestPair,sellTotalBtc,volume,pairPrice,activePairs,sellTotal,volumeBtc,buyTotalBtc,coinId
1,[],3,[],2019-03-09 20:53:09,30544.043172177393,0.01254801000000000006651124095924387802369892597198486328125,0.000000491747728293,6889579,2019-03-09 20:53:09,btc,61.16628988845256,0.0,0.01254801000000000006651124095924387802369892597198486328125,btc,29.447878923765,0.0,0.29548668991038796,1
1,[],4,[],2019-03-09 20:53:11,207745.54830923,0.01266657,0.000000496394011701,6889580,2019-03-09 20:53:11,btc,10.033883895592023,0.0,0.01266657,btc,321.68468668,0.743868,1.0277154906030086,1
1,[],5,[],2019-03-09 20:53:13,0.0,0,0,6889581,2019-03-09 20:53:13,btc,0.0,0.00466127,0,btc,0.0,0.0,0.0,1
1,[],10,[],2019-03-09 20:53:15,414103.89891129,0.01060059,0.000000415429701687,6889582,2019-03-09 20:53:15,btc,6521.902949534556,1513.24726842,0.01060059,btc,1073.0138892,0.0,5.189306416445625,1
1,[],12,[],2019-03-09 20:53:18,105.92062683,0.0125000000000000006938893903907228377647697925567626953125,0.00000048986625,6889583,2019-03-09 20:53:18,btc,0.3038873886185,0.0,0.0125000000000000006938893903907228377647697925567626953125,btc,22.79741552,0.0626309914359,0.3272385111189,1
1,[],20,[],2019-03-09 20:53:20,1153.5852,0.010500233,0.00000041149678110689997,6889584,2019-03-09 20:53:20,btc,0.0554564832443,0.0,0.010500233,btc,2.4799,0.0,0.1076153085263,1
1,[],21,[],2019-03-09 20:53:21,2294.30339409,0.01257338000000000031997071659,0.000000492741960834,6889585,2019-03-09 20:53:21,btc,25.52146338489204,5488.13433816,0.01257338000000000031997071658906861557625234127044677734375,"btc,eth",2873.21329922,59.79270892313623,19.910172644797154,1
1,[],22,[],2019-03-09 20:53:25,0.0059712,0.01250000,0.00000048986625,6889586,2019-03-09 20:53:25,BTC,0.31439419,0.0,0.01250000,BTC,0.12751438772928525,0.0,7.464e-05,1
1,[],24,[],2019-03-09 20:53:26,0.0,0.000000000000,0,6889587,2019-03-09 20:53:26,btc,0.0,0.0,0.000000000000,btc,0.0,0.0,0.0,1
0.0,[],25,[],2019-03-09 20:53:27,0.0,0,0,6889588,2019-03-09 20:53:27,btc,13.717399998596958,31.5111124,0.0,btc,1054.97356981,0.406,0.0,1
1,[],26,[],2019-03-09 20:53:37,0.0,0,0,6889589,2019-03-09 20:53:37,,0.0,0.0,0,,0.0,0.0,0.0,1
1,[],28,[],2019-03-09 20:53:44,993.142,0.01323000,0.000000518474439,6889590,2019-03-09 20:53:44,btc,0.147901439075,17990.95,0.01323000,btc,7.9421,0.0,0.089302756,1
0,[],2,[],2019-01-20 23:28:45,0.0,0,0,6477011,2019-01-20 23:28:45,,0.0,0.0,0,,0.0,0.0,0.0,1
1,[],5,[],2019-03-09 20:53:45,0.0,0,0,6889591,2019-03-09 20:53:45,btc,0.0,0.008584,0,btc,0.0,0.0,0.0,2
0,[],22,[],2019-03-09 20:53:48,0.0,0,0,6889592,2019-03-09 20:53:48,,0.0,0.0,0,,0.0,0.0,0.0,2
1,[],5,[],2019-03-09 20:53:49,0.0,0,0,6889593,2019-03-09 20:53:49,btc,0.0,0.90198056,0,btc,0.0,0.0,0.0,3
1,[],12,[],2019-03-09 20:53:51,1932812.39733,0.000000177,0.0000000000069365061,6889594,2019-03-09 20:53:51,btc,22810.248693898302,0.0,0.000000177,btc,950987.4736,0.04514828289837724,0.28064438873008,3
0,[],28,[],2019-03-09 20:53:57,0.0,0,0,6889595,2019-03-09 20:53:57,,0.0,0.0,0,,0.0,0.0,0.0,3
0,[],2,[],2019-01-20 23:31:32,0.0,0,0,6477077,2019-01-20 23:31:32,,0.0,0.0,0,,0.0,0.0,0.0,4
1,[],4,[],2019-03-09 19:03:36,394362.28616607,0.00000032,0.000000000012569280000000001,6889097,2019-03-09 19:03:36,btc,32.15548375957025,0.0,0.00000032,btc,707361.31512647,0.00109114,0.0476374485302292,4
1,[],12,[],2019-03-09 20:53:58,363807.0,0.00000002,0.000000000000783786,6889596,2019-03-09 20:53:58,btc,1111742.12973161,0.0,0.00000002,btc,544783.0,0.0,0.0047358800000000005,5
0,[],2,[],2019-01-20 23:31:51,0.0,0,0,6477087,2019-01-20 23:31:51,,0.0,0.0,0,,0.0,0.0,0.0,6
1,[],11,[],2019-03-09 20:54:01,4731978.6305,0.00000002,0.000000000000783786,6889597,2019-03-09 20:54:01,btc,9568.128864517479,53083.8695,0.00000002,btc,42650286.853213936,0.0,0.06211440761,6
1,[],3,[],2019-03-09 20:54:02,1083.983391501546,0.00015259000000000000102536035218037113736500032246112823486328125,0.000000005979895287,6889598,2019-03-09 20:54:02,btc,29.634085403952064,0.0,0.00015259000000000000102536035218037113736500032246112823486328125,btc,239.122414578101,0.0,0.03372979957660299,7
1,[],4,[],2019-03-09 20:54:03,99114.55550044,0.00025085,0.000000009830635905,6889599,2019-03-09 20:54:03,btc,9.665603166996064,0.0,0.00025085,btc,30114.9928305,2.8204012,6.705730592650056,7
1,[],5,[],2019-03-09 20:54:04,0.0,0,0,6889600,2019-03-09 20:54:04,btc,0.0,0.34738675,0,btc,0.0,0.0,0.0,7
1,[],20,[],2019-02-20 02:16:17,39399275.8418,0.000000001,0.0000000000000390183,6728586,2019-02-20 02:16:17,btc,116.9737569154545,525.0,0.000000001,btc,56932965.8895,5.25e-07,0.0393992758418,8
0,[],2,[],2019-01-20 23:22:42,0.0,0,0,6476876,2019-01-20 23:22:42,,0.0,0.0,0,,0.0,0.0,0.0,9
0,[],23,[],2019-01-20 23:22:48,0.0,0,0,6476878,2019-01-20 23:22:48,,0.0,0.0,0,,0.0,0.0,0.0,9
1,[],4,[],2019-03-09 20:54:07,1124364.90127679,0.00000148,0.000000000058000164,6889601,2019-03-09 20:54:07,btc,5.766975051088101,0.0,0.00000148,btc,2947284.42321718,1.50858583,0.8591887160467038,9
1,[],28,[],2019-03-09 20:54:13,37353.0,0.00000165,0.000000000064662345,6889602,2019-03-09 20:54:13,btc,2708.782203270583,3554719.14,0.00000165,btc,24261.1497,0.0,0.0328195,9
1,[],1,[],2019-02-17 23:31:42,1822507.21,0.00000181000000000000003456111265232042484285557293333113193511962890625,0.000000000066086901,6701244,2019-02-17 23:31:42,btc,3.6990969245,17153386.5,0.00000181000000000000003456111265232042484285557293333113193511962890625,btc,1997391.71,31.11772986,3.2610482446,9
1,[],4,[],2019-02-17 11:22:43,4341674.27126056,0.00000002,0.0000000000007272960000000001,6696112,2019-02-17 11:22:43,btc,0.1997230937751353,0.0,0.00000002,btc,4109766.79808031,0.00215132,0.0479381022052112,10
0,[],2,[],2019-01-20 23:23:08,0.0,0,0,6476890,2019-01-20 23:23:08,,0.0,0.0,0,,0.0,0.0,0.0,12
1,[],4,[],2019-03-09 20:54:15,6338444.95965745,0.00000120,0.00000000004702716,6889603,2019-03-09 20:54:15,btc,8.430810868836561,0.0,0.00000120,btc,4835635.53208982,1.56249688,3.8359335909569947,12
1,[],5,[],2019-03-09 20:54:16,0.0,0,0,6889604,2019-03-09 20:54:16,btc,0.0,0.28156362,0,btc,0.0,0.0,0.0,12
0.0,[],25,[],2019-03-09 20:54:17,0.0,0,0,6889605,2019-03-09 20:54:17,,0.0,0.0,0.0,btc,0.0,0.0,0.0,12
1,[],4,[],2019-03-09 20:54:18,32035022.48231291,0.00000589,0.000000000230824977,6889606,2019-03-09 20:54:18,btc,3.0721238547767156,0.0,0.00000589,btc,416346.73168142,0.30406155,1.31202904460043,13
1,[],10,[],2019-03-09 20:54:20,395029.73831613,0.00000578,0.00000000022651415399999998,6889607,2019-03-09 20:54:20,btc,666801.349655463,8156.09955275,0.00000578,btc,721263.98071735,0.0,0.2480474283287568,13
1,[],21,[],2019-03-09 20:54:21,969392.1603450701,0.000005900000000000000262409451807,0.00000000023121687,6889608,2019-03-09 20:54:21,btc,4.117597663577838,544168.1410718,0.0000059000000000000002624094518066666381628238013945519924163818359375,btc,627274.64458929,3.20334453,5.3490221503674995,13
1,[],4,[],2019-03-09 20:54:22,736118.25813092,0.00000130,0.00000000005094609,6889609,2019-03-09 20:54:22,btc,6.341561925400796,0.0,0.00000130,btc,867690.9020631,0.01279536,0.1562012445007843,14
1,[],12,[],2019-03-09 20:54:23,273721.0,0.0000015000000000000000380012861456169304119612206704914569854736328125,0.00000000005878395,6889610,2019-03-09 20:54:23,btc,0.10414736692746229,0.0,0.0000015000000000000000380012861456169304119612206704914569854736328125,btc,8668.95685197,0.001077317578412,0.0339447,14
0,[],17,[],2019-03-09 20:54:25,0.0,0,0,6889611,2019-03-09 20:54:25,btc,0.0,0.0,0,btc,0.0,0.0,0.0,14
1,[],26,[],2019-03-09 20:54:25,0.0,0.00000050,0.00000000001959465,6889612,2019-03-09 20:54:25,btc,0.0,0.0,0.00000050,btc,0.0,0.0,0.0,14
0,[],4,[],2019-03-09 20:54:26,0.0,0,0,6889613,2019-03-09 20:54:26,,0.0,0.0,0,,0.0,0.0,0.0,15
,[],12,[],2018-12-01 15:15:48,204241.84496,0.00000489,0.000000000202473384,5260204,2018-12-01 15:15:48,btc,49.5475654835,0.0,,btc,35763.2193806,0.0163153972027625,0.0203389899998,15
0,[],2,[],2019-01-20 23:23:38,0.0,0,0,6476906,2019-01-20 23:23:38,,0.0,0.0,0,,0.0,0.0,0.0,18
1,[],4,[],2019-03-09 20:54:28,37264.64259097,0.00001703,0.0000000006673937789999999,6889614,2019-03-09 20:54:28,btc,4.19425783223589,0.0,0.00001703,btc,18908.00311067,0.03516103,0.1207951337224638,18
1,[],10,[],2019-03-09 20:54:30,792059.3158035,0.00001712,0.000000000670920816,6889615,2019-03-09 20:54:30,btc,15.372163275597424,10417.8369995,0.00001712,btc,12489.77049778,0.0,0.2678769847604096,18
1,[],12,[],2019-03-09 20:54:31,362140.95229287,0.00001629999999999999979178981479588372849320876412093639373779296875,0.00000000063878559,6889616,2019-03-09 20:54:31,btc,33008.93591741625,0.0,0.00001629999999999999979178981479588372849320876412093639373779296875,btc,711.91535114,0.0085881808857688,0.022522628476647,18
0,[],17,[],2019-03-09 20:54:32,0.0,0,0,6889617,2019-03-09 20:54:32,btc,0.0,0.0,0,btc,0.0,0.0,0.0,18
0,[],2,[],2019-01-20 23:24:19,0.0,0,0,6476924,2019-01-20 23:24:19,,0.0,0.0,0,,0.0,0.0,0.0,19
1,[],3,[],2019-03-09 20:54:34,117158.57507819535,0.0000211899999999999987128872225294884401591843925416469573974609375,0.000000000830421267,6889618,2019-03-09 20:54:34,btc,0.5201822122244535,41.2234724088,0.0000211899999999999987128872225294884401591843925416469573974609375,btc,9382.483386669976,0.0,0.013621268598737964,19
1,[],4,[],2019-03-09 20:54:35,263873.32162748,0.00002103,0.000000000824150979,6889619,2019-03-09 20:54:35,btc,3.1785977136857433,0.0,0.00002103,btc,94601.48016634,0.97203675,2.6858440217033905,19
1,[],5,[],2019-03-09 20:54:36,0.0,0,0,6889620,2019-03-09 20:54:36,btc,0.0,0.01009699,0,btc,0.0,0.0,0.0,19
1,[],12,[],2019-03-09 20:54:37,169366.46090535,0.000012160000000000000466176576507937312499052495695650577545166015625,0.000000000476541888,6889621,2019-03-09 20:54:37,btc,0.2234950840384313,0.0,0.000012160000000000000466176576507937312499052495695650577545166015625,btc,365.56200924,0.0,0.0290241100000025,19
0,[],27,[],2019-03-09 20:54:39,0.0,0,0,6889622,2019-03-09 20:54:39,,0.0,0.0,0,btc,0.0,0.0,0.0,19
1,[],4,[],2019-03-09 20:54:41,2770050.98210011,0.00000012,0.000000000004702716,6889623,2019-03-09 20:54:41,btc,7.383042289760813,0.0,0.00000012,btc,2876583.25385408,0.00047882,0.0767787845231285,20
0,[],17,[],2019-03-09 19:54:15,0.0,0,0,6889287,2019-03-09 19:54:15,btc,0.0,0.0,0,btc,0.0,0.0,0.0,21
1,[],4,[],2019-03-09 20:54:42,103815793.72147027,0.00000002,0.0000000000007837859999999999,6889624,2019-03-09 20:54:42,btc,1852.945155259571,0.0,0.00000002,btc,54305021.8278267,0.0,1.1630563175500457,21
1,[],12,[],2019-03-09 20:54:43,1359458.0,0.00000001,0.000000000000391893,6889625,2019-03-09 20:54:43,btc,1247.5070061495405,0.0,0.00000001,btc,2425596.97702298,0.0,0.01359458,21
1,[],12,[],2019-03-09 20:54:56,2116442100.0,0.0000000001,0.00000000000000391893,6889626,2019-03-09 20:54:56,btc,1122519.546634886,0.0,0.0000000001,btc,1600812904.1562328,0.035215492657342654,0.21164421,23
0,[],27,[],2019-03-09 20:54:58,0.0,0,0,6889627,2019-03-09 20:54:58,,13.51825636659341,0.0,0,eth,2066931.35514486,0.0,0.0,23
1,[],4,[],2019-03-09 20:54:59,593044.2180805,0.00000046,0.000000000018027078,6889628,2019-03-09 20:54:59,btc,9.370070484397537,0.0,0.00000046,btc,1608671.92484941,0.00283898,0.1575599309933055,24
1,[],22,[],2019-03-09 20:55:05,11.76,0.00000100,0.0000000000391893,6889629,2019-03-09 20:55:05,BTC,7.415e-05,0.0,0.00000100,BTC,23.919354838709676,0.0,1.176e-05,24
0.0,[],25,[],2019-03-09 20:55:06,0.0,0,0,6889630,2019-03-09 20:55:06,,0.0,0.0,0.0,btc,0.0,0.0,0.0,24
1,[],4,[],2019-03-09 20:55:07,26580767.91245776,0.00000646,0.000000000253162878,6889631,2019-03-09 20:55:07,btc,66.57580906719753,0.0,0.00000646,btc,243900.94373887,0.0875521,0.458630310831148,26
1,[],10,[],2019-03-09 20:55:10,686097.89861326,0.00000601,0.000000000235527693,6889632,2019-03-09 20:55:10,btc,26.127630045550156,4458.00389886,0.00000601,btc,14082.23878667,0.0,0.2137617411445378,26
0,[],2,[],2019-01-20 23:25:56,0.0,0,0,6476976,2019-01-20 23:25:56,,0.0,0.0,0,,0.0,0.0,0.0,26
1,[],3,[],2019-03-09 20:55:11,8436944.19501412,0.00000001,0.000000000000391893,6889633,2019-03-09 20:55:11,btc,2.2726296585456245,5024.0,0.00000001,btc,17764993.15743837,0.0,0.08436944195014119,27
1,[],5,[],2019-03-09 20:55:12,0.0,0,0,6889634,2019-03-09 20:55:12,btc,0.0,9.389e-05,0,btc,0.0,0.0,0.0,27
1,[],11,[],2019-03-09 20:55:14,9461840.38103613,0.00000005,0.000000000001959465,6889635,2019-03-09 20:55:14,btc,67506.32843704063,170.63047893,0.00000005,btc,7972152.75036371,0.0,0.44099231334143857,27
1,[],4,[],2019-03-09 20:55:15,2172157915.2690015,0.00000001,0.00000000000039189299999999997,6889636,2019-03-09 20:55:15,btc,3.3289786209804735,0.0,0.00000001,"btc,ltc",216393434.9404402,0.26327046,9.9689667012309,29
1,[],7,[],2019-03-09 20:55:18,35576600.71560571,0.00000001,0.000000000000391893,6889637,2019-03-09 20:55:18,btc,44461616.56853579,5000.0,0.00000001,btc,46746519.45179288,0.0001,0.35576600715605716,29
1,[],4,[],2019-03-09 20:55:19,2387976.21219347,0.00000025,0.000000000009797325,6889638,2019-03-09 20:55:19,btc,2.6388734151068083,0.0,0.00000025,btc,1975618.73549278,0.02563364,0.1151002374407173,30
0,[],17,[],2019-03-09 19:07:14,0.0,0,0,6889139,2019-03-09 19:07:14,btc,0.0,0.0,0,btc,0.0,0.0,0.0,30
1,[],4,[],2019-03-09 20:55:31,163345.61445907,0.00005585,0.000000002188722405,6889639,2019-03-09 20:55:31,btc,10.431230636057126,0.0,0.00005585,btc,132445.14153574,2.81579263,1.0439238821435672,31
1,[],21,[],2019-03-09 20:55:32,115915.44995256,0.00005669000000000000102397257340,0.000000002221641417,6889640,2019-03-09 20:55:32,btc,7.457009657971998,368891.5398393,0.00005669000000000000102397257339958969168947078287601470947265625,btc,115601.74526427999,20.18814515,6.144387542364486,31
0,[],2,[],2019-01-20 23:28:43,0.0,0,0,6477009,2019-01-20 23:28:43,,0.0,0.0,0,,0.0,0.0,0.0,32
1,[],4,[],2019-03-09 20:55:33,411770362.55311245,0.00000004,0.0000000000015675719999999999,6889641,2019-03-09 20:55:33,btc,10.623390626824653,0.0,0.00000004,"btc,ltc",199025701.04981744,0.1309224,9.731936332908335,33
1,[],12,[],2019-03-09 20:55:35,24031549.54000004,0.00000004,0.000000000001567572,6889642,2019-03-09 20:55:35,btc,1311838.4286214092,0.0,0.00000004,btc,15945960.386613341,0.000150816823177,0.5737761919600015,33
1,[],4,[],2019-03-09 20:55:36,110654190.82242525,0.00000001,0.00000000000039189299999999997,6889643,2019-03-09 20:55:36,btc,3.4990367348236315,0.0,0.00000001,btc,99883697.50497656,0.04589452,1.1065419082242525,34
1,[],5,[],2019-03-09 20:55:37,0.0,0,0,6889644,2019-03-09 20:55:37,btc,0.0,0.03178483,0,btc,0.0,0.0,0.0,34
0.0000000001456229,[],4,[],2019-03-09 20:55:38,3188884954.4993334,1.456229e-18,5.70685951497e-23,6889645,2019-03-09 20:55:38,ltc,4.2188163309659605e-08,0.0,0.00000001,ltc,6342619096.469583,0.0,4.64374674840561e-09,36
1,[],5,[],2019-03-09 20:55:39,0.0,0,0,6889646,2019-03-09 20:55:39,btc,0.0,0.0,0,btc,0.0,0.0,0.0,36
0,[],17,[],2019-03-09 20:55:51,0.0,0,0,6889647,2019-03-09 20:55:51,btc,0.0746458232965017,0.0,0,btc,4103573.70243647,0.0,0.0,36
0.00000000034876490000000006,[],27,[],2019-03-09 20:55:55,1090000.0,3.4876490000000006e-18,1.3667852295570002e-22,6889648,2019-03-09 20:55:55,eth,222.5593939951224,0.0,0.00000001,"ltc,eth",11165410.31026039,0.0,1.7224130600000002e-12,36
1,[],4,[],2019-03-09 20:55:56,254632.88169643,0.00000059,0.000000000023121686999999998,6889649,2019-03-09 20:55:56,btc,19772.47846541739,0.0,0.00000059,btc,559800.49341856,0.00662992,0.1110259443465016,37
1,[],12,[],2019-03-09 20:55:57,455700.376191,0.00000062,0.000000000024297366,6889650,2019-03-09 20:55:57,btc,9.71797214487884,0.0,0.00000062,btc,289606.87433383,0.0753188136653499,0.1527234073015672,37
1,[],27,[],2019-03-09 20:56:00,14685.567,0.00000045,0.000000000017635185,6889651,2019-03-09 20:56:00,btc,25.74903392619233,0.0,0.00000045,btc,6518.38138508,0.0,0.00480032515,37
1,[],17,[],2019-03-09 14:52:51,1752.74075282,0.00000025,0.0000000000098297,6887863,2019-03-09 14:52:51,btc,0.055484923777095005,0.0,0.00000025,btc,1319.19918473,0.0,0.00043818518820499993,37
1,[],5,[],2019-03-09 20:56:02,0.0,0,0,6889652,2019-03-09 20:56:02,btc,0.0,0.09791546,0,btc,0.0,0.0,0.0,42
1,[],12,[],2019-03-09 20:56:03,258614.97769805,0.00000101999999999999997501889774376149233603428001515567302703857421875,0.000000000039973085999999997,6889653,2019-03-09 20:56:03,btc,0.2893619926872947,0.0,0.00000101999999999999997501889774376149233603428001515567302703857421875,btc,32375.93681104,0.1298313820199263,0.0228820285557174,42
0.00000000034876490000000006,[],27,[],2019-03-09 20:56:06,2000.0,3.4876490000000006e-18,1.3667852295570002e-22,6889654,2019-03-09 20:56:06,eth,0.00315028,0.0,0.00000001,"btc,eth",11.007,0.0,6.975298000000001e-15,42
1,[],5,[],2019-03-09 20:56:07,0.0,0,0,6889655,2019-03-09 20:56:07,btc,0.0,0.0028864,0,btc,0.0,0.0,0.0,43
1,[],12,[],2019-03-09 20:56:08,1121342.0,0.00000001,0.000000000000391893,6889656,2019-03-09 20:56:08,btc,1.8504711194405596,0.0,0.00000001,btc,4456703.97202798,0.0005494505494504,0.01121342,43
0,[],17,[],2019-03-09 20:56:10,0.0,0,0,6889657,2019-03-09 20:56:10,btc,0.0,0.0,0,btc,0.0,0.0,0.0,43
1,[],12,[],2019-03-05 01:54:08,639326.02,0.00000004,0.000000000001486676,6845775,2019-03-05 01:54:08,btc,11116042.728239931,0.0,0.00000004,btc,1103841.4595604,0.0003330765234764,0.014975410599999999,44
1,[],4,[],2019-03-09 20:56:11,298849910.54509187,0.00000003,0.000000000001175679,6889658,2019-03-09 20:56:11,btc,473.72450766313665,0.0,0.00000003,"btc,ltc",11084625.29859804,0.04301479,0.2895542983916436,49
0.0000000001456229,[],4,[],2019-03-09 20:56:12,13027917.13930798,1.456229e-18,5.70685951497e-23,6889659,2019-03-09 20:56:12,ltc,25.93605946353753,0.0,0.00000001,ltc,10000858027.006735,0.0,1.897163074785732e-11,52
0.0000000001234711,[],22,[],2019-03-09 20:56:15,80845862.0,1.234711e-18,4.83874597923e-23,6889660,2019-03-09 20:56:15,XMR,4366.99376837,0.0,0.00000001,XMR,256039034.67882353,0.0,0.80845862,57
0.00000000034876490000000006,[],27,[],2019-03-09 20:56:17,2000.0,3.4876490000000006e-18,1.3667852295570002e-22,6889661,2019-03-09 20:56:17,eth,0.0,0.0,0.00000001,"btc,eth",0.0,0.0,6.975298000000001e-15,57
0.0000000001456229,[],4,[],2019-03-09 20:56:18,554644923.3319616,2.912458e-18,1.141371902994e-22,6889662,2019-03-09 20:56:18,ltc,18.807189334023253,0.0,0.00000002,ltc,4834963782.245953,0.0,1.169655486610849e-09,58
1,[],12,[],2019-03-09 20:56:19,1064392109.0,0.0000000003,0.000000000000011756789999999999,6889663,2019-03-09 20:56:19,btc,2911891.692154139,0.0,0.0000000003,btc,1666212546.7482517,0.07898097915764236,0.2684156596,58
0.0000000001234711,[],22,[],2019-03-09 20:56:29,137438.0,1.234711e-18,4.83874597923e-23,6889664,2019-03-09 20:56:29,XMR,69.8835922,0.0,0.00000001,XMR,9887963.0,0.0,0.00137438,58
0,[],17,[],2019-03-09 19:08:11,0.0,0,0,6889162,2019-03-09 19:08:11,btc,1e+24,0.0,0,btc,49226522.0897055,0.0,0.0,58
1,[],5,[],2019-03-09 20:56:30,0.0,0,0,6889665,2019-03-09 20:56:30,btc,0.0,1.916e-05,0,btc,0.0,0.0,0.0,61
1,[],22,[],2019-03-09 20:56:33,13757.0,0.00000012,0.000000000004702716,6889666,2019-03-09 20:56:33,BTC,1002.2960049,0.0,0.00000012,BTC,14976.68361146909,0.0,0.00154987,61
1,[],26,[],2019-03-09 20:56:33,0.0,0.00000800,0.0000000003135144,6889667,2019-03-09 20:56:33,btc,0.0,0.0,0.00000800,btc,0.0,0.0,0.0,61
1,[],27,[],2019-03-09 20:56:36,4411.22008,0.00000047,0.000000000018418971,6889668,2019-03-09 20:56:36,btc,2.8990263703141324,0.0,0.00000047,"btc,eth",19485.01257617,0.0,0.0012437599595335254,61
1,[],28,[],2019-03-09 20:56:42,13880.304,0.0000005,0.00000000001959465,6889669,2019-03-09 20:56:42,btc,2.056312978300105,703.0,0.0000005,btc,9730.59500005,0.0,0.00566391304,61
1,[],4,[],2019-03-09 20:56:44,1337787.61255436,0.00000192,0.000000000075243456,6889670,2019-03-09 20:56:44,btc,9.068149219298062,0.0,0.00000192,btc,761152.32461964,0.11503595,1.044662042709536,67
0.0,[],25,[],2019-03-09 20:56:45,0.0,0,0,6889671,2019-03-09 20:56:45,,0.0,0.0,0.0,btc,0.0,0.0,0.0,67
1,[],12,[],2019-03-09 20:56:46,283423.40069611,0.00000027,0.000000000010581111,6889672,2019-03-09 20:56:46,btc,1111115.6500241952,0.0,0.00000027,btc,1106341.68693628,0.0160288835658418,0.0571020199343988,71
,[],5,[],2018-11-20 23:02:39,1.5e-07,0.00000005,0.000000000002128045,4862160,2018-11-20 23:02:39,btc,2.84511358,0.0,,btc,0.00036572,0.0,0.07381892,74
1,[],5,[],2019-03-09 20:56:47,0.0,0,0,6889673,2019-03-09 20:56:47,btc,0.0,0.0,0,btc,0.0,0.0,0.0,75
0,[],20,[],2019-01-25 09:30:31,0.0,0,0,6495923,2019-01-25 09:30:31,btc,0.0,0.0,0,btc,0.0,0.0,0.0,81
1,[],4,[],2019-03-09 20:56:48,13147768.81424166,0.00000001,0.00000000000039189299999999997,6889674,2019-03-09 20:56:48,btc,11388.985544584346,0.0,0.00000001,btc,40019471.49932191,0.0,0.1314776881424166,81
1,[],4,[],2019-03-09 20:56:51,24061.39525227,0.00007725,0.000000003027373425,6889675,2019-03-09 20:56:51,btc,18.13039752388696,0.0,0.00007725,btc,12429.1689142,0.01649472,0.1063482158786246,82
1,[],21,[],2019-03-09 20:56:52,763925.60304386,0.00007535000000000000193716570562,0.000000002952913755,6889676,2019-03-09 20:56:52,btc,3.8300143709713557,3426.40586171,0.000075350000000000001937165705623300482329796068370342254638671875,btc,46054.18743317,0.25606505,2.809921051194448,82
0,[],17,[],2019-03-09 20:07:49,0.0,0,0,6889515,2019-03-09 20:07:49,btc,0.0447233088476774,0.0,0,btc,999127.19588126,0.0,0.0,84
0.0000000001456229,[],4,[],2019-03-09 20:56:54,184904618.3752508,2.912458e-18,1.141371902994e-22,6889677,2019-03-09 20:56:54,ltc,1.7594265133246665,0.0,0.00000002,ltc,400594339.7915537,0.0,3.541636185685853e-10,85
,[],22,[],2018-11-20 23:09:34,3408.1,0.0000001,0.0000000000041895,4862324,2018-11-20 23:09:34,BTC,0.04624735,0.0,,BTC,4990.0,0.0,0.00033081,86
1,[],22,[],2019-03-09 20:56:58,122000.0,0.00000003,0.000000000001175679,6889678,2019-03-09 20:56:58,BTC,2.078122,0.0,0.00000003,BTC,169918.94736842104,0.0,0.00186,87
0,[],27,[],2019-03-09 20:57:00,0.0,0,0,6889679,2019-03-09 20:57:00,,0.0,0.0,0,btc,0.0,0.0,0.0,87
,[],2,[],2018-11-20 23:10:47,0.0,0,0,4862359,2018-11-20 23:10:47,,0.0,0.0,,,0.0,0.0,0.0,88
1,[],11,[],2019-03-09 20:57:03,95997.02526747,0.00014737999999999998822740321369195726219913922250270843505859375,0.000000005775719034,6889680,2019-03-09 20:57:03,btc,610.9211532346508,6714.0008513,0.00014737999999999998822740321369195726219913922250270843505859375,btc,95616.51963571,0.0,6.713551504074423,89
0,[],2,[],2019-01-20 23:31:45,0.0,0,0,6477083,2019-01-20 23:31:45,,0.0,0.0,0,,0.0,0.0,0.0,91
0,[],17,[],2019-03-09 19:56:14,0.0,0,0,6889343,2019-03-09 19:56:14,btc,0.0,0.0,0,btc,0.0,0.0,0.0,91
1,[],12,[],2019-03-09 20:57:04,248623.57309588,0.000001210000000000000061712245556788669631487209699116647243499755859375,0.000000000047419053,6889681,2019-03-09 20:57:04,btc,61.083872049693795,0.0,0.000001210000000000000061712245556788669631487209699116647243499755859375,btc,117008.83900002,0.0048126787132014,0.036807581266329104,91
1,[],22,[],2019-03-09 20:57:18,65900.0,0.00000001,0.00000000000039189299999999997,6889682,2019-03-09 20:57:18,BTC,3e-06,0.0,0.00000001,BTC,1.0,0.0,0.000659,91
0,[],22,[],2019-03-09 20:57:20,0.0,0,0,6889683,2019-03-09 20:57:20,,7.50307462,0.0,0,,70597140.95714286,0.0,0.0,95
0.0000000001456229,[],4,[],2019-03-09 20:57:22,646957902.1703765,7.5723908e-17,2.9675669477844e-21,6889684,2019-03-09 20:57:22,ltc,11.894759087201482,0.0,0.00000052,ltc,136343495.56165135,0.0,1.830141975675652e-09,96
1,[],12,[],2019-03-09 20:57:23,69907.0,0.00000001,0.000000000000391893,6889685,2019-03-09 20:57:23,btc,10.08127168,0.0,0.00000001,btc,2084261.0,7.6e-07,0.00069907,96
0,[],17,[],2019-03-09 20:57:34,0.0,0,0,6889686,2019-03-09 20:57:34,btc,0.0,0.0,0,btc,0.0,0.0,0.0,96
1,[],4,[],2019-03-09 20:57:36,1618643.87914544,0.00000022,0.000000000008621646,6889687,2019-03-09 20:57:36,btc,2.5366471614873256,0.0,0.00000022,btc,2566348.96875156,0.00743941,0.1315030562487,99
0,[],2,[],2019-01-20 23:23:55,0.0,0,0,6476914,2019-01-20 23:23:55,,0.0,0.0,0,,0.0,0.0,0.0,100
1,[],4,[],2019-03-09 20:57:37,311454.74472342,0.00004102,0.000000001607545086,6889688,2019-03-09 20:57:37,btc,11.458843203008128,0.0,0.00004102,btc,161126.41379924,0.62677142,2.6310795019032054,100
1,[],22,[],2019-03-09 20:57:40,50000.0,0.00000001,0.00000000000039189299999999997,6889689,2019-03-09 20:57:40,BTC,23.49896609,0.0,0.00000001,BTC,10277.22,0.0,0.0005,101
1,[],4,[],2019-03-09 20:57:42,425195.11276984,0.00000082,0.000000000032135226,6889690,2019-03-09 20:57:42,btc,308.03577564738515,0.0,0.00000082,btc,492347.96597844,0.01087544,0.205179546590963,103
1,[],12,[],2019-03-09 20:57:44,21890389.19700003,0.000000009,0.00000000000035270369999999997,6889691,2019-03-09 20:57:44,btc,3553851.0552004874,0.0,0.000000009,btc,65398582.89714575,0.02693503008013013,0.05166403777300027,105
1,[],27,[],2019-03-09 20:57:46,223920.39,0.00000001,0.00000000000039189299999999997,6889692,2019-03-09 20:57:46,btc,36.60591030491341,5477.5,0.00000001,btc,1301440.23571724,5.478e-05,0.0022392039,105
1,[],22,[],2019-03-09 20:57:49,9328.0,0.00000001,0.00000000000039189299999999997,6889693,2019-03-09 20:57:49,BTC,51.10837004,0.0,0.00000001,BTC,470435.0,0.0,9.328e-05,107
1,[],26,[],2019-03-09 20:57:49,0.0,0.00000000,0,6889694,2019-03-09 20:57:49,btc,0.0,91290.0,0.00000000,btc,0.0,0.0,0.0,107
1,[],5,[],2019-03-09 20:57:50,0.0,0,0,6889695,2019-03-09 20:57:50,btc,0.0,0.07550666,0,btc,0.0,0.0,0.0,112
1,[],22,[],2019-03-09 20:57:53,1966.0,0.00000001,0.00000000000039189299999999997,6889696,2019-03-09 20:57:53,BTC,2.7975128,0.0,0.00000001,BTC,826524.0833333334,0.0,1.966e-05,112
0.00000000034876490000000006,[],27,[],2019-03-09 20:57:55,2000.0,3.4876490000000006e-18,1.3667852295570002e-22,6889697,2019-03-09 20:57:55,eth,1.24996908,0.0,0.00000001,"btc,eth",1289.0,0.0,6.975298000000001e-15,112
1,[],4,[],2019-03-09 20:57:56,1278311.75727239,0.00000208,0.000000000081513744,6889698,2019-03-09 20:57:56,btc,87.4696889140312,0.0,0.00000208,btc,328711.80547934,0.06402589,0.9716517196340131,113
1,[],5,[],2019-03-09 20:57:57,0.0,0,0,6889699,2019-03-09 20:57:57,btc,0.0,0.0,0,btc,0.0,0.0,0.0,113
1,[],17,[],2019-03-09 20:57:59,152738.278,0.00000004,0.000000000001567572,6889700,2019-03-09 20:57:59,btc,1.3368030274858722,0.0,0.00000004,btc,51896.221,0.0,0.0022095311199999998,116
0,[],27,[],2019-03-09 20:58:02,0.0,0,0,6889701,2019-03-09 20:58:02,,0.0,0.0,0,btc,0.0,0.0,0.0,116
1,[],4,[],2019-03-09 20:58:03,65126.55978976,0.00002455,0.000000000962097315,6889702,2019-03-09 20:58:03,btc,30.606538571747997,0.0,0.00002455,btc,89605.60330953,0.4045413,0.9448369141903559,120
1,[],7,[],2019-03-09 20:58:04,20926.73899581,0.0000212500000000000015265566588595902430824935436248779296875,0.000000000832772625,6889703,2019-03-09 20:58:04,btc,115648.89480684382,0.0,0.0000212500000000000015265566588595902430824935436248779296875,btc,36709.119221220004,0.0,0.0529512810136609,120
1,[],20,[],2019-03-09 19:59:11,2950134.1162,0.000000034,0.0000000000013324362,6889365,2019-03-09 19:59:11,btc,33.6158386038068,61770.5,0.000000034,btc,1013047.029,0.0021517978668,0.0388290589086,125
1,[],22,[],2019-03-09 20:58:11,3053.0,0.00000001,0.00000000000039189299999999997,6889704,2019-03-09 20:58:11,BTC,0.01444887,0.0,0.00000001,BTC,296263.5111111111,0.0,3.053e-05,126
0,[],17,[],2019-03-09 20:09:20,0.0,0,0,6889540,2019-03-09 20:09:20,btc,0.0009561751951600001,0.0,0,btc,35.42829368,0.0,0.0,131
0,[],2,[],2019-01-20 23:25:46,0.0,0,0,6476969,2019-01-20 23:25:46,,0.0,0.0,0,,0.0,0.0,0.0,131
1,[],4,[],2019-03-09 20:58:12,139536.13679278,0.00001303,0.000000000510636579,6889705,2019-03-09 20:58:12,btc,3.5715916335833,0.0,0.00001303,btc,120985.8117004,0.14770488,0.5735428404203821,131
1,[],4,[],2019-03-09 20:58:24,4547.79300483,0.00016000,0.000000006270288,6889706,2019-03-09 20:58:24,btc,1.6192525185060331,0.0,0.00016000,btc,239.25503526,0.0,0.0068861669225237,135
1,[],3,[],2019-03-07 00:20:44,877702.73244099,0.00000004,0.00000000000154846,6863392,2019-03-07 00:20:44,btc,0.119366241821405,0.0,0.00000004,btc,760637.99421222,0.0,0.023771231960604298,136
1,[],4,[],2019-03-09 20:58:25,242718.35974799,0.00000152,0.00000000005956773599999999,6889707,2019-03-09 20:58:25,btc,38.677445460189176,0.0,0.00000152,btc,520420.7746278,0.01265174,0.0665360412130288,137
1,[],12,[],2019-03-09 20:58:26,206882.66666666,0.000001300000000000000047051663780439678674838432925753295421600341796875,0.00000000005094609,6889708,2019-03-09 20:58:26,btc,5.061435672383818,0.0,0.000001300000000000000047051663780439678674838432925753295421600341796875,btc,4480.75945286,0.004205283771056,0.0051317899999998,137
1,[],4,[],2019-03-09 20:58:27,15967.55393716,0.00003859,0.000000001512315087,6889709,2019-03-09 20:58:27,btc,28.530881556923884,0.0,0.00003859,btc,46802.90553546,0.28704639,0.4254919230236247,142
1,[],5,[],2019-03-09 20:58:28,0.0,0,0,6889710,2019-03-09 20:58:28,btc,0.0,0.17447875,0,btc,0.0,0.0,0.0,142
1,[],17,[],2019-03-09 20:58:30,22967.386363640002,0.00000088,0.000000000034486584,6889711,2019-03-09 20:58:30,btc,20.06991335275496,0.0,0.00000088,btc,2746.079105,0.0,0.0104613000000032,142
1,[],20,[],2019-03-09 20:58:31,139639.2096,0.00004001,0.000000001567963893,6889712,2019-03-09 20:58:31,btc,0.3393177797982,305.8807,0.00004001,btc,2289.9773,0.013708242867,0.3068355984189,142
1,[],22,[],2019-03-09 20:58:34,1470.8988921568628,0.00004000,0.000000001567572,6889713,2019-03-09 20:58:34,BTC,3.00385504,0.0,0.00004000,BTC,891.218,0.0,0.0012358,142
0.0,[],25,[],2019-03-09 20:58:36,0.0,0,0,6889714,2019-03-09 20:58:36,,0.0,0.0,0.0,btc,0.0,0.0,0.0,142
1,[],28,[],2019-03-09 20:58:42,76201.664,0.00001500,0.0000000005878395,6889715,2019-03-09 20:58:42,btc,0.067100461059305,1587.0,0.00001500,btc,552.61077999,0.0,0.00546896,142
0,[],22,[],2019-03-09 20:58:45,0.0,0,0,6889716,2019-03-09 20:58:45,,65.61831169,0.0,0,,1037691921.3,0.0,0.0,143
0,[],22,[],2019-02-25 15:42:22,0.0,0,0,6783783,2019-02-25 15:42:22,,4.2131946,0.0,0,,2322156.0,0.0,0.0,146
,[],22,[],2018-11-20 23:01:11,0.0,0,0,4862114,2018-11-20 23:01:11,,2.56807021,0.0,,,61828.4988236,0.0,0.0,147
1,[],12,[],2019-03-09 20:58:47,334525.96476801,0.0000022100000000000000164603573826749283171011484228074550628662109375,0.000000000086608353,6889717,2019-03-09 20:58:47,btc,1.7282267086747016,0.0,0.0000022100000000000000164603573826749283171011484228074550628662109375,btc,28168.32742472,0.00017622377622,0.0283258699999773,148
1,[],4,[],2019-03-09 20:58:48,251574.86341834,0.00000029,0.000000000011364897,6889718,2019-03-09 20:58:48,btc,219.99888813067545,0.0,0.00000029,btc,841119.99512658,0.0,0.0598002236458012,152
0,[],22,[],2019-03-09 20:58:50,0.0,0,0,6889719,2019-03-09 20:58:50,,0.0,0.0,0,,0.0,0.0,0.0,152
1,[],5,[],2019-03-09 20:58:52,0.0,0,0,6889720,2019-03-09 20:58:52,btc,0.0,0.0,0,btc,0.0,0.0,0.0,153
,[],16,[],2019-01-11 15:38:59,0.0,0,0,6366141,2019-01-11 15:38:59,btc,0.0,0.0,,btc,0.0,0.0,0.0,155
0,[],23,[],2019-01-20 23:24:29,0.0,0,0,6476932,2019-01-20 23:24:29,,0.0,0.0,0,,0.0,0.0,0.0,156
0,[],22,[],2019-03-09 20:58:54,0.0,0,0,6889721,2019-03-09 20:58:54,,6.7463781,0.0,0,,4673397.242592593,0.0,0.0,156
1,[],22,[],2019-03-09 20:58:58,7134.80396467832,0.00005549,0.000000002174614257,6889722,2019-03-09 20:58:58,BTC,1.80155055,0.0,0.00005549,BTC,865.6461988741639,0.00188644,0.00442847,157
0,[],22,[],2019-03-09 20:59:00,0.0,0,0,6889723,2019-03-09 20:59:00,,50175.67608608,0.0,0,,54079135.04179466,0.0,0.0,158
,[],17,[],2018-11-20 22:56:10,0.0,0,0,4861976,2018-11-20 22:56:10,btc,1.1265625,0.0,,btc,1000.0,0.0,0.0,159
,[],20,[],2018-11-20 22:56:12,0.0,0,0,4861977,2018-11-20 22:56:12,btc,11912.7940471,0.0,,btc,34413894.3617,0.0,0.0,159
1,[],12,[],2019-03-09 20:59:02,220651.30535755,0.00000675999999999999965174558858027609176133410073816776275634765625,0.000000000264919668,6889724,2019-03-09 20:59:02,btc,0.7745455199914636,0.0,0.00000675999999999999965174558858027609176133410073816776275634765625,btc,8108.1575440999995,0.0012951651,0.0948359734722101,168
1,[],17,[],2019-03-09 20:59:04,29784.95,0.000001,0.0000000000391893,6889725,2019-03-09 20:59:04,btc,0.03026736251542,0.0,0.000001,btc,144.46171372,0.0,0.00716147,168
0,[],22,[],2019-03-07 13:06:36,0.0,0,0,6867364,2019-03-07 13:06:36,,1.1339604,0.0,0,,520283.17470714403,0.0,0.0,169
1,[],22,[],2019-03-09 20:59:07,227715.66666666666,0.0000001,0.00000000000391893,6889726,2019-03-09 20:59:07,BTC,14.35049674,0.0,0.0000001,BTC,156152.1439341018,0.00014942,0.00308617,171
1,[],22,[],2019-03-09 20:59:12,927527.1083333333,0.00000011,0.000000000004310823,6889727,2019-03-09 20:59:12,BTC,2.25256216,0.0,0.00000011,"BTC,LTC",279854.69750116824,0.0,0.03105863,173
1,[],5,[],2019-03-05 01:59:40,0.0,0,0,6845846,2019-03-05 01:59:40,btc,0.0,0.00384852,0,btc,0.0,0.0,0.0,175
1,[],22,[],2019-03-09 20:59:15,35500.0,0.00000012,0.000000000004702716,6889728,2019-03-09 20:59:15,BTC,0.54559973,0.0,0.00000012,BTC,137776.41444619838,0.0,0.00206,176
1,[],7,[],2019-03-09 20:59:16,0.0,0,0,6889729,2019-03-09 20:59:16,btc,410914.89015791274,18857.1428571,0,btc,116624946.54749101,0.00018857,0.0,178
0,[],22,[],2019-03-09 20:59:18,0.0,0,0,6889730,2019-03-09 20:59:18,,1.00242438,0.0,0,,57522.0,0.0,0.0,178
0,[],2,[],2019-01-20 23:28:34,0.0,0,0,6477001,2019-01-20 23:28:34,,0.0,0.0,0,,0.0,0.0,0.0,178
1,[],5,[],2019-03-09 20:59:19,0.0,0,0,6889731,2019-03-09 20:59:19,btc,0.0,0.02591901,0,btc,0.0,0.0,0.0,179
1,[],22,[],2019-03-09 20:59:23,6875825.5,0.00000002,0.0000000000007837859999999999,6889732,2019-03-09 20:59:23,BTC,5.65178315,0.0,0.00000002,"BTC,LTC",17775471.423202086,2.322e-05,0.37245723,179
0,[],23,[],2019-01-20 23:25:08,0.0,0,0,6476952,2019-01-20 23:25:08,,0.0,0.0,0,,0.0,0.0,0.0,179
1,[],22,[],2019-03-09 20:59:28,650016.7090909091,0.00000165,0.000000000064662345,6889733,2019-03-09 20:59:28,BTC,0.18180453,0.0,0.00000165,"BTC,LTC",48416.756131308655,0.01027103,0.55870298,180
1,[],26,[],2019-03-09 20:59:28,0.0,0.00000125,0.000000000048986625,6889734,2019-03-09 20:59:28,btc,0.0,194.0,0.00000125,btc,0.0,0.0,0.0,180
1,[],17,[],2019-03-09 20:10:08,10504.725,0.0000001,0.00000000000391893,6889553,2019-03-09 20:10:08,btc,5.2010695838170005,0.0,0.0000001,btc,4994.45945,0.0,0.0010504725,180
,[],7,[],2018-11-20 22:58:01,562227.975654,0.00000085,0.000000000036176765,4862015,2018-11-20 22:58:01,btc,21836.6059674,2491.87645172,,btc,749999.041456,0.00211021,0.127565380455,183
1,[],24,[],2019-03-09 20:59:28,0.0,0.000000000001,3.91893e-17,6889735,2019-03-09 20:59:28,btc,0.0,0.0,0.000000000001,btc,0.0,0.0,0.0,187
,[],5,[],2019-01-10 08:11:41,0.0,0,0,6347036,2019-01-10 08:11:41,btc,82.15055501,0.00261,,btc,1.19002445,0.0,0.0,187
,[],17,[],2018-11-16 20:58:10,4062536.27273,0.00000001,0.000000000000550501,4708775,2018-11-16 20:58:10,btc,3.36492563466,0.195460381006,,"btc,eth",110697919.549,0.0,0.0157628953496,187
0,[],22,[],2019-03-09 20:59:31,0.0,0,0,6889736,2019-03-09 20:59:31,,7.54797454,0.0,0,,79361.7243344055,0.0,0.0,191
0,[],22,[],2019-03-09 20:59:36,0.0,0,0,6889737,2019-03-09 20:59:36,,0.0,0.0,0,,0.0,0.0,0.0,197
0,[],22,[],2019-03-09 20:59:38,0.0,0,0,6889738,2019-03-09 20:59:38,,5.19076992,0.0,0,,21057923.0,0.0,0.0,199
1,[],26,[],2019-03-09 20:59:38,0.0,0.00000000,0,6889739,2019-03-09 20:59:38,btc,0.0,127753.0,0.00000000,btc,0.0,0.0,0.0,199
0,[],23,[],2019-01-20 23:31:41,0.0,0,0,6477079,2019-01-20 23:31:41,,0.0,0.0,0,,0.0,0.0,0.0,199
0,[],17,[],2019-01-30 16:32:01,0.0,0,0,6540827,2019-01-30 16:32:01,btc,6.802544163788159,0.0,0,btc,105897.55575295,0.0,0.0,200
0,[],2,[],2019-01-20 23:30:49,0.0,0,0,6477059,2019-01-20 23:30:49,,0.0,0.0,0,,0.0,0.0,0.0,201
1,[],4,[],2019-01-25 15:51:35,2084389.58565343,0.00000936,0.000000000333526752,6499557,2019-01-25 15:51:35,btc,2.0092503037378524,0.0,0.00000936,btc,160195.80207885,0.19272417,1.242687955921835,211
1,[],7,[],2019-03-09 20:59:42,3370046.75892047,0.000001049999999999999899545958213786800428124479367397725582122802734375,0.00000000004114876499999999,6889740,2019-03-09 20:59:42,btc,15476654.131370677,597333.990878,0.000001049999999999999899545958213786800428124479367397725582122802734375,btc,13681780.72798292,0.0,1.7567575839950313,212
1,[],5,[],2019-03-09 20:59:44,0.0,0,0,6889741,2019-03-09 20:59:44,btc,0.0,0.09572732,0,btc,0.0,0.0,0.0,213
1,[],24,[],2019-03-09 20:59:44,0.0,0.000000120000,0.000000000004702716,6889742,2019-03-09 20:59:44,btc,0.0,0.0,0.000000120000,btc,0.0,0.0,0.0,213
1,[],26,[],2019-03-09 20:59:44,0.0,0.00000010,0.00000000000391893,6889743,2019-03-09 20:59:44,btc,0.0,0.0,0.00000010,btc,0.0,0.0,0.0,213
1,[],12,[],2019-01-25 02:44:32,207462.42853209,0.000001080000000000000035831255497387193287295303889550268650054931640625,0.000000000038610756000000006,6493050,2019-01-25 02:44:32,btc,85023.03793723314,0.0,0.000001080000000000000035831255497387193287295303889550268650054931640625,btc,43675.73520027,0.000146250909087,0.0348620860622024,213
1,[],22,[],2019-03-09 20:59:48,65000.0,0.00000002,0.0000000000007837859999999999,6889744,2019-03-09 20:59:48,BTC,2.28062382,0.0,0.00000002,BTC,675757.3963726171,0.0,0.00105,216
1,[],27,[],2019-03-09 20:59:50,1298122.0,0.00000003,0.000000000001175679,6889745,2019-03-09 20:59:50,btc,317.9840534547724,480.0,0.00000003,"btc,ltc",240763.990324,1.44e-05,0.03375764000026212,216
1,[],22,[],2019-03-09 20:59:53,160746.52409638555,0.00000173,0.00000000006779748899999999,6889746,2019-03-09 20:59:53,BTC,12673.57176195,0.0,0.00000173,BTC,432481.779803172,0.02416045,0.1730957,217
1,[],7,[],2019-03-09 20:59:56,0.0,0,0,6889747,2019-03-09 20:59:56,btc,77969.38823110008,0.0,0,btc,135865036.11822966,0.0,0.0,219
0,[],27,[],2019-03-09 20:59:57,0.0,0,0,6889748,2019-03-09 20:59:57,,0.04027288,0.0,0,btc,2037233.0,0.0,0.0,219
0.0000000000000051,[],28,[],2019-03-09 21:00:06,168978802.075,7.65e-18,2.9979814499999997e-22,6889749,2019-03-09 21:00:06,doge,85152.2106148375,14468.0,0.00150000,"btc,doge",3763918.34751,0.0,1.6718492800664656e-11,219
1,[],22,[],2019-03-09 21:00:09,348339.0,0.00000006,0.000000000002351358,6889750,2019-03-09 21:00:09,BTC,2.76264714,0.0,0.00000006,BTC,89545.24541875876,0.0,0.01427961,221
1,[],24,[],2019-03-09 21:00:09,0.0,0.000000200000,0.00000000000783786,6889751,2019-03-09 21:00:09,btc,0.0,0.0,0.000000200000,btc,0.0,0.0,0.0,221
1,[],20,[],2019-03-09 21:00:11,39105329.5253,0.000000001,0.0000000000000391893,6889752,2019-03-09 21:00:11,btc,48.4450043719203,0.0,0.000000001,btc,16389766.8029,0.0,0.0391053295253,224
0,[],22,[],2019-03-09 21:00:13,0.0,0,0,6889753,2019-03-09 21:00:13,,0.0,0.0,0,,0.0,0.0,0.0,224
1,[],26,[],2019-03-09 21:00:14,0.0,0.00000035,0.000000000013716255,6889754,2019-03-09 21:00:14,btc,0.0,0.0,0.00000035,btc,0.0,0.0,0.0,231
1,[],26,[],2019-03-09 21:00:15,0.0,0.00000005,0.000000000001959465,6889755,2019-03-09 21:00:15,btc,0.0,200.0,0.00000005,btc,0.0,0.0,0.0,234
0.00000000034876490000000006,[],27,[],2019-03-09 21:00:17,2000.0,3.4876490000000006e-18,1.3667852295570002e-22,6889756,2019-03-09 21:00:17,eth,0.01134836604,0.0,0.00000001,"btc,eth",11462.996,0.0,6.975298000000001e-15,234
1,[],4,[],2019-03-09 21:00:19,769962.19138893,0.00000073,0.000000000028608189,6889757,2019-03-09 21:00:19,btc,4.338920607590733,0.0,0.00000073,btc,1232999.43353433,0.02774965,0.1911004342132621,236
1,[],24,[],2019-03-09 21:00:19,0.0,0.000000300000,0.00000000001175679,6889758,2019-03-09 21:00:19,btc,0.0,0.0,0.000000300000,btc,0.0,0.0,0.0,236
1,[],20,[],2019-03-09 21:00:21,198070106.3872,0.000000052,0.0000000000020378435999999998,6889759,2019-03-09 21:00:21,btc,13.7140906754061,17333886.2403,0.000000052,btc,38744615.6719,0.9753409888834,0.2687283648497,237
0.0000000001456229,[],22,[],2019-03-09 21:00:24,751594.9,2.4755893e-17,9.701661175449e-22,6889760,2019-03-09 21:00:24,LTC,0.0405823,0.0,0.00000017,LTC,3164.0,0.0,0.12541949,237
1,[],4,[],2019-03-09 21:00:25,9564966.55590558,0.00000040,0.00000000001567572,6889761,2019-03-09 21:00:25,btc,9.081196509192683,0.0,0.00000040,btc,10657960.25790647,0.23067501,2.5289442836228537,238
1,[],5,[],2019-03-09 21:00:26,0.0,0,0,6889762,2019-03-09 21:00:26,btc,0.0,0.10877471,0,btc,0.0,0.0,0.0,238
0,[],22,[],2019-03-09 21:00:30,0.0,0,0,6889763,2019-03-09 21:00:30,,0.40415746,0.0,0,,526736.5639027493,0.0,0.0,249
0.0000000001456229,[],22,[],2019-03-09 21:00:33,49087200.666666664,5.824916e-18,2.282743805988e-22,6889764,2019-03-09 21:00:33,LTC,0.90188236,0.0,0.00000004,LTC,17061399.253636364,0.0,1.18162413,252
1,[],28,[],2019-03-09 21:00:46,2806323.713,0.00000038,0.000000000014891933999999998,6889765,2019-03-09 21:00:46,btc,164734.2984890928,18038.1,0.00000038,btc,3016860.2027,0.0,0.57997390182,256
1,[],22,[],2019-03-09 21:00:50,1368973.8333333333,0.00000004,0.0000000000015675719999999999,6889766,2019-03-09 21:00:50,BTC,31.45943656,0.0,0.00000004,BTC,706416.3568978057,0.00015349,0.02030077,258
1,[],22,[],2019-03-09 21:00:54,48751.0,0.00000001,0.00000000000039189299999999997,6889767,2019-03-09 21:00:54,BTC,2.4175745,0.0,0.00000001,BTC,1762.0,0.0,0.00048751,259
1,[],5,[],2019-03-09 21:00:55,0.0,0,0,6889768,2019-03-09 21:00:55,btc,0.0,0.13969628,0,btc,0.0,0.0,0.0,264
1,[],20,[],2019-03-09 21:00:57,1216438.1337,0.000002,0.0000000000783786,6889769,2019-03-09 21:00:57,btc,7.4609465387344,115516.6577,0.000002,btc,102171.2012,0.2630537004314,0.0180539432198,264
0,[],22,[],2019-03-09 21:00:59,0.0,0,0,6889770,2019-03-09 21:00:59,,8.75643939,0.0,0,,466495.2241309945,0.0,0.0,271
0,[],22,[],2019-03-09 21:01:12,0.0,0,0,6889771,2019-03-09 21:01:12,,266.24197304,0.0,0,,13936792767.692,0.0,0.0,272
0.0000000000000051,[],28,[],2019-03-09 21:01:18,221864356712.905,5.151e-21,2.018640843e-25,6889772,2019-03-09 21:01:18,doge,37039020.607639484,21318860544.946,0.00000101,doge,225750353200.8329,0.0,6.263944694443215e-10,272
1,[],22,[],2019-03-09 21:01:29,179098.74,0.0000007,0.00000000002743251,6889773,2019-03-09 21:01:29,BTC,177.96748736,0.0,0.0000007,"BTC,LTC",32541.441119091924,0.0322615,0.06950825,281
1,[],22,[],2019-03-09 21:01:33,815213.0,0.00000012,0.000000000004702716,6889774,2019-03-09 21:01:33,BTC,1.29899482,0.0,0.00000012,BTC,121551.67624667763,0.04364645,0.00837222,286
0,[],22,[],2019-03-09 21:01:36,0.0,0,0,6889775,2019-03-09 21:01:36,,43638.82491513,0.0,0,,700126356.0,0.0,0.0,294
