pairValue,buyBook,exchangeId,sellBook,updated,buyTotal,satoshiPrice,usdPrice,exchangeLogId,created,bestPair,sellTotalBtc,volume,pairPrice,activePairs,sellTotal,volumeBtc,buyTotalBtc,coinId
1,[],3,[],2019-05-29 14:44:11,38.23764905739,0.01072548000000000077702733136675306013785302639007568359375,0.0000009327681819000001,7707030,2019-05-29 14:44:11,btc,0.14152079226595476,45.8795143383,0.01072548000000000077702733136675306013785302639007568359375,btc,12.421578263446,0.0,0.33613260386867355,1
1,[],4,[],2019-05-29 14:44:12,207685.71865829,0.01079896,0.0000009391585538,7707031,2019-05-29 14:44:12,btc,7.861803594666637,0.0,0.01079896,btc,316.36040163,1.5109435,0.6463028587341669,1
1,[],5,[],2019-05-29 14:44:14,0.0,0,0,7707032,2019-05-29 14:44:14,btc,0.0,0.00076881,0,btc,0.0,0.0,0.0,1
1,[],10,[],2019-05-29 14:44:17,312376.10142099,0.00666087,0.000000579279211725,7707033,2019-05-29 14:44:17,btc,6520.976358525158,1070.71875296,0.00666087,btc,1287.2801144,0.0,2.355300669487897,1
1,[],12,[],2019-05-29 14:44:20,82.54430857,0.010829999999999999349409307569658267311751842498779296875,0.0000009418580249999999,7707034,2019-05-29 14:44:20,btc,0.1819144634736,0.0,0.010829999999999999349409307569658267311751842498779296875,btc,15.83272545,0.069039330371,0.3492611591591,1
1,[],20,[],2019-05-29 14:44:22,972.8887,0.00900156,0.0000007828431693000001,7707035,2019-05-29 14:44:22,btc,0.2227073175333,26.0834,0.00900156,btc,17.2485,0.2671939006588,0.1034771957745,1
1,[],21,[],2019-05-29 14:44:24,2247.02810585,0.01087988999999999970014208373,0.000000946196833575,7707036,2019-05-29 14:44:24,btc,10.332128755050572,4014.1704783,0.0108798899999999997001420837250407203100621700286865234375,"btc,eth",1222.09164409,41.826250498876256,20.448948467703946,1
1,[],22,[],2019-05-29 14:44:28,0.0025666666666666667,0.00900000,0.0000007827075,7707037,2019-05-29 14:44:28,BTC,0.31629903,0.0,0.00900000,BTC,0.2505752479991019,0.0,2.31e-05,1
1,[],24,[],2019-05-29 14:44:28,0.0,0.000000000000,0,7707038,2019-05-29 14:44:28,btc,0.0,0.0,0.000000000000,btc,0.0,0.0,0.0,1
0.0,[],25,[],2019-05-29 14:44:29,0.0,0,0,7707039,2019-05-29 14:44:29,btc,47.049999998112625,7739.45805445,0.0,btc,4182.8938334,84.3826,0.0,1
1,[],26,[],2019-05-29 14:44:31,0.0,0,0,7707040,2019-05-29 14:44:31,,0.0,0.0,0,,0.0,0.0,0.0,1
0,[],28,[],2019-05-29 14:45:39,0.0,0,0,7707041,2019-05-29 14:45:39,,0.0,360361.45,0,,0.0,0.0,0.0,1
0,[],2,[],2019-01-20 23:28:45,0.0,0,0,6477011,2019-01-20 23:28:45,,0.0,0.0,0,,0.0,0.0,0.0,1
1,[],5,[],2019-05-29 14:45:40,0.0,0,0,7707042,2019-05-29 14:45:40,btc,0.0,0.01563226,0,btc,0.0,0.0,0.0,2
0,[],22,[],2019-05-29 14:45:42,0.0,0,0,7707043,2019-05-29 14:45:42,,0.0,0.0,0,,0.0,0.0,0.0,2
1,[],5,[],2019-05-29 14:45:44,0.0,0,0,7707044,2019-05-29 14:45:44,btc,0.0,0.02580074,0,btc,0.0,0.0,0.0,3
1,[],12,[],2019-05-29 14:45:45,2450776.0532962,0.000000102,0.000000000008870685,7707045,2019-05-29 14:45:45,btc,4527.86694535523,0.0,0.000000102,btc,3292489.9442806197,0.038385362547,0.2047501643743838,3
0,[],28,[],2019-05-29 14:45:47,0.0,0,0,7707046,2019-05-29 14:45:47,,0.0,0.0,0,,0.0,0.0,0.0,3
0,[],2,[],2019-01-20 23:31:32,0.0,0,0,6477077,2019-01-20 23:31:32,,0.0,0.0,0,,0.0,0.0,0.0,4
1,[],4,[],2019-05-18 21:29:50,562734.9206932,0.00000010,0.000000000007298720000000001,7650946,2019-05-18 21:29:50,btc,41.9347137769675,0.0,0.00000010,btc,1123702.32192634,0.00052462,0.029254593370966,4
0,[],12,[],2019-05-29 12:34:07,0.0,0,0,7706422,2019-05-29 12:34:07,btc,625.8515339849951,0.0,0,btc,1069352.4995005,0.0,0.0,5
0,[],2,[],2019-01-20 23:31:51,0.0,0,0,6477087,2019-01-20 23:31:51,,0.0,0.0,0,,0.0,0.0,0.0,6
1,[],11,[],2019-05-29 14:45:49,13566055.776736,0.00000002,0.00000000000173935,7707047,2019-05-29 14:45:49,btc,9578.188241401725,57000.0,0.00000002,btc,59447780.43210394,0.0,0.22839012276736,6
1,[],3,[],2019-05-29 14:45:50,12023.025297803792,0.0000888800000000000028389790518446034184307791292667388916015625,0.0000000077296714,7707048,2019-05-29 14:45:50,btc,0.05944325680791094,176.533509258,0.0000888800000000000028389790518446034184307791292667388916015625,btc,189.23202764451798,0.0,0.024315391963457986,7
1,[],4,[],2019-05-29 14:45:51,334410.46158569,0.00008555,0.000000007440069625,7707049,2019-05-29 14:45:51,btc,9.11087348117105,0.0,0.00008555,btc,52953.69400329,4.19816453,2.721522518587701,7
1,[],5,[],2019-05-29 14:45:52,0.0,0,0,7707050,2019-05-29 14:45:52,btc,0.0,0.50658245,0,btc,0.0,0.0,0.0,7
1,[],20,[],2019-04-07 22:06:50,3201475.0482,0.000000001,0.000000000000051590000000000004,7213932,2019-04-07 22:06:50,btc,30.8005781811902,0.0,0.000000001,btc,23077405.3926,0.0,0.0032014750482,8
0,[],2,[],2019-01-20 23:22:42,0.0,0,0,6476876,2019-01-20 23:22:42,,0.0,0.0,0,,0.0,0.0,0.0,9
0,[],23,[],2019-01-20 23:22:48,0.0,0,0,6476878,2019-01-20 23:22:48,,0.0,0.0,0,,0.0,0.0,0.0,9
1,[],4,[],2019-05-29 14:45:54,21220675.98358333,0.00000049,0.000000000042614075,7707051,2019-05-29 14:45:54,btc,3.3964686784222495,0.0,0.00000049,btc,3359552.48824513,0.25103213,0.6073368611508047,9
0,[],28,[],2019-05-29 14:46:47,0.0,0,0,7707052,2019-05-29 14:46:47,,0.0,3502231.0,0,,0.0,0.0,0.0,9
1,[],1,[],2019-02-17 23:31:42,1822507.21,0.00000181000000000000003456111265232042484285557293333113193511962890625,0.000000000066086901,6701244,2019-02-17 23:31:42,btc,3.6990969245,17153386.5,0.00000181000000000000003456111265232042484285557293333113193511962890625,btc,1997391.71,31.11772986,3.2610482446,9
1,[],4,[],2019-02-17 11:22:43,4341674.27126056,0.00000002,0.0000000000007272960000000001,6696112,2019-02-17 11:22:43,btc,0.1997230937751353,0.0,0.00000002,btc,4109766.79808031,0.00215132,0.0479381022052112,10
0,[],2,[],2019-01-20 23:23:08,0.0,0,0,6476890,2019-01-20 23:23:08,,0.0,0.0,0,,0.0,0.0,0.0,12
1,[],4,[],2019-05-29 14:46:48,8318021.28304374,0.00000048,0.0000000000417444,7707053,2019-05-29 14:46:48,btc,4.657115103471066,0.0,0.00000048,btc,4774244.28530614,0.76839177,1.4044971874838934,12
1,[],5,[],2019-05-29 14:46:49,0.0,0,0,7707054,2019-05-29 14:46:49,btc,0.0,0.05009319,0,btc,0.0,0.0,0.0,12
0.0,[],25,[],2019-05-29 14:46:51,0.0,0,0,7707055,2019-05-29 14:46:51,,0.0,0.0,0.0,btc,0.0,0.0,0.0,12
1,[],4,[],2019-05-29 14:46:52,333403.80322039,0.00000579,0.000000000503541825,7707056,2019-05-29 14:46:52,btc,1.9048225600072828,0.0,0.00000579,btc,242890.23018134,0.32955794,0.5037006555559949,13
1,[],10,[],2019-05-29 14:46:54,651403.92884323,0.00000573,0.0000000004983237750000001,7707057,2019-05-29 14:46:54,btc,666803.2528661516,4834.53137206,0.00000573,btc,861007.87998913,0.0,0.2400946458445869,13
1,[],21,[],2019-05-29 14:46:56,1931688.28926246,0.000005830000000000000085582582687,0.000000000507020525,7707058,2019-05-29 14:46:56,btc,2.471149179020859,243094.04231608,0.00000583000000000000008558258268731577800281229428946971893310546875,btc,379032.8765679,1.4167641,8.13518700836963,13
1,[],4,[],2019-05-29 14:46:56,780230.3061906,0.00000079,0.000000000068704325,7707059,2019-05-29 14:46:56,btc,4.190841728415057,0.0,0.00000079,btc,858041.76795047,0.00040494,0.0406288657855097,14
1,[],12,[],2019-05-29 14:46:57,136026.0289695,0.00000076,0.0000000000660953,7707060,2019-05-29 14:46:57,btc,14.137481213834377,0.0,0.00000076,btc,21632.5685685,0.000408651119,0.01613229999997,14
1,[],26,[],2019-05-29 14:48:57,0.0,0.00000050,0.00000000004348375,7707061,2019-05-29 14:48:57,btc,0.0,0.0,0.00000050,btc,0.0,0.0,0.0,14
0,[],17,[],2019-05-03 00:53:32,0.0,0,0,7558876,2019-05-03 00:53:32,btc,0.0,0.0,0,btc,0.0,0.0,0.0,14
,[],12,[],2018-12-01 15:15:48,204241.84496,0.00000489,0.000000000202473384,5260204,2018-12-01 15:15:48,btc,49.5475654835,0.0,,btc,35763.2193806,0.0163153972027625,0.0203389899998,15
0,[],4,[],2019-05-29 14:48:58,0.0,0,0,7707062,2019-05-29 14:48:58,,0.0,0.0,0,,0.0,0.0,0.0,15
0,[],2,[],2019-01-20 23:23:38,0.0,0,0,6476906,2019-01-20 23:23:38,,0.0,0.0,0,,0.0,0.0,0.0,18
1,[],4,[],2019-05-29 14:49:00,34368.48018089,0.00001120,0.000000000974036,7707063,2019-05-29 14:49:00,btc,0.9697910651828024,0.0,0.00001120,btc,10918.4087073,0.04585566,0.0788632224749812,18
1,[],10,[],2019-05-29 14:49:02,486751.24163663,0.00001158,0.00000000100708365,7707064,2019-05-29 14:49:02,btc,15.35128195893397,11619.2551237,0.00001158,btc,14019.38602162,0.0,0.0729564494574653,18
1,[],12,[],2019-05-29 14:49:03,3395.55732076,0.000010649999999999999676886068555869968577098916284739971160888671875,0.000000000926203875,7707065,2019-05-29 14:49:03,btc,0.3996888846464122,0.0,0.000010649999999999999676886068555869968577098916284739971160888671875,btc,1355.30216176,0.000229937613,0.0115223273590199,18
0,[],17,[],2019-05-03 00:53:39,0.0,0,0,7558882,2019-05-03 00:53:39,btc,0.0,0.0,0,btc,0.0,0.0,0.0,18
0,[],2,[],2019-01-20 23:24:19,0.0,0,0,6476924,2019-01-20 23:24:19,,0.0,0.0,0,,0.0,0.0,0.0,19
1,[],3,[],2019-05-29 14:51:04,148617.72620221906,0.000008319999999999999962317469293093807891636970452964305877685546875,0.0000000007235696,7707066,2019-05-29 14:51:04,btc,0.23289527969279628,3754.77071591,0.000008319999999999999962317469293093807891636970452964305877685546875,btc,5195.973736511293,0.0,0.0484905075352764,19
1,[],4,[],2019-05-29 14:51:05,518318.60586677,0.00000824,0.0000000007166122,7707067,2019-05-29 14:51:05,btc,2.4107678285997753,0.0,0.00000824,btc,132654.61011024,0.34834904,0.4959844122177618,19
1,[],5,[],2019-05-29 14:51:06,0.0,0,0,7707068,2019-05-29 14:51:06,btc,0.0,4.596e-05,0,btc,0.0,0.0,0.0,19
1,[],12,[],2019-05-29 14:51:08,15267.51461891,0.00000711999999999999959310326147488012793473899364471435546875,0.0000000006192085999999999,7707069,2019-05-29 14:51:08,btc,0.0596510828289841,0.0,0.00000711999999999999959310326147488012793473899364471435546875,btc,1868.18082631,0.002024146956,0.0281691199994572,19
0,[],27,[],2019-05-29 14:51:15,0.0,0,0,7707070,2019-05-29 14:51:15,,0.0,0.0,0,btc,0.0,0.0,0.0,19
1,[],4,[],2019-05-29 14:51:16,10062076.88478525,0.00000007,0.000000000006087725,7707071,2019-05-29 14:51:16,btc,6.411239436602338,0.0,0.00000007,btc,2322306.93095912,0.0,0.1174938176872809,20
1,[],4,[],2019-05-29 14:51:17,72092660.2473748,0.00000001,0.000000000000869675,7707072,2019-05-29 14:51:17,btc,1745.8991267451804,0.0,0.00000001,btc,66798506.41973631,0.00439023,0.7209266024737481,21
1,[],12,[],2019-05-29 14:51:18,2420423.0,0.00000001,0.000000000000869675,7707073,2019-05-29 14:51:18,btc,1010.9711713328372,0.0,0.00000001,btc,5961673.6413586205,0.00028266,0.02420423,21
0,[],17,[],2019-05-03 00:53:51,0.0,0,0,7558891,2019-05-03 00:53:51,btc,0.0,0.0,0,btc,0.0,0.0,0.0,21
1,[],12,[],2019-05-29 14:53:20,5495570890.0,0.0000000003,0.00000000000002609025,7707074,2019-05-29 14:53:20,btc,708266983.2422276,0.0,0.0000000003,btc,3009561766.957043,0.1279583551,1.1793002366,23
0.0000000003128703,[],27,[],2019-05-29 14:53:25,117175897.72788174,9.386109e-18,8.162864344575e-22,7707075,2019-05-29 14:53:25,eth,1177.1345467657966,202523947.25843635,0.00000003,eth,70723234.87966673,1.9009118447809262e-09,8.167554244203689e-10,23
1,[],4,[],2019-05-29 14:53:26,1860719.61764209,0.00000021,0.000000000018263175,7707076,2019-05-29 14:53:26,btc,13.468835680325585,0.0,0.00000021,btc,2117242.04817583,0.00616247,0.0602085582079776,24
1,[],22,[],2019-05-29 14:53:29,21.76,0.00000100,0.0000000000869675,7707077,2019-05-29 14:53:29,BTC,7.415e-05,0.0,0.00000100,BTC,23.919354838709676,0.0,1.186e-05,24
0.0,[],25,[],2019-05-29 14:53:31,0.0,0,0,7707078,2019-05-29 14:53:31,,0.0,0.0,0.0,btc,0.0,0.0,0.0,24
0,[],2,[],2019-01-20 23:25:56,0.0,0,0,6476976,2019-01-20 23:25:56,,0.0,0.0,0,,0.0,0.0,0.0,26
1,[],4,[],2019-05-29 14:53:32,7635010.16782298,0.00000456,0.0000000003965718,7707079,2019-05-29 14:53:32,btc,14.929041694287186,0.0,0.00000456,btc,267146.73385596,0.18439387,0.2461993835957389,26
1,[],10,[],2019-05-29 14:53:35,150352.70246928,0.00000509,0.00000000044266457500000006,7707080,2019-05-29 14:53:35,btc,25.514374857685564,5466.40163039,0.00000509,btc,22719.22811541,0.0,0.0382635243521263,26
1,[],5,[],2019-04-26 09:47:06,0.0,0,0,7465326,2019-04-26 09:47:06,btc,0.0,0.0,0,btc,0.0,0.0,0.0,27
1,[],3,[],2019-05-29 14:53:35,0.0,0.00000001,0.000000000000869675,7707081,2019-05-29 14:53:35,btc,2.870345449868744,15987295.9094,0.00000001,btc,22502458.17336217,0.0,0.0,27
1,[],11,[],2019-05-29 14:53:37,1070969.08157834,0.00000002,0.00000000000173935,7707082,2019-05-29 14:53:37,btc,67503.02945665807,19676.5543251,0.00000002,btc,6590405.9414731,0.0,0.0107207058157834,27
1,[],4,[],2019-05-29 14:53:38,1108190422.6854444,0.00000001,0.000000000000869675,7707083,2019-05-29 14:53:38,btc,4.825643210960692,0.0,0.00000001,"btc,ltc",302181506.86954415,0.09455078,7.725528646971899,29
1,[],7,[],2019-05-29 14:53:39,85534659.40740813,0.00000001,0.000000000000869675,7707084,2019-05-29 14:53:39,btc,46548272.11040997,37775.7971029,0.00000001,btc,35005566.75112333,0.00044879,0.8553465940740813,29
0,[],17,[],2019-05-03 01:11:25,0.0,0,0,7559066,2019-05-03 01:11:25,btc,0.0,0.0,0,btc,0.0,0.0,0.0,30
1,[],4,[],2019-05-29 14:53:39,15312729.61768213,0.00000006,0.00000000000521805,7707085,2019-05-29 14:53:39,btc,2.707860972501072,0.0,0.00000006,btc,2099852.74618938,0.00147171,0.1713519591165775,30
1,[],4,[],2019-05-29 14:55:40,1267074.26811834,0.00004390,0.00000000381787325,7707086,2019-05-29 14:55:40,btc,3.701738596092812,0.0,0.00004390,btc,46951.24347789,0.8707648,1.8240034213174396,31
1,[],21,[],2019-05-29 14:55:41,95284.81454682,0.00004427000000000000135306696403,0.000000003850051225,7707087,2019-05-29 14:55:41,btc,5.468783166940741,297564.12853607,0.0000442700000000000013530669640271497655703569762408733367919921875,btc,107910.25504922,13.57462529,3.729374123502835,31
0,[],2,[],2019-01-20 23:28:43,0.0,0,0,6477009,2019-01-20 23:28:43,,0.0,0.0,0,,0.0,0.0,0.0,32
1,[],12,[],2019-03-30 07:55:10,40641173.964,0.00000003,0.000000000001228359,7108785,2019-03-30 07:55:10,btc,4233210.82356125,0.0,0.00000003,btc,28378394.68333462,0.0126927883965248,0.90752895892,33
0,[],4,[],2019-05-29 14:55:43,0.0,0,0,7707088,2019-05-29 14:55:43,,0.0,0.0,0,,0.0,0.0,0.0,33
0.00000000013427,[],4,[],2019-05-29 14:55:44,510827481.30159795,3.22248e-17,2.802510294e-21,7707089,2019-05-29 14:55:44,ltc,3.505636119052495,0.0,0.00000024,ltc,154112818.01288268,0.0,2.1210104819209367e-09,34
1,[],5,[],2019-05-29 14:55:46,0.0,0,0,7707090,2019-05-29 14:55:46,btc,0.0,0.0,0,btc,0.0,0.0,0.0,34
0.0000000002926451,[],17,[],2019-05-02 18:17:47,200000.0,2.9264510000000002e-18,1.596703856561e-22,7556430,2019-05-02 18:17:47,eth,0.20942468735267253,0.0,0.00000001,"btc,eth",1018272.20243647,0.0,5.852902e-13,36
0.00000000013427,[],4,[],2019-05-29 14:55:46,80740056.16077778,1.3427e-18,1.1677126225e-22,7707091,2019-05-29 14:55:46,ltc,5.134832421363908e-08,0.0,0.00000001,ltc,7087906061.087266,0.0,1.0840967340707633e-10,36
1,[],5,[],2019-05-29 14:55:48,0.0,0,0,7707092,2019-05-29 14:55:48,btc,0.0,0.0,0,btc,0.0,0.0,0.0,36
0.0000000003128703,[],27,[],2019-05-29 14:57:53,11629411.226876,6.2574060000000005e-18,5.44190956305e-22,7707093,2019-05-29 14:57:53,eth,1671.5887142508773,995968549.773124,0.00000002,"ltc,eth",5559600.62557775,6.0454368242287546e-09,4.137640182394241e-11,36
1,[],17,[],2019-05-03 01:11:36,211752.74075282,0.00000025,0.000000000013700074999999998,7559074,2019-05-03 01:11:36,btc,0.055484923955058496,0.0,0.00000025,"btc,eth",1387.19918473,0.0,0.0005381851887916605,37
1,[],4,[],2019-05-29 14:57:55,9988485.78398243,0.00000018,0.00000000001565415,7707094,2019-05-29 14:57:55,btc,19772.537312593468,0.0,0.00000018,btc,719234.41660403,0.01316245,0.143569220486312,37
1,[],12,[],2019-05-29 14:57:57,3763188.33528572,0.00000019,0.000000000016523825,7707095,2019-05-29 14:57:57,btc,8.35568197840434,0.0,0.00000019,btc,954316.92801397,0.026595003724,0.1843738804442866,37
1,[],27,[],2019-05-29 15:00:00,6187.0,0.00000016,0.0000000000139148,7707096,2019-05-29 15:00:00,btc,24.11463822903233,0.0,0.00000016,btc,5792.59438508,0.0,0.00076392,37
1,[],5,[],2019-05-29 15:00:02,0.0,0,0,7707097,2019-05-29 15:00:02,btc,0.0,0.03705947,0,btc,0.0,0.0,0.0,42
1,[],12,[],2019-05-29 15:00:04,129032.34767233,0.00000091,0.000000000079140425,7707098,2019-05-29 15:00:04,btc,24.761648226268914,0.0,0.00000091,btc,71301.08235897,0.002573923897,0.042571729999965696,42
1,[],27,[],2019-05-29 15:00:15,506.0,0.00000002,0.00000000000173935,7707099,2019-05-29 15:00:15,btc,0.39085425,0.0,0.00000002,"btc,eth",735.0,0.0,6.000000328701537e-06,42
1,[],12,[],2019-03-13 09:13:29,1112112.0,0.00000001,0.000000000000386531,6919902,2019-03-13 09:13:29,btc,29058.00478931866,0.0,0.00000001,btc,5967681.93306694,9.99000999e-07,0.01112112,43
1,[],5,[],2019-04-26 22:38:52,0.0,0,0,7474154,2019-04-26 22:38:52,btc,0.0,0.02638891,0,btc,0.0,0.0,0.0,43
0,[],17,[],2019-04-26 22:38:53,0.0,0,0,7474155,2019-04-26 22:38:53,btc,0.0,0.0,0,btc,0.0,0.0,0.0,43
1,[],12,[],2019-03-05 01:54:08,639326.02,0.00000004,0.000000000001486676,6845775,2019-03-05 01:54:08,btc,11116042.728239931,0.0,0.00000004,btc,1103841.4595604,0.0003330765234764,0.014975410599999999,44
1,[],4,[],2019-05-29 15:00:16,115353312.38169633,0.00000001,0.000000000000869675,7707100,2019-05-29 15:00:16,btc,291324.21927306487,0.0,0.00000001,"btc,ltc",27238812.69631178,0.00431099,0.07883335175360148,49
0.00000000013427,[],4,[],2019-05-29 15:00:17,149414691.4210285,4.43091e-17,3.85345165425e-21,7707101,2019-05-29 15:00:17,ltc,22049.951059186584,0.0,0.00000033,ltc,157820950.66137645,0.0,1.142148812467351e-09,52
0,[],22,[],2019-05-29 15:00:20,0.0,0,0,7707102,2019-05-29 15:00:20,,10289.55991011,0.0,0,,308568058.4566013,0.0,0.0,57
0,[],27,[],2019-05-29 15:00:32,0.0,0,0,7707103,2019-05-29 15:00:32,,0.0,0.0,0,"btc,eth",0.0,0.0,0.0,57
1,[],17,[],2019-05-03 01:12:09,1200000.0,0.0000000001,0.00000000000000548003,7559085,2019-05-03 01:12:09,btc,1e+24,0.0,0.0000000001,"btc,eth",39516342.31952568,0.0,0.00010000000058666061,58
0.00000000013427,[],4,[],2019-05-29 15:00:33,2662802551.956109,1.3427e-18,1.1677126225e-22,7707104,2019-05-29 15:00:33,ltc,19.263872142195652,0.0,0.00000001,ltc,5784416102.343987,0.0,3.5753449865114674e-09,58
1,[],12,[],2019-05-29 15:00:33,1101836771.0,0.0000000001,0.00000000000000869675,7707105,2019-05-29 15:00:33,btc,2182442.6738819974,0.0,0.0000000001,btc,2540665977.4645357,0.0003933545,0.1101836771,58
0.0000000001083407,[],22,[],2019-05-29 15:02:37,126877.0,1.083407e-18,9.42211982725e-23,7707106,2019-05-29 15:02:37,XMR,68.17454206,0.0,0.00000001,XMR,9626402.6,0.0,0.00126877,58
1,[],5,[],2019-05-29 15:02:38,0.0,0,0,7707107,2019-05-29 15:02:38,btc,0.0,0.00806369,0,btc,0.0,0.0,0.0,61
1,[],22,[],2019-05-29 15:02:41,13613.833333333334,0.00000012,0.0000000000104361,7707108,2019-05-29 15:02:41,BTC,1002.29123003,0.0,0.00000012,BTC,15014.200177125656,0.0,0.00153269,61
1,[],26,[],2019-05-29 15:02:41,0.0,0.00000050,0.00000000004348375,7707109,2019-05-29 15:02:41,btc,0.0,0.0,0.00000050,btc,0.0,0.0,0.0,61
1,[],27,[],2019-05-29 15:02:51,15549.0,0.0000002,0.000000000017393500000000002,7707110,2019-05-29 15:02:51,btc,1.9582485601246655,0.0,0.0000002,"btc,eth",11379.41563696,0.0,0.00288918,61
0,[],28,[],2019-05-29 15:03:40,0.0,0,0,7707111,2019-05-29 15:03:40,,0.0,762.0,0,,0.0,0.0,0.0,61
1,[],4,[],2019-05-29 15:03:41,955152.95020752,0.00000079,0.000000000068704325,7707112,2019-05-29 15:03:41,btc,2.6062378823300083,0.0,0.00000079,btc,843595.04892254,0.03664138,0.5515563301417522,67
0.0,[],25,[],2019-05-29 15:03:43,0.0,0,0,7707113,2019-05-29 15:03:43,,0.0,0.0,0.0,btc,0.0,0.0,0.0,67
1,[],12,[],2019-05-29 15:03:44,808381.0,0.00000005,0.000000000004348375,7707114,2019-05-29 15:03:44,btc,5.1695843364835135,0.0,0.00000005,btc,775933.02897099,0.000100186463,0.01745021,71
,[],5,[],2018-11-20 23:02:39,1.5e-07,0.00000005,0.000000000002128045,4862160,2018-11-20 23:02:39,btc,2.84511358,0.0,,btc,0.00036572,0.0,0.07381892,74
1,[],5,[],2019-05-29 15:03:46,0.0,0,0,7707115,2019-05-29 15:03:46,btc,0.0,0.01658173,0,btc,0.0,0.0,0.0,75
0,[],4,[],2019-05-25 21:33:44,0.0,0,0,7686249,2019-05-25 21:33:44,,133656.37989170782,0.0,0,,33439209.5909442,0.0,0.0,81
0,[],20,[],2019-01-25 09:30:31,0.0,0,0,6495923,2019-01-25 09:30:31,btc,0.0,0.0,0,btc,0.0,0.0,0.0,81
1,[],4,[],2019-05-29 15:03:47,39576.78885967,0.00013800,0.000000012001515,7707116,2019-05-29 15:03:47,btc,23.053353514240122,0.0,0.00013800,btc,9793.77890328,1.79705687,1.825377818045681,82
1,[],21,[],2019-05-29 15:03:48,91998.05446282,0.0001375199999999999979274217798,0.0000000119597706,7707117,2019-05-29 15:03:48,btc,35.45265210272209,461157.83579599,0.00013751999999999999792742177984194995588040910661220550537109375,btc,189607.7199852,53.58389564,8.293003694368844,82
0,[],17,[],2019-03-25 22:42:34,0.0,0,0,7038780,2019-03-25 22:42:34,btc,0.0445064681804024,0.0,0,btc,995513.18476001,0.0,0.0,84
0.0000000001161485,[],4,[],2019-05-20 13:09:39,216715621.0206096,1.161485e-18,9.0533806701e-23,7657228,2019-05-20 13:09:39,ltc,1.6511566870244727,0.0,0.00000001,ltc,471032407.9048656,0.0,2.5171194308112273e-10,85
,[],22,[],2018-11-20 23:09:34,3408.1,0.0000001,0.0000000000041895,4862324,2018-11-20 23:09:34,BTC,0.04624735,0.0,,BTC,4990.0,0.0,0.00033081,86
1,[],22,[],2019-05-29 15:03:51,65156.0,0.00000001,0.000000000000869675,7707118,2019-05-29 15:03:51,BTC,1.45108405,0.0,0.00000001,BTC,214587.29736842104,0.0,0.00065156,87
1,[],27,[],2019-05-29 15:03:56,165160.0,0.00000003,0.000000000002609025,7707119,2019-05-29 15:03:56,btc,5.667872918036,98305.819,0.00000003,btc,148127.67341,0.00393223,0.0021416,87
,[],2,[],2018-11-20 23:10:47,0.0,0,0,4862359,2018-11-20 23:10:47,,0.0,0.0,,,0.0,0.0,0.0,88
1,[],11,[],2019-05-29 15:03:58,207702.33284355,0.000080010000000000001366302904148852803700719960033893585205078125,0.0000000069582696750000005,7707120,2019-05-29 15:03:58,btc,186.5275864253184,231.10332115,0.000080010000000000001366302904148852803700719960033893585205078125,btc,238992.93382186,0.0,2.4199922849940894,89
0,[],2,[],2019-01-20 23:31:45,0.0,0,0,6477083,2019-01-20 23:31:45,,0.0,0.0,0,,0.0,0.0,0.0,91
0,[],17,[],2019-05-03 01:12:26,0.0,0,0,7559096,2019-05-03 01:12:26,btc,0.0,0.0,0,btc,0.0,0.0,0.0,91
1,[],12,[],2019-05-29 15:03:59,200942.42579158,0.00000029,0.000000000025220574999999997,7707121,2019-05-29 15:03:59,btc,87.63905257996275,0.0,0.00000029,btc,108052.36555554,0.000249981861,0.0109358946999904,91
1,[],22,[],2019-05-29 15:06:03,75910.55,0.0000002,0.000000000017393500000000002,7707122,2019-05-29 15:06:03,BTC,0.495,0.0,0.0000002,"BTC,LTC",4.95,0.0,0.00165931,91
1,[],22,[],2019-04-09 20:17:52,374949.73333333334,0.00000015,0.000000000007771935,7235704,2019-04-09 20:17:52,BTC,6.87372503,0.0,0.00000015,"BTC,LTC",159980.01196797504,1.1e-05,0.80510266,95
0,[],17,[],2019-05-03 01:12:32,0.0,0,0,7559100,2019-05-03 01:12:32,btc,0.0,0.0,0,btc,0.0,0.0,0.0,96
0.00000000013427,[],4,[],2019-05-29 15:06:04,541836280.9479811,3.08821e-17,2.68573903175e-21,7707123,2019-05-29 15:06:04,ltc,11.346819508287249,0.0,0.00000023,ltc,152922009.11636692,0.0,8.629661577504314e-10,96
0,[],12,[],2019-05-29 15:06:05,0.0,0,0,7707124,2019-05-29 15:06:05,btc,10.510502030379621,0.0,0,btc,7843653.03796204,0.0,0.0,96
1,[],4,[],2019-04-14 03:32:46,1039404.33283278,0.00000038,0.000000000019245518,7293458,2019-04-14 03:32:46,btc,4.170086055365747,0.0,0.00000038,btc,3097704.34561074,0.06260606,0.1859928211030784,99
1,[],4,[],2019-05-29 14:35:07,198773.66309028,0.00001740,0.0000000015187102799999998,7706967,2019-05-29 14:35:07,btc,7.015212066192422,0.0,0.00001740,btc,136019.57693568,0.34476392,0.2845821333900635,100
0,[],2,[],2019-01-20 23:23:55,0.0,0,0,6476914,2019-01-20 23:23:55,,0.0,0.0,0,,0.0,0.0,0.0,100
1,[],22,[],2019-05-29 14:35:10,150000.0,0.00000002,0.000000000001745644,7706968,2019-05-29 14:35:10,BTC,24.83526409,0.0,0.00000002,BTC,11187.719,0.0,0.0017,101
1,[],4,[],2019-05-29 14:35:11,546220.58168686,0.00000146,0.000000000127432012,7706969,2019-05-29 14:35:11,btc,362.1014952317848,0.0,0.00000146,btc,581077.70316316,0.07472235,0.1800618770434418,103
1,[],12,[],2019-05-29 14:35:13,144282314.83268034,0.000000004,0.0000000000003491288,7706970,2019-05-29 14:35:13,btc,2395.4944453856165,0.0,0.000000004,btc,62711088.31718783,0.01624842742,0.18638635733072142,105
0,[],27,[],2019-05-29 14:35:19,0.0,0,0,7706971,2019-05-29 14:35:19,,0.3176243923531397,266369.915,0,btc,784407.35947933,0.0026637,0.0,105
1,[],22,[],2019-04-21 00:17:26,21333.0,0.00000001,0.000000000000532493,7385819,2019-04-21 00:17:26,BTC,51.38182867,0.0,0.00000001,BTC,470435.0,0.0,0.00021333,107
1,[],26,[],2019-04-21 00:17:26,0.0,0.00000000,0,7385820,2019-04-21 00:17:26,btc,0.0,0.0,0.00000000,btc,0.0,0.0,0.0,107
1,[],5,[],2019-05-29 14:35:21,0.0,0,0,7706972,2019-05-29 14:35:21,btc,0.0,0.0,0,btc,0.0,0.0,0.0,112
0,[],22,[],2019-05-29 14:35:23,0.0,0,0,7706973,2019-05-29 14:35:23,,6.79725781,0.0,0,,3374992.0833333335,0.0,0.0,112
1,[],27,[],2019-05-29 14:35:30,1.0,0.00000001,0.000000000000872822,7706974,2019-05-29 14:35:30,btc,1.15032588,0.0,0.00000001,"btc,eth",1818.0,0.0,1e-08,112
1,[],4,[],2019-05-29 14:35:31,259780.89880991,0.00000083,0.000000000072444226,7706975,2019-05-29 14:35:31,btc,5.522668022466556,0.0,0.00000083,btc,613503.73632068,0.01353805,0.1560561967745229,113
1,[],5,[],2019-05-29 14:35:32,0.0,0,0,7706976,2019-05-29 14:35:32,btc,0.0,0.0,0,btc,0.0,0.0,0.0,113
1,[],17,[],2019-04-26 02:17:47,162738.278,0.00000004,0.0000000000021069000000000002,7461287,2019-04-26 02:17:47,btc,1.3331140273775473,0.0,0.00000004,btc,51796.221,0.0,0.00230953112,116
1,[],27,[],2019-05-22 05:13:01,210000.0,0.00000001,0.00000000000079145,7666372,2019-05-22 05:13:01,btc,3919.0005001478,0.0,0.00000001,btc,128660.871,0.0,0.0021,116
1,[],4,[],2019-05-21 22:31:11,138169.03963019,0.00000701,0.000000000558364025,7664793,2019-05-21 22:31:11,btc,150.95388250938234,0.0,0.00000701,btc,344631.17141974,0.07552974,0.4288357684941946,120
1,[],7,[],2019-05-21 22:31:12,3901.07750076,0.000010679999999999999389654892212320191902108490467071533203125,0.0000000008506887,7664794,2019-05-21 22:31:12,btc,231188.94669936574,0.0,0.000010679999999999999389654892212320191902108490467071533203125,btc,4133.83151364,0.0,0.0113888422364489,120
1,[],20,[],2019-04-07 18:42:29,1914137.0852,0.000000035,0.0000000000017871910000000002,7211992,2019-04-07 18:42:29,btc,32.2497668025648,25528.85,0.000000035,btc,1001975.4986,0.00089350975,0.0152723574729,125
1,[],22,[],2019-05-29 14:35:37,10000.0,0.00000001,0.000000000000872822,7706977,2019-05-29 14:35:37,BTC,0.032061,0.0,0.00000001,BTC,299316.7611111111,0.0,0.0001,126
1,[],4,[],2019-05-29 14:35:37,355776.59022577,0.00000710,0.0000000006197036199999999,7706978,2019-05-29 14:35:37,btc,5.225162939067866,0.0,0.00000710,btc,184630.00481494,0.51438317,1.0904185414829242,131
0,[],2,[],2019-01-20 23:25:46,0.0,0,0,6476969,2019-01-20 23:25:46,,0.0,0.0,0,,0.0,0.0,0.0,131
1,[],17,[],2019-05-03 01:13:10,10000.0,0.00000001,0.000000000000548003,7559115,2019-05-03 01:13:10,btc,0.0953976503951408,0.0,0.00000001,btc,5037.62507334,0.0,0.0001,131
1,[],4,[],2019-05-29 14:37:38,4753.73921911,0.00007919,0.000000006911877417999999,7706979,2019-05-29 14:37:38,btc,5.031811154863675,0.0,0.00007919,btc,202.13055914,0.0,0.0067309533893232,135
1,[],3,[],2019-05-29 14:37:39,624652.22392675,0.00000001,0.000000000000872822,7706980,2019-05-29 14:37:39,btc,0.2228412644370632,1577354.09937,0.00000001,btc,1910497.43168451,0.0,0.0062465222392675,136
1,[],4,[],2019-05-29 14:37:40,2699934.39758538,0.00000191,0.000000000166709002,7706981,2019-05-29 14:37:40,btc,108.71534732167858,0.0,0.00000191,btc,513365.85254288,0.08698514,0.5807309845421073,137
1,[],12,[],2019-05-29 14:37:41,89105.79795224,0.000001749999999999999973748754898694723891594549058936536312103271484375,0.00000000015274385,7706982,2019-05-29 14:37:41,btc,57.780504484606546,0.0,0.000001749999999999999973748754898694723891594549058936536312103271484375,btc,49858.56053943,0.000289649401,0.0182672199999049,137
1,[],4,[],2019-05-29 14:37:42,63455.47238641,0.00001958,0.0000000017089854759999999,7706983,2019-05-29 14:37:42,btc,9.597832382325015,0.0,0.00001958,btc,154361.23984856,1.13738921,0.4163240859293772,142
1,[],5,[],2019-05-29 14:37:43,0.0,0,0,7706984,2019-05-29 14:37:43,btc,0.0,0.01800889,0,btc,0.0,0.0,0.0,142
1,[],20,[],2019-05-29 14:39:46,209001.9451,0.000014231,0.0000000012421129882,7706985,2019-05-29 14:39:46,btc,1.6084562145203,0.0,0.000014231,btc,9872.7963,0.0,0.0183095598163,142
1,[],22,[],2019-05-29 14:39:50,11028.645,0.00001000,0.0000000008728219999999999,7706986,2019-05-29 14:39:50,BTC,3.2754788,0.0,0.00001000,BTC,1133.9993657797618,0.0,0.00745365,142
0.0,[],25,[],2019-05-29 14:39:51,0.0,0,0,7706987,2019-05-29 14:39:51,,0.0,0.0,0.0,btc,0.0,0.0,0.0,142
0,[],28,[],2019-05-29 14:39:53,0.0,0,0,7706988,2019-05-29 14:39:53,,0.0,0.0,0,,0.0,0.0,0.0,142
1,[],17,[],2019-05-03 01:13:16,32967.38636364,0.00000088,0.000000000048224264,7559122,2019-05-03 01:13:16,btc,20.06976206696776,0.0,0.00000088,btc,2746.079105,0.0,0.0105613000000032,142
0,[],22,[],2019-05-29 14:39:55,0.0,0,0,7706989,2019-05-29 14:39:55,,65.51518676,0.0,0,,839924755.3,0.0,0.0,143
0,[],22,[],2019-02-25 15:42:22,0.0,0,0,6783783,2019-02-25 15:42:22,,4.2131946,0.0,0,,2322156.0,0.0,0.0,146
,[],22,[],2018-11-20 23:01:11,0.0,0,0,4862114,2018-11-20 23:01:11,,2.56807021,0.0,,,61828.4988236,0.0,0.0,147
1,[],12,[],2019-04-21 06:38:04,193091.5971266,0.00000071,0.000000000037635183,7388679,2019-04-21 06:38:04,btc,2.301232411611175,0.0,0.00000071,btc,9957.48302385,0.00023528,0.0313308199999888,148
1,[],4,[],2019-03-19 21:31:25,255810.0415942,0.00000029,0.000000000011615747,6982695,2019-03-19 21:31:25,btc,218.94922712414143,0.0,0.00000029,btc,793529.37642722,0.00117,0.0608347789473395,152
0,[],22,[],2019-03-19 21:31:27,0.0,0,0,6982696,2019-03-19 21:31:27,,0.0,0.0,0,,0.0,0.0,0.0,152
1,[],5,[],2019-04-26 09:36:59,0.0,0,0,7465040,2019-04-26 09:36:59,btc,0.0,0.0,0,btc,0.0,0.0,0.0,153
,[],16,[],2019-01-11 15:38:59,0.0,0,0,6366141,2019-01-11 15:38:59,btc,0.0,0.0,,btc,0.0,0.0,0.0,155
0,[],22,[],2019-05-29 14:40:00,0.0,0,0,7706990,2019-05-29 14:40:00,,7.44455324,0.0,0,,5955762.942592593,0.0,0.0,156
0,[],23,[],2019-01-20 23:24:29,0.0,0,0,6476932,2019-01-20 23:24:29,,0.0,0.0,0,,0.0,0.0,0.0,156
1,[],22,[],2019-05-29 14:40:07,6996.0,0.00000001,0.000000000000872822,7706991,2019-05-29 14:40:07,BTC,1.7543039,0.0,0.00000001,BTC,57.0,0.0,6.996e-05,157
0,[],22,[],2019-05-21 23:40:32,0.0,0,0,7665049,2019-05-21 23:40:32,,50234.60468402,0.0,0,,54786159.03179465,0.0,0.0,158
,[],17,[],2018-11-20 22:56:10,0.0,0,0,4861976,2018-11-20 22:56:10,btc,1.1265625,0.0,,btc,1000.0,0.0,0.0,159
,[],20,[],2018-11-20 22:56:12,0.0,0,0,4861977,2018-11-20 22:56:12,btc,11912.7940471,0.0,,btc,34413894.3617,0.0,0.0,159
1,[],12,[],2019-05-24 02:51:20,9178.522006449999,0.00000191999999999999982841307998027158276954651228152215480804443359375,0.000000000151222656,7676256,2019-05-24 02:51:20,btc,149.80414728631675,0.0,0.00000191999999999999982841307998027158276954651228152215480804443359375,btc,1115.7451448499999,0.01783167678326,0.0120075778999181,168
1,[],17,[],2019-05-03 01:13:36,42852.0,0.00000002,0.000000000001096006,7559132,2019-05-03 01:13:36,btc,0.04279856251542,0.0,0.00000002,btc,274.46171372,0.0,0.00052852,168
1,[],22,[],2019-05-17 03:01:52,10.0,0.00000001,0.000000000000778341,7642059,2019-05-17 03:01:52,BTC,41.95893009,0.0,0.00000001,BTC,1753972.7737547632,0.0,1e-07,169
1,[],22,[],2019-05-29 14:40:11,202834.0,0.00000002,0.000000000001745644,7706992,2019-05-29 14:40:11,BTC,27.86993734,0.0,0.00000002,BTC,462189.5785507793,0.0001666,0.00211768,171
1,[],22,[],2019-05-29 08:05:18,349870.0,0.00000002,0.000000000001705894,7705265,2019-05-29 08:05:18,BTC,24.05907723,0.0,0.00000002,"BTC,LTC",1224285.4355616204,0.0,0.0039847,173
1,[],5,[],2019-05-29 14:40:12,0.0,0,0,7706993,2019-05-29 14:40:12,btc,0.0,0.0054161,0,btc,0.0,0.0,0.0,175
1,[],22,[],2019-05-29 14:40:17,90671.0,0.00000001,0.000000000000872822,7706994,2019-05-29 14:40:17,BTC,394.35459412,0.0,0.00000001,BTC,136275.61833431243,0.0,0.00090671,176
1,[],7,[],2019-05-29 14:40:18,0.0,0,0,7706995,2019-05-29 14:40:18,btc,522274.2671378036,0.0,0,btc,27704134.343107738,0.0,0.0,178
0,[],22,[],2019-05-29 14:40:20,0.0,0,0,7706996,2019-05-29 14:40:20,,1.00242428,0.0,0,,57512.0,0.0,0.0,178
0,[],2,[],2019-01-20 23:28:34,0.0,0,0,6477001,2019-01-20 23:28:34,,0.0,0.0,0,,0.0,0.0,0.0,178
1,[],5,[],2019-05-29 14:40:23,0.0,0,0,7706997,2019-05-29 14:40:23,btc,0.0,0.00906461,0,btc,0.0,0.0,0.0,179
0,[],22,[],2019-05-29 14:40:25,0.0,0,0,7706998,2019-05-29 14:40:25,,5.31489813,0.0,0,,13465409.311946675,0.0,0.0,179
0,[],23,[],2019-01-20 23:25:08,0.0,0,0,6476952,2019-01-20 23:25:08,,0.0,0.0,0,,0.0,0.0,0.0,179
1,[],22,[],2019-05-29 14:42:30,681514.9597272048,0.00000109,0.00000000009513759799999999,7706999,2019-05-29 14:42:30,BTC,39.20656974,0.0,0.00000109,"BTC,LTC",157270.3213531212,0.01650249,0.58089128,180
1,[],26,[],2019-05-29 14:42:30,0.0,0.00000010,0.00000000000872822,7707000,2019-05-29 14:42:30,btc,0.0,0.0,0.00000010,btc,0.0,0.0,0.0,180
1,[],17,[],2019-05-03 01:13:56,20504.725000000002,0.0000001,0.00000000000548003,7559141,2019-05-03 01:13:56,btc,5.2010695838400265,0.0,0.0000001,btc,5033.45945,0.0,0.0011504725,180
,[],7,[],2018-11-20 22:58:01,562227.975654,0.00000085,0.000000000036176765,4862015,2018-11-20 22:58:01,btc,21836.6059674,2491.87645172,,btc,749999.041456,0.00211021,0.127565380455,183
,[],5,[],2019-01-10 08:11:41,0.0,0,0,6347036,2019-01-10 08:11:41,btc,82.15055501,0.00261,,btc,1.19002445,0.0,0.0,187
,[],17,[],2018-11-16 20:58:10,4062536.27273,0.00000001,0.000000000000550501,4708775,2018-11-16 20:58:10,btc,3.36492563466,0.195460381006,,"btc,eth",110697919.549,0.0,0.0157628953496,187
1,[],24,[],2019-05-22 21:04:52,0.0,0.000000000014,0.0000000000000010960978,7670219,2019-05-22 21:04:52,btc,0.0,0.0,0.000000000014,btc,0.0,0.0,0.0,187
0,[],22,[],2019-04-25 02:54:07,0.0,0,0,7447896,2019-04-25 02:54:07,,7.54794454,0.0,0,,76361.7243344055,0.0,0.0,191
0,[],22,[],2019-05-29 14:42:34,0.0,0,0,7707001,2019-05-29 14:42:34,,0.0,0.0,0,,0.0,0.0,0.0,197
0,[],23,[],2019-01-20 23:31:41,0.0,0,0,6477079,2019-01-20 23:31:41,,0.0,0.0,0,,0.0,0.0,0.0,199
0,[],22,[],2019-05-29 14:42:38,0.0,0,0,7707002,2019-05-29 14:42:38,,10.92971999,0.0,0,,99450037.0,0.0,0.0,199
1,[],26,[],2019-05-29 14:42:38,0.0,0.00000000,0,7707003,2019-05-29 14:42:38,btc,0.0,0.0,0.00000000,btc,0.0,0.0,0.0,199
0,[],2,[],2019-01-20 23:30:49,0.0,0,0,6477059,2019-01-20 23:30:49,,0.0,0.0,0,,0.0,0.0,0.0,201
1,[],4,[],2019-01-25 15:51:35,2084389.58565343,0.00000936,0.000000000333526752,6499557,2019-01-25 15:51:35,btc,2.0092503037378524,0.0,0.00000936,btc,160195.80207885,0.19272417,1.242687955921835,211
1,[],7,[],2019-05-29 14:42:41,1184609110.4127443,0.00000055,0.00000000004800521,7707004,2019-05-29 14:42:41,btc,15201840.047842154,700034.309613,0.00000055,btc,8453268.04670848,0.0,13.790603474268117,212
1,[],12,[],2019-01-25 02:44:32,207462.42853209,0.000001080000000000000035831255497387193287295303889550268650054931640625,0.000000000038610756000000006,6493050,2019-01-25 02:44:32,btc,85023.03793723314,0.0,0.000001080000000000000035831255497387193287295303889550268650054931640625,btc,43675.73520027,0.000146250909087,0.0348620860622024,213
1,[],5,[],2019-05-29 14:42:44,0.0,0,0,7707005,2019-05-29 14:42:44,btc,0.0,0.04569301,0,btc,0.0,0.0,0.0,213
1,[],24,[],2019-05-29 14:42:44,0.0,0.000000399202,0.000000000034843228804399995,7707006,2019-05-29 14:42:44,btc,0.0,0.0,0.000000399202,btc,0.0,0.0,0.0,213
1,[],26,[],2019-05-29 14:42:44,0.0,0.00000040,0.00000000003491288,7707007,2019-05-29 14:42:44,btc,0.0,0.0,0.00000040,btc,0.0,0.0,0.0,213
0,[],22,[],2019-05-29 14:42:47,0.0,0,0,7707008,2019-05-29 14:42:47,,9.61445386,0.0,0,,3661587.094064925,0.0,0.0,216
1,[],27,[],2019-05-29 14:42:54,400000.0,0.00000001,0.000000000000872822,7707009,2019-05-29 14:42:54,btc,75.4787950715382,250.0,0.00000001,"btc,ltc",339806.12538,2.5e-06,0.004,216
1,[],22,[],2019-05-29 14:42:58,716525.8260869565,0.00000026,0.000000000022693372,7707010,2019-05-29 14:42:58,BTC,12056.48483504,0.0,0.00000026,BTC,514561.758519451,0.04186717,0.05258858,217
1,[],7,[],2019-05-29 14:43:00,0.0,0,0,7707011,2019-05-29 14:43:00,btc,1234864.1040716618,0.0,0,btc,164001712.13147992,0.0,0.0,219
0,[],27,[],2019-05-29 14:43:04,0.0,0,0,7707012,2019-05-29 14:43:04,,0.5327090343847161,10578583.745514,0,btc,19952493.89100187,0.10578584,0.0,219
0,[],28,[],2019-05-29 14:43:07,0.0,0,0,7707013,2019-05-29 14:43:07,,0.0,784795.626,0,,0.0,0.0,0.0,219
1,[],22,[],2019-05-23 16:41:05,172069.0,0.00000004,0.0000000000031167080000000004,7674065,2019-05-23 16:41:05,BTC,56.76466137,0.0,0.00000004,BTC,127061.6482738741,0.0,0.00393676,221
1,[],24,[],2019-05-23 16:41:05,0.0,0.000000010000,0.0000000000007791770000000001,7674066,2019-05-23 16:41:05,btc,0.0,0.0,0.000000010000,btc,0.0,0.0,0.0,221
1,[],20,[],2019-05-29 14:43:09,6872350.3644,0.000000002,0.00000000000017456439999999998,7707014,2019-05-29 14:43:09,btc,100050.77665739802,298964.6501,0.000000002,btc,45141819.5676,0.0008890988335,0.0069634632476,224
0,[],22,[],2019-05-29 14:43:12,0.0,0,0,7707015,2019-05-29 14:43:12,,0.0,0.0,0,,0.0,0.0,0.0,224
1,[],26,[],2019-05-29 14:43:12,0.0,0.00000025,0.00000000002182055,7707016,2019-05-29 14:43:12,btc,0.0,0.0,0.00000025,btc,0.0,0.0,0.0,231
1,[],26,[],2019-05-29 14:43:12,0.0,0.00000006,0.000000000005236932,7707017,2019-05-29 14:43:12,btc,0.0,0.0,0.00000006,btc,0.0,0.0,0.0,234
0,[],27,[],2019-05-29 14:43:17,0.0,0,0,7707018,2019-05-29 14:43:17,,0.01134836604,0.0,0,"btc,eth",11462.996,0.0,0.0,234
1,[],4,[],2019-05-22 17:06:12,91780.56053785,0.00000078,0.000000000061977552,7669277,2019-05-22 17:06:12,btc,5.573372450018177,0.0,0.00000078,btc,729173.93529783,0.0,0.0307060663355679,236
1,[],24,[],2019-05-22 17:06:12,0.0,0.000000010000,0.000000000000794584,7669278,2019-05-22 17:06:12,btc,0.0,0.0,0.000000010000,btc,0.0,0.0,0.0,236
1,[],5,[],2019-05-29 14:43:18,0.0,0,0,7707019,2019-05-29 14:43:18,btc,0.0,0.03252269,0,btc,0.0,0.0,0.0,237
1,[],20,[],2019-05-29 14:43:20,120934108.3858,0.000000042,0.0000000000036658523999999995,7707020,2019-05-29 14:43:20,btc,58794.17095141834,14652045.8589,0.000000042,btc,42952045.8129,0.6273515595086,0.4866607765654,237
1,[],22,[],2019-05-29 14:43:24,288100.0,0.00000003,0.000000000002618466,7707021,2019-05-29 14:43:24,BTC,1.20267422,0.0,0.00000003,"BTC,LTC",17930.94871794872,0.0,0.007541,237
1,[],4,[],2019-05-29 14:43:26,26732553.50034399,0.00000012,0.000000000010473864,7707022,2019-05-29 14:43:26,btc,2.776530176045773,0.0,0.00000012,btc,8457378.22718793,0.08826931,0.5428116433588253,238
1,[],5,[],2019-05-29 14:43:27,0.0,0,0,7707023,2019-05-29 14:43:27,btc,0.0,0.00155453,0,btc,0.0,0.0,0.0,238
0,[],22,[],2019-03-12 16:49:32,0.0,0,0,6914458,2019-03-12 16:49:32,,0.40415746,0.0,0,,526736.5639027493,0.0,0.0,249
0,[],22,[],2019-05-28 23:53:45,0.0,0,0,7703643,2019-05-28 23:53:45,,13.44714864,0.0,0,,43777534.3426455,0.0,0.0,252
0,[],28,[],2019-05-29 14:43:29,0.0,0,0,7707024,2019-05-29 14:43:29,,0.0,169045.56,0,,0.0,0.0,0.0,256
1,[],22,[],2019-05-29 14:43:32,1039243.0,0.00000001,0.000000000000872822,7707025,2019-05-29 14:43:32,BTC,24.15669583,0.0,0.00000001,BTC,547708.9724808998,7.8e-07,0.01039243,258
1,[],22,[],2019-05-19 18:12:02,400.0,0.00000001,0.0000000000007957800000000001,7653905,2019-05-19 18:12:02,BTC,2.415167,0.0,0.00000001,BTC,157.0,0.0,4e-06,259
1,[],5,[],2019-05-29 14:43:34,0.0,0,0,7707026,2019-05-29 14:43:34,btc,0.0,0.01104205,0,btc,0.0,0.0,0.0,264
1,[],20,[],2019-05-29 14:43:36,957452.456,0.00000022,0.000000000019202084,7707027,2019-05-29 14:43:36,btc,0.9809521639009,0.0,0.00000022,btc,57021.9707,0.0,0.0081834701014,264
0,[],22,[],2019-04-12 17:57:27,0.0,0,0,7278186,2019-04-12 17:57:27,,66.37522201,0.0,0,,677842.4169881374,0.0,0.0,271
0,[],22,[],2019-05-29 08:10:20,0.0,0,0,7705301,2019-05-29 08:10:20,,33050470.74998113,0.0,0,,14361377780.7,0.0,0.0,272
0,[],28,[],2019-05-29 08:10:54,0.0,0,0,7705302,2019-05-29 08:10:54,,0.0,22189957216.5758,0,,0.0,0.0,0.0,272
1,[],22,[],2019-05-23 07:12:29,219930.0,0.00000004,0.000000000003048688,7671985,2019-05-23 07:12:29,BTC,426.77835217,0.0,0.00000004,BTC,248664.3325962929,0.0,0.00739728,281
1,[],22,[],2019-05-29 14:43:40,231315.43333333332,0.00000003,0.000000000002618466,7707028,2019-05-29 14:43:40,BTC,31.6617132,0.0,0.00000003,"BTC,LTC",1358715.9355298039,3.05e-06,0.01015011,286
0,[],22,[],2019-05-29 14:43:42,0.0,0,0,7707029,2019-05-29 14:43:42,,7337904.96568486,0.0,0,,2004620112.6797826,0.0,0.0,294
