pairValue,buyBook,exchangeId,sellBook,updated,buyTotal,satoshiPrice,usdPrice,exchangeLogId,created,bestPair,sellTotalBtc,volume,pairPrice,activePairs,sellTotal,volumeBtc,buyTotalBtc,coinId
1,[],3,[],2019-05-12 09:29:09,32382.45298881236,0.01090681999999999936268313405207663890905678272247314453125,0.000000815435309116,7619254,2019-05-12 09:29:09,btc,3.3944649651269483,114.735702037,0.01090681999999999936268313405207663890905678272247314453125,btc,15.304242812493001,0.0,0.3225364862486726,1
1,[],4,[],2019-05-12 09:29:10,251102.10242858,0.01062314,0.0000007942263143320001,7619255,2019-05-12 09:29:10,btc,8.780662467525367,0.0,0.01062314,btc,403.13692814,3.40714658,0.35373876570887,1
1,[],5,[],2019-05-12 09:29:12,0.0,0,0,7619256,2019-05-12 09:29:12,btc,0.0,0.14106669,0,btc,0.0,0.0,0.0,1
1,[],10,[],2019-05-12 09:29:15,256481.12893756,0.00904134,0.0000006759649354920001,7619257,2019-05-12 09:29:15,btc,6525.43519396479,1640.61642718,0.00904134,btc,1486.67314033,0.0,3.538274412650572,1
1,[],12,[],2019-05-12 09:29:18,73.0611488,0.0105500000000000003497202527569243102334439754486083984375,0.0000007887580900000001,7619258,2019-05-12 09:29:18,btc,0.2972956354519,0.0,0.0105500000000000003497202527569243102334439754486083984375,btc,24.0107848,0.8866798694764,0.3271316126542,1
1,[],20,[],2019-05-12 09:29:20,974.1314,0.010700265,0.000000799992472407,7619259,2019-05-12 09:29:20,btc,0.0772238284287,0.3437,0.010700265,btc,5.0718,0.0039672334444,0.1711317859546,1
1,[],21,[],2019-05-12 09:29:21,1738.35398901,0.01061369000000000027694735394,0.0000007935197964220001,7619260,2019-05-12 09:29:21,btc,16.10657399307338,8758.76603336,0.01061369000000000027694735393879454932175576686859130859375,"btc,eth",1835.34006164,88.01967377778541,12.136191093594798,1
0,[],22,[],2019-05-12 09:29:24,0.0,0,0,7619261,2019-05-12 09:29:24,,0.3163308,0.0,0,,0.2527518593615956,0.0,0.0,1
1,[],24,[],2019-05-12 09:29:24,0.0,0.000000000000,0,7619262,2019-05-12 09:29:24,btc,0.0,0.0,0.000000000000,btc,0.0,0.0,0.0,1
0.0,[],25,[],2019-05-12 09:29:25,0.0,0,0,7619263,2019-05-12 09:29:25,btc,32.1699999987564,1339.3278749,0.0,btc,2950.92593497,14.6411,0.0,1
1,[],26,[],2019-05-12 09:29:27,0.0,0,0,7619264,2019-05-12 09:29:27,,0.0,0.0,0,,0.0,0.0,0.0,1
1,[],28,[],2019-05-12 09:29:29,987.9,0.01131000,0.000000845578578,7619265,2019-05-12 09:29:29,btc,0.160832048,348220.3798,0.01131000,btc,8.7307,0.0,0.024551096,1
0,[],2,[],2019-01-20 23:28:45,0.0,0,0,6477011,2019-01-20 23:28:45,,0.0,0.0,0,,0.0,0.0,0.0,1
1,[],5,[],2019-05-12 09:29:31,0.0,0,0,7619266,2019-05-12 09:29:31,btc,0.0,0.00044718,0,btc,0.0,0.0,0.0,2
1,[],22,[],2019-05-12 09:29:36,12625.0,0.00000018,0.000000000013457484000000001,7619267,2019-05-12 09:29:36,BTC,21.00846647,0.0,0.00000018,"BTC,XMR",24148.96059725142,0.0,0.00158221,2
1,[],5,[],2019-05-12 09:29:38,0.0,0,0,7619268,2019-05-12 09:29:38,btc,0.0,0.11367836,0,btc,0.0,0.0,0.0,3
1,[],12,[],2019-05-12 09:29:39,3145670.07669,0.00000014,0.000000000010466932000000002,7619269,2019-05-12 09:29:39,btc,2237597.360384215,0.0,0.00000014,btc,3453388.29928154,0.11496445958249578,0.33565196663791,3
0,[],28,[],2019-05-12 09:29:41,0.0,0,0,7619270,2019-05-12 09:29:41,,0.0,0.0,0,,0.0,0.0,0.0,3
0,[],2,[],2019-01-20 23:31:32,0.0,0,0,6477077,2019-01-20 23:31:32,,0.0,0.0,0,,0.0,0.0,0.0,4
1,[],4,[],2019-04-26 19:14:12,610911.70993152,0.00000026,0.000000000013566046,7471614,2019-04-26 19:14:12,btc,31.457742656463164,0.0,0.00000026,btc,718733.71307795,0.00142695,0.0638464483338706,4
0,[],12,[],2019-04-25 23:08:22,0.0,0,0,7459310,2019-04-25 23:08:22,btc,1111851.94727753,0.0,0,btc,953412.0,0.0,0.0,5
0,[],2,[],2019-01-20 23:31:51,0.0,0,0,6477087,2019-01-20 23:31:51,,0.0,0.0,0,,0.0,0.0,0.0,6
1,[],11,[],2019-05-12 00:02:31,5042415.307535999,0.00000001,0.00000000000072476,7617400,2019-05-12 00:02:31,btc,9576.518911699495,10000.0,0.00000001,btc,47478529.75253575,0.0,0.05042415307536,6
1,[],3,[],2019-05-12 09:29:42,11173.95778364774,0.0001397600000000000035858815916611774810007773339748382568359375,0.000000010448988688000001,7619271,2019-05-12 09:29:42,btc,14.361106175573711,72.2557011207,0.0001397600000000000035858815916611774810007773339748382568359375,btc,346.225549964109,0.0,0.03915660516588372,7
1,[],4,[],2019-05-12 09:29:43,55620.5635743,0.00012659,0.000000009464349442,7619272,2019-05-12 09:29:43,btc,7.906466659932292,0.0,0.00012659,btc,35570.65178983,3.79400169,3.6483335343894816,7
1,[],5,[],2019-05-12 09:29:44,0.0,0,0,7619273,2019-05-12 09:29:44,btc,0.0,0.62437464,0,btc,0.0,0.0,0.0,7
1,[],20,[],2019-04-07 22:06:50,3201475.0482,0.000000001,0.000000000000051590000000000004,7213932,2019-04-07 22:06:50,btc,30.8005781811902,0.0,0.000000001,btc,23077405.3926,0.0,0.0032014750482,8
0,[],2,[],2019-01-20 23:22:42,0.0,0,0,6476876,2019-01-20 23:22:42,,0.0,0.0,0,,0.0,0.0,0.0,9
0,[],23,[],2019-01-20 23:22:48,0.0,0,0,6476878,2019-01-20 23:22:48,,0.0,0.0,0,,0.0,0.0,0.0,9
1,[],1,[],2019-02-17 23:31:42,1822507.21,0.00000181000000000000003456111265232042484285557293333113193511962890625,0.000000000066086901,6701244,2019-02-17 23:31:42,btc,3.6990969245,17153386.5,0.00000181000000000000003456111265232042484285557293333113193511962890625,btc,1997391.71,31.11772986,3.2610482446,9
1,[],4,[],2019-05-12 09:29:47,24394813.52953365,0.00000061,0.000000000045605918,7619274,2019-05-12 09:29:47,btc,3.743913230848502,0.0,0.00000061,btc,3039242.28731175,1.3229626,1.2651618814683752,9
1,[],28,[],2019-05-12 09:29:49,18055.0,0.00000021,0.000000000015700398000000002,7619275,2019-05-12 09:29:49,btc,2708.775233808764,3661517.0,0.00000021,btc,25766.3492,0.0,0.00186155,9
1,[],4,[],2019-02-17 11:22:43,4341674.27126056,0.00000002,0.0000000000007272960000000001,6696112,2019-02-17 11:22:43,btc,0.1997230937751353,0.0,0.00000002,btc,4109766.79808031,0.00215132,0.0479381022052112,10
0,[],2,[],2019-01-20 23:23:08,0.0,0,0,6476890,2019-01-20 23:23:08,,0.0,0.0,0,,0.0,0.0,0.0,12
1,[],4,[],2019-05-12 09:29:51,9680707.84662012,0.00000078,0.000000000058315764,7619276,2019-05-12 09:29:51,btc,6.419587677801097,0.0,0.00000078,btc,4611549.62466102,0.98611552,3.988142196509706,12
1,[],5,[],2019-05-12 09:29:52,0.0,0,0,7619277,2019-05-12 09:29:52,btc,0.0,0.04800722,0,btc,0.0,0.0,0.0,12
0.0,[],25,[],2019-05-12 09:29:54,0.0,0,0,7619278,2019-05-12 09:29:54,,0.0,0.0,0.0,btc,0.0,0.0,0.0,12
1,[],10,[],2019-05-12 08:03:05,691949.08909385,0.00000581,0.00000000043469664700000004,7618928,2019-05-12 08:03:05,btc,666793.645784264,27159.5526192,0.00000581,btc,738200.14850565,0.0,0.4431470916081163,13
1,[],4,[],2019-05-12 09:29:55,32166658.02701683,0.00000592,0.000000000442601696,7619279,2019-05-12 09:29:55,btc,2.6909563111185992,0.0,0.00000592,btc,325034.25008547,0.86639947,0.9671988806691412,13
1,[],21,[],2019-05-12 09:29:59,2797521.59522835,0.000005959999999999999687947099120,0.000000000445592248,7619280,2019-05-12 09:29:59,btc,4.368938448093887,1249333.02883029,0.0000059599999999999996879470991195670848128429497592151165008544921875,btc,659657.0729066,7.62976358,14.37021259095218,13
1,[],4,[],2019-05-12 09:30:00,1001942.39078529,0.00000089,0.000000000066539782,7619281,2019-05-12 09:30:00,btc,8.143397854016444,0.0,0.00000089,btc,1238210.20081414,0.0173725,0.1639052524947069,14
1,[],12,[],2019-05-12 09:30:02,246218.82098763,0.00000085,0.00000000006354923,7619282,2019-05-12 09:30:02,btc,0.1187481700632496,0.0,0.00000085,btc,14931.03903504,0.0,0.0242930099999803,14
1,[],26,[],2019-05-12 09:32:02,0.0,0.00000050,0.0000000000373819,7619283,2019-05-12 09:32:02,btc,0.0,0.0,0.00000050,btc,0.0,0.0,0.0,14
0,[],17,[],2019-05-03 00:53:32,0.0,0,0,7558876,2019-05-03 00:53:32,btc,0.0,0.0,0,btc,0.0,0.0,0.0,14
,[],12,[],2018-12-01 15:15:48,204241.84496,0.00000489,0.000000000202473384,5260204,2018-12-01 15:15:48,btc,49.5475654835,0.0,,btc,35763.2193806,0.0163153972027625,0.0203389899998,15
0,[],4,[],2019-05-12 09:32:03,0.0,0,0,7619284,2019-05-12 09:32:03,,0.0,0.0,0,,0.0,0.0,0.0,15
0,[],2,[],2019-01-20 23:23:38,0.0,0,0,6476906,2019-01-20 23:23:38,,0.0,0.0,0,,0.0,0.0,0.0,18
1,[],4,[],2019-05-12 09:32:05,31883.86237744,0.00001329,0.000000000993610902,7619285,2019-05-12 09:32:05,btc,1.092803193299569,0.0,0.00001329,btc,13054.27354916,0.09280823,0.0575450437909649,18
1,[],10,[],2019-05-12 09:32:07,334110.04538561,0.00001498,0.0000000011199617240000001,7619286,2019-05-12 09:32:07,btc,15.410116954542405,2119.85660211,0.00001498,btc,10018.70135075,0.0,0.5008976251750122,18
1,[],12,[],2019-05-12 09:32:08,221497.80404164,0.00001251000000000000050327797485039127423078753054141998291015625,0.000000000935295138,7619287,2019-05-12 09:32:08,btc,33215.327308680535,0.0,0.00001251000000000000050327797485039127423078753054141998291015625,btc,1734.42075625,0.0044965967286713,0.0168004739485012,18
0,[],17,[],2019-05-03 00:53:39,0.0,0,0,7558882,2019-05-03 00:53:39,btc,0.0,0.0,0,btc,0.0,0.0,0.0,18
0,[],2,[],2019-01-20 23:24:19,0.0,0,0,6476924,2019-01-20 23:24:19,,0.0,0.0,0,,0.0,0.0,0.0,19
1,[],3,[],2019-05-12 09:34:09,163727.6893853008,0.0000128900000000000002531481968492954592875321395695209503173828125,0.000000000963705382,7619288,2019-05-12 09:34:09,btc,0.2563244886617123,877.526669329,0.0000128900000000000002531481968492954592875321395695209503173828125,btc,7252.566877867577,0.0,0.1017018488145254,19
1,[],4,[],2019-05-12 09:34:10,448146.60083573,0.00001217,0.000000000909875446,7619289,2019-05-12 09:34:10,btc,3.461382720733879,0.0,0.00001217,btc,116887.90803888,0.33513233,0.8076387759404322,19
1,[],5,[],2019-05-12 09:34:12,0.0,0,0,7619290,2019-05-12 09:34:12,btc,0.0,0.00540182,0,btc,0.0,0.0,0.0,19
1,[],12,[],2019-05-12 09:34:13,205687.54421608,0.000011060000000000000833591008719825055095498100854456424713134765625,0.0000000008268876280000001,7619291,2019-05-12 09:34:13,btc,0.3007759190019892,0.0,0.000011060000000000000833591008719825055095498100854456424713134765625,btc,3064.34453584,0.0007320056451908,0.0834942299995087,19
1,[],27,[],2019-05-12 09:34:21,100.0,0.0000001,0.00000000000747638,7619292,2019-05-12 09:34:21,btc,0.0,0.0,0.0000001,btc,0.0,0.0,1e-05,19
1,[],4,[],2019-05-12 09:34:22,1835078.57391266,0.00000009,0.000000000006728742000000001,7619293,2019-05-12 09:34:22,btc,5.279309685630553,0.0,0.00000009,btc,2279170.28595418,0.0,0.0608465352282092,20
1,[],4,[],2019-05-12 09:34:23,73278153.00551692,0.00000001,0.000000000000747638,7619294,2019-05-12 09:34:23,btc,1779.0893766580075,0.0,0.00000001,btc,56052388.84778949,0.00040999,0.7327815300551692,21
1,[],12,[],2019-05-12 09:34:24,5195602.0,0.00000001,0.0000000000007476380000000001,7619295,2019-05-12 09:34:24,btc,2895.661719010819,0.0,0.00000001,btc,7235925.79820176,0.00014799,0.05195602,21
0,[],17,[],2019-05-03 00:53:51,0.0,0,0,7558891,2019-05-03 00:53:51,btc,0.0,0.0,0,btc,0.0,0.0,0.0,21
1,[],12,[],2019-05-12 09:36:25,7554751615.0,0.0000000004,0.00000000000002990552,7619296,2019-05-12 09:36:25,btc,311118500157.6354,0.0,0.0000000004,btc,2669570398.8327637,0.11628574604036368,1.7435886591,23
0.0000000002640554,[],27,[],2019-05-12 09:36:36,40211772.0,5.281108e-18,3.9483570229040006e-22,7619297,2019-05-12 09:36:36,eth,183.904331927312,555448133.6400001,0.00000002,eth,5092661.9664,2.9333815814119184e-09,1.81112683688384e-10,23
1,[],4,[],2019-05-12 09:36:36,825861.68584221,0.00000030,0.00000000002242914,7619298,2019-05-12 09:36:36,btc,13.876657287968738,0.0,0.00000030,btc,2049563.85616324,0.02446407,0.0464918315429524,24
1,[],22,[],2019-05-12 09:36:40,21.76,0.00000100,0.0000000000747638,7619299,2019-05-12 09:36:40,BTC,7.415e-05,0.0,0.00000100,BTC,23.919354838709676,0.0,1.186e-05,24
0.0,[],25,[],2019-05-12 09:36:41,0.0,0,0,7619300,2019-05-12 09:36:41,,0.0,0.0,0.0,btc,0.0,0.0,0.0,24
0,[],2,[],2019-01-20 23:25:56,0.0,0,0,6476976,2019-01-20 23:25:56,,0.0,0.0,0,,0.0,0.0,0.0,26
1,[],4,[],2019-05-12 09:36:42,26988026.46474635,0.00000411,0.000000000307279218,7619301,2019-05-12 09:36:42,btc,11.254655286572378,0.0,0.00000411,btc,340660.22018848,0.11089305,0.4812337682783198,26
1,[],10,[],2019-05-12 09:36:44,158403.01675213,0.00000802,0.000000000599605676,7619302,2019-05-12 09:36:44,btc,25.844525644124733,3532.51518359,0.00000802,btc,19849.69690304,0.0,0.0644974652522065,26
1,[],11,[],2019-04-30 04:16:17,7094566.83690364,0.00000006,0.000000000003115554,7518027,2019-04-30 04:16:17,btc,67504.138725751,6116.07566417,0.00000006,btc,6591680.7351637,0.0,0.38529422037817224,27
1,[],5,[],2019-04-26 09:47:06,0.0,0,0,7465326,2019-04-26 09:47:06,btc,0.0,0.0,0,btc,0.0,0.0,0.0,27
1,[],3,[],2019-04-28 02:38:55,141621.60361514,0.00000001,0.0000000000005253330000000001,7491060,2019-04-28 02:38:55,btc,2.501704004580372,921815.184511,0.00000001,btc,21091882.2176418,0.0,0.0014162160361513999,27
1,[],4,[],2019-05-12 09:36:45,1474286134.5388253,0.00000001,0.000000000000747638,7619303,2019-05-12 09:36:45,btc,5.229516721626856,0.0,0.00000001,"btc,ltc",312927824.4083846,0.16916421,9.542106551509022,29
1,[],7,[],2019-05-12 09:36:46,113385941.7229273,0.00000001,0.0000000000007476380000000001,7619304,2019-05-12 09:36:46,btc,46550610.59710795,0.0,0.00000001,btc,43191601.94843787,0.0,1.133859417229273,29
0,[],17,[],2019-05-03 01:11:25,0.0,0,0,7559066,2019-05-03 01:11:25,btc,0.0,0.0,0,btc,0.0,0.0,0.0,30
1,[],4,[],2019-05-12 09:36:47,1611276.43598434,0.00000011,0.000000000008224018,7619305,2019-05-12 09:36:47,btc,2.601135586089325,0.0,0.00000011,btc,2059129.43018813,0.0001954,0.0353635571522796,30
1,[],4,[],2019-05-12 09:38:48,196580.73332861,0.00004576,0.000000003421191488,7619306,2019-05-12 09:38:48,btc,6.96781422537666,0.0,0.00004576,btc,68562.28096329,1.98470994,0.4540837878765464,31
1,[],21,[],2019-05-12 09:38:49,99216.5488149,0.00004555999999999999747245585380,0.000000003406238728,7619307,2019-05-12 09:38:49,btc,4.479747907024731,318817.35195462,0.0000455599999999999974724558537975127592289936728775501251220703125,btc,85392.38555247,15.96633362,2.746951283973171,31
0,[],2,[],2019-01-20 23:28:43,0.0,0,0,6477009,2019-01-20 23:28:43,,0.0,0.0,0,,0.0,0.0,0.0,32
1,[],12,[],2019-03-30 07:55:10,40641173.964,0.00000003,0.000000000001228359,7108785,2019-03-30 07:55:10,btc,4233210.82356125,0.0,0.00000003,btc,28378394.68333462,0.0126927883965248,0.90752895892,33
0,[],4,[],2019-05-12 09:38:50,0.0,0,0,7619308,2019-05-12 09:38:50,,0.0,0.0,0,,0.0,0.0,0.0,33
0,[],4,[],2019-05-12 09:38:52,0.0,0,0,7619309,2019-05-12 09:38:52,,3.1319064384283384,0.0,0,,138651084.68517295,0.01443096,0.0,34
1,[],5,[],2019-05-12 09:38:53,0.0,0,0,7619310,2019-05-12 09:38:53,btc,0.0,0.0017958,0,btc,0.0,0.0,0.0,34
0.000000000133684,[],4,[],2019-05-02 18:17:45,3384239970.6360936,1.3368400000000002e-18,7.293946092400001e-23,7556428,2019-05-02 18:17:45,ltc,5.381102735485169e-08,0.0,0.00000001,ltc,6862894551.7408495,0.0,4.524187362345155e-09,36
1,[],5,[],2019-05-02 18:17:46,0.0,0,0,7556429,2019-05-02 18:17:46,btc,0.0,0.0,0,btc,0.0,0.0,0.0,36
0.0000000002926451,[],17,[],2019-05-02 18:17:47,200000.0,2.9264510000000002e-18,1.596703856561e-22,7556430,2019-05-02 18:17:47,eth,0.20942468735267253,0.0,0.00000001,"btc,eth",1018272.20243647,0.0,5.852902e-13,36
0.000000000133684,[],27,[],2019-05-02 18:17:55,7883196.008,1.3368400000000002e-18,7.293946092400001e-23,7556431,2019-05-02 18:17:55,ltc,25567.4086131264,0.0,0.00000001,"ltc,eth",21753551.64,0.0,1.0538571751334722e-11,36
1,[],17,[],2019-05-03 01:11:36,211752.74075282,0.00000025,0.000000000013700074999999998,7559074,2019-05-03 01:11:36,btc,0.055484923955058496,0.0,0.00000025,"btc,eth",1387.19918473,0.0,0.0005381851887916605,37
1,[],4,[],2019-05-12 09:38:54,256147.07893174,0.00000021,0.000000000015700398000000002,7619311,2019-05-12 09:38:54,btc,19772.871247486528,0.0,0.00000021,btc,952051.77150569,0.00591974,0.0179824886774792,37
1,[],12,[],2019-05-12 09:38:55,2069033.33333332,0.00000021,0.000000000015700398000000002,7619312,2019-05-12 09:38:55,btc,19604.33661292258,0.0,0.00000021,btc,404502.89143952,0.0174774808089721,0.2378080299999972,37
1,[],27,[],2019-05-12 09:41:06,1600.0,0.00000015,0.00000000001121457,7619313,2019-05-12 09:41:06,btc,24.12824334291843,0.0,0.00000015,btc,5839.49448498,0.0,3e-05,37
1,[],5,[],2019-05-12 09:41:08,0.0,0,0,7619314,2019-05-12 09:41:08,btc,0.0,0.04439136,0,btc,0.0,0.0,0.0,42
1,[],12,[],2019-05-12 09:41:10,356490.38971759,0.0000023800000000000000828829192778268719621337368153035640716552734375,0.000000000177937844,7619315,2019-05-12 09:41:10,btc,2227607.688365203,0.0,0.0000023800000000000000828829192778268719621337368153035640716552734375,btc,90605.38505771,0.3365657709772329,0.0771572198027152,42
1,[],27,[],2019-05-12 09:41:23,506.0,0.00000002,0.000000000001495276,7619316,2019-05-12 09:41:23,btc,1.22636089793465,0.0,0.00000002,"btc,eth",1336.4475157,0.0,3.0000004107645803e-06,42
1,[],12,[],2019-03-13 09:13:29,1112112.0,0.00000001,0.000000000000386531,6919902,2019-03-13 09:13:29,btc,29058.00478931866,0.0,0.00000001,btc,5967681.93306694,9.99000999e-07,0.01112112,43
1,[],5,[],2019-04-26 22:38:52,0.0,0,0,7474154,2019-04-26 22:38:52,btc,0.0,0.02638891,0,btc,0.0,0.0,0.0,43
0,[],17,[],2019-04-26 22:38:53,0.0,0,0,7474155,2019-04-26 22:38:53,btc,0.0,0.0,0,btc,0.0,0.0,0.0,43
1,[],12,[],2019-03-05 01:54:08,639326.02,0.00000004,0.000000000001486676,6845775,2019-03-05 01:54:08,btc,11116042.728239931,0.0,0.00000004,btc,1103841.4595604,0.0003330765234764,0.014975410599999999,44
1,[],4,[],2019-05-12 09:41:24,123983645.21093708,0.00000001,0.000000000000747638,7619317,2019-05-12 09:41:24,btc,436.8419112408481,0.0,0.00000001,"btc,ltc",23807222.99342435,0.00016625,0.22250205674356258,49
1,[],4,[],2019-05-12 09:41:25,80419545.5769547,0.00000001,0.000000000000747638,7619318,2019-05-12 09:41:25,btc,21662.672422673146,0.0,0.00000001,"btc,ltc",119728606.69731528,0.02292615,0.01319009716615131,52
0,[],22,[],2019-05-12 09:41:28,0.0,0,0,7619319,2019-05-12 09:41:28,,10289.64343849,0.0,0,,311140042.4566013,0.0,0.0,57
0,[],27,[],2019-05-12 09:41:35,0.0,0,0,7619320,2019-05-12 09:41:35,,0.0,0.0,0,"btc,eth",0.0,0.0,0.0,57
1,[],17,[],2019-05-03 01:12:09,1200000.0,0.0000000001,0.00000000000000548003,7559085,2019-05-03 01:12:09,btc,1e+24,0.0,0.0000000001,"btc,eth",39516342.31952568,0.0,0.00010000000058666061,58
0.0000000001228073,[],4,[],2019-05-12 09:41:36,813466899.2421304,1.2280730000000001e-18,9.181540415740001e-23,7619321,2019-05-12 09:41:36,ltc,19.1106621648094,0.0,0.00000001,ltc,6161090755.671694,0.0,9.98996735352981e-10,58
1,[],12,[],2019-05-12 09:41:37,1483834867.0,0.0000000001,0.00000000000000747638,7619322,2019-05-12 09:41:37,btc,118395241.62212676,0.0,0.0000000001,btc,4586176342.960049,0.009520500189110888,0.1483834867,58
0.0000000001071715,[],22,[],2019-05-12 09:43:41,137323.0,1.071715e-18,8.012548591700001e-23,7619323,2019-05-12 09:43:41,XMR,69.17947824,0.0,0.00000001,XMR,9887848.044444444,0.0,0.00137323,58
1,[],28,[],2019-05-12 09:44:32,1039.304,0.00000008,0.000000000005981104,7619328,2019-05-12 09:44:32,btc,2.056501795415105,732.0,0.00000008,btc,10022.46650005,0.0,2.439304e-05,61
1,[],5,[],2019-05-12 09:43:42,0.0,0,0,7619324,2019-05-12 09:43:42,btc,0.0,0.0255422,0,btc,0.0,0.0,0.0,61
1,[],22,[],2019-05-12 09:43:46,13613.833333333334,0.00000012,0.000000000008971656,7619325,2019-05-12 09:43:46,BTC,1002.29626883,0.0,0.00000012,BTC,15392.180177125656,0.0,0.00153269,61
1,[],26,[],2019-05-12 09:43:46,0.0,0.00000050,0.0000000000373819,7619326,2019-05-12 09:43:46,btc,0.0,0.0,0.00000050,btc,0.0,0.0,0.0,61
1,[],27,[],2019-05-12 09:43:52,101000.0,0.00000001,0.000000000000747638,7619327,2019-05-12 09:43:52,btc,1.9482732497246655,0.0,0.00000001,"btc,eth",13266.51663696,0.0,1.00000002640554e-05,61
1,[],4,[],2019-05-12 09:44:33,1199954.85931181,0.00000098,0.000000000073268524,7619329,2019-05-12 09:44:33,btc,2.175145026431303,0.0,0.00000098,btc,719588.49477682,0.07092123,0.7805990612655643,67
0.0,[],25,[],2019-05-12 09:44:34,0.0,0,0,7619330,2019-05-12 09:44:34,,0.0,0.0,0.0,btc,0.0,0.0,0.0,67
1,[],12,[],2019-05-12 09:44:35,1442874.0,0.00000009,0.000000000006728742,7619331,2019-05-12 09:44:35,btc,55556353.3506397,0.0,0.00000009,btc,1480364.7532711,0.0025225453546457,0.02184736,71
,[],5,[],2018-11-20 23:02:39,1.5e-07,0.00000005,0.000000000002128045,4862160,2018-11-20 23:02:39,btc,2.84511358,0.0,,btc,0.00036572,0.0,0.07381892,74
1,[],5,[],2019-05-12 09:44:38,0.0,0,0,7619332,2019-05-12 09:44:38,btc,0.0,0.00968631,0,btc,0.0,0.0,0.0,75
0,[],4,[],2019-05-12 09:44:39,0.0,0,0,7619333,2019-05-12 09:44:39,,133647.3434328639,0.0,0,,34200062.02546142,0.00116741,0.0,81
0,[],20,[],2019-01-25 09:30:31,0.0,0,0,6495923,2019-01-25 09:30:31,btc,0.0,0.0,0,btc,0.0,0.0,0.0,81
1,[],4,[],2019-05-12 09:44:40,25709.14192666,0.00006817,0.000000005096648246,7619334,2019-05-12 09:44:40,btc,18.47617721675853,0.0,0.00006817,btc,24392.18784014,1.07457033,0.1843683007543804,82
1,[],21,[],2019-05-12 09:44:41,249522.29733795,0.00006535999999999999763525965202,0.000000004886561968,7619335,2019-05-12 09:44:41,btc,3.597659719065227,21229.52088084,0.000065359999999999997635259652017936105039552785456180572509765625,btc,47992.50285765,1.38221387,1.4608869691626707,82
0,[],17,[],2019-03-25 22:42:34,0.0,0,0,7038780,2019-03-25 22:42:34,btc,0.0445064681804024,0.0,0,btc,995513.18476001,0.0,0.0,84
0.00000000013644,[],4,[],2019-05-01 19:17:39,299701867.376,1.3644e-18,7.259508504e-23,7542161,2019-05-01 19:17:39,ltc,1.6769037726995486,0.0,0.00000001,ltc,427823536.87452894,0.00010978,4.089132278478144e-10,85
,[],22,[],2018-11-20 23:09:34,3408.1,0.0000001,0.0000000000041895,4862324,2018-11-20 23:09:34,BTC,0.04624735,0.0,,BTC,4990.0,0.0,0.00033081,86
1,[],22,[],2019-05-12 09:44:45,85999.0,0.00000001,0.000000000000747638,7619336,2019-05-12 09:44:45,BTC,3.66445213,0.0,0.00000001,BTC,336978.29736842104,4e-05,0.00085999,87
0,[],27,[],2019-05-12 09:44:54,0.0,0,0,7619337,2019-05-12 09:44:54,,4.960708560736,10674.0,0,btc,10217.62841,0.00010674,0.0,87
,[],2,[],2018-11-20 23:10:47,0.0,0,0,4862359,2018-11-20 23:10:47,,0.0,0.0,,,0.0,0.0,0.0,88
1,[],11,[],2019-05-12 09:44:56,76604.8806569,0.00013622999999999998825550573400278153712861239910125732421875,0.000000010185072474,7619338,2019-05-12 09:44:56,btc,176.94239047141315,1391.800142,0.00013622999999999998825550573400278153712861239910125732421875,btc,191988.94744344,0.0,4.259589676971952,89
1,[],12,[],2019-05-12 09:44:57,528500.36391799,0.00000049,0.000000000036634262,7619339,2019-05-12 09:44:57,btc,89.85121840603665,0.0,0.00000049,btc,177213.50152962,0.0134535894399168,0.0622042794722548,91
1,[],22,[],2019-05-12 09:47:01,76014.0,0.0000008,0.00000000005981104,7619340,2019-05-12 09:47:01,BTC,0.1,0.0,0.0000008,"BTC,LTC",1.0,0.0,0.0017135,91
0,[],2,[],2019-01-20 23:31:45,0.0,0,0,6477083,2019-01-20 23:31:45,,0.0,0.0,0,,0.0,0.0,0.0,91
0,[],17,[],2019-05-03 01:12:26,0.0,0,0,7559096,2019-05-03 01:12:26,btc,0.0,0.0,0,btc,0.0,0.0,0.0,91
1,[],22,[],2019-04-09 20:17:52,374949.73333333334,0.00000015,0.000000000007771935,7235704,2019-04-09 20:17:52,BTC,6.87372503,0.0,0.00000015,"BTC,LTC",159980.01196797504,1.1e-05,0.80510266,95
0.0000000001228073,[],4,[],2019-05-12 09:47:02,545933241.0420544,7.368438e-17,5.508924249444001e-21,7619341,2019-05-12 09:47:02,ltc,11.243206861090899,0.0,0.0000006,ltc,130525216.73136497,0.06450335,1.2280324503877925e-09,96
0,[],12,[],2019-05-12 09:47:04,0.0,0,0,7619342,2019-05-12 09:47:04,btc,25054.270821736474,0.0,0,btc,7546879.46658341,2.3576423576e-06,0.0,96
0,[],17,[],2019-05-03 01:12:32,0.0,0,0,7559100,2019-05-03 01:12:32,btc,0.0,0.0,0,btc,0.0,0.0,0.0,96
1,[],4,[],2019-04-14 03:32:46,1039404.33283278,0.00000038,0.000000000019245518,7293458,2019-04-14 03:32:46,btc,4.170086055365747,0.0,0.00000038,btc,3097704.34561074,0.06260606,0.1859928211030784,99
1,[],4,[],2019-05-12 09:49:04,382661.52684769,0.00003421,0.000000002557669598,7619343,2019-05-12 09:49:04,btc,6.978455670775997,0.0,0.00003421,btc,119874.32252885,0.52816599,0.4740108596512852,100
0,[],2,[],2019-01-20 23:23:55,0.0,0,0,6476914,2019-01-20 23:23:55,,0.0,0.0,0,,0.0,0.0,0.0,100
1,[],22,[],2019-05-12 09:49:08,130000.0,0.00000001,0.000000000000747638,7619344,2019-05-12 09:49:08,BTC,24.83526409,0.0,0.00000001,BTC,11187.719,0.0,0.0013,101
1,[],4,[],2019-05-12 09:49:09,604214.25076917,0.00000550,0.0000000004112009,7619345,2019-05-12 09:49:09,btc,255.07426155991624,0.0,0.00000550,btc,379210.36338498,1.8120557,0.7435519935553698,103
1,[],12,[],2019-05-12 09:49:12,101706138.76392001,0.000000005,0.00000000000037381900000000005,7619346,2019-05-12 09:49:12,btc,468525272.7596511,0.0,0.000000005,btc,110649298.54471982,0.05168973166250803,0.24735995896776006,105
0,[],27,[],2019-05-12 09:49:19,0.0,0,0,7619347,2019-05-12 09:49:19,,0.0584885651331397,0.0,0,btc,600596.63747933,0.0,0.0,105
1,[],22,[],2019-04-21 00:17:26,21333.0,0.00000001,0.000000000000532493,7385819,2019-04-21 00:17:26,BTC,51.38182867,0.0,0.00000001,BTC,470435.0,0.0,0.00021333,107
1,[],26,[],2019-04-21 00:17:26,0.0,0.00000000,0,7385820,2019-04-21 00:17:26,btc,0.0,0.0,0.00000000,btc,0.0,0.0,0.0,107
1,[],5,[],2019-05-12 09:49:20,0.0,0,0,7619348,2019-05-12 09:49:20,btc,0.0,0.0,0,btc,0.0,0.0,0.0,112
1,[],22,[],2019-05-12 09:49:24,79003.0,0.00000001,0.000000000000747638,7619349,2019-05-12 09:49:24,BTC,2.78774668,0.0,0.00000001,BTC,1151913.0833333333,0.00229029,0.00079003,112
1,[],27,[],2019-05-12 09:49:33,1.0,0.00000001,0.000000000000747638,7619350,2019-05-12 09:49:33,btc,1.25032588,0.0,0.00000001,"btc,eth",1819.0,0.0,1e-08,112
1,[],4,[],2019-05-12 09:49:34,359210.09058777,0.00000151,0.000000000112893338,7619351,2019-05-12 09:49:34,btc,4.758226636456476,0.0,0.00000151,btc,522491.38561624,0.00968813,0.1977336648034568,113
1,[],5,[],2019-05-12 09:49:35,0.0,0,0,7619352,2019-05-12 09:49:35,btc,0.0,1.77e-06,0,btc,0.0,0.0,0.0,113
1,[],17,[],2019-04-26 02:17:47,162738.278,0.00000004,0.0000000000021069000000000002,7461287,2019-04-26 02:17:47,btc,1.3331140273775473,0.0,0.00000004,btc,51796.221,0.0,0.00230953112,116
0,[],27,[],2019-04-26 02:19:51,0.0,0,0,7461288,2019-04-26 02:19:51,,0.0,0.0,0,,0.0,0.0,0.0,116
1,[],4,[],2019-05-07 20:09:28,131822.85721655,0.00001022,0.00000000060230548,7572994,2019-05-07 20:09:28,btc,132.18460413545117,0.0,0.00001022,btc,268070.13193351,0.06918336,1.0489745103085106,120
1,[],7,[],2019-05-07 20:09:30,9501.79941055,0.000011699999999999999788190263583231853772304020822048187255859375,0.0000000006895277999999999,7572995,2019-05-07 20:09:30,btc,231185.88817567716,62.23644451,0.000011699999999999999788190263583231853772304020822048187255859375,btc,4076.97424313,0.00072692,0.018013380795019,120
1,[],20,[],2019-04-07 18:42:29,1914137.0852,0.000000035,0.0000000000017871910000000002,7211992,2019-04-07 18:42:29,btc,32.2497668025648,25528.85,0.000000035,btc,1001975.4986,0.00089350975,0.0152723574729,125
1,[],22,[],2019-05-12 09:49:39,10000.0,0.00000001,0.000000000000747638,7619353,2019-05-12 09:49:39,BTC,0.032061,0.0,0.00000001,BTC,299316.7611111111,0.0,0.0001,126
1,[],4,[],2019-05-12 09:49:40,1855327.92103391,0.00000631,0.000000000471759578,7619354,2019-05-12 09:49:40,btc,3.3377480759283067,0.0,0.00000631,btc,169059.58700306,0.05946739,0.325885807672454,131
0,[],2,[],2019-01-20 23:25:46,0.0,0,0,6476969,2019-01-20 23:25:46,,0.0,0.0,0,,0.0,0.0,0.0,131
1,[],17,[],2019-05-03 01:13:10,10000.0,0.00000001,0.000000000000548003,7559115,2019-05-03 01:13:10,btc,0.0953976503951408,0.0,0.00000001,btc,5037.62507334,0.0,0.0001,131
1,[],4,[],2019-05-12 09:51:41,4710.82674071,0.00010321,0.000000007716371798,7619355,2019-05-12 09:51:41,btc,6.012384693007415,0.0,0.00010321,btc,198.61424306,0.00030963,0.0071421079535925,135
1,[],3,[],2019-05-12 09:51:42,30005.0,0.00000001,0.0000000000007476380000000001,7619356,2019-05-12 09:51:42,btc,0.2039354059486088,749616.391393,0.00000001,btc,1718704.31412391,0.0,0.00030005,136
1,[],4,[],2019-05-12 09:51:43,2398516.81185461,0.00000185,0.00000000013831303000000002,7619357,2019-05-12 09:51:43,btc,318.4373899506677,0.0,0.00000185,btc,516189.17234979,0.07340689,0.5884007135522902,137
1,[],12,[],2019-05-12 09:51:45,324720.96597732,0.0000018599999999999999793589590402209665853661135770380496978759765625,0.000000000139060668,7619358,2019-05-12 09:51:45,btc,48531.231775398126,0.0,0.0000018599999999999999793589590402209665853661135770380496978759765625,btc,39857.76671961,0.0025796631245104,0.024400785727145602,137
1,[],4,[],2019-05-12 09:51:46,56469.15163958,0.00002959,0.000000002212260842,7619359,2019-05-12 09:51:46,btc,5.190710017789523,0.0,0.00002959,btc,72680.50059801,0.33101297,0.23197261771821,142
1,[],5,[],2019-05-12 09:51:47,0.0,0,0,7619360,2019-05-12 09:51:47,btc,0.0,0.03759621,0,btc,0.0,0.0,0.0,142
1,[],20,[],2019-05-12 09:53:49,162677.8195,0.00002857,0.000000002136001766,7619361,2019-05-12 09:53:49,btc,1.7318989481827,324.8647,0.00002857,btc,8790.6601,0.010558257533,0.046591156174,142
1,[],22,[],2019-05-12 09:53:52,1370.0,0.00000200,0.0000000001495276,7619362,2019-05-12 09:53:52,BTC,3.2756588,0.0,0.00000200,BTC,1135.5948275773155,0.0,0.0003632,142
0.0,[],25,[],2019-05-12 09:53:53,0.0,0,0,7619363,2019-05-12 09:53:53,,0.0,0.0,0.0,btc,0.0,0.0,0.0,142
1,[],28,[],2019-05-12 09:54:32,79102.0,0.00003311,0.000000002475429418,7619364,2019-05-12 09:54:32,btc,0.0555251924,227363.6893,0.00003311,btc,438.37303,0.0,0.07347342,142
1,[],17,[],2019-05-03 01:13:16,32967.38636364,0.00000088,0.000000000048224264,7559122,2019-05-03 01:13:16,btc,20.06976206696776,0.0,0.00000088,btc,2746.079105,0.0,0.0105613000000032,142
0,[],22,[],2019-05-12 09:54:35,0.0,0,0,7619365,2019-05-12 09:54:35,,64.16505383,0.0,0,,688775795.8,0.0,0.0,143
0,[],22,[],2019-02-25 15:42:22,0.0,0,0,6783783,2019-02-25 15:42:22,,4.2131946,0.0,0,,2322156.0,0.0,0.0,146
,[],22,[],2018-11-20 23:01:11,0.0,0,0,4862114,2018-11-20 23:01:11,,2.56807021,0.0,,,61828.4988236,0.0,0.0,147
1,[],12,[],2019-04-21 06:38:04,193091.5971266,0.00000071,0.000000000037635183,7388679,2019-04-21 06:38:04,btc,2.301232411611175,0.0,0.00000071,btc,9957.48302385,0.00023528,0.0313308199999888,148
1,[],4,[],2019-03-19 21:31:25,255810.0415942,0.00000029,0.000000000011615747,6982695,2019-03-19 21:31:25,btc,218.94922712414143,0.0,0.00000029,btc,793529.37642722,0.00117,0.0608347789473395,152
0,[],22,[],2019-03-19 21:31:27,0.0,0,0,6982696,2019-03-19 21:31:27,,0.0,0.0,0,,0.0,0.0,0.0,152
1,[],5,[],2019-04-26 09:36:59,0.0,0,0,7465040,2019-04-26 09:36:59,btc,0.0,0.0,0,btc,0.0,0.0,0.0,153
,[],16,[],2019-01-11 15:38:59,0.0,0,0,6366141,2019-01-11 15:38:59,btc,0.0,0.0,,btc,0.0,0.0,0.0,155
0,[],22,[],2019-05-11 16:24:45,0.0,0,0,7616280,2019-05-11 16:24:45,,6.80191271,0.0,0,,4673448.342592592,0.0,0.0,156
0,[],23,[],2019-01-20 23:24:29,0.0,0,0,6476932,2019-01-20 23:24:29,,0.0,0.0,0,,0.0,0.0,0.0,156
1,[],22,[],2019-05-12 09:54:39,7066.0,0.00000800,0.0000000005981104,7619366,2019-05-12 09:54:39,BTC,1.79802465,0.0,0.00000800,BTC,802.6461988741639,0.0,0.00062996,157
0,[],22,[],2019-05-07 22:25:46,0.0,0,0,7574238,2019-05-07 22:25:46,,50234.60468402,0.0,0,,54786159.03179465,0.0,0.0,158
,[],17,[],2018-11-20 22:56:10,0.0,0,0,4861976,2018-11-20 22:56:10,btc,1.1265625,0.0,,btc,1000.0,0.0,0.0,159
,[],20,[],2018-11-20 22:56:12,0.0,0,0,4861977,2018-11-20 22:56:12,btc,11912.7940471,0.0,,btc,34413894.3617,0.0,0.0,159
1,[],12,[],2019-05-12 09:54:40,260647.40893602,0.00000279999999999999987329471311248152431971902842633426189422607421875,0.00000000020933864,7619367,2019-05-12 09:54:40,btc,23.17515459039815,0.0,0.00000279999999999999987329471311248152431971902842633426189422607421875,btc,12626.91716398,0.0,0.0365783974998962,168
1,[],17,[],2019-05-03 01:13:36,42852.0,0.00000002,0.000000000001096006,7559132,2019-05-03 01:13:36,btc,0.04279856251542,0.0,0.00000002,btc,274.46171372,0.0,0.00052852,168
1,[],22,[],2019-05-07 03:57:18,743122.0,0.00000001,0.000000000000593596,7562020,2019-05-07 03:57:18,BTC,41.40912107,0.0,0.00000001,BTC,1593401.2737547632,0.00342649,0.00743122,169
1,[],22,[],2019-05-12 09:56:43,255790.0,0.00000003,0.000000000002242914,7619368,2019-05-12 09:56:43,BTC,27.85833509,0.0,0.00000003,BTC,431092.99483480485,4e-06,0.0037957,171
1,[],22,[],2019-05-12 09:56:48,215028.2,0.00000014,0.000000000010466932,7619369,2019-05-12 09:56:48,BTC,823.68627852,0.0,0.00000014,"BTC,LTC",703726.1427935044,0.00323822,0.01305882,173
1,[],5,[],2019-05-06 19:49:32,0.0,0,0,7559281,2019-05-06 19:49:32,btc,0.0,0.00023336,0,btc,0.0,0.0,0.0,175
1,[],22,[],2019-05-12 09:56:51,90671.0,0.00000001,0.000000000000747638,7619370,2019-05-12 09:56:51,BTC,394.35459412,0.0,0.00000001,BTC,136275.61833431243,0.0,0.00090671,176
1,[],7,[],2019-05-12 09:56:52,0.0,0,0,7619371,2019-05-12 09:56:52,btc,520274.2870788149,0.0,0,btc,27457332.23673972,0.0,0.0,178
0,[],22,[],2019-05-12 09:56:55,0.0,0,0,7619372,2019-05-12 09:56:55,,1.00242428,0.0,0,,57512.0,0.0,0.0,178
0,[],2,[],2019-01-20 23:28:34,0.0,0,0,6477001,2019-01-20 23:28:34,,0.0,0.0,0,,0.0,0.0,0.0,178
1,[],5,[],2019-05-12 09:56:57,0.0,0,0,7619373,2019-05-12 09:56:57,btc,0.0,0.11262587,0,btc,0.0,0.0,0.0,179
1,[],22,[],2019-05-12 09:56:59,2000847.0,0.00000001,0.000000000000747638,7619374,2019-05-12 09:56:59,BTC,5.33706243,0.0,0.00000001,BTC,14245808.411946677,6.67e-05,0.02000847,179
0,[],23,[],2019-01-20 23:25:08,0.0,0,0,6476952,2019-01-20 23:25:08,,0.0,0.0,0,,0.0,0.0,0.0,179
1,[],22,[],2019-05-12 09:59:04,640760.221048321,0.00000175,0.00000000013083665,7619375,2019-05-12 09:59:04,BTC,39.25937848,0.0,0.00000175,"BTC,LTC",41147.82322302362,0.03833159,0.55502989,180
1,[],26,[],2019-05-12 09:59:04,0.0,0.00000250,0.0000000001869095,7619376,2019-05-12 09:59:04,btc,0.0,250.0,0.00000250,btc,0.0,0.0,0.0,180
1,[],17,[],2019-05-03 01:13:56,20504.725000000002,0.0000001,0.00000000000548003,7559141,2019-05-03 01:13:56,btc,5.2010695838400265,0.0,0.0000001,btc,5033.45945,0.0,0.0011504725,180
,[],7,[],2018-11-20 22:58:01,562227.975654,0.00000085,0.000000000036176765,4862015,2018-11-20 22:58:01,btc,21836.6059674,2491.87645172,,btc,749999.041456,0.00211021,0.127565380455,183
,[],5,[],2019-01-10 08:11:41,0.0,0,0,6347036,2019-01-10 08:11:41,btc,82.15055501,0.00261,,btc,1.19002445,0.0,0.0,187
1,[],24,[],2019-04-30 17:34:05,0.0,0.000000000014,7.396256000000001e-16,7526291,2019-04-30 17:34:05,btc,0.0,0.0,0.000000000014,btc,0.0,0.0,0.0,187
,[],17,[],2018-11-16 20:58:10,4062536.27273,0.00000001,0.000000000000550501,4708775,2018-11-16 20:58:10,btc,3.36492563466,0.195460381006,,"btc,eth",110697919.549,0.0,0.0157628953496,187
0,[],22,[],2019-04-25 02:54:07,0.0,0,0,7447896,2019-04-25 02:54:07,,7.54794454,0.0,0,,76361.7243344055,0.0,0.0,191
0,[],22,[],2019-05-12 09:59:10,0.0,0,0,7619377,2019-05-12 09:59:10,,0.0,0.0,0,,0.0,0.0,0.0,197
0,[],23,[],2019-01-20 23:31:41,0.0,0,0,6477079,2019-01-20 23:31:41,,0.0,0.0,0,,0.0,0.0,0.0,199
0.0000000001228073,[],22,[],2019-05-12 09:59:13,53056789.0,2.4561460000000002e-18,1.8363080831480001e-22,7619378,2019-05-12 09:59:13,LTC,7.64521369,0.0,0.00000002,LTC,35260436.0,6.5985381590590006e-12,0.60713197,199
1,[],26,[],2019-05-12 09:59:13,0.0,0.00000000,0,7619379,2019-05-12 09:59:13,btc,0.0,0.0,0.00000000,btc,0.0,0.0,0.0,199
0,[],2,[],2019-01-20 23:30:49,0.0,0,0,6477059,2019-01-20 23:30:49,,0.0,0.0,0,,0.0,0.0,0.0,201
1,[],4,[],2019-01-25 15:51:35,2084389.58565343,0.00000936,0.000000000333526752,6499557,2019-01-25 15:51:35,btc,2.0092503037378524,0.0,0.00000936,btc,160195.80207885,0.19272417,1.242687955921835,211
1,[],7,[],2019-05-12 09:59:18,13705684.862578219,0.00000082,0.000000000061306316,7619380,2019-05-12 09:59:18,btc,15200781.765678376,197430.194813,0.00000082,btc,13676950.55000669,0.0,1.0788481805773988,212
1,[],5,[],2019-05-07 13:02:51,0.0,0,0,7566706,2019-05-07 13:02:51,btc,0.0,0.43032184,0,btc,0.0,0.0,0.0,213
1,[],24,[],2019-05-07 13:02:52,0.0,0.000000050000,0.000000000002968865,7566707,2019-05-07 13:02:52,btc,0.0,0.0,0.000000050000,btc,0.0,0.0,0.0,213
1,[],26,[],2019-05-07 13:02:52,0.0,0.00000040,0.00000000002375092,7566708,2019-05-07 13:02:52,btc,0.0,0.0,0.00000040,btc,0.0,0.0,0.0,213
1,[],12,[],2019-01-25 02:44:32,207462.42853209,0.000001080000000000000035831255497387193287295303889550268650054931640625,0.000000000038610756000000006,6493050,2019-01-25 02:44:32,btc,85023.03793723314,0.0,0.000001080000000000000035831255497387193287295303889550268650054931640625,btc,43675.73520027,0.000146250909087,0.0348620860622024,213
0,[],22,[],2019-05-12 09:59:20,0.0,0,0,7619381,2019-05-12 09:59:20,,9.58164616,0.0,0,,2460817.094064925,0.0,0.0,216
0,[],27,[],2019-05-12 09:59:27,0.0,0,0,7619382,2019-05-12 09:59:27,,59.75512910367708,0.0,0,"btc,ltc",227180.947308,0.0,0.0,216
1,[],22,[],2019-05-12 09:59:30,373497.56,0.0000005,0.0000000000373819,7619383,2019-05-12 09:59:30,BTC,12055.62493517,0.0,0.0000005,BTC,775177.9729310821,0.02582119,0.03006146,217
1,[],7,[],2019-05-12 09:59:31,0.0,0,0,7619384,2019-05-12 09:59:31,btc,111302.56865462937,0.0,0,btc,137781098.61523312,0.0,0.0,219
0,[],27,[],2019-05-12 09:59:37,0.0,0,0,7619385,2019-05-12 09:59:37,,0.06997067,0.0,0,btc,1753528.0,0.0,0.0,219
0.0000000000000038,[],28,[],2019-05-12 10:00:19,553313944.674,2.622e-18,1.9603068360000002e-22,7619386,2019-05-12 10:00:19,doge,3652200.465451157,14261.0,0.00069000,"btc,doge",45929123.3823,0.0,2.1622701151671718e-11,219
1,[],22,[],2019-05-12 10:00:23,373170.0,0.00000004,0.000000000002990552,7619387,2019-05-12 10:00:23,BTC,56.7649867,0.0,0.00000004,BTC,131552.84827387411,0.00032,0.0119808,221
1,[],24,[],2019-05-12 10:00:24,0.0,0.000000010000,0.000000000000747638,7619388,2019-05-12 10:00:24,btc,0.0,0.0,0.000000010000,btc,0.0,0.0,0.0,221
1,[],20,[],2019-05-12 10:00:26,13577950.881,0.000000012,0.0000000000008971656,7619389,2019-05-12 10:00:26,btc,100092.4942146605,2482501.9856,0.000000012,btc,27511633.1566,0.0327961894938,0.0873041245306,224
0,[],22,[],2019-05-12 10:00:28,0.0,0,0,7619390,2019-05-12 10:00:28,,0.0,0.0,0,,0.0,0.0,0.0,224
1,[],26,[],2019-05-12 10:00:29,0.0,0.00000026,0.000000000019438588000000002,7619391,2019-05-12 10:00:29,btc,0.0,0.0,0.00000026,btc,0.0,0.0,0.0,231
1,[],26,[],2019-05-12 10:00:29,0.0,0.00000005,0.00000000000373819,7619392,2019-05-12 10:00:29,btc,0.0,0.0,0.00000005,btc,0.0,0.0,0.0,234
0,[],27,[],2019-05-12 10:00:43,0.0,0,0,7619393,2019-05-12 10:00:43,,0.01134836604,0.0,0,"btc,eth",11462.996,0.0,0.0,234
1,[],4,[],2019-04-29 21:02:20,217188.93193785,0.00000080,0.00000000004151584,7514327,2019-04-29 21:02:20,btc,5.239800103892936,0.0,0.00000080,btc,797346.30008933,0.0,0.0590549781555679,236
1,[],24,[],2019-04-29 21:02:20,0.0,0.000000100000,0.00000000000518948,7514328,2019-04-29 21:02:20,btc,0.0,0.0,0.000000100000,btc,0.0,0.0,0.0,236
1,[],5,[],2019-05-06 20:53:15,0.0,0,0,7559637,2019-05-06 20:53:15,btc,0.0,0.20253514,0,btc,0.0,0.0,0.0,237
1,[],20,[],2019-05-06 20:53:18,38173217.6136,0.000000083,0.0000000000047460728,7559638,2019-05-06 20:53:18,btc,21342.514614200165,8832375.7238,0.000000083,btc,27701499.3386,0.7554403456107,1.3621107610479,237
1,[],22,[],2019-05-06 20:53:20,343938.0,0.00000009,0.000000000005146344,7559639,2019-05-06 20:53:20,BTC,1.20267422,0.0,0.00000009,BTC,17930.94871794872,0.0,0.01017442,237
1,[],4,[],2019-05-12 10:00:44,8795108.64774475,0.00000014,0.000000000010466932,7619394,2019-05-12 10:00:44,btc,3.4344620925196256,0.0,0.00000014,btc,9522539.50986221,0.19543793,0.7691487571906538,238
1,[],5,[],2019-05-12 10:00:46,0.0,0,0,7619395,2019-05-12 10:00:46,btc,0.0,0.00292992,0,btc,0.0,0.0,0.0,238
0,[],22,[],2019-03-12 16:49:32,0.0,0,0,6914458,2019-03-12 16:49:32,,0.40415746,0.0,0,,526736.5639027493,0.0,0.0,249
0,[],22,[],2019-05-12 10:00:48,0.0,0,0,7619396,2019-05-12 10:00:48,,4.50924384,0.0,0,,38675894.69978836,0.0,0.0,252
1,[],28,[],2019-05-12 10:01:16,46170154.152,0.00000025,0.00000000001869095,7619397,2019-05-12 10:01:16,btc,43892.99308942165,385836.3918,0.00000025,btc,2888106.9382,0.0,0.62709171804,256
1,[],22,[],2019-05-12 10:01:19,1088993.5,0.00000002,0.000000000001495276,7619398,2019-05-12 10:01:19,BTC,21.88116616,0.0,0.00000002,BTC,522884.63333384093,0.0,0.01124633,258
1,[],22,[],2019-03-13 00:07:30,47146.0,0.00000001,0.000000000000387233,6917028,2019-03-13 00:07:30,BTC,2.415167,0.0,0.00000001,BTC,157.0,0.0,0.00047146,259
1,[],5,[],2019-05-12 10:01:21,0.0,0,0,7619399,2019-05-12 10:01:21,btc,0.0,0.04209967,0,btc,0.0,0.0,0.0,264
1,[],20,[],2019-05-12 10:01:23,1272055.7145,0.000000252,0.0000000000188404776,7619400,2019-05-12 10:01:23,btc,4.931486221379,62627.0111,0.000000252,btc,89981.4422,0.0729544627752,0.0205105279672,264
0,[],22,[],2019-04-12 17:57:27,0.0,0,0,7278186,2019-04-12 17:57:27,,66.37522201,0.0,0,,677842.4169881374,0.0,0.0,271
0,[],22,[],2019-05-12 10:01:25,0.0,0,0,7619401,2019-05-12 10:01:25,,33051802.3172899,0.0,0,,15696307799.7,0.0,0.0,272
0.0000000000000038,[],28,[],2019-05-12 10:01:44,310879238682.584,2.242e-21,1.6762043960000002e-25,7619402,2019-05-12 10:01:44,doge,26560231.895507704,17274836007.0699,0.00000059,doge,365272193029.476,0.0,2.386961035472773e-10,272
1,[],22,[],2019-05-12 10:01:47,127364.9,0.0000001,0.00000000000747638,7619403,2019-05-12 10:01:47,BTC,427.36497297,0.0,0.0000001,BTC,251562.95264460208,1.3e-05,0.0039223,281
1,[],22,[],2019-05-12 10:01:52,653560.4571428571,0.00000007,0.000000000005233466,7619404,2019-05-12 10:01:52,BTC,1.49624084,0.0,0.00000007,"BTC,LTC",450678.43275637727,0.00749279,0.025708,286
0,[],22,[],2019-05-12 10:01:54,0.0,0,0,7619405,2019-05-12 10:01:54,,7337893.19360497,0.0,0,,1388519263.7797825,0.0,0.0,294
