pairValue,buyBook,exchangeId,sellBook,updated,buyTotal,satoshiPrice,usdPrice,exchangeLogId,created,bestPair,sellTotalBtc,volume,pairPrice,activePairs,sellTotal,volumeBtc,buyTotalBtc,coinId
0,[],2,[],2019-01-20 23:28:45,0.0,0,0,6477011,2019-01-20 23:28:45,,0.0,0.0,0,,0.0,0.0,0.0,1
,[],26,[],2018-11-28 08:36:25,0.0,0.02269021,0.000000905623006625,5137884,2018-11-28 08:36:25,btc,0.0,2559.40051283,,btc,0.0,0.0,0.0,1
1,[],3,[],2019-01-23 23:03:24,107.221741135838,0.012294249999999999622968260837296838872134685516357421875,0.000000436889697425,6480867,2019-01-23 23:03:24,btc,106.96085104055813,0.099139052022,0.012294249999999999622968260837296838872134685516357421875,btc,13.471590453751,0.0,0.15163358308319655,1
1,[],4,[],2019-01-23 23:03:25,25079.74922862,0.01240629,0.00000044087116206900003,6480868,2019-01-23 23:03:25,btc,1.6851158938067436,0.0,0.01240629,btc,129.05288202,0.60837288,1.2559058662284448,1
1,[],5,[],2019-01-23 23:03:27,0.18344547,0.01232200,0.00000043787582420000004,6480869,2019-01-23 23:03:27,btc,14578.49579847,0.08461031,0.01232200,btc,35555556.31333294,0.0,1.20346216,1
1,[],10,[],2019-01-23 23:03:29,269287.1730319,0.01224468,0.00000043512817294800006,6480870,2019-01-23 23:03:29,btc,6369.024863780503,971.77986491,0.01224468,btc,972.21704059,0.0,2.0045195384864845,1
1,[],12,[],2019-01-23 23:03:31,10380.74098171,0.01247000000000000018152146452621309435926377773284912109375,0.00000044313516700000003,6480871,2019-01-23 23:03:31,btc,0.6426934542447,0.0,0.01247000000000000018152146452621309435926377773284912109375,btc,44.570913929999996,0.0579271005313,0.2205812696435,1
1,[],20,[],2019-01-23 23:03:33,1344.3693,0.010510001,0.00000037348444653610003,6480872,2019-01-23 23:03:33,btc,0.0746164438962,0.0,0.010510001,btc,3.5114,0.0,0.0888300480751,1
0.0000000003279293,[],21,[],2019-01-23 23:03:34,2139.43179743,0.00000000010329772949999999,0.00000000000000367079844528495,6480873,2019-01-23 23:03:34,eth,28.137226403304965,2026.79231934,0.315000000000000002220446049250313080847263336181640625,"btc,eth",2564.51996505,23.99042361,22.433473712826455,1
1,[],22,[],2019-01-23 23:03:38,0.0363776,0.01400000,0.0000004975054,6480874,2019-01-23 23:03:38,BTC,0.312,0.0,0.01400000,BTC,0.031,0.0,0.00048472,1
1,[],24,[],2019-01-23 23:03:38,0.0,0.000000000000,0,6480875,2019-01-23 23:03:38,btc,0.0,0.0,0.000000000000,btc,0.0,0.0,0.0,1
1,[],25,[],2019-01-23 23:03:38,260.15396537,0.01225000,0.000000435317225,6480876,2019-01-23 23:03:38,btc,17.052399998429035,607.30310047,0.01225000,btc,1333.98602783,7.7607,3.1199999997396377,1
1,[],28,[],2019-01-23 23:03:41,987.9,0.01131000,0.000000401913291,6480877,2019-01-23 23:03:41,btc,0.162839806,34545.2,0.01131000,btc,8.9,0.0,0.024551096,1
1,[],5,[],2019-01-23 23:33:35,1.616e-05,0.00000067,0.000000000023752639,6480901,2019-01-23 23:33:35,btc,0.17413087,0.02994375,0.00000067,btc,7.714e-05,0.0,0.50791005,2
0,[],22,[],2019-01-23 23:33:39,0.0,0,0,6480902,2019-01-23 23:33:39,,0.0,0.0,0,,0.0,0.0,0.0,2
1,[],5,[],2019-01-23 23:34:06,1.42e-06,0.00000017,0.000000000006026789,6480910,2019-01-23 23:34:06,btc,3.26791996,0.02340523,0.00000017,btc,2.267e-05,0.0,2.93511565,3
1,[],12,[],2019-01-23 23:34:08,11426019.6987943,0.000000167,0.0000000000059204339,6480911,2019-01-23 23:34:08,btc,921314.8831799257,0.0,0.000000167,btc,7999680.47437477,0.02172502659627248,0.527128304655545,3
0,[],28,[],2019-01-23 23:34:11,0.0,0,0,6480912,2019-01-23 23:34:11,,0.0,0.0,0,,0.0,0.0,0.0,3
0,[],2,[],2019-01-20 23:31:32,0.0,0,0,6477077,2019-01-20 23:31:32,,0.0,0.0,0,,0.0,0.0,0.0,4
1,[],4,[],2019-01-23 22:56:47,1126171.04283711,0.00000045,0.000000000015991245000000003,6480722,2019-01-23 22:56:47,btc,0.479065148744637,0.0,0.00000045,btc,319768.94029771,0.00411934,0.0637346938812896,4
1,[],12,[],2019-01-23 22:56:48,1212127.5219999999,0.00000002,0.0000000000007107220000000001,6480724,2019-01-23 22:56:48,btc,11013867.818600481,0.0,0.00000002,btc,978378.15654341,1.98e-06,0.01587509044,5
0,[],2,[],2019-01-20 23:31:51,0.0,0,0,6477087,2019-01-20 23:31:51,,0.0,0.0,0,,0.0,0.0,0.0,6
1,[],11,[],2019-01-23 22:56:59,3485283.5,0.00000002,0.0000000000007107220000000001,6480729,2019-01-23 22:56:59,btc,9432.241022779965,238000.0,0.00000002,btc,41267857.70959839,0.0,0.03575736,6
1,[],3,[],2019-01-23 22:57:03,1049.631568128516,0.00015050999999999999383500093319554480331134982407093048095703125,0.000000005348538411,6480732,2019-01-23 22:57:03,btc,30.108593419388622,0.0,0.00015050999999999999383500093319554480331134982407093048095703125,btc,231.077492617847,0.0,0.027978323718350753,7
1,[],4,[],2019-01-23 22:57:04,24618.55504374,0.00017271,0.000000006137439831000001,6480733,2019-01-23 22:57:04,btc,2.2227194524589486,0.0,0.00017271,btc,11744.43873838,1.48341788,3.768052816565805,7
1,[],5,[],2019-01-23 22:57:06,0.00518361,0.00017024,0.000000006049665664,6480734,2019-01-23 22:57:06,btc,1.28457036,0.17996411,0.00017024,btc,0.01148283,0.0,1.73131085,7
1,[],20,[],2019-01-23 22:57:14,61774165.6382,0.000000001,0.0000000000000355361,6480737,2019-01-23 22:57:14,btc,121.1920033527386,7238828.4357,0.000000001,btc,25363671.9975,0.0124738294316,0.0617741656382,8
0,[],2,[],2019-01-20 23:22:42,0.0,0,0,6476876,2019-01-20 23:22:42,,0.0,0.0,0,,0.0,0.0,0.0,9
0,[],23,[],2019-01-20 23:22:48,0.0,0,0,6476878,2019-01-20 23:22:48,,0.0,0.0,0,,0.0,0.0,0.0,9
1,[],1,[],2019-01-23 22:57:23,788280.37,0.00000190000000000000001990053087597143388620679615996778011322021484375,0.00000000006751859,6480742,2019-01-23 22:57:23,btc,1.8669334319,22301462.41,0.00000190000000000000001990053087597143388620679615996778011322021484375,btc,961236.03,41.88918882,1.4741641417,9
0,[],4,[],2019-01-23 22:59:23,0.0,0,0,6480743,2019-01-23 22:59:23,,0.0,0.0,0,,0.0,0.91801212,0.0,9
1,[],28,[],2019-01-23 22:59:29,34500.0,0.00000165,0.000000000058634565,6480744,2019-01-23 22:59:29,btc,2708.7525973402,7145794.0,0.00000165,btc,8331.02,0.0,0.02854,9
1,[],4,[],2019-01-23 22:59:37,5382778.695,0.00000002,0.0000000000007107220000000001,6480748,2019-01-23 22:59:37,btc,0.2155193129307594,0.0,0.00000002,btc,3899888.68768744,0.00046199,0.0594849184,10
0,[],2,[],2019-01-20 23:23:08,0.0,0,0,6476890,2019-01-20 23:23:08,,0.0,0.0,0,,0.0,0.0,0.0,12
1,[],4,[],2019-01-23 22:59:55,1742134.85873358,0.00000149,0.000000000052948789,6480755,2019-01-23 22:59:55,btc,0.994475359206887,0.0,0.00000149,btc,639998.02705763,2.1048983,2.3878615818566353,12
1,[],5,[],2019-01-23 22:59:57,1.901e-05,0.00000144,0.000000000051171984000000004,6480756,2019-01-23 22:59:57,btc,0.15476487,0.39770745,0.00000144,btc,0.00011614,0.0,0.19552273,12
,[],25,[],2019-01-11 15:39:35,0.0,0,0,6366164,2019-01-11 15:39:35,,0.0,0.0,,btc,0.0,0.0,0.0,12
1,[],10,[],2019-01-23 21:42:53,622837.53967011,0.00000692,0.000000000244378416,6479797,2019-01-23 21:42:53,btc,666784.4542601698,3073.56489376,0.00000692,btc,831039.84732885,0.0,0.8890935218627778,13
1,[],4,[],2019-01-23 23:02:41,323002.18976039,0.00000688,0.000000000244488368,6480841,2019-01-23 23:02:41,btc,0.163049972307656,0.0,0.00000688,btc,22095.99514775,0.6435023,1.5018769795553826,13
1,[],21,[],2019-01-23 23:02:45,1416024.87135344,0.0000067900000000000002115473594910266541546661756001412868499755859375,0.000000000241290119,6480842,2019-01-23 23:02:45,btc,6.00116374692666,703298.91176785,0.0000067900000000000002115473594910266541546661756001412868499755859375,btc,777245.47834883,4.938348,5.036968431905198,13
1,[],4,[],2019-01-23 23:00:11,725341.13990576,0.00000187,0.00000000006645250700000001,6480764,2019-01-23 23:00:11,btc,0.2318478254769792,0.0,0.00000187,btc,93469.18371534,0.08125194,0.172659442523246,14
1,[],12,[],2019-01-23 23:00:12,88770.17862033,0.0000019499999999999999646983772638719756287173368036746978759765625,0.00000000006929539500000001,6480765,2019-01-23 23:00:12,btc,1.7805435752304408,0.0,0.0000019499999999999999646983772638719756287173368036746978759765625,btc,35486.9101839,0.0,0.0218884929335821,14
0,[],17,[],2019-01-23 23:00:14,0.0,0,0,6480766,2019-01-23 23:00:14,btc,0.0,0.0,0,btc,0.0,0.0,0.0,14
1,[],26,[],2019-01-23 23:00:14,0.0,0.00000020,0.0000000000071072200000000005,6480767,2019-01-23 23:00:14,btc,0.0,0.0,0.00000020,btc,0.0,0.0,0.0,14
,[],12,[],2018-12-01 15:15:48,204241.84496,0.00000489,0.000000000202473384,5260204,2018-12-01 15:15:48,btc,49.5475654835,0.0,,btc,35763.2193806,0.0163153972027625,0.0203389899998,15
0,[],4,[],2019-01-23 23:03:54,0.0,0,0,6480886,2019-01-23 23:03:54,,0.0,0.0,0,,0.0,0.0,0.0,15
0,[],2,[],2019-01-20 23:23:38,0.0,0,0,6476906,2019-01-20 23:23:38,,0.0,0.0,0,,0.0,0.0,0.0,18
1,[],4,[],2019-01-23 23:00:20,31741.60634088,0.00001754,0.000000000623303194,6480770,2019-01-23 23:00:20,btc,1.3245942303706812,0.0,0.00001754,btc,12543.79939297,0.04732616,0.1738477528303774,18
1,[],10,[],2019-01-23 23:00:22,390934.79272549,0.00001791,0.000000000636451551,6480771,2019-01-23 23:00:22,btc,15.548951479597834,2316.13823588,0.00001791,btc,10227.6055702,0.0,0.1976079995216775,18
1,[],12,[],2019-01-23 23:00:23,199994.45244063,0.0000174199999999999992328879316882961347801028750836849212646484375,0.000000000619038862,6480772,2019-01-23 23:00:23,btc,0.4586395414836766,0.0,0.0000174199999999999992328879316882961347801028750836849212646484375,btc,2062.88767383,0.0019696071740895,0.0140116794579162,18
0,[],17,[],2019-01-23 23:00:25,0.0,0,0,6480773,2019-01-23 23:00:25,btc,0.0,0.0,0,btc,0.0,0.0,0.0,18
0,[],2,[],2019-01-20 23:24:19,0.0,0,0,6476924,2019-01-20 23:24:19,,0.0,0.0,0,,0.0,0.0,0.0,19
1,[],3,[],2019-01-23 23:00:49,108482.7196194357,0.0000397999999999999984107330874838481804545153863728046417236328125,0.00000000141433678,6480786,2019-01-23 23:00:49,btc,1.311142888821322,3.68907282877,0.0000397999999999999984107330874838481804545153863728046417236328125,btc,8541.441022191411,0.0,0.10585269239672371,19
1,[],4,[],2019-01-23 23:00:49,73369.63761488,0.00004042,0.0000000014363691620000001,6480787,2019-01-23 23:00:49,btc,2.241156103042301,0.0,0.00004042,btc,47650.28031132,0.64683388,1.6915821280668584,19
1,[],5,[],2019-01-23 23:00:51,0.00033084,0.00003255,0.000000001156700055,6480788,2019-01-23 23:00:51,btc,0.30994446,0.00016296,0.00003255,btc,0.00347986,0.0,0.19113797,19
1,[],12,[],2019-01-23 23:00:53,129235.02140078,0.0000411300000000000009234106534972141844264115206897258758544921875,0.0000000014615997930000001,6480789,2019-01-23 23:00:53,btc,1.993017954879949,0.0,0.0000411300000000000009234106534972141844264115206897258758544921875,btc,397.27457877,0.0,0.0384092600000736,19
0,[],27,[],2019-01-23 23:00:54,0.0,0,0,6480790,2019-01-23 23:00:54,,0.0,0.0,0,btc,0.0,0.0,0.0,19
1,[],4,[],2019-01-23 23:01:22,8613476.27733589,0.00000015,0.0000000000053304150000000006,6480806,2019-01-23 23:01:22,btc,0.7553749448895439,0.0,0.00000015,btc,1439644.06953057,0.0001996,0.4198561676657917,20
1,[],4,[],2019-01-23 23:01:41,124141598.85101596,0.00000002,0.0000000000007107220000000001,6480812,2019-01-23 23:01:41,btc,0.854188706997017,0.0,0.00000002,btc,19164171.82597873,0.22503277,1.5258746710701596,21
1,[],12,[],2019-01-23 23:01:42,19909844.0,0.00000003,0.000000000001066083,6480813,2019-01-23 23:01:42,btc,668.0234648838374,0.0,0.00000003,btc,7860058.71628645,0.0330697202797203,0.27114214000000003,21
0,[],17,[],2019-01-23 23:01:44,0.0,0,0,6480814,2019-01-23 23:01:44,btc,0.0,0.0,0,btc,0.0,0.0,0.0,21
1,[],12,[],2019-01-23 23:02:00,4558664213.531896,0.0000000001,0.0000000000000035536100000000006,6480822,2019-01-23 23:02:00,btc,621663601970.9225,0.0,0.0000000001,btc,6305115487.255976,0.013192976024475523,0.45586642135318955,23
0,[],27,[],2019-01-23 23:02:01,0.0,0,0,6480823,2019-01-23 23:02:01,,0.424699,0.0,0,eth,424699.0,0.0,0.0,23
,[],25,[],2019-01-11 15:42:09,0.0,0,0,6366241,2019-01-11 15:42:09,,0.0,0.0,,btc,0.0,0.0,0.0,24
1,[],4,[],2019-01-23 23:02:17,2216286.85657182,0.00000085,0.000000000030205685,6480826,2019-01-23 23:02:17,btc,0.1651940472897954,0.0,0.00000085,btc,116656.64615572,0.01121601,0.4362791155109982,24
1,[],22,[],2019-01-23 23:02:20,11.76,0.00000100,0.000000000035536100000000005,6480827,2019-01-23 23:02:20,BTC,7.415e-05,0.0,0.00000100,BTC,23.919354838709676,0.0,1.176e-05,24
0,[],2,[],2019-01-20 23:25:56,0.0,0,0,6476976,2019-01-20 23:25:56,,0.0,0.0,0,,0.0,0.0,0.0,26
1,[],4,[],2019-01-23 23:02:31,29625667.24957383,0.00000762,0.000000000270785082,6480834,2019-01-23 23:02:31,btc,0.4127012711563746,0.0,0.00000762,btc,31321.65930294,0.13546704,0.5346528388607441,26
1,[],10,[],2019-01-23 23:02:33,734094.75493527,0.00000769,0.000000000273272609,6480835,2019-01-23 23:02:33,btc,27.974327319461995,0.0,0.00000769,btc,12525.42087038,0.0,0.2220622173992068,26
1,[],3,[],2019-01-23 23:02:35,7684489.32908122,0.00000001,0.00000000000035536100000000003,6480836,2019-01-23 23:02:35,btc,3.0752937709335133,30313.0,0.00000001,btc,17598360.85644621,0.0,0.07684489329081219,27
1,[],5,[],2019-01-23 23:02:37,1e-08,0.00000001,0.00000000000035536100000000003,6480837,2019-01-23 23:02:37,btc,2.62189326,3.848e-05,0.00000001,btc,4.332e-05,0.0,0.01079372,27
1,[],11,[],2019-01-23 23:02:39,10597882.41182718,0.00000005,0.000000000001776805,6480838,2019-01-23 23:02:39,btc,370.5327807235078,1000.0,0.00000005,btc,8221470.80991447,0.0,0.4932896594767663,27
1,[],4,[],2019-01-23 23:02:39,220274609.50110158,0.00000003,0.0000000000010660830000000002,6480839,2019-01-23 23:02:39,btc,3.379234791212336,0.0,0.00000003,"btc,ltc",109123655.30888756,2.53656614,3.2280715225464918,29
1,[],7,[],2019-01-23 23:02:40,35999768.9786329,0.00000003,0.000000000001066083,6480840,2019-01-23 23:02:40,btc,44465218.12579986,180184.563057,0.00000003,btc,39203421.39390244,0.00541803,0.6564244169750236,29
1,[],4,[],2019-01-23 23:03:13,1298641.47066827,0.00000042,0.000000000014925162,6480857,2019-01-23 23:03:13,btc,0.4044306507289827,0.0,0.00000042,btc,539817.41240465,0.05799298,0.0805706660340684,30
0,[],17,[],2019-01-23 23:03:15,0.0,0,0,6480858,2019-01-23 23:03:15,btc,0.0,0.0,0,btc,0.0,0.0,0.0,30
1,[],4,[],2019-01-23 23:03:22,42181.70219239,0.00009601,0.000000003411820961,6480864,2019-01-23 23:03:22,btc,0.9557903704110743,0.0,0.00009601,btc,8489.45534739,3.15717446,3.12997592890202,31
1,[],21,[],2019-01-23 23:03:23,53597.10796886,0.000097029999999999997652676275716743248267448507249355316162109375,0.000000003448067783,6480865,2019-01-23 23:03:23,btc,7.027492536874337,743672.16835893,0.000097029999999999997652676275716743248267448507249355316162109375,btc,64145.82262988,78.82081857,4.893492855685865,31
0,[],2,[],2019-01-20 23:28:43,0.0,0,0,6477009,2019-01-20 23:28:43,,0.0,0.0,0,,0.0,0.0,0.0,32
1,[],4,[],2019-01-23 23:03:56,132218791.29479837,0.00000006,0.0000000000021321660000000003,6480887,2019-01-23 23:03:56,btc,0.3181868379239946,0.0,0.00000006,"btc,ltc",9660286.27070498,1.45893073,2.0838315635084963,33
1,[],12,[],2019-01-23 23:03:58,21878992.0,0.00000006,0.000000000002132166,6480888,2019-01-23 23:03:58,btc,17261785.06432269,0.0,0.00000006,btc,86942659.25174814,0.0001589916083916,0.85719197,33
1,[],4,[],2019-01-23 23:03:58,119288041.66523741,0.00000002,0.0000000000007107220000000001,6480889,2019-01-23 23:03:58,btc,0.8068279707830011,0.0,0.00000002,btc,26608343.38828351,0.02436395,1.2065170972911023,34
1,[],5,[],2019-01-23 23:04:00,3e-08,0.00000002,0.0000000000007107220000000001,6480890,2019-01-23 23:04:00,btc,3.13354219,0.00572957,0.00000002,btc,1.394e-05,0.0,0.80862076,34
0.0000000000892634,[],4,[],2019-01-23 23:01:15,2841297599.8047957,3.570536e-18,1.268829243496e-22,6480802,2019-01-23 23:01:15,ltc,4.2683560588959725e-09,0.0,0.00000004,ltc,815470629.265728,0.0,6.863815260359952e-09,36
1,[],5,[],2019-01-23 23:01:16,0.0,0,0,6480803,2019-01-23 23:01:16,btc,202.42234384,0.0,0,btc,1.295e-05,0.0,0.0,36
0,[],17,[],2019-01-23 23:01:18,0.0,0,0,6480804,2019-01-23 23:01:18,btc,0.08210904500198508,0.0,0,btc,5843697.91583647,0.0,0.0,36
0.0000000000892634,[],27,[],2019-01-23 23:01:20,1000000.0,8.92634e-19,3.17207310874e-23,6480805,2019-01-23 23:01:20,ltc,448.55669329,0.0,0.00000001,"ltc,eth",3581972.58,0.0,8.92634e-13,36
1,[],4,[],2019-01-23 23:01:08,478964.15889242,0.00000146,0.000000000051882706000000004,6480797,2019-01-23 23:01:08,btc,0.4350765746844659,0.0,0.00000146,btc,227406.462066,0.05869529,0.449957735353965,37
1,[],12,[],2019-01-23 23:01:08,510640.57042241,0.00000146999999999999990171598886201653755279039614833891391754150390625,0.000000000052238067,6480798,2019-01-23 23:01:08,btc,1330.8788218384632,0.0,0.00000146999999999999990171598886201653755279039614833891391754150390625,btc,735834.57248486,0.1946628446405373,0.3636461703936997,37
1,[],17,[],2019-01-23 23:01:10,1752.74075282,0.00000025,0.000000000008884025,6480799,2019-01-23 23:01:10,btc,0.05548731397604471,0.0,0.00000025,btc,1388.79251806,0.0,0.00043818518820499993,37
0,[],27,[],2019-01-23 23:01:12,0.0,0,0,6480800,2019-01-23 23:01:12,,0.0,0.0,0,btc,0.0,0.0,0.0,37
1,[],5,[],2019-01-23 23:34:27,1.322e-05,0.00000104,0.000000000036869768,6480917,2019-01-23 23:34:27,btc,0.11034816,0.09580315,0.00000104,btc,0.00011347,0.0,0.0396961,42
1,[],12,[],2019-01-23 23:34:29,84871.76824593,0.000001250000000000000102253817392539136932327892282046377658843994140625,0.00000000004431462500000001,6480918,2019-01-23 23:34:29,btc,108.833398603004,0.0,0.000001250000000000000102253817392539136932327892282046377658843994140625,btc,37207.47517263,0.0356100896569913,0.0323139371141353,42
0,[],27,[],2019-01-23 23:34:32,0.0,0,0,6480919,2019-01-23 23:34:32,,0.00315028,0.0,0,"btc,eth",11.007,0.0,0.0,42
1,[],5,[],2019-01-23 22:57:19,3e-08,0.00000002,0.0000000000007107220000000001,6480739,2019-01-23 22:57:19,btc,5.83445513,0.0,0.00000002,btc,1.425e-05,0.0,0.4722758,43
1,[],12,[],2019-01-23 22:57:20,8221008.0,0.00000001,0.00000000000035536100000000003,6480740,2019-01-23 22:57:20,btc,20007433.128675673,0.0,0.00000001,btc,38551720.38101898,2.397602398e-07,0.08221008,43
0,[],17,[],2019-01-23 22:57:22,0.0,0,0,6480741,2019-01-23 22:57:22,btc,0.0,0.0,0,btc,0.0,0.0,0.0,43
1,[],12,[],2019-01-23 23:34:48,873959.0,0.00000007,0.0000000000024816190000000003,6480924,2019-01-23 23:34:48,btc,11114760.533650465,0.0,0.00000007,btc,956266.37320198,0.00015127,0.02640532,44
1,[],4,[],2019-01-23 23:34:17,239410490.91725475,0.00000003,0.000000000001063551,6480914,2019-01-23 23:34:17,btc,0.237587082513184,0.0,0.00000003,"btc,ltc",6444629.07182458,0.00057678,0.6068972063429756,49
0.0000000000892634,[],4,[],2019-01-23 23:03:11,3600802120.8385096,1.785268e-18,6.34414621748e-23,6480855,2019-01-23 23:03:11,ltc,5.044116687833595,0.0,0.00000002,ltc,1554754381.5149555,0.0,3.6785164434789025e-09,52
0,[],22,[],2019-01-23 23:02:53,0.0,0,0,6480843,2019-01-23 23:02:53,,3707.88113808,0.0,0,,261065328.40932402,0.0,0.0,57
0,[],27,[],2019-01-23 23:02:55,0.0,0,0,6480844,2019-01-23 23:02:55,,0.0,0.0,0,"btc,eth",0.0,0.0,0.0,57
0.0000000000890142,[],4,[],2019-01-23 23:33:48,1691719912.188974,5.340852e-18,1.8934228284840002e-22,6480906,2019-01-23 23:33:48,ltc,3.446567130620989,0.0,0.00000006,ltc,952304757.6694677,0.00089475,7.41933665830241e-09,58
1,[],12,[],2019-01-23 23:33:49,2567802342.4639072,0.0000000007,0.00000000000002481619,6480907,2019-01-23 23:33:49,btc,123038816824.11879,0.0,0.0000000007,btc,3101842017.936164,0.22612284429270732,0.9831480602867048,58
0,[],17,[],2019-01-23 23:33:51,0.0,0,0,6480908,2019-01-23 23:33:51,btc,1e+24,0.0,0,btc,41616695.958325684,0.0,0.0,58
0.0000000001253994,[],22,[],2019-01-23 23:34:03,137438.0,1.2539939999999999e-18,4.44562190898e-23,6480909,2019-01-23 23:34:03,XMR,69.8835922,0.0,0.00000001,XMR,9887963.0,0.0,0.00137438,58
1,[],5,[],2019-01-23 23:01:47,2.72e-06,0.00000038,0.000000000013503718000000001,6480816,2019-01-23 23:01:47,btc,0.45210168,0.02823592,0.00000038,btc,0.00012902,0.0,0.05632625,61
1,[],22,[],2019-01-23 23:01:50,5111.5,0.00000011,0.000000000003908971,6480817,2019-01-23 23:01:50,BTC,1002.29606732,0.0,0.00000011,BTC,15028.700278135757,0.0,0.00051178,61
1,[],26,[],2019-01-23 23:01:50,0.0,0.00000800,0.00000000028428880000000004,6480818,2019-01-23 23:01:50,btc,0.0,0.0,0.00000800,btc,0.0,0.0,0.0,61
0,[],27,[],2019-01-23 23:01:52,0.0,0,0,6480819,2019-01-23 23:01:52,,0.0,0.0,0,"btc,eth",0.0,0.0,0.0,61
1,[],28,[],2019-01-23 23:01:54,1880.304,0.00000022,0.000000000007817942,6480820,2019-01-23 23:01:54,btc,2.065678837430106,1504.0,0.00000022,btc,11618.08240005,0.0,0.00016391304,61
,[],25,[],2019-01-11 15:43:02,0.0,0,0,6366273,2019-01-11 15:43:02,,0.0,0.0,,btc,0.0,0.0,0.0,67
1,[],4,[],2019-01-23 23:03:06,1255497.51950261,0.00000184,0.00000000006538642400000001,6480853,2019-01-23 23:03:06,btc,0.4086501762473414,0.0,0.00000184,btc,140992.38981756,0.06705632,0.8745269920412437,67
1,[],12,[],2019-01-23 23:00:46,2853130.0,0.00000008,0.0000000000028428880000000003,6480784,2019-01-23 23:00:46,btc,16893773.05273202,0.0,0.00000008,btc,2170197.13746249,0.0190843044255762,0.07618356999999999,71
,[],5,[],2018-11-20 23:02:39,1.5e-07,0.00000005,0.000000000002128045,4862160,2018-11-20 23:02:39,btc,2.84511358,0.0,,btc,0.00036572,0.0,0.07381892,74
1,[],5,[],2019-01-23 23:35:22,3.421e-05,0.00000156,0.000000000055304652,6480934,2019-01-23 23:35:22,btc,1.43011192,0.0,0.00000156,btc,0.0001585,0.0,0.50003041,75
1,[],4,[],2019-01-23 23:00:05,64421539.78469478,0.00000001,0.00000000000035536100000000003,6480759,2019-01-23 23:00:05,btc,0.7486706825842339,0.0,0.00000001,btc,13906829.86456505,0.0,0.6442153978469478,81
0,[],20,[],2019-01-23 23:00:07,0.0,0,0,6480760,2019-01-23 23:00:07,btc,0.0,0.0,0,btc,0.0,0.0,0.0,81
1,[],4,[],2019-01-23 23:33:02,25450.27128317,0.00008100,0.0000000028715877,6480894,2019-01-23 23:33:02,btc,1.2814070947531393,0.0,0.00008100,btc,11020.87916644,0.03905232,0.2207404353887605,82
1,[],21,[],2019-01-23 23:33:03,61916.62528722,0.00008160000000000000477777539753532209942932240664958953857421875,0.0000000028928587200000004,6480895,2019-01-23 23:33:03,btc,2.67933208231742,15208.19783117,0.00008160000000000000477777539753532209942932240664958953857421875,btc,28725.80921258,1.25725647,4.46881570950744,82
0,[],17,[],2019-01-23 23:00:19,0.0,0,0,6480769,2019-01-23 23:00:19,btc,0.0447233088476774,0.0,0,btc,999127.19588126,0.0,0.0,84
0.0000000000892634,[],4,[],2019-01-23 23:02:26,479647787.9087472,1.1604242e-17,4.1236950413620004e-22,6480831,2019-01-23 23:02:26,ltc,0.19754182499345183,0.0,0.00000013,ltc,74005341.72890995,0.0,1.615125769342136e-09,85
,[],22,[],2018-11-20 23:09:34,3408.1,0.0000001,0.0000000000041895,4862324,2018-11-20 23:09:34,BTC,0.04624735,0.0,,BTC,4990.0,0.0,0.00033081,86
0,[],22,[],2019-01-23 23:02:29,0.0,0,0,6480832,2019-01-23 23:02:29,,2.07810912,0.0,0,,154826.94736842104,0.0,0.0,87
0,[],27,[],2019-01-23 23:02:30,0.0,0,0,6480833,2019-01-23 23:02:30,,0.0,0.0,0,btc,0.0,0.0,0.0,87
,[],2,[],2018-11-20 23:10:47,0.0,0,0,4862359,2018-11-20 23:10:47,,0.0,0.0,,,0.0,0.0,0.0,88
1,[],11,[],2019-01-23 23:33:47,102628.25284543,0.00021300000000000000031398494915180208408855833113193511962890625,0.0000000075512121,6480905,2019-01-23 23:33:47,btc,234.4402530673044,821.70765102,0.00021300000000000000031398494915180208408855833113193511962890625,btc,180060.89078078,0.0,8.24065992458733,89
0,[],2,[],2019-01-20 23:31:45,0.0,0,0,6477083,2019-01-20 23:31:45,,0.0,0.0,0,,0.0,0.0,0.0,91
1,[],12,[],2019-01-23 23:35:24,269799.45327846997,0.000001340000000000000087593235616190145975679115508683025836944580078125,0.00000000004750527800000001,6480935,2019-01-23 23:35:24,btc,1.1123902924072508,0.0,0.000001340000000000000087593235616190145975679115508683025836944580078125,btc,2717.06851102,0.0478357861082658,0.0929634389999606,91
0,[],17,[],2019-01-23 23:35:25,0.0,0,0,6480936,2019-01-23 23:35:25,btc,0.0,0.0,0,btc,0.0,0.0,0.0,91
0.0000000000892634,[],22,[],2019-01-23 23:01:32,48026955.0,4.46317e-18,1.5860365543700002e-22,6480807,2019-01-23 23:01:32,LTC,9.29095511,0.0,0.00000005,LTC,79813955.1,2.231585e-14,1.39070865,95
1,[],4,[],2019-01-23 23:00:08,140898837.24832997,0.00000001,0.00000000000035536100000000003,6480761,2019-01-23 23:00:08,btc,1.4018556874281913,0.0,0.00000001,"btc,ltc",68386457.27476968,0.00038799,0.0771356877976657,96
1,[],12,[],2019-01-23 23:00:09,1212467.0,0.00000001,0.00000000000035536100000000003,6480762,2019-01-23 23:00:09,btc,255059.2635896603,0.0,0.00000001,btc,7846613.56674301,1.1e-05,0.01212467,96
0,[],17,[],2019-01-23 23:00:10,0.0,0,0,6480763,2019-01-23 23:00:10,btc,0.0,0.0,0,btc,0.0,0.0,0.0,96
1,[],4,[],2019-01-23 23:01:44,1584850.14912319,0.00000041,0.000000000014569801,6480815,2019-01-23 23:01:44,btc,0.3124088159561456,0.0,0.00000041,btc,484478.68633221,0.00798362,0.1765548992814931,99
0,[],2,[],2019-01-20 23:23:55,0.0,0,0,6476914,2019-01-20 23:23:55,,0.0,0.0,0,,0.0,0.0,0.0,100
1,[],4,[],2019-01-23 23:00:32,143005.70729335,0.00004088,0.000000001452715768,6480777,2019-01-23 23:00:32,btc,1.2940855573246168,0.0,0.00004088,btc,27132.48888928,1.37396605,3.3753060008540072,100
1,[],22,[],2019-01-23 23:00:31,50000.0,0.00000001,0.00000000000035536100000000003,6480775,2019-01-23 23:00:31,BTC,23.49896609,0.0,0.00000001,BTC,10277.22,0.0,0.0005,101
1,[],4,[],2019-01-23 23:03:42,122242.97018621,0.00000105,0.000000000037312905,6480878,2019-01-23 23:03:42,btc,0.3949066153225293,0.0,0.00000105,btc,141110.87074901,0.01621115,0.0575375149841271,103
1,[],12,[],2019-01-23 23:33:42,95110586.24669921,0.000000016,0.0000000000005672272000000001,6480903,2019-01-23 23:33:42,btc,9137281648.006588,0.0,0.000000016,btc,147919017.45953682,0.23892715887686164,0.5662955697004881,105
1,[],27,[],2019-01-23 23:33:44,261901.0,0.00000006,0.000000000002127102,6480904,2019-01-23 23:33:44,btc,0.0720402019,0.0,0.00000006,btc,580.038,0.0,0.01014994,105
0,[],22,[],2019-01-23 23:01:34,0.0,0,0,6480808,2019-01-23 23:01:34,,1.07253299,0.0,0,,94300.0,0.0,0.0,107
1,[],26,[],2019-01-23 23:01:34,0.0,0.00000000,0,6480809,2019-01-23 23:01:34,btc,0.0,0.0,0.00000000,btc,0.0,0.0,0.0,107
1,[],5,[],2019-01-23 23:00:59,1e-08,0.00000001,0.00000000000035536100000000003,6480793,2019-01-23 23:00:59,btc,5.9858607,0.00169328,0.00000001,btc,1.512e-05,0.0,0.02458461,112
1,[],22,[],2019-01-23 23:01:02,1966.0,0.00000001,0.00000000000035536100000000003,6480794,2019-01-23 23:01:02,BTC,2.85046692,0.0,0.00000001,BTC,1092967.0833333333,0.005,1.966e-05,112
0,[],27,[],2019-01-23 23:01:05,0.0,0,0,6480795,2019-01-23 23:01:05,,1.25125,0.0,0,"btc,eth",79.0,0.0,0.0,112
1,[],4,[],2019-01-23 23:34:19,447994.95535372,0.00000426,0.00000000015102424200000002,6480915,2019-01-23 23:34:19,btc,0.4342762604367289,0.0,0.00000426,btc,67380.6757243,0.3849186,0.4107774084863382,113
1,[],5,[],2019-01-23 23:34:22,2.125e-05,0.00000400,0.00000000014180680000000001,6480916,2019-01-23 23:34:22,btc,2.24554806,0.0010543,0.00000400,btc,0.00337851,0.0,0.25325314,113
1,[],17,[],2019-01-23 23:36:32,233369.0,0.00000004,0.000000000001418068,6480962,2019-01-23 23:36:32,btc,1.3376290576031462,0.0,0.00000004,btc,72546.975,0.0,0.00543476,116
0,[],27,[],2019-01-23 23:36:33,0.0,0,0,6480963,2019-01-23 23:36:33,,0.0,0.0,0,btc,0.0,0.0,0.0,116
1,[],4,[],2019-01-23 23:36:15,96746.21412778,0.00001998,0.000000000708324966,6480955,2019-01-23 23:36:15,btc,0.3247559562596666,0.0,0.00001998,btc,13548.70748954,2.02238086,1.3271871247353342,120
1,[],7,[],2019-01-23 23:36:17,23191.8735168,0.000014929999999999999356153045082518104891278198920190334320068359375,0.000000000529293881,6480956,2019-01-23 23:36:17,btc,124.93716267688326,4298.25751455,0.000014929999999999999356153045082518104891278198920190334320068359375,btc,23640.14861488,0.16060331,0.18611655373506442,120
1,[],20,[],2019-01-23 23:36:30,1215767.5588,0.000000013,0.0000000000004608721,6480961,2019-01-23 23:36:30,btc,31.5507998661312,389.85,0.000000013,btc,1105130.7355,5.06805e-06,0.0068489678606,125
1,[],22,[],2019-01-23 23:34:46,3053.0,0.00000001,0.000000000000354517,6480923,2019-01-23 23:34:46,BTC,0.01415863,0.0,0.00000001,BTC,293039.4,3.198e-05,3.053e-05,126
0,[],22,[],2019-01-23 23:02:11,0.0,0,0,6480824,2019-01-23 23:02:11,,3.30709612,0.0,0,,19391.67229247642,0.0,0.0,130
0,[],2,[],2019-01-20 23:25:46,0.0,0,0,6476969,2019-01-20 23:25:46,,0.0,0.0,0,,0.0,0.0,0.0,131
1,[],4,[],2019-01-23 23:02:22,85952.78126159,0.00001591,0.000000000565379351,6480828,2019-01-23 23:02:22,btc,0.5696417164193486,0.0,0.00001591,btc,29032.25677685,0.15625721,0.51484540819924,131
0,[],17,[],2019-01-23 23:02:24,0.0,0,0,6480829,2019-01-23 23:02:24,btc,0.0008451375975800001,0.0,0,btc,30.89614684,0.0,0.0,131
1,[],4,[],2019-01-23 23:03:23,4563.55246642,0.00019499,0.000000006929184139,6480866,2019-01-23 23:03:23,btc,1.6269232683341472,0.0,0.00019499,btc,206.10257325,0.0,0.0099051981302761,135
1,[],3,[],2019-01-23 23:00:55,191860.2001851,0.00000003,0.000000000001066083,6480791,2019-01-23 23:00:55,btc,0.2460893918751273,26046.25,0.00000003,btc,1234227.69793913,0.0,0.0035956573370353,136
1,[],4,[],2019-01-23 23:33:28,97360.40198596,0.00000184,0.00000000006523112800000001,6480899,2019-01-23 23:33:28,btc,0.48235148334665,0.0,0.00000184,btc,186416.53954277,0.09088534,0.1196756622014923,137
1,[],12,[],2019-01-23 23:33:30,304222.03016339,0.00000191999999999999982841307998027158276954651228152215480804443359375,0.000000000068067264,6480900,2019-01-23 23:33:30,btc,11798.821605335388,0.0,0.00000191999999999999982841307998027158276954651228152215480804443359375,btc,132632.07380608,0.0702817719548638,0.0342401100000077,137
1,[],5,[],2019-01-23 23:34:54,0.00104255,0.00002937,0.0000000010412164290000001,6480926,2019-01-23 23:34:54,btc,5.73953561,0.48084016,0.00002937,btc,0.00182778,0.0,1.410232,142
1,[],17,[],2019-01-23 23:34:56,12500.0,0.0000001,0.00000000000354517,6480927,2019-01-23 23:34:56,btc,0.578281551965355,0.0,0.0000001,btc,4834.207754,0.0,0.00125,142
1,[],20,[],2019-01-23 23:34:59,152911.3297,0.00002502,0.000000000887001534,6480928,2019-01-23 23:34:59,btc,2.5057686606,120.1271,0.00002502,btc,5122.8931,0.0038780859993,0.1971377546538,142
1,[],22,[],2019-01-23 23:35:11,990.0,0.00001880,0.00000000066649196,6480929,2019-01-23 23:35:11,BTC,0.00152287,0.0,0.00001880,BTC,15.055608820709493,6.551e-05,0.00022106,142
1,[],28,[],2019-01-23 23:35:14,78430.0,0.00002000,0.000000000709034,6480930,2019-01-23 23:35:14,btc,0.05152625387,90658.0,0.00002000,btc,1349.7234,0.0,0.0242247,142
,[],25,[],2019-01-11 15:38:27,0.0,0,0,6366122,2019-01-11 15:38:27,,0.0,0.0,,btc,0.0,0.0,0.0,142
0,[],22,[],2019-01-23 23:03:10,0.0,0,0,6480854,2019-01-23 23:03:10,,54.93330297,0.0,0,,667563265.8,0.0,0.0,143
1,[],21,[],2019-01-23 23:03:21,46986891.57578179,0.0000003,0.00000000001066083,6480863,2019-01-23 23:03:21,btc,33.65606101859696,28743804.93207041,0.0000003,btc,62968958.59890622,8.88963424,8.583241661770517,145
0,[],22,[],2019-01-23 23:35:44,0.0,0,0,6480944,2019-01-23 23:35:44,,2.39270934,0.0,0,,786514.0,0.0,0.0,146
,[],22,[],2018-11-20 23:01:11,0.0,0,0,4862114,2018-11-20 23:01:11,,2.56807021,0.0,,,61828.4988236,0.0,0.0,147
1,[],12,[],2019-01-23 23:03:12,8696604.55157729,0.000006219999999999999739709079238370037501226761378347873687744140625,0.000000000221034542,6480856,2019-01-23 23:03:12,btc,17.07806446833715,0.0,0.000006219999999999999739709079238370037501226761378347873687744140625,btc,111493.02891109,0.0024610321496468,0.1121480396691156,148
1,[],4,[],2019-01-23 23:03:50,113775.10003838,0.00000040,0.000000000014214440000000001,6480882,2019-01-23 23:03:50,btc,0.696510137123281,0.0,0.00000040,btc,522239.78263584,0.00171599,0.032022090525283,152
0,[],22,[],2019-01-23 23:03:52,0.0,0,0,6480883,2019-01-23 23:03:52,,0.0,0.0,0,,0.0,0.0,0.0,152
1,[],5,[],2019-01-23 23:01:07,0.0,0,0,6480796,2019-01-23 23:01:07,btc,4.32752783,1.001e-05,0,btc,0.00161275,0.0,0.0,153
,[],16,[],2019-01-11 15:38:59,0.0,0,0,6366141,2019-01-11 15:38:59,btc,0.0,0.0,,btc,0.0,0.0,0.0,155
0,[],23,[],2019-01-20 23:24:29,0.0,0,0,6476932,2019-01-20 23:24:29,,0.0,0.0,0,,0.0,0.0,0.0,156
0,[],22,[],2019-01-23 23:00:58,0.0,0,0,6480792,2019-01-23 23:00:58,,6.78848922,0.0,0,,4237721.742592593,0.0,0.0,156
1,[],22,[],2019-01-23 23:01:58,7906.0,0.00000801,0.00000000028464416100000003,6480821,2019-01-23 23:01:58,BTC,43.81543407,0.0,0.00000801,BTC,1572.3690079421112,0.0,0.00743836,157
0,[],22,[],2019-01-23 23:36:14,0.0,0,0,6480954,2019-01-23 23:36:14,,50175.67300261,0.0,0,,53770788.04179466,0.0,0.0,158
,[],17,[],2018-11-20 22:56:10,0.0,0,0,4861976,2018-11-20 22:56:10,btc,1.1265625,0.0,,btc,1000.0,0.0,0.0,159
,[],20,[],2018-11-20 22:56:12,0.0,0,0,4861977,2018-11-20 22:56:12,btc,11912.7940471,0.0,,btc,34413894.3617,0.0,0.0,159
1,[],12,[],2019-01-23 23:37:26,185305.24558065,0.000010040000000000000435055637348913393225302570499479770660400390625,0.00000000035593506800000004,6480989,2019-01-23 23:37:26,btc,6.655290750649645,0.0,0.000010040000000000000435055637348913393225302570499479770660400390625,btc,14196.22884567,0.0047405315752939,0.107333326772395,168
1,[],17,[],2019-01-23 23:37:28,29784.95,0.000001,0.0000000000354517,6480990,2019-01-23 23:37:28,btc,0.0353989844335,0.0,0.000001,btc,196.82520268,0.0,0.00716147,168
0,[],22,[],2019-01-23 23:37:13,0.0,0,0,6480983,2019-01-23 23:37:13,,1.13392792,0.0,0,,692360.5537281231,0.0,0.0,169
1,[],22,[],2019-01-23 23:35:48,54963.555555555555,0.0000003,0.000000000010635510000000001,6480945,2019-01-23 23:35:48,BTC,2.75403855,0.0,0.0000003,BTC,67328.81207749767,0.0007427,0.00705188,171
1,[],22,[],2019-01-23 23:37:32,80172.4,0.0000002,0.000000000007090340000000001,6480991,2019-01-23 23:37:32,BTC,2.84535942,0.0,0.0000002,BTC,235821.48728559108,0.00309663,0.00703467,173
1,[],5,[],2019-01-23 23:37:42,5.733e-05,0.00000470,0.00000000016662299,6480994,2019-01-23 23:37:42,btc,0.41179441,0.01941412,0.00000470,btc,0.00034969,0.0,0.93919315,175
1,[],22,[],2019-01-23 23:34:53,56022.27333333333,0.00000150,0.000000000053177550000000005,6480925,2019-01-23 23:34:53,BTC,0.60035542,0.0,0.00000150,BTC,118760.29444388876,0.00016607,0.04143299,176
0,[],2,[],2019-01-20 23:28:34,0.0,0,0,6477001,2019-01-20 23:28:34,,0.0,0.0,0,,0.0,0.0,0.0,178
1,[],7,[],2019-01-23 23:03:16,0.0,0,0,6480859,2019-01-23 23:03:16,btc,10931.262742621293,0.0,0,btc,125037464.01384753,0.0,0.0,178
0,[],22,[],2019-01-23 23:03:18,0.0,0,0,6480860,2019-01-23 23:03:18,,1.00242428,0.0,0,,57512.0,0.0,0.0,178
0,[],23,[],2019-01-20 23:25:08,0.0,0,0,6476952,2019-01-20 23:25:08,,0.0,0.0,0,,0.0,0.0,0.0,179
1,[],5,[],2019-01-23 23:01:36,6e-08,0.00000003,0.0000000000010660830000000002,6480810,2019-01-23 23:01:36,btc,12.64415752,0.41593218,0.00000003,btc,2.424e-05,0.0,1.7564144,179
1,[],22,[],2019-01-23 23:01:40,9708639.666666666,0.00000003,0.0000000000010660830000000002,6480811,2019-01-23 23:01:40,BTC,5.82738921,0.0,0.00000003,"BTC,LTC",17143362.451989967,0.00187099,0.42203715,179
1,[],17,[],2019-01-23 23:33:10,10504.725,0.0000001,0.00000000000354517,6480896,2019-01-23 23:33:10,btc,5.206984534928671,0.0,0.0000001,btc,7893.797658699999,0.0,0.0010504725,180
1,[],22,[],2019-01-23 23:33:15,1468.0,0.00000031,0.000000000010990027,6480897,2019-01-23 23:33:15,BTC,0.22769588,0.0,0.00000031,"BTC,LTC",26805.816254853482,0.0,0.00040342,180
1,[],26,[],2019-01-23 23:33:26,0.0,0.00000010,0.0000000000035451700000000003,6480898,2019-01-23 23:33:26,btc,0.0,3564.02,0.00000010,btc,0.0,0.0,0.0,180
,[],7,[],2018-11-20 22:58:01,562227.975654,0.00000085,0.000000000036176765,4862015,2018-11-20 22:58:01,btc,21836.6059674,2491.87645172,,btc,749999.041456,0.00211021,0.127565380455,183
,[],5,[],2019-01-10 08:11:41,0.0,0,0,6347036,2019-01-10 08:11:41,btc,82.15055501,0.00261,,btc,1.19002445,0.0,0.0,187
1,[],24,[],2019-01-23 23:37:18,0.0,0.000000000001,3.5451700000000004e-17,6480985,2019-01-23 23:37:18,btc,0.0,0.0,0.000000000001,btc,0.0,0.0,0.0,187
,[],17,[],2018-11-16 20:58:10,4062536.27273,0.00000001,0.000000000000550501,4708775,2018-11-16 20:58:10,btc,3.36492563466,0.195460381006,,"btc,eth",110697919.549,0.0,0.0157628953496,187
0,[],22,[],2019-01-23 23:04:03,0.0,0,0,6480891,2019-01-23 23:04:03,,1.19410323,0.0,0,,13721.456201072173,0.0,0.0,191
0,[],22,[],2019-01-23 23:02:16,0.0,0,0,6480825,2019-01-23 23:02:16,,0.0,0.0,0,,0.0,0.0,0.0,197
0,[],23,[],2019-01-20 23:31:41,0.0,0,0,6477079,2019-01-20 23:31:41,,0.0,0.0,0,,0.0,0.0,0.0,199
1,[],26,[],2019-01-23 23:35:17,0.0,0.00000000,0,6480932,2019-01-23 23:35:17,btc,0.0,757476.0,0.00000000,btc,0.0,0.0,0.0,199
0,[],17,[],2019-01-23 23:03:20,0.0,0,0,6480861,2019-01-23 23:03:20,btc,6.8025441638686726,0.0,0,btc,105897.55575295,0.0,0.0,200
0,[],2,[],2019-01-20 23:30:49,0.0,0,0,6477059,2019-01-20 23:30:49,,0.0,0.0,0,,0.0,0.0,0.0,201
1,[],4,[],2019-01-23 23:03:49,209584.63556616,0.00000967,0.000000000343634087,6480881,2019-01-23 23:03:49,btc,2.1262505281443143,0.0,0.00000967,btc,171975.65113889,0.29415317,1.5130440887925172,211
1,[],7,[],2019-01-23 23:02:25,17822017.027462497,0.000001179999999999999925426948273188276772316385176964104175567626953125,0.000000000041932598,6480830,2019-01-23 23:02:25,btc,16317791.278887669,630539.74513,0.000001179999999999999925426948273188276772316385176964104175567626953125,btc,12740068.93789077,0.0,7.923533670153705,212
1,[],5,[],2019-01-23 23:03:04,5.29e-06,0.00000033,0.000000000011726913000000001,6480849,2019-01-23 23:03:04,btc,0.89555835,0.15446192,0.00000033,btc,3.054e-05,0.0,0.14173585,213
1,[],12,[],2019-01-23 23:03:05,233931.42853209,0.0000010600000000000000155604695795119596368749625980854034423828125,0.000000000037668266000000005,6480850,2019-01-23 23:03:05,btc,85023.03773491405,0.0,0.0000010600000000000000155604695795119596368749625980854034423828125,btc,43709.72820726,0.0004695467699759,0.0080830160622024,213
1,[],24,[],2019-01-23 23:03:05,0.0,0.000000050000,0.0000000000017768050000000001,6480851,2019-01-23 23:03:05,btc,0.0,0.0,0.000000050000,btc,0.0,0.0,0.0,213
1,[],26,[],2019-01-23 23:03:05,0.0,0.00000003,0.0000000000010660830000000002,6480852,2019-01-23 23:03:05,btc,0.0,0.0,0.00000003,btc,0.0,0.0,0.0,213
1,[],22,[],2019-01-23 23:34:36,336251.75,0.00000004,0.000000000001418068,6480920,2019-01-23 23:34:36,BTC,70.2216567,0.0,0.00000004,BTC,174000.46129395306,0.0003432,0.00700807,216
1,[],27,[],2019-01-23 23:34:38,5077895.0,0.00000011,0.000000000003899687,6480921,2019-01-23 23:34:38,btc,619.88519807916,0.0,0.00000011,"btc,ltc",268896.09411,0.0,0.052497,216
1,[],22,[],2019-01-23 23:04:11,286680.98182760586,0.00000224,0.00000000007960086400000001,6480893,2019-01-23 23:04:11,BTC,12547.88031727,0.0,0.00000224,BTC,358851.04314279975,0.12321783,0.40109,217
1,[],7,[],2019-01-23 23:36:22,0.0,0,0,6480958,2019-01-23 23:36:22,btc,302.5729991391106,0.0,0,btc,133152724.1214003,0.0,0.0,219
0,[],27,[],2019-01-23 23:36:24,0.0,0,0,6480959,2019-01-23 23:36:24,,0.0747309448198,0.0,0,btc,1605140.29226592,0.0,0.0,219
0.0000000000000057,[],28,[],2019-01-23 23:36:26,238816286.198,2.280057e-18,8.083189674690002e-23,6480960,2019-01-23 23:36:26,doge,143035.5147817675,565890.0,0.00040001,"btc,doge",6859472.34751,0.0,1.738649571899051e-11,219
1,[],22,[],2019-01-23 23:36:44,204716.0,0.0000007,0.000000000024816190000000002,6480966,2019-01-23 23:36:44,BTC,2.08332423,0.0,0.0000007,BTC,19472.55212317522,0.01222786,0.02105448,221
1,[],24,[],2019-01-23 23:36:44,0.0,0.000000800000,0.000000000028361360000000003,6480967,2019-01-23 23:36:44,btc,0.0,0.0,0.000000800000,btc,0.0,0.0,0.0,221
1,[],26,[],2019-01-23 23:03:20,0.0,0.00000002,0.0000000000007107220000000001,6480862,2019-01-23 23:03:20,btc,0.0,10714.0,0.00000002,btc,0.0,0.0,0.0,231
1,[],26,[],2019-01-23 23:03:00,0.0,0.00000003,0.0000000000010660830000000002,6480847,2019-01-23 23:03:00,btc,0.0,100.0,0.00000003,btc,0.0,0.0,0.0,234
0,[],27,[],2019-01-23 23:03:02,0.0,0,0,6480848,2019-01-23 23:03:02,,0.001146299618,0.0,0,"btc,eth",11462.99618,0.0,0.0,234
0,[],22,[],2019-01-23 23:36:01,0.0,0,0,6480947,2019-01-23 23:36:01,,3.11852563,0.0,0,,90313875.02329598,0.0,0.0,235
1,[],4,[],2019-01-23 23:03:53,720361.90426983,0.00000105,0.000000000037312905,6480884,2019-01-23 23:03:53,btc,0.3726208111677514,0.0,0.00000105,btc,268181.3748881,0.11660366,0.248160673451463,236
1,[],24,[],2019-01-23 23:03:53,0.0,0.000000010000,0.00000000000035536100000000003,6480885,2019-01-23 23:03:53,btc,0.0,0.0,0.000000010000,btc,0.0,0.0,0.0,236
1,[],20,[],2019-01-23 23:02:57,33075534.7948,0.000000061,0.0000000000021677021,6480845,2019-01-23 23:02:57,btc,13.8817281872939,22290066.2321,0.000000061,btc,22947697.2728,1.3710597576413,0.311634162477,237
0,[],22,[],2019-01-23 23:03:00,0.0,0,0,6480846,2019-01-23 23:03:00,,0.04083605,0.0,0,,4179.0,0.0,0.0,237
1,[],4,[],2019-01-23 23:37:22,5074793.41711656,0.00000031,0.000000000010990027,6480987,2019-01-23 23:37:22,btc,0.5700345909899791,0.0,0.00000031,btc,1689996.97566256,0.24050551,1.4596978366721154,238
1,[],5,[],2019-01-23 23:37:25,3.96e-06,0.00000032,0.000000000011344544,6480988,2019-01-23 23:37:25,btc,0.60622001,0.00010344,0.00000032,btc,2.906e-05,0.0,0.20691281,238
1,[],22,[],2019-01-23 23:37:36,281968.75,0.00000005,0.0000000000017725850000000002,6480992,2019-01-23 23:37:36,BTC,15.40523069,0.0,0.00000005,BTC,240508.69643307183,0.00012245,0.00945438,249
0.0000000000890142,[],22,[],2019-01-23 23:37:00,2422166.0,4.45071e-18,1.57785235707e-22,6480977,2019-01-23 23:37:00,LTC,0.43490749,0.0,0.00000005,LTC,12631887.29,7.966770900000001e-13,0.04470538,252
1,[],28,[],2019-01-23 23:38:19,3215469.1,0.00000009,0.000000000003190653,6481010,2019-01-23 23:38:19,btc,164692.82142318288,340845.71,0.00000009,btc,1085873.4025,0.0,0.05558683991,256
0,[],27,[],2019-01-23 23:34:15,0.0,0,0,6480913,2019-01-23 23:34:15,,4.96668,0.0,0,"btc,eth",90.59,0.0,0.0,257
1,[],22,[],2019-01-23 23:35:29,55785.166666666664,0.00000009,0.000000000003190653,6480937,2019-01-23 23:35:29,BTC,35605.68088025,0.0,0.00000009,BTC,709585.3310213444,8.949e-05,0.00079746,258
1,[],22,[],2019-01-23 23:04:07,6620.804,0.00000750,0.00000000026652075,6480892,2019-01-23 23:04:07,BTC,4.68382194,0.0,0.00000750,BTC,5828.378238095238,0.0,0.03359089,262
1,[],5,[],2019-01-23 23:03:45,4.072e-05,0.00000217,0.000000000077113337,6480879,2019-01-23 23:03:45,btc,5.80566074,0.12436475,0.00000217,btc,0.00747596,0.0,0.11878487,264
1,[],20,[],2019-01-23 23:03:47,1789226.5482,0.000001703,0.0000000000605179783,6480880,2019-01-23 23:03:47,btc,5.1529642730957,6466.0097,0.000001703,btc,86224.0867,0.0490723280411,0.0420160509557,264
1,[],22,[],2019-01-23 23:34:42,150501.0,0.00000018,0.000000000006381306,6480922,2019-01-23 23:34:42,BTC,126.56366524,0.0,0.00000018,BTC,200556.05470818645,0.00030876,0.00460907,271
0,[],22,[],2019-01-23 23:35:34,0.0,0,0,6480939,2019-01-23 23:35:34,,105.69699934,0.0,0,,10568699925.0,0.0,0.0,272
0.0000000000000057,[],28,[],2019-01-23 23:35:36,361464652681.25,2.8500000000000002e-21,1.0103734500000002e-25,6480940,2019-01-23 23:35:36,doge,4431971.265060808,1007601306.0,0.0000005,doge,122797538596.127,0.0,4.928685925096215e-10,272
