pairValue,buyBook,exchangeId,sellBook,updated,buyTotal,satoshiPrice,usdPrice,exchangeLogId,created,bestPair,sellTotalBtc,volume,pairPrice,activePairs,sellTotal,volumeBtc,buyTotalBtc,coinId
1,[],3,[],2019-05-13 00:00:24,32398.706964512785,0.01067211000000000027665425506029350799508392810821533203125,0.000000743925040614,7621804,2019-05-13 00:00:24,btc,3.4350781345880623,127.991767416,0.01067211000000000027665425506029350799508392810821533203125,btc,18.757589167493002,0.0,0.5014860595021782,1
1,[],4,[],2019-05-13 00:00:25,251117.62900209,0.01072094,0.000000747328852956,7621805,2019-05-13 00:00:25,btc,8.522428018845817,0.0,0.01072094,btc,379.34591803,1.08749942,0.5161269042969941,1
1,[],5,[],2019-05-13 00:00:28,0.0,0,0,7621806,2019-05-13 00:00:28,btc,0.0,0.05247707,0,btc,0.0,0.0,0.0,1
1,[],10,[],2019-05-13 00:00:31,256867.12516861,0.00917686,0.000000639695050764,7621807,2019-05-13 00:00:31,btc,6525.40412182997,1486.9370442,0.00917686,btc,1483.63927786,0.0,3.5989153918480468,1
1,[],12,[],2019-05-13 00:00:33,72.63422968,0.01077999999999999965194508178001342457719147205352783203125,0.0000007514457719999999,7621808,2019-05-13 00:00:33,btc,0.3044682431534,0.0,0.01077999999999999965194508178001342457719147205352783203125,btc,24.02570448,0.8848673316265,0.3291787535084,1
1,[],20,[],2019-05-13 00:00:35,974.0654,0.010700243,0.0000007458861188982,7621809,2019-05-13 00:00:35,btc,0.0786411484287,0.1344,0.010700243,btc,5.1861,0.001603739479,0.1704255676564,1
1,[],21,[],2019-05-13 00:00:37,2028.14979075,0.01082138000000000023492763290,0.000000754330264212,7621810,2019-05-13 00:00:37,btc,13.377706712716714,11558.50321654,0.01082138000000000023492763290278162457980215549468994140625,"btc,eth",1468.85785917,121.44813298269733,15.067546852395148,1
0,[],22,[],2019-05-13 00:00:40,0.0,0,0,7621811,2019-05-13 00:00:40,,0.3163308,0.0,0,,0.2527518593615956,0.0,0.0,1
1,[],24,[],2019-05-13 00:00:41,0.0,0.000000000000,0,7621812,2019-05-13 00:00:41,btc,0.0,0.0,0.000000000000,btc,0.0,0.0,0.0,1
0.0,[],25,[],2019-05-13 00:00:42,0.0,0,0,7621813,2019-05-13 00:00:42,btc,10.376099999460275,2801.23763037,0.0,btc,928.84580334,30.306,0.0,1
1,[],26,[],2019-05-13 00:00:44,0.0,0,0,7621814,2019-05-13 00:00:44,,0.0,0.0,0,,0.0,0.0,0.0,1
1,[],28,[],2019-05-13 00:01:23,987.9,0.01131000,0.000000788390694,7621815,2019-05-13 00:01:23,btc,0.160832048,349834.55,0.01131000,btc,8.7307,0.0,0.024551096,1
0,[],2,[],2019-01-20 23:28:45,0.0,0,0,6477011,2019-01-20 23:28:45,,0.0,0.0,0,,0.0,0.0,0.0,1
1,[],5,[],2019-05-13 00:01:26,0.0,0,0,7621816,2019-05-13 00:01:26,btc,0.0,0.00027534,0,btc,0.0,0.0,0.0,2
0,[],22,[],2019-05-13 00:01:28,0.0,0,0,7621817,2019-05-13 00:01:28,,0.0,0.0,0,,0.0,0.0,0.0,2
1,[],5,[],2019-05-13 00:01:30,0.0,0,0,7621818,2019-05-13 00:01:30,btc,0.0,0.28927467,0,btc,0.0,0.0,0.0,3
1,[],12,[],2019-05-13 00:01:31,3322517.30316,0.000000133,0.000000000009271084200000001,7621819,2019-05-13 00:01:31,btc,11597.361919811623,0.0,0.000000133,btc,3428012.06457973,0.09886484968322998,0.32553396180448,3
0,[],28,[],2019-05-13 00:01:33,0.0,0,0,7621820,2019-05-13 00:01:33,,0.0,0.0,0,,0.0,0.0,0.0,3
0,[],2,[],2019-01-20 23:31:32,0.0,0,0,6477077,2019-01-20 23:31:32,,0.0,0.0,0,,0.0,0.0,0.0,4
1,[],4,[],2019-04-26 19:14:12,610911.70993152,0.00000026,0.000000000013566046,7471614,2019-04-26 19:14:12,btc,31.457742656463164,0.0,0.00000026,btc,718733.71307795,0.00142695,0.0638464483338706,4
0,[],12,[],2019-04-25 23:08:22,0.0,0,0,7459310,2019-04-25 23:08:22,btc,1111851.94727753,0.0,0,btc,953412.0,0.0,0.0,5
0,[],2,[],2019-01-20 23:31:51,0.0,0,0,6477087,2019-01-20 23:31:51,,0.0,0.0,0,,0.0,0.0,0.0,6
1,[],11,[],2019-05-12 00:02:31,5042415.307535999,0.00000001,0.00000000000072476,7617400,2019-05-12 00:02:31,btc,9576.518911699495,10000.0,0.00000001,btc,47478529.75253575,0.0,0.05042415307536,6
1,[],3,[],2019-05-13 00:01:33,11123.30398989058,0.000121150000000000003888035726706817740705446340143680572509765625,0.00000000844505151,7621821,2019-05-13 00:01:33,btc,14.357534692887443,74.2247196733,0.000121150000000000003888035726706817740705446340143680572509765625,btc,344.256531411478,0.0,0.033299305167000345,7
1,[],4,[],2019-05-13 00:01:35,63589.67709469,0.00013436,0.000000009365886264,7621822,2019-05-13 00:01:35,btc,7.801741366188614,0.0,0.00013436,btc,35283.57697321,3.44439859,4.288930667994852,7
1,[],5,[],2019-05-13 00:01:36,0.0,0,0,7621823,2019-05-13 00:01:36,btc,0.0,0.86431725,0,btc,0.0,0.0,0.0,7
1,[],20,[],2019-04-07 22:06:50,3201475.0482,0.000000001,0.000000000000051590000000000004,7213932,2019-04-07 22:06:50,btc,30.8005781811902,0.0,0.000000001,btc,23077405.3926,0.0,0.0032014750482,8
0,[],2,[],2019-01-20 23:22:42,0.0,0,0,6476876,2019-01-20 23:22:42,,0.0,0.0,0,,0.0,0.0,0.0,9
0,[],23,[],2019-01-20 23:22:48,0.0,0,0,6476878,2019-01-20 23:22:48,,0.0,0.0,0,,0.0,0.0,0.0,9
1,[],1,[],2019-02-17 23:31:42,1822507.21,0.00000181000000000000003456111265232042484285557293333113193511962890625,0.000000000066086901,6701244,2019-02-17 23:31:42,btc,3.6990969245,17153386.5,0.00000181000000000000003456111265232042484285557293333113193511962890625,btc,1997391.71,31.11772986,3.2610482446,9
1,[],4,[],2019-05-13 00:01:39,23487244.05680938,0.00000060,0.00000000004182444,7621824,2019-05-13 00:01:39,btc,4.228363488912656,0.0,0.00000060,btc,3231079.70102822,0.92608658,0.7467841916709534,9
1,[],28,[],2019-05-13 00:02:08,18055.0,0.00000021,0.000000000014638554,7621825,2019-05-13 00:02:08,btc,2708.775233808764,3702722.0,0.00000021,btc,25766.3492,0.0,0.00186155,9
1,[],4,[],2019-02-17 11:22:43,4341674.27126056,0.00000002,0.0000000000007272960000000001,6696112,2019-02-17 11:22:43,btc,0.1997230937751353,0.0,0.00000002,btc,4109766.79808031,0.00215132,0.0479381022052112,10
0,[],2,[],2019-01-20 23:23:08,0.0,0,0,6476890,2019-01-20 23:23:08,,0.0,0.0,0,,0.0,0.0,0.0,12
1,[],4,[],2019-05-13 00:02:09,7337745.476839,0.00000081,0.000000000056462994,7621826,2019-05-13 00:02:09,btc,6.591192670949064,0.0,0.00000081,btc,4780373.61391605,1.16075438,3.1829786145245462,12
1,[],5,[],2019-05-13 00:02:11,0.0,0,0,7621827,2019-05-13 00:02:11,btc,0.0,0.0564434,0,btc,0.0,0.0,0.0,12
0.0,[],25,[],2019-05-13 00:02:12,0.0,0,0,7621828,2019-05-13 00:02:12,,0.0,0.0,0.0,btc,0.0,0.0,0.0,12
1,[],10,[],2019-05-12 21:06:24,696987.62307203,0.00000581,0.000000000415510865,7621313,2019-05-12 21:06:24,btc,666793.6476936387,20471.4248879,0.00000581,btc,738452.6838612,0.0,0.4730972016005682,13
1,[],4,[],2019-05-13 00:02:13,32138657.07255166,0.00000588,0.000000000409879512,7621829,2019-05-13 00:02:13,btc,2.9563974092453558,0.0,0.00000588,btc,362469.55587647,0.72237288,0.9300865433788507,13
1,[],21,[],2019-05-13 00:02:17,2346026.94407387,0.000006000000000000000152005144582,0.0000000004182444,7621830,2019-05-13 00:02:17,btc,5.239245519769147,1194827.72390631,0.00000600000000000000015200514458246772164784488268196582794189453125,btc,786545.93355031,7.14127242,11.720506647127266,13
1,[],4,[],2019-05-13 00:02:18,998411.41295359,0.00000080,0.00000000005576592,7621831,2019-05-13 00:02:18,btc,7.154521086530319,0.0,0.00000080,btc,1219514.11314477,0.0317082,0.1560532130817311,14
1,[],12,[],2019-05-13 00:02:19,246739.84145803,0.00000082,0.000000000057160068,7621832,2019-05-13 00:02:19,btc,0.1178407087052364,0.0,0.00000082,btc,13910.23656591,0.00092782,0.023424989999987,14
1,[],26,[],2019-05-13 00:04:20,0.0,0.00000050,0.0000000000348537,7621833,2019-05-13 00:04:20,btc,0.0,0.0,0.00000050,btc,0.0,0.0,0.0,14
0,[],17,[],2019-05-03 00:53:32,0.0,0,0,7558876,2019-05-03 00:53:32,btc,0.0,0.0,0,btc,0.0,0.0,0.0,14
,[],12,[],2018-12-01 15:15:48,204241.84496,0.00000489,0.000000000202473384,5260204,2018-12-01 15:15:48,btc,49.5475654835,0.0,,btc,35763.2193806,0.0163153972027625,0.0203389899998,15
0,[],4,[],2019-05-13 00:04:21,0.0,0,0,7621834,2019-05-13 00:04:21,,0.0,0.0,0,,0.0,0.0,0.0,15
0,[],2,[],2019-01-20 23:23:38,0.0,0,0,6476906,2019-01-20 23:23:38,,0.0,0.0,0,,0.0,0.0,0.0,18
1,[],4,[],2019-05-13 00:04:23,37582.73458972,0.00001115,0.00000000077723751,7621835,2019-05-13 00:04:23,btc,1.109751226467522,0.0,0.00001115,btc,14307.47348921,0.08967145,0.0856228658046414,18
1,[],10,[],2019-05-13 00:04:25,334110.8766408,0.00001498,0.000000001044216852,7621836,2019-05-13 00:04:25,btc,15.412114557931936,2176.35476341,0.00001498,btc,10154.07365075,0.0,0.5009076251749479,18
1,[],12,[],2019-05-13 00:04:26,222402.93588478,0.000011019999999999999522500016002624079192173667252063751220703125,0.000000000768175548,7621837,2019-05-13 00:04:26,btc,33215.12474953559,0.0,0.000011019999999999999522500016002624079192173667252063751220703125,btc,1539.79252362,0.0065237806592155,0.017121811081471698,18
0,[],17,[],2019-05-03 00:53:39,0.0,0,0,7558882,2019-05-03 00:53:39,btc,0.0,0.0,0,btc,0.0,0.0,0.0,18
0,[],2,[],2019-01-20 23:24:19,0.0,0,0,6476924,2019-01-20 23:24:19,,0.0,0.0,0,,0.0,0.0,0.0,19
1,[],3,[],2019-05-13 00:06:27,163632.37881372077,0.000012809999999999999325032105923494185617528273724019527435302734375,0.000000000892951794,7621838,2019-05-13 00:06:27,btc,0.2563203710954819,945.525562509,0.000012809999999999999325032105923494185617528273724019527435302734375,btc,7252.566877867577,0.0,0.10065089538990729,19
1,[],4,[],2019-05-13 00:06:27,456803.7856298,0.00001220,0.00000000085043028,7621839,2019-05-13 00:06:27,btc,3.1658085009442662,0.0,0.00001220,btc,106930.38116428,0.28820788,1.0564828485960236,19
1,[],5,[],2019-05-13 00:06:29,0.0,0,0,7621840,2019-05-13 00:06:29,btc,0.0,0.0156094,0,btc,0.0,0.0,0.0,19
1,[],12,[],2019-05-13 00:06:30,205560.4571642,0.000010040000000000000435055637348913393225302570499479770660400390625,0.000000000699862296,7621841,2019-05-13 00:06:30,btc,0.3003733552498361,0.0,0.000010040000000000000435055637348913393225302570499479770660400390625,btc,3065.34453584,0.0006096056451908,0.0805355099997002,19
1,[],27,[],2019-05-13 00:06:37,100.0,0.0000001,0.00000000000697074,7621842,2019-05-13 00:06:37,btc,0.0,0.0,0.0000001,btc,0.0,0.0,1e-05,19
1,[],4,[],2019-05-13 00:06:38,1835078.57391266,0.00000009,0.0000000000062736659999999996,7621843,2019-05-13 00:06:38,btc,5.279309685630553,0.0,0.00000009,btc,2279170.28595418,0.0,0.0608465352282092,20
1,[],4,[],2019-05-13 00:06:39,73821465.25151692,0.00000001,0.000000000000697074,7621844,2019-05-13 00:06:39,btc,1779.0887347680075,0.0,0.00000001,btc,56025538.84778949,0.00103849,0.7382146525151692,21
1,[],12,[],2019-05-13 00:06:39,5138002.0,0.00000001,0.000000000000697074,7621845,2019-05-13 00:06:39,btc,2895.660552025804,0.0,0.00000001,btc,7177576.54745251,0.000590985014985,0.05138002,21
0,[],17,[],2019-05-03 00:53:51,0.0,0,0,7558891,2019-05-03 00:53:51,btc,0.0,0.0,0,btc,0.0,0.0,0.0,21
1,[],12,[],2019-05-13 00:08:42,7486675620.0,0.0000000004,0.00000000000002788296,7621846,2019-05-13 00:08:42,btc,311118500152.2806,0.0,0.0000000004,btc,2753170405.5450516,0.06857579939261142,1.7297695514,23
0.00000000026981930000000004,[],27,[],2019-05-13 00:08:51,57376281.0,5.396386000000001e-18,3.761680374564e-22,7621847,2019-05-13 00:08:51,eth,192.6141885716391,1341392259.1426742,0.00000002,eth,15367478.992711,1.4477340816650142e-08,1.83672152088233e-10,23
1,[],4,[],2019-05-13 00:08:51,822902.76494134,0.00000030,0.00000000002091222,7621848,2019-05-13 00:08:51,btc,13.878623019974505,0.0,0.00000030,btc,2051363.47727434,0.00363894,0.0441232667147816,24
1,[],22,[],2019-05-13 00:08:56,21.76,0.00000100,0.0000000000697074,7621849,2019-05-13 00:08:56,BTC,7.415e-05,0.0,0.00000100,BTC,23.919354838709676,0.0,1.186e-05,24
0.0,[],25,[],2019-05-13 00:08:57,0.0,0,0,7621850,2019-05-13 00:08:57,,0.0,0.0,0.0,btc,0.0,0.0,0.0,24
0,[],2,[],2019-01-20 23:25:56,0.0,0,0,6476976,2019-01-20 23:25:56,,0.0,0.0,0,,0.0,0.0,0.0,26
1,[],4,[],2019-05-13 00:08:58,26950332.93744008,0.00000403,0.000000000280920822,7621851,2019-05-13 00:08:58,btc,11.0131774876773,0.0,0.00000403,btc,340423.8368673,0.07931955,0.4424888160963749,26
1,[],10,[],2019-05-13 00:09:02,161064.75723834,0.00000834,0.000000000581359716,7621852,2019-05-13 00:09:02,btc,25.2556816955928,3379.23931784,0.00000834,btc,18777.26094476,0.0,0.0867425859340164,26
1,[],11,[],2019-04-30 04:16:17,7094566.83690364,0.00000006,0.000000000003115554,7518027,2019-04-30 04:16:17,btc,67504.138725751,6116.07566417,0.00000006,btc,6591680.7351637,0.0,0.38529422037817224,27
1,[],5,[],2019-04-26 09:47:06,0.0,0,0,7465326,2019-04-26 09:47:06,btc,0.0,0.0,0,btc,0.0,0.0,0.0,27
1,[],3,[],2019-04-28 02:38:55,141621.60361514,0.00000001,0.0000000000005253330000000001,7491060,2019-04-28 02:38:55,btc,2.501704004580372,921815.184511,0.00000001,btc,21091882.2176418,0.0,0.0014162160361513999,27
1,[],4,[],2019-05-13 00:09:03,1453137782.4732578,0.00000001,0.000000000000697074,7621853,2019-05-13 00:09:03,btc,4.5760143536799935,0.0,0.00000001,"btc,ltc",289499887.9872444,0.10122247,9.434155822257955,29
1,[],7,[],2019-05-13 00:09:04,113333441.7229273,0.00000001,0.000000000000697074,7621854,2019-05-13 00:09:04,btc,46550610.51838925,0.0,0.00000001,btc,41667026.64674773,0.0,1.133334417229273,29
0,[],17,[],2019-05-03 01:11:25,0.0,0,0,7559066,2019-05-03 01:11:25,btc,0.0,0.0,0,btc,0.0,0.0,0.0,30
1,[],4,[],2019-05-13 00:09:06,1591755.42983155,0.00000011,0.000000000007667814,7621855,2019-05-13 00:09:06,btc,2.592379076924961,0.0,0.00000011,btc,2073383.42154881,0.00238917,0.0331842464754727,30
1,[],4,[],2019-05-13 00:11:07,207751.31074306,0.00004890,0.00000000340869186,7621856,2019-05-13 00:11:07,btc,6.778737420642843,0.0,0.00004890,btc,65359.51685329,1.41639002,0.788071319332699,31
1,[],21,[],2019-05-13 00:11:08,65907.31638275,0.00004898000000000000199755142982,0.0000000034142684520000003,7621857,2019-05-13 00:11:08,btc,5.32420007759416,196965.42832874,0.0000489800000000000019975514298220531372862751595675945281982421875,btc,98747.28377897,9.3397041,2.6840975907686664,31
0,[],2,[],2019-01-20 23:28:43,0.0,0,0,6477009,2019-01-20 23:28:43,,0.0,0.0,0,,0.0,0.0,0.0,32
1,[],12,[],2019-03-30 07:55:10,40641173.964,0.00000003,0.000000000001228359,7108785,2019-03-30 07:55:10,btc,4233210.82356125,0.0,0.00000003,btc,28378394.68333462,0.0126927883965248,0.90752895892,33
0,[],4,[],2019-05-13 00:11:10,0.0,0,0,7621858,2019-05-13 00:11:10,,0.0,0.0,0,,0.0,0.0,0.0,33
0,[],4,[],2019-05-13 00:11:11,0.0,0,0,7621859,2019-05-13 00:11:11,,3.1239820944767387,0.0,0,,138638092.20131293,0.0,0.0,34
1,[],5,[],2019-05-13 00:11:13,0.0,0,0,7621860,2019-05-13 00:11:13,btc,0.0,0.00221951,0,btc,0.0,0.0,0.0,34
0.000000000133684,[],4,[],2019-05-02 18:17:45,3384239970.6360936,1.3368400000000002e-18,7.293946092400001e-23,7556428,2019-05-02 18:17:45,ltc,5.381102735485169e-08,0.0,0.00000001,ltc,6862894551.7408495,0.0,4.524187362345155e-09,36
1,[],5,[],2019-05-02 18:17:46,0.0,0,0,7556429,2019-05-02 18:17:46,btc,0.0,0.0,0,btc,0.0,0.0,0.0,36
0.0000000002926451,[],17,[],2019-05-02 18:17:47,200000.0,2.9264510000000002e-18,1.596703856561e-22,7556430,2019-05-02 18:17:47,eth,0.20942468735267253,0.0,0.00000001,"btc,eth",1018272.20243647,0.0,5.852902e-13,36
0.000000000133684,[],27,[],2019-05-02 18:17:55,7883196.008,1.3368400000000002e-18,7.293946092400001e-23,7556431,2019-05-02 18:17:55,ltc,25567.4086131264,0.0,0.00000001,"ltc,eth",21753551.64,0.0,1.0538571751334722e-11,36
1,[],17,[],2019-05-03 01:11:36,211752.74075282,0.00000025,0.000000000013700074999999998,7559074,2019-05-03 01:11:36,btc,0.055484923955058496,0.0,0.00000025,"btc,eth",1387.19918473,0.0,0.0005381851887916605,37
1,[],4,[],2019-05-13 00:11:14,253355.38543174,0.00000021,0.000000000014638554,7621861,2019-05-13 00:11:14,btc,19772.87132269242,0.0,0.00000021,btc,951563.27250569,0.00188184,0.0173962330424792,37
1,[],12,[],2019-05-13 00:11:15,2089658.95238094,0.00000021,0.000000000014638554,7621862,2019-05-13 00:11:15,btc,19604.334727641784,0.0,0.00000021,btc,395841.58541121,0.0221287903465413,0.2421369099999974,37
1,[],27,[],2019-05-13 00:13:22,1600.0,0.00000015,0.00000000001045611,7621863,2019-05-13 00:13:22,btc,24.12760334291843,0.0,0.00000015,btc,5839.49448498,0.0,3e-05,37
1,[],5,[],2019-05-13 00:13:24,0.0,0,0,7621864,2019-05-13 00:13:24,btc,0.0,0.00526951,0,btc,0.0,0.0,0.0,42
1,[],12,[],2019-05-13 00:13:25,349850.55794848,0.00000278999999999999996903843856033144987804917036555707454681396484375,0.000000000194483646,7621865,2019-05-13 00:13:25,btc,2227607.7424248597,0.0,0.00000278999999999999996903843856033144987804917036555707454681396484375,btc,99598.66120629,0.0855686957692359,0.07847411980277699,42
1,[],27,[],2019-05-13 00:13:32,506.0,0.00000002,0.000000000001394148,7621866,2019-05-13 00:13:32,btc,1.22618465,0.0,0.00000002,"btc,eth",1336.4476,0.0,3.000000419730903e-06,42
1,[],12,[],2019-03-13 09:13:29,1112112.0,0.00000001,0.000000000000386531,6919902,2019-03-13 09:13:29,btc,29058.00478931866,0.0,0.00000001,btc,5967681.93306694,9.99000999e-07,0.01112112,43
1,[],5,[],2019-04-26 22:38:52,0.0,0,0,7474154,2019-04-26 22:38:52,btc,0.0,0.02638891,0,btc,0.0,0.0,0.0,43
0,[],17,[],2019-04-26 22:38:53,0.0,0,0,7474155,2019-04-26 22:38:53,btc,0.0,0.0,0,btc,0.0,0.0,0.0,43
1,[],12,[],2019-03-05 01:54:08,639326.02,0.00000004,0.000000000001486676,6845775,2019-03-05 01:54:08,btc,11116042.728239931,0.0,0.00000004,btc,1103841.4595604,0.0003330765234764,0.014975410599999999,44
1,[],4,[],2019-05-13 00:13:33,123640519.13338153,0.00000001,0.000000000000697074,7621867,2019-05-13 00:13:33,btc,436.8455846190591,0.0,0.00000001,"btc,ltc",23990892.08342435,0.00358769,0.219080610738399,49
1,[],4,[],2019-05-13 00:13:34,81398622.05792518,0.00000001,0.000000000000697074,7621868,2019-05-13 00:13:34,btc,21662.744630753707,0.0,0.00000001,"btc,ltc",122552336.14266355,0.00433736,0.011764775644155368,52
0,[],22,[],2019-05-13 00:13:36,0.0,0,0,7621869,2019-05-13 00:13:36,,10289.64343849,0.0,0,,311140042.4566013,0.0,0.0,57
0,[],27,[],2019-05-13 00:13:43,0.0,0,0,7621870,2019-05-13 00:13:43,,0.0,0.0,0,"btc,eth",0.0,0.0,0.0,57
1,[],17,[],2019-05-03 01:12:09,1200000.0,0.0000000001,0.00000000000000548003,7559085,2019-05-03 01:12:09,btc,1e+24,0.0,0.0000000001,"btc,eth",39516342.31952568,0.0,0.00010000000058666061,58
0.0000000001216232,[],4,[],2019-05-13 00:13:44,817890876.5561304,1.2162320000000001e-18,8.47803705168e-23,7621871,2019-05-13 00:13:44,ltc,19.110661938353097,0.0,0.00000001,ltc,6159992955.671694,0.0,9.947450565756158e-10,58
1,[],12,[],2019-05-13 00:13:46,1484425734.0,0.0000000001,0.00000000000000697074,7621872,2019-05-13 00:13:46,btc,118395962.55036499,0.0,0.0000000001,btc,4612502370.904105,0.00238643016173826,0.1484425734,58
0.00000000010856390000000001,[],22,[],2019-05-13 00:15:49,137323.0,1.085639e-18,7.56770720286e-23,7621873,2019-05-13 00:15:49,XMR,69.17947824,0.0,0.00000001,XMR,9887848.044444444,0.0,0.00137323,58
1,[],5,[],2019-05-13 00:15:51,0.0,0,0,7621874,2019-05-13 00:15:51,btc,0.0,0.0112502,0,btc,0.0,0.0,0.0,61
1,[],22,[],2019-05-13 00:15:55,13613.833333333334,0.00000012,0.000000000008364888,7621875,2019-05-13 00:15:55,BTC,1002.33190883,0.0,0.00000012,BTC,15392.180177125656,0.0,0.00153269,61
1,[],26,[],2019-05-13 00:15:55,0.0,0.00000050,0.0000000000348537,7621876,2019-05-13 00:15:55,btc,0.0,0.0,0.00000050,btc,0.0,0.0,0.0,61
1,[],27,[],2019-05-13 00:16:05,101000.0,0.00000001,0.000000000000697074,7621877,2019-05-13 00:16:05,btc,1.9482732497246655,0.0,0.00000001,"btc,eth",13266.51663696,0.0,1.00000002698193e-05,61
1,[],28,[],2019-05-13 00:16:44,1039.304,0.00000008,0.000000000005576592,7621878,2019-05-13 00:16:44,btc,2.056501795415105,760.0,0.00000008,btc,10022.46650005,0.0,2.439304e-05,61
1,[],4,[],2019-05-13 00:16:46,1179224.82956851,0.00000099,0.000000000069010326,7621879,2019-05-13 00:16:46,btc,2.2142417867444104,0.0,0.00000099,btc,737877.44763,0.04647219,0.7604208259379696,67
0.0,[],25,[],2019-05-13 00:16:48,0.0,0,0,7621880,2019-05-13 00:16:48,,0.0,0.0,0.0,btc,0.0,0.0,0.0,67
1,[],12,[],2019-05-13 00:16:48,1451554.0,0.00000006,0.000000000004182444,7621881,2019-05-13 00:16:48,btc,55556353.357266955,0.0,0.00000006,btc,1483391.78723713,0.0008106006693323,0.02156643,71
,[],5,[],2018-11-20 23:02:39,1.5e-07,0.00000005,0.000000000002128045,4862160,2018-11-20 23:02:39,btc,2.84511358,0.0,,btc,0.00036572,0.0,0.07381892,74
1,[],5,[],2019-05-13 00:16:49,0.0,0,0,7621882,2019-05-13 00:16:49,btc,0.0,0.00691156,0,btc,0.0,0.0,0.0,75
0,[],20,[],2019-01-25 09:30:31,0.0,0,0,6495923,2019-01-25 09:30:31,btc,0.0,0.0,0,btc,0.0,0.0,0.0,81
0,[],4,[],2019-05-13 00:16:52,0.0,0,0,7621883,2019-05-13 00:16:52,,133647.3434328639,0.0,0,,34200062.02546142,0.0,0.0,81
1,[],4,[],2019-05-13 00:16:53,30290.59762381,0.00006801,0.000000004740800274,7621884,2019-05-13 00:16:53,btc,18.41430361803904,0.0,0.00006801,btc,23517.28513821,0.64135156,0.1875217965086916,82
1,[],21,[],2019-05-13 00:16:54,262417.94409089,0.00006635000000000000001509209424,0.00000000462508599,7621885,2019-05-13 00:16:54,btc,3.7719665568450997,26363.37938593,0.000066350000000000000015092094240998221721383742988109588623046875,btc,50478.68169114,1.71661495,1.659348248432504,82
0,[],17,[],2019-03-25 22:42:34,0.0,0,0,7038780,2019-03-25 22:42:34,btc,0.0445064681804024,0.0,0,btc,995513.18476001,0.0,0.0,84
0.00000000013644,[],4,[],2019-05-01 19:17:39,299701867.376,1.3644e-18,7.259508504e-23,7542161,2019-05-01 19:17:39,ltc,1.6769037726995486,0.0,0.00000001,ltc,427823536.87452894,0.00010978,4.089132278478144e-10,85
,[],22,[],2018-11-20 23:09:34,3408.1,0.0000001,0.0000000000041895,4862324,2018-11-20 23:09:34,BTC,0.04624735,0.0,,BTC,4990.0,0.0,0.00033081,86
1,[],22,[],2019-05-13 00:16:57,85999.0,0.00000001,0.000000000000697074,7621886,2019-05-13 00:16:57,BTC,3.66445213,0.0,0.00000001,BTC,336978.29736842104,0.0,0.00085999,87
0,[],27,[],2019-05-13 00:17:05,0.0,0,0,7621887,2019-05-13 00:17:05,,4.961703020736,13416.0,0,btc,19948.62841,0.00040248,0.0,87
,[],2,[],2018-11-20 23:10:47,0.0,0,0,4862359,2018-11-20 23:10:47,,0.0,0.0,,,0.0,0.0,0.0,88
1,[],11,[],2019-05-13 00:17:07,75349.17368442,0.0001362199999999999934334471429764334970968775451183319091796875,0.000000009495542028,7621888,2019-05-13 00:17:07,btc,177.07326309743135,2567.89762829,0.0001362199999999999934334471429764334970968775451183319091796875,btc,192524.54447406,0.0,4.099720549181148,89
1,[],12,[],2019-05-13 00:17:09,533728.21807797,0.00000049,0.000000000034156626,7621889,2019-05-13 00:17:09,btc,89.86784811222903,0.0,0.00000049,btc,184664.79152962,0.0103254572641319,0.0646198905999854,91
1,[],22,[],2019-05-13 00:19:13,76014.0,0.0000008,0.00000000005576592,7621890,2019-05-13 00:19:13,BTC,0.495,0.0,0.0000008,"BTC,LTC",4.95,0.0,0.0017135,91
0,[],2,[],2019-01-20 23:31:45,0.0,0,0,6477083,2019-01-20 23:31:45,,0.0,0.0,0,,0.0,0.0,0.0,91
0,[],17,[],2019-05-03 01:12:26,0.0,0,0,7559096,2019-05-03 01:12:26,btc,0.0,0.0,0,btc,0.0,0.0,0.0,91
1,[],22,[],2019-04-09 20:17:52,374949.73333333334,0.00000015,0.000000000007771935,7235704,2019-04-09 20:17:52,BTC,6.87372503,0.0,0.00000015,"BTC,LTC",159980.01196797504,1.1e-05,0.80510266,95
0.0000000001216232,[],4,[],2019-05-13 00:19:14,550174360.7695211,8.027131200000001e-17,5.595504454108801e-21,7621891,2019-05-13 00:19:14,ltc,11.292407879579834,0.0,0.00000066,ltc,134193709.56241755,0.06450335,1.5624591778332294e-09,96
0,[],12,[],2019-05-12 23:44:38,0.0,0,0,7621740,2019-05-12 23:44:38,btc,25054.270923706474,0.0,0,btc,7550278.46658341,0.0,0.0,96
0,[],17,[],2019-05-03 01:12:32,0.0,0,0,7559100,2019-05-03 01:12:32,btc,0.0,0.0,0,btc,0.0,0.0,0.0,96
1,[],4,[],2019-04-14 03:32:46,1039404.33283278,0.00000038,0.000000000019245518,7293458,2019-04-14 03:32:46,btc,4.170086055365747,0.0,0.00000038,btc,3097704.34561074,0.06260606,0.1859928211030784,99
1,[],4,[],2019-05-13 00:23:16,392617.56620279,0.00003301,0.000000002301041274,7621892,2019-05-13 00:23:16,btc,6.939344680254079,0.0,0.00003301,btc,119408.620208,0.44895649,0.6626079921714648,100
0,[],2,[],2019-01-20 23:23:55,0.0,0,0,6476914,2019-01-20 23:23:55,,0.0,0.0,0,,0.0,0.0,0.0,100
1,[],22,[],2019-05-13 00:23:19,130000.0,0.00000001,0.000000000000697074,7621893,2019-05-13 00:23:19,BTC,24.83526409,0.0,0.00000001,BTC,11187.719,0.0,0.0013,101
1,[],4,[],2019-05-13 00:23:20,580118.88889257,0.00000375,0.00000000026140275,7621894,2019-05-13 00:23:20,btc,255.74670605527828,0.0,0.00000375,btc,422708.15485853,2.54783746,0.269519690985332,103
1,[],12,[],2019-05-13 00:23:23,51102560.76392001,0.000000006,0.0000000000004182444,7621895,2019-05-13 00:23:23,btc,468525270.57174766,0.0,0.000000006,btc,98362795.5891978,0.01083310815464546,0.14835827096776005,105
0,[],27,[],2019-05-13 00:23:29,0.0,0,0,7621896,2019-05-13 00:23:29,,0.0584885651331397,0.0,0,btc,600596.63747933,0.0,0.0,105
1,[],22,[],2019-04-21 00:17:26,21333.0,0.00000001,0.000000000000532493,7385819,2019-04-21 00:17:26,BTC,51.38182867,0.0,0.00000001,BTC,470435.0,0.0,0.00021333,107
1,[],26,[],2019-04-21 00:17:26,0.0,0.00000000,0,7385820,2019-04-21 00:17:26,btc,0.0,0.0,0.00000000,btc,0.0,0.0,0.0,107
1,[],5,[],2019-05-13 00:23:31,0.0,0,0,7621897,2019-05-13 00:23:31,btc,0.0,0.0,0,btc,0.0,0.0,0.0,112
1,[],22,[],2019-05-13 00:23:35,79003.0,0.00000001,0.000000000000697074,7621898,2019-05-13 00:23:35,BTC,2.79232726,0.0,0.00000001,BTC,1380942.0833333333,0.0,0.00079003,112
1,[],27,[],2019-05-13 00:23:41,1.0,0.00000001,0.000000000000697074,7621899,2019-05-13 00:23:41,btc,1.25032588,0.0,0.00000001,"btc,eth",1819.0,0.0,1e-08,112
1,[],4,[],2019-05-13 00:23:42,358189.7811435,0.00000153,0.000000000106652322,7621900,2019-05-13 00:23:42,btc,4.683113536706295,0.0,0.00000153,btc,515740.67178795,0.01878971,0.1986882531634264,113
1,[],5,[],2019-05-13 00:23:44,0.0,0,0,7621901,2019-05-13 00:23:44,btc,0.0,0.0,0,btc,0.0,0.0,0.0,113
1,[],17,[],2019-04-26 02:17:47,162738.278,0.00000004,0.0000000000021069000000000002,7461287,2019-04-26 02:17:47,btc,1.3331140273775473,0.0,0.00000004,btc,51796.221,0.0,0.00230953112,116
0,[],27,[],2019-04-26 02:19:51,0.0,0,0,7461288,2019-04-26 02:19:51,,0.0,0.0,0,,0.0,0.0,0.0,116
1,[],4,[],2019-05-07 20:09:28,131822.85721655,0.00001022,0.00000000060230548,7572994,2019-05-07 20:09:28,btc,132.18460413545117,0.0,0.00001022,btc,268070.13193351,0.06918336,1.0489745103085106,120
1,[],7,[],2019-05-07 20:09:30,9501.79941055,0.000011699999999999999788190263583231853772304020822048187255859375,0.0000000006895277999999999,7572995,2019-05-07 20:09:30,btc,231185.88817567716,62.23644451,0.000011699999999999999788190263583231853772304020822048187255859375,btc,4076.97424313,0.00072692,0.018013380795019,120
1,[],20,[],2019-04-07 18:42:29,1914137.0852,0.000000035,0.0000000000017871910000000002,7211992,2019-04-07 18:42:29,btc,32.2497668025648,25528.85,0.000000035,btc,1001975.4986,0.00089350975,0.0152723574729,125
1,[],22,[],2019-05-13 00:23:47,10000.0,0.00000001,0.000000000000697074,7621902,2019-05-13 00:23:47,BTC,0.032061,0.0,0.00000001,BTC,299316.7611111111,0.0,0.0001,126
1,[],4,[],2019-05-13 00:23:48,1887296.31131768,0.00000627,0.000000000437065398,7621903,2019-05-13 00:23:48,btc,3.3398782262232127,0.0,0.00000627,btc,167299.41739461,0.06754782,0.4617668697971646,131
0,[],2,[],2019-01-20 23:25:46,0.0,0,0,6476969,2019-01-20 23:25:46,,0.0,0.0,0,,0.0,0.0,0.0,131
1,[],17,[],2019-05-03 01:13:10,10000.0,0.00000001,0.000000000000548003,7559115,2019-05-03 01:13:10,btc,0.0953976503951408,0.0,0.00000001,btc,5037.62507334,0.0,0.0001,131
1,[],4,[],2019-05-13 00:25:49,4708.97515758,0.00024753,0.000000017254672722,7621904,2019-05-13 00:25:49,btc,5.026798700606594,0.0,0.00024753,btc,179.49429964,0.00531025,0.0087983303577674,135
1,[],3,[],2019-05-13 00:25:50,15105.0,0.00000001,0.000000000000697074,7621905,2019-05-13 00:25:50,btc,0.2039354059486088,764516.391393,0.00000001,btc,1718704.31412391,0.0,0.00015105,136
1,[],4,[],2019-05-13 00:25:52,2500505.77880749,0.00000184,0.000000000128261616,7621906,2019-05-13 00:25:52,btc,318.7281505791247,0.0,0.00000184,btc,524024.90916266,0.02504283,0.576220593598487,137
1,[],12,[],2019-05-13 00:25:53,324735.48955281,0.0000018500000000000000751026844880708921436962555162608623504638671875,0.00000000012895869,7621907,2019-05-13 00:25:53,btc,48531.23156399208,0.0,0.0000018500000000000000751026844880708921436962555162608623504638671875,btc,39892.6066523,0.0011831938561462,0.0242457857271048,137
1,[],4,[],2019-05-13 00:25:54,50328.54794146,0.00003037,0.000000002117013738,7621908,2019-05-13 00:25:54,btc,4.849859628260397,0.0,0.00003037,btc,70580.82341705,0.41390708,0.2921156338566616,142
1,[],5,[],2019-05-13 00:25:55,0.0,0,0,7621909,2019-05-13 00:25:55,btc,0.0,0.07089795,0,btc,0.0,0.0,0.0,142
1,[],20,[],2019-05-13 00:27:57,162681.9707,0.00002857,0.000000001991540418,7621910,2019-05-13 00:27:57,btc,1.7319040003987,0.0,0.00002857,btc,8790.6601,0.0,0.04669115813,142
1,[],22,[],2019-05-13 00:28:01,1370.0,0.00000200,0.0000000001394148,7621911,2019-05-13 00:28:01,BTC,3.2756588,0.0,0.00000200,BTC,1135.5948275773155,0.0,0.0003632,142
0.0,[],25,[],2019-05-13 00:28:02,0.0,0,0,7621912,2019-05-13 00:28:02,,0.0,0.0,0.0,btc,0.0,0.0,0.0,142
1,[],28,[],2019-05-13 00:28:05,79102.0,0.00003311,0.000000002308012014,7621913,2019-05-13 00:28:05,btc,0.0555251924,244158.0,0.00003311,btc,438.37303,0.0,0.07347342,142
1,[],17,[],2019-05-03 01:13:16,32967.38636364,0.00000088,0.000000000048224264,7559122,2019-05-03 01:13:16,btc,20.06976206696776,0.0,0.00000088,btc,2746.079105,0.0,0.0105613000000032,142
0,[],22,[],2019-05-13 00:28:08,0.0,0,0,7621914,2019-05-13 00:28:08,,64.16505383,0.0,0,,688775795.8,0.0,0.0,143
0,[],22,[],2019-02-25 15:42:22,0.0,0,0,6783783,2019-02-25 15:42:22,,4.2131946,0.0,0,,2322156.0,0.0,0.0,146
,[],22,[],2018-11-20 23:01:11,0.0,0,0,4862114,2018-11-20 23:01:11,,2.56807021,0.0,,,61828.4988236,0.0,0.0,147
1,[],12,[],2019-04-21 06:38:04,193091.5971266,0.00000071,0.000000000037635183,7388679,2019-04-21 06:38:04,btc,2.301232411611175,0.0,0.00000071,btc,9957.48302385,0.00023528,0.0313308199999888,148
1,[],4,[],2019-03-19 21:31:25,255810.0415942,0.00000029,0.000000000011615747,6982695,2019-03-19 21:31:25,btc,218.94922712414143,0.0,0.00000029,btc,793529.37642722,0.00117,0.0608347789473395,152
0,[],22,[],2019-03-19 21:31:27,0.0,0,0,6982696,2019-03-19 21:31:27,,0.0,0.0,0,,0.0,0.0,0.0,152
1,[],5,[],2019-04-26 09:36:59,0.0,0,0,7465040,2019-04-26 09:36:59,btc,0.0,0.0,0,btc,0.0,0.0,0.0,153
,[],16,[],2019-01-11 15:38:59,0.0,0,0,6366141,2019-01-11 15:38:59,btc,0.0,0.0,,btc,0.0,0.0,0.0,155
0,[],22,[],2019-05-11 16:24:45,0.0,0,0,7616280,2019-05-11 16:24:45,,6.80191271,0.0,0,,4673448.342592592,0.0,0.0,156
0,[],23,[],2019-01-20 23:24:29,0.0,0,0,6476932,2019-01-20 23:24:29,,0.0,0.0,0,,0.0,0.0,0.0,156
1,[],22,[],2019-05-13 00:28:11,7066.0,0.00000800,0.0000000005576592,7621915,2019-05-13 00:28:11,BTC,1.79802465,0.0,0.00000800,BTC,802.6461988741639,0.0,0.00062996,157
0,[],22,[],2019-05-07 22:25:46,0.0,0,0,7574238,2019-05-07 22:25:46,,50234.60468402,0.0,0,,54786159.03179465,0.0,0.0,158
,[],17,[],2018-11-20 22:56:10,0.0,0,0,4861976,2018-11-20 22:56:10,btc,1.1265625,0.0,,btc,1000.0,0.0,0.0,159
,[],20,[],2018-11-20 22:56:12,0.0,0,0,4861977,2018-11-20 22:56:12,btc,11912.7940471,0.0,,btc,34413894.3617,0.0,0.0,159
1,[],12,[],2019-05-13 00:28:12,262358.19329201,0.000001889999999999999903886019510246274677456312929280102252960205078125,0.000000000131746986,7621916,2019-05-13 00:28:12,btc,23.178023830191343,0.0,0.000001889999999999999903886019510246274677456312929280102252960205078125,btc,13846.91716398,0.003312323502304,0.0367504163999218,168
1,[],17,[],2019-05-03 01:13:36,42852.0,0.00000002,0.000000000001096006,7559132,2019-05-03 01:13:36,btc,0.04279856251542,0.0,0.00000002,btc,274.46171372,0.0,0.00052852,168
1,[],22,[],2019-05-07 03:57:18,743122.0,0.00000001,0.000000000000593596,7562020,2019-05-07 03:57:18,BTC,41.40912107,0.0,0.00000001,BTC,1593401.2737547632,0.00342649,0.00743122,169
1,[],22,[],2019-05-13 00:30:15,255790.0,0.00000003,0.000000000002091222,7621917,2019-05-13 00:30:15,BTC,27.85867283,0.0,0.00000003,BTC,432593.2870425971,0.00012595,0.0037957,171
1,[],22,[],2019-05-13 00:30:19,214985.2,0.00000014,0.000000000009759036,7621918,2019-05-13 00:30:19,BTC,10823.68628372,0.0,0.00000014,"BTC,LTC",703598.1983490599,0.00124446,0.0130528,173
1,[],5,[],2019-05-06 19:49:32,0.0,0,0,7559281,2019-05-06 19:49:32,btc,0.0,0.00023336,0,btc,0.0,0.0,0.0,175
1,[],22,[],2019-05-13 00:30:22,90671.0,0.00000001,0.000000000000697074,7621919,2019-05-13 00:30:22,BTC,394.35459412,0.0,0.00000001,BTC,136275.61833431243,0.0,0.00090671,176
1,[],7,[],2019-05-13 00:30:23,0.0,0,0,7621920,2019-05-13 00:30:23,btc,520274.28701410955,6470.52947052,0,btc,27450861.7072692,6.471e-05,0.0,178
0,[],22,[],2019-05-13 00:30:27,0.0,0,0,7621921,2019-05-13 00:30:27,,1.00242428,0.0,0,,57512.0,0.0,0.0,178
0,[],2,[],2019-01-20 23:28:34,0.0,0,0,6477001,2019-01-20 23:28:34,,0.0,0.0,0,,0.0,0.0,0.0,178
1,[],5,[],2019-05-13 00:30:28,0.0,0,0,7621922,2019-05-13 00:30:28,btc,0.0,0.07205129,0,btc,0.0,0.0,0.0,179
1,[],22,[],2019-05-13 00:30:33,2000776.0,0.00000001,0.000000000000697074,7621923,2019-05-13 00:30:33,BTC,5.33711194,0.0,0.00000001,BTC,14248283.911946677,6.74e-05,0.02000776,179
0,[],23,[],2019-01-20 23:25:08,0.0,0,0,6476952,2019-01-20 23:25:08,,0.0,0.0,0,,0.0,0.0,0.0,179
1,[],22,[],2019-05-13 00:32:37,654757.982953083,0.00000021,0.000000000014638554,7621924,2019-05-13 00:32:37,BTC,39.27013414,0.0,0.00000021,"BTC,LTC",45788.62533319415,0.00493824,0.55347942,180
1,[],26,[],2019-05-13 00:32:38,0.0,0.00000250,0.0000000001742685,7621925,2019-05-13 00:32:38,btc,0.0,200.0,0.00000250,btc,0.0,0.0,0.0,180
1,[],17,[],2019-05-03 01:13:56,20504.725000000002,0.0000001,0.00000000000548003,7559141,2019-05-03 01:13:56,btc,5.2010695838400265,0.0,0.0000001,btc,5033.45945,0.0,0.0011504725,180
,[],7,[],2018-11-20 22:58:01,562227.975654,0.00000085,0.000000000036176765,4862015,2018-11-20 22:58:01,btc,21836.6059674,2491.87645172,,btc,749999.041456,0.00211021,0.127565380455,183
,[],5,[],2019-01-10 08:11:41,0.0,0,0,6347036,2019-01-10 08:11:41,btc,82.15055501,0.00261,,btc,1.19002445,0.0,0.0,187
1,[],24,[],2019-04-30 17:34:05,0.0,0.000000000014,7.396256000000001e-16,7526291,2019-04-30 17:34:05,btc,0.0,0.0,0.000000000014,btc,0.0,0.0,0.0,187
,[],17,[],2018-11-16 20:58:10,4062536.27273,0.00000001,0.000000000000550501,4708775,2018-11-16 20:58:10,btc,3.36492563466,0.195460381006,,"btc,eth",110697919.549,0.0,0.0157628953496,187
0,[],22,[],2019-04-25 02:54:07,0.0,0,0,7447896,2019-04-25 02:54:07,,7.54794454,0.0,0,,76361.7243344055,0.0,0.0,191
0,[],22,[],2019-05-13 00:32:43,0.0,0,0,7621926,2019-05-13 00:32:43,,0.0,0.0,0,,0.0,0.0,0.0,197
0,[],23,[],2019-01-20 23:31:41,0.0,0,0,6477079,2019-01-20 23:31:41,,0.0,0.0,0,,0.0,0.0,0.0,199
0.0000000001216232,[],22,[],2019-05-13 00:32:46,53056789.0,2.4324640000000002e-18,1.695607410336e-22,7621927,2019-05-13 00:32:46,LTC,7.64571369,0.0,0.00000002,LTC,35310436.0,4.289799860536e-12,0.60713197,199
1,[],26,[],2019-05-13 00:32:46,0.0,0.00000000,0,7621928,2019-05-13 00:32:46,btc,0.0,0.0,0.00000000,btc,0.0,0.0,0.0,199
0,[],2,[],2019-01-20 23:30:49,0.0,0,0,6477059,2019-01-20 23:30:49,,0.0,0.0,0,,0.0,0.0,0.0,201
1,[],4,[],2019-01-25 15:51:35,2084389.58565343,0.00000936,0.000000000333526752,6499557,2019-01-25 15:51:35,btc,2.0092503037378524,0.0,0.00000936,btc,160195.80207885,0.19272417,1.242687955921835,211
1,[],7,[],2019-05-13 00:32:50,13701604.60688439,0.00000082,0.000000000057160068,7621929,2019-05-13 00:32:50,btc,15200781.756468864,137889.629342,0.00000082,btc,13674260.30045242,0.0,1.0764071759428933,212
1,[],5,[],2019-05-07 13:02:51,0.0,0,0,7566706,2019-05-07 13:02:51,btc,0.0,0.43032184,0,btc,0.0,0.0,0.0,213
1,[],24,[],2019-05-07 13:02:52,0.0,0.000000050000,0.000000000002968865,7566707,2019-05-07 13:02:52,btc,0.0,0.0,0.000000050000,btc,0.0,0.0,0.0,213
1,[],26,[],2019-05-07 13:02:52,0.0,0.00000040,0.00000000002375092,7566708,2019-05-07 13:02:52,btc,0.0,0.0,0.00000040,btc,0.0,0.0,0.0,213
1,[],12,[],2019-01-25 02:44:32,207462.42853209,0.000001080000000000000035831255497387193287295303889550268650054931640625,0.000000000038610756000000006,6493050,2019-01-25 02:44:32,btc,85023.03793723314,0.0,0.000001080000000000000035831255497387193287295303889550268650054931640625,btc,43675.73520027,0.000146250909087,0.0348620860622024,213
0,[],22,[],2019-05-13 00:32:53,0.0,0,0,7621930,2019-05-13 00:32:53,,9.58164616,0.0,0,,2460817.094064925,0.0,0.0,216
0,[],27,[],2019-05-13 00:33:06,0.0,0,0,7621931,2019-05-13 00:33:06,,60.55527910867708,0.0,0,"btc,ltc",229430.447308,0.0,0.0,216
1,[],22,[],2019-05-13 00:33:09,1070290.970929408,0.00000074,0.000000000051583476,7621932,2019-05-13 00:33:09,BTC,12055.62925198,0.0,0.00000074,BTC,778646.2900471298,0.01513876,0.15041349,217
1,[],7,[],2019-05-13 00:33:10,0.0,0,0,7621933,2019-05-13 00:33:10,btc,111302.56865462937,0.0,0,btc,137781098.61523312,0.0,0.0,219
0,[],27,[],2019-05-13 00:33:16,0.0,0,0,7621934,2019-05-13 00:33:16,,0.06997067,0.0,0,btc,1753528.0,0.0,0.0,219
0.0000000000000038,[],28,[],2019-05-13 00:33:18,472553134.161,2.4700000000000003e-18,1.7217727800000002e-22,7621935,2019-05-13 00:33:18,doge,3653032.673251157,625227.623,0.00065000,"btc,doge",46211323.3823,0.0,2.014348048961505e-11,219
1,[],22,[],2019-05-13 00:33:23,373170.0,0.00000004,0.000000000002788296,7621936,2019-05-13 00:33:23,BTC,56.7649867,0.0,0.00000004,BTC,131552.84827387411,0.0,0.0119808,221
1,[],24,[],2019-05-13 00:33:23,0.0,0.000000010000,0.000000000000697074,7621937,2019-05-13 00:33:23,btc,0.0,0.0,0.000000010000,btc,0.0,0.0,0.0,221
1,[],20,[],2019-05-13 00:33:26,7919438.5971,0.000000009,0.0000000000006273666,7621938,2019-05-13 00:33:26,btc,100049.98908601116,7915927.9222,0.000000009,btc,28431133.3666,0.0870249270247,0.0251743342985,224
0,[],22,[],2019-05-13 00:33:28,0.0,0,0,7621939,2019-05-13 00:33:28,,0.0,0.0,0,,0.0,0.0,0.0,224
1,[],26,[],2019-05-13 00:33:30,0.0,0.00000026,0.000000000018123924,7621940,2019-05-13 00:33:30,btc,0.0,0.0,0.00000026,btc,0.0,0.0,0.0,231
1,[],26,[],2019-05-13 00:33:30,0.0,0.00000005,0.00000000000348537,7621941,2019-05-13 00:33:30,btc,0.0,0.0,0.00000005,btc,0.0,0.0,0.0,234
0,[],27,[],2019-05-13 00:33:39,0.0,0,0,7621942,2019-05-13 00:33:39,,0.01134836604,0.0,0,"btc,eth",11462.996,0.0,0.0,234
1,[],4,[],2019-04-29 21:02:20,217188.93193785,0.00000080,0.00000000004151584,7514327,2019-04-29 21:02:20,btc,5.239800103892936,0.0,0.00000080,btc,797346.30008933,0.0,0.0590549781555679,236
1,[],24,[],2019-04-29 21:02:20,0.0,0.000000100000,0.00000000000518948,7514328,2019-04-29 21:02:20,btc,0.0,0.0,0.000000100000,btc,0.0,0.0,0.0,236
1,[],5,[],2019-05-06 20:53:15,0.0,0,0,7559637,2019-05-06 20:53:15,btc,0.0,0.20253514,0,btc,0.0,0.0,0.0,237
1,[],20,[],2019-05-06 20:53:18,38173217.6136,0.000000083,0.0000000000047460728,7559638,2019-05-06 20:53:18,btc,21342.514614200165,8832375.7238,0.000000083,btc,27701499.3386,0.7554403456107,1.3621107610479,237
1,[],22,[],2019-05-06 20:53:20,343938.0,0.00000009,0.000000000005146344,7559639,2019-05-06 20:53:20,BTC,1.20267422,0.0,0.00000009,BTC,17930.94871794872,0.0,0.01017442,237
1,[],4,[],2019-05-13 00:33:40,8670362.53749497,0.00000014,0.000000000009759036,7621943,2019-05-13 00:33:40,btc,2.7297485149166203,0.0,0.00000014,btc,8171660.28961669,0.09974049,0.7527024084056846,238
1,[],5,[],2019-05-13 00:33:42,0.0,0,0,7621944,2019-05-13 00:33:42,btc,0.0,0.00272009,0,btc,0.0,0.0,0.0,238
0,[],22,[],2019-03-12 16:49:32,0.0,0,0,6914458,2019-03-12 16:49:32,,0.40415746,0.0,0,,526736.5639027493,0.0,0.0,249
0,[],22,[],2019-05-13 00:33:44,0.0,0,0,7621945,2019-05-13 00:33:44,,4.50924384,0.0,0,,38675894.69978836,0.0,0.0,252
1,[],28,[],2019-05-13 00:33:46,46170154.152,0.00000025,0.00000000001742685,7621946,2019-05-13 00:33:46,btc,43893.02322814165,168993.0586,0.00000025,btc,2892520.9582,0.0,0.62709171804,256
1,[],22,[],2019-05-13 00:33:50,1088993.5,0.00000002,0.000000000001394148,7621947,2019-05-13 00:33:50,BTC,21.88116616,0.0,0.00000002,BTC,522884.63333384093,0.0,0.01124633,258
1,[],22,[],2019-03-13 00:07:30,47146.0,0.00000001,0.000000000000387233,6917028,2019-03-13 00:07:30,BTC,2.415167,0.0,0.00000001,BTC,157.0,0.0,0.00047146,259
1,[],5,[],2019-05-13 00:33:52,0.0,0,0,7621948,2019-05-13 00:33:52,btc,0.0,0.01360336,0,btc,0.0,0.0,0.0,264
1,[],20,[],2019-05-13 00:33:54,1330620.6071,0.000000618,0.0000000000430791732,7621949,2019-05-13 00:33:54,btc,5.0454224215142,62256.5679,0.000000618,btc,90356.1445,0.0725231575272,0.0420859259216,264
0,[],22,[],2019-04-12 17:57:27,0.0,0,0,7278186,2019-04-12 17:57:27,,66.37522201,0.0,0,,677842.4169881374,0.0,0.0,271
0,[],22,[],2019-05-13 00:33:57,0.0,0,0,7621950,2019-05-13 00:33:57,,33050467.4724609,0.0,0,,14361462970.7,0.0,0.0,272
0.0000000000000038,[],28,[],2019-05-13 00:33:58,311251238682.584,2.242e-21,1.562839908e-25,7621951,2019-05-13 00:33:58,doge,27193004.641454298,35884358658.24,0.00000059,doge,368165441487.476,0.0,2.390643615472773e-10,272
1,[],22,[],2019-05-12 23:59:49,127364.9,0.0000001,0.00000000000691227,7621801,2019-05-12 23:59:49,BTC,427.36546797,0.0,0.0000001,BTC,252462.95264460208,1.3e-05,0.0039223,281
1,[],22,[],2019-05-13 00:34:04,645064.7666666667,0.00000006,0.000000000004182444,7621952,2019-05-13 00:34:04,BTC,1.49699851,0.0,0.00000006,"BTC,LTC",461502.28989923437,0.00607623,0.0250811,286
0,[],22,[],2019-05-13 00:34:06,0.0,0,0,7621953,2019-05-13 00:34:06,,7337893.19360497,0.0,0,,1388519263.7797825,0.0,0.0,294
