pairValue,buyBook,exchangeId,sellBook,updated,buyTotal,satoshiPrice,usdPrice,exchangeLogId,created,bestPair,sellTotalBtc,volume,pairPrice,activePairs,sellTotal,volumeBtc,buyTotalBtc,coinId
1,[],3,[],2019-01-24 21:28:46,103.114097989738,0.01269994999999999978068654371554657700471580028533935546875,0.00000045318501580000003,6490567,2019-01-24 21:28:46,btc,106.959716412011,0.0,0.01269994999999999978068654371554657700471580028533935546875,btc,13.365224398751002,0.0,0.10355946405651946,1
1,[],4,[],2019-01-24 21:28:46,25079.06551549,0.01275708,0.00000045522364272000003,6490568,2019-01-24 21:28:46,btc,1.0653150614266664,0.0,0.01275708,btc,76.1920787,1.55241479,1.2518786534545276,1
1,[],5,[],2019-01-24 21:28:49,0.19488191,0.01232202,0.00000043969896168,6490569,2019-01-24 21:28:49,btc,14578.45990335,0.03535045,0.01232202,btc,35555556.28363882,0.0,1.25283975,1
1,[],10,[],2019-01-24 21:28:51,269349.38369814,0.0128,0.00000045675520000000003,6490570,2019-01-24 21:28:51,btc,6366.019674364219,1119.48719178,0.0128,btc,900.0569697,0.0,2.666020619590713,1
1,[],12,[],2019-01-24 21:28:54,10372.04920383,0.01246000000000000058897331456364554469473659992218017578125,0.00000044462264000000007,6490571,2019-01-24 21:28:54,btc,0.3503368226982,0.0,0.01246000000000000058897331456364554469473659992218017578125,btc,21.7324404,0.3090373341689,0.11397333486000001,1
1,[],20,[],2019-01-24 21:28:56,1344.3693,0.010510001,0.000000375038875684,6490572,2019-01-24 21:28:56,btc,0.0746164438962,0.0,0.010510001,btc,3.5114,0.0,0.0888300480751,1
0.0000000003262419,[],21,[],2019-01-24 21:28:57,2203.78183669,0.000000000104397408,0.000000000000003725317107072,6490573,2019-01-24 21:28:57,eth,25.632353315508514,5100.52962746,0.320000000000000006661338147750939242541790008544921875,"btc,eth",2389.41153535,62.53801121,23.553274412228323,1
1,[],22,[],2019-01-24 21:29:02,0.0363776,0.01400000,0.000000499576,6490574,2019-01-24 21:29:02,BTC,0.312,0.0,0.01400000,BTC,0.031,0.0,0.00048472,1
1,[],24,[],2019-01-24 21:29:02,0.0,0.000000000000,0,6490575,2019-01-24 21:29:02,btc,0.0,0.0,0.000000000000,btc,0.0,0.0,0.0,1
1,[],25,[],2019-01-24 21:29:03,374.22094243,0.01278503,0.00000045622101052000004,6490576,2019-01-24 21:29:03,btc,13.641099998266673,853.63336657,0.01278503,btc,1032.58592727,11.0685,4.619999999510787,1
1,[],28,[],2019-01-24 21:29:05,987.9,0.01131000,0.00000040358604,6490577,2019-01-24 21:29:05,btc,0.162839806,34404.7,0.01131000,btc,8.9,0.0,0.024551096,1
0,[],2,[],2019-01-20 23:28:45,0.0,0,0,6477011,2019-01-20 23:28:45,,0.0,0.0,0,,0.0,0.0,0.0,1
,[],26,[],2018-11-28 08:36:25,0.0,0.02269021,0.000000905623006625,5137884,2018-11-28 08:36:25,btc,0.0,2559.40051283,,btc,0.0,0.0,0.0,1
1,[],5,[],2019-01-24 21:23:20,1.682e-05,0.00000066,0.00000000002355144,6490392,2019-01-24 21:23:20,btc,0.17205113,0.00414981,0.00000066,btc,7.416e-05,0.0,0.45788184,2
0,[],22,[],2019-01-24 21:23:22,0.0,0,0,6490393,2019-01-24 21:23:22,,0.0,0.0,0,,0.0,0.0,0.0,2
1,[],5,[],2019-01-24 21:23:45,1.42e-06,0.00000017,0.00000000000606628,6490401,2019-01-24 21:23:45,btc,3.2563721,0.03526397,0.00000017,btc,2.267e-05,0.0,2.90137375,3
1,[],12,[],2019-01-24 21:23:46,12338146.72025884,0.000000168,0.000000000005994912,6490402,2019-01-24 21:23:46,btc,921315.1895905865,0.0,0.000000168,btc,7814074.7695511,0.04131167073235903,0.5349673779320544,3
0,[],28,[],2019-01-24 21:23:48,0.0,0,0,6490403,2019-01-24 21:23:48,,0.0,0.0,0,,0.0,0.0,0.0,3
0,[],2,[],2019-01-20 23:31:32,0.0,0,0,6477077,2019-01-20 23:31:32,,0.0,0.0,0,,0.0,0.0,0.0,4
1,[],4,[],2019-01-24 21:24:30,1076703.37926464,0.00000047,0.000000000016771480000000002,6490422,2019-01-24 21:24:30,btc,0.497822033855205,0.0,0.00000047,btc,328156.03801299,0.00159696,0.0611443158906344,4
1,[],12,[],2019-01-24 21:24:32,1222877.5219999999,0.00000003,0.00000000000107052,6490424,2019-01-24 21:24:32,btc,11013867.817925906,0.0,0.00000003,btc,969763.77092902,0.0002695604395606,0.01619759044,5
0,[],2,[],2019-01-20 23:31:51,0.0,0,0,6477087,2019-01-20 23:31:51,,0.0,0.0,0,,0.0,0.0,0.0,6
1,[],11,[],2019-01-24 21:24:42,3384831.0,0.00000001,0.00000000000035684,6490429,2019-01-24 21:24:42,btc,9432.262622319964,256000.0,0.00000001,btc,41477028.70959839,0.0,0.03384831,6
1,[],3,[],2019-01-24 21:24:48,1049.631568128516,0.00015050999999999999383500093319554480331134982407093048095703125,0.00000000537079884,6490432,2019-01-24 21:24:48,btc,30.108593419388622,0.0,0.00015050999999999999383500093319554480331134982407093048095703125,btc,231.077492617847,0.0,0.027978323718350753,7
1,[],4,[],2019-01-24 21:24:48,23633.60726135,0.00016023,0.00000000571764732,6490433,2019-01-24 21:24:48,btc,1.9371195951010873,0.0,0.00016023,btc,10527.71586711,2.37092717,3.449882606704392,7
1,[],5,[],2019-01-24 21:24:50,0.00532752,0.00017007,0.00000000606877788,6490434,2019-01-24 21:24:50,btc,1.25268167,0.13275395,0.00017007,btc,0.01148352,0.0,1.56881771,7
1,[],20,[],2019-01-24 21:24:58,61771509.8802,0.000000001,0.000000000000035684000000000005,6490437,2019-01-24 21:24:58,btc,121.1922629947386,2655.758,0.000000001,btc,25493492.9975,2.655758e-06,0.0617715098802,8
1,[],1,[],2019-01-24 21:25:07,617688.97,0.00000191999999999999982841307998027158276954651228152215480804443359375,0.00000000006851328,6490442,2019-01-24 21:25:07,btc,6.148920777400001,23979488.14,0.00000191999999999999982841307998027158276954651228152215480804443359375,btc,3140722.47,44.98392234,1.1731401167,9
1,[],4,[],2019-01-24 21:25:07,564167.49886989,0.00000193,0.00000000006887012000000001,6490443,2019-01-24 21:25:07,btc,0.8973424233249139,0.0,0.00000193,btc,447300.7709309,0.83267133,0.9008914998296635,9
1,[],28,[],2019-01-24 21:25:09,34500.0,0.00000165,0.0000000000588786,6490444,2019-01-24 21:25:09,btc,2708.7525973402,6886434.0,0.00000165,btc,8331.02,0.0,0.02854,9
0,[],2,[],2019-01-20 23:22:42,0.0,0,0,6476876,2019-01-20 23:22:42,,0.0,0.0,0,,0.0,0.0,0.0,9
0,[],23,[],2019-01-20 23:22:48,0.0,0,0,6476878,2019-01-20 23:22:48,,0.0,0.0,0,,0.0,0.0,0.0,9
1,[],4,[],2019-01-24 21:25:15,5162164.01659386,0.00000002,0.00000000000071368,6490448,2019-01-24 21:25:15,btc,0.2206326436414873,0.0,0.00000002,btc,4050137.5046537,0.00927923,0.0550726248318772,10
1,[],4,[],2019-01-24 21:25:27,1890973.5186393,0.00000150,0.000000000053526,6490455,2019-01-24 21:25:27,btc,1.0095313809849744,0.0,0.00000150,btc,641485.04713495,2.37828072,2.658312754711772,12
1,[],5,[],2019-01-24 21:25:29,1.677e-05,0.00000142,0.00000000005067128,6490456,2019-01-24 21:25:29,btc,0.18639207,0.16032372,0.00000142,btc,0.00011252,0.0,0.13905977,12
0,[],2,[],2019-01-20 23:23:08,0.0,0,0,6476890,2019-01-20 23:23:08,,0.0,0.0,0,,0.0,0.0,0.0,12
,[],25,[],2019-01-11 15:39:35,0.0,0,0,6366164,2019-01-11 15:39:35,,0.0,0.0,,btc,0.0,0.0,0.0,12
1,[],4,[],2019-01-24 21:28:06,333663.50390053,0.00000679,0.00000000024229436000000003,6490540,2019-01-24 21:28:06,btc,0.199410627150629,0.0,0.00000679,btc,27284.40728239,0.8976234,1.5531873378269683,13
1,[],10,[],2019-01-24 21:28:08,621326.73035326,0.0000067,0.00000000023908280000000003,6490541,2019-01-24 21:28:08,btc,666784.4506806945,8557.63794226,0.0000067,btc,830521.18969678,0.0,0.8790406807495061,13
1,[],21,[],2019-01-24 21:28:11,1561039.85509687,0.0000068399999999999997328287322517770263630154659040272235870361328125,0.00000000024407856,6490542,2019-01-24 21:28:11,btc,5.06476005179635,486381.66591045,0.0000068399999999999997328287322517770263630154659040272235870361328125,btc,649683.59871242,3.35530678,5.803188380259643,13
1,[],4,[],2019-01-24 21:25:41,715375.76965556,0.00000177,0.00000000006316068,6490464,2019-01-24 21:25:41,btc,0.2305190683148907,0.0,0.00000177,btc,100994.14867928,0.145608,0.1469819720599186,14
1,[],12,[],2019-01-24 21:25:42,87896.47933816,0.000001769999999999999994019540816569957542014890350401401519775390625,0.00000000006316068,6490465,2019-01-24 21:25:42,btc,1.791856005946628,0.0,0.000001769999999999999994019540816569957542014890350401401519775390625,btc,38824.52646617,0.0020002165633807,0.0203107964838332,14
0,[],17,[],2019-01-24 21:25:44,0.0,0,0,6490466,2019-01-24 21:25:44,btc,0.0,0.0,0,btc,0.0,0.0,0.0,14
1,[],26,[],2019-01-24 21:25:44,0.0,0.00000020,0.0000000000071368,6490467,2019-01-24 21:25:44,btc,0.0,0.0,0.00000020,btc,0.0,0.0,0.0,14
,[],12,[],2018-12-01 15:15:48,204241.84496,0.00000489,0.000000000202473384,5260204,2018-12-01 15:15:48,btc,49.5475654835,0.0,,btc,35763.2193806,0.0163153972027625,0.0203389899998,15
0,[],4,[],2019-01-24 21:29:17,0.0,0,0,6490586,2019-01-24 21:29:17,,0.0,0.0,0,,0.0,0.0,0.0,15
1,[],4,[],2019-01-24 21:25:49,31726.37729048,0.00001747,0.00000000062339948,6490470,2019-01-24 21:25:49,btc,1.3938889287560925,0.0,0.00001747,btc,16022.41581181,0.00733977,0.1734464298734491,18
1,[],10,[],2019-01-24 21:25:51,390831.02210783,0.00001752,0.0000000006251836800000001,6490471,2019-01-24 21:25:51,btc,15.56119645738089,360.86007481,0.00001752,btc,10768.25043191,0.0,0.1957216933226405,18
1,[],12,[],2019-01-24 21:25:52,200123.84732072,0.00001724000000000000095627498974959479483004542998969554901123046875,0.00000000061519216,6490472,2019-01-24 21:25:52,btc,0.1996429860141292,0.0,0.00001724000000000000095627498974959479483004542998969554901123046875,btc,2229.97523457,0.0002923506961134,0.0161790342565074,18
0,[],17,[],2019-01-24 21:25:54,0.0,0,0,6490473,2019-01-24 21:25:54,btc,0.0,0.0,0,btc,0.0,0.0,0.0,18
0,[],2,[],2019-01-20 23:23:38,0.0,0,0,6476906,2019-01-20 23:23:38,,0.0,0.0,0,,0.0,0.0,0.0,18
1,[],3,[],2019-01-24 21:26:20,108482.4820103557,0.0000397999999999999984107330874838481804545153863728046417236328125,0.0000000014202232,6490486,2019-01-24 21:26:20,btc,1.3113376578001168,0.044938820912,0.0000397999999999999984107330874838481804545153863728046417236328125,btc,8544.562913370499,0.0,0.1058443499419249,19
1,[],4,[],2019-01-24 21:26:20,64248.92339929,0.00003950,0.000000001409518,6490487,2019-01-24 21:26:20,btc,1.7563314978726874,0.0,0.00003950,btc,37320.08400685,0.57699286,1.3508177729449404,19
1,[],5,[],2019-01-24 21:26:22,0.00035748,0.00003251,0.00000000116008684,6490488,2019-01-24 21:26:22,btc,0.3100202,0.0001961,0.00003251,btc,0.0034781,0.0,0.19590449,19
1,[],12,[],2019-01-24 21:26:23,129219.36260316,0.0000367899999999999984304742406404642451889230869710445404052734375,0.00000000131281436,6490489,2019-01-24 21:26:23,btc,1.9920431975503288,0.0,0.0000367899999999999984304742406404642451889230869710445404052734375,btc,419.49251023,0.00115525,0.037720330170256396,19
0,[],27,[],2019-01-24 21:26:25,0.0,0,0,6490490,2019-01-24 21:26:25,,0.0,0.0,0,btc,0.0,0.0,0.0,19
0,[],2,[],2019-01-20 23:24:19,0.0,0,0,6476924,2019-01-20 23:24:19,,0.0,0.0,0,,0.0,0.0,0.0,19
1,[],4,[],2019-01-24 21:26:55,8443781.80989275,0.00000015,0.0000000000053526000000000004,6490506,2019-01-24 21:26:55,btc,0.7618947225862899,0.0,0.00000015,btc,1467882.26543421,0.01082485,0.3957068327356879,20
1,[],4,[],2019-01-24 21:27:09,127768304.22101596,0.00000002,0.00000000000071368,6490512,2019-01-24 21:27:09,btc,0.8316296288511132,0.0,0.00000002,btc,19863045.80907081,0.001778,1.5622885788701597,21
1,[],12,[],2019-01-24 21:27:10,20528074.0,0.00000002,0.00000000000071368,6490513,2019-01-24 21:27:10,btc,668.0244985289522,0.0,0.00000002,btc,7914653.8441585805,5.1148851148e-06,0.28349849,21
0,[],17,[],2019-01-24 21:27:12,0.0,0,0,6490514,2019-01-24 21:27:12,btc,0.0,0.0,0,btc,0.0,0.0,0.0,21
1,[],12,[],2019-01-24 21:27:26,4653645780.531896,0.0000000001,0.0000000000000035684,6490522,2019-01-24 21:27:26,btc,621663602027.6498,0.0,0.0000000001,btc,6380042807.769462,0.002527751266133864,0.4653645780531896,23
0,[],27,[],2019-01-24 21:27:28,0.0,0,0,6490523,2019-01-24 21:27:28,,0.424699,0.0,0,eth,424699.0,0.0,0.0,23
,[],25,[],2019-01-11 15:42:09,0.0,0,0,6366241,2019-01-11 15:42:09,,0.0,0.0,,btc,0.0,0.0,0.0,24
1,[],4,[],2019-01-24 21:27:43,2215314.11355953,0.00000085,0.0000000000303314,6490525,2019-01-24 21:27:43,btc,0.1097662196112758,0.0,0.00000085,btc,84085.53315782,0.00992812,0.4355130809018826,24
1,[],22,[],2019-01-24 21:27:46,11.76,0.00000100,0.000000000035684,6490526,2019-01-24 21:27:46,BTC,7.415e-05,0.0,0.00000100,BTC,23.919354838709676,0.0,1.176e-05,24
1,[],4,[],2019-01-24 21:27:58,29615883.88998255,0.00000727,0.00000000025942268,6490533,2019-01-24 21:27:58,btc,0.462401498390421,0.0,0.00000727,btc,33919.79360168,0.12972111,0.4527908721301839,26
1,[],10,[],2019-01-24 21:28:00,729400.42514314,0.00000769,0.00000000027440995999999996,6490534,2019-01-24 21:28:00,btc,27.97423806748855,0.0,0.00000769,btc,12525.42087038,0.0,0.2074630259438005,26
0,[],2,[],2019-01-20 23:25:56,0.0,0,0,6476976,2019-01-20 23:25:56,,0.0,0.0,0,,0.0,0.0,0.0,26
1,[],3,[],2019-01-24 21:28:01,7640501.32908122,0.00000001,0.00000000000035684,6490535,2019-01-24 21:28:01,btc,3.0967564075899947,34490.0,0.00000001,btc,17818717.53320259,0.0,0.0764050132908122,27
1,[],5,[],2019-01-24 21:28:02,1e-08,0.00000001,0.00000000000035684,6490536,2019-01-24 21:28:02,btc,2.61407479,0.00054715,0.00000001,btc,4.13e-05,0.0,0.01079358,27
1,[],11,[],2019-01-24 21:28:04,10597882.41182718,0.00000005,0.0000000000017842,6490537,2019-01-24 21:28:04,btc,370.53275036350783,1000.0,0.00000005,btc,8220964.80991447,0.0,0.4932896594767663,27
1,[],4,[],2019-01-24 21:28:05,272957291.7256938,0.00000003,0.00000000000107052,6490538,2019-01-24 21:28:05,btc,3.2149913677886275,0.0,0.00000003,"btc,ltc",116532234.011093,1.16534483,3.364244871759514,29
1,[],7,[],2019-01-24 21:28:05,35676499.91778416,0.00000003,0.00000000000107052,6490539,2019-01-24 21:28:05,btc,44465218.12571764,324385.361215,0.00000003,btc,39202947.60507634,0.00973156,0.6467263451495615,29
1,[],4,[],2019-01-24 21:28:35,1460466.55336362,0.00000042,0.00000000001498728,6490557,2019-01-24 21:28:35,btc,0.3500429886288966,0.0,0.00000042,btc,490623.80204418,0.01978268,0.073103105977159,30
0,[],17,[],2019-01-24 21:28:36,0.0,0,0,6490558,2019-01-24 21:28:36,btc,0.0,0.0,0,btc,0.0,0.0,0.0,30
1,[],4,[],2019-01-24 21:28:43,33096.77399517,0.00009601,0.00000000342602084,6490564,2019-01-24 21:28:43,btc,1.307025887860265,0.0,0.00009601,btc,12368.65030027,1.45608291,2.409462234809764,31
1,[],21,[],2019-01-24 21:28:44,56780.77842651,0.000096630000000000001482425293630740270600654184818267822265625,0.00000000344814492,6490565,2019-01-24 21:28:44,btc,13.062426887366366,473604.16915341,0.000096630000000000001482425293630740270600654184818267822265625,btc,123213.53477657,46.97596226,5.23300234203187,31
0,[],2,[],2019-01-20 23:28:43,0.0,0,0,6477009,2019-01-20 23:28:43,,0.0,0.0,0,,0.0,0.0,0.0,32
1,[],4,[],2019-01-24 21:29:18,124961955.57032569,0.00000005,0.0000000000017842,6490587,2019-01-24 21:29:18,btc,0.6154963409664507,0.0,0.00000005,"btc,ltc",14643576.99867392,0.86130395,2.0705281685652377,33
1,[],12,[],2019-01-24 21:29:19,22253181.0,0.00000006,0.00000000000214104,6490588,2019-01-24 21:29:19,btc,17261786.897517677,0.0,0.00000006,btc,87747561.05094895,0.0241272440559433,0.87954329,33
1,[],4,[],2019-01-24 21:29:20,122663206.4456979,0.00000002,0.00000000000071368,6490589,2019-01-24 21:29:20,btc,0.7775999343830003,0.0,0.00000002,btc,25624032.54161682,0.02140006,1.253611222880312,34
1,[],5,[],2019-01-24 21:29:21,3e-08,0.00000002,0.00000000000071368,6490590,2019-01-24 21:29:21,btc,3.12293991,0.0042296,0.00000002,btc,1.394e-05,0.0,0.78204315,34
0.00000000009117000000000001,[],4,[],2019-01-24 21:26:48,3060473901.9451404,3.6468000000000005e-18,1.3013241120000002e-22,6490502,2019-01-24 21:26:48,ltc,3.905570123723483e-09,0.0,0.00000004,ltc,766021681.6853979,0.0,7.224012951288918e-09,36
1,[],5,[],2019-01-24 21:26:50,0.0,0,0,6490503,2019-01-24 21:26:50,btc,202.44829004,0.0,0,btc,1.295e-05,0.0,0.0,36
0,[],17,[],2019-01-24 21:26:52,0.0,0,0,6490504,2019-01-24 21:26:52,btc,0.08200904497846197,0.0,0,btc,5842697.91583647,0.0,0.0,36
0.00000000009117000000000001,[],27,[],2019-01-24 21:26:54,1000000.0,9.117000000000001e-19,3.2533102800000004e-23,6490505,2019-01-24 21:26:54,ltc,448.55669329,0.0,0.00000001,"ltc,eth",3581972.58,0.0,9.117e-13,36
1,[],4,[],2019-01-24 21:26:39,430011.90795587,0.00000146,0.00000000005209864,6490497,2019-01-24 21:26:39,btc,0.4348084465644424,0.0,0.00000146,btc,228729.00853624,0.00914746,0.3794781421379719,37
1,[],12,[],2019-01-24 21:26:40,455584.84378921,0.00000145999999999999999745971430986646311112053808756172657012939453125,0.00000000005209864,6490498,2019-01-24 21:26:40,btc,1330.8843945861393,0.0,0.00000145999999999999999745971430986646311112053808756172657012939453125,btc,743381.92887011,0.0645073674042866,0.2860053203936909,37
1,[],17,[],2019-01-24 21:26:42,1752.74075282,0.00000025,0.000000000008921,6490499,2019-01-24 21:26:42,btc,0.05548731397502096,0.0,0.00000025,btc,1388.79251806,0.0,0.00043818518820499993,37
0,[],27,[],2019-01-24 21:26:45,0.0,0,0,6490500,2019-01-24 21:26:45,,22.368038083756,0.0,0,btc,2948.3724,0.0,0.0,37
1,[],5,[],2019-01-24 21:23:57,1.497e-05,0.00000116,0.00000000004139344,6490408,2019-01-24 21:23:57,btc,0.11444073,0.03608257,0.00000116,btc,0.00011665,0.0,0.03835458,42
1,[],12,[],2019-01-24 21:23:58,89108.86928104,0.000001230000000000000081983031474663903281907550990581512451171875,0.00000000004389132,6490409,2019-01-24 21:23:58,btc,108.86437399170363,0.0,0.000001230000000000000081983031474663903281907550990581512451171875,btc,53970.47726949,0.0596172893399302,0.0337569199999936,42
0,[],27,[],2019-01-24 21:24:00,0.0,0,0,6490410,2019-01-24 21:24:00,,0.00315028,0.0,0,"btc,eth",11.007,0.0,0.0,42
1,[],5,[],2019-01-24 21:25:03,6e-08,0.00000003,0.00000000000107052,6490439,2019-01-24 21:25:03,btc,5.9694593,0.09597025,0.00000003,btc,1.425e-05,0.0,0.56476423,43
1,[],12,[],2019-01-24 21:25:04,8221008.0,0.00000001,0.00000000000035684,6490440,2019-01-24 21:25:04,btc,20007433.29746937,0.0,0.00000001,btc,39371451.36903097,1.9802397602e-06,0.08221008,43
0,[],17,[],2019-01-24 21:25:06,0.0,0,0,6490441,2019-01-24 21:25:06,btc,0.0,0.0,0,btc,0.0,0.0,0.0,43
1,[],12,[],2019-01-24 21:24:15,768652.0,0.00000007,0.0000000000024978800000000003,6490415,2019-01-24 21:24:15,btc,11114761.212545065,0.0,0.00000007,btc,956300.37320198,0.00098497,0.02085895,44
1,[],4,[],2019-01-24 21:23:52,238138953.7539802,0.00000003,0.00000000000107052,6490405,2019-01-24 21:23:52,btc,0.2265937354877,0.0,0.00000003,"btc,ltc",6424274.60079876,0.00147969,0.6149606734175943,49
0.00000000009117000000000001,[],4,[],2019-01-24 21:28:33,4433086234.97865,1.8234000000000003e-18,6.506620560000001e-23,6490555,2019-01-24 21:28:33,ltc,5.044116688086892,0.0,0.00000002,ltc,1636480046.8110626,0.0,5.301860909546758e-09,52
0,[],22,[],2019-01-24 21:28:14,0.0,0,0,6490543,2019-01-24 21:28:14,,3707.86208998,0.0,0,,259561923.40932402,0.0,0.0,57
0,[],27,[],2019-01-24 21:28:16,0.0,0,0,6490544,2019-01-24 21:28:16,,0.0,0.0,0,"btc,eth",0.0,0.0,0.0,57
0.00000000009117000000000001,[],4,[],2019-01-24 21:23:28,1510282628.7885454,5.4702e-18,1.9519861680000003e-22,6490397,2019-01-24 21:23:28,ltc,3.4465671302852368,0.0,0.00000006,ltc,906763412.6012102,0.0,6.478294466751669e-09,58
1,[],12,[],2019-01-24 21:23:29,2822451607.327952,0.0000000006,0.0000000000000214104,6490398,2019-01-24 21:23:29,btc,123038816431.3336,0.0,0.0000000006,btc,3062343905.2158837,0.06028365589849673,1.1363063900915362,58
0,[],17,[],2019-01-24 21:23:31,0.0,0,0,6490399,2019-01-24 21:23:31,btc,1e+24,0.0,0,btc,41616695.958325684,0.0,0.0,58
0.00000000012853210000000002,[],22,[],2019-01-24 21:23:43,137438.0,1.285321e-18,4.5865394564000005e-23,6490400,2019-01-24 21:23:43,XMR,69.8835922,0.0,0.00000001,XMR,9887963.0,0.0,0.00137438,58
1,[],5,[],2019-01-24 21:27:14,5.23e-06,0.00000060,0.000000000021410400000000002,6490516,2019-01-24 21:27:14,btc,0.45558329,0.05869037,0.00000060,btc,0.00012111,0.0,0.10985569,61
1,[],22,[],2019-01-24 21:27:18,5111.5,0.00000011,0.00000000000392524,6490517,2019-01-24 21:27:18,BTC,1002.29606732,0.0,0.00000011,BTC,15028.700278135757,0.0,0.00051178,61
1,[],26,[],2019-01-24 21:27:18,0.0,0.00000800,0.000000000285472,6490518,2019-01-24 21:27:18,btc,0.0,0.0,0.00000800,btc,0.0,0.0,0.0,61
0,[],27,[],2019-01-24 21:27:20,0.0,0,0,6490519,2019-01-24 21:27:20,,0.0,0.0,0,"btc,eth",0.0,0.0,0.0,61
1,[],28,[],2019-01-24 21:27:21,1880.304,0.00000022,0.00000000000785048,6490520,2019-01-24 21:27:21,btc,2.065678837430106,1208.0,0.00000022,btc,11618.08240005,0.0,0.00016391304,61
,[],25,[],2019-01-11 15:43:02,0.0,0,0,6366273,2019-01-11 15:43:02,,0.0,0.0,,btc,0.0,0.0,0.0,67
1,[],4,[],2019-01-24 21:28:28,1251198.71056872,0.00000141,0.00000000005031444,6490553,2019-01-24 21:28:28,btc,0.4584339505627032,0.0,0.00000141,btc,156097.11395338,0.1004629,0.8604887635270397,67
1,[],12,[],2019-01-24 21:26:17,2607472.0,0.0000001,0.0000000000035684,6490484,2019-01-24 21:26:17,btc,16893773.162659045,0.0,0.0000001,btc,2311873.99860136,0.0184408610489515,0.06807525,71
,[],5,[],2018-11-20 23:02:39,1.5e-07,0.00000005,0.000000000002128045,4862160,2018-11-20 23:02:39,btc,2.84511358,0.0,,btc,0.00036572,0.0,0.07381892,74
1,[],5,[],2019-01-24 21:24:34,3.303e-05,0.00000156,0.000000000055667040000000004,6490425,2019-01-24 21:24:34,btc,1.42980382,0.0,0.00000156,btc,0.00015937,0.0,0.49487621,75
1,[],4,[],2019-01-24 21:25:35,64411459.98469478,0.00000001,0.00000000000035684,6490459,2019-01-24 21:25:35,btc,0.7468077492509007,0.0,0.00000001,btc,13906829.86456505,0.0,0.6441145998469479,81
0,[],20,[],2019-01-24 21:25:37,0.0,0,0,6490460,2019-01-24 21:25:37,btc,0.0,0.0,0,btc,0.0,0.0,0.0,81
1,[],4,[],2019-01-24 21:22:50,24543.64392137,0.00007650,0.0000000027298260000000002,6490385,2019-01-24 21:22:50,btc,1.0787026605553092,0.0,0.00007650,btc,9632.33542492,0.13890568,0.145169246969799,82
1,[],21,[],2019-01-24 21:22:50,67390.09574937,0.000081119999999999995820947062963313101136009208858013153076171875,0.00000000289468608,6490386,2019-01-24 21:22:50,btc,2.817345636514447,22617.39977181,0.000081119999999999995820947062963313101136009208858013153076171875,btc,30159.78688063,1.8541408,4.6096567233090076,82
0,[],17,[],2019-01-24 21:25:49,0.0,0,0,6490469,2019-01-24 21:25:49,btc,0.0447233088476774,0.0,0,btc,999127.19588126,0.0,0.0,84
0.00000000009117000000000001,[],4,[],2019-01-24 21:27:52,468358763.9707483,1.18521e-17,4.2293033640000005e-22,6490530,2019-01-24 21:27:52,ltc,0.1975418249288724,0.0,0.00000013,ltc,69489311.21538861,0.0,1.5942788624403438e-09,85
,[],22,[],2018-11-20 23:09:34,3408.1,0.0000001,0.0000000000041895,4862324,2018-11-20 23:09:34,BTC,0.04624735,0.0,,BTC,4990.0,0.0,0.00033081,86
0,[],22,[],2019-01-24 21:27:55,0.0,0,0,6490531,2019-01-24 21:27:55,,2.07810912,0.0,0,,154826.94736842104,0.0,0.0,87
0,[],27,[],2019-01-24 21:27:56,0.0,0,0,6490532,2019-01-24 21:27:56,,0.0,0.0,0,btc,0.0,0.0,0.0,87
,[],2,[],2018-11-20 23:10:47,0.0,0,0,4862359,2018-11-20 23:10:47,,0.0,0.0,,,0.0,0.0,0.0,88
1,[],11,[],2019-01-24 21:23:27,102662.91625214,0.00021800000000000001342849442753646371784270741045475006103515625,0.000000007779112,6490396,2019-01-24 21:23:27,btc,234.77819218731332,4133.87477518,0.00021800000000000001342849442753646371784270741045475006103515625,btc,181230.65170547,0.0,8.248822747955726,89
0,[],2,[],2019-01-20 23:31:45,0.0,0,0,6477083,2019-01-20 23:31:45,,0.0,0.0,0,,0.0,0.0,0.0,91
1,[],12,[],2019-01-24 21:24:35,270916.89534857,0.00000137999999999999991637657063836552850943917292170226573944091796875,0.00000000004924392,6490426,2019-01-24 21:24:35,btc,1.1594061482118905,0.0,0.00000137999999999999991637657063836552850943917292170226573944091796875,btc,17347.52338495,0.0202469556755205,0.0892208939999352,91
0,[],17,[],2019-01-24 21:24:37,0.0,0,0,6490427,2019-01-24 21:24:37,btc,0.0,0.0,0,btc,0.0,0.0,0.0,91
0.00000000009117000000000001,[],22,[],2019-01-24 21:26:59,48311955.0,5.4702e-18,1.9519861680000003e-22,6490507,2019-01-24 21:26:59,LTC,7.63458711,0.0,0.00000006,LTC,71617635.1,2.273706864e-12,1.45775865,95
0.00000000009117000000000001,[],4,[],2019-01-24 21:25:38,133071841.32373343,9.39051e-17,3.3509095884e-21,6490461,2019-01-24 21:25:38,ltc,1.3096873174879418,0.0,0.00000103,ltc,65721971.8907799,0.00030517,7.090214793829212e-10,96
1,[],12,[],2019-01-24 21:25:40,1204676.0,0.00000001,0.00000000000035684,6490462,2019-01-24 21:25:40,btc,255059.2635896603,0.0,0.00000001,btc,7846613.56674301,8.79e-05,0.01204676,96
0,[],17,[],2019-01-24 21:25:41,0.0,0,0,6490463,2019-01-24 21:25:41,btc,0.0,0.0,0,btc,0.0,0.0,0.0,96
1,[],4,[],2019-01-24 21:27:13,1523609.36895972,0.00000040,0.0000000000142736,6490515,2019-01-24 21:27:13,btc,0.2110857747556473,0.0,0.00000040,btc,357456.73702559,0.01208002,0.1529669975561429,99
1,[],4,[],2019-01-24 21:26:01,148971.84375687,0.00004212,0.0000000015030100800000001,6490477,2019-01-24 21:26:01,btc,1.7463409017667482,0.0,0.00004212,btc,36991.7136747,0.89564191,3.6630010343670474,100
0,[],2,[],2019-01-20 23:23:55,0.0,0,0,6476914,2019-01-20 23:23:55,,0.0,0.0,0,,0.0,0.0,0.0,100
1,[],22,[],2019-01-24 21:26:00,50000.0,0.00000001,0.00000000000035684,6490475,2019-01-24 21:26:00,BTC,23.49896609,0.0,0.00000001,BTC,10277.22,0.0,0.0005,101
1,[],4,[],2019-01-24 21:29:06,119325.26541756,0.00000106,0.00000000003782504,6490578,2019-01-24 21:29:06,btc,0.3993923186755034,0.0,0.00000106,btc,142119.02260713,0.00246021,0.0559521705802604,103
1,[],12,[],2019-01-24 21:23:24,100718592.0,0.000000016,0.0000000000005709440000000001,6490394,2019-01-24 21:23:24,btc,9137280584.626225,0.0,0.000000016,btc,145685023.6393573,0.161643726553276,0.640636581,105
1,[],27,[],2019-01-24 21:23:25,135334.5,0.00000004,0.00000000000142736,6490395,2019-01-24 21:23:25,btc,0.0722679519,126566.5,0.00000004,btc,2857.538,0.00506266,0.00439028,105
0,[],22,[],2019-01-24 21:27:02,0.0,0,0,6490508,2019-01-24 21:27:02,,1.07253299,0.0,0,,94300.0,0.0,0.0,107
1,[],26,[],2019-01-24 21:27:02,0.0,0.00000000,0,6490509,2019-01-24 21:27:02,btc,0.0,0.0,0.00000000,btc,0.0,0.0,0.0,107
1,[],5,[],2019-01-24 21:26:30,3e-08,0.00000002,0.00000000000071368,6490493,2019-01-24 21:26:30,btc,5.96634111,0.06034759,0.00000002,btc,1.589e-05,0.0,0.09404862,112
1,[],22,[],2019-01-24 21:26:34,18966.0,0.00000001,0.00000000000035684,6490494,2019-01-24 21:26:34,BTC,2.84132969,0.0,0.00000001,BTC,963293.5833333334,0.0,0.00018966,112
0,[],27,[],2019-01-24 21:26:36,0.0,0,0,6490495,2019-01-24 21:26:36,,1.25356065,0.0,0,"btc,eth",1328.0,0.0,0.0,112
1,[],4,[],2019-01-24 21:23:52,454974.93941244,0.00000438,0.00000000015629592000000002,6490406,2019-01-24 21:23:52,btc,0.4288336219914332,0.0,0.00000438,btc,69888.40357062,0.07730353,0.4448829595785073,113
1,[],5,[],2019-01-24 21:23:54,3.417e-05,0.00000507,0.00000000018091788,6490407,2019-01-24 21:23:54,btc,2.32245443,0.03065427,0.00000507,btc,0.00347572,0.0,0.2923,113
1,[],17,[],2019-01-24 21:25:24,233369.0,0.00000004,0.00000000000142736,6490453,2019-01-24 21:25:24,btc,1.3376290576002876,0.0,0.00000004,btc,72546.975,0.0,0.00543476,116
0,[],27,[],2019-01-24 21:25:26,0.0,0,0,6490454,2019-01-24 21:25:26,,0.0,0.0,0,btc,0.0,0.0,0.0,116
1,[],4,[],2019-01-24 21:25:12,632328.84937735,0.00002020,0.0000000007208168,6490446,2019-01-24 21:25:12,btc,0.774664468115841,0.0,0.00002020,btc,30055.82989708,6.39208168,0.9912443255941564,120
1,[],7,[],2019-01-24 21:25:14,4169.11845676,0.0000177599999999999993657330554786000220701680518686771392822265625,0.00000000063374784,6490447,2019-01-24 21:25:14,btc,94.98408565277741,2692.49995795,0.0000177599999999999993657330554786000220701680518686771392822265625,btc,25098.92340953,0.08009401,0.044536536616744796,120
1,[],20,[],2019-01-24 21:25:23,1214837.5088,0.000000013,0.000000000000463892,6490452,2019-01-24 21:25:23,btc,31.4063095068966,1319.9,0.000000013,btc,1102100.3058,1.71587e-05,0.0068368772106,125
1,[],22,[],2019-01-24 21:24:14,3053.0,0.00000001,0.00000000000035684,6490414,2019-01-24 21:24:14,BTC,0.01415863,0.0,0.00000001,BTC,293039.4,0.0,3.053e-05,126
1,[],4,[],2019-01-24 21:27:48,316889.95993948,0.00001532,0.00000000054667888,6490527,2019-01-24 21:27:48,btc,0.5860931791545715,0.0,0.00001532,btc,30286.31556358,0.14460636,0.3852852576223434,131
0,[],17,[],2019-01-24 21:27:50,0.0,0,0,6490528,2019-01-24 21:27:50,btc,0.0008451375975800001,0.0,0,btc,30.89614684,0.0,0.0,131
0,[],2,[],2019-01-20 23:25:46,0.0,0,0,6476969,2019-01-20 23:25:46,,0.0,0.0,0,,0.0,0.0,0.0,131
1,[],4,[],2019-01-24 21:28:45,6060.89059028,0.00019702,0.00000000703046168,6490566,2019-01-24 21:28:45,btc,1.6269232683341472,0.0,0.00019702,btc,206.10257325,0.0,0.0102429965911019,135
1,[],3,[],2019-01-24 21:26:25,929862.08351842,0.00000005,0.0000000000017842,6490491,2019-01-24 21:26:25,btc,0.2823608331581497,616252.090617,0.00000005,btc,1144958.57215917,0.0,0.0327330715037015,136
1,[],4,[],2019-01-24 21:23:15,108620.79227175,0.00000190,0.0000000000677996,6490390,2019-01-24 21:23:15,btc,0.6913005488876935,0.0,0.00000190,btc,236288.72154677,0.07308517,0.1414854325655709,137
1,[],12,[],2019-01-24 21:23:16,305073.75324676,0.000001870000000000000095373470405946125794116596807725727558135986328125,0.00000000006672908000000001,6490391,2019-01-24 21:23:16,btc,11798.819503447663,0.0,0.000001870000000000000095373470405946125794116596807725727558135986328125,btc,131491.25674122,0.0593716018257437,0.0338053900000104,137
1,[],5,[],2019-01-24 21:24:20,0.00099954,0.00003018,0.00000000107694312,6490417,2019-01-24 21:24:20,btc,5.50670929,0.99086156,0.00003018,btc,0.00192085,0.0,1.76817762,142
1,[],17,[],2019-01-24 21:24:22,12500.0,0.0000001,0.0000000000035684,6490418,2019-01-24 21:24:22,btc,0.5782815519477174,0.0,0.0000001,btc,4834.207754,0.0,0.00125,142
1,[],20,[],2019-01-24 21:24:23,148268.8962,0.00002511,0.00000000089602524,6490419,2019-01-24 21:24:23,btc,2.50586291,8.5809,0.00002511,btc,5123.3122,0.0002917506,0.0811377525098,142
1,[],22,[],2019-01-24 21:24:27,990.0,0.00001880,0.0000000006708592000000001,6490420,2019-01-24 21:24:27,BTC,0.00152287,0.0,0.00001880,BTC,15.055608820709493,0.0,0.00022106,142
1,[],28,[],2019-01-24 21:24:30,78430.0,0.00002000,0.0000000007136800000000001,6490421,2019-01-24 21:24:30,btc,0.051557530742,101568.0,0.00002000,btc,1350.7233,0.0,0.0242247,142
,[],25,[],2019-01-11 15:38:27,0.0,0,0,6366122,2019-01-11 15:38:27,,0.0,0.0,,btc,0.0,0.0,0.0,142
0,[],22,[],2019-01-24 21:28:32,0.0,0,0,6490554,2019-01-24 21:28:32,,58.83330297,0.0,0,,697563265.8,0.0,0.0,143
1,[],21,[],2019-01-24 21:28:43,57187950.65331413,0.00000031,0.00000000001106204,6490563,2019-01-24 21:28:43,btc,39.20182283529713,15939630.28113605,0.00000031,btc,71268647.55256964,4.94009432,11.678684377806539,145
0,[],22,[],2019-01-24 21:24:52,0.0,0,0,6490435,2019-01-24 21:24:52,,4.31668284,0.0,0,,1427838.5,0.0,0.0,146
,[],22,[],2018-11-20 23:01:11,0.0,0,0,4862114,2018-11-20 23:01:11,,2.56807021,0.0,,,61828.4988236,0.0,0.0,147
1,[],12,[],2019-01-24 21:28:34,8708472.59248851,0.000006199999999999999931196530134069888617887045256793498992919921875,0.0000000002212408,6490556,2019-01-24 21:28:34,btc,17.06922474833715,0.0,0.000006199999999999999931196530134069888617887045256793498992919921875,btc,110419.07891109,0.00285790156014,0.1362028653007781,148
1,[],4,[],2019-01-24 21:29:13,114030.95121571,0.00000037,0.000000000013203080000000001,6490582,2019-01-24 21:29:13,btc,0.6905071472248966,0.0,0.00000037,btc,513873.1719915,0.00198802,0.0319941121732842,152
0,[],22,[],2019-01-24 21:29:15,0.0,0,0,6490583,2019-01-24 21:29:15,,0.0,0.0,0,,0.0,0.0,0.0,152
1,[],5,[],2019-01-24 21:26:39,0.0,0,0,6490496,2019-01-24 21:26:39,btc,4.32752783,0.0,0,btc,0.00161275,0.0,0.0,153
,[],16,[],2019-01-11 15:38:59,0.0,0,0,6366141,2019-01-11 15:38:59,btc,0.0,0.0,,btc,0.0,0.0,0.0,155
0,[],22,[],2019-01-24 21:26:28,0.0,0,0,6490492,2019-01-24 21:26:28,,6.78848922,0.0,0,,4237721.742592593,0.0,0.0,156
0,[],23,[],2019-01-20 23:24:29,0.0,0,0,6476932,2019-01-20 23:24:29,,0.0,0.0,0,,0.0,0.0,0.0,156
1,[],22,[],2019-01-24 21:27:25,7906.0,0.00000801,0.00000000028582884000000004,6490521,2019-01-24 21:27:25,BTC,43.81543407,0.0,0.00000801,BTC,1572.3690079421112,0.0,0.00743836,157
0,[],22,[],2019-01-24 21:25:11,0.0,0,0,6490445,2019-01-24 21:25:11,,50175.67300261,0.0,0,,53770788.04179466,0.0,0.0,158
,[],17,[],2018-11-20 22:56:10,0.0,0,0,4861976,2018-11-20 22:56:10,btc,1.1265625,0.0,,btc,1000.0,0.0,0.0,159
,[],20,[],2018-11-20 22:56:12,0.0,0,0,4861977,2018-11-20 22:56:12,btc,11912.7940471,0.0,,btc,34413894.3617,0.0,0.0,159
1,[],12,[],2019-01-24 21:26:06,184783.67947441,0.000009929999999999999794170722766661896230289130471646785736083984375,0.00000000035434212,6490480,2019-01-24 21:26:06,btc,6.652454573786277,0.0,0.000009929999999999999794170722766661896230289130471646785736083984375,btc,13936.51908934,0.0097785887659976,0.1016711265999843,168
1,[],17,[],2019-01-24 21:26:07,29784.95,0.000001,0.000000000035684,6490481,2019-01-24 21:26:07,btc,0.0353989844335,0.0,0.000001,btc,196.82520268,0.0,0.00716147,168
0,[],22,[],2019-01-24 21:25:56,0.0,0,0,6490474,2019-01-24 21:25:56,,1.13392792,0.0,0,,692360.5537281231,0.0,0.0,169
1,[],22,[],2019-01-24 21:24:56,58994.791666666664,0.00000024,0.00000000000856416,6490436,2019-01-24 21:24:56,BTC,2.4611145,0.0,0.00000024,BTC,65275.39569094304,0.00070602,0.00692129,171
1,[],22,[],2019-01-24 21:26:11,76870.4,0.00000015,0.0000000000053526000000000004,6490482,2019-01-24 21:26:11,BTC,2.8416095,0.0,0.00000015,BTC,232866.25875478997,0.00358238,0.00385366,173
1,[],5,[],2019-01-24 21:26:19,7.37e-05,0.00000507,0.00000000018091788,6490485,2019-01-24 21:26:19,btc,0.44434485,0.16953832,0.00000507,btc,0.00040136,0.0,0.83974305,175
1,[],22,[],2019-01-24 21:24:18,57078.0,0.00000100,0.000000000035684,6490416,2019-01-24 21:24:18,BTC,0.56691582,0.0,0.00000100,BTC,114385.29444388876,0.00559391,0.04147408,176
1,[],7,[],2019-01-24 21:28:37,0.0,0,0,6490559,2019-01-24 21:28:37,btc,10931.193526931043,12818.0,0,btc,124614895.89995943,0.00012818,0.0,178
0,[],22,[],2019-01-24 21:28:40,0.0,0,0,6490560,2019-01-24 21:28:40,,1.00242428,0.0,0,,57512.0,0.0,0.0,178
0,[],2,[],2019-01-20 23:28:34,0.0,0,0,6477001,2019-01-20 23:28:34,,0.0,0.0,0,,0.0,0.0,0.0,178
1,[],5,[],2019-01-24 21:27:03,6e-08,0.00000003,0.00000000000107052,6490510,2019-01-24 21:27:03,btc,15.17936945,0.74014939,0.00000003,btc,2.255e-05,0.0,1.92885594,179
1,[],22,[],2019-01-24 21:27:08,9167123.0,0.00000002,0.00000000000071368,6490511,2019-01-24 21:27:08,BTC,5.5192945,0.0,0.00000002,"BTC,LTC",17420674.451989967,0.0154954,0.40081044,179
0,[],23,[],2019-01-20 23:25:08,0.0,0,0,6476952,2019-01-20 23:25:08,,0.0,0.0,0,,0.0,0.0,0.0,179
1,[],17,[],2019-01-24 21:22:52,10504.725,0.0000001,0.0000000000035684,6490387,2019-01-24 21:22:52,btc,5.20711675752856,0.0,0.0000001,btc,7944.1527587,0.0,0.0010504725,180
1,[],22,[],2019-01-24 21:23:04,1468.0,0.00000031,0.00000000001106204,6490388,2019-01-24 21:23:04,BTC,0.22768944,0.0,0.00000031,"BTC,LTC",26798.816254853482,0.0,0.00040342,180
1,[],26,[],2019-01-24 21:23:14,0.0,0.00000010,0.0000000000035684,6490389,2019-01-24 21:23:14,btc,0.0,3417.5614,0.00000010,btc,0.0,0.0,0.0,180
,[],7,[],2018-11-20 22:58:01,562227.975654,0.00000085,0.000000000036176765,4862015,2018-11-20 22:58:01,btc,21836.6059674,2491.87645172,,btc,749999.041456,0.00211021,0.127565380455,183
,[],5,[],2019-01-10 08:11:41,0.0,0,0,6347036,2019-01-10 08:11:41,btc,82.15055501,0.00261,,btc,1.19002445,0.0,0.0,187
1,[],24,[],2019-01-24 21:26:01,0.0,0.000000000001,3.5684e-17,6490476,2019-01-24 21:26:01,btc,0.0,0.0,0.000000000001,btc,0.0,0.0,0.0,187
,[],17,[],2018-11-16 20:58:10,4062536.27273,0.00000001,0.000000000000550501,4708775,2018-11-16 20:58:10,btc,3.36492563466,0.195460381006,,"btc,eth",110697919.549,0.0,0.0157628953496,187
0,[],22,[],2019-01-24 21:29:25,0.0,0,0,6490591,2019-01-24 21:29:25,,1.19413437,0.0,0,,14499.956201072173,0.0,0.0,191
0,[],22,[],2019-01-24 21:27:42,0.0,0,0,6490524,2019-01-24 21:27:42,,0.0,0.0,0,,0.0,0.0,0.0,197
0,[],23,[],2019-01-20 23:31:41,0.0,0,0,6477079,2019-01-20 23:31:41,,0.0,0.0,0,,0.0,0.0,0.0,199
1,[],26,[],2019-01-24 21:24:31,0.0,0.00000000,0,6490423,2019-01-24 21:24:31,btc,0.0,785851.0,0.00000000,btc,0.0,0.0,0.0,199
0,[],17,[],2019-01-24 21:28:41,0.0,0,0,6490561,2019-01-24 21:28:41,btc,6.802544163859385,0.0,0,btc,105897.55575295,0.0,0.0,200
0,[],2,[],2019-01-20 23:30:49,0.0,0,0,6477059,2019-01-20 23:30:49,,0.0,0.0,0,,0.0,0.0,0.0,201
1,[],4,[],2019-01-24 21:29:12,304762.84007386,0.00000985,0.0000000003514874,6490581,2019-01-24 21:29:12,btc,2.517893009340455,0.0,0.00000985,btc,197279.98625918,0.28715978,1.4033225827519613,211
1,[],7,[],2019-01-24 21:27:51,18493480.58823275,0.000001179999999999999925426948273188276772316385176964104175567626953125,0.00000000004210712,6490529,2019-01-24 21:27:51,btc,16317791.36803526,304145.750181,0.000001179999999999999925426948273188276772316385176964104175567626953125,btc,12719503.89680933,0.0,8.375045799281962,212
1,[],5,[],2019-01-24 21:28:26,4.33e-06,0.00000030,0.000000000010705200000000001,6490549,2019-01-24 21:28:26,btc,0.87459124,0.02951943,0.00000030,btc,2.886e-05,0.0,0.13725877,213
1,[],12,[],2019-01-24 21:28:27,153779.42853209,0.000001069999999999999919816744131662034078544820658862590789794921875,0.00000000003818188,6490550,2019-01-24 21:28:27,btc,85023.03789123314,0.0,0.000001069999999999999919816744131662034078544820658862590789794921875,btc,43652.73520027,0.000150130909087,0.0086843660622024,213
1,[],24,[],2019-01-24 21:28:27,0.0,0.000000050000,0.0000000000017842,6490551,2019-01-24 21:28:27,btc,0.0,0.0,0.000000050000,btc,0.0,0.0,0.0,213
1,[],26,[],2019-01-24 21:28:27,0.0,0.00000003,0.00000000000107052,6490552,2019-01-24 21:28:27,btc,0.0,0.0,0.00000003,btc,0.0,0.0,0.0,213
1,[],22,[],2019-01-24 21:24:04,303952.2,0.00000005,0.0000000000017842,6490411,2019-01-24 21:24:04,BTC,70.22068913,0.0,0.00000005,BTC,153751.86129395306,0.00142749,0.00594161,216
1,[],27,[],2019-01-24 21:24:07,5087945.0,0.00000015,0.0000000000053526000000000004,6490412,2019-01-24 21:24:07,btc,619.88407456916,5755.0,0.00000015,"btc,ltc",268761.09411,0.0040285,0.0535075,216
1,[],22,[],2019-01-24 21:29:32,287764.5030108499,0.00000230,0.0000000000820732,6490593,2019-01-24 21:29:32,BTC,12677.86757139,0.0,0.00000230,BTC,357831.04314279975,0.01412852,0.40306444,217
1,[],7,[],2019-01-24 21:25:17,0.0,0,0,6490449,2019-01-24 21:25:17,btc,302.5779742541106,0.0,0,btc,133650235.62140028,0.0,0.0,219
0,[],27,[],2019-01-24 21:25:19,0.0,0,0,6490450,2019-01-24 21:25:19,,0.0747309448198,0.0,0,btc,1605140.29226592,0.0,0.0,219
0.0000000000000057,[],28,[],2019-01-24 21:25:21,238816286.198,2.280057e-18,8.136155398800001e-23,6490451,2019-01-24 21:25:21,doge,82414.3393717675,26694.0,0.00040001,"btc,doge",4409472.34751,0.0,1.738649571899051e-11,219
1,[],22,[],2019-01-24 21:25:34,204266.0,0.00000071,0.00000000002533564,6490457,2019-01-24 21:25:34,BTC,2.07978843,0.0,0.00000071,BTC,15925.552123175221,0.0035358,0.02152842,221
1,[],24,[],2019-01-24 21:25:34,0.0,0.000000800000,0.0000000000285472,6490458,2019-01-24 21:25:34,btc,0.0,0.0,0.000000800000,btc,0.0,0.0,0.0,221
1,[],26,[],2019-01-24 21:28:42,0.0,0.00000002,0.00000000000071368,6490562,2019-01-24 21:28:42,btc,0.0,11313.0,0.00000002,btc,0.0,0.0,0.0,231
1,[],26,[],2019-01-24 21:28:20,0.0,0.00000004,0.00000000000142736,6490547,2019-01-24 21:28:20,btc,0.0,1800.0,0.00000004,btc,0.0,0.0,0.0,234
0,[],27,[],2019-01-24 21:28:22,0.0,0,0,6490548,2019-01-24 21:28:22,,0.001146299618,0.0,0,"btc,eth",11462.99618,0.0,0.0,234
0,[],22,[],2019-01-24 21:25:01,0.0,0,0,6490438,2019-01-24 21:25:01,,3.11852563,0.0,0,,90313875.02329598,0.0,0.0,235
1,[],4,[],2019-01-24 21:29:16,651853.96931498,0.00000105,0.0000000000374682,6490584,2019-01-24 21:29:16,btc,0.1599140555254793,0.0,0.00000105,btc,123724.17961186,0.08712427,0.1765666914657503,236
1,[],24,[],2019-01-24 21:29:16,0.0,0.000000010000,0.00000000000035684,6490585,2019-01-24 21:29:16,btc,0.0,0.0,0.000000010000,btc,0.0,0.0,0.0,236
1,[],20,[],2019-01-24 21:28:18,92440577.268,0.000000068,0.0000000000024265120000000003,6490545,2019-01-24 21:28:18,btc,14.2943682209989,32311742.0845,0.000000068,btc,27259732.534,2.1184773958339,0.6728153056412,237
0,[],22,[],2019-01-24 21:28:20,0.0,0,0,6490546,2019-01-24 21:28:20,,0.04083605,0.0,0,,4179.0,0.0,0.0,237
1,[],4,[],2019-01-24 21:26:02,5131521.06338089,0.00000031,0.00000000001106204,6490478,2019-01-24 21:26:02,btc,0.5662265790129541,0.0,0.00000031,btc,1682128.45886639,0.24579895,1.414612676817822,238
1,[],5,[],2019-01-24 21:26:04,3.96e-06,0.00000032,0.00000000001141888,6490479,2019-01-24 21:26:04,btc,0.64803728,0.0479589,0.00000032,btc,2.906e-05,0.0,0.23422382,238
1,[],22,[],2019-01-24 21:26:15,281968.75,0.00000005,0.0000000000017842,6490483,2019-01-24 21:26:15,BTC,15.41132459,0.0,0.00000005,BTC,240508.69643307183,0.0,0.00945438,249
0.00000000009117000000000001,[],22,[],2019-01-24 21:25:47,2414166.0,4.5585e-18,1.62665514e-22,6490468,2019-01-24 21:25:47,LTC,0.43490749,0.0,0.00000005,LTC,12631887.29,3.6468e-14,0.04430538,252
1,[],28,[],2019-01-24 21:26:46,3127291.767,0.00000008,0.00000000000285472,6490501,2019-01-24 21:26:46,btc,164692.82588823125,183952.866,0.00000008,btc,1111892.6695,0.0,0.04765087994,256
0,[],27,[],2019-01-24 21:23:50,0.0,0,0,6490404,2019-01-24 21:23:50,,4.96668,0.0,0,"btc,eth",90.59,0.0,0.0,257
1,[],22,[],2019-01-24 21:24:41,56522.357142857145,0.00000007,0.0000000000024978800000000003,6490428,2019-01-24 21:24:41,BTC,35605.68067355,0.0,0.00000007,BTC,708394.3310213444,0.00022867,0.00081595,258
1,[],22,[],2019-01-24 21:29:28,6557.029333333333,0.00000750,0.00000000026763000000000004,6490592,2019-01-24 21:29:28,BTC,4.68622194,0.0,0.00000750,BTC,6028.378238095238,0.00047831,0.03311258,262
1,[],5,[],2019-01-24 21:29:09,6.028e-05,0.00000378,0.00000000013488552,6490579,2019-01-24 21:29:09,btc,7.47052879,0.56768166,0.00000378,btc,0.03185324,0.0,0.18672996,264
1,[],20,[],2019-01-24 21:29:11,1777559.7874,0.00000451,0.00000000016093484,6490580,2019-01-24 21:29:11,btc,5.1138574680343,59834.8539,0.00000451,btc,83447.2534,0.380502276658,0.0338686610896,264
1,[],22,[],2019-01-24 21:24:10,59353.0,0.00000005,0.0000000000017842,6490413,2019-01-24 21:24:10,BTC,6.39746072,0.0,0.00000005,BTC,199838.89082858778,0.00087211,0.00097633,271
0,[],22,[],2019-01-24 21:24:45,0.0,0,0,6490430,2019-01-24 21:24:45,,326.76482434,0.0,0,,10642389200.0,0.0,0.0,272
0.0000000000000057,[],28,[],2019-01-24 21:24:47,342858025610.12,5.7000000000000004e-21,2.0339880000000002e-25,6490431,2019-01-24 21:24:47,doge,4410001.925805787,12319345129.998,0.00000100,doge,133977909751.7134,0.0,5.629649375778835e-10,272
