pairValue,buyBook,exchangeId,sellBook,updated,buyTotal,satoshiPrice,usdPrice,exchangeLogId,created,bestPair,sellTotalBtc,volume,pairPrice,activePairs,sellTotal,volumeBtc,buyTotalBtc,coinId
1,[],3,[],2019-06-29 02:22:45,32164.370201265734,0.00814212999999999915978765585578003083355724811553955078125,0.000000961206129742,7777442,2019-06-29 02:22:45,btc,10.843648838761712,105.197249944,0.00814212999999999915978765585578003083355724811553955078125,btc,43.74536643602,0.0,0.25055594614070337,1
1,[],4,[],2019-06-29 02:22:45,207786.89959349,0.00786353,0.000000928316452502,7777443,2019-06-29 02:22:45,btc,9.091438910612867,0.0,0.00786353,btc,435.3264983,4.99932071,0.4995937948804214,1
1,[],5,[],2019-06-29 02:22:47,0.0,0,0,7777444,2019-06-29 02:22:47,btc,0.0,0.13871862,0,btc,0.0,0.0,0.0,1
1,[],10,[],2019-06-29 02:22:50,245938.46104294,0.0033242,0.00000039243311228,7777445,2019-06-29 02:22:50,btc,6522.027922905245,1880.25261854,0.0033242,btc,1259.52536003,0.0,1.398132835935852,1
1,[],12,[],2019-06-29 02:22:53,94.02790662,0.00804000000000000027144952952085077413357794284820556640625,0.0000009491493360000001,7777446,2019-06-29 02:22:53,btc,0.6764217945881,0.0,0.00804000000000000027144952952085077413357794284820556640625,btc,31.79949191,1.526588927683,0.124951810258,1
1,[],20,[],2019-06-29 02:22:55,928.62,0.008010065,0.0000009456154074710001,7777447,2019-06-29 02:22:55,btc,0.1581135749965,1.7296,0.008010065,btc,11.9554,0.0153493772586,0.1286881752291,1
1,[],21,[],2019-06-29 02:22:56,2465.07947621,0.008053329999999999169735254156,0.000000950722987822,7777448,2019-06-29 02:22:56,btc,9.160179182229296,5843.373920309999,0.00805332999999999916973525415642143343575298786163330078125,"btc,eth",1651.25525927,45.11245995198767,14.630283693286309,1
1,[],22,[],2019-06-29 02:23:00,0.0469,0.00850000,0.000001003453900000000033363953207,7777449,2019-06-29 02:23:00,BTC,0.01666796,0.0,0.00850000,BTC,0.25318100557485945,0.0,0.00025139,1
1,[],24,[],2019-06-29 02:23:01,0.0,0.000000000000,0,7777450,2019-06-29 02:23:01,btc,0.0,0.0,0.000000000000,btc,0.0,0.0,0.0,1
0.0,[],25,[],2019-06-29 02:23:02,0.0,0,0,7777451,2019-06-29 02:23:02,btc,19.484499999328808,27771.91623537,0.0,btc,2266.54333853,228.21,0.0,1
1,[],26,[],2019-06-29 02:23:04,0.0,0,0,7777452,2019-06-29 02:23:04,,0.0,0.0,0,,0.0,0.0,0.0,1
0,[],28,[],2019-06-29 02:23:06,0.0,0,0,7777453,2019-06-29 02:23:06,,0.0,0.0,0,,0.0,0.0,0.0,1
0,[],2,[],2019-01-20 23:28:45,0.0,0,0,6477011,2019-01-20 23:28:45,,0.0,0.0,0,,0.0,0.0,0.0,1
1,[],5,[],2019-06-17 14:29:02,0.0,0,0,7740076,2019-06-17 14:29:02,btc,0.0,2.72e-05,0,btc,0.0,0.0,0.0,2
1,[],22,[],2019-06-17 14:29:06,11550.3,0.0000002,0.0000000000185828,7740077,2019-06-17 14:29:06,BTC,21.00897301,0.0,0.0000002,"BTC,XMR",20678.87287795317,1.754e-05,0.00143681,2
1,[],5,[],2019-06-03 14:48:58,0.0,0,0,7731126,2019-06-03 14:48:58,btc,0.0,0.05905545,0,btc,0.0,0.0,0.0,3
1,[],12,[],2019-06-03 14:48:59,3468623.70302,0.000000116,0.000000000009823402000000002,7731127,2019-06-03 14:48:59,btc,169531.0336573751,0.0,0.000000116,btc,2361209.62379607,0.041350953071,0.33764769154428,3
0,[],28,[],2019-06-03 14:49:00,0.0,0,0,7731128,2019-06-03 14:49:00,,0.0,0.0,0,,0.0,0.0,0.0,3
0,[],2,[],2019-01-20 23:31:32,0.0,0,0,6477077,2019-01-20 23:31:32,,0.0,0.0,0,,0.0,0.0,0.0,4
1,[],4,[],2019-05-18 21:29:50,562734.9206932,0.00000010,0.000000000007298720000000001,7650946,2019-05-18 21:29:50,btc,41.9347137769675,0.0,0.00000010,btc,1123702.32192634,0.00052462,0.029254593370966,4
0,[],12,[],2019-06-02 05:03:43,0.0,0,0,7724919,2019-06-02 05:03:43,btc,625.901992874995,0.0,0,btc,1211362.4995005,0.0,0.0,5
0,[],2,[],2019-01-20 23:31:51,0.0,0,0,6477087,2019-01-20 23:31:51,,0.0,0.0,0,,0.0,0.0,0.0,6
1,[],11,[],2019-06-29 02:23:08,9362532.276736,0.00000002,0.0000000000023610680000000002,7777454,2019-06-29 02:23:08,btc,9583.568469362632,300000.0,0.00000002,btc,76378844.64770687,0.0,0.10173217276736,6
1,[],3,[],2019-06-29 02:23:09,11570.116559195665,0.0000536900000000000026420358956169565090021933428943157196044921875,0.000000006338287046,7777455,2019-06-29 02:23:09,btc,1026.29488408864,627.29874475,0.0000536900000000000026420358956169565090021933428943157196044921875,btc,403.28178555309603,0.0,0.014561791302208865,7
1,[],4,[],2019-06-29 02:23:10,557980.96839583,0.00006354,0.000000007501113036,7777456,2019-06-29 02:23:10,btc,7.014057830335144,0.0,0.00006354,btc,55621.23677153,1.03473339,2.2226094073886147,7
1,[],5,[],2019-06-29 02:23:11,0.0,0,0,7777457,2019-06-29 02:23:11,btc,0.0,0.09173417,0,btc,0.0,0.0,0.0,7
1,[],20,[],2019-04-07 22:06:50,3201475.0482,0.000000001,0.000000000000051590000000000004,7213932,2019-04-07 22:06:50,btc,30.8005781811902,0.0,0.000000001,btc,23077405.3926,0.0,0.0032014750482,8
0,[],2,[],2019-01-20 23:22:42,0.0,0,0,6476876,2019-01-20 23:22:42,,0.0,0.0,0,,0.0,0.0,0.0,9
0,[],23,[],2019-01-20 23:22:48,0.0,0,0,6476878,2019-01-20 23:22:48,,0.0,0.0,0,,0.0,0.0,0.0,9
1,[],4,[],2019-06-29 02:23:14,1874883.4382639,0.00000039,0.000000000046040826,7777458,2019-06-29 02:23:14,btc,2.8946532688597224,0.0,0.00000039,btc,3083247.53672936,0.17254067,0.2825636423304392,9
0,[],28,[],2019-06-29 02:23:15,0.0,0,0,7777459,2019-06-29 02:23:15,,0.0,0.0,0,,0.0,0.0,0.0,9
1,[],1,[],2019-02-17 23:31:42,1822507.21,0.00000181000000000000003456111265232042484285557293333113193511962890625,0.000000000066086901,6701244,2019-02-17 23:31:42,btc,3.6990969245,17153386.5,0.00000181000000000000003456111265232042484285557293333113193511962890625,btc,1997391.71,31.11772986,3.2610482446,9
1,[],4,[],2019-02-17 11:22:43,4341674.27126056,0.00000002,0.0000000000007272960000000001,6696112,2019-02-17 11:22:43,btc,0.1997230937751353,0.0,0.00000002,btc,4109766.79808031,0.00215132,0.0479381022052112,10
0,[],2,[],2019-01-20 23:23:08,0.0,0,0,6476890,2019-01-20 23:23:08,,0.0,0.0,0,,0.0,0.0,0.0,12
1,[],4,[],2019-06-29 02:23:17,29697285.43924125,0.00000029,0.000000000034235486,7777460,2019-06-29 02:23:17,btc,7.777674552916486,0.0,0.00000029,btc,8857510.10084216,0.36604441,1.3758267278153713,12
1,[],5,[],2019-06-29 02:23:18,0.0,0,0,7777461,2019-06-29 02:23:18,btc,0.0,0.04143819,0,btc,0.0,0.0,0.0,12
0.0,[],25,[],2019-06-29 02:23:20,0.0,0,0,7777462,2019-06-29 02:23:20,,0.0,0.0,0.0,btc,0.0,0.0,0.0,12
1,[],4,[],2019-06-29 02:23:21,468248.73662655,0.00000248,0.000000000292772432,7777463,2019-06-29 02:23:21,btc,1.8830313771944867,0.0,0.00000248,btc,337441.73272092,0.20806573,0.2330573618830717,13
1,[],10,[],2019-06-29 02:23:23,575842.94728599,0.00000241,0.00000000028450869399999997,7777464,2019-06-29 02:23:23,btc,666797.6417393578,55301.2054652,0.00000241,btc,871847.7423374,0.0,0.1878555614638819,13
1,[],21,[],2019-06-29 02:23:26,7068076.00858925,0.000002460000000000000163966062949,0.000000000290411364,7777465,2019-06-29 02:23:26,btc,2.9299509228972114,1043414.36641029,0.00000246000000000000016396606294932780656381510198116302490234375,btc,856441.64550438,2.67279717,2.3047159682970557,13
1,[],4,[],2019-06-29 02:23:27,1082608.40095018,0.00000036,0.000000000042499224,7777466,2019-06-29 02:23:27,btc,3.0101461235375404,0.0,0.00000036,btc,771404.4920562,0.01005078,0.094181747370308,14
1,[],12,[],2019-06-29 02:23:28,223113.0,0.00000045,0.00000000005312403,7777467,2019-06-29 02:23:28,btc,193.4809860757158,0.0,0.00000045,btc,40728.04744547,0.000173505924,0.00964979,14
1,[],26,[],2019-06-29 02:25:29,0.0,0.00000050,0.0000000000590267,7777468,2019-06-29 02:25:29,btc,0.0,0.0,0.00000050,btc,0.0,0.0,0.0,14
0,[],17,[],2019-05-03 00:53:32,0.0,0,0,7558876,2019-05-03 00:53:32,btc,0.0,0.0,0,btc,0.0,0.0,0.0,14
,[],12,[],2018-12-01 15:15:48,204241.84496,0.00000489,0.000000000202473384,5260204,2018-12-01 15:15:48,btc,49.5475654835,0.0,,btc,35763.2193806,0.0163153972027625,0.0203389899998,15
0,[],4,[],2019-06-29 02:25:30,0.0,0,0,7777469,2019-06-29 02:25:30,,0.0,0.0,0,,0.0,0.0,0.0,15
1,[],4,[],2019-06-29 02:01:10,29892.21080929,0.00000803,0.0000000009680518320000002,7777355,2019-06-29 02:01:10,btc,2.36110186806106,0.0,0.00000803,btc,16418.15703585,0.01329081,0.0299658217311526,18
1,[],10,[],2019-06-29 02:01:12,400728.33206092,0.00000811,0.0000000009776961840000002,7777356,2019-06-29 02:01:12,btc,14.898791094647681,9791.72899533,0.00000811,btc,11340.67651674,0.0,0.3056237635944293,18
1,[],12,[],2019-06-29 02:01:13,1701.12668675,0.000007940000000000000212447247294189622834892361424863338470458984375,0.0000000009572019360000001,7777357,2019-06-29 02:01:13,btc,0.5295036571532703,0.0,0.000007940000000000000212447247294189622834892361424863338470458984375,btc,1929.0718859199999,7.104999e-06,0.0035903621599925,18
0,[],2,[],2019-01-20 23:23:38,0.0,0,0,6476906,2019-01-20 23:23:38,,0.0,0.0,0,,0.0,0.0,0.0,18
0,[],17,[],2019-05-03 00:53:39,0.0,0,0,7558882,2019-05-03 00:53:39,btc,0.0,0.0,0,btc,0.0,0.0,0.0,18
0,[],2,[],2019-01-20 23:24:19,0.0,0,0,6476924,2019-01-20 23:24:19,,0.0,0.0,0,,0.0,0.0,0.0,19
1,[],3,[],2019-06-29 02:25:32,160220.47731760953,0.000007920000000000000403934698189889473951552645303308963775634765625,0.0000000009349829280000002,7777470,2019-06-29 02:25:32,btc,192.73815590350756,16041.8444588,0.000007920000000000000403934698189889473951552645303308963775634765625,btc,18659.196716540635,0.0,0.10661164139083859,19
1,[],4,[],2019-06-29 02:25:33,200299.22090823,0.00000676,0.0000000007980409840000001,7777471,2019-06-29 02:25:33,btc,4.103533037883403,0.0,0.00000676,btc,249083.61438738,0.46169321,0.6959510680916726,19
1,[],5,[],2019-06-29 02:25:34,0.0,0,0,7777472,2019-06-29 02:25:34,btc,0.0,0.0,0,btc,0.0,0.0,0.0,19
1,[],12,[],2019-06-29 02:25:35,107036.63989977,0.0000060599999999999995775427918953681682978640310466289520263671875,0.000000000715403604,7777473,2019-06-29 02:25:35,btc,1.2049166961396387,0.0,0.0000060599999999999995775427918953681682978640310466289520263671875,btc,3008.56634116,0.0,0.009722519999673501,19
0,[],27,[],2019-06-29 02:25:40,0.0,0,0,7777474,2019-06-29 02:25:40,,0.0,0.0,0,btc,0.0,0.0,0.0,19
1,[],4,[],2019-06-29 02:25:41,9961191.09278478,0.00000005,0.00000000000590267,7777475,2019-06-29 02:25:41,btc,5.161999225062317,0.0,0.00000005,btc,2237645.99057627,0.0,0.1113794166205056,20
0,[],4,[],2019-06-29 02:25:42,0.0,0,0,7777476,2019-06-29 02:25:42,,13838.477069021374,0.0,0,,165879930.57370672,0.0,0.0,21
0,[],12,[],2019-06-29 02:25:44,0.0,0,0,7777477,2019-06-29 02:25:44,btc,2602.9606819574524,0.0,0,btc,10311974.54345651,4.995e-07,0.0,21
0,[],17,[],2019-05-03 00:53:51,0.0,0,0,7558891,2019-05-03 00:53:51,btc,0.0,0.0,0,btc,0.0,0.0,0.0,21
1,[],12,[],2019-06-29 02:27:46,6588262788.281567,0.0000000006,0.00000000000007083204,7777478,2019-06-29 02:27:46,btc,1426620312292.8955,0.0,0.0000000006,btc,2701867349.527607,0.620499907347,2.1301445784956834,23
0.0000000002554753,[],27,[],2019-06-29 02:27:51,95937922.7652348,2.5547529999999997e-16,3.015972778102e-20,7777479,2019-06-29 02:27:51,eth,1132.0679040043117,50689458.80940618,0.00000100,eth,5288874.62788612,1.2949904696322393e-08,1.051340567609856e-08,23
1,[],4,[],2019-06-22 05:45:29,6100414.07522138,0.00000017,0.00000000001823352,7751732,2019-06-22 05:45:29,btc,10.22685272773715,0.0,0.00000017,btc,1790815.48208265,0.0,0.1345450262400025,24
0,[],22,[],2019-06-22 05:45:31,0.0,0,0,7751733,2019-06-22 05:45:31,,6.22e-05,0.0,0,,517.4264705882352,0.0,0.0,24
0.0,[],25,[],2019-06-22 05:45:32,0.0,0,0,7751734,2019-06-22 05:45:32,,0.0,0.0,0.0,btc,0.0,0.0,0.0,24
0,[],2,[],2019-01-20 23:25:56,0.0,0,0,6476976,2019-01-20 23:25:56,,0.0,0.0,0,,0.0,0.0,0.0,26
1,[],4,[],2019-06-29 02:27:52,26921733.85939372,0.00000296,0.000000000349438064,7777480,2019-06-29 02:27:52,btc,7.130434489226441,0.0,0.00000296,btc,200052.43844208,0.11072718,0.3343405470765031,26
1,[],10,[],2019-06-29 02:27:55,128698.80175,0.00000451,0.0000000005324208340000001,7777481,2019-06-29 02:27:55,btc,25.134927203057238,5894.04711737,0.00000451,btc,20537.30161201,0.0,0.0473984321238347,26
1,[],5,[],2019-04-26 09:47:06,0.0,0,0,7465326,2019-04-26 09:47:06,btc,0.0,0.0,0,btc,0.0,0.0,0.0,27
1,[],3,[],2019-06-17 14:30:26,13571825.64059417,0.00000001,0.00000000000092914,7740112,2019-06-17 14:30:26,btc,3.485049956644059,4264730.43754,0.00000001,btc,23500048.28518193,0.0,0.1357182564059417,27
1,[],11,[],2019-06-17 14:30:28,2031833.58157834,0.00000001,0.00000000000092914,7740113,2019-06-17 14:30:28,btc,67502.92060589766,32677.9652116,0.00000001,btc,6487362.95640949,0.0,0.0203183358157834,27
0.0000000000991318,[],4,[],2019-06-29 02:27:56,428535962.09800726,9.615784600000001e-17,1.1351760656976401e-20,7777482,2019-06-29 02:27:56,ltc,10.50396222803482,0.0,0.00000097,ltc,639173680.5081351,0.29899854,1.1270587205676565e-08,29
1,[],7,[],2019-06-29 02:27:58,4748243.93628904,0.00000001,0.0000000000011805340000000001,7777483,2019-06-29 02:27:58,btc,46548272.43080569,1385931.69608,0.00000001,btc,47369980.33281028,0.01390127,0.047482439362890407,29
0,[],17,[],2019-05-03 01:11:25,0.0,0,0,7559066,2019-05-03 01:11:25,btc,0.0,0.0,0,btc,0.0,0.0,0.0,30
1,[],4,[],2019-06-29 02:27:59,15247247.18640204,0.00000004,0.0000000000047221360000000004,7777484,2019-06-29 02:27:59,btc,2.5757306845267913,0.0,0.00000004,btc,2263912.01112021,0.00045297,0.1669783403867238,30
1,[],4,[],2019-06-29 02:30:00,219271.83878366,0.00002701,0.000000003188622334,7777485,2019-06-29 02:30:00,btc,3.5781835112162765,0.0,0.00002701,btc,53169.84372102,0.20186268,0.3144453852468468,31
1,[],21,[],2019-06-29 02:30:01,726906.7249632,0.00003000000000000000076002572291,0.000000003541602,7777486,2019-06-29 02:30:01,btc,5.353897629252554,105233.01519031,0.00003000000000000000076002572291233860823922441340982913970947265625,btc,135295.92470173,3.09221622,3.3868795711837882,31
0,[],2,[],2019-01-20 23:28:43,0.0,0,0,6477009,2019-01-20 23:28:43,,0.0,0.0,0,,0.0,0.0,0.0,32
1,[],12,[],2019-03-30 07:55:10,40641173.964,0.00000003,0.000000000001228359,7108785,2019-03-30 07:55:10,btc,4233210.82356125,0.0,0.00000003,btc,28378394.68333462,0.0126927883965248,0.90752895892,33
0,[],4,[],2019-06-29 02:30:02,0.0,0,0,7777487,2019-06-29 02:30:02,,0.0,0.0,0,,0.0,0.0,0.0,33
0.0000000000991318,[],4,[],2019-06-29 02:30:04,149555000.81622216,5.4522490000000004e-17,6.436565320966001e-21,7777488,2019-06-29 02:30:04,ltc,4.523451137134576,0.0,0.00000055,ltc,165539593.1290313,0.0,6.561337498622481e-10,34
1,[],5,[],2019-06-29 02:30:05,0.0,0,0,7777489,2019-06-29 02:30:05,btc,0.0,0.00018496,0,btc,0.0,0.0,0.0,34
0.0000000002926451,[],17,[],2019-05-02 18:17:47,200000.0,2.9264510000000002e-18,1.596703856561e-22,7556430,2019-05-02 18:17:47,eth,0.20942468735267253,0.0,0.00000001,"btc,eth",1018272.20243647,0.0,5.852902e-13,36
0.0000000001311821,[],4,[],2019-05-31 13:28:19,2417517744.0607657,1.311821e-18,1.105058333085e-22,7717483,2019-05-31 13:28:19,ltc,5.019900492391546e-08,0.0,0.00000001,ltc,7102398142.262129,0.0,3.171350544531538e-09,36
1,[],5,[],2019-05-31 13:28:21,0.0,0,0,7717484,2019-05-31 13:28:21,btc,0.0,0.0,0,btc,0.0,0.0,0.0,36
0.0000000003108179,[],27,[],2019-05-31 13:30:34,10388811.226876,6.216358000000001e-18,5.236566733830001e-22,7717485,2019-05-31 13:30:34,eth,1569.8708019850988,761866.634299,0.00000002,"ltc,eth",5084024.2511555,4.736034912207001e-12,3.3251980286483705e-11,36
1,[],4,[],2019-06-25 10:05:55,10747826.61931615,0.00000014,0.000000000015920562,7762320,2019-06-25 10:05:55,btc,19773.05513423956,0.0,0.00000014,btc,682946.14349671,0.0006293,0.1362851255028938,37
1,[],12,[],2019-06-25 10:05:57,4167862.54235103,0.00000013,0.000000000014783379,7762321,2019-06-25 10:05:57,btc,7.381091518261743,0.0,0.00000013,btc,1713444.53926904,0.016313049979,0.1478110147956336,37
1,[],27,[],2019-06-25 10:08:02,10970.0,0.00000019,0.000000000021606477,7762322,2019-06-25 10:08:02,btc,22.62970013895233,0.0,0.00000019,btc,4298.824295,0.0,0.00167419,37
1,[],17,[],2019-05-03 01:11:36,211752.74075282,0.00000025,0.000000000013700074999999998,7559074,2019-05-03 01:11:36,btc,0.055484923955058496,0.0,0.00000025,"btc,eth",1387.19918473,0.0,0.0005381851887916605,37
1,[],5,[],2019-06-29 02:30:07,0.0,0,0,7777490,2019-06-29 02:30:07,btc,0.0,0.18176599,0,btc,0.0,0.0,0.0,42
1,[],12,[],2019-06-29 02:30:08,2024632.55247088,0.000001349999999999999991849510168340220417348973569460213184356689453125,0.00000000015937209,7777491,2019-06-29 02:30:08,btc,526.3209436045332,0.0,0.000001349999999999999991849510168340220417348973569460213184356689453125,btc,143962.89765541,0.073476087787,0.0623392676922543,42
1,[],27,[],2019-06-29 02:30:16,683.0,0.00000140,0.00000000016527476,7777492,2019-06-29 02:30:16,btc,0.07600425,0.0,0.00000140,"btc,eth",18.0,0.0,0.0005422,42
1,[],12,[],2019-03-13 09:13:29,1112112.0,0.00000001,0.000000000000386531,6919902,2019-03-13 09:13:29,btc,29058.00478931866,0.0,0.00000001,btc,5967681.93306694,9.99000999e-07,0.01112112,43
1,[],5,[],2019-04-26 22:38:52,0.0,0,0,7474154,2019-04-26 22:38:52,btc,0.0,0.02638891,0,btc,0.0,0.0,0.0,43
0,[],17,[],2019-04-26 22:38:53,0.0,0,0,7474155,2019-04-26 22:38:53,btc,0.0,0.0,0,btc,0.0,0.0,0.0,43
1,[],12,[],2019-03-05 01:54:08,639326.02,0.00000004,0.000000000001486676,6845775,2019-03-05 01:54:08,btc,11116042.728239931,0.0,0.00000004,btc,1103841.4595604,0.0003330765234764,0.014975410599999999,44
0.0000000000991318,[],4,[],2019-06-29 02:30:17,109940635.68363228,5.4522490000000004e-17,6.436565320966001e-21,7777493,2019-06-29 02:30:17,ltc,2762.2132542027257,0.0,0.00000055,ltc,26839479.32532352,0.0,4.6380702984186445e-10,49
0.0000000000969097,[],4,[],2019-06-29 02:08:01,318314054.0025864,2.0351037e-17,2.4534070549128002e-21,7777382,2019-06-29 02:08:01,ltc,28232.086198024474,0.0,0.00000021,ltc,195951409.0902407,0.0,1.79809792888691e-09,52
0,[],22,[],2019-06-29 02:08:03,0.0,0,0,7777383,2019-06-29 02:08:03,,10289.80784133,0.0,0,,287058287.4566013,0.0,0.0,57
0,[],27,[],2019-06-29 02:08:11,0.0,0,0,7777384,2019-06-29 02:08:11,,0.0,0.0,0,"btc,eth",0.0,0.0,0.0,57
1,[],17,[],2019-05-03 01:12:09,1200000.0,0.0000000001,0.00000000000000548003,7559085,2019-05-03 01:12:09,btc,1e+24,0.0,0.0000000001,"btc,eth",39516342.31952568,0.0,0.00010000000058666061,58
0,[],4,[],2019-06-29 02:30:18,0.0,0,0,7777494,2019-06-29 02:30:18,,19.719361584030946,0.0,0,,6085129995.992692,0.0,0.0,58
0,[],12,[],2019-06-29 02:30:19,0.0,0,0,7777495,2019-06-29 02:30:19,btc,54171188.29659795,0.0,0,btc,3426519994.3925643,0.000257442657,0.0,58
0.0000000000815235,[],22,[],2019-06-29 02:32:22,126877.0,8.15235e-19,9.624126354899999e-23,7777496,2019-06-29 02:32:22,XMR,68.17454206,0.0,0.00000001,XMR,9626402.6,0.0,0.00126877,58
1,[],5,[],2019-06-17 14:31:27,0.0,0,0,7740135,2019-06-17 14:31:27,btc,0.0,0.00079154,0,btc,0.0,0.0,0.0,61
1,[],22,[],2019-06-17 14:31:30,13612.833333333334,0.00000012,0.00000000001114968,7740136,2019-06-17 14:31:30,BTC,1002.29123003,0.0,0.00000012,BTC,15014.200177125656,0.0,0.00153257,61
1,[],26,[],2019-06-17 14:31:30,0.0,0.00000050,0.000000000046457,7740137,2019-06-17 14:31:30,btc,0.0,0.0,0.00000050,btc,0.0,0.0,0.0,61
1,[],27,[],2019-06-17 14:31:36,8400.0,0.00000018,0.00000000001672452,7740138,2019-06-17 14:31:36,btc,1.9742539297246655,0.0,0.00000018,"btc,eth",10953.51663696,0.0,0.001512,61
0,[],28,[],2019-06-17 14:31:38,0.0,0,0,7740139,2019-06-17 14:31:38,,0.0,0.0,0,,0.0,0.0,0.0,61
1,[],4,[],2019-06-29 02:10:18,187782.24292757,0.00000066,0.000000000079565904,7777388,2019-06-29 02:10:18,btc,3.4446360140634926,0.0,0.00000066,btc,1267562.56821463,0.09176791,0.0654638000926655,67
0.0,[],25,[],2019-06-29 02:10:20,0.0,0,0,7777389,2019-06-29 02:10:20,,0.0,0.0,0.0,btc,0.0,0.0,0.0,67
1,[],12,[],2019-06-02 06:23:14,910048.355,0.00000006,0.000000000005154929999999999,7725270,2019-06-02 06:23:14,btc,5.167005424215783,0.0,0.00000006,btc,738530.60239759,0.003159757462,0.0187188113,71
,[],5,[],2018-11-20 23:02:39,1.5e-07,0.00000005,0.000000000002128045,4862160,2018-11-20 23:02:39,btc,2.84511358,0.0,,btc,0.00036572,0.0,0.07381892,74
1,[],5,[],2019-06-29 02:10:21,0.0,0,0,7777390,2019-06-29 02:10:21,btc,0.0,0.0059764,0,btc,0.0,0.0,0.0,75
1,[],4,[],2019-06-04 03:25:15,715281.46076168,0.00000001,0.000000000000803619,7734085,2019-06-04 03:25:15,btc,581089.6218469425,0.0,0.00000001,btc,37692563.61091116,0.0,0.0071528146076168,81
0,[],20,[],2019-01-25 09:30:31,0.0,0,0,6495923,2019-01-25 09:30:31,btc,0.0,0.0,0,btc,0.0,0.0,0.0,81
1,[],4,[],2019-06-28 19:24:55,222588.90402374,0.00007499,0.000000008993423217,7776133,2019-06-28 19:24:55,btc,58.71982361308501,0.0,0.00007499,btc,122244.44900265,0.31029147,0.2368031185276492,82
1,[],21,[],2019-06-28 19:24:57,320329.67470701,0.00007449999999999999482878931811,0.00000000893465835,7776134,2019-06-28 19:24:57,btc,4.104638855517136,24913.49476628,0.00007449999999999999482878931811313805155805312097072601318359375,btc,40694.891277149996,1.66057331,3.143756957083823,82
0,[],17,[],2019-03-25 22:42:34,0.0,0,0,7038780,2019-03-25 22:42:34,btc,0.0445064681804024,0.0,0,btc,995513.18476001,0.0,0.0,84
0.0000000001161485,[],4,[],2019-05-20 13:09:39,216715621.0206096,1.161485e-18,9.0533806701e-23,7657228,2019-05-20 13:09:39,ltc,1.6511566870244727,0.0,0.00000001,ltc,471032407.9048656,0.0,2.5171194308112273e-10,85
,[],22,[],2018-11-20 23:09:34,3408.1,0.0000001,0.0000000000041895,4862324,2018-11-20 23:09:34,BTC,0.04624735,0.0,,BTC,4990.0,0.0,0.00033081,86
1,[],22,[],2019-06-26 09:07:19,62694.0,0.00000005,0.0000000000063518149999999994,7766682,2019-06-26 09:07:19,BTC,1.85249053,0.0,0.00000005,BTC,287024.94736842107,0.0003,0.00062846,87
1,[],27,[],2019-06-26 09:07:25,361781.0,0.0000002,0.000000000025407259999999998,7766683,2019-06-26 09:07:25,btc,19.86923154858,99950.0,0.0000002,btc,548343.482,0.01999,0.01237888,87
,[],2,[],2018-11-20 23:10:47,0.0,0,0,4862359,2018-11-20 23:10:47,,0.0,0.0,,,0.0,0.0,0.0,88
1,[],11,[],2019-06-17 14:31:59,193715.3529613,0.000073310000000000001140094962881477158589405007660388946533203125,0.00000000681152534,7740147,2019-06-17 14:31:59,btc,168.35454702024953,5791.70569014,0.000073310000000000001140094962881477158589405007660388946533203125,btc,196971.41170107,0.0,1.1996165759440112,89
0,[],2,[],2019-01-20 23:31:45,0.0,0,0,6477083,2019-01-20 23:31:45,,0.0,0.0,0,,0.0,0.0,0.0,91
1,[],12,[],2019-06-29 02:10:23,397314.64965809,0.00000027,0.000000000032549688,7777391,2019-06-29 02:10:23,btc,122.14787400201789,0.0,0.00000027,btc,293229.33259661,0.0,0.0257948129538384,91
1,[],22,[],2019-06-29 02:12:28,75900.0,0.00000001,0.000000000001205544,7777392,2019-06-29 02:12:28,BTC,0.495,0.0,0.00000001,"BTC,LTC",4.95,0.0,0.001659,91
0,[],17,[],2019-05-03 01:12:26,0.0,0,0,7559096,2019-05-03 01:12:26,btc,0.0,0.0,0,btc,0.0,0.0,0.0,91
1,[],22,[],2019-06-29 02:12:32,94060.0,0.00000002,0.000000000002411088,7777393,2019-06-29 02:12:32,BTC,11.45990384,0.0,0.00000002,"BTC,LTC",334809.4683191416,0.0003449700000014042,0.0662712,95
0.0000000000969097,[],4,[],2019-06-29 02:12:33,538144901.6290456,2.5196522e-17,3.0375515917968005e-21,7777394,2019-06-29 02:12:33,ltc,10.916552554878507,0.0,0.00000026,ltc,153627371.18338636,0.00010079,6.507611335583089e-10,96
0,[],12,[],2019-06-29 02:12:35,0.0,0,0,7777395,2019-06-29 02:12:35,btc,36.789789746493504,0.0,0,btc,9955405.649350641,2.007992e-06,0.0,96
0,[],17,[],2019-05-03 01:12:32,0.0,0,0,7559100,2019-05-03 01:12:32,btc,0.0,0.0,0,btc,0.0,0.0,0.0,96
1,[],4,[],2019-04-14 03:32:46,1039404.33283278,0.00000038,0.000000000019245518,7293458,2019-04-14 03:32:46,btc,4.170086055365747,0.0,0.00000038,btc,3097704.34561074,0.06260606,0.1859928211030784,99
0,[],2,[],2019-01-20 23:23:55,0.0,0,0,6476914,2019-01-20 23:23:55,,0.0,0.0,0,,0.0,0.0,0.0,100
1,[],4,[],2019-06-29 02:14:36,190726.72089388,0.00001639,0.000000001975886616,7777396,2019-06-29 02:14:36,btc,8.858097774695057,0.0,0.00001639,btc,164183.17983939,0.52746587,0.4215732986875684,100
1,[],22,[],2019-06-05 06:30:35,150000.0,0.00000002,0.000000000001558192,7740007,2019-06-05 06:30:35,BTC,28.56386409,0.0,0.00000002,BTC,12787.719,0.0,0.0017,101
1,[],4,[],2019-06-29 02:14:37,445715.39877595,0.00000158,0.00000000019047595200000001,7777397,2019-06-29 02:14:37,btc,882.6270008603575,0.0,0.00000158,btc,745315.02701077,0.02752889,0.0660896614696201,103
1,[],12,[],2019-06-17 14:32:14,179201505.10870332,0.000000005,0.00000000000046457,7740154,2019-06-17 14:32:14,btc,113577.79366343976,0.0,0.000000005,btc,79148141.67831126,0.019059029059,0.27280986350611003,105
1,[],27,[],2019-06-17 14:32:19,18306828.03496503,0.00000002,0.00000000000185828,7740155,2019-06-17 14:32:19,btc,180.7198218385489,1083.96503497,0.00000002,btc,276513.60142659,7.588e-05,0.3661365606993006,105
1,[],22,[],2019-04-21 00:17:26,21333.0,0.00000001,0.000000000000532493,7385819,2019-04-21 00:17:26,BTC,51.38182867,0.0,0.00000001,BTC,470435.0,0.0,0.00021333,107
1,[],26,[],2019-04-21 00:17:26,0.0,0.00000000,0,7385820,2019-04-21 00:17:26,btc,0.0,0.0,0.00000000,btc,0.0,0.0,0.0,107
1,[],5,[],2019-06-29 02:14:40,0.0,0,0,7777398,2019-06-29 02:14:40,btc,0.0,0.0,0,btc,0.0,0.0,0.0,112
0,[],22,[],2019-06-29 02:14:43,0.0,0,0,7777399,2019-06-29 02:14:43,,6.79500102,0.0,0,,3375892.0833333335,0.0,0.0,112
1,[],27,[],2019-06-29 02:14:50,1.0,0.00000001,0.000000000001205544,7777400,2019-06-29 02:14:50,btc,0.0,0.0,0.00000001,"btc,eth",0.0,0.0,1e-08,112
1,[],4,[],2019-06-29 02:14:51,918613.76266451,0.00000041,0.000000000049427304000000005,7777401,2019-06-29 02:14:51,btc,6.580954380195629,0.0,0.00000041,btc,993681.07098487,0.0096458,0.0984105915761666,113
1,[],5,[],2019-06-29 02:14:53,0.0,0,0,7777402,2019-06-29 02:14:53,btc,0.0,0.0,0,btc,0.0,0.0,0.0,113
1,[],17,[],2019-04-26 02:17:47,162738.278,0.00000004,0.0000000000021069000000000002,7461287,2019-04-26 02:17:47,btc,1.3331140273775473,0.0,0.00000004,btc,51796.221,0.0,0.00230953112,116
1,[],27,[],2019-05-22 05:13:01,210000.0,0.00000001,0.00000000000079145,7666372,2019-05-22 05:13:01,btc,3919.0005001478,0.0,0.00000001,btc,128660.871,0.0,0.0021,116
1,[],4,[],2019-05-21 22:31:11,138169.03963019,0.00000701,0.000000000558364025,7664793,2019-05-21 22:31:11,btc,150.95388250938234,0.0,0.00000701,btc,344631.17141974,0.07552974,0.4288357684941946,120
1,[],7,[],2019-05-21 22:31:12,3901.07750076,0.000010679999999999999389654892212320191902108490467071533203125,0.0000000008506887,7664794,2019-05-21 22:31:12,btc,231188.94669936574,0.0,0.000010679999999999999389654892212320191902108490467071533203125,btc,4133.83151364,0.0,0.0113888422364489,120
1,[],20,[],2019-04-07 18:42:29,1914137.0852,0.000000035,0.0000000000017871910000000002,7211992,2019-04-07 18:42:29,btc,32.2497668025648,25528.85,0.000000035,btc,1001975.4986,0.00089350975,0.0152723574729,125
1,[],22,[],2019-06-17 14:32:38,10000.0,0.00000001,0.00000000000092914,7740161,2019-06-17 14:32:38,BTC,0.032061,0.0,0.00000001,BTC,299316.7611111111,0.0,0.0001,126
1,[],4,[],2019-06-29 02:14:54,599488.96643739,0.00000307,0.000000000370102008,7777403,2019-06-29 02:14:54,btc,2.4056470984914493,0.0,0.00000307,btc,175364.84030691,0.03176722,0.5811984341712229,131
0,[],2,[],2019-01-20 23:25:46,0.0,0,0,6476969,2019-01-20 23:25:46,,0.0,0.0,0,,0.0,0.0,0.0,131
1,[],17,[],2019-05-03 01:13:10,10000.0,0.00000001,0.000000000000548003,7559115,2019-05-03 01:13:10,btc,0.0953976503951408,0.0,0.00000001,btc,5037.62507334,0.0,0.0001,131
1,[],4,[],2019-06-17 14:32:42,4848.49465417,0.00007919,0.00000000735785966,7740163,2019-06-17 14:32:42,btc,0.9905723729472744,0.0,0.00007919,btc,202.13055914,0.0,0.0061509344290166,135
1,[],3,[],2019-06-05 06:33:11,40600.27748212,0.00000001,0.000000000000779096,7740019,2019-06-05 06:33:11,btc,0.2308097808993716,2146378.52189,0.00000001,btc,2477992.76904676,0.0,0.0004060027748212,136
1,[],4,[],2019-06-29 02:16:56,201021.36726151,0.00000153,0.000000000184448232,7777404,2019-06-29 02:16:56,btc,112.5117935080117,0.0,0.00000153,btc,506987.93141676,0.00747589,0.2144000699234413,137
1,[],12,[],2019-06-29 02:16:57,66993.78335809,0.00000190000000000000001990053087597143388620679615996778011322021484375,0.00000000022905336000000003,7777405,2019-06-29 02:16:57,btc,57.973521994417766,0.0,0.00000190000000000000001990053087597143388620679615996778011322021484375,btc,81644.8079228,0.001946269294,0.0141368399998712,137
1,[],4,[],2019-06-29 02:16:58,357648.95344464,0.00001012,0.000000001220010528,7777406,2019-06-29 02:16:58,btc,5.193236414822095,0.0,0.00001012,btc,159309.42837519,0.1366301,0.2626900417904871,142
1,[],5,[],2019-06-29 02:17:00,0.0,0,0,7777407,2019-06-29 02:17:00,btc,0.0,0.01447272,0,btc,0.0,0.0,0.0,142
1,[],20,[],2019-06-29 02:19:02,275495.8761,0.000010123,0.0000000012203721912,7777408,2019-06-29 02:19:02,btc,1.6108329736203,12.0316,0.000010123,btc,10035.3533,0.0001219162028,0.0070922776929,142
1,[],22,[],2019-06-29 02:19:05,10820.0,0.00000600,0.0000000007233264,7777409,2019-06-29 02:19:05,BTC,2.99759384,0.0,0.00000600,BTC,835.7198755539798,0.0,0.0053672,142
0.0,[],25,[],2019-06-29 02:19:07,0.0,0,0,7777410,2019-06-29 02:19:07,,0.0,0.0,0.0,btc,0.0,0.0,0.0,142
0,[],28,[],2019-06-29 02:19:09,0.0,0,0,7777411,2019-06-29 02:19:09,,0.0,0.0,0,,0.0,0.0,0.0,142
1,[],17,[],2019-05-03 01:13:16,32967.38636364,0.00000088,0.000000000048224264,7559122,2019-05-03 01:13:16,btc,20.06976206696776,0.0,0.00000088,btc,2746.079105,0.0,0.0105613000000032,142
0,[],22,[],2019-06-29 02:19:12,0.0,0,0,7777412,2019-06-29 02:19:12,,1635.49920992,0.0,0,,707007055.1744589,0.0,0.0,143
0,[],22,[],2019-02-25 15:42:22,0.0,0,0,6783783,2019-02-25 15:42:22,,4.2131946,0.0,0,,2322156.0,0.0,0.0,146
,[],22,[],2018-11-20 23:01:11,0.0,0,0,4862114,2018-11-20 23:01:11,,2.56807021,0.0,,,61828.4988236,0.0,0.0,147
1,[],12,[],2019-04-21 06:38:04,193091.5971266,0.00000071,0.000000000037635183,7388679,2019-04-21 06:38:04,btc,2.301232411611175,0.0,0.00000071,btc,9957.48302385,0.00023528,0.0313308199999888,148
1,[],4,[],2019-03-19 21:31:25,255810.0415942,0.00000029,0.000000000011615747,6982695,2019-03-19 21:31:25,btc,218.94922712414143,0.0,0.00000029,btc,793529.37642722,0.00117,0.0608347789473395,152
0,[],22,[],2019-03-19 21:31:27,0.0,0,0,6982696,2019-03-19 21:31:27,,0.0,0.0,0,,0.0,0.0,0.0,152
1,[],5,[],2019-04-26 09:36:59,0.0,0,0,7465040,2019-04-26 09:36:59,btc,0.0,0.0,0,btc,0.0,0.0,0.0,153
,[],16,[],2019-01-11 15:38:59,0.0,0,0,6366141,2019-01-11 15:38:59,btc,0.0,0.0,,btc,0.0,0.0,0.0,155
0,[],23,[],2019-01-20 23:24:29,0.0,0,0,6476932,2019-01-20 23:24:29,,0.0,0.0,0,,0.0,0.0,0.0,156
0,[],22,[],2019-06-04 06:02:09,0.0,0,0,7734688,2019-06-04 06:02:09,,7.43375324,0.0,0,,5955762.942592593,0.0,0.0,156
1,[],22,[],2019-06-29 02:19:16,6996.0,0.00000001,0.000000000001205544,7777413,2019-06-29 02:19:16,BTC,1.7543039,0.0,0.00000001,BTC,57.0,0.0,6.996e-05,157
0,[],22,[],2019-05-21 23:40:32,0.0,0,0,7665049,2019-05-21 23:40:32,,50234.60468402,0.0,0,,54786159.03179465,0.0,0.0,158
,[],17,[],2018-11-20 22:56:10,0.0,0,0,4861976,2018-11-20 22:56:10,btc,1.1265625,0.0,,btc,1000.0,0.0,0.0,159
,[],20,[],2018-11-20 22:56:12,0.0,0,0,4861977,2018-11-20 22:56:12,btc,11912.7940471,0.0,,btc,34413894.3617,0.0,0.0,159
1,[],12,[],2019-05-24 02:51:20,9178.522006449999,0.00000191999999999999982841307998027158276954651228152215480804443359375,0.000000000151222656,7676256,2019-05-24 02:51:20,btc,149.80414728631675,0.0,0.00000191999999999999982841307998027158276954651228152215480804443359375,btc,1115.7451448499999,0.01783167678326,0.0120075778999181,168
1,[],17,[],2019-05-03 01:13:36,42852.0,0.00000002,0.000000000001096006,7559132,2019-05-03 01:13:36,btc,0.04279856251542,0.0,0.00000002,btc,274.46171372,0.0,0.00052852,168
1,[],22,[],2019-05-17 03:01:52,10.0,0.00000001,0.000000000000778341,7642059,2019-05-17 03:01:52,BTC,41.95893009,0.0,0.00000001,BTC,1753972.7737547632,0.0,1e-07,169
1,[],22,[],2019-05-30 08:38:18,202834.0,0.00000002,0.0000000000017416160000000001,7711049,2019-05-30 08:38:18,BTC,27.87002826,0.0,0.00000002,BTC,462189.5410507793,0.0,0.00211768,171
1,[],22,[],2019-05-29 08:05:18,349870.0,0.00000002,0.000000000001705894,7705265,2019-05-29 08:05:18,BTC,24.05907723,0.0,0.00000002,"BTC,LTC",1224285.4355616204,0.0,0.0039847,173
1,[],5,[],2019-06-29 02:19:17,0.0,0,0,7777414,2019-06-29 02:19:17,btc,0.0,0.00476618,0,btc,0.0,0.0,0.0,175
1,[],22,[],2019-06-17 14:33:12,90671.0,0.00000001,0.00000000000092914,7740175,2019-06-17 14:33:12,BTC,394.35459412,0.0,0.00000001,BTC,136275.61833431243,0.0,0.00090671,176
1,[],7,[],2019-06-29 02:19:19,0.0,0,0,7777415,2019-06-29 02:19:19,btc,521516.2378498755,0.0,0,btc,27325354.03590646,0.0,0.0,178
0,[],22,[],2019-06-29 02:19:21,0.0,0,0,7777416,2019-06-29 02:19:21,,1.00242428,0.0,0,,57512.0,0.0,0.0,178
0,[],2,[],2019-01-20 23:28:34,0.0,0,0,6477001,2019-01-20 23:28:34,,0.0,0.0,0,,0.0,0.0,0.0,178
1,[],5,[],2019-06-29 02:19:22,0.0,0,0,7777417,2019-06-29 02:19:22,btc,0.0,0.00199465,0,btc,0.0,0.0,0.0,179
0,[],22,[],2019-06-29 02:19:25,0.0,0,0,7777418,2019-06-29 02:19:25,,9.36129742,0.0,0,,14660694.311946675,0.0,0.0,179
0,[],23,[],2019-01-20 23:25:08,0.0,0,0,6476952,2019-01-20 23:25:08,,0.0,0.0,0,,0.0,0.0,0.0,179
1,[],22,[],2019-06-29 02:21:29,695155.5363636364,0.00000036,0.000000000043399584000000005,7777419,2019-06-29 02:21:29,BTC,40.6047897,0.0,0.00000036,"BTC,LTC",159209.51587503732,0.00274128,0.56506569,180
1,[],26,[],2019-06-29 02:21:29,0.0,0.00000010,0.000000000012055440000000001,7777420,2019-06-29 02:21:29,btc,0.0,0.0,0.00000010,btc,0.0,0.0,0.0,180
1,[],17,[],2019-05-03 01:13:56,20504.725000000002,0.0000001,0.00000000000548003,7559141,2019-05-03 01:13:56,btc,5.2010695838400265,0.0,0.0000001,btc,5033.45945,0.0,0.0011504725,180
,[],7,[],2018-11-20 22:58:01,562227.975654,0.00000085,0.000000000036176765,4862015,2018-11-20 22:58:01,btc,21836.6059674,2491.87645172,,btc,749999.041456,0.00211021,0.127565380455,183
,[],5,[],2019-01-10 08:11:41,0.0,0,0,6347036,2019-01-10 08:11:41,btc,82.15055501,0.00261,,btc,1.19002445,0.0,0.0,187
,[],17,[],2018-11-16 20:58:10,4062536.27273,0.00000001,0.000000000000550501,4708775,2018-11-16 20:58:10,btc,3.36492563466,0.195460381006,,"btc,eth",110697919.549,0.0,0.0157628953496,187
1,[],24,[],2019-05-22 21:04:52,0.0,0.000000000014,0.0000000000000010960978,7670219,2019-05-22 21:04:52,btc,0.0,0.0,0.000000000014,btc,0.0,0.0,0.0,187
0,[],22,[],2019-04-25 02:54:07,0.0,0,0,7447896,2019-04-25 02:54:07,,7.54794454,0.0,0,,76361.7243344055,0.0,0.0,191
0,[],22,[],2019-06-17 14:33:34,0.0,0,0,7740182,2019-06-17 14:33:34,,0.0,0.0,0,,0.0,0.0,0.0,197
0,[],23,[],2019-01-20 23:31:41,0.0,0,0,6477079,2019-01-20 23:31:41,,0.0,0.0,0,,0.0,0.0,0.0,199
0,[],22,[],2019-06-28 08:39:55,0.0,0,0,7774500,2019-06-28 08:39:55,,10.58263174,0.0,0,,84280969.0,0.0,0.0,199
1,[],26,[],2019-06-28 08:39:55,0.0,0.00000000,0,7774501,2019-06-28 08:39:55,btc,0.0,0.0,0.00000000,btc,0.0,0.0,0.0,199
0,[],2,[],2019-01-20 23:30:49,0.0,0,0,6477059,2019-01-20 23:30:49,,0.0,0.0,0,,0.0,0.0,0.0,201
1,[],4,[],2019-01-25 15:51:35,2084389.58565343,0.00000936,0.000000000333526752,6499557,2019-01-25 15:51:35,btc,2.0092503037378524,0.0,0.00000936,btc,160195.80207885,0.19272417,1.242687955921835,211
1,[],7,[],2019-06-29 02:21:32,1170054124.6898527,0.00000018,0.000000000021699792,7777421,2019-06-29 02:21:32,btc,1346736.4017957556,0.0,0.00000018,btc,5660791.41084385,0.0,11.954344045954047,212
1,[],12,[],2019-01-25 02:44:32,207462.42853209,0.000001080000000000000035831255497387193287295303889550268650054931640625,0.000000000038610756000000006,6493050,2019-01-25 02:44:32,btc,85023.03793723314,0.0,0.000001080000000000000035831255497387193287295303889550268650054931640625,btc,43675.73520027,0.000146250909087,0.0348620860622024,213
1,[],5,[],2019-05-30 00:07:46,0.0,0,0,7709357,2019-05-30 00:07:46,btc,0.0,0.06425239,0,btc,0.0,0.0,0.0,213
1,[],24,[],2019-05-30 00:07:46,0.0,0.000000399202,0.0000000000344859829346,7709358,2019-05-30 00:07:46,btc,0.0,0.0,0.000000399202,btc,0.0,0.0,0.0,213
1,[],26,[],2019-05-30 00:07:47,0.0,0.00000040,0.000000000034554919999999996,7709359,2019-05-30 00:07:47,btc,0.0,0.0,0.00000040,btc,0.0,0.0,0.0,213
0,[],22,[],2019-06-29 02:21:35,0.0,0,0,7777422,2019-06-29 02:21:35,,9.56923849,0.0,0,,3661587.2040649247,0.0,0.0,216
0,[],27,[],2019-06-29 02:21:41,0.0,0,0,7777423,2019-06-29 02:21:41,,1948.3405967991976,0.0,0,"btc,ltc",497450.29534794,0.0,0.0,216
1,[],22,[],2019-06-29 02:21:44,1015585.5238095238,0.00000021,0.000000000025316424000000003,7777424,2019-06-29 02:21:44,BTC,12055.86962148,0.0,0.00000021,BTC,588501.4363606856,0.00882839,0.04544833,217
1,[],7,[],2019-06-27 19:02:35,0.0,0,0,7772298,2019-06-27 19:02:35,btc,2123800.2774640615,0.0,0,btc,82333746.4752352,0.0,0.0,219
0,[],27,[],2019-06-29 02:21:49,0.0,0,0,7777425,2019-06-29 02:21:49,,250.21442758069674,0.0,0,btc,146772.535837,0.0,0.0,219
0,[],28,[],2019-06-29 02:21:51,0.0,0,0,7777426,2019-06-29 02:21:51,,0.0,0.0,0,,0.0,0.0,0.0,219
0,[],22,[],2019-06-26 23:36:41,0.0,0,0,7769178,2019-06-26 23:36:41,,56.75439223,0.0,0,,184664.6482738741,0.0,0.0,221
1,[],24,[],2019-06-26 23:36:41,0.0,0.000000030000,0.000000000003835668,7769179,2019-06-26 23:36:41,btc,0.0,0.0,0.000000030000,btc,0.0,0.0,0.0,221
1,[],20,[],2019-06-17 14:34:11,26882155.8301,0.000000003,0.000000000000278742,7740192,2019-06-17 14:34:11,btc,100050.81956632523,233521.3529,0.000000003,btc,38769742.8604,0.0007925640587,0.0306863532672,224
0,[],22,[],2019-06-17 14:34:13,0.0,0,0,7740193,2019-06-17 14:34:13,,0.0,0.0,0,,0.0,0.0,0.0,224
1,[],26,[],2019-06-29 02:21:51,0.0,0.00000022,0.000000000026521968,7777427,2019-06-29 02:21:51,btc,0.0,0.0,0.00000022,btc,0.0,0.0,0.0,231
1,[],26,[],2019-06-29 02:21:51,0.0,0.00000005,0.0000000000060277200000000005,7777428,2019-06-29 02:21:51,btc,0.0,0.0,0.00000005,btc,0.0,0.0,0.0,234
0.0000000002520324,[],27,[],2019-06-29 02:21:57,100.0,2.520324e-18,3.038361476256e-22,7777429,2019-06-29 02:21:57,eth,0.0,0.0,0.00000001,"btc,eth",0.0,0.0,2.520324e-16,234
1,[],4,[],2019-05-22 17:06:12,91780.56053785,0.00000078,0.000000000061977552,7669277,2019-05-22 17:06:12,btc,5.573372450018177,0.0,0.00000078,btc,729173.93529783,0.0,0.0307060663355679,236
1,[],24,[],2019-05-22 17:06:12,0.0,0.000000010000,0.000000000000794584,7669278,2019-05-22 17:06:12,btc,0.0,0.0,0.000000010000,btc,0.0,0.0,0.0,236
1,[],5,[],2019-06-29 02:21:58,0.0,0,0,7777430,2019-06-29 02:21:58,btc,0.0,1.01472038,0,btc,0.0,0.0,0.0,237
1,[],20,[],2019-06-29 02:22:00,117679012.1152,0.000000057,0.0000000000068716008,7777431,2019-06-29 02:22:00,btc,549.1381169160544,10523170.8298,0.000000057,btc,49011084.983,0.6386749250648,0.5581586296409,237
1,[],22,[],2019-06-29 02:22:04,2084614.0,0.00000004,0.000000000004822176,7777432,2019-06-29 02:22:04,BTC,1.20112188,0.0,0.00000004,"BTC,LTC",14507.148717948718,0.0,0.02587451,237
1,[],4,[],2019-06-29 02:22:05,26399607.59244786,0.00000007,0.000000000008438808,7777433,2019-06-29 02:22:05,btc,2.516828979884703,0.0,0.00000007,btc,10812638.69051876,0.0547709,0.5386144689567225,238
1,[],5,[],2019-06-29 02:22:06,0.0,0,0,7777434,2019-06-29 02:22:06,btc,0.0,0.00217681,0,btc,0.0,0.0,0.0,238
0,[],22,[],2019-03-12 16:49:32,0.0,0,0,6914458,2019-03-12 16:49:32,,0.40415746,0.0,0,,526736.5639027493,0.0,0.0,249
0,[],22,[],2019-05-28 23:53:45,0.0,0,0,7703643,2019-05-28 23:53:45,,13.44714864,0.0,0,,43777534.3426455,0.0,0.0,252
0,[],28,[],2019-06-29 02:22:08,0.0,0,0,7777435,2019-06-29 02:22:08,,0.0,0.0,0,,0.0,0.0,0.0,256
1,[],22,[],2019-06-29 02:22:12,528824.0,0.00000001,0.000000000001205544,7777436,2019-06-29 02:22:12,BTC,31471.48541794,0.0,0.00000001,"BTC,LTC",1165516.0289488921,4e-05,0.00768824,258
1,[],22,[],2019-05-19 18:12:02,400.0,0.00000001,0.0000000000007957800000000001,7653905,2019-05-19 18:12:02,BTC,2.415167,0.0,0.00000001,BTC,157.0,0.0,4e-06,259
1,[],5,[],2019-06-29 02:22:13,0.0,0,0,7777437,2019-06-29 02:22:13,btc,0.0,0.04247714,0,btc,0.0,0.0,0.0,264
1,[],20,[],2019-06-29 02:22:15,934398.8876,0.000000177,0.0000000000213381288,7777438,2019-06-29 02:22:15,btc,1.0498331993291,33336.1791,0.000000177,btc,34657.2132,0.0128682839728,0.0056155408167,264
0,[],22,[],2019-04-12 17:57:27,0.0,0,0,7278186,2019-04-12 17:57:27,,66.37522201,0.0,0,,677842.4169881374,0.0,0.0,271
0,[],22,[],2019-06-29 02:22:18,0.0,0,0,7777439,2019-06-29 02:22:18,,33050469.74148113,0.0,0,,14261527780.7,0.0,0.0,272
0,[],28,[],2019-06-29 02:22:19,0.0,0,0,7777440,2019-06-29 02:22:19,,0.0,0.0,0,,0.0,0.0,0.0,272
1,[],22,[],2019-05-23 07:12:29,219930.0,0.00000004,0.000000000003048688,7671985,2019-05-23 07:12:29,BTC,426.77835217,0.0,0.00000004,BTC,248664.3325962929,0.0,0.00739728,281
1,[],22,[],2019-06-29 02:22:23,86301.7,0.00000001,0.000000000001205544,7777441,2019-06-29 02:22:23,BTC,7.83790157,0.0,0.00000001,"BTC,LTC",1106710.2660440896,0.0003467700001159428,0.00417427,286
0,[],22,[],2019-06-17 14:34:53,0.0,0,0,7740207,2019-06-17 14:34:53,,7337915.80475575,0.0,0,,2078527309.6797826,0.0,0.0,294
