pairValue,buyBook,exchangeId,sellBook,updated,buyTotal,satoshiPrice,usdPrice,exchangeLogId,created,bestPair,sellTotalBtc,volume,pairPrice,activePairs,sellTotal,volumeBtc,buyTotalBtc,coinId
1,[],3,[],2019-06-24 13:29:01,31487.805838917186,0.01070357000000000079198425595450316905044019222259521484375,0.000001166050126871000180766606626,7758752,2019-06-24 13:29:01,btc,9.159424513606448,58.1544518351,0.01070357000000000079198425595450316905044019222259521484375,btc,20.830331490573002,0.0,0.3743798544219546,1
1,[],4,[],2019-06-24 13:29:02,353597.8755937,0.01060009,0.000001154776984627000093574116698,7758753,2019-06-24 13:29:02,btc,8.648223520654971,0.0,0.01060009,btc,377.3363576,4.17701402,1.0569039127570259,1
1,[],5,[],2019-06-24 13:29:04,0.0,0,0,7758754,2019-06-24 13:29:04,btc,0.0,0.0121473,0,btc,0.0,0.0,0.0,1
1,[],10,[],2019-06-24 13:29:07,310757.38018051,0.00358272,0.0000003903025916160001,7758755,2019-06-24 13:29:07,btc,6521.481655781431,1557.38152512,0.00358272,btc,1235.66799383,0.0,2.0952303894689077,1
1,[],12,[],2019-06-24 13:29:09,93.78379552,0.0106300000000000005595524044110788963735103607177734375,0.000001158035389000000154795959167,7758756,2019-06-24 13:29:09,btc,0.3738037923095,0.0,0.0106300000000000005595524044110788963735103607177734375,btc,32.36639408,3.274619980913,0.2145868171079,1
1,[],20,[],2019-06-24 13:29:11,919.0902,0.010300063,0.000001122091953238900090925576779,7758757,2019-06-24 13:29:11,btc,0.1539189781851,0.9961,0.010300063,btc,11.3685,0.0117951601066,0.1359450303647,1
1,[],21,[],2019-06-24 13:29:13,2058.1030194,0.01064045999999999915497372882,0.000001159174904538000001873074323,7758758,2019-06-24 13:29:13,btc,13.629183605535848,1835.50286632,0.01064045999999999915497372882100535207428038120269775390625,"btc,eth",1604.00573068,15.50955608112635,17.07633500049271,1
1,[],22,[],2019-06-24 13:29:16,0.0199,0.00110000,0.00000011983433000000002,7758759,2019-06-24 13:29:16,BTC,0.01666796,0.0,0.00110000,BTC,0.25318100557485945,0.0,2.189e-05,1
1,[],24,[],2019-06-24 13:29:17,0.0,0.000000000000,0,7758760,2019-06-24 13:29:17,btc,0.0,0.0,0.000000000000,btc,0.0,0.0,0.0,1
0.0,[],25,[],2019-06-24 13:29:18,0.0,0,0,7758761,2019-06-24 13:29:18,btc,64.47459999726186,10616.4687752,0.0,btc,5900.10862614,114.9574,0.0,1
1,[],26,[],2019-06-24 13:29:20,0.0,0,0,7758762,2019-06-24 13:29:20,,0.0,0.0,0,,0.0,0.0,0.0,1
0,[],28,[],2019-06-24 13:29:21,0.0,0,0,7758763,2019-06-24 13:29:21,,0.0,0.0,0,,0.0,0.0,0.0,1
0,[],2,[],2019-01-20 23:28:45,0.0,0,0,6477011,2019-01-20 23:28:45,,0.0,0.0,0,,0.0,0.0,0.0,1
1,[],5,[],2019-06-17 14:29:02,0.0,0,0,7740076,2019-06-17 14:29:02,btc,0.0,2.72e-05,0,btc,0.0,0.0,0.0,2
1,[],22,[],2019-06-17 14:29:06,11550.3,0.0000002,0.0000000000185828,7740077,2019-06-17 14:29:06,BTC,21.00897301,0.0,0.0000002,"BTC,XMR",20678.87287795317,1.754e-05,0.00143681,2
1,[],5,[],2019-06-03 14:48:58,0.0,0,0,7731126,2019-06-03 14:48:58,btc,0.0,0.05905545,0,btc,0.0,0.0,0.0,3
1,[],12,[],2019-06-03 14:48:59,3468623.70302,0.000000116,0.000000000009823402000000002,7731127,2019-06-03 14:48:59,btc,169531.0336573751,0.0,0.000000116,btc,2361209.62379607,0.041350953071,0.33764769154428,3
0,[],28,[],2019-06-03 14:49:00,0.0,0,0,7731128,2019-06-03 14:49:00,,0.0,0.0,0,,0.0,0.0,0.0,3
0,[],2,[],2019-01-20 23:31:32,0.0,0,0,6477077,2019-01-20 23:31:32,,0.0,0.0,0,,0.0,0.0,0.0,4
1,[],4,[],2019-05-18 21:29:50,562734.9206932,0.00000010,0.000000000007298720000000001,7650946,2019-05-18 21:29:50,btc,41.9347137769675,0.0,0.00000010,btc,1123702.32192634,0.00052462,0.029254593370966,4
0,[],12,[],2019-06-02 05:03:43,0.0,0,0,7724919,2019-06-02 05:03:43,btc,625.901992874995,0.0,0,btc,1211362.4995005,0.0,0.0,5
0,[],2,[],2019-01-20 23:31:51,0.0,0,0,6477087,2019-01-20 23:31:51,,0.0,0.0,0,,0.0,0.0,0.0,6
1,[],11,[],2019-06-24 13:29:23,5614839.276736,0.00000002,0.000000000002178806,7758764,2019-06-24 13:29:23,btc,9583.588788561648,1938000.0,0.00000002,btc,75249151.28160685,0.0,0.07043955276736,6
1,[],3,[],2019-06-24 13:29:23,12634.329141973076,0.00008500000000000000610622663543836097232997417449951171875,0.000000009259925500000001,7758765,2019-06-24 13:29:23,btc,1026.2904164862516,514.854334368,0.00008500000000000000610622663543836097232997417449951171875,btc,369.906562948042,0.0,0.02381024682908927,7
1,[],4,[],2019-06-24 13:29:24,299579.81255835,0.00007380,0.000000008039794140000001,7758766,2019-06-24 13:29:24,btc,7.175943358381872,0.0,0.00007380,btc,55308.45072589,1.16938843,1.7836088500283787,7
1,[],5,[],2019-06-24 13:29:25,0.0,0,0,7758767,2019-06-24 13:29:25,btc,0.0,0.0292072,0,btc,0.0,0.0,0.0,7
1,[],20,[],2019-04-07 22:06:50,3201475.0482,0.000000001,0.000000000000051590000000000004,7213932,2019-04-07 22:06:50,btc,30.8005781811902,0.0,0.000000001,btc,23077405.3926,0.0,0.0032014750482,8
0,[],2,[],2019-01-20 23:22:42,0.0,0,0,6476876,2019-01-20 23:22:42,,0.0,0.0,0,,0.0,0.0,0.0,9
0,[],23,[],2019-01-20 23:22:48,0.0,0,0,6476878,2019-01-20 23:22:48,,0.0,0.0,0,,0.0,0.0,0.0,9
1,[],4,[],2019-06-24 13:29:27,1719882.25037147,0.00000053,0.000000000057738359,7758768,2019-06-24 13:29:27,btc,3.0822449823260634,0.0,0.00000053,btc,2840846.00025528,0.65304803,0.4120602715957369,9
0,[],28,[],2019-06-24 13:29:28,0.0,0,0,7758769,2019-06-24 13:29:28,,0.0,0.0,0,,0.0,0.0,0.0,9
1,[],1,[],2019-02-17 23:31:42,1822507.21,0.00000181000000000000003456111265232042484285557293333113193511962890625,0.000000000066086901,6701244,2019-02-17 23:31:42,btc,3.6990969245,17153386.5,0.00000181000000000000003456111265232042484285557293333113193511962890625,btc,1997391.71,31.11772986,3.2610482446,9
1,[],4,[],2019-02-17 11:22:43,4341674.27126056,0.00000002,0.0000000000007272960000000001,6696112,2019-02-17 11:22:43,btc,0.1997230937751353,0.0,0.00000002,btc,4109766.79808031,0.00215132,0.0479381022052112,10
0,[],2,[],2019-01-20 23:23:08,0.0,0,0,6476890,2019-01-20 23:23:08,,0.0,0.0,0,,0.0,0.0,0.0,12
1,[],4,[],2019-06-24 13:29:29,40473564.80870782,0.00000029,0.000000000031592687000000004,7758770,2019-06-24 13:29:29,btc,7.139571116499131,0.0,0.00000029,btc,8694502.30936694,0.83886481,2.042809868371517,12
1,[],5,[],2019-06-24 13:29:30,0.0,0,0,7758771,2019-06-24 13:29:30,btc,0.0,0.0098718,0,btc,0.0,0.0,0.0,12
0.0,[],25,[],2019-06-24 13:29:31,0.0,0,0,7758772,2019-06-24 13:29:31,,0.0,0.0,0.0,btc,0.0,0.0,0.0,12
1,[],10,[],2019-06-24 06:53:57,568612.52781676,0.00000339,0.000000000364859598,7757923,2019-06-24 06:53:57,btc,666798.2740581548,33827.5076299,0.00000339,btc,869417.29192553,0.0,0.2477024361972625,13
1,[],4,[],2019-06-24 13:29:32,578858.99892034,0.00000337,0.000000000367128811,7758773,2019-06-24 13:29:32,btc,2.0755775981357423,0.0,0.00000337,btc,331655.2598422,0.99804157,0.3516499002610312,13
1,[],21,[],2019-06-24 13:29:36,5922809.99976816,0.000003400000000000000057901817022,0.00000000037039702000000005,7758774,2019-06-24 13:29:36,btc,3.0415431835967457,1479484.45507658,0.00000340000000000000005790181702158836429816801683045923709869384765625,btc,715897.99366227,4.93811003,3.3505317716003162,13
1,[],4,[],2019-06-24 13:29:36,974051.90497419,0.00000065,0.00000000007081119500000001,7758775,2019-06-24 13:29:36,btc,9.73673291536983,0.0,0.00000065,btc,1272634.43418135,0.07353121,0.0991585997459667,14
1,[],12,[],2019-06-24 13:29:38,217255.87816624,0.00000058,0.000000000063185374,7758776,2019-06-24 13:29:38,btc,194.473019237231,0.0,0.00000058,btc,26422.59520206,0.000396151878,0.0178748999999485,14
1,[],26,[],2019-06-24 13:31:38,0.0,0.00000050,0.00000000005447015,7758777,2019-06-24 13:31:38,btc,0.0,0.0,0.00000050,btc,0.0,0.0,0.0,14
0,[],17,[],2019-05-03 00:53:32,0.0,0,0,7558876,2019-05-03 00:53:32,btc,0.0,0.0,0,btc,0.0,0.0,0.0,14
,[],12,[],2018-12-01 15:15:48,204241.84496,0.00000489,0.000000000202473384,5260204,2018-12-01 15:15:48,btc,49.5475654835,0.0,,btc,35763.2193806,0.0163153972027625,0.0203389899998,15
0,[],4,[],2019-06-24 13:31:39,0.0,0,0,7758778,2019-06-24 13:31:39,,0.0,0.0,0,,0.0,0.0,0.0,15
0,[],2,[],2019-01-20 23:23:38,0.0,0,0,6476906,2019-01-20 23:23:38,,0.0,0.0,0,,0.0,0.0,0.0,18
1,[],4,[],2019-06-24 13:31:40,31200.97668362,0.00000940,0.00000000102403882,7758779,2019-06-24 13:31:40,btc,2.4494639778986396,0.0,0.00000940,btc,16479.00822789,0.05220496,0.042579755997419,18
1,[],10,[],2019-06-24 13:31:42,383040.15534513,0.00000968,0.0000000010545421040000002,7758780,2019-06-24 13:31:42,btc,14.914157893570467,2292.90605147,0.00000968,btc,13561.97102752,0.0,0.1227756143899461,18
1,[],12,[],2019-06-24 13:31:44,934.68778005,0.000009500000000000000523019128007007338965195231139659881591796875,0.0000000010349328500000001,7758781,2019-06-24 13:31:44,btc,0.522432738558697,0.0,0.000009500000000000000523019128007007338965195231139659881591796875,btc,1928.44661749,5.62398e-07,0.0037269954119985,18
0,[],17,[],2019-05-03 00:53:39,0.0,0,0,7558882,2019-05-03 00:53:39,btc,0.0,0.0,0,btc,0.0,0.0,0.0,18
0,[],2,[],2019-01-20 23:24:19,0.0,0,0,6476924,2019-01-20 23:24:19,,0.0,0.0,0,,0.0,0.0,0.0,19
1,[],3,[],2019-06-24 13:33:44,159800.8640011589,0.000007659999999999999505139770816786182194846333004534244537353515625,0.000000000834482698,7758782,2019-06-24 13:33:44,btc,190.34624812324552,13026.6920665,0.000007659999999999999505139770816786182194846333004534244537353515625,btc,18656.979059098816,0.0,0.0771311089436939,19
1,[],4,[],2019-06-24 13:33:45,362319.99132141,0.00000899,0.000000000979373297,7758783,2019-06-24 13:33:45,btc,5.40228916901803,0.0,0.00000899,btc,246338.69286615,0.29567606,1.6065653596900302,19
1,[],5,[],2019-06-24 13:33:46,0.0,0,0,7758784,2019-06-24 13:33:46,btc,0.0,0.00550017,0,btc,0.0,0.0,0.0,19
1,[],12,[],2019-06-24 13:33:47,109036.94010829,0.0000070299999999999996077638432512291188913877704180777072906494140625,0.000000000765850309,7758785,2019-06-24 13:33:47,btc,1.2047799707501516,0.0,0.0000070299999999999996077638432512291188913877704180777072906494140625,btc,2973.67008334,0.0,0.0199646213762684,19
0,[],27,[],2019-06-24 13:33:53,0.0,0,0,7758786,2019-06-24 13:33:53,,0.0,0.0,0,btc,0.0,0.0,0.0,19
1,[],4,[],2019-06-24 13:33:54,10087097.23656777,0.00000005,0.000000000005447015,7758787,2019-06-24 13:33:54,btc,5.168377155030609,0.0,0.00000005,btc,2227203.78226973,0.0,0.1176747238096551,20
0,[],4,[],2019-06-24 13:33:55,0.0,0,0,7758788,2019-06-24 13:33:55,,11157.642988422389,0.0,0,,83613383.40349498,0.0,0.0,21
0,[],12,[],2019-06-24 13:33:55,0.0,0,0,7758789,2019-06-24 13:33:55,btc,2602.9610068354946,0.0,0,btc,7969298.34765232,3.996e-07,0.0,21
0,[],17,[],2019-05-03 00:53:51,0.0,0,0,7558891,2019-05-03 00:53:51,btc,0.0,0.0,0,btc,0.0,0.0,0.0,21
1,[],12,[],2019-06-24 13:35:57,5953702458.277,0.0000000004,0.000000000000043576120000000006,7758790,2019-06-24 13:35:57,btc,1428624034790.5625,0.0,0.0000000004,btc,2601135027.699301,0.035249942077,1.4885585934108003,23
0.000000000284634,[],27,[],2019-06-24 13:36:02,65815406.0,8.53902e-18,9.30243400506e-22,7758791,2019-06-24 13:36:02,eth,1046.0968162079005,221483.0,0.00000003,eth,7505122.70979221,2.52166368888e-12,2.7228600211932e-10,23
1,[],4,[],2019-06-22 05:45:29,6100414.07522138,0.00000017,0.00000000001823352,7751732,2019-06-22 05:45:29,btc,10.22685272773715,0.0,0.00000017,btc,1790815.48208265,0.0,0.1345450262400025,24
0,[],22,[],2019-06-22 05:45:31,0.0,0,0,7751733,2019-06-22 05:45:31,,6.22e-05,0.0,0,,517.4264705882352,0.0,0.0,24
0.0,[],25,[],2019-06-22 05:45:32,0.0,0,0,7751734,2019-06-22 05:45:32,,0.0,0.0,0.0,btc,0.0,0.0,0.0,24
0,[],2,[],2019-01-20 23:25:56,0.0,0,0,6476976,2019-01-20 23:25:56,,0.0,0.0,0,,0.0,0.0,0.0,26
1,[],4,[],2019-06-24 13:36:03,26926267.34659998,0.00000396,0.00000000043140358800000006,7758792,2019-06-24 13:36:03,btc,6.531406578797946,0.0,0.00000396,btc,211229.20241451,0.10171038,0.4039079203562673,26
1,[],10,[],2019-06-24 13:36:05,162555.16053161,0.0000043,0.0000000004684432900000001,7758793,2019-06-24 13:36:05,btc,25.27112257169362,6111.53443949,0.0000043,btc,20169.23019807,0.0,0.0507891207137615,26
1,[],5,[],2019-04-26 09:47:06,0.0,0,0,7465326,2019-04-26 09:47:06,btc,0.0,0.0,0,btc,0.0,0.0,0.0,27
1,[],3,[],2019-06-17 14:30:26,13571825.64059417,0.00000001,0.00000000000092914,7740112,2019-06-17 14:30:26,btc,3.485049956644059,4264730.43754,0.00000001,btc,23500048.28518193,0.0,0.1357182564059417,27
1,[],11,[],2019-06-17 14:30:28,2031833.58157834,0.00000001,0.00000000000092914,7740113,2019-06-17 14:30:28,btc,67502.92060589766,32677.9652116,0.00000001,btc,6487362.95640949,0.0,0.0203183358157834,27
1,[],4,[],2019-06-24 13:36:06,872038450.2495339,0.00000001,0.000000000001089403,7758794,2019-06-24 13:36:06,btc,5.928720355772312,0.0,0.00000001,"btc,ltc",411013368.67934245,0.09175694,5.349498027787778,29
1,[],7,[],2019-06-24 13:36:08,88235545.39145988,0.00000001,0.000000000001089403,7758795,2019-06-24 13:36:08,btc,46548272.19336446,0.0,0.00000001,btc,36540332.55669407,0.0,0.8823554539145988,29
0,[],17,[],2019-05-03 01:11:25,0.0,0,0,7559066,2019-05-03 01:11:25,btc,0.0,0.0,0,btc,0.0,0.0,0.0,30
1,[],4,[],2019-06-24 13:36:08,15492325.97378427,0.00000005,0.000000000005447015,7758796,2019-06-24 13:36:08,btc,2.5882812799918344,0.0,0.00000005,btc,2237643.51667946,0.00010978,0.1716198680678411,30
1,[],4,[],2019-06-24 13:38:09,205092.18561357,0.00003393,0.0000000036963443790000004,7758797,2019-06-24 13:38:09,btc,3.655776667490315,0.0,0.00003393,btc,57558.15438833,0.46830622,0.3735147006246316,31
1,[],21,[],2019-06-24 13:38:10,677606.24802839,0.00003457000000000000274492234498,0.000000003766066171000001,7758798,2019-06-24 13:38:10,btc,5.1878219984958465,259503.42884836,0.000034570000000000002744922344977140937771764583885669708251953125,btc,117550.24336807,8.961077,3.880066587673188,31
0,[],2,[],2019-01-20 23:28:43,0.0,0,0,6477009,2019-01-20 23:28:43,,0.0,0.0,0,,0.0,0.0,0.0,32
1,[],12,[],2019-03-30 07:55:10,40641173.964,0.00000003,0.000000000001228359,7108785,2019-03-30 07:55:10,btc,4233210.82356125,0.0,0.00000003,btc,28378394.68333462,0.0126927883965248,0.90752895892,33
0,[],4,[],2019-06-24 13:38:11,0.0,0,0,7758799,2019-06-24 13:38:11,,0.0,0.0,0,,0.0,0.0,0.0,33
0.0000000001243396,[],4,[],2019-06-24 13:38:13,150457299.3356371,6.465659200000001e-17,7.043708529457601e-21,7758800,2019-06-24 13:38:13,ltc,4.302726594511347,0.0,0.00000052,ltc,164338075.20774242,0.0,8.770867597456612e-10,34
1,[],5,[],2019-06-24 13:38:15,0.0,0,0,7758801,2019-06-24 13:38:15,btc,0.0,0.0,0,btc,0.0,0.0,0.0,34
0.0000000002926451,[],17,[],2019-05-02 18:17:47,200000.0,2.9264510000000002e-18,1.596703856561e-22,7556430,2019-05-02 18:17:47,eth,0.20942468735267253,0.0,0.00000001,"btc,eth",1018272.20243647,0.0,5.852902e-13,36
0.0000000001311821,[],4,[],2019-05-31 13:28:19,2417517744.0607657,1.311821e-18,1.105058333085e-22,7717483,2019-05-31 13:28:19,ltc,5.019900492391546e-08,0.0,0.00000001,ltc,7102398142.262129,0.0,3.171350544531538e-09,36
1,[],5,[],2019-05-31 13:28:21,0.0,0,0,7717484,2019-05-31 13:28:21,btc,0.0,0.0,0,btc,0.0,0.0,0.0,36
0.0000000003108179,[],27,[],2019-05-31 13:30:34,10388811.226876,6.216358000000001e-18,5.236566733830001e-22,7717485,2019-05-31 13:30:34,eth,1569.8708019850988,761866.634299,0.00000002,"ltc,eth",5084024.2511555,4.736034912207001e-12,3.3251980286483705e-11,36
1,[],17,[],2019-05-03 01:11:36,211752.74075282,0.00000025,0.000000000013700074999999998,7559074,2019-05-03 01:11:36,btc,0.055484923955058496,0.0,0.00000025,"btc,eth",1387.19918473,0.0,0.0005381851887916605,37
1,[],4,[],2019-06-24 13:38:16,10763996.68217329,0.00000013,0.000000000014162239000000001,7758802,2019-06-24 13:38:16,btc,19773.055461372427,0.0,0.00000013,btc,682946.14349671,0.00033075,0.1368514343028934,37
1,[],12,[],2019-06-24 13:38:17,4207631.54235103,0.00000013,0.000000000014162239000000001,7758803,2019-06-24 13:38:17,btc,7.3802012308991065,0.0,0.00000013,btc,1701119.55625206,0.026905444634,0.15284634479563358,37
1,[],27,[],2019-06-24 13:40:22,11304.0,0.00000019,0.000000000020698657,7758804,2019-06-24 13:40:22,btc,22.62970013895233,0.0,0.00000019,btc,4298.824295,0.0,0.00168776,37
1,[],5,[],2019-06-24 13:40:24,0.0,0,0,7758805,2019-06-24 13:40:24,btc,0.0,0.24780823,0,btc,0.0,0.0,0.0,42
1,[],12,[],2019-06-24 13:40:24,1334703.17601845,0.000001889999999999999903886019510246274677456312929280102252960205078125,0.000000000205897167,7758806,2019-06-24 13:40:24,btc,537.9318109219473,0.0,0.000001889999999999999903886019510246274677456312929280102252960205078125,btc,134845.11129808,0.073922525943,0.0665732186001588,42
1,[],27,[],2019-06-24 13:40:31,889.0,0.00000140,0.00000000015251642,7758807,2019-06-24 13:40:31,btc,0.07600425,0.0,0.00000140,"btc,eth",18.0,0.0,0.0005422000002990365,42
1,[],12,[],2019-03-13 09:13:29,1112112.0,0.00000001,0.000000000000386531,6919902,2019-03-13 09:13:29,btc,29058.00478931866,0.0,0.00000001,btc,5967681.93306694,9.99000999e-07,0.01112112,43
1,[],5,[],2019-04-26 22:38:52,0.0,0,0,7474154,2019-04-26 22:38:52,btc,0.0,0.02638891,0,btc,0.0,0.0,0.0,43
0,[],17,[],2019-04-26 22:38:53,0.0,0,0,7474155,2019-04-26 22:38:53,btc,0.0,0.0,0,btc,0.0,0.0,0.0,43
1,[],12,[],2019-03-05 01:54:08,639326.02,0.00000004,0.000000000001486676,6845775,2019-03-05 01:54:08,btc,11116042.728239931,0.0,0.00000004,btc,1103841.4595604,0.0003330765234764,0.014975410599999999,44
0.0000000001243396,[],4,[],2019-06-24 13:40:32,106678477.19824575,4.9735840000000005e-17,5.418237330352001e-21,7758808,2019-06-24 13:40:32,ltc,1601.9005092559762,0.0,0.0000004,ltc,26011270.32896898,0.0,5.936728884565821e-10,49
0.0000000001243396,[],4,[],2019-06-24 13:40:33,317543985.9721978,2.4867920000000003e-17,2.7091186651760003e-21,7758809,2019-06-24 13:40:33,ltc,28149.843071861233,0.0,0.0000002,ltc,198390485.77853486,0.0,2.3767909370474413e-09,52
0,[],22,[],2019-06-24 13:40:35,0.0,0,0,7758810,2019-06-24 13:40:35,,10289.80784133,0.0,0,,287058287.4566013,0.0,0.0,57
0,[],27,[],2019-06-24 13:40:43,0.0,0,0,7758811,2019-06-24 13:40:43,,0.0,0.0,0,"btc,eth",0.0,0.0,0.0,57
1,[],17,[],2019-05-03 01:12:09,1200000.0,0.0000000001,0.00000000000000548003,7559085,2019-05-03 01:12:09,btc,1e+24,0.0,0.0000000001,"btc,eth",39516342.31952568,0.0,0.00010000000058666061,58
0,[],4,[],2019-06-24 13:40:44,0.0,0,0,7758812,2019-06-24 13:40:44,,19.719367968843773,0.0,0,,5725525300.92672,0.0,0.0,58
1,[],12,[],2019-06-24 13:40:44,455718668.0999,0.0000000001,0.000000000000010894030000000002,7758813,2019-06-24 13:40:44,btc,34228901.7204048,0.0,0.0000000001,btc,3036952565.3715854,0.002808708794,0.04557186680999,58
0.0000000001063775,[],22,[],2019-06-24 13:42:48,126877.0,1.063775e-18,1.158879676325e-22,7758814,2019-06-24 13:42:48,XMR,68.17454206,0.0,0.00000001,XMR,9626402.6,0.0,0.00126877,58
1,[],5,[],2019-06-17 14:31:27,0.0,0,0,7740135,2019-06-17 14:31:27,btc,0.0,0.00079154,0,btc,0.0,0.0,0.0,61
1,[],22,[],2019-06-17 14:31:30,13612.833333333334,0.00000012,0.00000000001114968,7740136,2019-06-17 14:31:30,BTC,1002.29123003,0.0,0.00000012,BTC,15014.200177125656,0.0,0.00153257,61
1,[],26,[],2019-06-17 14:31:30,0.0,0.00000050,0.000000000046457,7740137,2019-06-17 14:31:30,btc,0.0,0.0,0.00000050,btc,0.0,0.0,0.0,61
1,[],27,[],2019-06-17 14:31:36,8400.0,0.00000018,0.00000000001672452,7740138,2019-06-17 14:31:36,btc,1.9742539297246655,0.0,0.00000018,"btc,eth",10953.51663696,0.0,0.001512,61
0,[],28,[],2019-06-17 14:31:38,0.0,0,0,7740139,2019-06-17 14:31:38,,0.0,0.0,0,,0.0,0.0,0.0,61
1,[],4,[],2019-06-24 13:42:49,621032.31568091,0.00000074,0.00000000008061582200000001,7758815,2019-06-24 13:42:49,btc,3.5631179000547264,0.0,0.00000074,btc,1311186.73001192,0.02149693,0.3536222615378485,67
0.0,[],25,[],2019-06-24 13:42:50,0.0,0,0,7758816,2019-06-24 13:42:50,,0.0,0.0,0.0,btc,0.0,0.0,0.0,67
1,[],12,[],2019-06-02 06:23:14,910048.355,0.00000006,0.000000000005154929999999999,7725270,2019-06-02 06:23:14,btc,5.167005424215783,0.0,0.00000006,btc,738530.60239759,0.003159757462,0.0187188113,71
,[],5,[],2018-11-20 23:02:39,1.5e-07,0.00000005,0.000000000002128045,4862160,2018-11-20 23:02:39,btc,2.84511358,0.0,,btc,0.00036572,0.0,0.07381892,74
1,[],5,[],2019-06-24 13:42:52,0.0,0,0,7758817,2019-06-24 13:42:52,btc,0.0,0.00226091,0,btc,0.0,0.0,0.0,75
1,[],4,[],2019-06-04 03:25:15,715281.46076168,0.00000001,0.000000000000803619,7734085,2019-06-04 03:25:15,btc,581089.6218469425,0.0,0.00000001,btc,37692563.61091116,0.0,0.0071528146076168,81
0,[],20,[],2019-01-25 09:30:31,0.0,0,0,6495923,2019-01-25 09:30:31,btc,0.0,0.0,0,btc,0.0,0.0,0.0,81
1,[],4,[],2019-06-24 13:42:53,221227.89447348,0.00009395,0.000000010234941185000001,7758818,2019-06-24 13:42:53,btc,57.28153421520584,0.0,0.00009395,btc,115093.4058845,1.00810538,0.3106024853981341,82
1,[],21,[],2019-06-24 13:42:53,65217.8402739,0.00009339999999999999344413303959,0.000000010175024020000001,7758819,2019-06-24 13:42:53,btc,4.973324125281921,12201.8801698,0.0000933999999999999934441330395884506287984549999237060546875,btc,41477.98415359,1.12777052,4.551655376271855,82
0,[],17,[],2019-03-25 22:42:34,0.0,0,0,7038780,2019-03-25 22:42:34,btc,0.0445064681804024,0.0,0,btc,995513.18476001,0.0,0.0,84
0.0000000001161485,[],4,[],2019-05-20 13:09:39,216715621.0206096,1.161485e-18,9.0533806701e-23,7657228,2019-05-20 13:09:39,ltc,1.6511566870244727,0.0,0.00000001,ltc,471032407.9048656,0.0,2.5171194308112273e-10,85
,[],22,[],2018-11-20 23:09:34,3408.1,0.0000001,0.0000000000041895,4862324,2018-11-20 23:09:34,BTC,0.04624735,0.0,,BTC,4990.0,0.0,0.00033081,86
1,[],27,[],2019-06-24 12:36:58,269536.0,0.00000003,0.0000000000032767350000000004,7758699,2019-06-24 12:36:58,btc,2.01453544326,0.0,0.00000003,btc,553681.402,0.0,0.00708608,87
1,[],22,[],2019-06-24 13:44:55,68694.0,0.00000005,0.000000000005447015,7758820,2019-06-24 13:44:55,BTC,1.84070553,0.0,0.00000005,BTC,241024.94736842104,0.0003,0.00092846,87
,[],2,[],2018-11-20 23:10:47,0.0,0,0,4862359,2018-11-20 23:10:47,,0.0,0.0,,,0.0,0.0,0.0,88
1,[],11,[],2019-06-17 14:31:59,193715.3529613,0.000073310000000000001140094962881477158589405007660388946533203125,0.00000000681152534,7740147,2019-06-17 14:31:59,btc,168.35454702024953,5791.70569014,0.000073310000000000001140094962881477158589405007660388946533203125,btc,196971.41170107,0.0,1.1996165759440112,89
0,[],2,[],2019-01-20 23:31:45,0.0,0,0,6477083,2019-01-20 23:31:45,,0.0,0.0,0,,0.0,0.0,0.0,91
1,[],12,[],2019-06-18 02:35:48,427715.74,0.00000015,0.000000000013911045000000001,7746087,2019-06-18 02:35:48,btc,116.61022144471085,0.0,0.00000015,btc,193315.55943968,0.000180759303,0.0129558314,91
1,[],22,[],2019-06-20 20:27:07,75910.0,0.00000002,0.000000000001914908,7746207,2019-06-20 20:27:07,BTC,0.49565371,0.0,0.00000002,"BTC,LTC",6.384990670617935,0.0,0.0016592,91
0,[],17,[],2019-05-03 01:12:26,0.0,0,0,7559096,2019-05-03 01:12:26,btc,0.0,0.0,0,btc,0.0,0.0,0.0,91
1,[],22,[],2019-06-24 13:45:07,105655.66666666667,0.00000003,0.000000000003268209,7758822,2019-06-24 13:45:07,BTC,11.44314296,0.0,0.00000003,"BTC,LTC",306964.4683191416,0.0,0.06677967,95
0,[],17,[],2019-05-03 01:12:32,0.0,0,0,7559100,2019-05-03 01:12:32,btc,0.0,0.0,0,btc,0.0,0.0,0.0,96
0.0000000001243396,[],4,[],2019-06-24 13:45:08,538137609.2522969,3.7301880000000004e-17,4.063677997764e-21,7758823,2019-06-24 13:45:08,ltc,11.31714781898828,0.0,0.0000003,ltc,157872171.22981915,0.0,8.364475425110788e-10,96
0,[],12,[],2019-06-24 13:45:09,0.0,0,0,7758824,2019-06-24 13:45:09,btc,36.499914048841156,0.0,0,btc,9855783.88411588,0.0,0.0,96
1,[],4,[],2019-04-14 03:32:46,1039404.33283278,0.00000038,0.000000000019245518,7293458,2019-04-14 03:32:46,btc,4.170086055365747,0.0,0.00000038,btc,3097704.34561074,0.06260606,0.1859928211030784,99
1,[],4,[],2019-06-24 12:39:06,281920.30503795,0.00001145,0.0000000012506205250000001,7758703,2019-06-24 12:39:06,btc,7.11575594205967,0.0,0.00001145,btc,162705.94166252,0.12964084,0.2109311438632601,100
0,[],2,[],2019-01-20 23:23:55,0.0,0,0,6476914,2019-01-20 23:23:55,,0.0,0.0,0,,0.0,0.0,0.0,100
1,[],22,[],2019-06-05 06:30:35,150000.0,0.00000002,0.000000000001558192,7740007,2019-06-05 06:30:35,BTC,28.56386409,0.0,0.00000002,BTC,12787.719,0.0,0.0017,101
1,[],4,[],2019-06-24 12:39:06,549200.22576574,0.00000171,0.00000000018677389500000002,7758704,2019-06-24 12:39:06,btc,882.580796619069,0.0,0.00000171,btc,736898.80301736,0.03362439,0.1014499589457503,103
1,[],12,[],2019-06-17 14:32:14,179201505.10870332,0.000000005,0.00000000000046457,7740154,2019-06-17 14:32:14,btc,113577.79366343976,0.0,0.000000005,btc,79148141.67831126,0.019059029059,0.27280986350611003,105
1,[],27,[],2019-06-17 14:32:19,18306828.03496503,0.00000002,0.00000000000185828,7740155,2019-06-17 14:32:19,btc,180.7198218385489,1083.96503497,0.00000002,btc,276513.60142659,7.588e-05,0.3661365606993006,105
1,[],22,[],2019-04-21 00:17:26,21333.0,0.00000001,0.000000000000532493,7385819,2019-04-21 00:17:26,BTC,51.38182867,0.0,0.00000001,BTC,470435.0,0.0,0.00021333,107
1,[],26,[],2019-04-21 00:17:26,0.0,0.00000000,0,7385820,2019-04-21 00:17:26,btc,0.0,0.0,0.00000000,btc,0.0,0.0,0.0,107
1,[],5,[],2019-06-24 12:39:09,0.0,0,0,7758705,2019-06-24 12:39:09,btc,0.0,0.0,0,btc,0.0,0.0,0.0,112
0,[],22,[],2019-06-24 12:39:11,0.0,0,0,7758706,2019-06-24 12:39:11,,6.79500102,0.0,0,,3375892.0833333335,0.0,0.0,112
1,[],27,[],2019-06-24 12:39:17,1.0,0.00000001,0.000000000001092245,7758707,2019-06-24 12:39:17,btc,1.14885,0.0,0.00000001,"btc,eth",39.0,0.0,1e-08,112
1,[],4,[],2019-06-24 12:39:17,1025201.07137357,0.00000063,0.000000000068811435,7758708,2019-06-24 12:39:17,btc,4.683388986402295,0.0,0.00000063,btc,732038.65190675,0.02724722,0.211641520595974,113
1,[],5,[],2019-06-24 12:39:19,0.0,0,0,7758709,2019-06-24 12:39:19,btc,0.0,0.0002604,0,btc,0.0,0.0,0.0,113
1,[],17,[],2019-04-26 02:17:47,162738.278,0.00000004,0.0000000000021069000000000002,7461287,2019-04-26 02:17:47,btc,1.3331140273775473,0.0,0.00000004,btc,51796.221,0.0,0.00230953112,116
1,[],27,[],2019-05-22 05:13:01,210000.0,0.00000001,0.00000000000079145,7666372,2019-05-22 05:13:01,btc,3919.0005001478,0.0,0.00000001,btc,128660.871,0.0,0.0021,116
1,[],4,[],2019-05-21 22:31:11,138169.03963019,0.00000701,0.000000000558364025,7664793,2019-05-21 22:31:11,btc,150.95388250938234,0.0,0.00000701,btc,344631.17141974,0.07552974,0.4288357684941946,120
1,[],7,[],2019-05-21 22:31:12,3901.07750076,0.000010679999999999999389654892212320191902108490467071533203125,0.0000000008506887,7664794,2019-05-21 22:31:12,btc,231188.94669936574,0.0,0.000010679999999999999389654892212320191902108490467071533203125,btc,4133.83151364,0.0,0.0113888422364489,120
1,[],20,[],2019-04-07 18:42:29,1914137.0852,0.000000035,0.0000000000017871910000000002,7211992,2019-04-07 18:42:29,btc,32.2497668025648,25528.85,0.000000035,btc,1001975.4986,0.00089350975,0.0152723574729,125
1,[],22,[],2019-06-17 14:32:38,10000.0,0.00000001,0.00000000000092914,7740161,2019-06-17 14:32:38,BTC,0.032061,0.0,0.00000001,BTC,299316.7611111111,0.0,0.0001,126
1,[],4,[],2019-06-24 12:39:19,942375.50820176,0.00000307,0.000000000335319215,7758710,2019-06-24 12:39:19,btc,2.411546903358769,0.0,0.00000307,btc,181644.65519373,0.11062137,0.6112108869734284,131
0,[],2,[],2019-01-20 23:25:46,0.0,0,0,6476969,2019-01-20 23:25:46,,0.0,0.0,0,,0.0,0.0,0.0,131
1,[],17,[],2019-05-03 01:13:10,10000.0,0.00000001,0.000000000000548003,7559115,2019-05-03 01:13:10,btc,0.0953976503951408,0.0,0.00000001,btc,5037.62507334,0.0,0.0001,131
1,[],4,[],2019-06-17 14:32:42,4848.49465417,0.00007919,0.00000000735785966,7740163,2019-06-17 14:32:42,btc,0.9905723729472744,0.0,0.00007919,btc,202.13055914,0.0,0.0061509344290166,135
1,[],3,[],2019-06-05 06:33:11,40600.27748212,0.00000001,0.000000000000779096,7740019,2019-06-05 06:33:11,btc,0.2308097808993716,2146378.52189,0.00000001,btc,2477992.76904676,0.0,0.0004060027748212,136
1,[],4,[],2019-06-24 12:41:21,714984.54577529,0.00000170,0.00000000018568165,7758711,2019-06-24 12:41:21,btc,110.10831002953904,0.0,0.00000170,btc,537993.36703639,0.08054564,0.3643853866680278,137
1,[],12,[],2019-06-24 12:41:22,67764.45733794,0.000001599999999999999927596978921418013896982301957905292510986328125,0.0000000001747592,7758712,2019-06-24 12:41:22,btc,79.71287784559487,0.0,0.000001599999999999999927596978921418013896982301957905292510986328125,btc,81826.92097078,3.2e-06,0.016540079999956398,137
1,[],4,[],2019-06-24 12:41:23,612623.63460421,0.00001247,0.0000000013620295150000001,7758713,2019-06-24 12:41:23,btc,5.431723431621128,0.0,0.00001247,btc,161535.2663905,0.87807666,0.5930259014036013,142
1,[],5,[],2019-06-24 12:41:26,0.0,0,0,7758714,2019-06-24 12:41:26,btc,0.0,0.04050846,0,btc,0.0,0.0,0.0,142
1,[],20,[],2019-06-24 12:43:28,264453.3305,0.00001091,0.000000001191639295,7758715,2019-06-24 12:43:28,btc,1.6106785203012,751.7124,0.00001091,btc,10067.362,0.0106901865735,0.0074421798815,142
1,[],22,[],2019-06-24 12:43:31,10620.0,0.00000200,0.00000000021844900000000002,7758716,2019-06-24 12:43:31,BTC,2.99759384,0.0,0.00000200,BTC,835.7198755539798,0.0,0.0041672,142
0.0,[],25,[],2019-06-24 12:43:33,0.0,0,0,7758717,2019-06-24 12:43:33,,0.0,0.0,0.0,btc,0.0,0.0,0.0,142
0,[],28,[],2019-06-24 12:43:34,0.0,0,0,7758718,2019-06-24 12:43:34,,0.0,0.0,0,,0.0,0.0,0.0,142
1,[],17,[],2019-05-03 01:13:16,32967.38636364,0.00000088,0.000000000048224264,7559122,2019-05-03 01:13:16,btc,20.06976206696776,0.0,0.00000088,btc,2746.079105,0.0,0.0105613000000032,142
0,[],22,[],2019-06-24 12:43:37,0.0,0,0,7758719,2019-06-24 12:43:37,,1635.98618676,0.0,0,,788450755.3,0.0,0.0,143
0,[],22,[],2019-02-25 15:42:22,0.0,0,0,6783783,2019-02-25 15:42:22,,4.2131946,0.0,0,,2322156.0,0.0,0.0,146
,[],22,[],2018-11-20 23:01:11,0.0,0,0,4862114,2018-11-20 23:01:11,,2.56807021,0.0,,,61828.4988236,0.0,0.0,147
1,[],12,[],2019-04-21 06:38:04,193091.5971266,0.00000071,0.000000000037635183,7388679,2019-04-21 06:38:04,btc,2.301232411611175,0.0,0.00000071,btc,9957.48302385,0.00023528,0.0313308199999888,148
1,[],4,[],2019-03-19 21:31:25,255810.0415942,0.00000029,0.000000000011615747,6982695,2019-03-19 21:31:25,btc,218.94922712414143,0.0,0.00000029,btc,793529.37642722,0.00117,0.0608347789473395,152
0,[],22,[],2019-03-19 21:31:27,0.0,0,0,6982696,2019-03-19 21:31:27,,0.0,0.0,0,,0.0,0.0,0.0,152
1,[],5,[],2019-04-26 09:36:59,0.0,0,0,7465040,2019-04-26 09:36:59,btc,0.0,0.0,0,btc,0.0,0.0,0.0,153
,[],16,[],2019-01-11 15:38:59,0.0,0,0,6366141,2019-01-11 15:38:59,btc,0.0,0.0,,btc,0.0,0.0,0.0,155
0,[],23,[],2019-01-20 23:24:29,0.0,0,0,6476932,2019-01-20 23:24:29,,0.0,0.0,0,,0.0,0.0,0.0,156
0,[],22,[],2019-06-04 06:02:09,0.0,0,0,7734688,2019-06-04 06:02:09,,7.43375324,0.0,0,,5955762.942592593,0.0,0.0,156
1,[],22,[],2019-06-24 12:43:42,6996.0,0.00000001,0.000000000001092245,7758720,2019-06-24 12:43:42,BTC,1.7543039,0.0,0.00000001,BTC,57.0,0.0,6.996e-05,157
0,[],22,[],2019-05-21 23:40:32,0.0,0,0,7665049,2019-05-21 23:40:32,,50234.60468402,0.0,0,,54786159.03179465,0.0,0.0,158
,[],17,[],2018-11-20 22:56:10,0.0,0,0,4861976,2018-11-20 22:56:10,btc,1.1265625,0.0,,btc,1000.0,0.0,0.0,159
,[],20,[],2018-11-20 22:56:12,0.0,0,0,4861977,2018-11-20 22:56:12,btc,11912.7940471,0.0,,btc,34413894.3617,0.0,0.0,159
1,[],12,[],2019-05-24 02:51:20,9178.522006449999,0.00000191999999999999982841307998027158276954651228152215480804443359375,0.000000000151222656,7676256,2019-05-24 02:51:20,btc,149.80414728631675,0.0,0.00000191999999999999982841307998027158276954651228152215480804443359375,btc,1115.7451448499999,0.01783167678326,0.0120075778999181,168
1,[],17,[],2019-05-03 01:13:36,42852.0,0.00000002,0.000000000001096006,7559132,2019-05-03 01:13:36,btc,0.04279856251542,0.0,0.00000002,btc,274.46171372,0.0,0.00052852,168
1,[],22,[],2019-05-17 03:01:52,10.0,0.00000001,0.000000000000778341,7642059,2019-05-17 03:01:52,BTC,41.95893009,0.0,0.00000001,BTC,1753972.7737547632,0.0,1e-07,169
1,[],22,[],2019-05-30 08:38:18,202834.0,0.00000002,0.0000000000017416160000000001,7711049,2019-05-30 08:38:18,BTC,27.87002826,0.0,0.00000002,BTC,462189.5410507793,0.0,0.00211768,171
1,[],22,[],2019-05-29 08:05:18,349870.0,0.00000002,0.000000000001705894,7705265,2019-05-29 08:05:18,BTC,24.05907723,0.0,0.00000002,"BTC,LTC",1224285.4355616204,0.0,0.0039847,173
1,[],5,[],2019-06-24 12:43:43,0.0,0,0,7758721,2019-06-24 12:43:43,btc,0.0,0.00278,0,btc,0.0,0.0,0.0,175
1,[],22,[],2019-06-17 14:33:12,90671.0,0.00000001,0.00000000000092914,7740175,2019-06-17 14:33:12,BTC,394.35459412,0.0,0.00000001,BTC,136275.61833431243,0.0,0.00090671,176
1,[],7,[],2019-06-24 12:43:44,0.0,0,0,7758722,2019-06-24 12:43:44,btc,522272.57790459506,0.0,0,btc,27119942.41786136,0.0,0.0,178
0,[],22,[],2019-06-24 12:43:46,0.0,0,0,7758723,2019-06-24 12:43:46,,1.00242428,0.0,0,,57512.0,0.0,0.0,178
0,[],2,[],2019-01-20 23:28:34,0.0,0,0,6477001,2019-01-20 23:28:34,,0.0,0.0,0,,0.0,0.0,0.0,178
1,[],5,[],2019-06-24 12:43:48,0.0,0,0,7758724,2019-06-24 12:43:48,btc,0.0,0.0090017,0,btc,0.0,0.0,0.0,179
0,[],22,[],2019-06-24 12:43:50,0.0,0,0,7758725,2019-06-24 12:43:50,,5.31753917,0.0,0,,14450788.311946675,0.0,0.0,179
0,[],23,[],2019-01-20 23:25:08,0.0,0,0,6476952,2019-01-20 23:25:08,,0.0,0.0,0,,0.0,0.0,0.0,179
1,[],22,[],2019-06-24 12:45:54,667754.0863636363,0.0000004,0.0000000000436898,7758726,2019-06-24 12:45:54,BTC,40.59239898,0.0,0.0000004,"BTC,LTC",152842.78752857723,0.00394581,0.56354511,180
1,[],26,[],2019-06-24 12:45:54,0.0,0.00000010,0.00000000001092245,7758727,2019-06-24 12:45:54,btc,0.0,0.0,0.00000010,btc,0.0,0.0,0.0,180
1,[],17,[],2019-05-03 01:13:56,20504.725000000002,0.0000001,0.00000000000548003,7559141,2019-05-03 01:13:56,btc,5.2010695838400265,0.0,0.0000001,btc,5033.45945,0.0,0.0011504725,180
,[],7,[],2018-11-20 22:58:01,562227.975654,0.00000085,0.000000000036176765,4862015,2018-11-20 22:58:01,btc,21836.6059674,2491.87645172,,btc,749999.041456,0.00211021,0.127565380455,183
,[],5,[],2019-01-10 08:11:41,0.0,0,0,6347036,2019-01-10 08:11:41,btc,82.15055501,0.00261,,btc,1.19002445,0.0,0.0,187
,[],17,[],2018-11-16 20:58:10,4062536.27273,0.00000001,0.000000000000550501,4708775,2018-11-16 20:58:10,btc,3.36492563466,0.195460381006,,"btc,eth",110697919.549,0.0,0.0157628953496,187
1,[],24,[],2019-05-22 21:04:52,0.0,0.000000000014,0.0000000000000010960978,7670219,2019-05-22 21:04:52,btc,0.0,0.0,0.000000000014,btc,0.0,0.0,0.0,187
0,[],22,[],2019-04-25 02:54:07,0.0,0,0,7447896,2019-04-25 02:54:07,,7.54794454,0.0,0,,76361.7243344055,0.0,0.0,191
0,[],22,[],2019-06-17 14:33:34,0.0,0,0,7740182,2019-06-17 14:33:34,,0.0,0.0,0,,0.0,0.0,0.0,197
0,[],23,[],2019-01-20 23:31:41,0.0,0,0,6477079,2019-01-20 23:31:41,,0.0,0.0,0,,0.0,0.0,0.0,199
0,[],22,[],2019-06-24 12:45:57,0.0,0,0,7758728,2019-06-24 12:45:57,,10.58263174,0.0,0,,84280969.0,0.0,0.0,199
1,[],26,[],2019-06-24 12:45:57,0.0,0.00000000,0,7758729,2019-06-24 12:45:57,btc,0.0,0.0,0.00000000,btc,0.0,0.0,0.0,199
0,[],2,[],2019-01-20 23:30:49,0.0,0,0,6477059,2019-01-20 23:30:49,,0.0,0.0,0,,0.0,0.0,0.0,201
1,[],4,[],2019-01-25 15:51:35,2084389.58565343,0.00000936,0.000000000333526752,6499557,2019-01-25 15:51:35,btc,2.0092503037378524,0.0,0.00000936,btc,160195.80207885,0.19272417,1.242687955921835,211
1,[],7,[],2019-06-24 12:46:00,1170054124.6898527,0.00000018,0.00000000001966041,7758730,2019-06-24 12:46:00,btc,1346838.6258339162,0.0,0.00000018,btc,5739479.26464841,0.0,11.954344045954047,212
1,[],12,[],2019-01-25 02:44:32,207462.42853209,0.000001080000000000000035831255497387193287295303889550268650054931640625,0.000000000038610756000000006,6493050,2019-01-25 02:44:32,btc,85023.03793723314,0.0,0.000001080000000000000035831255497387193287295303889550268650054931640625,btc,43675.73520027,0.000146250909087,0.0348620860622024,213
1,[],5,[],2019-05-30 00:07:46,0.0,0,0,7709357,2019-05-30 00:07:46,btc,0.0,0.06425239,0,btc,0.0,0.0,0.0,213
1,[],24,[],2019-05-30 00:07:46,0.0,0.000000399202,0.0000000000344859829346,7709358,2019-05-30 00:07:46,btc,0.0,0.0,0.000000399202,btc,0.0,0.0,0.0,213
1,[],26,[],2019-05-30 00:07:47,0.0,0.00000040,0.000000000034554919999999996,7709359,2019-05-30 00:07:47,btc,0.0,0.0,0.00000040,btc,0.0,0.0,0.0,213
0,[],22,[],2019-06-24 12:46:03,0.0,0,0,7758731,2019-06-24 12:46:03,,9.56923849,0.0,0,,3661587.2040649247,0.0,0.0,216
0,[],27,[],2019-06-24 12:46:10,0.0,0,0,7758732,2019-06-24 12:46:10,,1955.5184194210776,15083.0240481,0,"btc,ltc",618777.19799191,2.004001464625568e-05,0.0,216
1,[],22,[],2019-06-24 12:46:13,387012.7087912088,0.0000002,0.0000000000218449,7758733,2019-06-24 12:46:13,BTC,12055.86194001,0.0,0.0000002,BTC,523930.47825691366,0.001895,0.01468479,217
1,[],7,[],2019-06-24 12:46:14,0.0,0,0,7758734,2019-06-24 12:46:14,btc,1234912.6160040614,0.0,0,btc,89377746.4752352,0.0,0.0,219
0,[],27,[],2019-06-24 12:46:20,0.0,0,0,7758735,2019-06-24 12:46:20,,250.34372354432625,0.0,0,btc,5709879.26511325,0.0,0.0,219
0,[],28,[],2019-06-24 12:46:21,0.0,0,0,7758736,2019-06-24 12:46:21,,0.0,0.0,0,,0.0,0.0,0.0,219
1,[],22,[],2019-05-23 16:41:05,172069.0,0.00000004,0.0000000000031167080000000004,7674065,2019-05-23 16:41:05,BTC,56.76466137,0.0,0.00000004,BTC,127061.6482738741,0.0,0.00393676,221
1,[],24,[],2019-05-23 16:41:05,0.0,0.000000010000,0.0000000000007791770000000001,7674066,2019-05-23 16:41:05,btc,0.0,0.0,0.000000010000,btc,0.0,0.0,0.0,221
1,[],20,[],2019-06-17 14:34:11,26882155.8301,0.000000003,0.000000000000278742,7740192,2019-06-17 14:34:11,btc,100050.81956632523,233521.3529,0.000000003,btc,38769742.8604,0.0007925640587,0.0306863532672,224
0,[],22,[],2019-06-17 14:34:13,0.0,0,0,7740193,2019-06-17 14:34:13,,0.0,0.0,0,,0.0,0.0,0.0,224
1,[],26,[],2019-06-24 12:46:22,0.0,0.00000022,0.000000000024029390000000003,7758737,2019-06-24 12:46:22,btc,0.0,0.0,0.00000022,btc,0.0,0.0,0.0,231
1,[],26,[],2019-06-24 12:46:22,0.0,0.00000005,0.000000000005461225,7758738,2019-06-24 12:46:22,btc,0.0,0.0,0.00000005,btc,0.0,0.0,0.0,234
0.0000000002826562,[],27,[],2019-06-24 12:46:30,100.0,2.826562e-18,3.0872982116900006e-22,7758739,2019-06-24 12:46:30,eth,0.0,0.0,0.00000001,"btc,eth",0.0,0.0,2.8265620000000004e-16,234
1,[],4,[],2019-05-22 17:06:12,91780.56053785,0.00000078,0.000000000061977552,7669277,2019-05-22 17:06:12,btc,5.573372450018177,0.0,0.00000078,btc,729173.93529783,0.0,0.0307060663355679,236
1,[],24,[],2019-05-22 17:06:12,0.0,0.000000010000,0.000000000000794584,7669278,2019-05-22 17:06:12,btc,0.0,0.0,0.000000010000,btc,0.0,0.0,0.0,236
1,[],5,[],2019-06-24 12:46:32,0.0,0,0,7758740,2019-06-24 12:46:32,btc,0.0,1.06102026,0,btc,0.0,0.0,0.0,237
1,[],20,[],2019-06-24 12:46:33,50048313.7734,0.000000078,0.000000000008519511,7758741,2019-06-24 12:46:33,btc,8172549.198885216,8543744.9796,0.000000078,btc,41188522.1877,0.6840575396396,1.1695283890992,237
1,[],22,[],2019-06-24 12:46:37,2084614.0,0.00000004,0.00000000000436898,7758742,2019-06-24 12:46:37,BTC,1.20112207,0.0,0.00000004,"BTC,LTC",14507.148717948718,0.0,0.02587451,237
1,[],4,[],2019-06-24 12:46:39,39797146.13578635,0.00000007,0.000000000007645715,7758743,2019-06-24 12:46:39,btc,2.581894046505406,0.0,0.00000007,btc,11856083.8748649,0.12473578,0.7511929820643762,238
1,[],5,[],2019-06-24 12:46:40,0.0,0,0,7758744,2019-06-24 12:46:40,btc,0.0,0.000904,0,btc,0.0,0.0,0.0,238
0,[],22,[],2019-03-12 16:49:32,0.0,0,0,6914458,2019-03-12 16:49:32,,0.40415746,0.0,0,,526736.5639027493,0.0,0.0,249
0,[],22,[],2019-05-28 23:53:45,0.0,0,0,7703643,2019-05-28 23:53:45,,13.44714864,0.0,0,,43777534.3426455,0.0,0.0,252
0,[],28,[],2019-06-24 12:46:42,0.0,0,0,7758745,2019-06-24 12:46:42,,0.0,0.0,0,,0.0,0.0,0.0,256
1,[],22,[],2019-06-24 12:46:45,551915.0,0.00000001,0.000000000001092245,7758746,2019-06-24 12:46:45,BTC,31464.57209997,0.0,0.00000001,BTC,1031955.2230878276,0.00014014,0.00551915,258
1,[],22,[],2019-05-19 18:12:02,400.0,0.00000001,0.0000000000007957800000000001,7653905,2019-05-19 18:12:02,BTC,2.415167,0.0,0.00000001,BTC,157.0,0.0,4e-06,259
1,[],5,[],2019-06-24 12:46:48,0.0,0,0,7758747,2019-06-24 12:46:48,btc,0.0,0.02561005,0,btc,0.0,0.0,0.0,264
1,[],20,[],2019-06-24 12:46:50,908380.0974,0.000000395,0.000000000043143677500000006,7758748,2019-06-24 12:46:50,btc,1.1633360109565,4867.39,0.000000395,btc,69463.1156,0.0031669890136,0.00642423447,264
0,[],22,[],2019-04-12 17:57:27,0.0,0,0,7278186,2019-04-12 17:57:27,,66.37522201,0.0,0,,677842.4169881374,0.0,0.0,271
0,[],22,[],2019-06-24 12:46:53,0.0,0,0,7758749,2019-06-24 12:46:53,,33050469.74148113,0.0,0,,14261527780.7,0.0,0.0,272
0,[],28,[],2019-06-24 12:46:56,0.0,0,0,7758750,2019-06-24 12:46:56,,0.0,0.0,0,,0.0,0.0,0.0,272
1,[],22,[],2019-05-23 07:12:29,219930.0,0.00000004,0.000000000003048688,7671985,2019-05-23 07:12:29,BTC,426.77835217,0.0,0.00000004,BTC,248664.3325962929,0.0,0.00739728,281
1,[],22,[],2019-06-24 12:47:00,19102.1,0.00000001,0.000000000001092245,7758751,2019-06-24 12:47:00,BTC,4.41825555,0.0,0.00000001,"BTC,LTC",1086197.637193209,6.375e-05,0.00468671,286
0,[],22,[],2019-06-17 14:34:53,0.0,0,0,7740207,2019-06-17 14:34:53,,7337915.80475575,0.0,0,,2078527309.6797826,0.0,0.0,294
