pairValue,buyBook,exchangeId,sellBook,updated,buyTotal,satoshiPrice,usdPrice,exchangeLogId,created,bestPair,sellTotalBtc,volume,pairPrice,activePairs,sellTotal,volumeBtc,buyTotalBtc,coinId
1,[],3,[],2019-01-30 07:16:19,118.544756948861,0.0126968099999999993465760184108148678205907344818115234375,0.000000434601648852,6536360,2019-01-30 07:16:19,btc,107.00246675780488,0.053898819836,0.0126968099999999993465760184108148678205907344818115234375,btc,13.688062650123001,0.0,0.3046941258118586,1
1,[],4,[],2019-01-30 07:16:20,25063.55161017,0.01265013,0.000000433003829796,6536361,2019-01-30 07:16:20,btc,0.9758255896082276,0.0,0.01265013,btc,72.85917032,0.3061243,1.0573486744508094,1
1,[],5,[],2019-01-30 07:16:23,0.23971994,0.01253437,0.000000429041457604,6536362,2019-01-30 07:16:23,btc,14578.44797989,0.00191965,0.01253437,btc,35555556.29113319,0.0,1.41219902,1
1,[],10,[],2019-01-30 07:16:25,272495.68177093,0.012234,0.0000004187600328,6536363,2019-01-30 07:16:25,btc,6536.3740965568395,1295.01312334,0.012234,btc,920.3143708,0.0,4.9962466192993755,1
1,[],12,[],2019-01-30 07:16:27,10413.87593241,0.0118200000000000006450395773072159499861299991607666015625,0.000000404589144,6536364,2019-01-30 07:16:27,btc,0.7573860669295,0.0,0.0118200000000000006450395773072159499861299991607666015625,btc,53.81445971,0.0280466129707,0.0752361920822,1
1,[],20,[],2019-01-30 07:16:30,1453.8517,0.0105001,0.00000035941002292,6536365,2019-01-30 07:16:30,btc,0.0564711704203,0.0,0.0105001,btc,2.4781,0.0,0.0967112513876,1
1,[],21,[],2019-01-30 07:16:31,1970.54965565,0.01248805000000000053894666507,0.00000042745596106000006,6536366,2019-01-30 07:16:31,btc,19.467333591527247,3643.29134587,0.0124880500000000005389466650740359909832477569580078125,"btc,eth",2033.57808179,41.88412968150674,21.043002138846543,1
1,[],22,[],2019-01-30 07:16:35,0.03636045714285714,0.01400000,0.0000004792088000000001,6536367,2019-01-30 07:16:35,BTC,0.31380731,0.0,0.01400000,BTC,0.09124366666666667,6.237e-05,0.00048448,1
1,[],24,[],2019-01-30 07:16:36,0.0,0.000000000000,0,6536368,2019-01-30 07:16:36,btc,0.0,0.0,0.000000000000,btc,0.0,0.0,0.0,1
0.0,[],25,[],2019-01-30 07:16:37,0.0,0,0,6536369,2019-01-30 07:16:37,btc,17.087899998071155,289.57549179,0.0,btc,1333.31164897,3.6915,0.0,1
1,[],26,[],2019-01-30 07:16:47,0.0,0,0,6536370,2019-01-30 07:16:47,,0.0,0.0,0,,0.0,0.0,0.0,1
1,[],28,[],2019-01-30 07:16:54,987.9,0.01131000,0.000000387132252,6536371,2019-01-30 07:16:54,btc,0.162839806,17794.55,0.01131000,btc,8.9,0.0,0.024551096,1
0,[],2,[],2019-01-20 23:28:45,0.0,0,0,6477011,2019-01-20 23:28:45,,0.0,0.0,0,,0.0,0.0,0.0,1
1,[],5,[],2019-01-30 06:26:24,1.96e-05,0.00000075,0.0000000000257085,6536214,2019-01-30 06:26:24,btc,0.1350513,0.04504264,0.00000075,btc,7.413e-05,0.0,0.47833566,2
1,[],22,[],2019-01-30 06:26:29,1754.625335862178,0.0000004,0.000000000013711200000000002,6536215,2019-01-30 06:26:29,BTC,0.0231601,0.0,0.0000004,"BTC,XMR",14562.72385,0.0,0.00111682,2
1,[],5,[],2019-01-30 07:16:56,1.42e-06,0.00000017,0.000000000005818964,6536372,2019-01-30 07:16:56,btc,3.87774427,0.10050688,0.00000017,btc,2.267e-05,0.0,3.72027938,3
1,[],12,[],2019-01-30 07:16:57,12385616.5304264,0.000000169,0.0000000000057847348,6536373,2019-01-30 07:16:57,btc,921319.9146631059,0.0,0.000000169,btc,8037928.23364363,0.02899144397691168,0.5327851666789499,3
0,[],28,[],2019-01-30 07:17:01,0.0,0,0,6536374,2019-01-30 07:17:01,,0.0,0.0,0,,0.0,0.0,0.0,3
0,[],2,[],2019-01-20 23:31:32,0.0,0,0,6477077,2019-01-20 23:31:32,,0.0,0.0,0,,0.0,0.0,0.0,4
1,[],4,[],2019-01-30 06:26:45,265022.55275136,0.00000037,0.000000000012682860000000002,6536219,2019-01-30 06:26:45,btc,0.412513041017036,0.0,0.00000037,btc,333111.97555063,0.00061667,0.0224269704563063,4
1,[],12,[],2019-01-25 15:53:49,1222127.5219999999,0.00000003,0.000000000001069017,6499609,2019-01-25 15:53:49,btc,11013867.817925906,0.0,0.00000003,btc,969763.77092902,0.0,0.01617509044,5
0,[],2,[],2019-01-20 23:31:51,0.0,0,0,6477087,2019-01-20 23:31:51,,0.0,0.0,0,,0.0,0.0,0.0,6
1,[],11,[],2019-01-30 07:17:02,5464997.5,0.00000001,0.00000000000034229200000000004,6536375,2019-01-30 07:17:02,btc,9432.52693976905,531050.96,0.00000001,btc,41805294.538379386,0.0,0.054649975,6
1,[],3,[],2019-01-30 07:17:03,1070.673071960979,0.000150559999999999995050348200464895853656344115734100341796875,0.0000000051535483520000004,6536376,2019-01-30 07:17:03,btc,28.510202753279106,0.0,0.000150559999999999995050348200464895853656344115734100341796875,btc,234.145665820227,0.0,0.031146277816609152,7
1,[],4,[],2019-01-30 07:17:04,20945.68586054,0.00016103,0.000000005511928076,6536377,2019-01-30 07:17:04,btc,2.599165052971873,0.0,0.00016103,btc,14636.05482083,3.76485303,3.066548041078228,7
1,[],5,[],2019-01-30 07:17:06,0.00504775,0.00015524,0.000000005313741008,6536378,2019-01-30 07:17:06,btc,1.29858501,0.71445555,0.00015524,btc,0.01030015,0.0,1.44864697,7
1,[],20,[],2019-01-30 06:26:55,62771509.8802,0.000000001,0.000000000000034278,6536224,2019-01-30 06:26:55,btc,136.3855656321072,0.0,0.000000001,btc,28004456.1818,0.0,0.0627715098802,8
0,[],2,[],2019-01-20 23:22:42,0.0,0,0,6476876,2019-01-20 23:22:42,,0.0,0.0,0,,0.0,0.0,0.0,9
0,[],23,[],2019-01-20 23:22:48,0.0,0,0,6476878,2019-01-20 23:22:48,,0.0,0.0,0,,0.0,0.0,0.0,9
1,[],1,[],2019-01-30 07:17:07,4095501.4699999997,0.000001799999999999999918546601286595265634105089702643454074859619140625,0.00000000006161256,6536379,2019-01-30 07:17:07,btc,4.2643780713,18468851.96,0.000001799999999999999918546601286595265634105089702643454074859619140625,btc,2317846.65,33.46240226,7.3060128993,9
1,[],4,[],2019-01-30 07:17:08,1114159.78543079,0.00000177,0.000000000060585684,6536380,2019-01-30 07:17:08,btc,0.9870725374557403,0.0,0.00000177,btc,509978.04297928,0.64809987,0.3779800276497583,9
1,[],28,[],2019-01-30 07:17:13,34500.0,0.00000165,0.000000000056478180000000004,6536381,2019-01-30 07:17:13,btc,2708.749558044,3604799.0,0.00000165,btc,7420.28,0.0,0.02854,9
1,[],4,[],2019-01-30 07:17:14,7704347.66126053,0.00000002,0.000000000000684584,6536382,2019-01-30 07:17:14,btc,0.2059096907857639,0.0,0.00000002,btc,4034631.16091358,0.00998019,0.0827994438452106,10
0,[],2,[],2019-01-20 23:23:08,0.0,0,0,6476890,2019-01-20 23:23:08,,0.0,0.0,0,,0.0,0.0,0.0,12
1,[],4,[],2019-01-30 07:17:16,3775655.69778765,0.00000139,0.000000000047578588000000004,6536383,2019-01-30 07:17:16,btc,1.2998278574786162,0.0,0.00000139,btc,883127.31011254,3.18616567,3.08610405938227,12
1,[],5,[],2019-01-30 07:17:17,1.442e-05,0.00000134,0.000000000045867128,6536384,2019-01-30 07:17:17,btc,0.20448952,1.48808942,0.00000134,btc,0.00011048,0.0,0.71320714,12
0.0,[],25,[],2019-01-30 07:17:19,0.0,0,0,6536385,2019-01-30 07:17:19,,0.0,0.0,0.0,btc,0.0,0.0,0.0,12
1,[],10,[],2019-01-30 06:16:17,582205.34297555,0.00000631,0.000000000216520078,6536027,2019-01-30 06:16:17,btc,666810.8352892876,11819.310166,0.00000631,btc,835422.03748325,0.0,0.8063342408897733,13
1,[],4,[],2019-01-30 07:17:20,297350.98803299,0.00000630,0.00000000021564396,6536386,2019-01-30 07:17:20,btc,0.4382842518968499,0.0,0.00000630,btc,63562.66830744,1.25528999,1.2607913214285824,13
1,[],21,[],2019-01-30 07:17:23,1971349.86456657,0.000006379999999999999901875366581,0.000000000218382296,6536387,2019-01-30 07:17:23,btc,7.215090052226035,1181019.48046517,0.00000637999999999999990187536658137190670458949171006679534912109375,btc,999682.73232536,7.7000392,8.414097977888684,13
1,[],4,[],2019-01-30 07:17:24,850026.62268852,0.00000147,0.000000000050316924,6536388,2019-01-30 07:17:24,btc,0.159105676683051,0.0,0.00000147,btc,75805.67883003,0.00184196,0.1572678046753743,14
1,[],12,[],2019-01-30 07:17:25,86186.42857143,0.0000011599999999999999051561623553130431218960438854992389678955078125,0.000000000039705872,6536389,2019-01-30 07:17:25,btc,1.7870420966516911,0.0,0.0000011599999999999999051561623553130431218960438854992389678955078125,btc,38567.61958427,3.22e-05,0.0095977000000016,14
0,[],17,[],2019-01-30 07:17:27,0.0,0,0,6536390,2019-01-30 07:17:27,btc,0.0,0.0,0,btc,0.0,0.0,0.0,14
1,[],26,[],2019-01-30 07:17:28,0.0,0.00000049,0.000000000016772308000000002,6536391,2019-01-30 07:17:28,btc,0.0,0.0,0.00000049,btc,0.0,0.0,0.0,14
,[],12,[],2018-12-01 15:15:48,204241.84496,0.00000489,0.000000000202473384,5260204,2018-12-01 15:15:48,btc,49.5475654835,0.0,,btc,35763.2193806,0.0163153972027625,0.0203389899998,15
0,[],4,[],2019-01-30 07:17:29,0.0,0,0,6536392,2019-01-30 07:17:29,,0.0,0.0,0,,0.0,0.0,0.0,15
0,[],2,[],2019-01-20 23:23:38,0.0,0,0,6476906,2019-01-20 23:23:38,,0.0,0.0,0,,0.0,0.0,0.0,18
1,[],4,[],2019-01-30 07:17:30,24729.35338325,0.00001821,0.000000000623313732,6536393,2019-01-30 07:17:30,btc,1.2284861016763353,0.0,0.00001821,btc,7474.07286198,0.01480861,0.0761152479684894,18
1,[],10,[],2019-01-30 07:17:32,395407.82019508,0.00001752,0.000000000599695584,6536394,2019-01-30 07:17:32,btc,15.566618756928191,315.22741274,0.00001752,btc,11161.64401366,0.0,0.2775146769352897,18
1,[],12,[],2019-01-30 07:17:33,200811.1530707,0.0000180999999999999994985781792689039093602332286536693572998046875,0.00000000061954852,6536395,2019-01-30 07:17:33,btc,0.19599427839782121,0.0,0.0000180999999999999994985781792689039093602332286536693572998046875,btc,2000.26081061,0.0058428789058218,0.0172669687594496,18
0,[],17,[],2019-01-30 07:17:35,0.0,0,0,6536396,2019-01-30 07:17:35,btc,0.0,0.0,0,btc,0.0,0.0,0.0,18
0,[],2,[],2019-01-20 23:24:19,0.0,0,0,6476924,2019-01-20 23:24:19,,0.0,0.0,0,,0.0,0.0,0.0,19
1,[],3,[],2019-01-30 07:17:36,109048.08156431915,0.00003533999999999999706672138000129734791698865592479705810546875,0.000000001209659928,6536397,2019-01-30 07:17:36,btc,1.2398614190861856,27.7365336082,0.00003533999999999999706672138000129734791698865592479705810546875,btc,8494.838847831968,0.0,0.11099766716573872,19
1,[],4,[],2019-01-30 07:17:37,58146.51944758,0.00003115,0.00000000106623958,6536398,2019-01-30 07:17:37,btc,0.4768661450328416,0.0,0.00003115,btc,12211.71998829,0.85312056,1.1189893874515762,19
1,[],5,[],2019-01-30 07:17:39,0.00038549,0.00003157,0.000000001080615844,6536399,2019-01-30 07:17:39,btc,0.31830458,0.0,0.00003157,btc,0.00350906,0.0,0.19357146,19
1,[],12,[],2019-01-30 07:17:39,133661.0,0.0000333099999999999978679728063202247767549124546349048614501953125,0.000000001140174652,6536400,2019-01-30 07:17:39,btc,1.992547145659435,0.0,0.0000333099999999999978679728063202247767549124546349048614501953125,btc,436.27457877,0.002528288601326,0.033221469999999996,19
0,[],27,[],2019-01-30 07:17:41,0.0,0,0,6536401,2019-01-30 07:17:41,,0.0,0.0,0,btc,0.0,0.0,0.0,19
1,[],4,[],2019-01-30 07:17:42,9444946.67823895,0.00000015,0.00000000000513438,6536402,2019-01-30 07:17:42,btc,0.8117516495642991,0.0,0.00000015,btc,1593908.38687793,0.00505725,0.3953610081621242,20
1,[],4,[],2019-01-30 07:17:43,119733972.56523025,0.00000002,0.000000000000684584,6536403,2019-01-30 07:17:43,btc,0.6201433144414744,0.0,0.00000002,btc,14692927.66181205,0.00012321,1.4041741264744454,21
1,[],12,[],2019-01-30 07:17:44,19395794.0,0.00000002,0.0000000000006845840000000001,6536404,2019-01-30 07:17:44,btc,668.0295063924888,0.0,0.00000002,btc,8130389.96204064,0.000226443556444,0.2608524,21
0,[],17,[],2019-01-30 07:17:46,0.0,0,0,6536405,2019-01-30 07:17:46,btc,0.0,0.0,0,btc,0.0,0.0,0.0,21
1,[],12,[],2019-01-30 07:17:47,4523977734.531896,0.0000000001,0.0000000000000034229200000000004,6536406,2019-01-30 07:17:47,btc,1721704714463.6128,0.0,0.0000000001,btc,6997572171.15108,4.285223086913e-05,0.4523977734531896,23
0,[],27,[],2019-01-30 07:17:48,0.0,0,0,6536407,2019-01-30 07:17:48,,0.424699,0.0,0,eth,424699.0,0.0,0.0,23
1,[],4,[],2019-01-30 07:17:50,899136.43476018,0.00000088,0.000000000030121696,6536408,2019-01-30 07:17:50,btc,0.0807243971737461,0.0,0.00000088,btc,67591.1206293,0.00350324,0.3807321799622611,24
1,[],22,[],2019-01-30 07:17:53,11.76,0.00000100,0.000000000034229200000000004,6536409,2019-01-30 07:17:53,BTC,7.415e-05,0.0,0.00000100,BTC,23.919354838709676,0.0,1.176e-05,24
0.0,[],25,[],2019-01-30 07:17:55,0.0,0,0,6536410,2019-01-30 07:17:55,,0.0,0.0,0.0,btc,0.0,0.0,0.0,24
0,[],2,[],2019-01-20 23:25:56,0.0,0,0,6476976,2019-01-20 23:25:56,,0.0,0.0,0,,0.0,0.0,0.0,26
1,[],4,[],2019-01-30 07:17:56,27085917.32011435,0.00000628,0.000000000214959376,6536411,2019-01-30 07:17:56,btc,0.4536550587122968,0.0,0.00000628,btc,36851.72827466,0.17777936,0.4479192244917014,26
1,[],10,[],2019-01-30 07:17:58,732747.4520191,0.00000626,0.00000000021427479200000003,6536412,2019-01-30 07:17:58,btc,27.982107503474477,877.92251435,0.00000626,btc,13072.4981014,0.0,0.2156392919766665,26
1,[],3,[],2019-01-30 07:17:59,8442149.03885143,0.00000001,0.00000000000034229200000000004,6536413,2019-01-30 07:17:59,btc,2.9567696814174513,790729.0,0.00000001,btc,17505913.9542977,0.0,0.0844214903885143,27
1,[],5,[],2019-01-30 07:18:00,3e-08,0.00000002,0.000000000000684584,6536414,2019-01-30 07:18:00,btc,1.44245761,0.06970281,0.00000002,btc,5.219e-05,0.0,0.09102784,27
1,[],11,[],2019-01-30 07:18:01,10597882.41182718,0.00000005,0.00000000000171146,6536415,2019-01-30 07:18:01,btc,370.5931920764931,0.0,0.00000005,btc,8220964.80991447,0.0,0.4932896594767663,27
1,[],4,[],2019-01-30 07:18:02,143744826.08377814,0.00000003,0.000000000001026876,6536416,2019-01-30 07:18:02,btc,4.0044623017699825,0.0,0.00000003,"btc,ltc",155203591.5654246,0.14089401,2.067743556545533,29
1,[],7,[],2019-01-30 07:18:04,39618586.706526116,0.00000003,0.0000000000010268759999999999,6536417,2019-01-30 07:18:04,btc,44465206.092598125,1593298.36433,0.00000003,btc,37938292.37718146,0.06370805,0.7207519482538315,29
1,[],4,[],2019-01-30 07:18:05,1315708.37155411,0.00000035,0.000000000011980220000000001,6536418,2019-01-30 07:18:05,btc,0.268869505264041,0.0,0.00000035,btc,482973.89994279,0.00471434,0.0725558312735864,30
0,[],17,[],2019-01-30 07:18:06,0.0,0,0,6536419,2019-01-30 07:18:06,btc,0.0,0.0,0,btc,0.0,0.0,0.0,30
1,[],4,[],2019-01-30 07:18:07,123852.5865464,0.00008350,0.0000000028581382,6536420,2019-01-30 07:18:07,btc,1.3399129023829095,0.0,0.00008350,btc,14008.18602351,0.8801983,2.644171732086439,31
1,[],21,[],2019-01-30 07:18:08,39236.79224748,0.00008420999999999999503525610622,0.000000002882440932,6536421,2019-01-30 07:18:08,btc,3.8482814290219483,94372.0107988,0.000084209999999999995035256106223897631934960372745990753173828125,btc,41522.21035781,7.89609107,3.1036575151908252,31
0,[],2,[],2019-01-20 23:28:43,0.0,0,0,6477009,2019-01-20 23:28:43,,0.0,0.0,0,,0.0,0.0,0.0,32
1,[],4,[],2019-01-30 07:18:10,140788168.14553156,0.00000005,0.00000000000171146,6536422,2019-01-30 07:18:10,btc,3.3299663208042527,0.0,0.00000005,"btc,ltc",53372519.89693018,0.26156496,2.1052214766862933,33
1,[],12,[],2019-01-30 07:18:10,21025573.0,0.00000006,0.0000000000020537519999999997,6536423,2019-01-30 07:18:10,btc,17267338.69512019,0.0,0.00000006,btc,88910737.62737247,0.0259556411188816,0.83449387,33
1,[],4,[],2019-01-30 07:18:11,105528917.15915793,0.00000002,0.000000000000684584,6536424,2019-01-30 07:18:11,btc,0.8382296976582684,0.0,0.00000002,btc,27940989.92194228,4.03738378,1.0728923116415794,34
1,[],5,[],2019-01-30 07:18:13,1e-08,0.00000001,0.000000000000342292,6536425,2019-01-30 07:18:13,btc,4.0022523,1.11295405,0.00000001,btc,1.394e-05,0.0,0.78588218,34
0.0000000000899886,[],4,[],2019-01-30 07:18:15,2246812968.4804263,3.599544e-18,1.232095114848e-22,6536426,2019-01-30 07:18:15,ltc,5.932251621930276e-09,0.0,0.00000004,ltc,1227766922.0393832,0.0,5.148746728488681e-09,36
1,[],5,[],2019-01-30 07:18:16,0.0,0,0,6536427,2019-01-30 07:18:16,btc,202.53652883,0.0,0,btc,1.295e-05,0.0,0.0,36
0,[],17,[],2019-01-30 07:18:17,0.0,0,0,6536428,2019-01-30 07:18:17,btc,0.14892131544535087,0.0,0,btc,12533924.99083647,0.0,0.0,36
0.0000000000899886,[],27,[],2019-01-30 07:18:20,2000000.0,1.799772e-18,6.16047557424e-23,6536429,2019-01-30 07:18:20,ltc,448.594787045,0.0,0.00000002,"ltc,eth",3711932.58,0.0,2.699658e-12,36
1,[],4,[],2019-01-30 07:18:21,529986.85350609,0.00000145,0.00000000004963234,6536430,2019-01-30 07:18:21,btc,0.4520030620364351,0.0,0.00000145,btc,239474.58141389,0.16094944,0.5298227503538394,37
1,[],12,[],2019-01-30 07:18:22,500344.3137438,0.000001439999999999999977188928391991229460700196796096861362457275390625,0.000000000049290048,6536431,2019-01-30 07:18:22,btc,1337.7879030130923,0.0,0.000001439999999999999977188928391991229460700196796096861362457275390625,btc,803739.61904757,0.1859816629517266,0.3964747683050675,37
1,[],17,[],2019-01-30 07:18:24,1752.74075282,0.00000025,0.0000000000085573,6536432,2019-01-30 07:18:24,btc,0.055487313962699736,0.0,0.00000025,btc,1388.79251806,0.0,0.00043818518820499993,37
1,[],27,[],2019-01-30 07:18:25,145144.0,0.00000004,0.000000000001369168,6536433,2019-01-30 07:18:25,btc,29.95779075772291,318.0619024,0.00000004,btc,5318.79525841,3.18e-06,0.00319377,37
1,[],5,[],2019-01-30 07:18:27,6.26e-06,0.00000071,0.000000000024302732,6536434,2019-01-30 07:18:27,btc,0.10132698,0.03849297,0.00000071,btc,0.00010664,0.0,0.02926268,42
1,[],12,[],2019-01-30 07:18:28,120604.76844324,0.00000084,0.000000000028752528000000003,6536435,2019-01-30 07:18:28,btc,109.31777178877742,0.0,0.00000084,btc,84012.04783867,0.0414194557548046,0.027102809999999998,42
0,[],27,[],2019-01-30 07:18:30,0.0,0,0,6536436,2019-01-30 07:18:30,,0.00315028,0.0,0,"btc,eth",11.007,0.0,0.0,42
1,[],5,[],2019-01-30 07:18:32,3e-08,0.00000002,0.000000000000684584,6536437,2019-01-30 07:18:32,btc,6.1628983,0.0,0.00000002,btc,1.425e-05,0.0,0.51720855,43
1,[],12,[],2019-01-30 07:18:33,6432534.0,0.00000001,0.00000000000034229200000000004,6536438,2019-01-30 07:18:33,btc,20007434.363029543,0.0,0.00000001,btc,40010957.77462537,0.0009415594605394,0.06432534,43
0,[],17,[],2019-01-30 07:18:34,0.0,0,0,6536439,2019-01-30 07:18:34,btc,0.0,0.0,0,btc,0.0,0.0,0.0,43
1,[],12,[],2019-01-30 07:18:35,910973.42666667,0.00000015,0.00000000000513438,6536440,2019-01-30 07:18:35,btc,11114794.500687718,0.0,0.00000015,btc,881695.39760239,0.1431513071428854,0.0309144340000005,44
1,[],4,[],2019-01-30 07:18:36,261471956.2022475,0.00000003,0.000000000001026876,6536441,2019-01-30 07:18:36,btc,0.19723851552864513,0.0,0.00000003,"btc,ltc",3775157.06655899,0.01099428,0.559015875675827,49
0.0000000000899886,[],4,[],2019-01-30 07:18:36,3817238871.679682,1.799772e-18,6.16047557424e-23,6536442,2019-01-30 07:18:36,ltc,4.994394634501267,0.0,0.00000002,ltc,2175104956.357089,0.0,3.4687524662035136e-09,52
0,[],22,[],2019-01-30 07:18:39,0.0,0,0,6536443,2019-01-30 07:18:39,,3693.80493996,0.0,0,,264578085.90882352,0.0,0.0,57
0,[],27,[],2019-01-30 07:18:41,0.0,0,0,6536444,2019-01-30 07:18:41,,0.0,0.0,0,"btc,eth",0.0,0.0,0.0,57
0.0000000001246605,[],22,[],2019-01-30 07:18:48,137438.0,1.246605e-18,4.2670291866e-23,6536448,2019-01-30 07:18:48,XMR,69.8835922,0.0,0.00000001,XMR,9887963.0,0.0,0.00137438,58
0.0000000000899886,[],4,[],2019-01-30 07:18:42,1347018484.7502446,6.299201999999999e-18,2.156166450984e-22,6536445,2019-01-30 07:18:42,ltc,3.3366770152805674,0.0,0.00000007,ltc,1260550289.9787445,0.0,5.872660400540438e-09,58
1,[],12,[],2019-01-30 07:18:43,2507729132.932997,0.0000000007,0.00000000000002396044,6536446,2019-01-30 07:18:43,btc,684074799629.3024,0.0,0.0000000007,btc,3140674511.103996,0.019837472895804207,1.0272848998195632,58
0,[],17,[],2019-01-30 07:18:44,0.0,0,0,6536447,2019-01-30 07:18:44,btc,1e+24,0.0,0,btc,41616695.95832568,0.0,0.0,58
1,[],5,[],2019-01-30 07:18:49,2.08e-06,0.00000037,0.000000000012664804,6536449,2019-01-30 07:18:49,btc,0.43523055,0.00764719,0.00000037,btc,7.994e-05,0.0,0.01244498,61
1,[],22,[],2019-01-30 07:18:52,5111.5,0.00000011,0.000000000003765212,6536450,2019-01-30 07:18:52,BTC,1002.29606732,0.0,0.00000011,BTC,15028.700278135757,0.0,0.00051178,61
1,[],26,[],2019-01-30 07:18:53,0.0,0.00000800,0.00000000027383360000000004,6536451,2019-01-30 07:18:53,btc,0.0,0.0,0.00000800,btc,0.0,0.0,0.0,61
0,[],27,[],2019-01-30 07:18:55,0.0,0,0,6536452,2019-01-30 07:18:55,,0.0,0.0,0,"btc,eth",0.0,0.0,0.0,61
1,[],28,[],2019-01-30 07:18:59,6900.304,0.00000210,0.00000000007188132,6536453,2019-01-30 07:18:59,btc,2.064440110600106,779.0,0.00000210,btc,11198.17500005,0.0,0.00218431304,61
1,[],4,[],2019-01-30 07:19:00,1351695.2009233,0.00000166,0.000000000056820472000000005,6536454,2019-01-30 07:19:00,btc,0.4412360027813935,0.0,0.00000166,btc,177932.34838745,0.07384279,1.0325787771999186,67
0.0,[],25,[],2019-01-30 07:19:02,0.0,0,0,6536455,2019-01-30 07:19:02,,0.0,0.0,0.0,btc,0.0,0.0,0.0,67
1,[],12,[],2019-01-30 07:19:03,3072343.66344444,0.0000001,0.00000000000342292,6536456,2019-01-30 07:19:03,btc,16893710.136503495,0.0,0.0000001,btc,2009288.96583411,0.0059615433387553,0.0816523164411108,71
,[],5,[],2018-11-20 23:02:39,1.5e-07,0.00000005,0.000000000002128045,4862160,2018-11-20 23:02:39,btc,2.84511358,0.0,,btc,0.00036572,0.0,0.07381892,74
1,[],5,[],2019-01-25 15:53:51,3.303e-05,0.00000156,0.000000000055588884,6499610,2019-01-25 15:53:51,btc,1.42844212,0.0,0.00000156,btc,0.00015937,0.0,0.49487621,75
1,[],4,[],2019-01-30 07:19:05,71883049.91787337,0.00000001,0.000000000000342292,6536457,2019-01-30 07:19:05,btc,0.8144650091483037,0.0,0.00000001,btc,15000789.10300357,0.0,0.7188304991787337,81
0,[],20,[],2019-01-25 09:30:31,0.0,0,0,6495923,2019-01-25 09:30:31,btc,0.0,0.0,0,btc,0.0,0.0,0.0,81
1,[],4,[],2019-01-30 07:19:07,23636.778113,0.00007265,0.0000000024867513800000003,6536458,2019-01-30 07:19:07,btc,0.9367145028221392,0.0,0.00007265,btc,8610.82190867,0.00726388,0.0790432329384282,82
1,[],21,[],2019-01-30 07:19:08,94565.64116631,0.00008003000000000000456294724227,0.000000002739362876,6536459,2019-01-30 07:19:08,btc,3.74367578936248,1142.67457823,0.00008003000000000000456294724227035430885734967887401580810546875,btc,41991.37592714,0.09170504,5.271949126155125,82
0,[],17,[],2019-01-30 07:19:09,0.0,0,0,6536460,2019-01-30 07:19:09,btc,0.0447233088476774,0.0,0,btc,999127.19588126,0.0,0.0,84
0.0000000000899886,[],4,[],2019-01-30 07:19:12,177634187.94518694,1.2598403999999999e-17,4.312332901968e-22,6536461,2019-01-30 07:19:12,ltc,0.1975418248696918,0.0,0.00000014,ltc,67899836.27769244,0.0,1.2748409700435683e-09,85
,[],22,[],2018-11-20 23:09:34,3408.1,0.0000001,0.0000000000041895,4862324,2018-11-20 23:09:34,BTC,0.04624735,0.0,,BTC,4990.0,0.0,0.00033081,86
0,[],22,[],2019-01-30 07:19:14,0.0,0,0,6536462,2019-01-30 07:19:14,,2.07810912,0.0,0,,154826.94736842104,0.0,0.0,87
0,[],27,[],2019-01-30 07:19:16,0.0,0,0,6536463,2019-01-30 07:19:16,,0.0,0.0,0,btc,0.0,0.0,0.0,87
,[],2,[],2018-11-20 23:10:47,0.0,0,0,4862359,2018-11-20 23:10:47,,0.0,0.0,,,0.0,0.0,0.0,88
1,[],11,[],2019-01-30 07:19:17,98132.72821493,0.00019990000000000000715365267023315709593589417636394500732421875,0.00000000684241708,6536464,2019-01-30 07:19:17,btc,235.5476087486597,1860.05094791,0.00019990000000000000715365267023315709593589417636394500732421875,btc,184292.57370753,0.0,7.025647320532651,89
1,[],12,[],2019-01-30 07:19:18,509021.88129537,0.0000031099999999999998698545396191850187506133806891739368438720703125,0.000000000106452812,6536465,2019-01-30 07:19:18,btc,2.8350587390324873,0.0,0.0000031099999999999998698545396191850187506133806891739368438720703125,btc,12813.73512689,0.1638570974043072,0.0914265678199941,91
0,[],17,[],2019-01-30 07:19:20,0.0,0,0,6536466,2019-01-30 07:19:20,btc,0.0,0.0,0,btc,0.0,0.0,0.0,91
0,[],2,[],2019-01-20 23:31:45,0.0,0,0,6477083,2019-01-20 23:31:45,,0.0,0.0,0,,0.0,0.0,0.0,91
0.0000000000899886,[],22,[],2019-01-30 07:19:24,39057603.0,5.399315999999999e-18,1.848142672272e-22,6536467,2019-01-30 07:19:24,LTC,8.48445395,0.0,0.00000006,LTC,73792734.1,1.6827868199999998e-16,1.47544257,95
1,[],4,[],2019-01-30 07:19:25,133361272.54872286,0.00000001,0.000000000000342292,6536468,2019-01-30 07:19:25,btc,1.3638392964990371,0.0,0.00000001,"btc,ltc",68047647.76995106,0.00315767,0.006776901711282231,96
1,[],12,[],2019-01-30 07:19:26,1221033.0,0.00000001,0.00000000000034229200000000004,6536469,2019-01-30 07:19:26,btc,255060.87464716562,0.0,0.00000001,btc,8059530.332976759,0.0006100612287712,0.01221033,96
0,[],17,[],2019-01-30 07:19:28,0.0,0,0,6536470,2019-01-30 07:19:28,btc,0.0,0.0,0,btc,0.0,0.0,0.0,96
1,[],4,[],2019-01-28 01:29:03,1472892.19429314,0.00000039,0.000000000013841295,6517118,2019-01-28 01:29:03,btc,0.30363706505258,0.0,0.00000039,btc,473598.41813208,0.02260545,0.1322524391209234,99
1,[],4,[],2019-01-30 07:19:29,129338.99149419,0.00004145,0.00000000141880034,6536471,2019-01-30 07:19:29,btc,1.6814077716024998,0.0,0.00004145,btc,32701.25751686,3.23063037,2.8995247834738387,100
0,[],2,[],2019-01-20 23:23:55,0.0,0,0,6476914,2019-01-20 23:23:55,,0.0,0.0,0,,0.0,0.0,0.0,100
1,[],22,[],2019-01-30 07:19:32,50000.0,0.00000001,0.000000000000342292,6536472,2019-01-30 07:19:32,BTC,23.50383609,0.0,0.00000001,BTC,11277.22,0.0,0.0005,101
1,[],4,[],2019-01-30 07:19:33,179277.61096409,0.00000091,0.000000000031148572,6536473,2019-01-30 07:19:33,btc,0.4014664686359075,0.0,0.00000091,btc,153628.18054447,0.02748459,0.088137044788069,103
1,[],12,[],2019-01-30 07:19:35,82522027.77474426,0.000000019,0.0000000000006503548000000001,6536474,2019-01-30 07:19:35,btc,9138279207.393435,0.0,0.000000019,btc,150983258.66443926,0.03368875302212069,0.5989308199453967,105
1,[],27,[],2019-01-30 07:19:36,528809.46811249,0.00000002,0.000000000000684584,6536475,2019-01-30 07:19:36,btc,0.5568805755148419,14477.0,0.00000002,btc,645722.67435029,0.00028954,0.0059436446811249,105
0,[],22,[],2019-01-30 07:19:39,0.0,0,0,6536476,2019-01-30 07:19:39,,1.07253299,0.0,0,,94300.0,0.0,0.0,107
1,[],26,[],2019-01-30 07:19:39,0.0,0.00000000,0,6536477,2019-01-30 07:19:39,btc,0.0,0.0,0.00000000,btc,0.0,0.0,0.0,107
1,[],5,[],2019-01-30 07:19:41,1e-08,0.00000001,0.000000000000342292,6536478,2019-01-30 07:19:41,btc,3.28194531,0.00142758,0.00000001,btc,1.512e-05,0.0,0.04420879,112
1,[],22,[],2019-01-30 07:19:44,1966.0,0.00000001,0.000000000000342292,6536479,2019-01-30 07:19:44,BTC,2.84243449,0.0,0.00000001,BTC,977103.5833333334,0.0,1.966e-05,112
0,[],27,[],2019-01-30 07:19:46,0.0,0,0,6536480,2019-01-30 07:19:46,,1.25356065,0.0,0,"btc,eth",1328.0,0.0,0.0,112
1,[],4,[],2019-01-30 07:19:47,422948.09074029,0.00000427,0.000000000146158684,6536481,2019-01-30 07:19:47,btc,0.5871162980637372,0.0,0.00000427,btc,93645.44355685,0.43290899,0.3840327961496555,113
1,[],5,[],2019-01-30 07:19:48,2.1e-05,0.00000366,0.000000000125278872,6536482,2019-01-30 07:19:48,btc,2.19881454,0.00536898,0.00000366,btc,0.00334372,0.0,0.2020008,113
1,[],17,[],2019-01-30 07:19:50,233369.0,0.00000004,0.0000000000013691680000000002,6536483,2019-01-30 07:19:50,btc,1.3376290575591845,0.0,0.00000004,btc,72546.975,0.0,0.00543476,116
0,[],27,[],2019-01-30 07:19:52,0.0,0,0,6536484,2019-01-30 07:19:52,,0.0,0.0,0,btc,0.0,0.0,0.0,116
1,[],4,[],2019-01-30 07:19:53,1085904.85742943,0.00001880,0.00000000064350896,6536485,2019-01-30 07:19:53,btc,0.4294710832474723,0.0,0.00001880,btc,20771.60753708,0.4239776,1.649618220803934,120
1,[],7,[],2019-01-30 07:19:55,2737.15761784,0.0000216300000000000012764268808584944281392381526529788970947265625,0.0000000007403775960000001,6536486,2019-01-30 07:19:55,btc,90.28940862892073,4823.35514077,0.0000216300000000000012764268808584944281392381526529788970947265625,btc,22971.59515955,0.17638718,0.0332360979543083,120
1,[],20,[],2019-01-30 07:19:56,1165301.6608,0.000000013,0.0000000000004449796,6536487,2019-01-30 07:19:56,btc,33.7489442370083,0.0,0.000000013,btc,1074422.3317,0.0,0.0061929111866,125
1,[],22,[],2019-01-30 07:20:00,68433.0,0.00000001,0.000000000000342292,6536488,2019-01-30 07:20:00,BTC,0.01415863,0.0,0.00000001,BTC,293039.4,0.0,0.00068433,126
1,[],4,[],2019-01-30 07:20:01,79306.83881238,0.00001552,0.000000000531237184,6536489,2019-01-30 07:20:01,btc,0.8765058698201689,0.0,0.00001552,btc,44685.3099387,0.2941155,0.3772635003210961,131
0,[],17,[],2019-01-30 07:20:03,0.0,0,0,6536490,2019-01-30 07:20:03,btc,0.0008451375975800001,0.0,0,btc,30.89614684,0.0,0.0,131
0,[],2,[],2019-01-20 23:25:46,0.0,0,0,6476969,2019-01-20 23:25:46,,0.0,0.0,0,,0.0,0.0,0.0,131
1,[],4,[],2019-01-30 07:20:04,4562.18009549,0.00018451,0.000000006315629692,6536491,2019-01-30 07:20:04,btc,1.6368335621115528,0.0,0.00018451,btc,284.34476376,0.0,0.00938741772649,135
1,[],3,[],2019-01-30 07:20:05,1826203.10018509,0.00000008,0.0000000000027383360000000003,6536492,2019-01-30 07:20:05,btc,0.1278477105720618,47976.1822874,0.00000008,btc,256779.5398801,0.0,0.06455943733703501,136
1,[],4,[],2019-01-30 07:20:06,125111.09847559,0.00000190,0.00000000006503548,6536493,2019-01-30 07:20:06,btc,0.4633110550206507,0.0,0.00000190,btc,181052.81693647,0.13792638,0.1902155686027715,137
1,[],12,[],2019-01-30 07:20:06,332472.90302362,0.000001889999999999999903886019510246274677456312929280102252960205078125,0.000000000064693188,6536494,2019-01-30 07:20:06,btc,11972.817034228006,0.0,0.000001889999999999999903886019510246274677456312929280102252960205078125,btc,130156.45668293,0.1240508961932379,0.09007998812999139,137
1,[],5,[],2019-01-30 07:20:08,0.00116353,0.00003502,0.0000000011987065840000001,6536495,2019-01-30 07:20:08,btc,2.66288514,1.13463987,0.00003502,btc,0.00213819,0.0,1.17961823,142
1,[],17,[],2019-01-30 07:20:09,12500.0,0.0000001,0.00000000000342292,6536496,2019-01-30 07:20:09,btc,0.6809500038201279,0.0,0.0000001,btc,5932.0,0.0,0.00125,142
1,[],20,[],2019-01-30 07:20:11,152245.8318,0.000036061,0.0000000012343391812,6536497,2019-01-30 07:20:11,btc,2.8398141963863,16345.94,0.000036061,btc,11683.9705,0.676514311044,0.2854294375857,142
1,[],22,[],2019-01-30 07:20:14,990.0,0.00001880,0.00000000064350896,6536498,2019-01-30 07:20:14,BTC,0.00073414,0.0,0.00001880,BTC,10.000500375281462,0.0,0.00022106,142
0.0,[],25,[],2019-01-30 07:20:15,0.0,0,0,6536499,2019-01-30 07:20:15,,0.0,0.0,0.0,btc,0.0,0.0,0.0,142
1,[],28,[],2019-01-30 07:20:25,78710.0,0.00002500,0.00000000085573,6536500,2019-01-30 07:20:25,btc,0.15112850002,3310.291,0.00002500,btc,3009.998,0.0,0.0312247,142
0,[],22,[],2019-01-28 18:33:43,0.0,0,0,6521842,2019-01-28 18:33:43,,61.27958297,0.0,0,,815366265.8,0.0,0.0,143
1,[],21,[],2019-01-30 07:20:27,36364175.030951336,0.00000029,0.000000000009926468,6536501,2019-01-30 07:20:27,btc,52.75764816709315,10791528.89614229,0.00000029,btc,88021067.17877056,3.0531541,5.362550101607728,145
0,[],22,[],2019-01-30 07:20:29,0.0,0,0,6536502,2019-01-30 07:20:29,,4.49004284,0.0,0,,1498238.5,0.0,0.0,146
,[],22,[],2018-11-20 23:01:11,0.0,0,0,4862114,2018-11-20 23:01:11,,2.56807021,0.0,,,61828.4988236,0.0,0.0,147
1,[],12,[],2019-01-30 07:20:31,8694712.28692793,0.00000304000000000000011654414412698432812476312392391264438629150390625,0.00000000010405676800000001,6536503,2019-01-30 07:20:31,btc,17.07600697238266,0.0,0.00000304000000000000011654414412698432812476312392391264438629150390625,btc,111840.39732023,0.0016922468333146,0.1302357400000168,148
1,[],4,[],2019-01-30 07:20:32,246103.43992936,0.00000030,0.00000000001026876,6536504,2019-01-30 07:20:32,btc,0.6897307687470707,0.0,0.00000030,btc,504704.17821085,0.0,0.0514325588797323,152
0,[],22,[],2019-01-30 07:20:35,0.0,0,0,6536505,2019-01-30 07:20:35,,0.0,0.0,0,,0.0,0.0,0.0,152
1,[],5,[],2019-01-30 07:20:37,0.0,0,0,6536506,2019-01-30 07:20:37,btc,4.37024355,0.0,0,btc,0.00161275,0.0,0.0,153
,[],16,[],2019-01-11 15:38:59,0.0,0,0,6366141,2019-01-11 15:38:59,btc,0.0,0.0,,btc,0.0,0.0,0.0,155
0,[],22,[],2019-01-30 07:20:41,0.0,0,0,6536507,2019-01-30 07:20:41,,6.73308927,0.0,0,,4561867.742592593,0.0,0.0,156
0,[],23,[],2019-01-20 23:24:29,0.0,0,0,6476932,2019-01-20 23:24:29,,0.0,0.0,0,,0.0,0.0,0.0,156
1,[],22,[],2019-01-30 07:20:45,7906.0,0.00000801,0.000000000274175892,6536508,2019-01-30 07:20:45,BTC,43.78801181,0.0,0.00000801,BTC,1067.5805334758436,0.0,0.00743836,157
0,[],22,[],2019-01-30 07:20:48,0.0,0,0,6536509,2019-01-30 07:20:48,,50175.6753658,0.0,0,,54007107.04179466,0.0,0.0,158
,[],17,[],2018-11-20 22:56:10,0.0,0,0,4861976,2018-11-20 22:56:10,btc,1.1265625,0.0,,btc,1000.0,0.0,0.0,159
,[],20,[],2018-11-20 22:56:12,0.0,0,0,4861977,2018-11-20 22:56:12,btc,11912.7940471,0.0,,btc,34413894.3617,0.0,0.0,159
1,[],12,[],2019-01-30 07:20:49,194691.32292179,0.000010000000000000000818030539140313095458623138256371021270751953125,0.00000000034229200000000003,6536510,2019-01-30 07:20:49,btc,6.6777992702538675,0.0,0.000010000000000000000818030539140313095458623138256371021270751953125,btc,14120.17133708,0.0072807283176115,0.0972350819997949,168
1,[],17,[],2019-01-30 07:20:50,29784.95,0.000001,0.0000000000342292,6536511,2019-01-30 07:20:50,btc,0.0353989844335,0.0,0.000001,btc,196.82520268,0.0,0.00716147,168
1,[],22,[],2019-01-30 07:21:07,1433447.0,0.00000001,0.000000000000342292,6536512,2019-01-30 07:21:07,BTC,1.13380276,0.0,0.00000001,BTC,689102.5537281231,0.0,0.01433447,169
1,[],22,[],2019-01-30 07:21:11,40782.58214285714,0.0000004,0.00000000001369168,6536513,2019-01-30 07:21:11,BTC,2.46467108,0.0,0.0000004,BTC,56510.23175324256,0.00405607,0.01220731,171
1,[],22,[],2019-01-30 07:21:15,176627.00789473683,0.00000021,0.000000000007188132,6536514,2019-01-30 07:21:15,BTC,2.85218352,0.0,0.00000021,BTC,255974.0169258729,1.688e-05,0.01099656,173
1,[],5,[],2019-01-30 07:21:17,7.139e-05,0.00000446,0.00000000015266223200000001,6536515,2019-01-30 07:21:17,btc,0.43188887,0.02231972,0.00000446,btc,0.00035473,0.0,0.83765061,175
1,[],22,[],2019-01-30 07:21:20,40554.0,0.0000007,0.000000000023960440000000002,6536516,2019-01-30 07:21:20,BTC,0.64856239,0.0,0.0000007,BTC,158526.57822767255,0.0,0.01480313,176
1,[],7,[],2019-01-30 07:21:21,0.0,0,0,6536517,2019-01-30 07:21:21,btc,10965.643600862513,3579107.0,0,btc,118922270.45418899,0.03579107,0.0,178
0,[],22,[],2019-01-30 07:21:24,0.0,0,0,6536518,2019-01-30 07:21:24,,1.00242428,0.0,0,,57512.0,0.0,0.0,178
0,[],2,[],2019-01-20 23:28:34,0.0,0,0,6477001,2019-01-20 23:28:34,,0.0,0.0,0,,0.0,0.0,0.0,178
1,[],5,[],2019-01-30 07:21:26,6e-08,0.00000003,0.000000000001026876,6536519,2019-01-30 07:21:26,btc,16.21348753,1.5806429,0.00000003,btc,2.285e-05,0.0,1.39814141,179
1,[],22,[],2019-01-30 07:21:30,8029423.0,0.00000003,0.000000000001026876,6536520,2019-01-30 07:21:30,BTC,5.47004887,0.0,0.00000003,"BTC,LTC",16479205.651989967,0.00742083,0.39540237,179
0,[],23,[],2019-01-20 23:25:08,0.0,0,0,6476952,2019-01-20 23:25:08,,0.0,0.0,0,,0.0,0.0,0.0,179
1,[],17,[],2019-01-30 07:21:33,10504.725,0.0000001,0.00000000000342292,6536521,2019-01-30 07:21:33,btc,5.206877489876966,0.0,0.0000001,btc,7465.6174587,0.0,0.0010504725,180
1,[],22,[],2019-01-30 07:22:01,5785.4,0.00000001,0.000000000000342292,6536522,2019-01-30 07:22:01,BTC,0.09613315,0.0,0.00000001,"BTC,LTC",16616.37037600151,0.0,7.724e-05,180
1,[],26,[],2019-01-30 07:22:01,0.0,0.00000020,0.00000000000684584,6536523,2019-01-30 07:22:01,btc,0.0,4306.5353,0.00000020,btc,0.0,0.0,0.0,180
,[],7,[],2018-11-20 22:58:01,562227.975654,0.00000085,0.000000000036176765,4862015,2018-11-20 22:58:01,btc,21836.6059674,2491.87645172,,btc,749999.041456,0.00211021,0.127565380455,183
,[],5,[],2019-01-10 08:11:41,0.0,0,0,6347036,2019-01-10 08:11:41,btc,82.15055501,0.00261,,btc,1.19002445,0.0,0.0,187
1,[],24,[],2019-01-30 07:22:02,0.0,0.000000000001,3.42292e-17,6536524,2019-01-30 07:22:02,btc,0.0,0.0,0.000000000001,btc,0.0,0.0,0.0,187
,[],17,[],2018-11-16 20:58:10,4062536.27273,0.00000001,0.000000000000550501,4708775,2018-11-16 20:58:10,btc,3.36492563466,0.195460381006,,"btc,eth",110697919.549,0.0,0.0157628953496,187
0,[],22,[],2019-01-30 07:22:04,0.0,0,0,6536525,2019-01-30 07:22:04,,1.19382741,0.0,0,,13380.036201072173,0.0,0.0,191
0,[],22,[],2019-01-29 02:57:02,0.0,0,0,6524994,2019-01-29 02:57:02,,0.0,0.0,0,,0.0,0.0,0.0,197
0,[],23,[],2019-01-20 23:31:41,0.0,0,0,6477079,2019-01-20 23:31:41,,0.0,0.0,0,,0.0,0.0,0.0,199
1,[],26,[],2019-01-30 07:22:06,0.0,0.00000000,0,6536526,2019-01-30 07:22:06,btc,0.0,769067.0,0.00000000,btc,0.0,0.0,0.0,199
0,[],17,[],2019-01-30 07:22:08,0.0,0,0,6536527,2019-01-30 07:22:08,btc,6.802544163747607,0.0,0,btc,105897.55575295,0.0,0.0,200
0,[],2,[],2019-01-20 23:30:49,0.0,0,0,6477059,2019-01-20 23:30:49,,0.0,0.0,0,,0.0,0.0,0.0,201
1,[],4,[],2019-01-25 15:51:35,2084389.58565343,0.00000936,0.000000000333526752,6499557,2019-01-25 15:51:35,btc,2.0092503037378524,0.0,0.00000936,btc,160195.80207885,0.19272417,1.242687955921835,211
1,[],7,[],2019-01-30 07:22:11,17490190.86724357,0.000001210000000000000061712245556788669631487209699116647243499755859375,0.000000000041417332,6536528,2019-01-30 07:22:11,btc,16567816.14828434,339807.49501,0.000001210000000000000061712245556788669631487209699116647243499755859375,btc,11935378.62715603,0.4134649,7.521520635741948,212
1,[],5,[],2019-01-30 07:22:13,4.21e-06,0.00000032,0.000000000010953344,6536529,2019-01-30 07:22:13,btc,0.88988212,0.05600727,0.00000032,btc,3e-05,0.0,0.32095783,213
1,[],24,[],2019-01-30 07:22:13,0.0,0.000000050000,0.00000000000171146,6536530,2019-01-30 07:22:13,btc,0.0,0.0,0.000000050000,btc,0.0,0.0,0.0,213
1,[],26,[],2019-01-30 07:22:13,0.0,0.00000003,0.000000000001026876,6536531,2019-01-30 07:22:13,btc,0.0,0.0,0.00000003,btc,0.0,0.0,0.0,213
1,[],12,[],2019-01-25 02:44:32,207462.42853209,0.000001080000000000000035831255497387193287295303889550268650054931640625,0.000000000038610756000000006,6493050,2019-01-25 02:44:32,btc,85023.03793723314,0.0,0.000001080000000000000035831255497387193287295303889550268650054931640625,btc,43675.73520027,0.000146250909087,0.0348620860622024,213
1,[],22,[],2019-01-30 07:22:17,276400.0,0.00000002,0.000000000000684584,6536532,2019-01-30 07:22:17,BTC,70.22563965,0.0,0.00000002,BTC,269624.63907173084,0.0,0.004714,216
1,[],27,[],2019-01-30 07:22:19,5051645.0,0.00000011,0.000000000003765212,6536533,2019-01-30 07:22:19,btc,323.29074826316,5000.0,0.00000011,"btc,ltc",264811.13311,0.00265,0.0511825,216
1,[],22,[],2019-01-30 07:22:22,274784.9617002085,0.00000264,0.000000000090365088,6536534,2019-01-30 07:22:22,BTC,12677.78958344,0.0,0.00000264,BTC,367362.251941559,0.06494775,0.37750823,217
1,[],7,[],2019-01-30 07:22:24,0.0,0,0,6536535,2019-01-30 07:22:24,btc,302.63431663911064,0.0,0,btc,140240320.6214003,0.0,0.0,219
0,[],27,[],2019-01-30 07:22:26,0.0,0,0,6536536,2019-01-30 07:22:26,,0.0747309448198,0.0,0,btc,1605140.29226592,0.0,0.0,219
0.0000000000000056,[],28,[],2019-01-30 07:22:31,202542996.698,5.32e-18,1.8209934400000002e-22,6536537,2019-01-30 07:22:31,doge,88554.0333717675,13893.0,0.00095000,"btc,doge",5119437.84751,0.0,1.4918454132883785e-11,219
1,[],22,[],2019-01-30 07:22:34,203718.0,0.00000055,0.00000000001882606,6536538,2019-01-30 07:22:34,BTC,2.38959129,0.0,0.00000055,BTC,30954.90111646381,0.00176035,0.02094473,221
1,[],24,[],2019-01-30 07:22:34,0.0,0.000000550000,0.00000000001882606,6536539,2019-01-30 07:22:34,btc,0.0,0.0,0.000000550000,btc,0.0,0.0,0.0,221
1,[],26,[],2019-01-30 07:22:35,0.0,0.00000002,0.000000000000684584,6536540,2019-01-30 07:22:35,btc,0.0,11614.0,0.00000002,btc,0.0,0.0,0.0,231
1,[],26,[],2019-01-30 07:22:36,0.0,0.00000004,0.000000000001369168,6536541,2019-01-30 07:22:36,btc,0.0,200.0,0.00000004,btc,0.0,0.0,0.0,234
0,[],27,[],2019-01-30 07:22:38,0.0,0,0,6536542,2019-01-30 07:22:38,,0.0113483662182,0.0,0,"btc,eth",11462.99618,0.0,0.0,234
0.0000000000899886,[],22,[],2019-01-30 07:22:42,10015864.0,1.799772e-18,6.16047557424e-23,6536543,2019-01-30 07:22:42,LTC,3.47278345,0.0,0.00000002,LTC,95093207.88015874,9.90100921329e-12,0.11615864,235
1,[],4,[],2019-01-30 07:22:43,754873.20559992,0.00000081,0.000000000027725652,6536544,2019-01-30 07:22:43,btc,0.1428677465236781,0.0,0.00000081,btc,119110.57411476,0.02427357,0.1869367710252208,236
1,[],24,[],2019-01-30 07:22:43,0.0,0.000000010000,0.000000000000342292,6536545,2019-01-30 07:22:43,btc,0.0,0.0,0.000000010000,btc,0.0,0.0,0.0,236
1,[],20,[],2019-01-30 07:22:45,23789764.9713,0.000000066,0.0000000000022591272000000003,6536546,2019-01-30 07:22:45,btc,14.303200334392,26537496.461,0.000000066,btc,24227047.8539,1.8669714198147,0.6861520175998,237
1,[],22,[],2019-01-30 07:22:48,10000.0,0.00000001,0.000000000000342292,6536547,2019-01-30 07:22:48,BTC,0.04144357,0.0,0.00000001,BTC,10254.2,0.0,0.0001,237
1,[],4,[],2019-01-30 07:22:49,4343732.36106838,0.00000032,0.000000000010953344,6536548,2019-01-30 07:22:49,btc,0.3699471434224127,0.0,0.00000032,btc,1047099.05893282,0.09472899,1.268918639308806,238
1,[],5,[],2019-01-30 07:22:51,3.96e-06,0.00000032,0.000000000010953344,6536549,2019-01-30 07:22:51,btc,0.75604936,0.0046571,0.00000032,btc,2.906e-05,0.0,0.32432694,238
1,[],22,[],2019-01-30 07:22:55,253158.85,0.00000005,0.00000000000171146,6536550,2019-01-30 07:22:55,BTC,15.41042403,0.0,0.00000005,BTC,242601.32447994986,0.0004052,0.00825949,249
0.0000000000899886,[],22,[],2019-01-30 07:22:59,4787942.0,2.6996579999999997e-18,9.24071336136e-23,6536551,2019-01-30 07:22:59,LTC,0.69139672,0.0,0.00000003,LTC,15451945.015,1.1532372047819998e-12,0.10757742,252
1,[],28,[],2019-01-30 07:23:04,2322889.485,0.00000008,0.000000000002738336,6536552,2019-01-30 07:23:04,btc,164692.82160623124,36816.3,0.00000008,btc,1119412.6695,0.0,0.07908255623,256
0,[],27,[],2019-01-30 07:23:07,0.0,0,0,6536553,2019-01-30 07:23:07,,4.96668,0.0,0,"btc,eth",90.59,0.0,0.0,257
1,[],22,[],2019-01-30 07:23:10,189135.0,0.00000007,0.0000000000023960440000000002,6536554,2019-01-30 07:23:10,BTC,35605.55932372,0.0,0.00000007,BTC,481159.71026957524,0.000405,0.00240735,258
1,[],22,[],2019-01-26 20:58:41,368451.0,0.00000001,0.000000000000356135,6510120,2019-01-26 20:58:41,BTC,2.642917,0.0,0.00000001,"BTC,LTC",1862.0,0.0,0.02488451,259
1,[],22,[],2019-01-30 07:23:14,3440.8449032258063,0.00000775,0.0000000002652763,6536555,2019-01-30 07:23:14,BTC,4.68663743,0.0,0.00000775,BTC,6070.145866142444,0.0,0.02375359,262
1,[],5,[],2019-01-30 07:23:15,0.00013003,0.00000757,0.000000000259115044,6536556,2019-01-30 07:23:15,btc,3.11851621,1.21252062,0.00000757,btc,0.00229624,0.0,0.34851926,264
1,[],20,[],2019-01-30 07:23:17,1175360.9458,0.0000051,0.00000000017456892,6536557,2019-01-30 07:23:17,btc,6.3364851129267,31758.0202,0.0000051,btc,108803.0395,0.1636988478726,0.034052009638,264
1,[],22,[],2019-01-30 07:23:30,149751.0,0.00000002,0.000000000000684584,6536558,2019-01-30 07:23:30,BTC,6.54364963,0.0,0.00000002,BTC,248648.0926495266,0.00017724,0.00249739,271
0,[],22,[],2019-01-30 07:23:33,0.0,0,0,6536559,2019-01-30 07:23:33,,360.60221793,0.0,0,,13878103693.9,0.0,0.0,272
0.0000000000000056,[],28,[],2019-01-30 07:23:39,197457894006.683,5.208e-21,1.7826567360000002e-25,6536560,2019-01-30 07:23:39,doge,51928734.43234119,15382076878.773973,0.00000093,doge,149607359668.039,0.0,5.394024248297354e-10,272
