pairValue,buyBook,exchangeId,sellBook,updated,buyTotal,satoshiPrice,usdPrice,exchangeLogId,created,bestPair,sellTotalBtc,volume,pairPrice,activePairs,sellTotal,volumeBtc,buyTotalBtc,coinId
1,[],3,[],2019-02-14 01:18:29,137.313039884521,0.01346258000000000003282263350001812796108424663543701171875,0.0000004878340876540001,6658870,2019-02-14 01:18:29,btc,107.07908695903178,0.21127235,0.01346258000000000003282263350001812796108424663543701171875,btc,21.985473826211,0.0,0.38367066584321835,1
1,[],4,[],2019-02-14 01:18:29,96.55101732,0.01359923,0.0000004927857780490001,6658871,2019-02-14 01:18:29,btc,0.5912731357373375,0.0,0.01359923,btc,40.3038506,1.02933707,1.1745299045862823,1
1,[],5,[],2019-02-14 01:18:31,0.35199741,0.01337002,0.000000484480055726,6658872,2019-02-14 01:18:31,btc,14578.65740382,0.07508551,0.01337002,btc,35555556.19233287,0.0,3.14087479,1
1,[],10,[],2019-02-14 01:18:34,413631.88800901,0.01191335,0.000000431695724605,6658873,2019-02-14 01:18:34,btc,6533.022524830283,1568.20449767,0.01191335,btc,1015.109657,0.0,4.8347646482925235,1
1,[],12,[],2019-02-14 01:18:37,10438.03635423,0.013369999999999999940047956670241546817123889923095703125,0.0000004844793310000001,6658874,2019-02-14 01:18:37,btc,0.4244581686371,0.0,0.013369999999999999940047956670241546817123889923095703125,btc,24.50880509,5.0897296215893,0.2450281381205,1
1,[],20,[],2019-02-14 01:18:38,1151.8719,0.010500105,0.0000003804849548115,6658875,2019-02-14 01:18:38,btc,0.0573537536243,0.0,0.010500105,btc,2.5253,0.0,0.0975788883155,1
1,[],21,[],2019-02-14 01:18:39,2420.71617474,0.01352882000000000042860825999,0.000000490234380166,6658876,2019-02-14 01:18:39,btc,28.842467294854824,3692.20948198,0.0135288200000000004286082599946894333697855472564697265625,"btc,eth",2612.38154674,43.27993480275546,21.965725492500532,1
1,[],22,[],2019-02-14 01:18:44,0.0280576,0.01350000,0.00000048919005,6658877,2019-02-14 01:18:44,BTC,0.3139634,0.0,0.01350000,BTC,0.10070366666666666,0.0,0.00036518,1
1,[],24,[],2019-02-14 01:18:44,0.0,0.000000000000,0,6658878,2019-02-14 01:18:44,btc,0.0,0.0,0.000000000000,btc,0.0,0.0,0.0,1
0.0,[],25,[],2019-02-14 01:18:45,0.0,0,0,6658879,2019-02-14 01:18:45,btc,14.783699998503174,1916.55769919,0.0,btc,1071.71666202,26.9479,0.0,1
1,[],26,[],2019-02-14 01:18:55,0.0,0,0,6658880,2019-02-14 01:18:55,,0.0,0.0,0,,0.0,0.0,0.0,1
1,[],28,[],2019-02-14 01:19:00,992.992,0.01250000,0.00000045295375000000004,6658881,2019-02-14 01:19:00,btc,0.162839806,18303.2,0.01250000,btc,8.9,0.0,0.087170176,1
0,[],2,[],2019-01-20 23:28:45,0.0,0,0,6477011,2019-01-20 23:28:45,,0.0,0.0,0,,0.0,0.0,0.0,1
1,[],5,[],2019-02-14 01:19:01,1.484e-05,0.00000066,0.000000000023915958000000003,6658882,2019-02-14 01:19:01,btc,0.13864204,0.03126768,0.00000066,btc,7.058e-05,0.0,0.30391639,2
0,[],22,[],2019-02-14 01:19:04,0.0,0,0,6658883,2019-02-14 01:19:04,,0.0,0.0,0,,0.0,0.0,0.0,2
1,[],5,[],2019-02-14 01:19:06,1.29e-06,0.00000017,0.0000000000061601710000000006,6658884,2019-02-14 01:19:06,btc,4.31648084,0.0330212,0.00000017,btc,2.278e-05,0.0,3.53208255,3
1,[],12,[],2019-02-14 01:19:07,12312676.20690995,0.000000171,0.000000000006196407300000001,6658885,2019-02-14 01:19:07,btc,924192.9506014498,0.0,0.000000171,btc,8215643.64881234,0.07560463893119759,0.5247161612290449,3
0,[],28,[],2019-02-14 01:19:12,0.0,0,0,6658886,2019-02-14 01:19:12,,0.0,0.0,0,,0.0,0.0,0.0,3
0,[],2,[],2019-01-20 23:31:32,0.0,0,0,6477077,2019-01-20 23:31:32,,0.0,0.0,0,,0.0,0.0,0.0,4
1,[],4,[],2019-02-14 01:19:12,370698.91903058,0.00000034,0.000000000012320342000000001,6658887,2019-02-14 01:19:12,btc,0.3453561111398395,0.0,0.00000034,btc,323829.14969384,0.00060629,0.0452380200652495,4
1,[],12,[],2019-02-14 01:19:13,1383837.5219999999,0.00000004,0.0000000000014494520000000002,6658888,2019-02-14 01:19:13,btc,11113878.381097743,0.0,0.00000004,btc,1076802.4126309599,0.0004068657242748,0.02300865044,5
0,[],2,[],2019-01-20 23:31:51,0.0,0,0,6477087,2019-01-20 23:31:51,,0.0,0.0,0,,0.0,0.0,0.0,6
1,[],11,[],2019-02-14 01:19:15,2852550.0,0.00000002,0.0000000000007247260000000001,6658889,2019-02-14 01:19:15,btc,9433.336347695747,10000.0,0.00000002,btc,40021390.32265751,0.0,0.048360695,6
1,[],3,[],2019-02-14 01:19:17,1074.273146428111,0.00014521000000000000053346216333238771767355501651763916015625,0.0000000052618731230000004,6658890,2019-02-14 01:19:17,btc,28.399990609446498,0.0,0.00014521000000000000053346216333238771767355501651763916015625,btc,235.145665820227,0.0,0.031531977816658056,7
1,[],4,[],2019-02-14 01:19:17,14151.67484203,0.00019701,0.000000007138913463,6658891,2019-02-14 01:19:17,btc,2.3008212909070775,0.0,0.00019701,btc,10278.34800995,4.59674137,2.5618477797198396,7
1,[],5,[],2019-02-14 01:19:19,0.00578844,0.00019603,0.000000007103401889000001,6658892,2019-02-14 01:19:19,btc,1.86381254,0.40551702,0.00019603,btc,0.01256595,0.0,1.76715241,7
1,[],20,[],2019-02-14 01:19:22,44206494.8418,0.000000001,0.0000000000000362363,6658893,2019-02-14 01:19:22,btc,116.5820981611263,11810690.45,0.000000001,btc,28695325.8892,0.01181069045,0.0442064948418,8
0,[],2,[],2019-01-20 23:22:42,0.0,0,0,6476876,2019-01-20 23:22:42,,0.0,0.0,0,,0.0,0.0,0.0,9
1,[],1,[],2019-02-14 01:19:24,2058484.32,0.0000018599999999999999793589590402209665853661135770380496978759765625,0.000000000067399518,6658894,2019-02-14 01:19:24,btc,4.6461627646000005,20263143.91,0.0000018599999999999999793589590402209665853661135770380496978759765625,btc,2449033.83,37.14111384,3.7537258714,9
0,[],23,[],2019-01-20 23:22:48,0.0,0,0,6476878,2019-01-20 23:22:48,,0.0,0.0,0,,0.0,0.0,0.0,9
1,[],4,[],2019-02-14 01:19:24,215536.99644032,0.00000183,0.000000000066312429,6658895,2019-02-14 01:19:24,btc,0.7250278980820708,0.0,0.00000183,btc,373125.97027578,2.11259338,0.3673735541118623,9
1,[],28,[],2019-02-14 01:19:29,44885.0,0.00000167,0.000000000060514621,6658896,2019-02-14 01:19:29,btc,2708.76119522,3567107.0,0.00000167,btc,11732.68,0.0,0.04579495,9
1,[],4,[],2019-02-10 09:54:02,5828483.02026053,0.00000002,0.000000000000726692,6623074,2019-02-10 09:54:02,btc,0.2014004865591215,0.0,0.00000002,btc,4198675.28035349,0.00021932,0.0653957035452106,10
1,[],4,[],2019-02-14 01:19:30,2095653.33895612,0.00000140,0.000000000050730820000000004,6658897,2019-02-14 01:19:30,btc,1.1743437052636236,0.0,0.00000140,btc,793823.47636518,1.55474135,1.840350980607829,12
1,[],5,[],2019-02-14 01:19:32,1.653e-05,0.00000136,0.000000000049281368000000005,6658898,2019-02-14 01:19:32,btc,0.42718593,0.08320156,0.00000136,btc,0.00010436,0.0,0.16122211,12
0.0,[],25,[],2019-02-14 01:19:33,0.0,0,0,6658899,2019-02-14 01:19:33,,0.0,0.0,0.0,btc,0.0,0.0,0.0,12
0,[],2,[],2019-01-20 23:23:08,0.0,0,0,6476890,2019-01-20 23:23:08,,0.0,0.0,0,,0.0,0.0,0.0,12
1,[],4,[],2019-02-14 01:19:34,1291761.85777368,0.00000598,0.000000000216693074,6658900,2019-02-14 01:19:34,btc,0.3599590625842677,0.0,0.00000598,btc,54234.3622679,0.37466006,1.2325683314959088,13
1,[],21,[],2019-02-14 01:19:37,632029.35585315,0.000006100000000000000041600837358,0.00000000022104143,6658901,2019-02-14 01:19:37,btc,3.958540466598207,489329.75370521,0.0000061000000000000000416008373582688051328659639693796634674072265625,btc,580171.02919365,3.02027969,3.570181179549877,13
1,[],10,[],2019-02-14 01:12:30,443960.75021594,0.00000579,0.000000000209352504,6658697,2019-02-14 01:12:30,btc,666806.4688370492,4752.41983711,0.00000579,btc,750240.67376137,0.0,0.3609115814766625,13
1,[],4,[],2019-02-14 01:19:38,1000164.13876866,0.00000139,0.000000000050368457000000004,6658902,2019-02-14 01:19:38,btc,0.1284253882245885,0.0,0.00000139,btc,70885.50160005,0.00439209,0.4279415500394809,14
1,[],12,[],2019-02-14 01:19:39,91458.0,0.000001250000000000000102253817392539136932327892282046377658843994140625,0.00000000004529537500000001,6658903,2019-02-14 01:19:39,btc,2.774048014609345,0.0,0.000001250000000000000102253817392539136932327892282046377658843994140625,btc,29555.37033352,5.29870129932e-05,0.01386694,14
0,[],17,[],2019-02-14 01:19:41,0.0,0,0,6658904,2019-02-14 01:19:41,btc,0.0,0.0,0,btc,0.0,0.0,0.0,14
1,[],26,[],2019-02-14 01:19:41,0.0,0.00000050,0.00000000001811815,6658905,2019-02-14 01:19:41,btc,0.0,0.0,0.00000050,btc,0.0,0.0,0.0,14
0,[],4,[],2019-02-14 01:19:42,0.0,0,0,6658906,2019-02-14 01:19:42,,0.0,0.0,0,,0.0,0.0,0.0,15
,[],12,[],2018-12-01 15:15:48,204241.84496,0.00000489,0.000000000202473384,5260204,2018-12-01 15:15:48,btc,49.5475654835,0.0,,btc,35763.2193806,0.0163153972027625,0.0203389899998,15
1,[],10,[],2019-02-13 21:07:28,789966.46615007,0.0000176,0.00000000063402064,6657345,2019-02-13 21:07:28,btc,15.544034874699618,373.44201381,0.0000176,btc,10889.83730557,0.0,0.3126617449220554,18
1,[],4,[],2019-02-14 01:19:44,28425.21924624,0.00001813,0.0000000006569641190000001,6658907,2019-02-14 01:19:44,btc,2.1957788039418853,0.0,0.00001813,btc,6554.66039548,0.26231327,0.1271077234588829,18
1,[],12,[],2019-02-14 01:19:47,204302.07480693999,0.0000178399999999999985997832518958006176035269163548946380615234375,0.0000000006464555919999999,6658908,2019-02-14 01:19:47,btc,22.61201709312798,0.0,0.0000178399999999999985997832518958006176035269163548946380615234375,btc,1865.93858372,1.22861581137e-05,0.033905516242902396,18
0,[],17,[],2019-02-14 01:19:48,0.0,0,0,6658909,2019-02-14 01:19:48,btc,0.0,0.0,0,btc,0.0,0.0,0.0,18
0,[],2,[],2019-01-20 23:23:38,0.0,0,0,6476906,2019-01-20 23:23:38,,0.0,0.0,0,,0.0,0.0,0.0,18
1,[],3,[],2019-02-14 01:19:49,129617.75909157103,0.00002500000000000000119804340059648239957823534496128559112548828125,0.0000000009059075000000001,6658910,2019-02-14 01:19:49,btc,0.46760585687644973,31.8983381012,0.00002500000000000000119804340059648239957823534496128559112548828125,btc,5030.703190921352,0.0,0.09900681122244824,19
1,[],4,[],2019-02-14 01:19:50,204432.30052767,0.00002900,0.0000000010508527,6658911,2019-02-14 01:19:50,btc,0.2635190351406968,0.0,0.00002900,btc,8340.18089237,0.75761564,1.9458939734003646,19
1,[],5,[],2019-02-14 01:19:52,0.00021268,0.00002500,0.0000000009059075000000001,6658912,2019-02-14 01:19:52,btc,0.27380202,0.01433468,0.00002500,btc,0.00313481,0.0,0.06799262,19
1,[],12,[],2019-02-14 01:19:53,134947.83450704,0.0000227199999999999993106902795858559329644776880741119384765625,0.0000000008232887360000001,6658913,2019-02-14 01:19:53,btc,0.0295434646856828,0.0,0.0000227199999999999993106902795858559329644776880741119384765625,btc,293.66393647,0.000849143976131,0.0325449399999488,19
0,[],27,[],2019-02-14 01:19:55,0.0,0,0,6658914,2019-02-14 01:19:55,,0.0,0.0,0,btc,0.0,0.0,0.0,19
0,[],2,[],2019-01-20 23:24:19,0.0,0,0,6476924,2019-01-20 23:24:19,,0.0,0.0,0,,0.0,0.0,0.0,19
1,[],4,[],2019-02-14 01:19:56,8114186.09293738,0.00000014,0.000000000005073082,6658915,2019-02-14 01:19:56,btc,0.7707827932436357,0.0,0.00000014,btc,1592783.19386541,0.0,0.2644718132083657,20
1,[],4,[],2019-02-14 01:19:57,113772735.57123545,0.00000002,0.000000000000724726,6658916,2019-02-14 01:19:57,btc,0.6090789110713652,0.0,0.00000002,btc,17117023.0413107,0.00464308,1.3132951553053493,21
1,[],12,[],2019-02-14 01:19:58,17685209.0,0.00000002,0.0000000000007247260000000001,6658917,2019-02-14 01:19:58,btc,669.7145476690422,0.0,0.00000002,btc,8856388.84715552,0.0018697600599397,0.22594446,21
0,[],17,[],2019-02-14 01:20:00,0.0,0,0,6658918,2019-02-14 01:20:00,btc,0.0,0.0,0,btc,0.0,0.0,0.0,21
1,[],12,[],2019-02-14 01:20:01,2963432504.043896,0.0000000002,0.00000000000000724726,6658919,2019-02-14 01:20:01,btc,825864718832.1807,0.0,0.0000000002,btc,4259152800.1011014,0.01688583735924076,0.3441843009555898,23
0,[],27,[],2019-02-14 01:20:03,0.0,0,0,6658920,2019-02-14 01:20:03,,0.7240921565934114,0.0,0,eth,727098.85514486,0.0,0.0,23
1,[],4,[],2019-02-14 01:20:04,368745.67980885,0.00000064,0.000000000023191232,6658921,2019-02-14 01:20:04,btc,0.1837602210535927,0.0,0.00000064,btc,179106.7576041,0.00976543,0.1840185997584094,24
1,[],22,[],2019-02-14 01:20:07,11.76,0.00000100,0.0000000000362363,6658922,2019-02-14 01:20:07,BTC,7.415e-05,0.0,0.00000100,BTC,23.919354838709676,0.0,1.176e-05,24
0.0,[],25,[],2019-02-14 01:20:09,0.0,0,0,6658923,2019-02-14 01:20:09,,0.0,0.0,0.0,btc,0.0,0.0,0.0,24
1,[],4,[],2019-02-14 01:20:09,29734475.09360483,0.00000612,0.000000000221766156,6658924,2019-02-14 01:20:09,btc,0.5499374816757169,0.0,0.00000612,btc,45311.1254986,0.01532989,0.4666285215747605,26
1,[],10,[],2019-02-14 01:20:11,736738.63354106,0.000005,0.00000000018118150000000003,6658925,2019-02-14 01:20:11,btc,25.93589410947237,293.19512023,0.000005,btc,15824.17466294,0.0,0.2144989338380905,26
0,[],2,[],2019-01-20 23:25:56,0.0,0,0,6476976,2019-01-20 23:25:56,,0.0,0.0,0,,0.0,0.0,0.0,26
1,[],3,[],2019-02-14 01:20:12,4399338.98586802,0.00000001,0.00000000000036236300000000005,6658926,2019-02-14 01:20:12,btc,2.4651147363701416,1000.0,0.00000001,btc,16342152.87339399,0.0,0.043993389858680204,27
1,[],5,[],2019-02-14 01:20:13,1e-08,0.00000001,0.000000000000362363,6658927,2019-02-14 01:20:13,btc,1.59852033,0.0,0.00000001,btc,4.345e-05,0.0,0.09876525,27
1,[],11,[],2019-02-14 01:20:15,10063976.7912115,0.00000005,0.000000000001811815,6658928,2019-02-14 01:20:15,btc,370.63582636475405,8080.0,0.00000005,btc,8170841.5193934,0.0,0.4660996184459823,27
1,[],4,[],2019-02-14 01:20:15,576836984.6792687,0.00000002,0.000000000000724726,6658929,2019-02-14 01:20:15,btc,0.369343443992599,0.0,0.00000002,"btc,ltc",24866884.74161231,0.28949907,8.825135582983178,29
1,[],7,[],2019-02-14 01:20:16,29086263.01754459,0.00000002,0.0000000000007247260000000001,6658930,2019-02-14 01:20:16,btc,44465226.10092165,511906.828505,0.00000002,btc,55542904.53277663,0.01530623,0.4269003239146541,29
1,[],4,[],2019-02-14 01:20:17,1515079.03160618,0.00000028,0.000000000010146164,6658931,2019-02-14 01:20:17,btc,0.1703176356248481,0.0,0.00000028,btc,373059.63693463,0.00459789,0.116211653818427,30
0,[],17,[],2019-02-14 01:20:19,0.0,0,0,6658932,2019-02-14 01:20:19,btc,0.0,0.0,0,btc,0.0,0.0,0.0,30
1,[],4,[],2019-02-14 01:20:20,38748.82171325,0.00007011,0.000000002540526993,6658933,2019-02-14 01:20:20,btc,1.6758087971077424,0.0,0.00007011,btc,21326.21665006,1.5740801,2.329106065211939,31
1,[],21,[],2019-02-14 01:20:20,64091.68754594,0.00006915999999999999513396187201,0.0000000025061025079999998,6658934,2019-02-14 01:20:20,btc,4.769080342255432,248129.0547745,0.00006915999999999999513396187200697795560699887573719024658203125,btc,62457.83954128,17.83082746,4.296189175255903,31
0,[],2,[],2019-01-20 23:28:43,0.0,0,0,6477009,2019-01-20 23:28:43,,0.0,0.0,0,,0.0,0.0,0.0,32
1,[],4,[],2019-02-14 01:20:21,141794024.26913807,0.00000004,0.000000000001449452,6658935,2019-02-14 01:20:21,btc,1.967771826695814,0.0,0.00000004,"btc,ltc",42410857.2870921,0.54054504,2.3530790256502656,33
1,[],12,[],2019-02-14 01:20:22,12118249.991,0.00000005,0.000000000001811815,6658936,2019-02-14 01:20:22,btc,34508876.305144526,0.0,0.00000005,btc,89096341.25274707,0.0045464444282728,0.37019531955,33
1,[],4,[],2019-02-14 01:20:23,138662795.90950298,0.00000001,0.000000000000362363,6658937,2019-02-14 01:20:23,btc,1.029448840056763,0.0,0.00000001,btc,40875109.87615241,0.08898035,1.38662795909503,34
1,[],5,[],2019-02-14 01:20:24,1e-08,0.00000001,0.000000000000362363,6658938,2019-02-14 01:20:24,btc,5.08240776,0.00389194,0.00000001,btc,1.343e-05,0.0,0.8550514,34
0.00000000011637440000000001,[],4,[],2019-02-14 01:20:25,887903331.9727,2.3274880000000002e-18,8.433955341440001e-23,6658939,2019-02-14 01:20:25,ltc,1.1613461570058538e-08,0.0,0.00000002,ltc,2336025663.4681797,0.0,1.4327254070763062e-09,36
1,[],5,[],2019-02-14 01:20:27,0.0,0,0,6658940,2019-02-14 01:20:27,btc,197.5385615,0.0,0,btc,1.325e-05,0.0,0.0,36
0,[],17,[],2019-02-14 01:20:28,0.0,0,0,6658941,2019-02-14 01:20:28,btc,0.14155809877409406,0.0,0,btc,10796613.27743647,0.0,0.0,36
0,[],27,[],2019-02-14 01:20:31,0.0,0,0,6658942,2019-02-14 01:20:31,,240.2503276744,0.0,0,"ltc,eth",3711879.06,0.0,0.0,36
1,[],4,[],2019-02-14 01:13:29,263186.56352534,0.00000124,0.000000000044835424000000005,6658740,2019-02-14 01:13:29,btc,0.4555187721147832,0.0,0.00000124,btc,275445.81293418,0.01284295,0.145223084381909,37
1,[],12,[],2019-02-14 01:13:30,525716.41385127,0.000001239999999999999986239306026813977723577409051358699798583984375,0.000000000044835424000000005,6658741,2019-02-14 01:13:30,btc,1364.1194205647896,0.0,0.000001239999999999999986239306026813977723577409051358699798583984375,btc,666350.16064485,0.1858970111347534,0.3270946777686036,37
1,[],17,[],2019-02-14 01:13:31,1752.74075282,0.00000025,0.0000000000090394,6658742,2019-02-14 01:13:31,btc,0.055484923983934745,0.0,0.00000025,btc,1387.19918473,0.0,0.00043818518820499993,37
1,[],27,[],2019-02-14 01:13:33,16052.0,0.00000052,0.000000000018801952,6658743,2019-02-14 01:13:33,btc,26.73595537911233,0.0,0.00000052,btc,6579.81438508,0.0,0.00550422,37
1,[],5,[],2019-02-14 01:20:33,1.478e-05,0.00000096,0.000000000034786848,6658943,2019-02-14 01:20:33,btc,0.09809589,0.12203443,0.00000096,btc,0.00010764,0.0,0.05056576,42
1,[],12,[],2019-02-14 01:20:34,124378.71285468,0.00000086,0.000000000031163218,6658944,2019-02-14 01:20:34,btc,92.91572981359243,0.0,0.00000086,btc,95001.40830187,0.0161183292865682,0.0422219764367799,42
0,[],27,[],2019-02-14 01:20:37,0.0,0,0,6658945,2019-02-14 01:20:37,,0.00315028,0.0,0,"btc,eth",11.007,0.0,0.0,42
1,[],5,[],2019-02-14 01:20:39,3e-08,0.00000002,0.000000000000724726,6658946,2019-02-14 01:20:39,btc,6.19128493,0.00060353,0.00000002,btc,1.425e-05,0.0,0.61326268,43
1,[],12,[],2019-02-14 01:20:40,3866366.0,0.00000001,0.00000000000036236300000000005,6658947,2019-02-14 01:20:40,btc,20007457.492720187,0.0,0.00000001,btc,38976010.21418579,1.5984016e-07,0.03866366,43
0,[],17,[],2019-02-14 01:20:41,0.0,0,0,6658948,2019-02-14 01:20:41,btc,0.0,0.0,0,btc,0.0,0.0,0.0,43
1,[],12,[],2019-02-14 01:20:42,743883.0,0.00000005,0.000000000001811815,6658949,2019-02-14 01:20:42,btc,11115166.868410323,0.0,0.00000005,btc,1031673.70229769,0.0003356596903098,0.02044833,44
1,[],4,[],2019-02-14 01:20:43,225267214.50856274,0.00000002,0.000000000000724726,6658950,2019-02-14 01:20:43,btc,0.19245655738520584,0.0,0.00000002,"btc,ltc",4657558.71441652,0.00051766,0.42775712504222424,49
0.00000000011637440000000001,[],4,[],2019-02-14 01:20:45,1840797027.174384,1.1637440000000001e-18,4.2169776707200004e-23,6658951,2019-02-14 01:20:45,ltc,4.6451735086367485,0.0,0.00000001,ltc,3770427129.9474792,0.0,2.1422164955920267e-09,52
0,[],22,[],2019-02-13 05:54:27,0.0,0,0,6650710,2019-02-13 05:54:27,,8109.06443955,0.0,0,,266275513.67882353,0.0,0.0,57
0,[],27,[],2019-02-13 05:54:30,0.0,0,0,6650711,2019-02-13 05:54:30,,0.0,0.0,0,"btc,eth",0.0,0.0,0.0,57
0.00000000011637440000000001,[],4,[],2019-02-14 01:20:46,1216655036.4135287,5.818720000000001e-18,2.1084888353600003e-22,6658952,2019-02-14 01:20:46,ltc,3.2772090078496166,0.0,0.00000005,ltc,975061990.9251124,0.0,3.732824136384945e-09,58
1,[],12,[],2019-02-14 01:20:47,1885411473.843957,0.0000000005,0.00000000000001811815,6658953,2019-02-14 01:20:47,btc,224005490225.744,0.0,0.0000000005,btc,3682199294.252053,0.012638188078421576,0.6577583800011392,58
0,[],17,[],2019-02-14 01:20:47,0.0,0,0,6658954,2019-02-14 01:20:47,btc,1e+24,0.0,0,btc,41481695.95832568,0.0,0.0,58
0.000000000134741,[],22,[],2019-02-14 01:20:51,137438.0,1.34741e-18,4.8825152983e-23,6658955,2019-02-14 01:20:51,XMR,69.8835922,0.0,0.00000001,XMR,9887963.0,0.0,0.00137438,58
1,[],5,[],2019-02-14 01:20:53,1.098e-05,0.00000073,0.000000000026452499,6658956,2019-02-14 01:20:53,btc,0.2088401,0.06615074,0.00000073,btc,7.335e-05,0.0,0.11006813,61
1,[],22,[],2019-02-14 01:20:56,5149.5,0.00000011,0.000000000003985993,6658957,2019-02-14 01:20:56,BTC,1002.29598212,0.0,0.00000011,BTC,14957.700278135757,0.0,0.00051596,61
1,[],26,[],2019-02-14 01:20:56,0.0,0.00000800,0.0000000002898904,6658958,2019-02-14 01:20:56,btc,0.0,0.0,0.00000800,btc,0.0,0.0,0.0,61
1,[],27,[],2019-02-14 01:20:59,8771.0,0.00000032,0.000000000011595616,6658959,2019-02-14 01:20:59,btc,10.660677388947013,0.0,0.00000032,"btc,eth",15252.75055623,0.0,8.821000171737254e-05,61
1,[],28,[],2019-02-14 01:21:06,19894.304,0.00000091,0.000000000032975033,6658960,2019-02-14 01:21:06,btc,2.056375543700105,757.0,0.00000091,btc,9772.52450005,0.0,0.00993521304,61
1,[],4,[],2019-02-13 19:08:50,453110.49820229,0.00000263,0.000000000095017955,6656803,2019-02-13 19:08:50,btc,1.1595282484496785,0.0,0.00000263,btc,287205.76808791,0.12438968,0.7485410643844795,67
0.0,[],25,[],2019-02-13 19:08:52,0.0,0,0,6656804,2019-02-13 19:08:52,,0.0,0.0,0.0,btc,0.0,0.0,0.0,67
1,[],12,[],2019-02-14 01:21:07,2933831.06670783,0.00000013,0.0000000000047107190000000006,6658961,2019-02-14 01:21:07,btc,11115896.431228109,0.0,0.00000013,btc,1704517.21869991,0.0186573411118314,0.0883508864411092,71
,[],5,[],2018-11-20 23:02:39,1.5e-07,0.00000005,0.000000000002128045,4862160,2018-11-20 23:02:39,btc,2.84511358,0.0,,btc,0.00036572,0.0,0.07381892,74
1,[],5,[],2019-01-25 15:53:51,3.303e-05,0.00000156,0.000000000055588884,6499610,2019-01-25 15:53:51,btc,1.42844212,0.0,0.00000156,btc,0.00015937,0.0,0.49487621,75
1,[],4,[],2019-02-14 01:21:08,29738604.75692337,0.00000001,0.000000000000362363,6658962,2019-02-14 01:21:08,btc,0.7668881456247842,0.0,0.00000001,btc,14615939.68425178,0.0,0.2973860475692337,81
0,[],20,[],2019-01-25 09:30:31,0.0,0,0,6495923,2019-01-25 09:30:31,btc,0.0,0.0,0,btc,0.0,0.0,0.0,81
1,[],4,[],2019-02-14 01:21:10,24118.70674295,0.00007580,0.00000000274671154,6658963,2019-02-14 01:21:10,btc,1.326469025042456,0.0,0.00007580,btc,11292.67193085,0.02560775,0.1113419232914683,82
1,[],21,[],2019-02-14 01:21:11,143530.70552957,0.00007511999999999999905707370740,0.0000000027220708560000002,6658964,2019-02-14 01:21:11,btc,3.7563125149786867,2733.25870514,0.00007511999999999999905707370739804673576145432889461517333984375,btc,43894.37490641,0.20574943,2.877264239865375,82
0,[],17,[],2019-02-07 10:02:39,0.0,0,0,6611495,2019-02-07 10:02:39,btc,0.0447233088476774,0.0,0,btc,999127.19588126,0.0,0.0,84
0.00000000011637440000000001,[],4,[],2019-02-14 01:21:12,150908079.85201368,9.309952000000001e-18,3.3735821365760003e-22,6658965,2019-02-14 01:21:12,ltc,0.19569063268466624,0.0,0.00000008,ltc,102158581.05123758,0.0,6.684456077916609e-10,85
,[],22,[],2018-11-20 23:09:34,3408.1,0.0000001,0.0000000000041895,4862324,2018-11-20 23:09:34,BTC,0.04624735,0.0,,BTC,4990.0,0.0,0.00033081,86
0,[],22,[],2019-02-13 20:10:55,0.0,0,0,6657203,2019-02-13 20:10:55,,2.0760781,0.0,0,,140622.94736842104,0.0,0.0,87
0,[],27,[],2019-02-13 20:10:58,0.0,0,0,6657204,2019-02-13 20:10:58,,0.0,0.0,0,btc,0.0,0.0,0.0,87
,[],2,[],2018-11-20 23:10:47,0.0,0,0,4862359,2018-11-20 23:10:47,,0.0,0.0,,,0.0,0.0,0.0,88
1,[],11,[],2019-02-14 01:21:14,100384.42020269,0.00014999999999999998685946966947568625982967205345630645751953125,0.000000005435445,6658966,2019-02-14 01:21:14,btc,609.252760904221,66.1,0.00014999999999999998685946966947568625982967205345630645751953125,btc,89783.32361684,0.0,7.025892567817658,89
0,[],2,[],2019-01-20 23:31:45,0.0,0,0,6477083,2019-01-20 23:31:45,,0.0,0.0,0,,0.0,0.0,0.0,91
1,[],12,[],2019-02-14 01:14:11,439262.77464049996,0.000002129999999999999935377213711173993715419783256947994232177734375,0.000000000077015688,6658768,2019-02-14 01:14:11,btc,4.136487332858924,0.0,0.000002129999999999999935377213711173993715419783256947994232177734375,btc,43009.38696639,0.0106160852257688,0.0657617615998396,91
0,[],17,[],2019-02-14 01:14:13,0.0,0,0,6658769,2019-02-14 01:14:13,btc,0.0,0.0,0,btc,0.0,0.0,0.0,91
0.00000000011637440000000001,[],22,[],2019-02-14 01:21:17,4525114.0,5.818720000000001e-18,2.1084888353600003e-22,6658967,2019-02-14 01:21:17,LTC,8.12128895,0.0,0.00000005,LTC,66745124.1,0.0,0.1457557,95
0.00000000011646399999999999,[],4,[],2019-02-14 01:14:17,133654039.69010931,9.782976e-17,3.537289330176e-21,6658771,2019-02-14 01:14:17,ltc,0.9760204771762915,0.0,0.00000084,ltc,47777653.23633374,0.01337664,9.279778796187802e-10,96
1,[],12,[],2019-02-14 01:14:19,572355.0,0.00000001,0.000000000000361576,6658772,2019-02-14 01:14:19,btc,255061.9973670399,0.0,0.00000001,btc,8742773.54676297,0.0005511,0.00572355,96
0,[],17,[],2019-02-14 01:14:20,0.0,0,0,6658773,2019-02-14 01:14:20,btc,0.0,0.0,0,btc,0.0,0.0,0.0,96
1,[],4,[],2019-02-14 01:21:18,1770540.86704312,0.00000032,0.000000000011595616,6658968,2019-02-14 01:21:18,btc,0.1029460047587326,0.0,0.00000032,btc,227872.05574704,0.01591452,0.2119417801264767,99
0,[],2,[],2019-01-20 23:23:55,0.0,0,0,6476914,2019-01-20 23:23:55,,0.0,0.0,0,,0.0,0.0,0.0,100
1,[],4,[],2019-02-14 01:21:19,196076.2781331,0.00004012,0.000000001453800356,6658969,2019-02-14 01:21:19,btc,0.8995292632994459,0.0,0.00004012,btc,20398.91433083,1.14664245,1.2085599906704994,100
1,[],22,[],2019-02-14 01:14:25,50000.0,0.00000001,0.000000000000361576,6658776,2019-02-14 01:14:25,BTC,23.49896609,0.0,0.00000001,BTC,10277.22,0.0,0.0005,101
1,[],4,[],2019-02-14 01:21:21,312765.44409126,0.00000090,0.00000000003261267,6658970,2019-02-14 01:21:21,btc,0.4005674776172356,0.0,0.00000090,btc,155897.41069133,0.01672684,0.1549841464467027,103
1,[],12,[],2019-02-14 01:21:23,51407653.8863887,0.000000017,0.0000000000006160171000000001,6658971,2019-02-14 01:21:23,btc,137278875.21275905,0.0,0.000000017,btc,121863802.1175493,0.05306904474815931,0.2905713926022192,105
1,[],27,[],2019-02-14 01:21:26,4109342.89,0.00000001,0.000000000000362363,6658972,2019-02-14 01:21:26,btc,0.3614577513692299,0.0,0.00000001,btc,323444.42860553,0.0,0.0410934289,105
1,[],22,[],2019-02-14 01:21:31,32612.571428571428,0.00000007,0.000000000002536541,6658973,2019-02-14 01:21:31,BTC,51.11053289,0.0,0.00000007,BTC,494300.0,0.016,0.00228288,107
1,[],26,[],2019-02-14 01:21:32,0.0,0.00000000,0,6658974,2019-02-14 01:21:32,btc,0.0,0.0,0.00000000,btc,0.0,0.0,0.0,107
1,[],5,[],2019-02-14 01:21:33,3e-08,0.00000002,0.000000000000724726,6658975,2019-02-14 01:21:33,btc,2.86134193,0.03719382,0.00000002,btc,1.649e-05,0.0,0.08768697,112
1,[],22,[],2019-02-14 01:21:36,167093.0,0.00000001,0.000000000000362363,6658976,2019-02-14 01:21:36,BTC,2.81183288,0.0,0.00000001,BTC,808524.0833333334,0.0,0.00167093,112
0,[],27,[],2019-02-14 01:21:39,0.0,0,0,6658977,2019-02-14 01:21:39,,1.35132491849924,0.0,0,"btc,eth",1328.641654,0.0,0.0,112
1,[],4,[],2019-02-14 01:21:40,434376.37792916,0.00000333,0.000000000120666879,6658978,2019-02-14 01:21:40,btc,0.2233369622125713,0.0,0.00000333,btc,50924.65952206,0.05382645,0.1630677726720509,113
1,[],5,[],2019-02-14 01:21:41,1.556e-05,0.00000325,0.000000000117767975,6658979,2019-02-14 01:21:41,btc,0.88123613,0.00032643,0.00000325,btc,0.00160708,0.0,0.2218672,113
1,[],17,[],2019-02-14 01:21:43,152738.278,0.00000004,0.0000000000014494520000000002,6658980,2019-02-14 01:21:43,btc,1.3368030274703326,0.0,0.00000004,btc,51896.221,0.0,0.0022095311199999998,116
0,[],27,[],2019-02-14 01:21:45,0.0,0,0,6658981,2019-02-14 01:21:45,,0.0,0.0,0,btc,0.0,0.0,0.0,116
1,[],4,[],2019-02-14 01:21:47,26627.81017913,0.00002859,0.000000001035995817,6658982,2019-02-14 01:21:47,btc,0.4575427149328922,0.0,0.00002859,btc,15475.74788795,7.49737,0.6425168471337208,120
1,[],7,[],2019-02-14 01:21:49,16691.65482121,0.00002750000000000000097903456175441050390872987918555736541748046875,0.00000000099649825,6658983,2019-02-14 01:21:49,btc,115647.29748052271,96.67216918,0.00002750000000000000097903456175441050390872987918555736541748046875,btc,29656.38651996,0.00267761,0.0605918106215828,120
1,[],20,[],2019-02-14 01:21:53,1093445.8166,0.000000014,0.0000000000005073082000000001,6658984,2019-02-14 01:21:53,btc,33.8691165036599,0.0,0.000000014,btc,1150552.4764,0.0,0.0052654043171,125
1,[],22,[],2019-02-14 01:21:57,3053.0,0.00000001,0.000000000000362363,6658985,2019-02-14 01:21:57,BTC,0.01444889,0.0,0.00000001,BTC,296264.5111111111,0.0,3.053e-05,126
0,[],2,[],2019-01-20 23:25:46,0.0,0,0,6476969,2019-01-20 23:25:46,,0.0,0.0,0,,0.0,0.0,0.0,131
1,[],4,[],2019-02-14 01:22:02,100939.08789259,0.00001588,0.000000000575432444,6658986,2019-02-14 01:22:02,btc,0.8720329325914167,0.0,0.00001588,btc,39113.00676464,0.64009,0.6339237087729034,131
0,[],17,[],2019-02-14 01:22:04,0.0,0,0,6658987,2019-02-14 01:22:04,btc,0.0009561751951600001,0.0,0,btc,35.42829368,0.0,0.0,131
1,[],4,[],2019-02-14 01:22:05,4618.72530314,0.00016006,0.000000005799982178,6658988,2019-02-14 01:22:05,btc,1.6397450704738545,0.0,0.00016006,btc,295.92689166,0.0,0.0082576416978487,135
1,[],3,[],2019-02-14 01:22:05,1784843.65894064,0.00000005,0.000000000001811815,6658989,2019-02-14 01:22:05,btc,0.122191863377996,72480.0,0.00000005,btc,441313.09748016,0.0,0.0655883377748125,136
1,[],4,[],2019-02-14 01:22:07,50216.05301242,0.00000176,0.000000000063775888,6658990,2019-02-14 01:22:07,btc,0.0507205263865008,0.0,0.00000176,btc,24699.87920312,0.09231879,0.0588456685037453,137
1,[],12,[],2019-02-14 01:22:08,309418.7654467,0.00000181000000000000003456111265232042484285557293333113193511962890625,0.000000000065587703,6658991,2019-02-14 01:22:08,btc,11982.947127297859,0.0,0.00000181000000000000003456111265232042484285557293333113193511962890625,btc,158494.55642401,0.05050658683508,0.0496249759929107,137
1,[],4,[],2019-02-14 01:22:09,712893.62922422,0.00005287,0.000000001915813181,6658992,2019-02-14 01:22:09,btc,0.6373127852379245,0.0,0.00005287,btc,9711.26383621,2.17924705,0.3507590930420691,142
1,[],5,[],2019-02-14 01:22:11,0.00182166,0.00005225,0.000000001893346675,6658993,2019-02-14 01:22:11,btc,0.99824202,0.45218666,0.00005225,btc,0.00304546,0.0,1.09919116,142
1,[],17,[],2019-02-14 01:22:12,22967.386363640002,0.00000088,0.000000000031887944,6658994,2019-02-14 01:22:12,btc,20.069913352659086,0.0,0.00000088,btc,2746.079105,0.0,0.0104613000000032,142
1,[],20,[],2019-02-14 01:22:14,133772.9054,0.000032801,0.0000000011885868763000001,6658995,2019-02-14 01:22:14,btc,0.4494601842876,7505.5384,0.000032801,btc,4422.0197,0.5768901302148,0.2483961983876,142
1,[],22,[],2019-02-14 01:22:17,1602.4,0.00001020,0.00000000036961026,6658996,2019-02-14 01:22:17,BTC,3.00910435,0.0,0.00001020,BTC,917.058396139644,0.0,0.00170694,142
0.0,[],25,[],2019-02-14 01:22:19,0.0,0,0,6658997,2019-02-14 01:22:19,,0.0,0.0,0.0,btc,0.0,0.0,0.0,142
1,[],28,[],2019-02-14 01:22:21,77893.0,0.00004500,0.0000000016306335,6658998,2019-02-14 01:22:21,btc,0.048809112,1601.0,0.00004500,btc,249.5089,0.0,0.0586872,142
0,[],22,[],2019-02-14 01:22:24,0.0,0,0,6658999,2019-02-14 01:22:24,,67.4285069,0.0,0,,834770972.3,0.0,0.0,143
1,[],21,[],2019-02-14 01:22:25,41708573.605846114,0.00000028,0.000000000010146164,6659000,2019-02-14 01:22:25,btc,38.98821542873633,5138955.41161988,0.00000028,btc,75904144.51914231,1.44517452,6.7570462197870205,145
0,[],22,[],2019-02-14 01:22:28,0.0,0,0,6659001,2019-02-14 01:22:28,,4.24982284,0.0,0,,1814156.0,0.0,0.0,146
,[],22,[],2018-11-20 23:01:11,0.0,0,0,4862114,2018-11-20 23:01:11,,2.56807021,0.0,,,61828.4988236,0.0,0.0,147
1,[],12,[],2019-02-14 01:22:29,8679177.75939897,0.00000302999999999999978877139594768408414893201552331447601318359375,0.000000000109795989,6659002,2019-02-14 01:22:29,btc,16.558624768666995,0.0,0.00000302999999999999978877139594768408414893201552331447601318359375,btc,121949.66449333,0.0003972,0.1090509500000118,148
1,[],4,[],2019-02-14 01:22:30,284393.22544965,0.00000035,0.000000000012682705000000001,6659003,2019-02-14 01:22:30,btc,0.7766062901479712,0.0,0.00000035,btc,588029.57485546,0.0,0.0681265377885898,152
0,[],22,[],2019-02-14 01:22:33,0.0,0,0,6659004,2019-02-14 01:22:33,,0.0,0.0,0,,0.0,0.0,0.0,152
1,[],5,[],2019-02-14 01:15:44,0.0,0,0,6658812,2019-02-14 01:15:44,btc,4.35601725,0.0,0,btc,0.0021126,0.0,0.0,153
,[],16,[],2019-01-11 15:38:59,0.0,0,0,6366141,2019-01-11 15:38:59,btc,0.0,0.0,,btc,0.0,0.0,0.0,155
0,[],23,[],2019-01-20 23:24:29,0.0,0,0,6476932,2019-01-20 23:24:29,,0.0,0.0,0,,0.0,0.0,0.0,156
0,[],22,[],2019-02-14 01:22:37,0.0,0,0,6659005,2019-02-14 01:22:37,,6.74608761,0.0,0,,4644402.242592593,0.0,0.0,156
1,[],22,[],2019-02-14 01:22:42,7063.8,0.00005300,0.0000000019205239,6659006,2019-02-14 01:22:42,BTC,43.78801181,0.0,0.00005300,BTC,1067.5805334758436,0.0,0.00104326,157
0,[],22,[],2019-02-14 01:24:44,0.0,0,0,6659007,2019-02-14 01:24:44,,0.0,0.0,0,,0.0,0.0,0.0,158
,[],17,[],2018-11-20 22:56:10,0.0,0,0,4861976,2018-11-20 22:56:10,btc,1.1265625,0.0,,btc,1000.0,0.0,0.0,159
,[],20,[],2018-11-20 22:56:12,0.0,0,0,4861977,2018-11-20 22:56:12,btc,11912.7940471,0.0,,btc,34413894.3617,0.0,0.0,159
1,[],12,[],2019-02-14 01:24:46,179201.6317699,0.0000081000000000000003746135346371914920382550917565822601318359375,0.00000000029351403,6659008,2019-02-14 01:24:46,btc,6.660794771217297,0.0,0.0000081000000000000003746135346371914920382550917565822601318359375,btc,14661.16697034,0.0030845350093759,0.087123674300042,168
1,[],17,[],2019-02-14 01:24:47,29784.95,0.000001,0.0000000000362363,6659009,2019-02-14 01:24:47,btc,0.03026736251542,0.0,0.000001,btc,144.46171372,0.0,0.00716147,168
0,[],22,[],2019-02-14 01:24:50,0.0,0,0,6659010,2019-02-14 01:24:50,,1.14776715,0.0,0,,721548.0900917595,0.0,0.0,169
1,[],22,[],2019-02-14 01:24:54,245000.0,0.00000011,0.000000000003985993,6659011,2019-02-14 01:24:54,BTC,11.33112555,0.0,0.00000011,BTC,131141.7766476831,4.225e-05,0.0224,171
1,[],22,[],2019-02-14 01:24:57,218930.66666666666,0.00000018,0.000000000006522534,6659012,2019-02-14 01:24:57,BTC,2.64852688,0.0,0.00000018,BTC,244064.39806528884,0.0,0.01635152,173
1,[],5,[],2019-02-14 01:25:00,1.828e-05,0.00000192,0.000000000069573696,6659013,2019-02-14 01:25:00,btc,0.24514057,0.00187147,0.00000192,btc,0.0002575,0.0,0.24093478,175
1,[],22,[],2019-02-14 01:25:05,24534.52380952381,0.00000063,0.000000000022828869,6659014,2019-02-14 01:25:05,BTC,0.50171926,0.0,0.00000063,BTC,128186.47031396699,0.0,0.01142508,176
1,[],7,[],2019-02-14 01:25:07,0.0,0,0,6659015,2019-02-14 01:25:07,btc,410973.9169089935,0.0,0,btc,115465110.28145695,0.0,0.0,178
0,[],22,[],2019-02-14 01:25:09,0.0,0,0,6659016,2019-02-14 01:25:09,,1.00242428,0.0,0,,57512.0,0.0,0.0,178
0,[],2,[],2019-01-20 23:28:34,0.0,0,0,6477001,2019-01-20 23:28:34,,0.0,0.0,0,,0.0,0.0,0.0,178
0,[],23,[],2019-01-20 23:25:08,0.0,0,0,6476952,2019-01-20 23:25:08,,0.0,0.0,0,,0.0,0.0,0.0,179
1,[],5,[],2019-02-14 01:25:10,6e-08,0.00000003,0.000000000001087089,6659017,2019-02-14 01:25:10,btc,32.12054209,0.32617432,0.00000003,btc,2.285e-05,0.0,1.65803282,179
1,[],22,[],2019-02-14 01:25:14,7780285.0,0.00000002,0.000000000000724726,6659018,2019-02-14 01:25:14,BTC,5.48703684,0.0,0.00000002,"BTC,LTC",17868273.343656633,0.00079998,0.38286554,179
1,[],17,[],2019-02-14 01:25:16,10504.725,0.0000001,0.00000000000362363,6659019,2019-02-14 01:25:16,btc,5.201913593534726,0.0,0.0000001,btc,5466.1328087,0.0,0.0010504725,180
1,[],22,[],2019-02-14 01:25:19,13754.4,0.00000175,0.000000000063413525,6659020,2019-02-14 01:25:19,BTC,0.1022935,0.0,0.00000175,"BTC,LTC",11717.330674120756,0.0002,0.00178044,180
1,[],26,[],2019-02-14 01:25:19,0.0,0.00000150,0.00000000005435445,6659021,2019-02-14 01:25:19,btc,0.0,0.0,0.00000150,btc,0.0,0.0,0.0,180
,[],7,[],2018-11-20 22:58:01,562227.975654,0.00000085,0.000000000036176765,4862015,2018-11-20 22:58:01,btc,21836.6059674,2491.87645172,,btc,749999.041456,0.00211021,0.127565380455,183
,[],5,[],2019-01-10 08:11:41,0.0,0,0,6347036,2019-01-10 08:11:41,btc,82.15055501,0.00261,,btc,1.19002445,0.0,0.0,187
,[],17,[],2018-11-16 20:58:10,4062536.27273,0.00000001,0.000000000000550501,4708775,2018-11-16 20:58:10,btc,3.36492563466,0.195460381006,,"btc,eth",110697919.549,0.0,0.0157628953496,187
1,[],24,[],2019-02-14 01:25:20,0.0,0.000000000001,3.62363e-17,6659022,2019-02-14 01:25:20,btc,0.0,0.0,0.000000000001,btc,0.0,0.0,0.0,187
1,[],22,[],2019-02-14 01:25:23,73593.0,0.00000001,0.000000000000362363,6659023,2019-02-14 01:25:23,BTC,1.19368763,0.0,0.00000001,BTC,12914.10286773884,1.492e-05,0.00073593,191
0,[],22,[],2019-02-14 01:25:28,0.0,0,0,6659024,2019-02-14 01:25:28,,0.0,0.0,0,,0.0,0.0,0.0,197
0,[],23,[],2019-01-20 23:31:41,0.0,0,0,6477079,2019-01-20 23:31:41,,0.0,0.0,0,,0.0,0.0,0.0,199
0,[],22,[],2019-02-14 01:25:31,0.0,0,0,6659025,2019-02-14 01:25:31,,5.15195517,0.0,0,,19804684.0,0.0,0.0,199
1,[],26,[],2019-02-14 01:25:31,0.0,0.00000000,0,6659026,2019-02-14 01:25:31,btc,0.0,739623.0,0.00000000,btc,0.0,0.0,0.0,199
0,[],17,[],2019-01-30 16:32:01,0.0,0,0,6540827,2019-01-30 16:32:01,btc,6.802544163788159,0.0,0,btc,105897.55575295,0.0,0.0,200
0,[],2,[],2019-01-20 23:30:49,0.0,0,0,6477059,2019-01-20 23:30:49,,0.0,0.0,0,,0.0,0.0,0.0,201
1,[],4,[],2019-01-25 15:51:35,2084389.58565343,0.00000936,0.000000000333526752,6499557,2019-01-25 15:51:35,btc,2.0092503037378524,0.0,0.00000936,btc,160195.80207885,0.19272417,1.242687955921835,211
1,[],7,[],2019-02-14 01:25:36,5683404.90403066,0.00000137999999999999991637657063836552850943917292170226573944091796875,0.000000000050006094,6659027,2019-02-14 01:25:36,btc,15450814.093065051,561092.134293,0.00000137999999999999991637657063836552850943917292170226573944091796875,btc,11183084.55571496,0.7765712,4.041528076541723,212
1,[],12,[],2019-01-25 02:44:32,207462.42853209,0.000001080000000000000035831255497387193287295303889550268650054931640625,0.000000000038610756000000006,6493050,2019-01-25 02:44:32,btc,85023.03793723314,0.0,0.000001080000000000000035831255497387193287295303889550268650054931640625,btc,43675.73520027,0.000146250909087,0.0348620860622024,213
1,[],5,[],2019-02-14 01:25:37,3.08e-06,0.00000029,0.000000000010508527,6659028,2019-02-14 01:25:37,btc,1.0213535,0.23168373,0.00000029,btc,2.925e-05,0.0,0.15514648,213
1,[],24,[],2019-02-14 01:25:37,0.0,0.000000050000,0.0000000000018118150000000002,6659029,2019-02-14 01:25:37,btc,0.0,0.0,0.000000050000,btc,0.0,0.0,0.0,213
1,[],26,[],2019-02-14 01:25:37,0.0,0.00000009,0.000000000003261267,6659030,2019-02-14 01:25:37,btc,0.0,0.0,0.00000009,btc,0.0,0.0,0.0,213
1,[],22,[],2019-02-14 01:25:41,121087.0,0.00000002,0.000000000000724726,6659031,2019-02-14 01:25:41,BTC,2.19288044,0.0,0.00000002,BTC,153809.63137942314,0.0,0.00160774,216
1,[],27,[],2019-02-14 01:25:43,5203157.5555,0.00000004,0.000000000001449452,6659032,2019-02-14 01:25:43,btc,257.47463371176,0.0,0.00000004,"btc,ltc",274281.909,0.0,0.05469726222,216
1,[],22,[],2019-02-14 01:25:46,244961.33035082763,0.00000210,0.00000000007609623000000001,6659033,2019-02-14 01:25:46,BTC,12677.06276811,0.0,0.00000210,BTC,427700.22980773513,0.13635613,0.30140246,217
1,[],7,[],2019-02-14 01:25:50,0.0,0,0,6659034,2019-02-14 01:25:50,btc,77970.0557979151,0.0,0,btc,137090858.32140028,0.0,0.0,219
0,[],27,[],2019-02-14 01:25:51,0.0,0,0,6659035,2019-02-14 01:25:51,,5.341893788316972,0.0,0,btc,1605140.99226595,0.0,0.0,219
0.0000000000000052,[],28,[],2019-02-14 01:25:57,169956223.952,6.76052e-18,2.44976230876e-22,6659036,2019-02-14 01:25:57,doge,88712.3748390675,14247.0,0.00130010,"btc,doge",4987338.69631,0.0,1.584403029683526e-11,219
1,[],22,[],2019-02-14 01:26:00,401919.6,0.0000008,0.000000000028989040000000003,6659037,2019-02-14 01:26:00,BTC,3.07682861,0.0,0.0000008,BTC,110173.07001039218,0.0061932,0.04617606,221
1,[],24,[],2019-02-14 01:26:00,0.0,0.000000210000,0.000000000007609623,6659038,2019-02-14 01:26:00,btc,0.0,9.80953,0.000000210000,btc,0.0,2.06e-06,0.0,221
1,[],20,[],2019-02-14 01:26:03,52047227.288,0.000000003,0.00000000000010870890000000001,6659039,2019-02-14 01:26:03,btc,49.8572390273503,297241.8138,0.000000003,btc,10281219.2359,0.0009667254414,0.0542313140806,224
0,[],22,[],2019-02-14 01:26:06,0.0,0,0,6659040,2019-02-14 01:26:06,,0.0,0.0,0,,0.0,0.0,0.0,224
1,[],26,[],2019-02-14 01:26:07,0.0,0.00000035,0.000000000012682705000000001,6659041,2019-02-14 01:26:07,btc,0.0,0.0,0.00000035,btc,0.0,0.0,0.0,231
1,[],26,[],2019-02-14 01:26:07,0.0,0.00000005,0.0000000000018118150000000002,6659042,2019-02-14 01:26:07,btc,0.0,0.0,0.00000005,btc,0.0,0.0,0.0,234
0,[],27,[],2019-02-14 01:26:10,0.0,0,0,6659043,2019-02-14 01:26:10,,0.0113483662182,0.0,0,"btc,eth",11462.99618,0.0,0.0,234
0,[],22,[],2019-02-14 01:26:13,0.0,0,0,6659044,2019-02-14 01:26:13,,2.79563839,0.0,0,,93147713.06349206,0.0,0.0,235
1,[],4,[],2019-02-14 01:26:14,1051647.41253677,0.00000092,0.000000000033337396,6659045,2019-02-14 01:26:14,btc,0.3492164428549291,0.0,0.00000092,btc,230560.59170734,0.3050071,0.3635980616331141,236
1,[],24,[],2019-02-14 01:26:14,0.0,0.000000020010,0.000000000000725088363,6659046,2019-02-14 01:26:14,btc,0.0,0.0,0.000000020010,btc,0.0,0.0,0.0,236
1,[],20,[],2019-02-14 01:26:16,72124653.1685,0.000000065,0.0000000000023553595000000003,6659047,2019-02-14 01:26:16,btc,14.9359902459026,24157365.5605,0.000000065,btc,26776207.4866,1.5390164041553,0.7479832575895,237
1,[],22,[],2019-02-14 01:26:20,136267.0,0.00000004,0.000000000001449452,6659048,2019-02-14 01:26:20,BTC,0.04209605,0.0,0.00000004,"BTC,LTC",22179.0,0.0,0.00541601,237
1,[],4,[],2019-02-14 01:26:21,4422488.12857101,0.00000032,0.000000000011595616,6659049,2019-02-14 01:26:21,btc,0.6985428467914879,0.0,0.00000032,btc,1867535.1775245,0.17966731,1.3297586405126811,238
1,[],5,[],2019-02-14 01:26:23,4.25e-06,0.00000033,0.000000000011957979000000001,6659050,2019-02-14 01:26:23,btc,0.75165334,0.00338037,0.00000033,btc,2.957e-05,0.0,0.23785969,238
0,[],22,[],2019-02-14 01:26:26,0.0,0,0,6659051,2019-02-14 01:26:26,,15.41678688,0.0,0,,370860.0639027493,0.0,0.0,249
0.00000000011637440000000001,[],22,[],2019-02-14 01:26:30,7025765.666666667,3.491232e-18,1.2650933012160002e-22,6659052,2019-02-14 01:26:30,LTC,0.48894429,0.0,0.00000003,LTC,13471828.09,0.0,0.20977599,252
1,[],28,[],2019-02-14 01:26:33,3329168.286,0.00000012,0.000000000004348356,6659053,2019-02-14 01:26:33,btc,164693.67992404007,99727.9,0.00000012,btc,942352.2751,0.0,0.1923643563,256
1,[],22,[],2019-02-14 01:26:36,176102.66666666666,0.00000003,0.000000000001087089,6659054,2019-02-14 01:26:36,BTC,30.16604976,0.0,0.00000003,BTC,467240.92423192423,0.0115865,0.00299104,258
1,[],22,[],2019-01-26 20:58:41,368451.0,0.00000001,0.000000000000356135,6510120,2019-01-26 20:58:41,BTC,2.642917,0.0,0.00000001,"BTC,LTC",1862.0,0.0,0.02488451,259
1,[],22,[],2019-02-14 01:17:49,13478.184442145095,0.00001301,0.000000000470410376,6658863,2019-02-14 01:17:49,BTC,1293.00651037,0.0,0.00001301,"BTC,LTC",5443.635091831401,0.0368468,0.04106333,262
1,[],20,[],2019-02-14 01:17:53,1165507.9111,0.00000195,0.00000000007050732,6658865,2019-02-14 01:17:53,btc,4.968539751041,60285.7808,0.00000195,btc,99009.5642,0.184896975848,0.0175533356534,264
1,[],5,[],2019-02-14 01:26:41,1.99e-05,0.00000202,0.000000000073197326,6659056,2019-02-14 01:26:41,btc,0.82884204,0.27482918,0.00000202,btc,0.0003436,0.0,0.18787093,264
1,[],22,[],2019-02-14 01:17:56,95356.5,0.00000002,0.000000000000723152,6658866,2019-02-14 01:17:56,BTC,8.29442816,0.0,0.00000002,BTC,233739.31707431233,0.0,0.0014095,271
0,[],22,[],2019-02-14 01:17:58,0.0,0,0,6658867,2019-02-14 01:17:58,,384.77798703,0.0,0,,15106717515.9,0.0,0.0,272
0.0000000000000052,[],28,[],2019-02-14 01:18:03,164482162422.798,3.536e-21,1.278532736e-25,6658868,2019-02-14 01:18:03,doge,440810579.9805197,50560112806.2148,0.00000068,doge,229446815904.95248,0.0,3.865001985813361e-10,272
1,[],22,[],2019-02-14 01:18:08,12784.0,0.00001501,0.000000000542725576,6658869,2019-02-14 01:18:08,BTC,74.07619281,0.0,0.00001501,"BTC,LTC",1568.582716680558,3e-05,0.03516499,281
