pairValue,buyBook,exchangeId,sellBook,updated,buyTotal,satoshiPrice,usdPrice,exchangeLogId,created,bestPair,sellTotalBtc,volume,pairPrice,activePairs,sellTotal,volumeBtc,buyTotalBtc,coinId
1,[],3,[],2019-01-31 23:25:38,116.380187456321,0.01269679999999999940596406844406374148093163967132568359375,0.00000043583162648,6552377,2019-01-31 23:25:38,btc,106.99891967794599,0.0,0.01269679999999999940596406844406374148093163967132568359375,btc,13.410656630123,0.0,0.28237378760336307,1
1,[],4,[],2019-01-31 23:25:39,25078.74216855,0.01250928,0.00000042939479620800005,6552378,2019-01-31 23:25:39,btc,0.9747159814230812,0.0,0.01250928,btc,72.65762858,0.57663562,1.2456972262630868,1
1,[],5,[],2019-01-31 23:25:41,0.22325491,0.01252177,0.000000429823529197,6552379,2019-01-31 23:25:41,btc,14578.43577286,0.01424094,0.01252177,btc,35555556.30373318,0.0,1.51343181,1
1,[],10,[],2019-01-31 23:25:43,272705.69018508,0.01230049,0.00000042222784978900004,6552380,2019-01-31 23:25:43,btc,6536.807342506674,1253.72955897,0.01230049,btc,956.65898537,0.0,5.054583382749192,1
1,[],12,[],2019-01-31 23:25:45,10439.69053768,0.012600000000000000088817841970012523233890533447265625,0.00000043250886000000005,6552381,2019-01-31 23:25:45,btc,0.3947650364753,0.0,0.012600000000000000088817841970012523233890533447265625,btc,25.39008171,1.023502820972,0.3953240925727,1
1,[],20,[],2019-01-31 23:25:47,1426.0251,0.010500101,0.00000036042751693610004,6552382,2019-01-31 23:25:47,btc,0.0564711704203,0.0,0.010500101,btc,2.4781,0.0,0.1036263273126,1
1,[],21,[],2019-01-31 23:25:48,2106.78527476,0.01263658999999999962837726741,0.00000043376485199900004,6552383,2019-01-31 23:25:48,btc,16.230958024511153,5068.72314185,0.0126365899999999996283772674132706015370786190032958984375,"btc,eth",1797.54960159,61.17184748874778,19.898796184899727,1
1,[],22,[],2019-01-31 23:25:52,0.0263776,0.01350000,0.00000046340235000000003,6552384,2019-01-31 23:25:52,BTC,0.31380731,0.0,0.01350000,BTC,0.09124366666666667,0.0,0.00034472,1
1,[],24,[],2019-01-31 23:25:52,0.0,0.000000000000,0,6552385,2019-01-31 23:25:52,btc,0.0,0.0,0.000000000000,btc,0.0,0.0,0.0,1
0.0,[],25,[],2019-01-31 23:25:53,0.0,0,0,6552386,2019-01-31 23:25:53,btc,17.941899998214918,976.4298489,0.0,btc,1387.45437671,12.4044,0.0,1
1,[],26,[],2019-01-31 23:26:03,0.0,0,0,6552387,2019-01-31 23:26:03,,0.0,0.0,0,,0.0,0.0,0.0,1
1,[],28,[],2019-01-31 23:26:05,987.9,0.01131000,0.00000038822819100000003,6552388,2019-01-31 23:26:05,btc,0.162839806,18204.2,0.01131000,btc,8.9,0.0,0.024551096,1
0,[],2,[],2019-01-20 23:28:45,0.0,0,0,6477011,2019-01-20 23:28:45,,0.0,0.0,0,,0.0,0.0,0.0,1
1,[],5,[],2019-01-31 23:26:06,1.789e-05,0.00000066,0.000000000022655226000000003,6552389,2019-01-31 23:26:06,btc,0.15300031,0.04882487,0.00000066,btc,7.208e-05,0.0,0.45611509,2
1,[],22,[],2019-01-31 23:26:11,1754.625335862178,0.0000004,0.000000000013730440000000001,6552390,2019-01-31 23:26:11,BTC,0.0231601,0.0,0.0000004,"BTC,XMR",14562.72385,0.0,0.00111682,2
1,[],5,[],2019-01-31 23:26:12,1.42e-06,0.00000017,0.000000000005835437,6552391,2019-01-31 23:26:12,btc,3.84839543,0.09118201,0.00000017,btc,2.267e-05,0.0,3.59446319,3
1,[],12,[],2019-01-31 23:26:14,12487589.045601,0.000000169,0.0000000000058011109,6552392,2019-01-31 23:26:14,btc,921319.9148803061,0.0,0.000000169,btc,8018018.7500245,0.06354738403363541,0.5491625597924,3
0,[],28,[],2019-01-31 23:26:18,0.0,0,0,6552393,2019-01-31 23:26:18,,0.0,0.0,0,,0.0,0.0,0.0,3
0,[],2,[],2019-01-20 23:31:32,0.0,0,0,6477077,2019-01-20 23:31:32,,0.0,0.0,0,,0.0,0.0,0.0,4
1,[],4,[],2019-01-31 23:26:19,236766.29238848,0.00000037,0.000000000012700657,6552394,2019-01-31 23:26:19,btc,0.4120302019372414,0.0,0.00000037,btc,332389.44494238,0.001575,0.0196259704423804,4
1,[],12,[],2019-01-25 15:53:49,1222127.5219999999,0.00000003,0.000000000001069017,6499609,2019-01-25 15:53:49,btc,11013867.817925906,0.0,0.00000003,btc,969763.77092902,0.0,0.01617509044,5
0,[],2,[],2019-01-20 23:31:51,0.0,0,0,6477087,2019-01-20 23:31:51,,0.0,0.0,0,,0.0,0.0,0.0,6
1,[],11,[],2019-01-31 23:26:20,4558955.5,0.00000002,0.000000000000686522,6552395,2019-01-31 23:26:20,btc,9433.353927160317,305539.0,0.00000002,btc,41897041.45717939,0.0,0.046089555000000004,6
1,[],3,[],2019-01-31 23:26:21,1069.652384675756,0.000150559999999999995050348200464895853656344115734100341796875,0.000000005168137616,6552396,2019-01-31 23:26:21,btc,28.510202753279106,0.0,0.000150559999999999995050348200464895853656344115734100341796875,btc,234.145665820227,0.0,0.030997767816609203,7
1,[],4,[],2019-01-31 23:26:23,28050.92128348,0.00017223,0.000000005911984203000001,6552397,2019-01-31 23:26:23,btc,1.8998213815523546,0.0,0.00017223,btc,9592.58385615,3.7352163,4.3237499381299145,7
1,[],5,[],2019-01-31 23:26:24,0.00511925,0.00017118,0.000000005875941798,6552398,2019-01-31 23:26:24,btc,1.30290451,0.31673885,0.00017118,btc,0.0112743,0.0,1.65450673,7
1,[],20,[],2019-01-31 23:26:26,62771509.8802,0.000000001,0.0000000000000343261,6552399,2019-01-31 23:26:26,btc,136.3840603232848,0.0,0.000000001,btc,27252064.2706,0.0,0.0627715098802,8
0,[],2,[],2019-01-20 23:22:42,0.0,0,0,6476876,2019-01-20 23:22:42,,0.0,0.0,0,,0.0,0.0,0.0,9
0,[],23,[],2019-01-20 23:22:48,0.0,0,0,6476878,2019-01-20 23:22:48,,0.0,0.0,0,,0.0,0.0,0.0,9
1,[],1,[],2019-01-31 23:26:27,1230402.31,0.00000181999999999999993881738720447049928452543099410831928253173828125,0.000000000062473502,6552400,2019-01-31 23:26:27,btc,2.2221373034,15501155.36,0.00000181999999999999993881738720447049928452543099410831928253173828125,btc,1191440.18,28.1755085,2.1999339009,9
1,[],4,[],2019-01-31 23:26:27,1223756.68380866,0.00000181,0.000000000062130241,6552401,2019-01-31 23:26:27,btc,0.9921317154615871,0.0,0.00000181,btc,511608.46677634,1.00050743,0.5594548540752791,9
1,[],28,[],2019-01-31 23:26:33,34500.0,0.00000165,0.000000000056638065000000005,6552402,2019-01-31 23:26:33,btc,2708.75028702,3639301.0,0.00000165,btc,7642.68,0.0,0.02854,9
1,[],4,[],2019-01-31 23:26:34,7671282.56126053,0.00000002,0.000000000000686522,6552403,2019-01-31 23:26:34,btc,0.2019199031640986,0.0,0.00000002,btc,4032581.99941361,0.00053067,0.0821381418452106,10
1,[],4,[],2019-01-31 23:26:35,4454850.86531175,0.00000139,0.000000000047713279,6552404,2019-01-31 23:26:35,btc,0.9788605177715097,0.0,0.00000139,btc,668314.30836032,0.88103624,2.7789826327873866,12
1,[],5,[],2019-01-31 23:26:36,1.685e-05,0.00000134,0.000000000045996974,6552405,2019-01-31 23:26:36,btc,0.45411409,1.16284162,0.00000134,btc,0.00011389,0.0,0.37933656,12
0.0,[],25,[],2019-01-31 23:26:37,0.0,0,0,6552406,2019-01-31 23:26:37,,0.0,0.0,0.0,btc,0.0,0.0,0.0,12
0,[],2,[],2019-01-20 23:23:08,0.0,0,0,6476890,2019-01-20 23:23:08,,0.0,0.0,0,,0.0,0.0,0.0,12
1,[],4,[],2019-01-31 23:26:38,376624.79274655,0.00000643,0.00000000022071682300000002,6552407,2019-01-31 23:26:38,btc,0.3841378575919546,0.0,0.00000643,btc,55870.91528337,0.46614437,1.7678171356888601,13
1,[],21,[],2019-01-31 23:26:41,1301192.08051124,0.000006569999999999999776810477581,0.00000000022552247700000001,6552408,2019-01-31 23:26:41,btc,5.9160504724394976,496067.87429459,0.000006569999999999999776810477580823999232961796224117279052734375,btc,817881.71600099,3.30290474,6.464374946105146,13
1,[],10,[],2019-01-31 23:20:34,558712.34566479,0.00000631,0.000000000216634289,6552249,2019-01-31 23:20:34,btc,666809.5805177889,4693.16878166,0.00000631,btc,728980.38336014,0.0,0.779964311894581,13
1,[],4,[],2019-01-31 23:26:42,799422.04044758,0.00000140,0.000000000048056540000000006,6552409,2019-01-31 23:26:42,btc,0.164390142362636,0.0,0.00000140,btc,79867.37374225,0.02164672,0.1176113502092924,14
1,[],12,[],2019-01-31 23:26:43,86188.42857143,0.0000011599999999999999051561623553130431218960438854992389678955078125,0.000000000039818276,6552410,2019-01-31 23:26:43,btc,1.7865822734519772,0.0,0.0000011599999999999999051561623553130431218960438854992389678955078125,btc,38460.61958427,0.0,0.0096030000000016,14
0,[],17,[],2019-01-31 23:26:45,0.0,0,0,6552411,2019-01-31 23:26:45,btc,0.0,0.0,0,btc,0.0,0.0,0.0,14
1,[],26,[],2019-01-31 23:26:45,0.0,0.00000049,0.000000000016819789,6552412,2019-01-31 23:26:45,btc,0.0,0.0,0.00000049,btc,0.0,0.0,0.0,14
0,[],4,[],2019-01-31 23:26:45,0.0,0,0,6552413,2019-01-31 23:26:45,,0.0,0.0,0,,0.0,0.0,0.0,15
,[],12,[],2018-12-01 15:15:48,204241.84496,0.00000489,0.000000000202473384,5260204,2018-12-01 15:15:48,btc,49.5475654835,0.0,,btc,35763.2193806,0.0163153972027625,0.0203389899998,15
1,[],4,[],2019-01-31 23:26:46,25117.16252511,0.00001777,0.0000000006099747970000001,6552414,2019-01-31 23:26:46,btc,1.2318131341291052,0.0,0.00001777,btc,7654.12059506,0.03813829,0.0827050529411906,18
1,[],10,[],2019-01-31 23:26:48,395934.39737802,0.00001761,0.000000000604482621,6552415,2019-01-31 23:26:48,btc,15.551663351325486,8453.91972245,0.00001761,btc,10410.12851069,0.0,0.2848858486466921,18
1,[],12,[],2019-01-31 23:26:50,200838.62899722,0.0000176000000000000008976326626441988310034503228962421417236328125,0.0000000006041393600000001,6552416,2019-01-31 23:26:50,btc,0.2083332065789999,0.0,0.0000176000000000000008976326626441988310034503228962421417236328125,btc,2837.89904917,0.0084831739333066,0.017817355649103202,18
0,[],17,[],2019-01-31 23:26:51,0.0,0,0,6552417,2019-01-31 23:26:51,btc,0.0,0.0,0,btc,0.0,0.0,0.0,18
0,[],2,[],2019-01-20 23:23:38,0.0,0,0,6476906,2019-01-20 23:23:38,,0.0,0.0,0,,0.0,0.0,0.0,18
1,[],3,[],2019-01-31 23:26:52,108656.40270791356,0.00003049999999999999936097123953704368659600731916725635528564453125,0.00000000104694605,6552418,2019-01-31 23:26:52,btc,0.5054200246856423,125.850142692,0.00003049999999999999936097123953704368659600731916725635528564453125,btc,5470.223200813632,0.0,0.09718100493169825,19
1,[],4,[],2019-01-31 23:26:52,64778.27980655,0.00003450,0.00000000118425045,6552419,2019-01-31 23:26:52,btc,0.6333829104702821,0.0,0.00003450,btc,16729.18769524,0.48606929,1.3356484379917664,19
1,[],5,[],2019-01-31 23:26:54,0.00043801,0.00003156,0.000000001083331716,6552420,2019-01-31 23:26:54,btc,0.30868617,0.0,0.00003156,btc,0.00341288,0.0,0.23914025,19
1,[],12,[],2019-01-31 23:26:55,133623.39078856,0.000028660000000000000037157776855423207962303422391414642333984375,0.000000000983786026,6552421,2019-01-31 23:26:55,btc,1.9919556603363517,0.0,0.000028660000000000000037157776855423207962303422391414642333984375,btc,463.27457877,0.00026648,0.032688230000129596,19
0,[],27,[],2019-01-31 23:26:57,0.0,0,0,6552422,2019-01-31 23:26:57,,0.0,0.0,0,btc,0.0,0.0,0.0,19
0,[],2,[],2019-01-20 23:24:19,0.0,0,0,6476924,2019-01-20 23:24:19,,0.0,0.0,0,,0.0,0.0,0.0,19
1,[],4,[],2019-01-31 23:26:58,9013019.43885938,0.00000013,0.000000000004462393,6552423,2019-01-31 23:26:58,btc,0.8119940963808697,0.0,0.00000013,btc,1597393.93239221,0.0,0.3453110081715698,20
1,[],4,[],2019-01-31 23:26:59,119398411.58223026,0.00000002,0.000000000000686522,6552424,2019-01-31 23:26:59,btc,0.6254464410814744,0.0,0.00000002,btc,14940956.17781205,0.00236935,1.3977478158544454,21
1,[],12,[],2019-01-31 23:27:00,19376911.0,0.00000002,0.000000000000686522,6552425,2019-01-31 23:27:00,btc,668.0333973030382,0.0,0.00000002,btc,8191662.31368897,0.0002426310089916,0.26047474,21
0,[],17,[],2019-01-31 23:27:01,0.0,0,0,6552426,2019-01-31 23:27:01,btc,0.0,0.0,0,btc,0.0,0.0,0.0,21
1,[],12,[],2019-01-31 23:27:02,2612777202.531895,0.0000000001,0.0000000000000034326100000000004,6552427,2019-01-31 23:27:02,btc,1729404713938.171,0.0,0.0000000001,btc,5010988808.2639675,0.00543555891038961,0.2612777202531895,23
0,[],27,[],2019-01-31 23:27:04,0.0,0,0,6552428,2019-01-31 23:27:04,,0.424699,0.0,0,eth,424699.0,0.0,0.0,23
1,[],4,[],2019-01-31 23:27:05,880607.48725853,0.00000079,0.000000000027117619,6552429,2019-01-31 23:27:05,btc,0.0900002365278345,0.0,0.00000079,btc,75973.44837623,0.00639386,0.3695214967779434,24
1,[],22,[],2019-01-31 23:27:09,11.76,0.00000100,0.000000000034326100000000003,6552430,2019-01-31 23:27:09,BTC,7.415e-05,0.0,0.00000100,BTC,23.919354838709676,0.0,1.176e-05,24
0.0,[],25,[],2019-01-31 23:27:10,0.0,0,0,6552431,2019-01-31 23:27:10,,0.0,0.0,0.0,btc,0.0,0.0,0.0,24
1,[],4,[],2019-01-31 23:27:10,27062056.83804684,0.00000629,0.000000000215911169,6552432,2019-01-31 23:27:10,btc,0.2793777606304019,0.0,0.00000629,btc,27159.85021406,0.11397764,0.3928334985136502,26
1,[],10,[],2019-01-31 23:27:13,729322.56756603,0.00000666,0.000000000228611826,6552433,2019-01-31 23:27:13,btc,27.983563277835962,327.80493393,0.00000666,btc,13249.47153674,0.0,0.2096688003400919,26
0,[],2,[],2019-01-20 23:25:56,0.0,0,0,6476976,2019-01-20 23:25:56,,0.0,0.0,0,,0.0,0.0,0.0,26
1,[],3,[],2019-01-31 23:27:14,6396014.03885143,0.00000001,0.000000000000343261,6552434,2019-01-31 23:27:14,btc,3.006340766672451,185.0,0.00000001,btc,19125333.7722977,0.0,0.0639601403885143,27
1,[],5,[],2019-01-31 23:27:15,3e-08,0.00000002,0.000000000000686522,6552435,2019-01-31 23:27:15,btc,1.47883791,0.03771389,0.00000002,btc,5.008e-05,0.0,0.10787634,27
1,[],11,[],2019-01-31 23:27:15,10615374.41182718,0.00000005,0.000000000001716305,6552436,2019-01-31 23:27:15,btc,370.5931920764931,1000.0,0.00000005,btc,8220964.80991447,0.0,0.4936394994767663,27
1,[],4,[],2019-01-31 23:27:17,135872629.54898813,0.00000003,0.000000000001029783,6552437,2019-01-31 23:27:17,btc,3.8589853036949933,0.0,0.00000003,"btc,ltc",142862194.7227383,0.20466204,1.8278090620863021,29
1,[],7,[],2019-01-31 23:27:18,39004588.7590189,0.00000003,0.000000000001029783,6552438,2019-01-31 23:27:18,btc,44465206.16414562,18934.5654345,0.00000003,btc,39554611.69978831,0.00075738,0.7017870327148231,29
1,[],4,[],2019-01-31 23:27:19,1380287.59617273,0.00000034,0.000000000011670874,6552439,2019-01-31 23:27:19,btc,0.2869481972341291,0.0,0.00000034,btc,554254.02844316,0.00288985,0.0782328145984913,30
0,[],17,[],2019-01-31 23:27:20,0.0,0,0,6552440,2019-01-31 23:27:20,btc,0.0,0.0,0,btc,0.0,0.0,0.0,30
1,[],4,[],2019-01-31 23:27:21,1130557.70121725,0.00007850,0.0000000026945988500000002,6552441,2019-01-31 23:27:21,btc,1.6623431911107023,0.0,0.00007850,btc,18210.03438261,1.71554582,2.2483725086412023,31
1,[],21,[],2019-01-31 23:27:21,69676.73173422,0.00007859999999999999961957514172,0.0000000026980314600000003,6552442,2019-01-31 23:27:21,btc,1.461884947550128,198923.07121755,0.000078599999999999999619575141718286204195464961230754852294921875,btc,17312.14408142,15.87633392,5.008237961872465,31
0,[],2,[],2019-01-20 23:28:43,0.0,0,0,6477009,2019-01-20 23:28:43,,0.0,0.0,0,,0.0,0.0,0.0,32
1,[],4,[],2019-01-31 23:27:22,149983850.66454574,0.00000006,0.000000000002059566,6552443,2019-01-31 23:27:22,btc,3.3279828535635114,0.0,0.00000006,"btc,ltc",56344156.43771469,0.68908588,2.286340659404854,33
1,[],12,[],2019-01-31 23:27:23,20020852.0,0.00000006,0.000000000002059566,6552444,2019-01-31 23:27:23,btc,17261782.155524053,0.0,0.00000006,btc,88438612.83616367,0.028402995944056,0.77364261,33
1,[],4,[],2019-01-31 23:27:24,117196988.25515793,0.00000002,0.000000000000686522,6552445,2019-01-31 23:27:24,btc,0.763884179390866,0.0,0.00000002,btc,25462805.97969553,0.80869664,1.1971999413115793,34
1,[],5,[],2019-01-31 23:27:25,3e-08,0.00000002,0.000000000000686522,6552446,2019-01-31 23:27:25,btc,3.86295825,2.31044991,0.00000002,btc,1.394e-05,0.0,0.80066946,34
0.0000000000914136,[],4,[],2019-01-31 23:27:26,1499330928.8586063,3.656544e-18,1.255148949984e-22,6552447,2019-01-31 23:27:26,ltc,7.768008572633714e-09,0.0,0.00000004,ltc,1639657184.0911574,0.0,2.4035272763091695e-09,36
1,[],5,[],2019-01-31 23:27:27,0.0,0,0,6552448,2019-01-31 23:27:27,btc,203.09849477,0.0,0,btc,1.295e-05,0.0,0.0,36
0,[],17,[],2019-01-31 23:27:29,0.0,0,0,6552449,2019-01-31 23:27:29,btc,0.14892131550201881,0.0,0,btc,12533924.99083647,0.0,0.0,36
0.0000000000914136,[],27,[],2019-01-31 23:27:31,2000000.0,1.828272e-18,6.27574474992e-23,6552450,2019-01-31 23:27:31,ltc,447.7310973004,0.0,0.00000002,"ltc,eth",3711879.16,0.0,2.742408e-12,36
1,[],4,[],2019-01-31 18:54:25,426560.73493755,0.00000142,0.000000000048591122,6551351,2019-01-31 18:54:25,btc,0.4065224889631516,0.0,0.00000142,btc,214430.27028775,0.13794637,0.3804156209752386,37
1,[],12,[],2019-01-31 18:54:26,491294.42923651,0.000001489999999999999921986774779891771203210737439803779125213623046875,0.000000000050986458999999995,6551352,2019-01-31 18:54:26,btc,1337.7521285737498,0.0,0.000001489999999999999921986774779891771203210737439803779125213623046875,btc,779224.36257021,0.096055625446121,0.4029082623599973,37
1,[],17,[],2019-01-31 18:54:28,1752.74075282,0.00000025,0.000000000008554774999999999,6551353,2019-01-31 18:54:28,btc,0.05548731396467539,0.0,0.00000025,btc,1388.79251806,0.0,0.00043818518820499993,37
1,[],27,[],2019-01-31 18:54:29,35522.0,0.00000046,0.000000000015740786,6551354,2019-01-31 18:54:29,btc,24.50520622489649,0.00054,0.00000046,btc,5274.81438508,1e-07,0.00744009,37
1,[],5,[],2019-01-31 23:27:33,1.345e-05,0.00000087,0.000000000029863707,6552451,2019-01-31 23:27:33,btc,0.09729357,0.05194616,0.00000087,btc,0.00012217,0.0,0.08932743,42
1,[],12,[],2019-01-31 23:27:33,154205.43376491,0.000001030000000000000091033409109486651544784763245843350887298583984375,0.000000000035355883,6552452,2019-01-31 23:27:33,btc,85.14959365365304,0.0,0.000001030000000000000091033409109486651544784763245843350887298583984375,btc,56089.27046972,0.1586953845358977,0.0542137200000117,42
0,[],27,[],2019-01-31 23:27:35,0.0,0,0,6552453,2019-01-31 23:27:35,,0.00315028,0.0,0,"btc,eth",11.007,0.0,0.0,42
1,[],5,[],2019-01-31 23:27:37,6e-08,0.00000003,0.000000000001029783,6552454,2019-01-31 23:27:37,btc,6.10578578,0.01081998,0.00000003,btc,1.425e-05,0.0,0.52366912,43
1,[],12,[],2019-01-31 23:27:39,6545117.0,0.00000002,0.000000000000686522,6552455,2019-01-31 23:27:39,btc,20007456.464662522,0.0,0.00000002,btc,38831663.74765234,0.00098888,0.06548277,43
0,[],17,[],2019-01-31 23:27:40,0.0,0,0,6552456,2019-01-31 23:27:40,btc,0.0,0.0,0,btc,0.0,0.0,0.0,43
1,[],12,[],2019-01-31 23:27:41,1012674.22222222,0.0000001,0.00000000000343261,6552457,2019-01-31 23:27:41,btc,11115200.12673948,0.0,0.0000001,btc,956824.4185814,0.0699993675023763,0.0365174599999998,44
1,[],4,[],2019-01-31 23:27:42,261391967.57444152,0.00000003,0.000000000001029783,6552458,2019-01-31 23:27:42,btc,0.18145155095143659,0.0,0.00000003,"btc,ltc",3764886.13469801,0.00185244,0.5536001355322325,49
0.0000000000914136,[],4,[],2019-01-31 23:27:43,4108177063.6924696,9.14136e-19,3.13787237496e-23,6552459,2019-01-31 23:27:43,ltc,4.994394634417506,0.0,0.00000001,ltc,2126194084.8923132,0.0,3.7554325482955796e-09,52
0,[],22,[],2019-01-31 23:27:47,0.0,0,0,6552460,2019-01-31 23:27:47,,3693.809799,0.0,0,,264802666.90882352,0.0,0.0,57
0,[],27,[],2019-01-31 23:27:49,0.0,0,0,6552461,2019-01-31 23:27:49,,0.0,0.0,0,"btc,eth",0.0,0.0,0.0,57
0.0000000000914136,[],4,[],2019-01-31 23:27:51,1528057623.3111017,6.398952e-18,2.196510662472e-22,6552462,2019-01-31 23:27:51,ltc,3.3101653443256223,0.0,0.00000007,ltc,1198024795.755739,0.01149598,6.9674555956075205e-09,58
1,[],12,[],2019-01-31 23:27:52,2345264029.282997,0.0000000006,0.00000000000002059566,6552463,2019-01-31 23:27:52,btc,685179800890.6813,0.0,0.0000000006,btc,3118444225.23986,0.009928835830769221,0.9175782526645632,58
0,[],17,[],2019-01-31 23:27:53,0.0,0,0,6552464,2019-01-31 23:27:53,btc,1e+24,0.0,0,btc,41616695.95832568,0.0,0.0,58
0.0000000001251847,[],22,[],2019-01-31 23:27:57,137438.0,1.2518470000000001e-18,4.2971025306700007e-23,6552465,2019-01-31 23:27:57,XMR,69.8835922,0.0,0.00000001,XMR,9887963.0,0.0,0.00137438,58
1,[],5,[],2019-01-31 23:27:58,7.87e-06,0.00000066,0.000000000022655226000000003,6552466,2019-01-31 23:27:58,btc,0.46298123,0.09924713,0.00000066,btc,0.00013329,0.0,0.12341766,61
1,[],22,[],2019-01-31 23:28:02,5111.5,0.00000011,0.000000000003775871,6552467,2019-01-31 23:28:02,BTC,1002.29606732,0.0,0.00000011,BTC,15028.700278135757,0.0,0.00051178,61
1,[],26,[],2019-01-31 23:28:02,0.0,0.00000800,0.00000000027460880000000003,6552468,2019-01-31 23:28:02,btc,0.0,0.0,0.00000800,btc,0.0,0.0,0.0,61
0,[],27,[],2019-01-31 23:28:05,0.0,0,0,6552469,2019-01-31 23:28:05,,0.1550356,0.00032,0,"btc,eth",155.72848,3.2e-07,0.0,61
1,[],28,[],2019-01-31 23:28:09,6898.304,0.00000130,0.000000000044623930000000004,6552470,2019-01-31 23:28:09,btc,2.064424118300105,691.0,0.00000130,btc,11198.17500005,0.0,0.00218011304,61
1,[],4,[],2019-01-31 23:28:11,1312283.44137578,0.00000177,0.00000000006075719700000001,6552471,2019-01-31 23:28:11,btc,0.6654101403144173,0.0,0.00000177,btc,227647.98365921,0.16478257,0.9704126674481808,67
0.0,[],25,[],2019-01-31 23:28:12,0.0,0,0,6552472,2019-01-31 23:28:12,,0.0,0.0,0.0,btc,0.0,0.0,0.0,67
1,[],12,[],2019-01-31 23:28:14,3100067.5819899,0.00000011,0.000000000003775871000000001,6552473,2019-01-31 23:28:14,btc,16893710.225033764,0.0,0.00000011,btc,2191405.1244755,0.0011566143625176,0.0880740428411113,71
,[],5,[],2018-11-20 23:02:39,1.5e-07,0.00000005,0.000000000002128045,4862160,2018-11-20 23:02:39,btc,2.84511358,0.0,,btc,0.00036572,0.0,0.07381892,74
1,[],5,[],2019-01-25 15:53:51,3.303e-05,0.00000156,0.000000000055588884,6499610,2019-01-25 15:53:51,btc,1.42844212,0.0,0.00000156,btc,0.00015937,0.0,0.49487621,75
1,[],4,[],2019-01-31 23:28:15,71314460.37587337,0.00000001,0.000000000000343261,6552474,2019-01-31 23:28:15,btc,0.8144650091483037,0.0,0.00000001,btc,15000789.10300357,0.0,0.7131446037587337,81
0,[],20,[],2019-01-25 09:30:31,0.0,0,0,6495923,2019-01-25 09:30:31,btc,0.0,0.0,0,btc,0.0,0.0,0.0,81
1,[],4,[],2019-01-31 23:28:17,23714.24337535,0.00007370,0.00000000252983357,6552475,2019-01-31 23:28:17,btc,0.9295380811045348,0.0,0.00007370,btc,8528.02306613,0.01454,0.0844732248032177,82
1,[],21,[],2019-01-31 23:28:17,69076.39476878999,0.00007760999999999999723974269950,0.000000002664048621,6552476,2019-01-31 23:28:17,btc,3.7875789437850558,2640.92022775,0.000077609999999999997239742699495224087513634003698825836181640625,btc,43089.92288844,0.20852242,3.2046737739614692,82
0,[],17,[],2019-01-31 23:28:19,0.0,0,0,6552477,2019-01-31 23:28:19,btc,0.0447233088476774,0.0,0,btc,999127.19588126,0.0,0.0,84
0.0000000000914136,[],4,[],2019-01-31 23:28:20,182664721.39616212,1.2797904e-17,4.393021324944e-22,6552478,2019-01-31 23:28:20,ltc,0.19754182488847147,0.0,0.00000014,ltc,70211720.82711019,0.0,1.2507788758012474e-09,85
,[],22,[],2018-11-20 23:09:34,3408.1,0.0000001,0.0000000000041895,4862324,2018-11-20 23:09:34,BTC,0.04624735,0.0,,BTC,4990.0,0.0,0.00033081,86
0,[],22,[],2019-01-31 23:28:24,0.0,0,0,6552479,2019-01-31 23:28:24,,2.07810912,0.0,0,,154826.94736842104,0.0,0.0,87
0,[],27,[],2019-01-31 23:28:26,0.0,0,0,6552480,2019-01-31 23:28:26,,0.0,0.0,0,btc,0.0,0.0,0.0,87
,[],2,[],2018-11-20 23:10:47,0.0,0,0,4862359,2018-11-20 23:10:47,,0.0,0.0,,,0.0,0.0,0.0,88
1,[],11,[],2019-01-31 23:28:27,108293.88119829,0.00018650000000000000670123678769840580571326427161693572998046875,0.000000006401817650000001,6552481,2019-01-31 23:28:27,btc,235.71398380197576,920.9,0.00018650000000000000670123678769840580571326427161693572998046875,btc,185165.1332615,0.0,8.514389841909768,89
0,[],2,[],2019-01-20 23:31:45,0.0,0,0,6477083,2019-01-20 23:31:45,,0.0,0.0,0,,0.0,0.0,0.0,91
1,[],12,[],2019-01-31 23:28:29,523027.82203094,0.00000349999999999999994749750979738944778318909811787307262420654296875,0.00000000012014135,6552482,2019-01-31 23:28:29,btc,124.5838985262244,0.0,0.00000349999999999999994749750979738944778318909811787307262420654296875,btc,17957.12273054,0.0493193272927873,0.1634087173586167,91
0,[],17,[],2019-01-31 23:28:30,0.0,0,0,6552483,2019-01-31 23:28:30,btc,0.0,0.0,0,btc,0.0,0.0,0.0,91
0.0000000000914136,[],22,[],2019-01-31 23:28:34,27704724.0,6.398952e-18,2.196510662472e-22,6552484,2019-01-31 23:28:34,LTC,8.48762787,0.0,0.00000007,LTC,73797158.1,2.15474653104e-13,1.42416948,95
1,[],4,[],2019-01-31 23:28:34,132762587.4189344,0.00000001,0.000000000000343261,6552485,2019-01-31 23:28:34,btc,1.3478400165177646,0.0,0.00000001,"btc,ltc",67786847.69468108,0.00061212,0.0003858806757031028,96
1,[],12,[],2019-01-31 23:28:36,1211358.0,0.00000001,0.000000000000343261,6552486,2019-01-31 23:28:36,btc,255063.37724011563,0.0,0.00000001,btc,8708396.33297676,9.625e-05,0.01211358,96
0,[],17,[],2019-01-31 23:28:37,0.0,0,0,6552487,2019-01-31 23:28:37,btc,0.0,0.0,0,btc,0.0,0.0,0.0,96
1,[],4,[],2019-01-28 01:29:03,1472892.19429314,0.00000039,0.000000000013841295,6517118,2019-01-28 01:29:03,btc,0.30363706505258,0.0,0.00000039,btc,473598.41813208,0.02260545,0.1322524391209234,99
0,[],2,[],2019-01-20 23:23:55,0.0,0,0,6476914,2019-01-20 23:23:55,,0.0,0.0,0,,0.0,0.0,0.0,100
1,[],4,[],2019-01-31 23:28:38,203088.79302833,0.00004128,0.000000001416981408,6552488,2019-01-31 23:28:38,btc,1.139834665652195,0.0,0.00004128,btc,24571.70842284,2.84245587,1.8624349503512472,100
1,[],22,[],2019-01-31 23:28:41,50000.0,0.00000001,0.000000000000343261,6552489,2019-01-31 23:28:41,BTC,23.50383609,0.0,0.00000001,BTC,11277.22,0.0,0.0005,101
1,[],4,[],2019-01-31 23:28:42,143253.35328722,0.00000091,0.000000000031236751,6552490,2019-01-31 23:28:42,btc,0.4022936271193575,0.0,0.00000091,btc,152281.18542017,0.00654778,0.071857155136929,103
1,[],12,[],2019-01-31 23:28:44,78069029.976,0.000000017,0.0000000000005835437000000001,6552491,2019-01-31 23:28:44,btc,9138292649.833977,0.0,0.000000017,btc,151195691.03838092,0.10334487932279436,0.489967335592,105
1,[],27,[],2019-01-31 23:28:46,356282.89,0.00000001,0.000000000000343261,6552492,2019-01-31 23:28:46,btc,0.6904160142503467,65555.0,0.00000001,btc,643385.49146249,0.0013111,0.0035628289,105
0,[],22,[],2019-01-31 23:28:49,0.0,0,0,6552493,2019-01-31 23:28:49,,1.07253299,0.0,0,,94300.0,0.0,0.0,107
1,[],26,[],2019-01-31 23:28:49,0.0,0.00000000,0,6552494,2019-01-31 23:28:49,btc,0.0,0.0,0.00000000,btc,0.0,0.0,0.0,107
1,[],5,[],2019-01-31 23:28:50,3e-08,0.00000002,0.000000000000686522,6552495,2019-01-31 23:28:50,btc,3.2639844,0.02474501,0.00000002,btc,1.589e-05,0.0,0.06496581,112
1,[],22,[],2019-01-31 23:28:54,1966.0,0.00000001,0.000000000000343261,6552496,2019-01-31 23:28:54,BTC,2.84243449,0.0,0.00000001,BTC,977103.5833333334,0.0,1.966e-05,112
0.0000000003099983,[],27,[],2019-01-31 23:28:56,500000.0,3.099983e-18,1.064103264563e-22,6552497,2019-01-31 23:28:56,eth,1.25356065,0.0,0.00000001,"btc,eth",1328.0,0.0,1.5499915e-12,112
1,[],4,[],2019-01-31 23:28:57,484447.95707687,0.00000414,0.000000000142110054,6552498,2019-01-31 23:28:57,btc,0.5446678683776554,0.0,0.00000414,btc,96142.35454314,0.59491559,0.312185602210623,113
1,[],5,[],2019-01-31 23:28:58,2.1e-05,0.00000366,0.00000000012563352600000002,6552499,2019-01-31 23:28:58,btc,2.19827929,0.0004392,0.00000366,btc,0.00334937,0.0,0.2015465,113
1,[],17,[],2019-01-31 23:29:00,212548.72400000002,0.00000004,0.000000000001373044,6552500,2019-01-31 23:29:00,btc,1.3368030274074119,0.00083281104,0.00000004,btc,51896.221,0.0,0.00460194896,116
0,[],27,[],2019-01-31 23:29:02,0.0,0,0,6552501,2019-01-31 23:29:02,,0.0,0.0,0,btc,0.0,0.0,0.0,116
1,[],4,[],2019-01-31 23:29:03,1076028.03810323,0.00001850,0.00000000063503285,6552502,2019-01-31 23:29:03,btc,0.2725903671988051,0.0,0.00001850,btc,13327.62758543,0.13086831,1.5970615127865444,120
1,[],7,[],2019-01-31 23:29:05,2176.8070805400002,0.00001796000000000000083899033553880286717685521580278873443603515625,0.0000000006164967560000001,6552503,2019-01-31 23:29:05,btc,90.07843396892373,0.56708778,0.00001796000000000000083899033553880286717685521580278873443603515625,btc,22385.79274211,2.206e-05,0.0206678805583828,120
1,[],20,[],2019-01-31 23:29:06,1607251.0096,0.000000013,0.0000000000004462393,6552504,2019-01-31 23:29:06,btc,33.7489442370083,0.0,0.000000013,btc,1074422.3317,0.0,0.0088351098642,125
1,[],22,[],2019-01-31 23:29:10,3053.0,0.00000001,0.000000000000343261,6552505,2019-01-31 23:29:10,BTC,0.01444889,0.0,0.00000001,BTC,296264.5111111111,0.0,3.053e-05,126
0,[],2,[],2019-01-20 23:25:46,0.0,0,0,6476969,2019-01-20 23:25:46,,0.0,0.0,0,,0.0,0.0,0.0,131
1,[],4,[],2019-01-31 23:29:10,117230.83402685,0.00001498,0.000000000514204978,6552506,2019-01-31 23:29:10,btc,0.5803494851605933,0.0,0.00001498,btc,29667.59006597,0.23116644,0.966045722719325,131
0,[],17,[],2019-01-31 23:29:12,0.0,0,0,6552507,2019-01-31 23:29:12,btc,0.0008451375975800001,0.0,0,btc,30.89614684,0.0,0.0,131
1,[],4,[],2019-01-31 23:29:13,4614.70275431,0.00016001,0.0000000054925192610000005,6552508,2019-01-31 23:29:13,btc,1.6405140891619145,0.0,0.00016001,btc,302.35845559,0.00314558,0.0118639733336803,135
1,[],3,[],2019-01-31 23:29:13,1860091.31050254,0.00000007,0.0000000000024028270000000005,6552509,2019-01-31 23:29:13,btc,0.1402675314189118,4133.56111112,0.00000007,btc,258236.62619398,0.0,0.06685486067036771,136
1,[],4,[],2019-01-31 23:29:14,93817.03471738,0.00000196,0.000000000067279156,6552510,2019-01-31 23:29:14,btc,0.6012891337276395,0.0,0.00000196,btc,210517.42239387,0.21053127,0.1309277238609517,137
1,[],12,[],2019-01-31 23:29:16,322067.78346067,0.000002120000000000000031120939159023919273749925196170806884765625,0.000000000072771332,6552511,2019-01-31 23:29:16,btc,11983.24802008752,0.0,0.000002120000000000000031120939159023919273749925196170806884765625,btc,129961.89809078,0.1323352532742547,0.0803685363911648,137
1,[],5,[],2019-01-31 23:29:17,0.00136141,0.00003691,0.0000000012669763510000001,6552512,2019-01-31 23:29:17,btc,1.4383008,1.57252098,0.00003691,btc,0.00237694,0.0,1.40109515,142
1,[],17,[],2019-01-31 23:29:19,12500.0,0.0000001,0.00000000000343261,6552513,2019-01-31 23:29:19,btc,20.26098602587089,0.0,0.0000001,btc,5932.0,0.0,0.00125,142
1,[],20,[],2019-01-31 23:29:20,150522.0367,0.000025435,0.0000000008730843535000001,6552514,2019-01-31 23:29:20,btc,2.8911515929492,305.4111,0.000025435,btc,11596.8228,0.0122769009232,0.2674680683875,142
1,[],22,[],2019-01-31 23:29:24,990.0,0.00001880,0.00000000064533068,6552515,2019-01-31 23:29:24,BTC,3.00453575,0.0,0.00001880,BTC,900.098,0.0,0.00022106,142
0.0,[],25,[],2019-01-31 23:29:25,0.0,0,0,6552516,2019-01-31 23:29:25,,0.0,0.0,0.0,btc,0.0,0.0,0.0,142
1,[],28,[],2019-01-31 23:29:30,78710.0,0.00002500,0.0000000008581525,6552517,2019-01-31 23:29:30,btc,0.15329397587,1053.0,0.00002500,btc,3062.8305,0.0,0.0312247,142
0,[],22,[],2019-01-28 18:33:43,0.0,0,0,6521842,2019-01-28 18:33:43,,61.27958297,0.0,0,,815366265.8,0.0,0.0,143
1,[],21,[],2019-01-31 23:29:31,34694502.67564954,0.00000027,0.000000000009268047000000001,6552518,2019-01-31 23:29:31,btc,52.893549302889944,11078188.21552356,0.00000027,btc,91491539.79705799,3.09777065,4.848034171541746,145
0,[],22,[],2019-01-31 23:29:34,0.0,0,0,6552519,2019-01-31 23:29:34,,4.31833784,0.0,0,,1417838.5,0.0,0.0,146
,[],22,[],2018-11-20 23:01:11,0.0,0,0,4862114,2018-11-20 23:01:11,,2.56807021,0.0,,,61828.4988236,0.0,0.0,147
1,[],12,[],2019-01-31 22:26:17,8690820.33669323,0.000003000000000000000076002572291233860823922441340982913970947265625,0.0000000001033443,6551723,2019-01-31 22:26:17,btc,16.557209080394404,0.0,0.000003000000000000000076002572291233860823922441340982913970947265625,btc,111817.83189148,0.0011719885091368,0.1201616199000073,148
1,[],4,[],2019-01-31 23:29:35,209200.19053155,0.00000027,0.000000000009268047000000001,6552520,2019-01-31 23:29:35,btc,0.6883876085201986,0.0,0.00000027,btc,503150.08636268,0.00139257,0.0421574566747385,152
0,[],22,[],2019-01-31 23:29:37,0.0,0,0,6552521,2019-01-31 23:29:37,,0.0,0.0,0,,0.0,0.0,0.0,152
1,[],5,[],2019-01-31 23:29:39,0.0,0,0,6552522,2019-01-31 23:29:39,btc,4.41614365,0.0,0,btc,0.00161275,0.0,0.0,153
,[],16,[],2019-01-11 15:38:59,0.0,0,0,6366141,2019-01-11 15:38:59,btc,0.0,0.0,,btc,0.0,0.0,0.0,155
0,[],23,[],2019-01-20 23:24:29,0.0,0,0,6476932,2019-01-20 23:24:29,,0.0,0.0,0,,0.0,0.0,0.0,156
0,[],22,[],2019-01-31 23:29:43,0.0,0,0,6552523,2019-01-31 23:29:43,,6.73310957,0.0,0,,4562882.742592593,0.0,0.0,156
1,[],22,[],2019-01-31 23:29:48,7906.0,0.00000801,0.00000000027495206100000004,6552524,2019-01-31 23:29:48,BTC,43.78801181,0.0,0.00000801,BTC,1067.5805334758436,0.0,0.00743836,157
0,[],22,[],2019-01-31 23:29:50,0.0,0,0,6552525,2019-01-31 23:29:50,,50175.6753658,0.0,0,,54007107.04179466,0.0,0.0,158
,[],17,[],2018-11-20 22:56:10,0.0,0,0,4861976,2018-11-20 22:56:10,btc,1.1265625,0.0,,btc,1000.0,0.0,0.0,159
,[],20,[],2018-11-20 22:56:12,0.0,0,0,4861977,2018-11-20 22:56:12,btc,11912.7940471,0.0,,btc,34413894.3617,0.0,0.0,159
1,[],12,[],2019-01-31 23:29:51,194425.31785678,0.000010250000000000000118503297452665634637014591135084629058837890625,0.00000000035184252500000003,6552526,2019-01-31 23:29:51,btc,6.687737677955316,0.0,0.000010250000000000000118503297452665634637014591135084629058837890625,btc,14840.137161820001,0.0062112254378469,0.09630181404002029,168
1,[],17,[],2019-01-31 23:29:53,29784.95,0.000001,0.000000000034326100000000003,6552527,2019-01-31 23:29:53,btc,0.0353989844335,0.0,0.000001,btc,196.82520268,0.0,0.00716147,168
0,[],22,[],2019-01-31 23:29:57,0.0,0,0,6552528,2019-01-31 23:29:57,,1.13380276,0.0,0,,689102.5537281231,0.0,0.0,169
1,[],22,[],2019-01-31 23:30:00,38592.05806451613,0.00000031,0.000000000010641091000000001,6552529,2019-01-31 23:30:00,BTC,2.46706622,0.0,0.00000031,BTC,60141.49304007069,0.00216034,0.01032914,171
1,[],22,[],2019-01-31 23:30:06,158599.0,0.0000001,0.0000000000034326100000000003,6552530,2019-01-31 23:30:06,BTC,2.62212315,0.0,0.0000001,BTC,235312.5674200973,0.00804441,0.00769999,173
1,[],5,[],2019-01-31 23:30:08,3.959e-05,0.00000390,0.00000000013387179,6552531,2019-01-31 23:30:08,btc,0.42053297,0.06703935,0.00000390,btc,0.0003422,0.0,0.70488113,175
1,[],22,[],2019-01-31 23:30:11,136201.0,0.00000033,0.000000000011327613000000001,6552532,2019-01-31 23:30:11,BTC,0.61694683,0.0,0.00000033,BTC,156515.17417750834,0.00515678,0.01289628,176
0,[],2,[],2019-01-20 23:28:34,0.0,0,0,6477001,2019-01-20 23:28:34,,0.0,0.0,0,,0.0,0.0,0.0,178
1,[],7,[],2019-01-31 23:30:12,0.0,0,0,6552533,2019-01-31 23:30:12,btc,10965.660263001393,1000.0,0,btc,123199465.68292762,1e-05,0.0,178
0,[],22,[],2019-01-31 23:30:15,0.0,0,0,6552534,2019-01-31 23:30:15,,1.00242428,0.0,0,,57512.0,0.0,0.0,178
0,[],23,[],2019-01-20 23:25:08,0.0,0,0,6476952,2019-01-20 23:25:08,,0.0,0.0,0,,0.0,0.0,0.0,179
1,[],5,[],2019-01-31 23:30:17,3e-08,0.00000002,0.000000000000686522,6552535,2019-01-31 23:30:17,btc,16.64717764,0.26087752,0.00000002,btc,2.088e-05,0.0,1.22940216,179
1,[],22,[],2019-01-31 23:30:21,8317447.0,0.00000003,0.000000000001029783,6552536,2019-01-31 23:30:21,BTC,5.47650498,0.0,0.00000003,"BTC,LTC",17037933.401989967,0.00571421,0.40404309,179
1,[],17,[],2019-01-31 23:23:33,10504.725,0.0000001,0.00000000000343319,6552339,2019-01-31 23:23:33,btc,5.206877489877282,0.0,0.0000001,btc,7465.6174587,0.0,0.0010504725,180
1,[],22,[],2019-01-31 23:23:38,5785.4,0.00000001,0.000000000000343319,6552340,2019-01-31 23:23:38,BTC,0.09633436,0.0,0.00000001,"BTC,LTC",16823.80336569223,0.0,7.724e-05,180
1,[],26,[],2019-01-31 23:23:38,0.0,0.00000010,0.0000000000034331900000000002,6552341,2019-01-31 23:23:38,btc,0.0,5551.098,0.00000010,btc,0.0,0.0,0.0,180
,[],7,[],2018-11-20 22:58:01,562227.975654,0.00000085,0.000000000036176765,4862015,2018-11-20 22:58:01,btc,21836.6059674,2491.87645172,,btc,749999.041456,0.00211021,0.127565380455,183
,[],5,[],2019-01-10 08:11:41,0.0,0,0,6347036,2019-01-10 08:11:41,btc,82.15055501,0.00261,,btc,1.19002445,0.0,0.0,187
,[],17,[],2018-11-16 20:58:10,4062536.27273,0.00000001,0.000000000000550501,4708775,2018-11-16 20:58:10,btc,3.36492563466,0.195460381006,,"btc,eth",110697919.549,0.0,0.0157628953496,187
1,[],24,[],2019-01-31 23:30:21,0.0,0.000000000001,3.43261e-17,6552537,2019-01-31 23:30:21,btc,0.0,0.0,0.000000000001,btc,0.0,0.0,0.0,187
0,[],22,[],2019-01-31 23:30:25,0.0,0,0,6552538,2019-01-31 23:30:25,,1.19382741,0.0,0,,13380.036201072173,0.0,0.0,191
0,[],22,[],2019-01-29 02:57:02,0.0,0,0,6524994,2019-01-29 02:57:02,,0.0,0.0,0,,0.0,0.0,0.0,197
0,[],23,[],2019-01-20 23:31:41,0.0,0,0,6477079,2019-01-20 23:31:41,,0.0,0.0,0,,0.0,0.0,0.0,199
1,[],26,[],2019-01-31 23:30:25,0.0,0.00000000,0,6552539,2019-01-31 23:30:25,btc,0.0,789158.0,0.00000000,btc,0.0,0.0,0.0,199
0,[],17,[],2019-01-30 16:32:01,0.0,0,0,6540827,2019-01-30 16:32:01,btc,6.802544163788159,0.0,0,btc,105897.55575295,0.0,0.0,200
0,[],2,[],2019-01-20 23:30:49,0.0,0,0,6477059,2019-01-20 23:30:49,,0.0,0.0,0,,0.0,0.0,0.0,201
1,[],4,[],2019-01-25 15:51:35,2084389.58565343,0.00000936,0.000000000333526752,6499557,2019-01-25 15:51:35,btc,2.0092503037378524,0.0,0.00000936,btc,160195.80207885,0.19272417,1.242687955921835,211
1,[],7,[],2019-01-31 23:30:29,14038486.263396049,0.000001210000000000000061712245556788669631487209699116647243499755859375,0.000000000041534581000000006,6552540,2019-01-31 23:30:29,btc,16567792.97969299,290900.026811,0.000001210000000000000061712245556788669631487209699116647243499755859375,btc,11518927.8753056,0.0,5.673698607550312,212
1,[],12,[],2019-01-25 02:44:32,207462.42853209,0.000001080000000000000035831255497387193287295303889550268650054931640625,0.000000000038610756000000006,6493050,2019-01-25 02:44:32,btc,85023.03793723314,0.0,0.000001080000000000000035831255497387193287295303889550268650054931640625,btc,43675.73520027,0.000146250909087,0.0348620860622024,213
1,[],5,[],2019-01-31 23:30:30,5.55e-06,0.00000036,0.000000000012357396,6552541,2019-01-31 23:30:30,btc,1.02058455,0.18692117,0.00000036,btc,3.397e-05,0.0,0.36048771,213
1,[],24,[],2019-01-31 23:30:31,0.0,0.000000050000,0.0000000000017163050000000001,6552542,2019-01-31 23:30:31,btc,0.0,0.0,0.000000050000,btc,0.0,0.0,0.0,213
1,[],26,[],2019-01-31 23:30:31,0.0,0.00000003,0.000000000001029783,6552543,2019-01-31 23:30:31,btc,0.0,0.0,0.00000003,btc,0.0,0.0,0.0,213
1,[],22,[],2019-01-31 23:30:35,277669.0,0.00000006,0.000000000002059566,6552544,2019-01-31 23:30:35,BTC,70.2232931,0.0,0.00000006,BTC,253693.63907173084,0.00092487,0.00479014,216
1,[],27,[],2019-01-31 23:30:37,5075645.0,0.0000001,0.0000000000034326100000000003,6552545,2019-01-31 23:30:37,btc,323.33880920316,14900.0,0.0000001,"btc,ltc",265819.13311,0.006407,0.0518235,216
1,[],22,[],2019-01-31 23:30:42,337538.1583599092,0.00000297,0.00000000010194851700000001,6552546,2019-01-31 23:30:42,BTC,12678.25621307,0.0,0.00000297,BTC,414751.5871531585,0.05312353,0.55411144,217
1,[],7,[],2019-01-31 23:30:43,0.0,0,0,6552547,2019-01-31 23:30:43,btc,302.5343166391106,0.0,0,btc,130240320.6214003,0.0,0.0,219
0,[],27,[],2019-01-31 23:30:44,0.0,0,0,6552548,2019-01-31 23:30:44,,0.0741038339680918,0.0,0,btc,1542429.2070951,0.0,0.0,219
0.0000000000000056,[],28,[],2019-01-31 23:30:49,204976012.301,5.6e-18,1.9222616000000002e-22,6552549,2019-01-31 23:30:49,doge,88554.0318717675,114600.0,0.00100000,"btc,doge",4969437.84751,0.0,2.8125857312203787e-11,219
1,[],22,[],2019-01-31 23:30:53,202578.0,0.00000055,0.000000000018879355,6552550,2019-01-31 23:30:53,BTC,2.39211741,0.0,0.00000055,BTC,33805.55212317522,0.000572,0.02031773,221
1,[],24,[],2019-01-31 23:30:53,0.0,0.000000100000,0.0000000000034326100000000003,6552551,2019-01-31 23:30:53,btc,0.0,10593.64272,0.000000100000,btc,0.0,0.00549845,0.0,221
1,[],26,[],2019-01-31 23:30:55,0.0,0.00000002,0.000000000000686522,6552552,2019-01-31 23:30:55,btc,0.0,9667.0,0.00000002,btc,0.0,0.0,0.0,231
1,[],26,[],2019-01-31 23:30:55,0.0,0.00000004,0.000000000001373044,6552553,2019-01-31 23:30:55,btc,0.0,0.0,0.00000004,btc,0.0,0.0,0.0,234
0,[],27,[],2019-01-31 23:30:58,0.0,0,0,6552554,2019-01-31 23:30:58,,0.0113483662182,0.0,0,"btc,eth",11462.99618,0.0,0.0,234
0.0000000000914136,[],22,[],2019-01-31 23:31:02,8720000.0,9.14136e-19,3.13787237496e-23,6552555,2019-01-31 23:31:02,LTC,3.50259238,0.0,0.00000001,LTC,94308858.89646465,1.3851549951503999e-11,0.0872,235
1,[],4,[],2019-01-31 23:31:03,741788.75088575,0.00000076,0.000000000026087836000000002,6552556,2019-01-31 23:31:03,btc,0.1599877110456222,0.0,0.00000076,btc,141556.32118332,0.04086377,0.1722935640292396,236
1,[],24,[],2019-01-31 23:31:03,0.0,0.000000010000,0.000000000000343261,6552557,2019-01-31 23:31:03,btc,0.0,0.0,0.000000010000,btc,0.0,0.0,0.0,236
1,[],20,[],2019-01-31 23:31:05,9349055.5624,0.000000063,0.0000000000021625443000000003,6552558,2019-01-31 23:31:05,btc,14.3581812635147,18584101.9865,0.000000063,btc,24963809.4964,1.2077689998158,0.4014431569371,237
1,[],22,[],2019-01-31 23:31:09,10000.0,0.00000001,0.000000000000343261,6552559,2019-01-31 23:31:09,BTC,0.04144357,0.0,0.00000001,BTC,10254.2,0.0,0.0001,237
1,[],4,[],2019-01-31 23:31:10,3805016.31648176,0.00000034,0.000000000011670874,6552560,2019-01-31 23:31:10,btc,0.3860672441536322,0.0,0.00000034,btc,1073414.61688236,0.16688744,1.1518606543834196,238
1,[],5,[],2019-01-31 23:31:11,4.29e-06,0.00000033,0.000000000011327613000000001,6552561,2019-01-31 23:31:11,btc,0.77387629,0.00090663,0.00000033,btc,2.957e-05,0.0,0.37265077,238
1,[],22,[],2019-01-31 23:31:15,257468.0,0.00000004,0.000000000001373044,6552562,2019-01-31 23:31:15,BTC,15.4109752,0.0,0.00000004,BTC,255737.0957209311,9.219e-05,0.00829884,249
0.0000000000914136,[],22,[],2019-01-31 23:31:18,5916263.0,2.7424079999999997e-18,9.41361712488e-23,6552563,2019-01-31 23:31:18,LTC,0.62863999,0.0,0.00000003,LTC,14168963.815,3.533621046216e-12,0.14142705,252
1,[],28,[],2019-01-31 23:31:23,2209264.286,0.00000007,0.000000000002402827,6552564,2019-01-31 23:31:23,btc,164692.30083800084,18971.7,0.00000007,btc,886581.0395,0.0,0.0697193563,256
1,[],22,[],2019-01-31 23:31:27,108087.57142857143,0.00000008,0.000000000002746088,6552565,2019-01-31 23:31:27,BTC,35605.56348112,0.0,0.00000008,BTC,498841.29945876444,0.00098055,0.00347369,258
1,[],22,[],2019-01-26 20:58:41,368451.0,0.00000001,0.000000000000356135,6510120,2019-01-26 20:58:41,BTC,2.642917,0.0,0.00000001,"BTC,LTC",1862.0,0.0,0.02488451,259
1,[],22,[],2019-01-31 23:31:30,2305.1359677419355,0.00000800,0.00000000027460880000000003,6552566,2019-01-31 23:31:30,BTC,4.6896325,0.0,0.00000800,BTC,6370.434570597176,0.00859541,0.01607101,262
1,[],5,[],2019-01-31 23:31:31,4.3e-05,0.00000226,0.00000000007757698600000001,6552567,2019-01-31 23:31:31,btc,1.18329378,1.53458364,0.00000226,btc,0.00131159,0.0,0.69712788,264
1,[],20,[],2019-01-31 23:31:33,1174734.8778,0.000004139,0.00000000014207572790000002,6552568,2019-01-31 23:31:33,btc,5.0685652319771,39954.3868,0.000004139,btc,99925.9224,0.1768757151716,0.0329220814468,264
1,[],22,[],2019-01-31 23:31:37,143431.0,0.00000002,0.000000000000686522,6552569,2019-01-31 23:31:37,BTC,8.65617269,0.0,0.00000002,BTC,330559.0934647885,0.0001144,0.00237099,271
0,[],22,[],2019-01-31 23:31:39,0.0,0,0,6552570,2019-01-31 23:31:39,,364.34578824,0.0,0,,14192460724.9,0.0,0.0,272
0.0000000000000056,[],28,[],2019-01-31 23:31:43,230175355522.813,7.56e-21,2.5950531600000003e-25,6552571,2019-01-31 23:31:43,doge,75193227.26760107,37509189545.8667,0.00000135,doge,138594526204.85428,0.0,8.436019884831706e-10,272
