pairValue,buyBook,exchangeId,sellBook,updated,buyTotal,satoshiPrice,usdPrice,exchangeLogId,created,bestPair,sellTotalBtc,volume,pairPrice,activePairs,sellTotal,volumeBtc,buyTotalBtc,coinId
1,[],3,[],2019-05-22 18:07:34,1123.259330580089,0.01114142000000000083670403938640447449870407581329345703125,0.0000008809019430100001,7669457,2019-05-22 18:07:34,btc,1.846938727610729,30.8730799403,0.01114142000000000083670403938640447449870407581329345703125,btc,27.179280298868,0.0,0.2238721862652316,1
0,[],2,[],2019-01-20 23:28:45,0.0,0,0,6477011,2019-01-20 23:28:45,,0.0,0.0,0,,0.0,0.0,0.0,1
1,[],4,[],2019-05-23 01:54:25,207674.96921348,0.01079734,0.000000825153237746,7671019,2019-05-23 01:54:25,btc,8.303038994580959,0.0,0.01079734,btc,349.48666592,1.08624351,0.5320604330162301,1
1,[],5,[],2019-05-23 01:54:28,0.0,0,0,7671020,2019-05-23 01:54:28,btc,0.0,0.02885657,0,btc,0.0,0.0,0.0,1
1,[],10,[],2019-05-23 01:54:30,255910.53538091,0.0078,0.0000005960908199999999,7671021,2019-05-23 01:54:30,btc,6523.397487244809,1365.75930566,0.0078,btc,1361.85300148,0.0,2.490932467306281,1
1,[],12,[],2019-05-23 01:54:32,33.07025722,0.0108900000000000003741451592986777541227638721466064453125,0.000000832234491,7671022,2019-05-23 01:54:32,btc,0.026062798903,0.0,0.0108900000000000003741451592986777541227638721466064453125,btc,2.28446499,0.1099497801415,0.3541282657122,1
1,[],20,[],2019-05-23 01:54:34,972.7521,0.01026283,0.000000784304967977,7671023,2019-05-23 01:54:34,btc,0.2207098441123,0.0,0.01026283,btc,16.8943,0.0,0.1004238970007,1
1,[],21,[],2019-05-23 01:54:35,2021.93318561,0.01093279999999999946291850961,0.00000083550534832,7671024,2019-05-23 01:54:35,btc,14.41491115893543,7994.755329289999,0.010932799999999999462918509607334272004663944244384765625,"btc,eth",1607.19786858,88.15010631703512,17.972110123835172,1
1,[],22,[],2019-05-23 01:54:41,0.0025666666666666667,0.00900000,0.0000006877971,7671025,2019-05-23 01:54:41,BTC,0.31629903,0.0,0.00900000,BTC,0.2505752479991019,0.0,2.31e-05,1
1,[],24,[],2019-05-23 01:54:41,0.0,0.000000000000,0,7671026,2019-05-23 01:54:41,btc,0.0,0.0,0.000000000000,btc,0.0,0.0,0.0,1
0.0,[],25,[],2019-05-23 01:54:42,0.0,0,0,7671027,2019-05-23 01:54:42,btc,44.34999999853025,3894.18306754,0.0,btc,3970.16684062,43.55,0.0,1
1,[],26,[],2019-05-23 01:54:44,0.0,0,0,7671028,2019-05-23 01:54:44,,0.0,0.0,0,,0.0,0.0,0.0,1
0,[],28,[],2019-05-23 01:55:31,0.0,0,0,7671029,2019-05-23 01:55:31,,0.0,365561.7288,0,,0.0,0.0,0.0,1
1,[],5,[],2019-05-23 01:55:33,0.0,0,0,7671030,2019-05-23 01:55:33,btc,0.0,0.00091427,0,btc,0.0,0.0,0.0,2
1,[],22,[],2019-05-23 01:55:36,11638.0,0.0000002,0.00000000001528438,7671031,2019-05-23 01:55:36,BTC,21.00897301,0.0,0.0000002,"BTC,XMR",20678.87287795317,0.0,0.00145435,2
1,[],5,[],2019-05-23 01:55:38,0.0,0,0,7671032,2019-05-23 01:55:38,btc,0.0,0.0152826,0,btc,0.0,0.0,0.0,3
1,[],12,[],2019-05-23 01:55:38,2849776.01272,0.00000012,0.000000000009170627999999998,7671033,2019-05-23 01:55:38,btc,0.113561145883,0.0,0.00000012,btc,712379.123,0.06373444476825765,0.2724761725264,3
0,[],28,[],2019-05-23 01:55:40,0.0,0,0,7671034,2019-05-23 01:55:40,,0.0,0.0,0,,0.0,0.0,0.0,3
0,[],2,[],2019-01-20 23:31:32,0.0,0,0,6477077,2019-01-20 23:31:32,,0.0,0.0,0,,0.0,0.0,0.0,4
1,[],4,[],2019-05-18 21:29:50,562734.9206932,0.00000010,0.000000000007298720000000001,7650946,2019-05-18 21:29:50,btc,41.9347137769675,0.0,0.00000010,btc,1123702.32192634,0.00052462,0.029254593370966,4
0,[],12,[],2019-05-22 22:39:33,0.0,0,0,7670499,2019-05-22 22:39:33,btc,0.0,0.0,0,btc,0.0,0.0,0.0,5
0,[],2,[],2019-01-20 23:31:51,0.0,0,0,6477087,2019-01-20 23:31:51,,0.0,0.0,0,,0.0,0.0,0.0,6
1,[],11,[],2019-05-23 01:55:42,7332054.276736,0.00000002,0.000000000001528438,7671035,2019-05-23 01:55:42,btc,9578.612034148535,8361100.86024,0.00000002,btc,58141556.70519443,0.0,0.09660291276736001,6
1,[],3,[],2019-05-22 18:08:48,11992.400030575094,0.00011500000000000000347812056933349822429590858519077301025390625,0.0000000090925325,7669475,2019-05-22 18:08:48,btc,1.1612001845741802,131.533509258,0.00011500000000000000347812056933349822429590858519077301025390625,btc,282.094355724518,0.0,0.024071946207221296,7
1,[],4,[],2019-05-23 01:55:43,3186799.99006599,0.00010001,0.000000007642954218999999,7671036,2019-05-23 01:55:43,btc,9.470966326852894,0.0,0.00010001,btc,52276.29583681,1.34027805,2.9128598130694074,7
1,[],5,[],2019-05-23 01:55:45,0.0,0,0,7671037,2019-05-23 01:55:45,btc,0.0,0.50965807,0,btc,0.0,0.0,0.0,7
1,[],20,[],2019-04-07 22:06:50,3201475.0482,0.000000001,0.000000000000051590000000000004,7213932,2019-04-07 22:06:50,btc,30.8005781811902,0.0,0.000000001,btc,23077405.3926,0.0,0.0032014750482,8
0,[],2,[],2019-01-20 23:22:42,0.0,0,0,6476876,2019-01-20 23:22:42,,0.0,0.0,0,,0.0,0.0,0.0,9
0,[],23,[],2019-01-20 23:22:48,0.0,0,0,6476878,2019-01-20 23:22:48,,0.0,0.0,0,,0.0,0.0,0.0,9
1,[],1,[],2019-02-17 23:31:42,1822507.21,0.00000181000000000000003456111265232042484285557293333113193511962890625,0.000000000066086901,6701244,2019-02-17 23:31:42,btc,3.6990969245,17153386.5,0.00000181000000000000003456111265232042484285557293333113193511962890625,btc,1997391.71,31.11772986,3.2610482446,9
1,[],4,[],2019-05-23 01:55:48,21199081.68744843,0.00000054,0.000000000041267825999999996,7671038,2019-05-23 01:55:48,btc,4.302978812529284,0.0,0.00000054,btc,3935857.99751854,0.34870407,0.7954079979953202,9
0,[],28,[],2019-05-23 01:56:30,0.0,0,0,7671039,2019-05-23 01:56:30,,0.0,3633663.0,0,,0.0,0.0,0.0,9
1,[],4,[],2019-02-17 11:22:43,4341674.27126056,0.00000002,0.0000000000007272960000000001,6696112,2019-02-17 11:22:43,btc,0.1997230937751353,0.0,0.00000002,btc,4109766.79808031,0.00215132,0.0479381022052112,10
1,[],4,[],2019-05-23 01:56:31,5357534.90473199,0.00000072,0.000000000055023768,7671040,2019-05-23 01:56:31,btc,5.205526154123143,0.0,0.00000072,btc,4768672.32392766,0.97372286,1.1465987296879312,12
1,[],5,[],2019-05-23 01:56:33,0.0,0,0,7671041,2019-05-23 01:56:33,btc,0.0,0.04685909,0,btc,0.0,0.0,0.0,12
0.0,[],25,[],2019-05-23 01:56:34,0.0,0,0,7671042,2019-05-23 01:56:34,,0.0,0.0,0.0,btc,0.0,0.0,0.0,12
0,[],2,[],2019-01-20 23:23:08,0.0,0,0,6476890,2019-01-20 23:23:08,,0.0,0.0,0,,0.0,0.0,0.0,12
1,[],4,[],2019-05-23 01:56:35,365213.90561535,0.00000672,0.0000000005135551679999999,7671043,2019-05-23 01:56:35,btc,2.228132347507958,0.0,0.00000672,btc,261477.73863571,0.56981819,0.683285628357737,13
1,[],10,[],2019-05-23 01:56:37,573768.48871111,0.00000686,0.000000000524254234,7671044,2019-05-23 01:56:37,btc,666802.6511605775,4985.76900292,0.00000686,btc,849283.93038154,0.0,0.3142047629319652,13
1,[],21,[],2019-05-23 01:56:39,627928.46513594,0.000006900000000000000005399326819,0.00000000052731111,7671045,2019-05-23 01:56:39,btc,5.7545116691542475,563451.97067423,0.000006900000000000000005399326818977812081357114948332309722900390625,btc,748447.2445268,3.92091968,3.919868003567642,13
1,[],4,[],2019-05-23 01:56:42,953563.39262801,0.00000071,0.000000000054259549,7671046,2019-05-23 01:56:42,btc,4.442952933221315,0.0,0.00000071,btc,814646.28955867,0.01101757,0.1455304137670961,14
1,[],12,[],2019-05-23 01:56:42,3333.0,0.0000003,0.00000000002292657,7671047,2019-05-23 01:56:42,btc,0.0007136220619359,0.0,0.0000003,btc,609.93338627,0.000388399999997,0.0009999,14
1,[],26,[],2019-05-23 01:58:43,0.0,0.00000050,0.000000000038210949999999996,7671048,2019-05-23 01:58:43,btc,0.0,0.0,0.00000050,btc,0.0,0.0,0.0,14
0,[],17,[],2019-05-03 00:53:32,0.0,0,0,7558876,2019-05-03 00:53:32,btc,0.0,0.0,0,btc,0.0,0.0,0.0,14
0,[],4,[],2019-05-23 01:58:44,0.0,0,0,7671049,2019-05-23 01:58:44,,0.0,0.0,0,,0.0,0.0,0.0,15
,[],12,[],2018-12-01 15:15:48,204241.84496,0.00000489,0.000000000202473384,5260204,2018-12-01 15:15:48,btc,49.5475654835,0.0,,btc,35763.2193806,0.0163153972027625,0.0203389899998,15
1,[],4,[],2019-05-23 01:58:46,37148.03819366,0.00001225,0.000000000936168275,7671050,2019-05-23 01:58:46,btc,1.0843856145057678,0.0,0.00001225,btc,17300.48154646,0.0249034,0.1063768425981879,18
1,[],10,[],2019-05-23 01:58:48,307767.07397451,0.00001204,0.000000000920119676,7671051,2019-05-23 01:58:48,btc,15.301922069369784,13438.1660655,0.00001204,btc,10241.03599772,0.0,0.0768516903607426,18
1,[],12,[],2019-05-23 01:58:49,491.13192223,0.000010499999999999999418976055765018173815406044013798236846923828125,0.00000000080242995,7671052,2019-05-23 01:58:49,btc,0.0005306332803890999,0.0,0.000010499999999999999418976055765018173815406044013798236846923828125,btc,34.89482373,0.0010833277827436,0.0047472424996757,18
0,[],2,[],2019-01-20 23:23:38,0.0,0,0,6476906,2019-01-20 23:23:38,,0.0,0.0,0,,0.0,0.0,0.0,18
0,[],17,[],2019-05-03 00:53:39,0.0,0,0,7558882,2019-05-03 00:53:39,btc,0.0,0.0,0,btc,0.0,0.0,0.0,18
1,[],4,[],2019-05-23 02:00:51,162873.24102537,0.00001011,0.0000000007726254089999999,7671053,2019-05-23 02:00:51,btc,3.784868116180457,0.0,0.00001011,btc,164810.54187688,0.30123073,0.696883723244805,19
1,[],5,[],2019-05-23 02:00:52,0.0,0,0,7671054,2019-05-23 02:00:52,btc,0.0,0.00014857,0,btc,0.0,0.0,0.0,19
1,[],12,[],2019-05-23 02:00:54,2114.02356034,0.000008600000000000000669624945770497248531682998873293399810791015625,0.0000000006572283400000001,7671055,2019-05-23 02:00:54,btc,0.0340289365595682,0.0,0.000008600000000000000669624945770497248531682998873293399810791015625,btc,1063.22383734,0.0014191466633562,0.0107803999998091,19
0,[],27,[],2019-05-23 02:01:02,0.0,0,0,7671056,2019-05-23 02:01:02,,0.0,0.0,0,btc,0.0,0.0,0.0,19
0,[],2,[],2019-01-20 23:24:19,0.0,0,0,6476924,2019-01-20 23:24:19,,0.0,0.0,0,,0.0,0.0,0.0,19
1,[],3,[],2019-05-22 18:13:10,155674.10542488078,0.00000931000000000000064808401700755524643682292662560939788818359375,0.000000000736099805,7669492,2019-05-22 18:13:10,btc,0.23246272695370224,3561.35820087,0.00000931000000000000064808401700755524643682292662560939788818359375,btc,5234.747680881293,0.0,0.04615314488507609,19
1,[],4,[],2019-05-23 02:01:03,10230128.96144766,0.00000007,0.000000000005349533,7671057,2019-05-23 02:01:03,btc,6.413343230109516,0.0,0.00000007,btc,2233934.3516984,0.00018919,0.1275941297203162,20
1,[],4,[],2019-05-23 02:01:04,72141616.72337481,0.00000001,0.000000000000764219,7671058,2019-05-23 02:01:04,btc,39100.37394600423,0.0,0.00000001,btc,61249562.42461323,0.00133927,0.7214161672337481,21
1,[],12,[],2019-05-23 02:01:05,750000.0,0.00000001,0.000000000000764219,7671059,2019-05-23 02:01:05,btc,0.056292829999999995,0.0,0.00000001,btc,642419.0,0.00020749,0.007500000000000001,21
0,[],17,[],2019-05-03 00:53:51,0.0,0,0,7558891,2019-05-03 00:53:51,btc,0.0,0.0,0,btc,0.0,0.0,0.0,21
1,[],12,[],2019-05-23 02:03:07,3328724201.0,0.0000000003,0.00000000000002292657,7671060,2019-05-23 02:03:07,btc,327922.4542452187,0.0,0.0000000003,btc,387940981.74925077,0.04561926604645354,0.6504228912,23
0.0000000003188253,[],27,[],2019-05-23 02:03:15,38956918.0,3.188253e-18,2.436523519407e-22,7671061,2019-05-23 02:03:15,eth,1174.13843628276,1585976277.0,0.00000001,eth,65123245.826,5.056493623074081e-09,1.24204510684254e-10,23
1,[],4,[],2019-05-23 02:03:18,1867684.63996492,0.00000017,0.000000000012991723,7671062,2019-05-23 02:03:18,btc,13.480942292655298,0.0,0.00000017,btc,2043630.52518281,0.00132287,0.0558475172844495,24
1,[],22,[],2019-05-23 02:03:22,21.76,0.00000100,0.00000000007642189999999999,7671063,2019-05-23 02:03:22,BTC,7.415e-05,0.0,0.00000100,BTC,23.919354838709676,0.0,1.186e-05,24
0.0,[],25,[],2019-05-23 02:03:23,0.0,0,0,7671064,2019-05-23 02:03:23,,0.0,0.0,0.0,btc,0.0,0.0,0.0,24
1,[],4,[],2019-05-23 02:03:25,305755.1929736,0.00000441,0.000000000337020579,7671065,2019-05-23 02:03:25,btc,10.53712912431704,0.0,0.00000441,btc,270668.22941045,0.09218802,0.1670613999335281,26
1,[],10,[],2019-05-23 02:03:27,159694.76901624,0.0000044,0.00000000033625636,7671066,2019-05-23 02:03:27,btc,25.512878516154622,6421.35339346,0.0000044,btc,23023.70050485,0.0,0.0314994424615931,26
0,[],2,[],2019-01-20 23:25:56,0.0,0,0,6476976,2019-01-20 23:25:56,,0.0,0.0,0,,0.0,0.0,0.0,26
1,[],11,[],2019-05-23 02:03:29,1069867.58157834,0.00000001,0.000000000000764219,7671067,2019-05-23 02:03:29,btc,67503.038056662,12744.4184217,0.00000001,btc,6639900.67919713,0.0,0.0106986758157834,27
1,[],5,[],2019-04-26 09:47:06,0.0,0,0,7465326,2019-04-26 09:47:06,btc,0.0,0.0,0,btc,0.0,0.0,0.0,27
1,[],3,[],2019-05-22 20:40:44,7277055.62200389,0.00000001,0.0000000000007829270000000001,7670138,2019-05-22 20:40:44,btc,3.317032516294362,4553405.57489,0.00000001,btc,23938008.26764695,0.0,0.0727705562200389,27
1,[],4,[],2019-05-23 02:03:30,1224327397.2770169,0.00000001,0.000000000000764219,7671068,2019-05-23 02:03:30,btc,4.947280319203634,0.0,0.00000001,"btc,ltc",297982790.2034105,0.01111707,8.302679564543997,29
1,[],7,[],2019-05-23 02:03:31,111446064.34806745,0.00000001,0.000000000000764219,7671069,2019-05-23 02:03:31,btc,46548272.143636204,78543.9,0.00000001,btc,35213506.69816322,0.00078544,1.1144606434806745,29
1,[],4,[],2019-05-23 02:03:33,15227234.71899091,0.00000007,0.000000000005349533,7671070,2019-05-23 02:03:33,btc,2.654270493398709,0.0,0.00000007,btc,2177562.28773911,0.00042632,0.1690819001256759,30
0,[],17,[],2019-05-03 01:11:25,0.0,0,0,7559066,2019-05-03 01:11:25,btc,0.0,0.0,0,btc,0.0,0.0,0.0,30
1,[],4,[],2019-05-23 02:05:34,109452.28345864,0.00005148,0.000000003934199412,7671071,2019-05-23 02:05:34,btc,3.90636172257764,0.0,0.00005148,btc,46936.33622026,0.79426528,0.8342461654216567,31
1,[],21,[],2019-05-23 02:05:35,81474.76574945,0.00005160000000000000062961788561,0.00000000394337004,7671072,2019-05-23 02:05:35,btc,3.883816484394811,208856.31425402,0.0000516000000000000006296178856057821349168079905211925506591796875,btc,65238.75493418,11.18887118,3.4287052689215427,31
0,[],2,[],2019-01-20 23:28:43,0.0,0,0,6477009,2019-01-20 23:28:43,,0.0,0.0,0,,0.0,0.0,0.0,32
0,[],4,[],2019-05-23 02:05:37,0.0,0,0,7671073,2019-05-23 02:05:37,,0.0,0.0,0,,0.0,0.0,0.0,33
1,[],12,[],2019-03-30 07:55:10,40641173.964,0.00000003,0.000000000001228359,7108785,2019-03-30 07:55:10,btc,4233210.82356125,0.0,0.00000003,btc,28378394.68333462,0.0126927883965248,0.90752895892,33
0.00000000011488339999999999,[],4,[],2019-05-23 02:05:38,29171521.32819015,5.74417e-17,4.38980385323e-21,7671074,2019-05-23 02:05:38,ltc,3.51712506672449,0.0,0.0000005,ltc,157195184.86692905,0.0,1.4485564173835128e-10,34
1,[],5,[],2019-05-23 02:05:40,0.0,0,0,7671075,2019-05-23 02:05:40,btc,0.0,0.0,0,btc,0.0,0.0,0.0,34
0.00000000011488339999999999,[],4,[],2019-05-23 02:05:41,88845743.45511784,1.148834e-18,8.779607706459999e-23,7671076,2019-05-23 02:05:41,ltc,4.164427540102417e-08,0.0,0.00000001,ltc,7563330053.433634,0.0,1.0206901083651683e-10,36
1,[],5,[],2019-05-23 02:05:42,0.0,0,0,7671077,2019-05-23 02:05:42,btc,0.0,0.0,0,btc,0.0,0.0,0.0,36
0.0000000003188253,[],27,[],2019-05-23 02:07:50,48360815.004,3.188253e-18,2.436523519407e-22,7671078,2019-05-23 02:07:50,eth,1671.21231592,972388128.0,0.00000001,"ltc,eth",17330927.0,1.200257819795652e-09,1.4538629204239332e-10,36
0.0000000002926451,[],17,[],2019-05-02 18:17:47,200000.0,2.9264510000000002e-18,1.596703856561e-22,7556430,2019-05-02 18:17:47,eth,0.20942468735267253,0.0,0.00000001,"btc,eth",1018272.20243647,0.0,5.852902e-13,36
1,[],4,[],2019-05-23 02:07:51,10203501.92797459,0.00000017,0.000000000012991723,7671079,2019-05-23 02:07:51,btc,19772.602152365118,0.0,0.00000017,btc,793209.36800994,0.01954578,0.1632602554713699,37
1,[],12,[],2019-05-23 02:07:52,3188317.0,0.00000016,0.000000000012227504,7671080,2019-05-23 02:07:52,btc,4.580456885177192,0.0,0.00000016,btc,576302.27605326,0.0137455205694415,0.16377211,37
1,[],27,[],2019-05-23 02:10:00,1600.0,0.00000015,0.000000000011463285,7671081,2019-05-23 02:10:00,btc,24.12156123602533,0.0,0.00000015,btc,5842.04443503,0.0,3e-05,37
1,[],17,[],2019-05-03 01:11:36,211752.74075282,0.00000025,0.000000000013700074999999998,7559074,2019-05-03 01:11:36,btc,0.055484923955058496,0.0,0.00000025,"btc,eth",1387.19918473,0.0,0.0005381851887916605,37
1,[],5,[],2019-05-23 02:10:03,0.0,0,0,7671082,2019-05-23 02:10:03,btc,0.0,0.07434964,0,btc,0.0,0.0,0.0,42
1,[],12,[],2019-05-23 02:10:04,729.0,0.000001260000000000000006510091944689211373997750342823565006256103515625,0.000000000096291594,7671083,2019-05-23 02:10:04,btc,1.5154400703283282,0.0,0.000001260000000000000006510091944689211373997750342823565006256103515625,btc,13594.57362156,0.0348235423282135,0.00073621,42
1,[],27,[],2019-05-23 02:10:16,1196.0,0.00000100,0.00000000007642189999999999,7671084,2019-05-23 02:10:16,btc,1.1813845831768,0.0,0.00000100,"btc,eth",1183.4448157,0.0,0.0005960000004959647,42
1,[],12,[],2019-03-13 09:13:29,1112112.0,0.00000001,0.000000000000386531,6919902,2019-03-13 09:13:29,btc,29058.00478931866,0.0,0.00000001,btc,5967681.93306694,9.99000999e-07,0.01112112,43
1,[],5,[],2019-04-26 22:38:52,0.0,0,0,7474154,2019-04-26 22:38:52,btc,0.0,0.02638891,0,btc,0.0,0.0,0.0,43
0,[],17,[],2019-04-26 22:38:53,0.0,0,0,7474155,2019-04-26 22:38:53,btc,0.0,0.0,0,btc,0.0,0.0,0.0,43
1,[],12,[],2019-03-05 01:54:08,639326.02,0.00000004,0.000000000001486676,6845775,2019-03-05 01:54:08,btc,11116042.728239931,0.0,0.00000004,btc,1103841.4595604,0.0003330765234764,0.014975410599999999,44
1,[],4,[],2019-05-23 02:10:17,112710012.98412654,0.00000001,0.000000000000764219,7671085,2019-05-23 02:10:17,btc,291324.2233527432,0.0,0.00000001,"btc,ltc",26126893.20369327,0.00333592,0.11405160974153315,49
0.00000000011488339999999999,[],4,[],2019-05-23 02:10:17,96967046.60407342,5.0548696e-17,3.8630273908424e-21,7671086,2019-05-23 02:10:17,ltc,21909.355751754385,0.0,0.00000044,ltc,137247510.7287044,0.0,5.584263241893156e-10,52
0,[],22,[],2019-05-23 02:10:20,0.0,0,0,7671087,2019-05-23 02:10:20,,10289.55991011,0.0,0,,308568058.4566013,0.0,0.0,57
0,[],27,[],2019-05-23 02:10:32,0.0,0,0,7671088,2019-05-23 02:10:32,,0.0,0.0,0,"btc,eth",0.0,0.0,0.0,57
0.00000000011488339999999999,[],4,[],2019-05-23 02:10:33,214357559.9970311,1.148834e-18,8.779607706459999e-23,7671089,2019-05-23 02:10:33,ltc,19.16063843605391,0.0,0.00000001,ltc,6066028100.2256975,0.0,2.462612530816292e-10,58
1,[],12,[],2019-05-23 02:10:34,2935377602.0,0.0000000001,0.00000000000000764219,7671090,2019-05-23 02:10:34,btc,490390.7551539733,0.0,0.0000000001,btc,1802135205.2077923,0.20450991325294707,0.2935377602,58
0.0000000001096628,[],22,[],2019-05-23 02:12:39,126877.0,1.096628e-18,8.38063953532e-23,7671091,2019-05-23 02:12:39,XMR,68.17454206,0.0,0.00000001,XMR,9626402.6,0.0,0.00126877,58
1,[],17,[],2019-05-03 01:12:09,1200000.0,0.0000000001,0.00000000000000548003,7559085,2019-05-03 01:12:09,btc,1e+24,0.0,0.0000000001,"btc,eth",39516342.31952568,0.0,0.00010000000058666061,58
1,[],5,[],2019-05-23 02:12:41,0.0,0,0,7671092,2019-05-23 02:12:41,btc,0.0,0.00847841,0,btc,0.0,0.0,0.0,61
1,[],22,[],2019-05-23 02:12:44,13613.833333333334,0.00000012,0.000000000009170628,7671093,2019-05-23 02:12:44,BTC,1002.29590883,0.0,0.00000012,BTC,15092.180177125656,0.0,0.00153269,61
1,[],26,[],2019-05-23 02:12:46,0.0,0.00000050,0.000000000038210949999999996,7671094,2019-05-23 02:12:46,btc,0.0,0.0,0.00000050,btc,0.0,0.0,0.0,61
1,[],27,[],2019-05-23 02:12:58,107138.0,0.0000002,0.00000000001528438,7671095,2019-05-23 02:12:58,btc,1.9501982264346656,0.0,0.0000002,"btc,eth",12657.40563696,0.0,0.0013812200003188253,61
0,[],28,[],2019-05-23 02:13:46,0.0,0,0,7671096,2019-05-23 02:13:46,,0.0,649.0,0,,0.0,0.0,0.0,61
1,[],4,[],2019-05-23 02:13:48,1092539.67576273,0.00000091,0.000000000069543929,7671097,2019-05-23 02:13:48,btc,2.810899584495696,0.0,0.00000091,btc,829222.14902544,0.07159133,0.6879876748938121,67
0.0,[],25,[],2019-05-23 02:13:50,0.0,0,0,7671098,2019-05-23 02:13:50,,0.0,0.0,0.0,btc,0.0,0.0,0.0,67
1,[],12,[],2019-05-23 02:13:52,265342.0,0.00000008,0.000000000006113752,7671099,2019-05-23 02:13:52,btc,0.0127168404995,0.0,0.00000008,btc,85081.004995,6.9147003e-05,0.00319106,71
,[],5,[],2018-11-20 23:02:39,1.5e-07,0.00000005,0.000000000002128045,4862160,2018-11-20 23:02:39,btc,2.84511358,0.0,,btc,0.00036572,0.0,0.07381892,74
1,[],5,[],2019-05-23 02:13:55,0.0,0,0,7671100,2019-05-23 02:13:55,btc,0.0,0.03680373,0,btc,0.0,0.0,0.0,75
0,[],4,[],2019-05-23 01:15:30,0.0,0,0,7670940,2019-05-23 01:15:30,,133656.87703970782,0.0,0,,33424209.5909442,0.0,0.0,81
0,[],20,[],2019-01-25 09:30:31,0.0,0,0,6495923,2019-01-25 09:30:31,btc,0.0,0.0,0,btc,0.0,0.0,0.0,81
1,[],4,[],2019-05-23 02:13:56,29789.48963358,0.00006181,0.000000004723637639,7671101,2019-05-23 02:13:56,btc,18.411151223347147,0.0,0.00006181,btc,25102.73068383,0.44300207,0.5751709162180173,82
1,[],21,[],2019-05-23 02:13:58,261474.05615499,0.00006200999999999999752215568138,0.000000004738922019,7671102,2019-05-23 02:13:58,btc,3.69013158692221,10987.56012261,0.000062009999999999997522155681384248282483895309269428253173828125,btc,49936.47369654,0.68595319,1.6334295861377055,82
0,[],17,[],2019-03-25 22:42:34,0.0,0,0,7038780,2019-03-25 22:42:34,btc,0.0445064681804024,0.0,0,btc,995513.18476001,0.0,0.0,84
0.0000000001161485,[],4,[],2019-05-20 13:09:39,216715621.0206096,1.161485e-18,9.0533806701e-23,7657228,2019-05-20 13:09:39,ltc,1.6511566870244727,0.0,0.00000001,ltc,471032407.9048656,0.0,2.5171194308112273e-10,85
,[],22,[],2018-11-20 23:09:34,3408.1,0.0000001,0.0000000000041895,4862324,2018-11-20 23:09:34,BTC,0.04624735,0.0,,BTC,4990.0,0.0,0.00033081,86
1,[],22,[],2019-05-23 02:14:02,85999.0,0.00000001,0.000000000000764219,7671103,2019-05-23 02:14:02,BTC,1.45832026,0.0,0.00000001,BTC,335430.29736842104,1.647e-05,0.00085999,87
0,[],27,[],2019-05-23 02:14:10,0.0,0,0,7671104,2019-05-23 02:14:10,,4.961871848776,0.0,0,btc,25830.03041,0.0,0.0,87
,[],2,[],2018-11-20 23:10:47,0.0,0,0,4862359,2018-11-20 23:10:47,,0.0,0.0,,,0.0,0.0,0.0,88
1,[],11,[],2019-05-23 02:14:11,85443.55446184,0.00011500000000000000347812056933349822429590858519077301025390625,0.0000000087885185,7671105,2019-05-23 02:14:11,btc,179.41547789997645,3.0,0.00011500000000000000347812056933349822429590858519077301025390625,btc,196026.09157605,0.0,4.783937912758788,89
0,[],2,[],2019-01-20 23:31:45,0.0,0,0,6477083,2019-01-20 23:31:45,,0.0,0.0,0,,0.0,0.0,0.0,91
1,[],12,[],2019-05-23 02:14:13,290701.39923076,0.00000026,0.000000000019869694,7671106,2019-05-23 02:14:13,btc,66.7715829565836,0.0,0.00000026,btc,26458.90477634,0.00047554351693,0.0724847298999976,91
1,[],22,[],2019-05-23 02:16:17,75910.55,0.0000002,0.00000000001528438,7671107,2019-05-23 02:16:17,BTC,0.495,0.0,0.0000002,"BTC,LTC",4.95,0.0,0.00165931,91
0,[],17,[],2019-05-03 01:12:26,0.0,0,0,7559096,2019-05-03 01:12:26,btc,0.0,0.0,0,btc,0.0,0.0,0.0,91
1,[],22,[],2019-04-09 20:17:52,374949.73333333334,0.00000015,0.000000000007771935,7235704,2019-04-09 20:17:52,BTC,6.87372503,0.0,0.00000015,"BTC,LTC",159980.01196797504,1.1e-05,0.80510266,95
0.00000000011488339999999999,[],4,[],2019-05-23 02:16:19,541153124.3547393,6.0888202e-17,4.6531920844237995e-21,7671108,2019-05-23 02:16:19,ltc,11.355401089500438,0.0,0.00000053,ltc,148725245.787136,0.0,8.212714318949149e-10,96
0,[],12,[],2019-05-23 02:16:21,0.0,0,0,7671109,2019-05-23 02:16:21,btc,1.19573187,0.0,0,btc,1177735.0,0.0001998102,0.0,96
0,[],17,[],2019-05-03 01:12:32,0.0,0,0,7559100,2019-05-03 01:12:32,btc,0.0,0.0,0,btc,0.0,0.0,0.0,96
1,[],4,[],2019-04-14 03:32:46,1039404.33283278,0.00000038,0.000000000019245518,7293458,2019-04-14 03:32:46,btc,4.170086055365747,0.0,0.00000038,btc,3097704.34561074,0.06260606,0.1859928211030784,99
1,[],4,[],2019-05-23 02:18:22,183894.46111083,0.00002430,0.0000000018570521699999999,7671110,2019-05-23 02:18:22,btc,7.194590289473208,0.0,0.00002430,btc,136839.36846882,0.12777563,0.5587902122076193,100
0,[],2,[],2019-01-20 23:23:55,0.0,0,0,6476914,2019-01-20 23:23:55,,0.0,0.0,0,,0.0,0.0,0.0,100
1,[],22,[],2019-05-23 02:18:26,150000.0,0.00000002,0.000000000001528438,7671111,2019-05-23 02:18:26,BTC,24.83526409,0.0,0.00000002,BTC,11187.719,0.0,0.0017,101
1,[],4,[],2019-05-23 02:18:28,667724.12423002,0.00000200,0.00000000015284379999999998,7671112,2019-05-23 02:18:28,btc,363.03480963041176,0.0,0.00000200,btc,661342.98574374,0.30550499,0.3528116440957162,103
1,[],12,[],2019-05-23 02:18:31,13055564.0,0.000000004,0.0000000000003056876,7671113,2019-05-23 02:18:31,btc,546.3006683322556,0.0,0.000000004,btc,12351185.8673926,0.04188142357980221,0.022947835,105
0,[],27,[],2019-05-23 02:18:38,0.0,0,0,7671114,2019-05-23 02:18:38,,0.2584268173531397,206823.0,0,btc,614451.85947933,0.00206823,0.0,105
1,[],22,[],2019-04-21 00:17:26,21333.0,0.00000001,0.000000000000532493,7385819,2019-04-21 00:17:26,BTC,51.38182867,0.0,0.00000001,BTC,470435.0,0.0,0.00021333,107
1,[],26,[],2019-04-21 00:17:26,0.0,0.00000000,0,7385820,2019-04-21 00:17:26,btc,0.0,0.0,0.00000000,btc,0.0,0.0,0.0,107
1,[],5,[],2019-05-23 02:18:40,0.0,0,0,7671115,2019-05-23 02:18:40,btc,0.0,0.0,0,btc,0.0,0.0,0.0,112
0,[],22,[],2019-05-23 02:18:43,0.0,0,0,7671116,2019-05-23 02:18:43,,2.79635781,0.0,0,,3274992.0833333335,0.0,0.0,112
1,[],27,[],2019-05-23 02:18:51,1.0,0.00000001,0.000000000000764219,7671117,2019-05-23 02:18:51,btc,1.25032588,0.0,0.00000001,"btc,eth",1819.0,0.0,1e-08,112
1,[],4,[],2019-05-23 02:18:51,480143.17350226,0.00000106,0.000000000081007214,7671118,2019-05-23 02:18:51,btc,4.334581004761765,0.0,0.00000106,btc,540787.36864134,0.05359412,0.2503038444079758,113
1,[],5,[],2019-05-23 02:18:52,0.0,0,0,7671119,2019-05-23 02:18:52,btc,0.0,4.64e-06,0,btc,0.0,0.0,0.0,113
1,[],17,[],2019-04-26 02:17:47,162738.278,0.00000004,0.0000000000021069000000000002,7461287,2019-04-26 02:17:47,btc,1.3331140273775473,0.0,0.00000004,btc,51796.221,0.0,0.00230953112,116
1,[],27,[],2019-05-22 05:13:01,210000.0,0.00000001,0.00000000000079145,7666372,2019-05-22 05:13:01,btc,3919.0005001478,0.0,0.00000001,btc,128660.871,0.0,0.0021,116
1,[],4,[],2019-05-21 22:31:11,138169.03963019,0.00000701,0.000000000558364025,7664793,2019-05-21 22:31:11,btc,150.95388250938234,0.0,0.00000701,btc,344631.17141974,0.07552974,0.4288357684941946,120
1,[],7,[],2019-05-21 22:31:12,3901.07750076,0.000010679999999999999389654892212320191902108490467071533203125,0.0000000008506887,7664794,2019-05-21 22:31:12,btc,231188.94669936574,0.0,0.000010679999999999999389654892212320191902108490467071533203125,btc,4133.83151364,0.0,0.0113888422364489,120
1,[],20,[],2019-04-07 18:42:29,1914137.0852,0.000000035,0.0000000000017871910000000002,7211992,2019-04-07 18:42:29,btc,32.2497668025648,25528.85,0.000000035,btc,1001975.4986,0.00089350975,0.0152723574729,125
1,[],22,[],2019-05-23 02:18:56,10000.0,0.00000001,0.000000000000764219,7671120,2019-05-23 02:18:56,BTC,0.032061,0.0,0.00000001,BTC,299316.7611111111,0.0,0.0001,126
1,[],4,[],2019-05-23 02:18:57,2176395.58086671,0.00000566,0.00000000043254795399999996,7671121,2019-05-23 02:18:57,btc,3.244159691861975,0.0,0.00000566,btc,177439.67307996,0.10214702,0.4411029257507489,131
0,[],2,[],2019-01-20 23:25:46,0.0,0,0,6476969,2019-01-20 23:25:46,,0.0,0.0,0,,0.0,0.0,0.0,131
1,[],17,[],2019-05-03 01:13:10,10000.0,0.00000001,0.000000000000548003,7559115,2019-05-03 01:13:10,btc,0.0953976503951408,0.0,0.00000001,btc,5037.62507334,0.0,0.0001,131
1,[],4,[],2019-05-23 02:20:58,4772.27275861,0.00007922,0.0000000060541429179999994,7671122,2019-05-23 02:20:58,btc,5.032820981561924,0.0,0.00007922,btc,203.84599175,0.0,0.0086462159686346,135
1,[],3,[],2019-05-22 20:57:20,456341.0025,0.00000002,0.0000000000015658540000000001,7670196,2019-05-22 20:57:20,btc,0.2168360115270351,986846.107254,0.00000002,btc,1789524.65154488,0.0,0.004663410025,136
1,[],4,[],2019-05-23 02:21:00,2387924.720413,0.00000190,0.00000000014520160999999999,7671123,2019-05-23 02:21:00,btc,106.76912121244777,0.0,0.00000190,btc,443849.25079442,0.01579406,0.5273798517627838,137
0,[],12,[],2019-05-23 02:21:01,0.0,0,0,7671124,2019-05-23 02:21:01,btc,0.0011780301859716,0.0,0,btc,313.00206612,9.25e-06,0.0,137
1,[],4,[],2019-05-23 02:21:02,87700.37496289,0.00001859,0.0000000014206831209999999,7671125,2019-05-23 02:21:02,btc,8.188011736264837,0.0,0.00001859,btc,135655.04161961,0.59319123,0.8956229347937847,142
1,[],5,[],2019-05-23 02:21:03,0.0,0,0,7671126,2019-05-23 02:21:03,btc,0.0,0.0258561,0,btc,0.0,0.0,0.0,142
1,[],20,[],2019-05-23 02:23:05,220411.655,0.000015511,0.0000000011853800908999999,7671127,2019-05-23 02:23:05,btc,1.6080937374464,0.0,0.000015511,btc,9788.8796,0.0,0.0378383355732,142
1,[],22,[],2019-05-23 02:23:09,11028.645,0.00001000,0.000000000764219,7671128,2019-05-23 02:23:09,BTC,3.2754788,0.0,0.00001000,BTC,1133.9993657797618,0.0,0.00745365,142
0.0,[],25,[],2019-05-23 02:23:10,0.0,0,0,7671129,2019-05-23 02:23:10,,0.0,0.0,0.0,btc,0.0,0.0,0.0,142
0,[],28,[],2019-05-23 02:23:53,0.0,0,0,7671130,2019-05-23 02:23:53,,0.0,0.0,0,,0.0,0.0,0.0,142
1,[],17,[],2019-05-03 01:13:16,32967.38636364,0.00000088,0.000000000048224264,7559122,2019-05-03 01:13:16,btc,20.06976206696776,0.0,0.00000088,btc,2746.079105,0.0,0.0105613000000032,142
0,[],22,[],2019-05-23 02:23:56,0.0,0,0,7671131,2019-05-23 02:23:56,,65.7671051,0.0,0,,846980922.8,0.0,0.0,143
0,[],22,[],2019-02-25 15:42:22,0.0,0,0,6783783,2019-02-25 15:42:22,,4.2131946,0.0,0,,2322156.0,0.0,0.0,146
,[],22,[],2018-11-20 23:01:11,0.0,0,0,4862114,2018-11-20 23:01:11,,2.56807021,0.0,,,61828.4988236,0.0,0.0,147
1,[],12,[],2019-04-21 06:38:04,193091.5971266,0.00000071,0.000000000037635183,7388679,2019-04-21 06:38:04,btc,2.301232411611175,0.0,0.00000071,btc,9957.48302385,0.00023528,0.0313308199999888,148
1,[],4,[],2019-03-19 21:31:25,255810.0415942,0.00000029,0.000000000011615747,6982695,2019-03-19 21:31:25,btc,218.94922712414143,0.0,0.00000029,btc,793529.37642722,0.00117,0.0608347789473395,152
0,[],22,[],2019-03-19 21:31:27,0.0,0,0,6982696,2019-03-19 21:31:27,,0.0,0.0,0,,0.0,0.0,0.0,152
1,[],5,[],2019-04-26 09:36:59,0.0,0,0,7465040,2019-04-26 09:36:59,btc,0.0,0.0,0,btc,0.0,0.0,0.0,153
,[],16,[],2019-01-11 15:38:59,0.0,0,0,6366141,2019-01-11 15:38:59,btc,0.0,0.0,,btc,0.0,0.0,0.0,155
0,[],22,[],2019-05-23 02:23:59,0.0,0,0,7671132,2019-05-23 02:23:59,,6.80428951,0.0,0,,4678201.942592593,0.0,0.0,156
0,[],23,[],2019-01-20 23:24:29,0.0,0,0,6476932,2019-01-20 23:24:29,,0.0,0.0,0,,0.0,0.0,0.0,156
1,[],22,[],2019-05-23 02:24:02,7066.0,0.00000800,0.0000000006113751999999999,7671133,2019-05-23 02:24:02,BTC,1.79802465,0.0,0.00000800,BTC,802.6461988741639,0.0,0.00062996,157
0,[],22,[],2019-05-21 23:40:32,0.0,0,0,7665049,2019-05-21 23:40:32,,50234.60468402,0.0,0,,54786159.03179465,0.0,0.0,158
,[],17,[],2018-11-20 22:56:10,0.0,0,0,4861976,2018-11-20 22:56:10,btc,1.1265625,0.0,,btc,1000.0,0.0,0.0,159
,[],20,[],2018-11-20 22:56:12,0.0,0,0,4861977,2018-11-20 22:56:12,btc,11912.7940471,0.0,,btc,34413894.3617,0.0,0.0,159
1,[],12,[],2019-05-23 02:24:04,35828.44059472,0.0000007,0.000000000053495329999999995,7671134,2019-05-23 02:24:04,btc,0.026370898599999998,0.0,0.0000007,btc,2091.71,0.0114702664098908,0.0203562695999747,168
1,[],17,[],2019-05-03 01:13:36,42852.0,0.00000002,0.000000000001096006,7559132,2019-05-03 01:13:36,btc,0.04279856251542,0.0,0.00000002,btc,274.46171372,0.0,0.00052852,168
1,[],22,[],2019-05-17 03:01:52,10.0,0.00000001,0.000000000000778341,7642059,2019-05-17 03:01:52,BTC,41.95893009,0.0,0.00000001,BTC,1753972.7737547632,0.0,1e-07,169
1,[],22,[],2019-05-23 02:26:07,291021.0,0.00000005,0.000000000003821095,7671135,2019-05-23 02:26:07,BTC,27.86157308,0.0,0.00000005,BTC,449911.1955837463,4e-06,0.00575725,171
1,[],22,[],2019-05-23 02:26:11,389395.0,0.00000002,0.000000000001528438,7671136,2019-05-23 02:26:11,BTC,24.3994402,0.0,0.00000002,"BTC,LTC",1037115.9936183414,0.00234413,0.0054799,173
1,[],5,[],2019-05-23 02:26:13,0.0,0,0,7671137,2019-05-23 02:26:13,btc,0.0,0.01398244,0,btc,0.0,0.0,0.0,175
1,[],22,[],2019-05-23 02:26:16,90671.0,0.00000001,0.000000000000764219,7671138,2019-05-23 02:26:16,BTC,394.35459412,0.0,0.00000001,BTC,136275.61833431243,0.0,0.00090671,176
1,[],7,[],2019-05-23 02:26:18,0.0,0,0,7671139,2019-05-23 02:26:18,btc,521274.2789985829,999.90881093,0,btc,28589999.08886602,1e-05,0.0,178
0,[],22,[],2019-05-23 02:26:21,0.0,0,0,7671140,2019-05-23 02:26:21,,1.00242428,0.0,0,,57512.0,0.0,0.0,178
0,[],2,[],2019-01-20 23:28:34,0.0,0,0,6477001,2019-01-20 23:28:34,,0.0,0.0,0,,0.0,0.0,0.0,178
1,[],5,[],2019-05-23 02:26:23,0.0,0,0,7671141,2019-05-23 02:26:23,btc,0.0,0.02817306,0,btc,0.0,0.0,0.0,179
0,[],22,[],2019-05-23 02:26:26,0.0,0,0,7671142,2019-05-23 02:26:26,,5.31130572,0.0,0,,13408627.811946675,0.0,0.0,179
0,[],23,[],2019-01-20 23:25:08,0.0,0,0,6476952,2019-01-20 23:25:08,,0.0,0.0,0,,0.0,0.0,0.0,179
1,[],22,[],2019-05-23 02:28:30,664756.2982683983,0.00000132,0.00000000010087690799999999,7671143,2019-05-23 02:28:30,BTC,39.24475539,0.0,0.00000132,"BTC,LTC",118211.40155393437,0.09098929,0.56594104,180
1,[],26,[],2019-05-23 02:28:30,0.0,0.00000250,0.00000000019105475,7671144,2019-05-23 02:28:30,btc,0.0,50.0,0.00000250,btc,0.0,0.0,0.0,180
1,[],17,[],2019-05-03 01:13:56,20504.725000000002,0.0000001,0.00000000000548003,7559141,2019-05-03 01:13:56,btc,5.2010695838400265,0.0,0.0000001,btc,5033.45945,0.0,0.0011504725,180
,[],7,[],2018-11-20 22:58:01,562227.975654,0.00000085,0.000000000036176765,4862015,2018-11-20 22:58:01,btc,21836.6059674,2491.87645172,,btc,749999.041456,0.00211021,0.127565380455,183
,[],5,[],2019-01-10 08:11:41,0.0,0,0,6347036,2019-01-10 08:11:41,btc,82.15055501,0.00261,,btc,1.19002445,0.0,0.0,187
,[],17,[],2018-11-16 20:58:10,4062536.27273,0.00000001,0.000000000000550501,4708775,2018-11-16 20:58:10,btc,3.36492563466,0.195460381006,,"btc,eth",110697919.549,0.0,0.0157628953496,187
1,[],24,[],2019-05-22 21:04:52,0.0,0.000000000014,0.0000000000000010960978,7670219,2019-05-22 21:04:52,btc,0.0,0.0,0.000000000014,btc,0.0,0.0,0.0,187
0,[],22,[],2019-04-25 02:54:07,0.0,0,0,7447896,2019-04-25 02:54:07,,7.54794454,0.0,0,,76361.7243344055,0.0,0.0,191
0,[],22,[],2019-05-23 02:28:35,0.0,0,0,7671145,2019-05-23 02:28:35,,0.0,0.0,0,,0.0,0.0,0.0,197
0,[],23,[],2019-01-20 23:31:41,0.0,0,0,6477079,2019-01-20 23:31:41,,0.0,0.0,0,,0.0,0.0,0.0,199
0,[],22,[],2019-05-23 02:28:38,0.0,0,0,7671146,2019-05-23 02:28:38,,10.16019194,0.0,0,,81003964.0,0.0,0.0,199
1,[],26,[],2019-05-23 02:28:38,0.0,0.00000000,0,7671147,2019-05-23 02:28:38,btc,0.0,0.0,0.00000000,btc,0.0,0.0,0.0,199
0,[],2,[],2019-01-20 23:30:49,0.0,0,0,6477059,2019-01-20 23:30:49,,0.0,0.0,0,,0.0,0.0,0.0,201
1,[],4,[],2019-01-25 15:51:35,2084389.58565343,0.00000936,0.000000000333526752,6499557,2019-01-25 15:51:35,btc,2.0092503037378524,0.0,0.00000936,btc,160195.80207885,0.19272417,1.242687955921835,211
1,[],7,[],2019-05-23 02:28:42,17770082.71523628,0.00000051,0.000000000038975169,7671148,2019-05-23 02:28:42,btc,15200507.781659298,688920.068118,0.00000051,btc,9927618.49862667,0.0,1.4149090829991624,212
1,[],5,[],2019-05-23 02:28:44,0.0,0,0,7671149,2019-05-23 02:28:44,btc,0.0,0.09094792,0,btc,0.0,0.0,0.0,213
1,[],24,[],2019-05-23 02:28:44,0.0,0.000000090000,0.000000000006877971,7671150,2019-05-23 02:28:44,btc,0.0,0.0,0.000000090000,btc,0.0,0.0,0.0,213
1,[],26,[],2019-05-23 02:28:44,0.0,0.00000040,0.00000000003056876,7671151,2019-05-23 02:28:44,btc,0.0,9.8,0.00000040,btc,0.0,0.0,0.0,213
1,[],12,[],2019-01-25 02:44:32,207462.42853209,0.000001080000000000000035831255497387193287295303889550268650054931640625,0.000000000038610756000000006,6493050,2019-01-25 02:44:32,btc,85023.03793723314,0.0,0.000001080000000000000035831255497387193287295303889550268650054931640625,btc,43675.73520027,0.000146250909087,0.0348620860622024,213
0,[],22,[],2019-05-23 02:28:47,0.0,0,0,7671152,2019-05-23 02:28:47,,9.61085386,0.0,0,,3301587.094064925,0.0,0.0,216
0,[],27,[],2019-05-23 02:28:56,0.0,0,0,7671153,2019-05-23 02:28:56,,64.7931591180052,100.0,0,"btc,ltc",376450.40768,1e-06,0.0,216
1,[],22,[],2019-05-23 02:28:59,288112.65,0.0000002,0.00000000001528438,7671154,2019-05-23 02:28:59,BTC,12054.77277008,0.0,0.0000002,BTC,444529.10244196607,0.01167268,0.03115277,217
1,[],7,[],2019-05-23 02:29:00,0.0,0,0,7671155,2019-05-23 02:29:00,btc,123413.63662914686,0.0,0,btc,137881172.55575436,0.0,0.0,219
0,[],27,[],2019-05-23 02:29:08,0.0,0,0,7671156,2019-05-23 02:29:08,,0.105466823472,0.0,0,btc,3058319.8967,0.0,0.0,219
0,[],28,[],2019-05-23 02:29:57,0.0,0,0,7671157,2019-05-23 02:29:57,,0.0,14178.0,0,,0.0,0.0,0.0,219
1,[],22,[],2019-05-23 02:30:01,172069.0,0.00000004,0.000000000003056876,7671158,2019-05-23 02:30:01,BTC,56.76466137,0.0,0.00000004,BTC,127061.6482738741,0.0,0.00393676,221
1,[],24,[],2019-05-23 02:30:01,0.0,0.000000010000,0.000000000000764219,7671159,2019-05-23 02:30:01,btc,0.0,0.0,0.000000010000,btc,0.0,0.0,0.0,221
1,[],20,[],2019-05-23 02:30:04,18151240.8146,0.000000003,0.0000000000002292657,7671160,2019-05-23 02:30:04,btc,100050.30291136082,1217060.3818,0.000000003,btc,40746110.8166,0.0044837952789,0.0205685052714,224
0,[],22,[],2019-05-23 02:30:07,0.0,0,0,7671161,2019-05-23 02:30:07,,0.0,0.0,0,,0.0,0.0,0.0,224
1,[],26,[],2019-05-23 02:30:08,0.0,0.00000026,0.000000000019869694,7671162,2019-05-23 02:30:08,btc,0.0,0.0,0.00000026,btc,0.0,0.0,0.0,231
1,[],26,[],2019-05-23 02:30:09,0.0,0.00000006,0.000000000004585314,7671163,2019-05-23 02:30:09,btc,0.0,200.0,0.00000006,btc,0.0,0.0,0.0,234
0,[],27,[],2019-05-23 02:30:24,0.0,0,0,7671164,2019-05-23 02:30:24,,0.01134836604,0.0,0,"btc,eth",11462.996,0.0,0.0,234
1,[],4,[],2019-05-22 17:06:12,91780.56053785,0.00000078,0.000000000061977552,7669277,2019-05-22 17:06:12,btc,5.573372450018177,0.0,0.00000078,btc,729173.93529783,0.0,0.0307060663355679,236
1,[],24,[],2019-05-22 17:06:12,0.0,0.000000010000,0.000000000000794584,7669278,2019-05-22 17:06:12,btc,0.0,0.0,0.000000010000,btc,0.0,0.0,0.0,236
1,[],5,[],2019-05-23 02:30:26,0.0,0,0,7671165,2019-05-23 02:30:26,btc,0.0,0.01716484,0,btc,0.0,0.0,0.0,237
1,[],20,[],2019-05-23 02:30:28,121560264.7417,0.000000045,0.0000000000034389855,7671166,2019-05-23 02:30:28,btc,58793.163885174996,13231776.8997,0.000000045,btc,42426421.3812,0.6347030709298,0.4981744355246,237
1,[],22,[],2019-05-23 02:30:32,318000.0,0.00000003,0.000000000002292657,7671167,2019-05-23 02:30:32,BTC,1.20267422,0.0,0.00000003,BTC,17930.94871794872,0.0,0.00934,237
1,[],4,[],2019-05-23 02:30:35,27399405.76181731,0.00000012,0.000000000009170628,7671168,2019-05-23 02:30:35,btc,2.918818740752015,0.0,0.00000012,btc,9595743.47204836,0.04805967,0.590528913652996,238
1,[],5,[],2019-05-23 02:30:38,0.0,0,0,7671169,2019-05-23 02:30:38,btc,0.0,0.00429959,0,btc,0.0,0.0,0.0,238
0,[],22,[],2019-03-12 16:49:32,0.0,0,0,6914458,2019-03-12 16:49:32,,0.40415746,0.0,0,,526736.5639027493,0.0,0.0,249
0,[],22,[],2019-05-23 02:30:42,0.0,0,0,7671170,2019-05-23 02:30:42,,13.40451957,0.0,0,,41944503.3426455,0.0,0.0,252
0,[],28,[],2019-05-23 02:31:27,0.0,0,0,7671171,2019-05-23 02:31:27,,0.0,292496.2,0,,0.0,0.0,0.0,256
1,[],22,[],2019-05-23 02:31:32,1052904.0,0.00000001,0.000000000000764219,7671172,2019-05-23 02:31:32,BTC,21.85885958,0.0,0.00000001,BTC,542925.7509808998,0.00045692,0.01052904,258
1,[],22,[],2019-05-19 18:12:02,400.0,0.00000001,0.0000000000007957800000000001,7653905,2019-05-19 18:12:02,BTC,2.415167,0.0,0.00000001,BTC,157.0,0.0,4e-06,259
1,[],5,[],2019-05-23 02:31:35,0.0,0,0,7671173,2019-05-23 02:31:35,btc,0.0,0.05949558,0,btc,0.0,0.0,0.0,264
1,[],20,[],2019-05-23 02:31:37,908176.7267,0.000000487,0.000000000037217465299999996,7671174,2019-05-23 02:31:37,btc,1.0266795455934,36634.6264,0.000000487,btc,118705.0756,0.027312249134,0.0101741622223,264
0,[],22,[],2019-04-12 17:57:27,0.0,0,0,7278186,2019-04-12 17:57:27,,66.37522201,0.0,0,,677842.4169881374,0.0,0.0,271
0,[],22,[],2019-05-23 02:31:40,0.0,0,0,7671175,2019-05-23 02:31:40,,33050467.4724609,0.0,0,,14361462970.7,0.0,0.0,272
0,[],28,[],2019-05-23 02:32:12,0.0,0,0,7671176,2019-05-23 02:32:12,,0.0,13141810307.0,0,,0.0,0.0,0.0,272
1,[],22,[],2019-05-23 02:32:19,219930.0,0.00000004,0.000000000003056876,7671177,2019-05-23 02:32:19,BTC,426.77835217,0.0,0.00000004,BTC,248664.3325962929,0.0,0.00739728,281
1,[],22,[],2019-05-23 02:32:25,1102011.4333333333,0.00000003,0.000000000002292657,7671178,2019-05-23 02:32:25,BTC,2.64781496,0.0,0.00000003,"BTC,LTC",814870.03032866,0.0009677,0.03682175,286
0,[],22,[],2019-05-23 02:32:28,0.0,0,0,7671179,2019-05-23 02:32:28,,7337890.5475411,0.0,0,,1584356788.7797825,0.0,0.0,294
