pairValue,buyBook,exchangeId,sellBook,updated,buyTotal,satoshiPrice,usdPrice,exchangeLogId,created,bestPair,sellTotalBtc,volume,pairPrice,activePairs,sellTotal,volumeBtc,buyTotalBtc,coinId
1,[],3,[],2019-03-13 08:47:22,30529.701560402762,0.01298789000000000019852119947927349130623042583465576171875,0.000000504091181836,6919633,2019-03-13 08:47:22,btc,61.12864567124735,1.60295231693,0.01298789000000000019852119947927349130623042583465576171875,btc,25.93157550778,0.0,0.10528333485720408,1
1,[],4,[],2019-03-13 08:47:23,207764.19438091,0.01298376,0.0000005039308866239999,6919634,2019-03-13 08:47:23,btc,13.061540516724092,0.0,0.01298376,btc,325.29915934,1.62708472,1.2657565789789336,1
1,[],5,[],2019-03-13 08:47:30,0.0,0,0,6919635,2019-03-13 08:47:30,btc,0.0,0.26383335,0,btc,0.0,0.0,0.0,1
0,[],2,[],2019-01-20 23:28:45,0.0,0,0,6477011,2019-01-20 23:28:45,,0.0,0.0,0,,0.0,0.0,0.0,1
1,[],10,[],2019-03-13 08:47:32,413776.03637861,0.01023117,0.000000397096262508,6919636,2019-03-13 08:47:32,btc,6521.4936183409745,1403.25853247,0.01023117,btc,1040.56753523,0.0,4.641313638907601,1
1,[],12,[],2019-03-13 08:47:35,111.15015602,0.01298000000000000021815882433884326019324362277984619140625,0.000000503784952,6919637,2019-03-13 08:47:35,btc,0.2776712337913,0.0,0.01298000000000000021815882433884326019324362277984619140625,btc,20.58917547,0.0278831867904,0.3909129187527,1
1,[],20,[],2019-03-13 08:47:37,1152.4737,0.01050023,0.00000040753912685199996,6919638,2019-03-13 08:47:37,btc,0.0552085068997,0.0,0.01050023,btc,2.4565,0.0,0.0959759649271,1
1,[],21,[],2019-03-13 08:47:38,1942.95261844,0.01300709000000000066521455011,0.000000504836379916,6919639,2019-03-13 08:47:38,btc,23.62377558016018,13764.10093678,0.01300709000000000066521455011070429463870823383331298828125,"btc,eth",2703.77206183,168.49101880674556,15.975790271455777,1
1,[],22,[],2019-03-13 08:47:57,0.0059712,0.01250000,0.000000485155,6919640,2019-03-13 08:47:57,BTC,0.31439419,0.0,0.01250000,BTC,0.12751438772928525,0.0,7.464e-05,1
1,[],24,[],2019-03-13 08:47:58,0.0,0.000000000000,0,6919641,2019-03-13 08:47:58,btc,0.0,0.0,0.000000000000,btc,0.0,0.0,0.0,1
0.0,[],25,[],2019-03-13 08:47:59,0.0,0,0,6919642,2019-03-13 08:47:59,btc,31.946499997514938,1728.06264209,0.0,btc,2399.89853465,22.4405,0.0,1
1,[],26,[],2019-03-13 08:48:26,0.0,0,0,6919643,2019-03-13 08:48:26,,0.0,0.0,0,,0.0,0.0,0.0,1
1,[],28,[],2019-03-13 08:48:33,992.9,0.01231000,0.000000477780644,6919644,2019-03-13 08:48:33,btc,0.147901439075,18352.95,0.01231000,btc,7.9421,0.0,0.086101096,1
1,[],5,[],2019-03-13 08:48:36,0.0,0,0,6919645,2019-03-13 08:48:36,btc,0.0,0.01049268,0,btc,0.0,0.0,0.0,2
0.0000000001286563,[],22,[],2019-03-13 08:48:47,1148.0,1.4152193e-16,5.492805755932e-21,6919646,2019-03-13 08:48:47,XMR,21.01373823,0.0,0.00000110,XMR,14319.12581,0.0,0.00087635,2
1,[],5,[],2019-03-13 08:48:50,0.0,0,0,6919647,2019-03-13 08:48:50,btc,0.0,0.28455808,0,btc,0.0,0.0,0.0,3
1,[],12,[],2019-03-13 08:48:50,2863457.4506876,0.000000189,0.0000000000073355436,6919648,2019-03-13 08:48:50,btc,22811.417281925664,0.0,0.000000189,btc,899936.18678801,0.15366373904744376,0.4022061253231876,3
0,[],28,[],2019-03-13 08:48:58,0.0,0,0,6919649,2019-03-13 08:48:58,,0.0,0.0,0,,0.0,0.0,0.0,3
0,[],2,[],2019-01-20 23:31:32,0.0,0,0,6477077,2019-01-20 23:31:32,,0.0,0.0,0,,0.0,0.0,0.0,4
1,[],4,[],2019-03-09 19:03:36,394362.28616607,0.00000032,0.000000000012569280000000001,6889097,2019-03-09 19:03:36,btc,32.15548375957025,0.0,0.00000032,btc,707361.31512647,0.00109114,0.0476374485302292,4
1,[],12,[],2019-03-13 08:48:59,434462.0,0.00000002,0.000000000000776248,6919650,2019-03-13 08:48:59,btc,1111742.15464889,0.0,0.00000002,btc,730811.0,8.476e-05,0.00514898,5
0,[],2,[],2019-01-20 23:31:51,0.0,0,0,6477087,2019-01-20 23:31:51,,0.0,0.0,0,,0.0,0.0,0.0,6
1,[],11,[],2019-03-13 08:49:01,4497079.39882,0.00000002,0.000000000000776248,6919651,2019-03-13 08:49:01,btc,9568.068070382064,49485.0,0.00000002,btc,42704295.275313936,0.0,0.056880531334200006,6
1,[],3,[],2019-03-13 08:49:03,1087.833962084558,0.000154759999999999988719301402539940681890584528446197509765625,0.0000000060066070239999995,6919652,2019-03-13 08:49:03,btc,29.634085403952064,0.0,0.000154759999999999988719301402539940681890584528446197509765625,btc,239.122414578101,0.0,0.03439493781756314,7
1,[],4,[],2019-03-13 08:49:04,88705.33556363,0.00023077,0.000000008956737548,6919653,2019-03-13 08:49:04,btc,9.446981490142598,0.0,0.00023077,btc,31081.34312825,3.7369342,7.4329112818868515,7
1,[],5,[],2019-03-13 08:49:05,0.0,0,0,6919654,2019-03-13 08:49:05,btc,0.0,0.03610383,0,btc,0.0,0.0,0.0,7
1,[],20,[],2019-02-20 02:16:17,39399275.8418,0.000000001,0.0000000000000390183,6728586,2019-02-20 02:16:17,btc,116.9737569154545,525.0,0.000000001,btc,56932965.8895,5.25e-07,0.0393992758418,8
0,[],2,[],2019-01-20 23:22:42,0.0,0,0,6476876,2019-01-20 23:22:42,,0.0,0.0,0,,0.0,0.0,0.0,9
0,[],23,[],2019-01-20 23:22:48,0.0,0,0,6476878,2019-01-20 23:22:48,,0.0,0.0,0,,0.0,0.0,0.0,9
1,[],1,[],2019-02-17 23:31:42,1822507.21,0.00000181000000000000003456111265232042484285557293333113193511962890625,0.000000000066086901,6701244,2019-02-17 23:31:42,btc,3.6990969245,17153386.5,0.00000181000000000000003456111265232042484285557293333113193511962890625,btc,1997391.71,31.11772986,3.2610482446,9
1,[],4,[],2019-03-13 08:49:07,1534987.46746091,0.00000168,0.000000000065204832,6919655,2019-03-13 08:49:07,btc,5.483919486821764,0.0,0.00000168,btc,2607015.32434332,2.56584693,1.2793350064323517,9
1,[],28,[],2019-03-13 08:49:13,26353.0,0.00000159,0.000000000061711716,6919656,2019-03-13 08:49:13,btc,2708.770107851883,3682558.0,0.00000159,btc,17176.9197,0.0,0.0147295,9
1,[],4,[],2019-02-17 11:22:43,4341674.27126056,0.00000002,0.0000000000007272960000000001,6696112,2019-02-17 11:22:43,btc,0.1997230937751353,0.0,0.00000002,btc,4109766.79808031,0.00215132,0.0479381022052112,10
0,[],2,[],2019-01-20 23:23:08,0.0,0,0,6476890,2019-01-20 23:23:08,,0.0,0.0,0,,0.0,0.0,0.0,12
1,[],4,[],2019-03-13 08:49:15,5508158.66568601,0.00000138,0.000000000053561111999999996,6919657,2019-03-13 08:49:15,btc,13.584056409189019,0.0,0.00000138,btc,6208322.43602822,6.94481287,3.357869545005303,12
1,[],5,[],2019-03-13 08:49:17,0.0,0,0,6919658,2019-03-13 08:49:17,btc,0.0,0.27649921,0,btc,0.0,0.0,0.0,12
0.0,[],25,[],2019-03-13 08:49:18,0.0,0,0,6919659,2019-03-13 08:49:18,,0.0,0.0,0.0,btc,0.0,0.0,0.0,12
1,[],4,[],2019-03-13 08:49:19,32050173.94583726,0.00000699,0.00000000027129867599999997,6919660,2019-03-13 08:49:19,btc,2.810242495236974,0.0,0.00000699,btc,299284.33589494,2.19750556,1.536224656164649,13
1,[],10,[],2019-03-13 08:49:22,440500.07238315,0.00000676,0.00000000026237182399999996,6919661,2019-03-13 08:49:22,btc,666802.2499097307,17469.1093227,0.00000676,btc,706025.91450577,0.0,0.2880991088690363,13
1,[],21,[],2019-03-13 08:49:23,1899295.86752099,0.000007070000000000000071821888714,0.000000000274403668,6919662,2019-03-13 08:49:23,btc,8.351110200586723,2541358.95632384,0.000007070000000000000071821888714129755726389703340828418731689453125,btc,1060729.51156982,16.91231517,12.518448163185083,13
1,[],4,[],2019-03-13 08:49:24,1048616.59382029,0.00000098,0.000000000038036152,6919663,2019-03-13 08:49:24,btc,5.781159460014694,0.0,0.00000098,btc,923069.57746478,0.14017539,0.2507877865429319,14
1,[],12,[],2019-03-13 08:49:24,270601.11650485,0.000001030000000000000091033409109486651544784763245843350887298583984375,0.000000000039976772000000005,6919664,2019-03-13 08:49:24,btc,0.0566797939719696,0.0,0.000001030000000000000091033409109486651544784763245843350887298583984375,btc,9803.22317164,0.0013976545283194,0.0186518099999955,14
0,[],17,[],2019-03-13 08:49:26,0.0,0,0,6919665,2019-03-13 08:49:26,btc,0.0,0.0,0,btc,0.0,0.0,0.0,14
1,[],26,[],2019-03-13 08:49:26,0.0,0.00000050,0.000000000019406199999999998,6919666,2019-03-13 08:49:26,btc,0.0,0.0,0.00000050,btc,0.0,0.0,0.0,14
,[],12,[],2018-12-01 15:15:48,204241.84496,0.00000489,0.000000000202473384,5260204,2018-12-01 15:15:48,btc,49.5475654835,0.0,,btc,35763.2193806,0.0163153972027625,0.0203389899998,15
0,[],4,[],2019-03-13 08:49:27,0.0,0,0,6919667,2019-03-13 08:49:27,,0.0,0.0,0,,0.0,0.0,0.0,15
0,[],17,[],2019-03-13 07:26:36,0.0,0,0,6919171,2019-03-13 07:26:36,btc,0.0,0.0,0,btc,0.0,0.0,0.0,18
0,[],2,[],2019-01-20 23:23:38,0.0,0,0,6476906,2019-01-20 23:23:38,,0.0,0.0,0,,0.0,0.0,0.0,18
1,[],4,[],2019-03-13 08:49:29,49905.94070695,0.00001563,0.0000000006066378119999999,6919668,2019-03-13 08:49:29,btc,4.183770455263374,0.0,0.00001563,btc,18343.57594462,0.08904874,0.058567703834157,18
1,[],10,[],2019-03-13 08:49:31,781637.79683399,0.00001688,0.000000000655153312,6919669,2019-03-13 08:49:31,btc,15.40712570292414,1475.22211101,0.00001688,btc,13302.36440746,0.0,0.1113681899481926,18
1,[],12,[],2019-03-13 08:49:31,313840.43270217,0.0000162699999999999983849550966308328270315541885793209075927734375,0.0000000006314777479999999,6919670,2019-03-13 08:49:31,btc,33214.73051970313,0.0,0.0000162699999999999983849550966308328270315541885793209075927734375,btc,1019.862204,0.0104009597348789,0.0292840648806873,18
0,[],2,[],2019-01-20 23:24:19,0.0,0,0,6476924,2019-01-20 23:24:19,,0.0,0.0,0,,0.0,0.0,0.0,19
1,[],3,[],2019-03-13 08:49:43,120829.91499129462,0.0000174999999999999984669381281054967303134617395699024200439453125,0.0000000006792169999999999,6919671,2019-03-13 08:49:43,btc,0.641078620164078,507.7,0.0000174999999999999984669381281054967303134617395699024200439453125,btc,14655.982436769738,0.0,0.05441522177125322,19
1,[],4,[],2019-03-13 08:49:44,228756.65078137,0.00001974,0.000000000766156776,6919672,2019-03-13 08:49:44,btc,2.5848075417455383,0.0,0.00001974,btc,91647.77650428,0.39875567,2.389198360289835,19
1,[],5,[],2019-03-13 08:49:46,0.0,0,0,6919673,2019-03-13 08:49:46,btc,0.0,0.01779584,0,btc,0.0,0.0,0.0,19
1,[],12,[],2019-03-13 08:49:47,192212.09585894,0.0000167500000000000005655198531684391127782873809337615966796875,0.0000000006501077,6919674,2019-03-13 08:49:47,btc,0.8025973439871258,0.0,0.0000167500000000000005655198531684391127782873809337615966796875,btc,455.223638,0.004778839336399,0.0396420981209614,19
0,[],27,[],2019-03-13 08:49:49,0.0,0,0,6919675,2019-03-13 08:49:49,,0.0,0.0,0,btc,0.0,0.0,0.0,19
1,[],4,[],2019-03-13 08:49:50,2778035.60194824,0.00000012,0.000000000004657488,6919676,2019-03-13 08:49:50,btc,7.382907576317832,0.0,0.00000012,btc,2875865.97746042,0.00300997,0.0775789389049041,20
0,[],17,[],2019-03-13 08:03:10,0.0,0,0,6919484,2019-03-13 08:03:10,btc,0.0,0.0,0,btc,0.0,0.0,0.0,21
1,[],4,[],2019-03-13 08:49:50,103310558.2663036,0.00000002,0.000000000000776248,6919677,2019-03-13 08:49:50,btc,1858.2687382170798,0.0,0.00000002,btc,54109505.2778267,0.00721265,1.1519516084467123,21
1,[],12,[],2019-03-13 08:49:51,1374286.0,0.00000001,0.000000000000388124,6919678,2019-03-13 08:49:51,btc,1247.5321034093006,0.0,0.00000001,btc,2589646.96503496,1.00999001e-05,0.01374286,21
0,[],27,[],2019-03-13 08:50:06,0.0,0,0,6919680,2019-03-13 08:50:06,,13.836146978083411,0.0,0,eth,5931606.84014486,0.0,0.0,23
1,[],12,[],2019-03-13 08:50:04,3216946520.0,0.0000000001,0.00000000000000388124,6919679,2019-03-13 08:50:04,btc,1933717.3732926934,0.0,0.0000000001,btc,1754739443.3020868,0.002200731802197802,0.321694652,23
1,[],4,[],2019-03-13 08:50:08,627035.50364032,0.00000044,0.000000000017077456,6919681,2019-03-13 08:50:08,btc,9.721094487403056,0.0,0.00000044,btc,1635949.52581158,0.01205318,0.150804113061448,24
1,[],22,[],2019-03-13 08:51:45,11.76,0.00000100,0.000000000038812399999999996,6919682,2019-03-13 08:51:45,BTC,7.415e-05,0.0,0.00000100,BTC,23.919354838709676,0.0,1.176e-05,24
0.0,[],25,[],2019-03-13 08:51:47,0.0,0,0,6919683,2019-03-13 08:51:47,,0.0,0.0,0.0,btc,0.0,0.0,0.0,24
1,[],4,[],2019-03-13 08:51:48,20301258.01565003,0.00000636,0.000000000246846864,6919684,2019-03-13 08:51:48,btc,65.96365602967482,0.0,0.00000636,btc,241551.35496958,0.14826433,0.5753662558858884,26
1,[],10,[],2019-03-13 08:51:50,630057.83871033,0.00000602,0.000000000233650648,6919685,2019-03-13 08:51:50,btc,26.127299437581435,3843.64624416,0.00000602,btc,14081.99315372,0.0,0.1659017138840801,26
0,[],2,[],2019-01-20 23:25:56,0.0,0,0,6476976,2019-01-20 23:25:56,,0.0,0.0,0,,0.0,0.0,0.0,26
1,[],3,[],2019-03-13 08:51:51,8366292.84709747,0.00000001,0.000000000000388124,6919686,2019-03-13 08:51:51,btc,2.0334412886577917,49148.7479166,0.00000001,btc,14478099.55758465,0.0,0.0836629284709747,27
1,[],5,[],2019-03-13 08:51:53,0.0,0,0,6919687,2019-03-13 08:51:53,btc,0.0,0.00046815,0,btc,0.0,0.0,0.0,27
1,[],11,[],2019-03-13 08:51:55,8483578.24590115,0.00000006,0.0000000000023287439999999995,6919688,2019-03-13 08:51:55,btc,67506.1992155516,5956.66666667,0.00000006,btc,7966196.08369704,0.0,0.4686349049180229,27
1,[],4,[],2019-03-13 08:51:57,2100157129.938185,0.00000001,0.000000000000388124,6919689,2019-03-13 08:51:57,btc,5.419613757902663,0.0,0.00000001,"btc,ltc",362477574.5552184,0.0044855,9.5395252767971,29
1,[],7,[],2019-03-13 08:51:59,35606551.76455675,0.00000001,0.000000000000388124,6919690,2019-03-13 08:51:59,btc,44461616.82307368,17932.5674326,0.00000001,btc,52013379.48815731,0.00035865,0.3560655176455675,29
1,[],4,[],2019-03-13 08:52:01,1757184.22871338,0.00000018,0.000000000006986232,6919691,2019-03-13 08:52:01,btc,2.695450331506557,0.0,0.00000018,btc,2150995.73241479,0.05373821,0.0996015061590528,30
0,[],17,[],2019-03-13 07:49:14,0.0,0,0,6919387,2019-03-13 07:49:14,btc,0.0,0.0,0,btc,0.0,0.0,0.0,30
1,[],4,[],2019-03-13 08:52:13,188344.89643302,0.00005511,0.000000002138951364,6919692,2019-03-13 08:52:13,btc,9.987985215845594,0.0,0.00005511,btc,126951.46809405,0.61062192,2.0956992547741686,31
1,[],21,[],2019-03-13 08:52:13,34153.94356246,0.00005500000000000000195806912351,0.000000002134682,6919693,2019-03-13 08:52:13,btc,4.928991346083193,158447.57434762,0.0000550000000000000019580691235088210078174597583711147308349609375,btc,76970.19048657,8.89723249,1.771075054595037,31
0,[],2,[],2019-01-20 23:28:43,0.0,0,0,6477009,2019-01-20 23:28:43,,0.0,0.0,0,,0.0,0.0,0.0,32
1,[],4,[],2019-03-13 08:52:15,472284221.3762228,0.00000004,0.000000000001552496,6919694,2019-03-13 08:52:15,btc,9.017459152199642,0.0,0.00000004,"btc,ltc",177558223.8842621,2.26181852,8.732837387362087,33
1,[],12,[],2019-03-13 08:52:16,26379243.964,0.00000004,0.000000000001552496,6919695,2019-03-13 08:52:16,btc,2917763.470614071,0.0,0.00000004,btc,18489587.61838156,0.001782213026973,0.62050934892,33
1,[],4,[],2019-03-13 08:52:17,97847583.57641807,0.00000001,0.000000000000388124,6919696,2019-03-13 08:52:17,btc,3.4066794798602555,0.0,0.00000001,btc,98946730.91273047,0.01433468,0.9784758357641807,34
1,[],5,[],2019-03-13 08:52:18,0.0,0,0,6919697,2019-03-13 08:52:18,btc,0.0,1.293e-05,0,btc,0.0,0.0,0.0,34
0.0000000001449081,[],4,[],2019-03-13 08:52:19,3807270722.2670126,1.449081e-18,5.62423114044e-23,6919698,2019-03-13 08:52:19,ltc,4.503318508186278e-08,0.0,0.00000001,ltc,6093233349.88917,0.0,5.517043665493405e-09,36
1,[],5,[],2019-03-13 08:52:21,0.0,0,0,6919699,2019-03-13 08:52:21,btc,0.0,0.0,0,btc,0.0,0.0,0.0,36
0.00000000034095390000000005,[],27,[],2019-03-13 08:52:36,1088163.16325,3.4095390000000005e-18,1.323323914836e-22,6919700,2019-03-13 08:52:36,eth,222.5593908357632,0.0,0.00000001,"ltc,eth",11165406.63658689,0.0,1.7075737294642418e-12,36
0,[],17,[],2019-03-13 08:04:05,0.0,0,0,6919506,2019-03-13 08:04:05,btc,0.0746458232965017,0.0,0,btc,4103573.70243647,0.0,0.0,36
1,[],4,[],2019-03-13 08:52:37,225958.82490984,0.00000059,0.000000000022899316,6919701,2019-03-13 08:52:37,btc,19772.48225371198,0.0,0.00000059,btc,563356.05084482,0.00551109,0.0953417599048226,37
1,[],12,[],2019-03-13 08:52:39,433697.44284049,0.0000006,0.000000000023287439999999997,6919702,2019-03-13 08:52:39,btc,26.292879679109813,0.0,0.0000006,btc,430219.60057354,0.0487167901002266,0.1178704770748137,37
1,[],27,[],2019-03-13 08:52:43,14685.567,0.00000045,0.00000000001746558,6919703,2019-03-13 08:52:43,btc,24.25536383611233,0.0,0.00000045,btc,6518.38138508,0.0,0.00480032515,37
1,[],17,[],2019-03-13 06:54:53,1752.74075282,0.00000025,0.000000000009694675,6919097,2019-03-13 06:54:53,btc,0.055484923983739755,0.0,0.00000025,btc,1387.19918473,0.0,0.00043818518820499993,37
1,[],5,[],2019-03-13 08:52:46,0.0,0,0,6919704,2019-03-13 08:52:46,btc,0.0,0.10813446,0,btc,0.0,0.0,0.0,42
1,[],12,[],2019-03-13 08:52:48,255801.95064357,0.00000110999999999999996035831596741250137938550324179232120513916015625,0.000000000043081764,6919705,2019-03-13 08:52:48,btc,5.571931772446158,0.0,0.00000110999999999999996035831596741250137938550324179232120513916015625,btc,28252.76554005,0.0344071874068262,0.0202682554169715,42
0.00000000034095390000000005,[],27,[],2019-03-13 08:52:50,2000.0,3.4095390000000005e-18,1.323323914836e-22,6919706,2019-03-13 08:52:50,eth,0.00315028,0.0,0.00000001,"btc,eth",11.007,0.0,6.819078000000001e-15,42
1,[],5,[],2019-03-13 08:52:53,0.0,0,0,6919707,2019-03-13 08:52:53,btc,0.0,0.02299556,0,btc,0.0,0.0,0.0,43
1,[],12,[],2019-03-13 08:52:54,1112112.0,0.00000001,0.000000000000388124,6919708,2019-03-13 08:52:54,btc,29058.00478931866,0.0,0.00000001,btc,5967681.93306694,1.998001998e-06,0.01112112,43
0,[],17,[],2019-03-13 08:04:20,0.0,0,0,6919516,2019-03-13 08:04:20,btc,0.0,0.0,0,btc,0.0,0.0,0.0,43
1,[],12,[],2019-03-05 01:54:08,639326.02,0.00000004,0.000000000001486676,6845775,2019-03-05 01:54:08,btc,11116042.728239931,0.0,0.00000004,btc,1103841.4595604,0.0003330765234764,0.014975410599999999,44
1,[],4,[],2019-03-13 08:52:56,300489384.43412256,0.00000002,0.000000000000776248,6919709,2019-03-13 08:52:56,btc,954.856513096065,0.0,0.00000002,"btc,ltc",16876103.16729191,0.00061233,0.3066803132335093,49
0.0000000001449081,[],4,[],2019-03-13 08:52:57,345905073.3730588,1.449081e-18,5.62423114044e-23,6919710,2019-03-13 08:52:57,ltc,25.866299614720944,0.0,0.00000001,ltc,10163753817.742254,0.0,5.012444696285054e-10,52
0.0000000001286563,[],22,[],2019-03-13 08:53:09,80645562.0,1.286563e-18,4.99345977812e-23,6919711,2019-03-13 08:53:09,XMR,4368.73577283,0.0,0.00000001,XMR,281327473.5359664,0.0,0.80645562,57
0.00000000034095390000000005,[],27,[],2019-03-13 08:53:12,2000.0,3.4095390000000005e-18,1.323323914836e-22,6919712,2019-03-13 08:53:12,eth,0.0,0.0,0.00000001,"btc,eth",0.0,0.0,6.819078000000001e-15,57
0.0000000001449081,[],4,[],2019-03-13 08:53:13,407883405.03396165,2.898162e-18,1.124846228088e-22,6919713,2019-03-13 08:53:13,ltc,18.657416784186175,0.0,0.00000002,ltc,4760072395.523396,0.0,6.498109491937407e-10,58
1,[],12,[],2019-03-13 08:53:14,1355078067.0,0.0000000003,0.000000000000011643719999999999,6919714,2019-03-13 08:53:14,btc,4023100.3305769605,0.0,0.0000000003,btc,1666354100.3576422,0.001470121446053956,0.3279383042,58
0,[],17,[],2019-03-13 08:53:16,0.0,0,0,6919715,2019-03-13 08:53:16,btc,1e+24,0.0,0,btc,49306342.21952568,0.0,0.0,58
0.0000000001286563,[],22,[],2019-03-13 08:53:33,137438.0,1.286563e-18,4.99345977812e-23,6919716,2019-03-13 08:53:33,XMR,69.8835922,0.0,0.00000001,XMR,9887963.0,0.0,0.00137438,58
1,[],5,[],2019-03-13 08:53:35,0.0,0,0,6919717,2019-03-13 08:53:35,btc,0.0,0.00183413,0,btc,0.0,0.0,0.0,61
1,[],22,[],2019-03-13 08:53:58,13757.0,0.00000012,0.000000000004657488,6919718,2019-03-13 08:53:58,BTC,1002.2960049,0.0,0.00000012,BTC,14976.68361146909,0.0,0.00154987,61
1,[],26,[],2019-03-13 08:53:58,0.0,0.00000800,0.00000000031049919999999997,6919719,2019-03-13 08:53:58,btc,0.0,0.0,0.00000800,btc,0.0,0.0,0.0,61
1,[],27,[],2019-03-13 08:54:00,4411.22008,0.00000047,0.000000000018241828,6919720,2019-03-13 08:54:00,btc,2.8990263703141324,0.0,0.00000047,"btc,eth",19485.01257617,0.0,0.0012437599594678258,61
1,[],28,[],2019-03-13 08:54:07,13880.304,0.0000005,0.000000000019406199999999998,6919721,2019-03-13 08:54:07,btc,2.056312978300105,772.0,0.0000005,btc,9730.59500005,0.0,0.00566391304,61
1,[],4,[],2019-03-13 08:54:08,1521871.97735908,0.00000206,0.000000000079953544,6919722,2019-03-13 08:54:08,btc,9.610243495748094,0.0,0.00000206,btc,818839.8232112,0.08706679,1.4569062851100483,67
0.0,[],25,[],2019-03-13 08:54:10,0.0,0,0,6919723,2019-03-13 08:54:10,,0.0,0.0,0.0,btc,0.0,0.0,0.0,67
1,[],12,[],2019-03-13 08:54:11,2553527.47323131,0.00000013,0.000000000005045612,6919724,2019-03-13 08:54:11,btc,1111115.0055907362,0.0,0.00000013,btc,935553.5361457,0.0102191172649273,0.0975493308129997,71
,[],5,[],2018-11-20 23:02:39,1.5e-07,0.00000005,0.000000000002128045,4862160,2018-11-20 23:02:39,btc,2.84511358,0.0,,btc,0.00036572,0.0,0.07381892,74
1,[],5,[],2019-03-13 08:54:15,0.0,0,0,6919725,2019-03-13 08:54:15,btc,0.0,0.0,0,btc,0.0,0.0,0.0,75
1,[],4,[],2019-03-13 08:54:17,13022177.09824166,0.00000001,0.000000000000388124,6919726,2019-03-13 08:54:17,btc,11370.021433532545,0.0,0.00000001,btc,39917749.40832191,0.00201987,0.1302217709824166,81
0,[],20,[],2019-01-25 09:30:31,0.0,0,0,6495923,2019-01-25 09:30:31,btc,0.0,0.0,0,btc,0.0,0.0,0.0,81
1,[],4,[],2019-03-13 08:54:19,24931.97623564,0.00007439,0.000000002887254436,6919727,2019-03-13 08:54:19,btc,18.141261861951953,0.0,0.00007439,btc,12590.80940651,0.01589811,0.1682201954766899,82
1,[],21,[],2019-03-13 08:54:19,959251.64803368,0.00007305000000000000024130003551,0.00000000283524582,6919728,2019-03-13 08:54:19,btc,3.7492156842002555,7717.60970373,0.000073050000000000000241300035508373866832698695361614227294921875,btc,45084.14609589,0.56363555,6.379723473410272,82
0,[],17,[],2019-03-12 22:53:24,0.0,0,0,6916626,2019-03-12 22:53:24,btc,0.0447233088476774,0.0,0,btc,999127.19588126,0.0,0.0,84
0.0000000001449081,[],4,[],2019-03-13 08:54:21,177087091.8477411,4.347243e-18,1.687269342132e-22,6919729,2019-03-13 08:54:21,ltc,1.6782880064302959,0.0,0.00000003,ltc,389515938.02466667,0.0,3.979264239105464e-10,85
,[],22,[],2018-11-20 23:09:34,3408.1,0.0000001,0.0000000000041895,4862324,2018-11-20 23:09:34,BTC,0.04624735,0.0,,BTC,4990.0,0.0,0.00033081,86
1,[],22,[],2019-03-13 08:54:34,110870.0,0.00000005,0.00000000000194062,6919730,2019-03-13 08:54:34,BTC,2.07858175,0.0,0.00000005,BTC,170145.94736842104,0.00046282,0.0017035,87
1,[],27,[],2019-03-13 08:54:37,55.0,0.00000001,0.000000000000388124,6919731,2019-03-13 08:54:37,btc,14.54922496642528,0.0,0.00000001,btc,13342.9236248,0.0,5.5e-07,87
,[],2,[],2018-11-20 23:10:47,0.0,0,0,4862359,2018-11-20 23:10:47,,0.0,0.0,,,0.0,0.0,0.0,88
1,[],11,[],2019-03-13 08:54:38,92778.02088595,0.0001475000000000000074072692424209662931389175355434417724609375,0.000000005724829,6919732,2019-03-13 08:54:38,btc,611.8577489303851,398.44948454,0.0001475000000000000074072692424209662931389175355434417724609375,btc,99947.31288413,0.0,6.238633076503958,89
0,[],2,[],2019-01-20 23:31:45,0.0,0,0,6477083,2019-01-20 23:31:45,,0.0,0.0,0,,0.0,0.0,0.0,91
1,[],12,[],2019-03-13 08:54:40,271574.39744215,0.00000099,0.000000000038424276,6919733,2019-03-13 08:54:40,btc,61.00089059109551,0.0,0.00000099,btc,119005.42669253,0.0017059228356645,0.0494333396993817,91
0,[],17,[],2019-03-13 08:54:51,0.0,0,0,6919734,2019-03-13 08:54:51,btc,0.0,0.0,0,btc,0.0,0.0,0.0,91
1,[],22,[],2019-03-13 08:55:09,65900.0,0.00000001,0.000000000000388124,6919735,2019-03-13 08:55:09,BTC,3e-06,0.0,0.00000001,BTC,1.0,0.0,0.000659,91
0.0000000001449081,[],22,[],2019-03-13 08:55:24,52834053.0,1.449081e-18,5.62423114044e-23,6919736,2019-03-13 08:55:24,LTC,3.31498785,0.0,0.00000001,LTC,37200566.889473684,1.1485078370127e-11,0.52834053,95
0.0000000001449081,[],4,[],2019-03-13 08:55:26,633633931.1926622,7.5352212e-17,2.9246001930288e-21,6919737,2019-03-13 08:55:26,ltc,11.884610555845343,0.0,0.00000052,ltc,135853875.31549752,0.0,1.5745091092910898e-09,96
0,[],12,[],2019-03-13 08:55:27,0.0,0,0,6919738,2019-03-13 08:55:27,btc,10.189827933386614,0.0,0,btc,3076105.33866133,6.33366633367e-05,0.0,96
0,[],17,[],2019-03-13 08:06:47,0.0,0,0,6919546,2019-03-13 08:06:47,btc,0.0,0.0,0,btc,0.0,0.0,0.0,96
1,[],4,[],2019-03-12 10:13:14,2544101.88493427,0.00000025,0.0000000000097174,6911574,2019-03-12 10:13:14,btc,2.5031007307816195,0.0,0.00000025,btc,2555984.39269018,0.04718357,0.3381776086135513,99
1,[],4,[],2019-03-13 08:55:39,281811.08288083,0.00003441,0.000000001335534684,6919739,2019-03-13 08:55:39,btc,12.458252044437522,0.0,0.00003441,btc,193936.78103228,2.30101435,1.356180255162337,100
0,[],2,[],2019-01-20 23:23:55,0.0,0,0,6476914,2019-01-20 23:23:55,,0.0,0.0,0,,0.0,0.0,0.0,100
1,[],22,[],2019-03-13 08:57:20,50000.0,0.00000001,0.000000000000388124,6919740,2019-03-13 08:57:20,BTC,23.49896609,0.0,0.00000001,BTC,10277.22,0.0,0.0005,101
1,[],4,[],2019-03-13 08:57:23,456503.44025957,0.00000080,0.00000000003104992,6919741,2019-03-13 08:57:23,btc,308.0859030832603,0.0,0.00000080,btc,510037.02566324,0.00670545,0.2243495430744013,103
1,[],12,[],2019-03-13 08:57:24,31695082.93780044,0.000000008,0.00000000000031049920000000003,6919742,2019-03-13 08:57:24,btc,3219150.2611978725,0.0,0.000000008,btc,76943363.97506781,0.01008717838690968,0.053156261502403525,105
0,[],27,[],2019-03-13 08:57:26,0.0,0,0,6919743,2019-03-13 08:57:26,,36.605940471013405,223920.39,0,btc,1305454.84571724,0.0022392,0.0,105
1,[],22,[],2019-03-13 08:57:43,9328.0,0.00000001,0.000000000000388124,6919744,2019-03-13 08:57:43,BTC,51.10837004,0.0,0.00000001,BTC,470435.0,0.0,9.328e-05,107
1,[],26,[],2019-03-13 08:57:43,0.0,0.00000000,0,6919745,2019-03-13 08:57:43,btc,0.0,0.0,0.00000000,btc,0.0,0.0,0.0,107
1,[],5,[],2019-03-13 08:57:45,0.0,0,0,6919746,2019-03-13 08:57:45,btc,0.0,0.05102707,0,btc,0.0,0.0,0.0,112
1,[],22,[],2019-03-13 08:58:01,47455.0,0.00000002,0.000000000000776248,6919747,2019-03-13 08:58:01,BTC,2.7975128,0.0,0.00000002,BTC,826524.0833333334,0.0,0.00092944,112
0.00000000034095390000000005,[],27,[],2019-03-13 08:58:06,2000.0,3.4095390000000005e-18,1.323323914836e-22,6919748,2019-03-13 08:58:06,eth,1.24996908,0.0,0.00000001,"btc,eth",1289.0,0.0,6.819078000000001e-15,112
1,[],4,[],2019-03-13 08:58:08,1276502.24163169,0.00000184,0.000000000071414816,6919749,2019-03-13 08:58:08,btc,5.022437564341389,0.0,0.00000184,btc,387303.3529087,0.03578286,0.953014110733087,113
1,[],5,[],2019-03-13 08:58:11,0.0,0,0,6919750,2019-03-13 08:58:11,btc,0.0,0.0,0,btc,0.0,0.0,0.0,113
1,[],17,[],2019-03-13 08:58:23,152738.278,0.00000004,0.000000000001552496,6919751,2019-03-13 08:58:23,btc,1.33680302678,0.0,0.00000004,btc,50696.221,0.0,0.0022095311199999998,116
0,[],27,[],2019-03-13 08:58:25,0.0,0,0,6919752,2019-03-13 08:58:25,,0.0,0.0,0,btc,0.0,0.0,0.0,116
1,[],4,[],2019-03-13 08:58:26,85103.83850537,0.00003824,0.000000001484186176,6919753,2019-03-13 08:58:26,btc,86.65436480400827,0.0,0.00003824,btc,51876.29283244,3.09729744,1.5786290574542672,120
1,[],7,[],2019-03-13 08:58:29,21060.66940468,0.000037459999999999997097842319160321267190738581120967864990234375,0.0000000014539125039999997,6919754,2019-03-13 08:58:29,btc,121183.03162127045,339.83313404,0.000037459999999999997097842319160321267190738581120967864990234375,btc,26244.48237522,0.01344954,0.0558866309777074,120
1,[],20,[],2019-03-13 08:58:33,1619712.8745,0.000000034,0.0000000000013196216,6919755,2019-03-13 08:58:33,btc,33.5719235046648,130649.5938,0.000000034,btc,1028083.5986,0.0044420861892,0.0137567149756,125
1,[],22,[],2019-03-13 08:58:57,3053.0,0.00000001,0.000000000000388124,6919756,2019-03-13 08:58:57,BTC,0.01444887,0.0,0.00000001,BTC,296263.5111111111,0.0,3.053e-05,126
1,[],4,[],2019-03-13 08:58:58,143302.87529777,0.00001199,0.000000000465360676,6919757,2019-03-13 08:58:58,btc,3.563752724974976,0.0,0.00001199,btc,119850.67450656,0.11593029,0.5983996117110933,131
0,[],17,[],2019-03-13 08:59:00,0.0,0,0,6919758,2019-03-13 08:59:00,btc,0.0009561751951600001,0.0,0,btc,35.42829368,0.0,0.0,131
0,[],2,[],2019-01-20 23:25:46,0.0,0,0,6476969,2019-01-20 23:25:46,,0.0,0.0,0,,0.0,0.0,0.0,131
1,[],4,[],2019-03-13 08:59:01,4614.35499906,0.00016954,0.0000000065802542959999994,6919759,2019-03-13 08:59:01,btc,1.608919825127998,0.0,0.00016954,btc,203.58765242,0.0041121,0.0181974555509896,135
1,[],3,[],2019-03-07 00:20:44,877702.73244099,0.00000004,0.00000000000154846,6863392,2019-03-07 00:20:44,btc,0.119366241821405,0.0,0.00000004,btc,760637.99421222,0.0,0.023771231960604298,136
1,[],4,[],2019-03-13 08:59:02,284782.5431092,0.00000144,0.000000000055889856,6919760,2019-03-13 08:59:02,btc,38.61918022118501,0.0,0.00000144,btc,538493.54256244,0.02058819,0.0233258621484611,137
1,[],12,[],2019-03-13 08:59:03,176202.07960198,0.0000013299999999999999715787242504649867669286322779953479766845703125,0.000000000051620492,6919761,2019-03-13 08:59:03,btc,5.047356231140058,0.0,0.0000013299999999999999715787242504649867669286322779953479766845703125,btc,4640.9262928299995,0.0036171409771781,0.0061692725373001,137
1,[],4,[],2019-03-13 08:59:03,11673.46766949,0.00003525,0.0000000013681370999999999,6919762,2019-03-13 08:59:03,btc,28.38371840547264,0.0,0.00003525,btc,46639.54115086,0.1265904,0.2251230531927484,142
1,[],5,[],2019-03-13 08:59:06,0.0,0,0,6919763,2019-03-13 08:59:06,btc,0.0,0.06963913,0,btc,0.0,0.0,0.0,142
1,[],20,[],2019-03-13 08:59:19,153290.569,0.000031,0.0000000012031844,6919764,2019-03-13 08:59:19,btc,0.3367868013272,8.9601,0.000031,btc,2264.2765,0.0002956833,0.3156052832571,142
1,[],22,[],2019-03-13 08:59:35,1470.2803921568627,0.00001020,0.00000000039588648,6919765,2019-03-13 08:59:35,BTC,3.0054103,0.0,0.00001020,BTC,910.5995,2.474e-05,0.00121106,142
0.0,[],25,[],2019-03-13 08:59:36,0.0,0,0,6919766,2019-03-13 08:59:36,,0.0,0.0,0.0,btc,0.0,0.0,0.0,142
1,[],28,[],2019-03-13 08:59:44,76600.0,0.00002270,0.00000000088104148,6919767,2019-03-13 08:59:44,btc,0.067100461059305,1492.0,0.00002270,btc,552.61077999,0.0,0.0154572,142
1,[],17,[],2019-03-13 07:34:42,22967.386363640002,0.00000088,0.000000000034126312,6919266,2019-03-13 07:34:42,btc,20.06991335264812,0.0,0.00000088,btc,2746.079105,0.0,0.0104613000000032,142
0,[],22,[],2019-03-13 08:59:54,0.0,0,0,6919768,2019-03-13 08:59:54,,65.83990167,0.0,0,,1043231670.8,0.0,0.0,143
0,[],22,[],2019-02-25 15:42:22,0.0,0,0,6783783,2019-02-25 15:42:22,,4.2131946,0.0,0,,2322156.0,0.0,0.0,146
,[],22,[],2018-11-20 23:01:11,0.0,0,0,4862114,2018-11-20 23:01:11,,2.56807021,0.0,,,61828.4988236,0.0,0.0,147
1,[],12,[],2019-03-13 08:59:55,343870.30587733,0.0000016899999999999999129363971450690229403335251845419406890869140625,0.00000000006559295599999999,6919769,2019-03-13 08:59:55,btc,7.931978452605939,0.0,0.0000016899999999999999129363971450690229403335251845419406890869140625,btc,101341.33942272,2.05e-06,0.0770933599998578,148
1,[],4,[],2019-03-13 08:59:56,245726.38919304,0.00000029,0.000000000011255595999999999,6919770,2019-03-13 08:59:56,btc,219.99427644231156,0.0,0.00000029,btc,832875.78510436,0.00118436,0.058067869824168,152
0,[],22,[],2019-03-13 09:00:15,0.0,0,0,6919771,2019-03-13 09:00:15,,0.0,0.0,0,,0.0,0.0,0.0,152
1,[],5,[],2019-03-13 09:00:16,0.0,0,0,6919772,2019-03-13 09:00:16,btc,0.0,0.0,0,btc,0.0,0.0,0.0,153
,[],16,[],2019-01-11 15:38:59,0.0,0,0,6366141,2019-01-11 15:38:59,btc,0.0,0.0,,btc,0.0,0.0,0.0,155
0,[],22,[],2019-03-13 09:00:30,0.0,0,0,6919773,2019-03-13 09:00:30,,6.7463775,0.0,0,,4673391.242592593,0.0,0.0,156
0,[],23,[],2019-01-20 23:24:29,0.0,0,0,6476932,2019-01-20 23:24:29,,0.0,0.0,0,,0.0,0.0,0.0,156
1,[],22,[],2019-03-13 09:00:51,7073.8,0.00005300,0.0000000020570572,6919774,2019-03-13 09:00:51,BTC,1.79802465,0.0,0.00005300,BTC,802.6461988741639,0.0,0.00104336,157
0,[],22,[],2019-03-13 09:01:06,0.0,0,0,6919775,2019-03-13 09:01:06,,50175.67608608,0.0,0,,54079135.04179466,0.0,0.0,158
,[],17,[],2018-11-20 22:56:10,0.0,0,0,4861976,2018-11-20 22:56:10,btc,1.1265625,0.0,,btc,1000.0,0.0,0.0,159
,[],20,[],2018-11-20 22:56:12,0.0,0,0,4861977,2018-11-20 22:56:12,btc,11912.7940471,0.0,,btc,34413894.3617,0.0,0.0,159
1,[],12,[],2019-03-13 09:01:06,232290.479739,0.00000760999999999999998385839805603580998649704270064830780029296875,0.000000000295362364,6919776,2019-03-13 09:01:06,btc,1.7043958503727723,0.0,0.00000760999999999999998385839805603580998649704270064830780029296875,btc,9607.6626174,0.0015442579,0.0989768584048084,168
1,[],17,[],2019-03-13 08:10:33,29784.95,0.000001,0.000000000038834499999999997,6919584,2019-03-13 08:10:33,btc,0.03026736251542,0.0,0.000001,btc,144.46171372,0.0,0.00716147,168
0,[],22,[],2019-03-13 09:01:15,0.0,0,0,6919777,2019-03-13 09:01:15,,1.1340533,0.0,0,,524928.174707144,0.0,0.0,169
1,[],22,[],2019-03-13 09:01:25,204741.0,0.00000012,0.000000000004657488,6919778,2019-03-13 09:01:25,BTC,14.34955214,0.0,0.00000012,BTC,152802.04525947114,0.00011416,0.00248092,171
1,[],22,[],2019-03-13 09:01:39,653138.3333333334,0.00000012,0.000000000004657488,6919779,2019-03-13 09:01:39,BTC,2.59892046,0.0,0.00000012,"BTC,LTC",334322.28144289757,0.00562386,0.01856216,173
1,[],5,[],2019-03-05 01:59:40,0.0,0,0,6845846,2019-03-05 01:59:40,btc,0.0,0.00384852,0,btc,0.0,0.0,0.0,175
1,[],22,[],2019-03-13 09:03:14,35500.0,0.00000012,0.000000000004657488,6919780,2019-03-13 09:03:14,BTC,0.54559973,0.0,0.00000012,BTC,137776.41444619838,0.0,0.00206,176
1,[],7,[],2019-03-13 09:03:16,0.0,0,0,6919781,2019-03-13 09:03:16,btc,408082.6436741875,0.0,0,btc,111347382.24961711,0.0,0.0,178
0,[],22,[],2019-03-13 09:03:35,0.0,0,0,6919782,2019-03-13 09:03:35,,1.00242438,0.0,0,,57522.0,0.0,0.0,178
0,[],2,[],2019-01-20 23:28:34,0.0,0,0,6477001,2019-01-20 23:28:34,,0.0,0.0,0,,0.0,0.0,0.0,178
1,[],5,[],2019-03-13 09:03:38,0.0,0,0,6919783,2019-03-13 09:03:38,btc,0.0,0.0197121,0,btc,0.0,0.0,0.0,179
1,[],22,[],2019-03-13 09:04:10,6867106.0,0.00000002,0.000000000000776248,6919784,2019-03-13 09:04:10,BTC,5.63500652,0.0,0.00000002,"BTC,LTC",17355770.756535422,0.0,0.37228284,179
0,[],23,[],2019-01-20 23:25:08,0.0,0,0,6476952,2019-01-20 23:25:08,,0.0,0.0,0,,0.0,0.0,0.0,179
1,[],17,[],2019-03-13 06:42:05,10504.725,0.0000001,0.00000000000388182,6918990,2019-03-13 06:42:05,btc,5.2010695838170005,0.0,0.0000001,btc,4994.45945,0.0,0.0010504725,180
1,[],22,[],2019-03-13 09:04:32,666754.9674713234,0.00000180,0.00000000006986232,6919785,2019-03-13 09:04:32,BTC,0.21053278,0.0,0.00000180,"BTC,LTC",59593.295398324364,0.00493741,0.57305184,180
1,[],26,[],2019-03-13 09:04:32,0.0,0.00000125,0.0000000000485155,6919786,2019-03-13 09:04:32,btc,0.0,0.0,0.00000125,btc,0.0,0.0,0.0,180
,[],7,[],2018-11-20 22:58:01,562227.975654,0.00000085,0.000000000036176765,4862015,2018-11-20 22:58:01,btc,21836.6059674,2491.87645172,,btc,749999.041456,0.00211021,0.127565380455,183
,[],5,[],2019-01-10 08:11:41,0.0,0,0,6347036,2019-01-10 08:11:41,btc,82.15055501,0.00261,,btc,1.19002445,0.0,0.0,187
1,[],24,[],2019-03-13 09:04:32,0.0,0.000000000001,3.88124e-17,6919787,2019-03-13 09:04:32,btc,0.0,0.0,0.000000000001,btc,0.0,0.0,0.0,187
,[],17,[],2018-11-16 20:58:10,4062536.27273,0.00000001,0.000000000000550501,4708775,2018-11-16 20:58:10,btc,3.36492563466,0.195460381006,,"btc,eth",110697919.549,0.0,0.0157628953496,187
0,[],22,[],2019-03-13 09:04:44,0.0,0,0,6919788,2019-03-13 09:04:44,,7.54797454,0.0,0,,79361.7243344055,0.0,0.0,191
0,[],22,[],2019-03-13 09:05:05,0.0,0,0,6919789,2019-03-13 09:05:05,,0.0,0.0,0,,0.0,0.0,0.0,197
0,[],23,[],2019-01-20 23:31:41,0.0,0,0,6477079,2019-01-20 23:31:41,,0.0,0.0,0,,0.0,0.0,0.0,199
0,[],22,[],2019-03-13 09:05:22,0.0,0,0,6919790,2019-03-13 09:05:22,,5.19581047,0.0,0,,21561978.0,0.0,0.0,199
1,[],26,[],2019-03-13 09:05:22,0.0,0.00000000,0,6919791,2019-03-13 09:05:22,btc,0.0,130296.0,0.00000000,btc,0.0,0.0,0.0,199
0,[],17,[],2019-01-30 16:32:01,0.0,0,0,6540827,2019-01-30 16:32:01,btc,6.802544163788159,0.0,0,btc,105897.55575295,0.0,0.0,200
0,[],2,[],2019-01-20 23:30:49,0.0,0,0,6477059,2019-01-20 23:30:49,,0.0,0.0,0,,0.0,0.0,0.0,201
1,[],4,[],2019-01-25 15:51:35,2084389.58565343,0.00000936,0.000000000333526752,6499557,2019-01-25 15:51:35,btc,2.0092503037378524,0.0,0.00000936,btc,160195.80207885,0.19272417,1.242687955921835,211
1,[],7,[],2019-03-13 09:05:27,5691815.58826462,0.00000101999999999999997501889774376149233603428001515567302703857421875,0.000000000039588648,6919792,2019-03-13 09:05:27,btc,15476654.603621531,1840794.30109,0.00000101999999999999997501889774376149233603428001515567302703857421875,btc,13281025.90569491,0.0,2.6415924567638305,212
1,[],5,[],2019-03-13 09:05:28,0.0,0,0,6919793,2019-03-13 09:05:28,btc,0.0,0.05013348,0,btc,0.0,0.0,0.0,213
1,[],24,[],2019-03-13 09:05:28,0.0,0.000000150000,0.00000000000582186,6919794,2019-03-13 09:05:28,btc,0.0,0.0,0.000000150000,btc,0.0,0.0,0.0,213
1,[],26,[],2019-03-13 09:05:29,0.0,0.00000010,0.00000000000388124,6919795,2019-03-13 09:05:29,btc,0.0,0.0,0.00000010,btc,0.0,0.0,0.0,213
1,[],12,[],2019-01-25 02:44:32,207462.42853209,0.000001080000000000000035831255497387193287295303889550268650054931640625,0.000000000038610756000000006,6493050,2019-01-25 02:44:32,btc,85023.03793723314,0.0,0.000001080000000000000035831255497387193287295303889550268650054931640625,btc,43675.73520027,0.000146250909087,0.0348620860622024,213
1,[],22,[],2019-03-13 09:05:58,49000.0,0.00000002,0.000000000000776248,6919796,2019-03-13 09:05:58,BTC,2.27972134,0.0,0.00000002,BTC,650798.3963726171,1.764e-05,0.00073,216
1,[],27,[],2019-03-13 09:06:00,1298122.0,0.00000003,0.000000000001164372,6919797,2019-03-13 09:06:00,btc,317.9840526547724,0.0,0.00000003,"btc,ltc",240753.990324,0.0,0.03375764000026083,216
1,[],22,[],2019-03-13 09:06:19,186927.0,0.00000170,0.00000000006598107999999999,6919798,2019-03-13 09:06:19,BTC,12543.60674667,0.0,0.00000170,BTC,430709.28121662984,0.00012078,0.20640381,217
1,[],7,[],2019-03-13 09:06:21,0.0,0,0,6919799,2019-03-13 09:06:21,btc,77971.81411323446,0.0,0,btc,135963412.7426053,0.0,0.0,219
0,[],27,[],2019-03-13 09:06:24,0.0,0,0,6919800,2019-03-13 09:06:24,,0.0404796,0.0,0,btc,2057905.0,0.0,0.0,219
0.0000000000000054,[],28,[],2019-03-13 09:06:32,171578396.705,9.4527e-18,3.6688197348e-22,6919801,2019-03-13 09:06:32,doge,86217.0756560575,14686.0,0.00175050,"btc,doge",3933098.30521,0.0,2.5894502531087582e-11,219
1,[],22,[],2019-03-13 09:06:52,406759.0,0.00000008,0.000000000003104992,6919802,2019-03-13 09:06:52,BTC,18.0683074,0.0,0.00000008,BTC,93423.54541875875,0.0,0.01939217,221
1,[],24,[],2019-03-13 09:06:53,0.0,0.000000200000,0.00000000000776248,6919803,2019-03-13 09:06:53,btc,0.0,0.0,0.000000200000,btc,0.0,0.0,0.0,221
1,[],20,[],2019-03-13 09:06:58,42202992.1029,0.000000002,0.0000000000000776248,6919804,2019-03-13 09:06:58,btc,48.4420210574641,111467.9224,0.000000002,btc,15332733.1127,0.0003229358448,0.0453006546805,224
0,[],22,[],2019-03-13 09:07:16,0.0,0,0,6919805,2019-03-13 09:07:16,,0.0,0.0,0,,0.0,0.0,0.0,224
1,[],26,[],2019-03-13 09:07:16,0.0,0.00000035,0.00000000001358434,6919806,2019-03-13 09:07:16,btc,0.0,0.0,0.00000035,btc,0.0,0.0,0.0,231
1,[],26,[],2019-03-13 09:07:16,0.0,0.00000005,0.00000000000194062,6919807,2019-03-13 09:07:16,btc,0.0,0.0,0.00000005,btc,0.0,0.0,0.0,234
0.00000000034095390000000005,[],27,[],2019-03-13 09:07:18,2000.0,3.4095390000000005e-18,1.323323914836e-22,6919808,2019-03-13 09:07:18,eth,0.01134836604,0.0,0.00000001,"btc,eth",11462.996,0.0,6.819078000000001e-15,234
1,[],4,[],2019-03-13 09:07:20,798449.56380175,0.00000071,0.000000000027556804,6919809,2019-03-13 09:07:20,btc,4.282359429719413,0.0,0.00000071,btc,1220640.24085648,0.03438908,0.2013542200773791,236
1,[],24,[],2019-03-13 09:07:20,0.0,0.000000500000,0.000000000019406199999999998,6919810,2019-03-13 09:07:20,btc,0.0,0.0,0.000000500000,btc,0.0,0.0,0.0,236
1,[],20,[],2019-03-13 09:07:22,225964538.9724,0.000000045,0.000000000001746558,6919811,2019-03-13 09:07:22,btc,13.031283559782,22378058.6965,0.000000045,btc,36052641.9716,1.1557156123,0.3076613804722,237
0.0000000001449081,[],22,[],2019-03-13 09:07:41,751594.9,2.4634377e-17,9.561192938747999e-22,6919812,2019-03-13 09:07:41,LTC,0.0405823,0.0,0.00000017,LTC,3164.0,0.0,0.12541949,237
1,[],4,[],2019-03-13 09:07:42,7416816.78023173,0.00000033,0.000000000012808092,6919813,2019-03-13 09:07:42,btc,6.817905695944899,0.0,0.00000033,btc,10515142.35304192,0.46889117,1.7785265921932985,238
1,[],5,[],2019-03-13 09:07:44,0.0,0,0,6919814,2019-03-13 09:07:44,btc,0.0,0.03883786,0,btc,0.0,0.0,0.0,238
0,[],22,[],2019-03-12 16:49:32,0.0,0,0,6914458,2019-03-12 16:49:32,,0.40415746,0.0,0,,526736.5639027493,0.0,0.0,249
0.0000000001449081,[],22,[],2019-03-13 09:07:59,48919588.666666664,5.796324e-18,2.249692456176e-22,6919815,2019-03-13 09:07:59,LTC,0.95044038,0.0,0.00000004,LTC,18517849.353636365,9.71533458288e-13,1.17491965,252
1,[],28,[],2019-03-13 09:08:06,2308397.06,0.00000059,0.000000000022899316,6919816,2019-03-13 09:08:06,btc,164780.3690252539,377767.904,0.00000059,btc,329263.509,0.0,0.63254730101,256
1,[],22,[],2019-03-13 09:08:17,1342472.3333333333,0.00000003,0.000000000001164372,6919817,2019-03-13 09:08:17,BTC,31.44441675,0.0,0.00000003,BTC,560969.8568978057,0.00164232,0.01920709,258
1,[],22,[],2019-03-13 00:07:30,47146.0,0.00000001,0.000000000000387233,6917028,2019-03-13 00:07:30,BTC,2.415167,0.0,0.00000001,BTC,157.0,0.0,0.00047146,259
1,[],5,[],2019-03-13 09:08:19,0.0,0,0,6919818,2019-03-13 09:08:19,btc,0.0,0.07948666,0,btc,0.0,0.0,0.0,264
1,[],20,[],2019-03-13 09:08:21,1224010.0904,0.00000141,0.000000000054725484,6919819,2019-03-13 09:08:21,btc,7.1441886726482,37122.6656,0.00000141,btc,97507.1291,0.1067360848044,0.0289119933686,264
0,[],22,[],2019-03-13 09:08:30,0.0,0,0,6919820,2019-03-13 09:08:30,,8.75660439,0.0,0,,474745.2241309945,0.0,0.0,271
0,[],22,[],2019-03-13 09:08:40,0.0,0,0,6919821,2019-03-13 09:08:40,,111821.04152134,0.0,0,,13992847597.692,0.0,0.0,272
0.0000000000000054,[],28,[],2019-03-13 09:08:46,209179556712.905,4.86e-21,1.88628264e-25,6919822,2019-03-13 09:08:46,doge,147693298.96298212,21232537253.7347,0.0000009,doge,241482061626.6149,0.0,5.800126877410463e-10,272
1,[],22,[],2019-03-13 09:09:09,278305.09153846157,0.00000260,0.00000000010091223999999999,6919823,2019-03-13 09:09:09,BTC,383.68899871,0.0,0.00000260,"BTC,LTC",75110.88178576677,0.0013202,0.12025273,281
1,[],22,[],2019-03-13 09:09:21,602402.625,0.00000019,0.000000000007374356,6919824,2019-03-13 09:09:21,BTC,1.35264426,0.0,0.00000019,BTC,202459.39412302282,0.01397764,0.05253012,286
0,[],22,[],2019-03-13 05:14:01,0.0,0,0,6918528,2019-03-13 05:14:01,,1044638.85409864,0.0,0,,705144707.0,0.0,0.0,294
