pairValue,buyBook,exchangeId,sellBook,updated,buyTotal,satoshiPrice,usdPrice,exchangeLogId,created,bestPair,sellTotalBtc,volume,pairPrice,activePairs,sellTotal,volumeBtc,buyTotalBtc,coinId
1,[],3,[],2019-03-19 07:57:51,31026.83370633008,0.01305526000000000082235107612405045074410736560821533203125,0.000000519826509524,6975768,2019-03-19 07:57:51,btc,60.1398677399249,0.0,0.01305526000000000082235107612405045074410736560821533203125,btc,24.051055511684,0.0,0.15431615356813944,1
1,[],4,[],2019-03-19 07:57:51,207742.69880873,0.01296716,0.0000005163185965839999,6975769,2019-03-19 07:57:51,btc,13.545108327911004,0.0,0.01296716,btc,260.78457695,1.22298906,1.0200954095149926,1
1,[],5,[],2019-03-19 07:57:53,0.0,0,0,6975770,2019-03-19 07:57:53,btc,0.0,0.34794353,0,btc,0.0,0.0,0.0,1
1,[],10,[],2019-03-19 07:57:55,413686.50693726,0.01113383,0.00000044332016264200003,6975771,2019-03-19 07:57:55,btc,6523.4421854829525,1720.05537091,0.01113383,btc,1029.49480413,0.0,4.67674239140823,1
1,[],12,[],2019-03-19 07:57:58,54.37076106,0.01297000000000000062561067437627571052871644496917724609375,0.000000516431678,6975772,2019-03-19 07:57:58,btc,0.15938741675589999,0.0,0.01297000000000000062561067437627571052871644496917724609375,btc,11.73984562,0.0263346154121,0.41087991201449997,1
1,[],20,[],2019-03-19 07:58:00,1155.1527,0.01100001,0.000000437991798174,6975773,2019-03-19 07:58:00,btc,0.0423738248054,0.0,0.01100001,btc,1.8879,0.0,0.1254152403471,1
1,[],21,[],2019-03-19 07:58:02,2471.74590709,0.01301001000000000067113870017,0.000000518024772174,6975774,2019-03-19 07:58:02,btc,90.51819673099492,12371.325517700001,0.01301001000000000067113870017010412993840873241424560546875,"btc,eth",7626.82178942,155.54110222238992,27.294223341302352,1
1,[],22,[],2019-03-19 07:58:06,0.07686088253968254,0.01260000,0.00000050169924,6975775,2019-03-19 07:58:06,BTC,0.31439419,0.0,0.01260000,BTC,0.12751438772928525,0.0,0.00096785,1
1,[],24,[],2019-03-19 07:58:06,0.0,0.000000000000,0,6975776,2019-03-19 07:58:06,btc,0.0,0.0,0.000000000000,btc,0.0,0.0,0.0,1
0.0,[],25,[],2019-03-19 07:58:07,0.0,0,0,6975777,2019-03-19 07:58:07,btc,35.39119999791669,841.95990923,0.0,btc,2657.94282246,11.04,0.0,1
1,[],26,[],2019-03-19 07:58:08,0.0,0,0,6975778,2019-03-19 07:58:08,,0.0,0.0,0,,0.0,0.0,0.0,1
1,[],28,[],2019-03-19 07:58:10,994.123,0.01250000,0.0000004977175,6975779,2019-03-19 07:58:10,btc,0.151703079,18547.06,0.01250000,btc,8.184,0.0,0.101388596,1
0,[],2,[],2019-01-20 23:28:45,0.0,0,0,6477011,2019-01-20 23:28:45,,0.0,0.0,0,,0.0,0.0,0.0,1
1,[],5,[],2019-03-19 07:58:11,0.0,0,0,6975780,2019-03-19 07:58:11,btc,0.0,0.10688778,0,btc,0.0,0.0,0.0,2
0,[],22,[],2019-03-19 07:58:13,0.0,0,0,6975781,2019-03-19 07:58:13,,0.0,0.0,0,,0.0,0.0,0.0,2
1,[],5,[],2019-03-19 07:58:15,0.0,0,0,6975782,2019-03-19 07:58:15,btc,0.0,1.39106345,0,btc,0.0,0.0,0.0,3
1,[],12,[],2019-03-19 07:58:15,2787305.4224323,0.000000195,0.000000000007764393,6975783,2019-03-19 07:58:15,btc,23468.93345073884,0.0,0.000000195,btc,1360967.79050416,0.09059711288919207,0.401956032256785,3
0,[],28,[],2019-03-19 07:58:16,0.0,0,0,6975784,2019-03-19 07:58:16,,0.0,0.0,0,,0.0,0.0,0.0,3
0,[],2,[],2019-01-20 23:31:32,0.0,0,0,6477077,2019-01-20 23:31:32,,0.0,0.0,0,,0.0,0.0,0.0,4
1,[],4,[],2019-03-19 07:58:17,356620.69312212,0.00000031,0.000000000012343393999999999,6975785,2019-03-19 07:58:17,btc,32.07946638954497,0.0,0.00000031,btc,716936.26886822,0.00318224,0.0359103961767699,4
1,[],12,[],2019-03-19 07:58:18,394075.0,0.00000002,0.000000000000796348,6975786,2019-03-19 07:58:18,btc,1111853.28843344,0.0,0.00000002,btc,786424.33266733,0.0,0.00434124,5
0,[],2,[],2019-01-20 23:31:51,0.0,0,0,6477087,2019-01-20 23:31:51,,0.0,0.0,0,,0.0,0.0,0.0,6
1,[],11,[],2019-03-19 07:58:19,3387507.66422,0.00000001,0.000000000000398174,6975787,2019-03-19 07:58:19,btc,9574.321185219353,882000.0,0.00000001,btc,43437365.60080908,0.0,0.0338750766422,6
1,[],3,[],2019-03-19 07:58:20,1111.874925057246,0.00016001000000000000791054721727135756736970506608486175537109375,0.000000006371182174,6975788,2019-03-19 07:58:20,btc,29.634654231634162,0.0,0.00016001000000000000791054721727135756736970506608486175537109375,btc,241.020514578101,0.0,0.03830597781778914,7
1,[],4,[],2019-03-19 07:58:21,104774.71606528,0.00023308,0.000000009280639592,6975789,2019-03-19 07:58:21,btc,11.63444971655881,0.0,0.00023308,btc,39676.86909496,6.61672124,10.971461159913629,7
1,[],5,[],2019-03-19 07:58:22,0.0,0,0,6975790,2019-03-19 07:58:22,btc,0.0,0.40459005,0,btc,0.0,0.0,0.0,7
1,[],20,[],2019-02-20 02:16:17,39399275.8418,0.000000001,0.0000000000000390183,6728586,2019-02-20 02:16:17,btc,116.9737569154545,525.0,0.000000001,btc,56932965.8895,5.25e-07,0.0393992758418,8
1,[],4,[],2019-03-19 07:58:23,1713002.8665404,0.00000153,0.00000000006092062199999999,6975791,2019-03-19 07:58:23,btc,6.955173681205315,0.0,0.00000153,btc,3179525.54625089,0.73109256,1.805087368754203,9
1,[],28,[],2019-03-19 07:58:25,27833.0,0.00000160,0.00000000006370784,6975792,2019-03-19 07:58:25,btc,2708.776551247723,3614982.0,0.00000160,btc,20316.3373,0.0,0.0170975,9
0,[],2,[],2019-01-20 23:22:42,0.0,0,0,6476876,2019-01-20 23:22:42,,0.0,0.0,0,,0.0,0.0,0.0,9
0,[],23,[],2019-01-20 23:22:48,0.0,0,0,6476878,2019-01-20 23:22:48,,0.0,0.0,0,,0.0,0.0,0.0,9
1,[],1,[],2019-02-17 23:31:42,1822507.21,0.00000181000000000000003456111265232042484285557293333113193511962890625,0.000000000066086901,6701244,2019-02-17 23:31:42,btc,3.6990969245,17153386.5,0.00000181000000000000003456111265232042484285557293333113193511962890625,btc,1997391.71,31.11772986,3.2610482446,9
1,[],4,[],2019-02-17 11:22:43,4341674.27126056,0.00000002,0.0000000000007272960000000001,6696112,2019-02-17 11:22:43,btc,0.1997230937751353,0.0,0.00000002,btc,4109766.79808031,0.00215132,0.0479381022052112,10
1,[],4,[],2019-03-19 07:58:26,4643390.00294804,0.00000173,0.000000000068884102,6975793,2019-03-19 07:58:26,btc,13.173754945519086,0.0,0.00000173,btc,5334139.97938203,3.84351812,5.022716496451179,12
1,[],5,[],2019-03-19 07:58:27,0.0,0,0,6975794,2019-03-19 07:58:27,btc,0.0,0.15893642,0,btc,0.0,0.0,0.0,12
0.0,[],25,[],2019-03-19 07:58:28,0.0,0,0,6975795,2019-03-19 07:58:28,,0.0,0.0,0.0,btc,0.0,0.0,0.0,12
0,[],2,[],2019-01-20 23:23:08,0.0,0,0,6476890,2019-01-20 23:23:08,,0.0,0.0,0,,0.0,0.0,0.0,12
1,[],4,[],2019-03-19 07:58:29,32901384.69242752,0.00001038,0.000000000413304612,6975796,2019-03-19 07:58:29,btc,3.3589226517420587,0.0,0.00001038,btc,252849.11502837,1.57250041,1.1765011328179424,13
1,[],10,[],2019-03-19 07:58:31,481763.7156676,0.00001022,0.000000000406933828,6975797,2019-03-19 07:58:31,btc,666776.4179571515,25043.0490628,0.00001022,btc,645718.32528902,0.0,0.6522687400216542,13
1,[],21,[],2019-03-19 07:58:33,1826143.3886925601,0.00001050999999999999932323233032,0.00000000041848087399999996,6975798,2019-03-19 07:58:33,btc,14.585821486535874,2883265.9208468,0.0000105099999999999993232323303171682482570759020745754241943359375,btc,1211446.53275336,32.04202394,17.73640060602042,13
1,[],4,[],2019-03-19 07:58:34,1096622.40963856,0.00000087,0.000000000034641138,6975799,2019-03-19 07:58:34,btc,5.4369797658497765,0.0,0.00000087,btc,993324.11344219,0.00971266,0.1819884112330467,14
1,[],12,[],2019-03-19 07:58:35,303845.50704225,0.00000071,0.000000000028270353999999997,6975800,2019-03-19 07:58:35,btc,0.0560460472702452,0.0,0.00000071,btc,13799.95186185,2.213786214e-05,0.0323323999999975,14
1,[],26,[],2019-03-19 07:58:45,0.0,0.00000050,0.000000000019908699999999998,6975801,2019-03-19 07:58:45,btc,0.0,0.0,0.00000050,btc,0.0,0.0,0.0,14
0,[],17,[],2019-03-19 07:52:00,0.0,0,0,6975621,2019-03-19 07:52:00,btc,0.0,0.0,0,btc,0.0,0.0,0.0,14
0,[],4,[],2019-03-19 07:52:01,0.0,0,0,6975623,2019-03-19 07:52:01,,0.0,0.0,0,,0.0,0.0,0.0,15
,[],12,[],2018-12-01 15:15:48,204241.84496,0.00000489,0.000000000202473384,5260204,2018-12-01 15:15:48,btc,49.5475654835,0.0,,btc,35763.2193806,0.0163153972027625,0.0203389899998,15
0,[],2,[],2019-01-20 23:23:38,0.0,0,0,6476906,2019-01-20 23:23:38,,0.0,0.0,0,,0.0,0.0,0.0,18
1,[],4,[],2019-03-19 07:52:03,74452.0570761,0.00001515,0.000000000603416925,6975624,2019-03-19 07:52:03,btc,2.1128521594173817,0.0,0.00001515,btc,18679.68221874,0.04532752,0.0474610648957683,18
1,[],10,[],2019-03-19 07:52:05,786385.89303146,0.00001508,0.00000000060062886,6975625,2019-03-19 07:52:05,btc,15.397199387732377,4311.88503285,0.00001508,btc,12876.46752746,0.0,0.1703928999794868,18
1,[],12,[],2019-03-19 07:52:06,338338.0430501,0.00001550000000000000067502427258947506061304011382162570953369140625,0.00000000061735725,6975626,2019-03-19 07:52:06,btc,33214.73541996256,0.0,0.00001550000000000000067502427258947506061304011382162570953369140625,btc,1270.08377284,0.0156150674838362,0.0591975973783785,18
0,[],17,[],2019-03-19 07:52:07,0.0,0,0,6975627,2019-03-19 07:52:07,btc,0.0,0.0,0,btc,0.0,0.0,0.0,18
1,[],3,[],2019-03-19 07:58:46,119678.20951797809,0.000018609999999999999697845864954359740295330993831157684326171875,0.000000000741001814,6975802,2019-03-19 07:58:46,btc,0.6919407325489582,0.0,0.000018609999999999999697845864954359740295330993831157684326171875,btc,15054.205445313173,0.0,0.04442873649850727,19
1,[],4,[],2019-03-19 07:58:47,223852.93141605,0.00002016,0.000000000802718784,6975803,2019-03-19 07:58:47,btc,2.2548122371798702,0.0,0.00002016,btc,73401.3065843,0.52302894,2.363817099642513,19
1,[],5,[],2019-03-19 07:58:48,0.0,0,0,6975804,2019-03-19 07:58:48,btc,0.0,0.00046389,0,btc,0.0,0.0,0.0,19
1,[],12,[],2019-03-19 07:58:49,394247.75176512,0.00001802999999999999847471836289525271013189922086894512176513671875,0.0000000007179077219999999,6975805,2019-03-19 07:58:49,btc,0.2028840710932587,0.0,0.00001802999999999999847471836289525271013189922086894512176513671875,btc,2208.17407646,0.0138253404297028,0.0582587799996518,19
0,[],27,[],2019-03-19 07:58:51,0.0,0,0,6975806,2019-03-19 07:58:51,,0.0,0.0,0,btc,0.0,0.0,0.0,19
0,[],2,[],2019-01-20 23:24:19,0.0,0,0,6476924,2019-01-20 23:24:19,,0.0,0.0,0,,0.0,0.0,0.0,19
1,[],4,[],2019-03-19 07:58:52,3267113.59434985,0.00000013,0.000000000005176262,6975807,2019-03-19 07:58:52,btc,7.380201587426975,0.0,0.00000013,btc,2861915.63183601,0.00137557,0.0981941666087598,20
1,[],4,[],2019-03-19 07:52:16,90186732.52393596,0.00000001,0.00000000000039829499999999997,6975634,2019-03-19 07:52:16,btc,39580.106647932356,0.0,0.00000001,btc,58449174.71491303,0.13467869,0.9018673252393596,21
1,[],12,[],2019-03-19 07:52:17,2160443.0,0.00000001,0.000000000000398295,6975635,2019-03-19 07:52:17,btc,2870.538885010589,0.0,0.00000001,btc,2985413.52947052,0.0001519195804198,0.02160443,21
0,[],17,[],2019-03-19 07:41:18,0.0,0,0,6975442,2019-03-19 07:41:18,btc,0.0,0.0,0,btc,0.0,0.0,0.0,21
1,[],12,[],2019-03-19 07:58:53,3232912879.0,0.0000000002,0.00000000000000796348,6975808,2019-03-19 07:58:53,btc,1951107.8089520494,0.0,0.0000000002,btc,1387636232.4555445,0.3175639765539239,0.38064099360000003,23
0,[],27,[],2019-03-19 07:58:55,0.0,0,0,6975809,2019-03-19 07:58:55,,13.9750273112066,0.0,0,eth,6313324.08723636,0.0,0.0,23
1,[],4,[],2019-03-19 07:58:56,681137.35345989,0.00000047,0.000000000018714178,6975810,2019-03-19 07:58:56,btc,9.74460722625569,0.0,0.00000047,btc,1603862.37405438,0.00800934,0.1743139415868011,24
1,[],22,[],2019-03-19 07:59:21,11.76,0.00000100,0.000000000039817399999999996,6975811,2019-03-19 07:59:21,BTC,7.415e-05,0.0,0.00000100,BTC,23.919354838709676,0.0,1.176e-05,24
0.0,[],25,[],2019-03-19 07:59:22,0.0,0,0,6975812,2019-03-19 07:59:22,,0.0,0.0,0.0,btc,0.0,0.0,0.0,24
1,[],4,[],2019-03-19 07:52:28,28214505.63879557,0.00000741,0.000000000295136595,6975641,2019-03-19 07:52:28,btc,115.02164071716231,0.0,0.00000741,btc,250322.54595875,0.32275198,0.6708738622155999,26
1,[],10,[],2019-03-19 07:52:29,603081.24569475,0.00000561,0.000000000223443495,6975642,2019-03-19 07:52:29,btc,25.237051694938827,4197.11380691,0.00000561,btc,14702.66420715,0.0,0.145991571372713,26
0,[],2,[],2019-01-20 23:25:56,0.0,0,0,6476976,2019-01-20 23:25:56,,0.0,0.0,0,,0.0,0.0,0.0,26
1,[],3,[],2019-03-19 07:52:36,10183348.48184747,0.00000001,0.000000000000398295,6975643,2019-03-19 07:52:36,btc,2.0625272795082132,4818.059,0.00000001,btc,16017441.31331054,0.0,0.1018334848184747,27
1,[],5,[],2019-03-19 07:52:38,0.0,0,0,6975644,2019-03-19 07:52:38,btc,0.0,0.00034602,0,btc,0.0,0.0,0.0,27
1,[],11,[],2019-03-19 07:52:39,8483599.24590115,0.00000006,0.00000000000238977,6975645,2019-03-19 07:52:39,btc,67506.1891365516,10079.0,0.00000006,btc,7956117.08369704,0.0,0.4685351649180229,27
1,[],4,[],2019-03-19 07:59:23,2170098705.5388355,0.00000001,0.000000000000398174,6975813,2019-03-19 07:59:23,btc,3.3083218687179006,0.0,0.00000001,"btc,ltc",266242266.28356823,0.08471974,10.134530605947665,29
1,[],7,[],2019-03-19 07:59:25,35609430.88543586,0.00000001,0.000000000000398174,6975814,2019-03-19 07:59:25,btc,44461604.30046467,0.0,0.00000001,btc,52530698.722369455,0.0,0.35609430885435855,29
1,[],4,[],2019-03-19 07:52:45,4200177.38405645,0.00000018,0.0000000000071693099999999995,6975648,2019-03-19 07:52:45,btc,2.7690252797961454,0.0,0.00000018,btc,2150584.69521311,0.0430412,0.128808319210768,30
0,[],17,[],2019-03-19 07:52:46,0.0,0,0,6975649,2019-03-19 07:52:46,btc,0.0,0.0,0,btc,0.0,0.0,0.0,30
1,[],4,[],2019-03-19 07:59:26,203324.65242825,0.00005971,0.0000000023774969539999997,6975815,2019-03-19 07:59:26,btc,5.91051984712153,0.0,0.00005971,btc,62292.21488911,0.81092815,3.1323835446458697,31
1,[],21,[],2019-03-19 07:59:28,85715.11011433,0.00006033000000000000005457440055,0.000000002402183742,6975816,2019-03-19 07:59:28,btc,7.5665977338031345,298517.40440372,0.000060330000000000000054574400554230351190199144184589385986328125,btc,111042.58820007,18.0343075,4.888980481784909,31
0,[],2,[],2019-01-20 23:28:43,0.0,0,0,6477009,2019-01-20 23:28:43,,0.0,0.0,0,,0.0,0.0,0.0,32
1,[],4,[],2019-03-19 07:52:49,394203574.536513,0.00000004,0.0000000000015931799999999999,6975652,2019-03-19 07:52:49,btc,8.936799105737673,0.0,0.00000004,"btc,ltc",183789812.8709479,0.21889887,8.333733997083407,33
1,[],12,[],2019-03-19 07:52:51,31491483.99233333,0.00000004,0.00000000000159318,6975653,2019-03-19 07:52:51,btc,4127602.4347386034,0.0,0.00000004,btc,20543962.55744255,0.0001735301898105,0.7609083767199999,33
1,[],4,[],2019-03-19 07:59:29,89789735.77117006,0.00000001,0.000000000000398174,6975817,2019-03-19 07:59:29,btc,3.1922463540791206,0.0,0.00000001,btc,102644123.05110039,0.00388532,0.8978973577117006,34
1,[],5,[],2019-03-19 07:59:30,0.0,0,0,6975818,2019-03-19 07:59:30,btc,0.0,0.08129686,0,btc,0.0,0.0,0.0,34
0,[],17,[],2019-03-19 07:32:22,0.0,0,0,6975266,2019-03-19 07:32:22,btc,0.1415580988325086,0.0,0,btc,10796613.27743647,0.0,0.0,36
0.0000000001477938,[],4,[],2019-03-19 07:52:54,5063561970.826218,1.477938e-18,5.8865531571e-23,6975656,2019-03-19 07:52:54,ltc,4.951344721852645e-08,0.0,0.00000001,ltc,6356755251.736046,0.0,7.483630652038959e-09,36
1,[],5,[],2019-03-19 07:52:56,0.0,0,0,6975657,2019-03-19 07:52:56,btc,0.0,0.0,0,btc,0.0,0.0,0.0,36
0.0000000003457938,[],27,[],2019-03-19 07:53:09,992184.46325,3.4579380000000002e-18,1.37727941571e-22,6975658,2019-03-19 07:53:09,eth,223.74951049924783,5815.7,0.00000001,"ltc,eth",12177368.61058689,8.595687408e-15,1.4663874444817785e-12,36
1,[],4,[],2019-03-19 07:53:10,217553.52094643,0.00000056,0.000000000022304519999999998,6975659,2019-03-19 07:53:10,btc,19772.47126632893,0.0,0.00000056,btc,593555.44380408,0.00197259,0.0855465243956496,37
1,[],12,[],2019-03-19 07:53:11,541725.29016418,0.00000061,0.000000000024295994999999998,6975660,2019-03-19 07:53:11,btc,21.851807576096274,0.0,0.00000061,btc,471763.25845911,0.0562324553145909,0.19755137263825479,37
1,[],27,[],2019-03-19 07:53:24,14685.567,0.00000045,0.000000000017923274999999998,6975661,2019-03-19 07:53:24,btc,24.25536383611233,0.0,0.00000045,btc,6518.38138508,0.0,0.00480032515,37
1,[],17,[],2019-03-19 07:44:12,1752.74075282,0.00000025,0.000000000009964424999999999,6975466,2019-03-19 07:44:12,btc,0.055484923986861834,0.0,0.00000025,btc,1387.19918473,0.0,0.00043818518820499993,37
1,[],5,[],2019-03-19 07:59:31,0.0,0,0,6975819,2019-03-19 07:59:31,btc,0.0,0.0118801,0,btc,0.0,0.0,0.0,42
1,[],12,[],2019-03-19 07:59:32,258320.93947845,0.00000097,0.000000000038622878,6975820,2019-03-19 07:59:32,btc,5.5807797697217945,0.0,0.00000097,btc,30191.49442021,0.0071394132264476,0.0183380668353101,42
0.0000000003456761,[],27,[],2019-03-19 07:59:34,2000.0,3.4567609999999998e-18,1.376392354414e-22,6975821,2019-03-19 07:59:34,eth,0.00315028,0.0,0.00000001,"btc,eth",11.007,0.0,6.913522e-15,42
1,[],5,[],2019-03-19 07:53:30,0.0,0,0,6975665,2019-03-19 07:53:30,btc,0.0,0.01267911,0,btc,0.0,0.0,0.0,43
1,[],12,[],2019-03-13 09:13:29,1112112.0,0.00000001,0.000000000000386531,6919902,2019-03-13 09:13:29,btc,29058.00478931866,0.0,0.00000001,btc,5967681.93306694,9.99000999e-07,0.01112112,43
0,[],17,[],2019-03-19 07:46:31,0.0,0,0,6975472,2019-03-19 07:46:31,btc,0.0,0.0,0,btc,0.0,0.0,0.0,43
1,[],12,[],2019-03-05 01:54:08,639326.02,0.00000004,0.000000000001486676,6845775,2019-03-05 01:54:08,btc,11116042.728239931,0.0,0.00000004,btc,1103841.4595604,0.0003330765234764,0.014975410599999999,44
1,[],4,[],2019-03-19 07:53:42,298146440.08167285,0.00000002,0.0000000000007965899999999999,6975666,2019-03-19 07:53:42,btc,473.8020972333414,0.0,0.00000002,"btc,ltc",12823039.44219975,0.00060861,0.28392044689503526,49
0.0000000001477938,[],4,[],2019-03-19 07:53:43,502681308.62466913,1.477938e-18,5.8865531571e-23,6975667,2019-03-19 07:53:43,ltc,25.901654673955793,0.0,0.00000001,ltc,8614125116.009727,0.0,7.429318079061263e-10,52
0,[],22,[],2019-03-19 08:00:05,0.0,0,0,6975822,2019-03-19 08:00:05,,4428.59026215,0.0,0,,305937213.5359664,0.0,0.0,57
0.0000000003456761,[],27,[],2019-03-19 08:00:08,2000.0,3.4567609999999998e-18,1.376392354414e-22,6975823,2019-03-19 08:00:08,eth,0.0,0.0,0.00000001,"btc,eth",0.0,0.0,6.913522e-15,57
0.0000000001477938,[],4,[],2019-03-19 07:53:49,758703760.9328182,2.955876e-18,1.17731063142e-22,6975670,2019-03-19 07:53:49,ltc,18.65761731278859,0.0,0.00000002,ltc,4664894118.967522,0.0,1.68331267893466e-09,58
1,[],12,[],2019-03-19 07:53:50,1426292386.0,0.0000000003,0.00000000000001194885,6975671,2019-03-19 07:53:50,btc,4265309.785281553,0.0,0.0000000003,btc,1777575870.4595404,0.00102040366873128,0.3658121159,58
0,[],17,[],2019-03-19 07:54:02,0.0,0,0,6975672,2019-03-19 07:54:02,btc,1e+24,0.0,0,btc,49226522.0897055,0.0,0.0,58
0.0000000001297255,[],22,[],2019-03-19 07:54:05,137438.0,1.297255e-18,5.1669018022499996e-23,6975673,2019-03-19 07:54:05,XMR,69.1795942,0.0,0.00000001,XMR,9887963.0,0.0,0.00137438,58
1,[],5,[],2019-03-19 08:00:11,0.0,0,0,6975824,2019-03-19 08:00:11,btc,0.0,0.02288851,0,btc,0.0,0.0,0.0,61
1,[],22,[],2019-03-19 08:00:38,13656.0,0.00000012,0.000000000004778088,6975825,2019-03-19 08:00:38,BTC,1002.2960049,0.0,0.00000012,BTC,14976.68361146909,0.0,0.00153775,61
1,[],26,[],2019-03-19 08:00:38,0.0,0.00000800,0.00000000031853919999999997,6975826,2019-03-19 08:00:38,btc,0.0,0.0,0.00000800,btc,0.0,0.0,0.0,61
1,[],27,[],2019-03-19 08:00:41,9758.72798,0.00000047,0.000000000018714178,6975827,2019-03-19 08:00:41,btc,2.884958570314132,159.84,0.00000047,"btc,eth",19782.59257617,7.512e-05,0.00016081520657652132,61
1,[],28,[],2019-03-19 08:00:42,13880.304,0.0000005,0.000000000019908699999999998,6975828,2019-03-19 08:00:42,btc,2.056812978300105,852.0,0.0000005,btc,10230.59500005,0.0,0.00566391304,61
1,[],4,[],2019-03-19 07:54:15,1277953.86382423,0.00000249,0.000000000099175455,6975679,2019-03-19 07:54:15,btc,9.973470547390532,0.0,0.00000249,btc,1076491.08963656,1.17906269,0.9829991330427443,67
0.0,[],25,[],2019-03-19 07:54:16,0.0,0,0,6975680,2019-03-19 07:54:16,,0.0,0.0,0.0,btc,0.0,0.0,0.0,67
1,[],12,[],2019-03-19 07:54:18,1052485.18807201,0.00000015,0.000000000005974425,6975681,2019-03-19 07:54:18,btc,1111615.2299520683,0.0,0.00000015,btc,982453.90258844,0.0036204371628368,0.0913253341918159,71
,[],5,[],2018-11-20 23:02:39,1.5e-07,0.00000005,0.000000000002128045,4862160,2018-11-20 23:02:39,btc,2.84511358,0.0,,btc,0.00036572,0.0,0.07381892,74
1,[],5,[],2019-03-19 07:54:19,0.0,0,0,6975682,2019-03-19 07:54:19,btc,0.0,0.0,0,btc,0.0,0.0,0.0,75
0,[],20,[],2019-01-25 09:30:31,0.0,0,0,6495923,2019-01-25 09:30:31,btc,0.0,0.0,0,btc,0.0,0.0,0.0,81
1,[],4,[],2019-03-19 07:54:21,13382103.94481309,0.00000001,0.00000000000039829499999999997,6975683,2019-03-19 07:54:21,btc,11370.01882265495,0.0,0.00000001,btc,39916337.06932191,0.00062383,0.1338210394481309,81
1,[],4,[],2019-03-19 07:54:22,24066.25822575,0.00008010,0.00000000319034295,6975684,2019-03-19 07:54:22,btc,17.88711802148975,0.0,0.00008010,btc,12063.70743892,0.04482203,0.1148293570120852,82
1,[],21,[],2019-03-19 07:54:23,912272.68167828,0.00007655999999999999882250439898,0.00000000304934652,6975685,2019-03-19 07:54:23,btc,2.753512050772891,11571.99899238,0.000076559999999999998822504398976462880455073900520801544189453125,btc,30514.24548697,0.88385074,3.1746923326850087,82
0,[],17,[],2019-03-19 07:54:25,0.0,0,0,6975686,2019-03-19 07:54:25,btc,0.0447233088476774,0.0,0,btc,999127.19588126,0.0,0.0,84
0.0000000001477938,[],4,[],2019-03-19 07:54:26,149291050.4678183,4.433814e-18,1.76596594713e-22,6975687,2019-03-19 07:54:26,ltc,1.6750569512795845,0.0,0.00000003,ltc,365587477.38117534,0.0,3.212633373655705e-10,85
,[],22,[],2018-11-20 23:09:34,3408.1,0.0000001,0.0000000000041895,4862324,2018-11-20 23:09:34,BTC,0.04624735,0.0,,BTC,4990.0,0.0,0.00033081,86
1,[],22,[],2019-03-19 07:54:31,111869.83333333333,0.00000006,0.00000000000238977,6975688,2019-03-19 07:54:31,BTC,2.07824106,0.0,0.00000006,BTC,165278.94736842104,0.0,0.00185219,87
1,[],27,[],2019-03-19 07:54:33,50.0,0.00000001,0.00000000000039829499999999997,6975689,2019-03-19 07:54:33,btc,5.061790002021791,0.0,0.00000001,btc,27725.90385964,0.0,5e-07,87
,[],2,[],2018-11-20 23:10:47,0.0,0,0,4862359,2018-11-20 23:10:47,,0.0,0.0,,,0.0,0.0,0.0,88
1,[],11,[],2019-03-19 07:54:35,106357.20202403,0.00015024999999999999293620600582244151155464351177215576171875,0.000000005984382375,6975690,2019-03-19 07:54:35,btc,612.806694397115,242.7586948,0.00015024999999999999293620600582244151155464351177215576171875,btc,103798.90009196001,0.0,8.275912025126965,89
0,[],2,[],2019-01-20 23:31:45,0.0,0,0,6477083,2019-01-20 23:31:45,,0.0,0.0,0,,0.0,0.0,0.0,91
1,[],12,[],2019-03-19 07:54:36,312083.4020678,0.00000091,0.000000000036244845,6975691,2019-03-19 07:54:36,btc,58.44285153711026,0.0,0.00000091,btc,87726.34126046,0.0011137406593396,0.0307364563825882,91
0,[],17,[],2019-03-19 07:54:38,0.0,0,0,6975692,2019-03-19 07:54:38,btc,0.0,0.0,0,btc,0.0,0.0,0.0,91
1,[],22,[],2019-03-19 07:54:41,65900.0,0.00000001,0.00000000000039829499999999997,6975693,2019-03-19 07:54:41,BTC,3e-06,0.0,0.00000001,BTC,1.0,0.0,0.000659,91
0.0000000001477938,[],22,[],2019-03-19 07:54:45,10468333.0,2.955876e-18,1.17731063142e-22,6975694,2019-03-19 07:54:45,LTC,4.79897116,0.0,0.00000002,LTC,46768900.1,6.1871412125292e-11,0.10936666,95
0,[],17,[],2019-03-19 07:47:40,0.0,0,0,6975501,2019-03-19 07:47:40,btc,0.0,0.0,0,btc,0.0,0.0,0.0,96
0.0000000001477938,[],4,[],2019-03-19 07:54:46,543005871.4588805,6.650721e-17,2.648948920695e-21,6975695,2019-03-19 07:54:46,ltc,11.887658690568259,0.0,0.00000045,ltc,134420305.19667292,0.0002203,1.2811394574133089e-09,96
0,[],12,[],2019-03-19 07:54:47,0.0,0,0,6975696,2019-03-19 07:54:47,btc,20.929217068651347,0.0,0,btc,3213578.86513483,4.3656343657e-06,0.0,96
1,[],4,[],2019-03-19 07:54:50,4229331.46121447,0.00000043,0.000000000017126685,6975697,2019-03-19 07:54:50,btc,5.798205665375308,0.0,0.00000043,btc,3139341.25972393,0.12229111,0.8774201085285308,99
0,[],2,[],2019-01-20 23:23:55,0.0,0,0,6476914,2019-01-20 23:23:55,,0.0,0.0,0,,0.0,0.0,0.0,100
1,[],4,[],2019-03-19 07:54:51,289899.52306314,0.00003507,0.0000000013968205649999999,6975698,2019-03-19 07:54:51,btc,12.246841327903118,0.0,0.00003507,btc,182755.72852873,1.07971036,1.3297149293349213,100
1,[],22,[],2019-03-19 07:54:54,120000.0,0.00000002,0.0000000000007965899999999999,6975699,2019-03-19 07:54:54,BTC,24.82891609,0.0,0.00000002,BTC,11877.22,0.0,0.0014,101
1,[],4,[],2019-03-19 07:54:55,1273310.39136403,0.00000084,0.00000000003345678,6975700,2019-03-19 07:54:55,btc,291.6121981555957,0.0,0.00000084,btc,556833.79395295,0.01114351,0.2232408397847848,103
1,[],12,[],2019-03-19 07:54:57,34196452.0,0.000000007,0.0000000000002788065,6975701,2019-03-19 07:54:57,btc,3219028.712756706,0.0,0.000000007,btc,68008524.66448268,0.03508816199652642,0.056131653000000004,105
1,[],27,[],2019-03-19 07:54:59,207322.0,0.00000001,0.00000000000039829499999999997,6975702,2019-03-19 07:54:59,btc,36.60985838767041,17194.0,0.00000001,btc,1409355.01561724,0.00017194,0.00207322,105
1,[],22,[],2019-03-19 07:55:05,9328.0,0.00000001,0.00000000000039829499999999997,6975703,2019-03-19 07:55:05,BTC,51.10837004,0.0,0.00000001,BTC,470435.0,0.0,9.328e-05,107
1,[],26,[],2019-03-19 07:55:05,0.0,0.00000000,0,6975704,2019-03-19 07:55:05,btc,0.0,0.0,0.00000000,btc,0.0,0.0,0.0,107
1,[],5,[],2019-03-19 07:55:06,0.0,0,0,6975705,2019-03-19 07:55:06,btc,0.0,0.00152917,0,btc,0.0,0.0,0.0,112
0,[],22,[],2019-03-19 07:55:09,0.0,0,0,6975706,2019-03-19 07:55:09,,2.7794366,0.0,0,,826409.0833333334,0.0,0.0,112
0.0000000003457938,[],27,[],2019-03-19 07:55:11,2000.0,3.4579380000000002e-18,1.37727941571e-22,6975707,2019-03-19 07:55:11,eth,1.24996908,0.0,0.00000001,"btc,eth",1289.0,0.0,6.915876e-15,112
1,[],4,[],2019-03-19 07:55:12,758085.216124,0.00000186,0.00000000007408287,6975708,2019-03-19 07:55:12,btc,4.730830747761079,0.0,0.00000186,btc,405115.81498633,0.16580532,0.7280729377038991,113
1,[],5,[],2019-03-19 07:55:13,0.0,0,0,6975709,2019-03-19 07:55:13,btc,0.0,0.0,0,btc,0.0,0.0,0.0,113
1,[],17,[],2019-03-19 07:48:04,152738.278,0.00000004,0.0000000000015943080000000002,6975515,2019-03-19 07:48:04,btc,1.3368030274797713,0.0,0.00000004,btc,51896.221,0.0,0.0022095311199999998,116
0,[],27,[],2019-03-19 07:55:17,0.0,0,0,6975710,2019-03-19 07:55:17,,0.0,0.0,0,btc,0.0,0.0,0.0,116
1,[],4,[],2019-03-19 07:55:18,60383.6796726,0.00004530,0.00000000180427635,6975711,2019-03-19 07:55:18,btc,103.01685236637867,0.0,0.00004530,btc,46898.79965375,0.1661238,1.1275687568206998,120
1,[],7,[],2019-03-19 07:55:20,23146.85883581,0.00002811999999999999843105537300491647556555108167231082916259765625,0.00000000112000554,6975712,2019-03-19 07:55:20,btc,115651.27322348079,0.0,0.00002811999999999999843105537300491647556555108167231082916259765625,btc,27786.46884297,0.0,0.0577404733805732,120
1,[],20,[],2019-03-19 07:48:11,1562733.1588,0.000000034,0.0000000000013551618,6975519,2019-03-19 07:48:11,btc,32.3019190406648,9355.159,0.000000034,btc,1028084.0986,0.000318075406,0.0118142444686,125
1,[],22,[],2019-03-19 07:55:24,3053.0,0.00000001,0.00000000000039829499999999997,6975713,2019-03-19 07:55:24,BTC,0.01444887,0.0,0.00000001,BTC,296263.5111111111,0.0,3.053e-05,126
0,[],17,[],2019-03-19 07:09:27,0.0,0,0,6975134,2019-03-19 07:09:27,btc,0.0953976503951408,0.0,0,btc,5037.62507334,0.0,0.0,131
0,[],2,[],2019-01-20 23:25:46,0.0,0,0,6476969,2019-01-20 23:25:46,,0.0,0.0,0,,0.0,0.0,0.0,131
1,[],4,[],2019-03-19 07:55:25,1339852.28201398,0.00001102,0.00000000043892108999999997,6975714,2019-03-19 07:55:25,btc,3.0279679881319184,0.0,0.00001102,btc,127889.06475902,0.12378175,0.4601985294371421,131
1,[],4,[],2019-03-19 07:55:36,4741.2120287,0.00017603,0.000000007011186885,6975715,2019-03-19 07:55:36,btc,1.9954785534026005,0.0,0.00017603,btc,250.16865385,0.04929581,0.0144992199508257,135
1,[],3,[],2019-03-07 00:20:44,877702.73244099,0.00000004,0.00000000000154846,6863392,2019-03-07 00:20:44,btc,0.119366241821405,0.0,0.00000004,btc,760637.99421222,0.0,0.023771231960604298,136
1,[],4,[],2019-03-19 07:55:37,159556.94268518,0.00000116,0.00000000004620222,6975716,2019-03-19 07:55:37,btc,38.77102059533098,0.0,0.00000116,btc,584672.66780261,0.28704991,0.1249582366596596,137
1,[],12,[],2019-03-19 07:55:39,172504.36476498,0.00000110999999999999996035831596741250137938550324179232120513916015625,0.000000000044210745,6975717,2019-03-19 07:55:39,btc,37.500436883367534,0.0,0.00000110999999999999996035831596741250137938550324179232120513916015625,btc,5940.6059931,0.000708943199992,0.0118062999999049,137
1,[],17,[],2019-03-19 07:48:31,22967.386363640002,0.00000088,0.000000000035074776000000005,6975527,2019-03-19 07:48:31,btc,20.069913352717318,0.0,0.00000088,btc,2746.079105,0.0,0.0104613000000032,142
1,[],4,[],2019-03-19 07:55:40,36211.8282193,0.00003999,0.000000001592781705,6975718,2019-03-19 07:55:40,btc,28.709952778133346,0.0,0.00003999,btc,49058.92154357,0.60429719,0.3013852699667847,142
1,[],5,[],2019-03-19 07:55:41,0.0,0,0,6975719,2019-03-19 07:55:41,btc,0.0,0.20295125,0,btc,0.0,0.0,0.0,142
1,[],20,[],2019-03-19 07:55:53,142015.4258,0.000032001,0.0000000012745838295,6975720,2019-03-19 07:55:53,btc,0.3359263738872,0.06,0.000032001,btc,2242.1771,1.90004e-06,0.3129314041774,142
1,[],22,[],2019-03-19 07:55:56,1470.2803921568627,0.00001020,0.0000000004062609,6975721,2019-03-19 07:55:56,BTC,3.0054103,0.0,0.00001020,BTC,910.5995,0.0,0.00121106,142
0.0,[],25,[],2019-03-19 07:55:57,0.0,0,0,6975722,2019-03-19 07:55:57,,0.0,0.0,0.0,btc,0.0,0.0,0.0,142
1,[],28,[],2019-03-19 07:55:59,82320.0,0.00001450,0.00000000057752775,6975723,2019-03-19 07:55:59,btc,0.0725844444,677.1636,0.00001450,btc,479.55993,0.0,0.0718054,142
0,[],22,[],2019-03-19 07:56:01,0.0,0,0,6975724,2019-03-19 07:56:01,,65.73454167,0.0,0,,1043215670.8,0.0,0.0,143
0,[],22,[],2019-02-25 15:42:22,0.0,0,0,6783783,2019-02-25 15:42:22,,4.2131946,0.0,0,,2322156.0,0.0,0.0,146
,[],22,[],2018-11-20 23:01:11,0.0,0,0,4862114,2018-11-20 23:01:11,,2.56807021,0.0,,,61828.4988236,0.0,0.0,147
1,[],12,[],2019-03-19 07:56:04,343163.18196161,0.0000023999999999999998913954683821270208454734529368579387664794921875,0.0000000000955908,6975725,2019-03-19 07:56:04,btc,9.691158511528974,0.0,0.0000023999999999999998913954683821270208454734529368579387664794921875,btc,108329.52426484,0.0014051830769232,0.1458769817390308,148
1,[],4,[],2019-03-19 07:56:05,258199.10167754,0.00000029,0.000000000011550555,6975726,2019-03-19 07:56:05,btc,218.94926482263307,0.0,0.00000029,btc,793529.37642722,0.00367179,0.0617017533673406,152
0,[],22,[],2019-03-19 07:56:07,0.0,0,0,6975727,2019-03-19 07:56:07,,0.0,0.0,0,,0.0,0.0,0.0,152
1,[],5,[],2019-03-19 07:56:08,0.0,0,0,6975728,2019-03-19 07:56:08,btc,0.0,0.0,0,btc,0.0,0.0,0.0,153
,[],16,[],2019-01-11 15:38:59,0.0,0,0,6366141,2019-01-11 15:38:59,btc,0.0,0.0,,btc,0.0,0.0,0.0,155
0,[],23,[],2019-01-20 23:24:29,0.0,0,0,6476932,2019-01-20 23:24:29,,0.0,0.0,0,,0.0,0.0,0.0,156
0,[],22,[],2019-03-19 07:56:10,0.0,0,0,6975729,2019-03-19 07:56:10,,6.74640151,0.0,0,,4675792.242592593,0.0,0.0,156
1,[],22,[],2019-03-19 07:56:13,7073.8,0.00005300,0.0000000021109634999999998,6975730,2019-03-19 07:56:13,BTC,1.79802465,0.0,0.00005300,BTC,802.6461988741639,0.0,0.00104336,157
0,[],22,[],2019-03-19 07:56:15,0.0,0,0,6975731,2019-03-19 07:56:15,,50175.67608608,0.0,0,,54079135.04179466,0.0,0.0,158
,[],17,[],2018-11-20 22:56:10,0.0,0,0,4861976,2018-11-20 22:56:10,btc,1.1265625,0.0,,btc,1000.0,0.0,0.0,159
,[],20,[],2018-11-20 22:56:12,0.0,0,0,4861977,2018-11-20 22:56:12,btc,11912.7940471,0.0,,btc,34413894.3617,0.0,0.0,159
1,[],12,[],2019-03-19 07:56:17,247173.66634837,0.0000072899999999999996595258233700320715797715820372104644775390625,0.000000000290357055,6975732,2019-03-19 07:56:17,btc,12.665219956798365,0.0,0.0000072899999999999996595258233700320715797715820372104644775390625,btc,7636.28376073,0.0137295940563039,0.1196121936412389,168
1,[],17,[],2019-03-19 07:56:18,29784.95,0.000001,0.000000000039829499999999995,6975733,2019-03-19 07:56:18,btc,0.03026736251542,0.0,0.000001,btc,144.46171372,0.0,0.00716147,168
0,[],22,[],2019-03-19 07:56:20,0.0,0,0,6975734,2019-03-19 07:56:20,,45.65713776,0.0,0,,516897.19471078104,0.0,0.0,169
1,[],22,[],2019-03-19 07:56:23,196521.0,0.00000002,0.0000000000007965899999999999,6975735,2019-03-19 07:56:23,BTC,14.35309206,0.0,0.00000002,BTC,170481.20365968585,4.171e-05,0.00198482,171
1,[],22,[],2019-03-19 07:49:21,255134.0,0.00000009,0.000000000003587193,6975543,2019-03-19 07:49:21,BTC,1.96003038,0.0,0.00000009,"BTC,LTC",305444.45744537417,0.00135929,0.01222206,173
1,[],5,[],2019-03-19 07:49:22,0.0,0,0,6975544,2019-03-19 07:49:22,btc,0.0,0.15511791,0,btc,0.0,0.0,0.0,175
1,[],22,[],2019-03-19 07:56:26,133183.2,0.00000011,0.000000000004381245,6975736,2019-03-19 07:56:26,BTC,0.6265795,0.0,0.00000011,BTC,151921.20308941446,0.00024074,0.01140555,176
0,[],2,[],2019-01-20 23:28:34,0.0,0,0,6477001,2019-01-20 23:28:34,,0.0,0.0,0,,0.0,0.0,0.0,178
1,[],7,[],2019-03-19 07:56:29,2920986.34713933,0.00000001,0.000000000000398295,6975737,2019-03-19 07:56:29,btc,410193.9385826994,6827274.6486,0.00000001,btc,35083441.90550013,0.0,0.029209863471393302,178
0,[],22,[],2019-03-19 07:56:32,0.0,0,0,6975738,2019-03-19 07:56:32,,1.00242438,0.0,0,,57522.0,0.0,0.0,178
0,[],23,[],2019-01-20 23:25:08,0.0,0,0,6476952,2019-01-20 23:25:08,,0.0,0.0,0,,0.0,0.0,0.0,179
1,[],5,[],2019-03-19 07:56:33,0.0,0,0,6975739,2019-03-19 07:56:33,btc,0.0,0.11633709,0,btc,0.0,0.0,0.0,179
1,[],22,[],2019-03-19 07:56:36,6597819.5,0.00000002,0.0000000000007965899999999999,6975740,2019-03-19 07:56:36,BTC,5.63519724,0.0,0.00000002,"BTC,LTC",17465669.489868753,0.00379883,0.36689711,179
1,[],17,[],2019-03-19 07:49:36,10504.725,0.0000001,0.00000000000398577,6975550,2019-03-19 07:49:36,btc,5.201069583844141,0.0,0.0000001,btc,5033.45945,0.0,0.0010504725,180
1,[],22,[],2019-03-19 07:49:39,665304.7090909091,0.00000130,0.000000000051815010000000003,6975551,2019-03-19 07:49:39,BTC,38.01133062,0.0,0.00000130,"BTC,LTC",110026.98118834248,0.00147204,0.57039738,180
1,[],26,[],2019-03-19 07:49:39,0.0,0.00000125,0.000000000049822125,6975552,2019-03-19 07:49:39,btc,0.0,0.0,0.00000125,btc,0.0,0.0,0.0,180
,[],7,[],2018-11-20 22:58:01,562227.975654,0.00000085,0.000000000036176765,4862015,2018-11-20 22:58:01,btc,21836.6059674,2491.87645172,,btc,749999.041456,0.00211021,0.127565380455,183
,[],5,[],2019-01-10 08:11:41,0.0,0,0,6347036,2019-01-10 08:11:41,btc,82.15055501,0.00261,,btc,1.19002445,0.0,0.0,187
,[],17,[],2018-11-16 20:58:10,4062536.27273,0.00000001,0.000000000000550501,4708775,2018-11-16 20:58:10,btc,3.36492563466,0.195460381006,,"btc,eth",110697919.549,0.0,0.0157628953496,187
1,[],24,[],2019-03-19 07:56:36,0.0,0.000000000001,3.9829499999999996e-17,6975741,2019-03-19 07:56:36,btc,0.0,0.0,0.000000000001,btc,0.0,0.0,0.0,187
1,[],22,[],2019-03-18 18:17:00,13812.0,0.00000001,0.00000000000039819,6968124,2019-03-18 18:17:00,BTC,7.56699454,0.0,0.00000001,BTC,79361.7243344055,0.0,0.00013812,191
0,[],22,[],2019-03-19 07:56:40,0.0,0,0,6975742,2019-03-19 07:56:40,,0.0,0.0,0,,0.0,0.0,0.0,197
1,[],26,[],2019-03-19 07:56:43,0.0,0.00000000,0,6975744,2019-03-19 07:56:43,btc,0.0,128077.0,0.00000000,btc,0.0,0.0,0.0,199
0,[],23,[],2019-01-20 23:31:41,0.0,0,0,6477079,2019-01-20 23:31:41,,0.0,0.0,0,,0.0,0.0,0.0,199
0,[],22,[],2019-03-19 07:56:42,0.0,0,0,6975743,2019-03-19 07:56:42,,5.2941966,0.0,0,,24038399.0,0.0,0.0,199
0,[],2,[],2019-01-20 23:30:49,0.0,0,0,6477059,2019-01-20 23:30:49,,0.0,0.0,0,,0.0,0.0,0.0,201
1,[],4,[],2019-01-25 15:51:35,2084389.58565343,0.00000936,0.000000000333526752,6499557,2019-01-25 15:51:35,btc,2.0092503037378524,0.0,0.00000936,btc,160195.80207885,0.19272417,1.242687955921835,211
1,[],7,[],2019-03-19 07:56:45,4086724.33171497,0.000001080000000000000035831255497387193287295303889550268650054931640625,0.00000000004301586,6975745,2019-03-19 07:56:45,btc,15476711.823867623,668141.484594,0.000001080000000000000035831255497387193287295303889550268650054931640625,btc,13636835.57072269,0.0,3.256510907690933,212
1,[],5,[],2019-03-19 07:49:54,0.0,0,0,6975558,2019-03-19 07:49:54,btc,0.0,0.04737684,0,btc,0.0,0.0,0.0,213
1,[],24,[],2019-03-19 07:49:54,0.0,0.000000220000,0.000000000008768694,6975559,2019-03-19 07:49:54,btc,0.0,0.0,0.000000220000,btc,0.0,0.0,0.0,213
1,[],26,[],2019-03-19 07:49:54,0.0,0.00000040,0.00000000001594308,6975560,2019-03-19 07:49:54,btc,0.0,0.0,0.00000040,btc,0.0,0.0,0.0,213
1,[],12,[],2019-01-25 02:44:32,207462.42853209,0.000001080000000000000035831255497387193287295303889550268650054931640625,0.000000000038610756000000006,6493050,2019-01-25 02:44:32,btc,85023.03793723314,0.0,0.000001080000000000000035831255497387193287295303889550268650054931640625,btc,43675.73520027,0.000146250909087,0.0348620860622024,213
1,[],22,[],2019-03-19 07:56:48,25000.0,0.00000001,0.00000000000039829499999999997,6975746,2019-03-19 07:56:48,BTC,2.31835456,0.0,0.00000001,BTC,570573.3630392838,0.0,0.00025,216
1,[],27,[],2019-03-19 07:56:50,1233122.0,0.00000003,0.000000000001194885,6975747,2019-03-19 07:56:50,btc,316.9775071147724,0.0,0.00000003,"btc,ltc",239299.924324,0.0,0.0337576400000739,216
1,[],22,[],2019-03-19 07:56:53,157081.0,0.00000118,0.00000000004699881,6975748,2019-03-19 07:56:53,BTC,12543.6604641,0.0,0.00000118,BTC,456063.2661952236,0.01345159,0.13822267,217
1,[],7,[],2019-03-19 07:56:56,0.0,0,0,6975749,2019-03-19 07:56:56,btc,77969.38157402142,0.0,0,btc,136811928.93791,0.0,0.0,219
0,[],27,[],2019-03-19 07:56:58,0.0,0,0,6975750,2019-03-19 07:56:58,,0.03997288,0.0,0,btc,2007233.0,0.0,0.0,219
0.0000000000000051,[],28,[],2019-03-19 07:57:00,170722989.525,2.55e-18,1.01565225e-22,6975751,2019-03-19 07:57:00,doge,147882.12341823502,33645.968,0.00050000,"btc,doge",10030448.03261,0.0,1.702075359052437e-11,219
1,[],22,[],2019-03-19 07:57:03,405411.0,0.00000008,0.0000000000031863599999999998,6975752,2019-03-19 07:57:03,BTC,18.12597145,0.0,0.00000008,BTC,100266.74459740352,0.0,0.01918633,221
1,[],24,[],2019-03-19 07:57:03,0.0,0.000000200000,0.0000000000079659,6975753,2019-03-19 07:57:03,btc,0.0,0.0,0.000000200000,btc,0.0,0.0,0.0,221
1,[],20,[],2019-03-19 07:57:05,45692340.8893,0.000000007,0.0000000000002788065,6975754,2019-03-19 07:57:05,btc,506.0512866600224,694836.6151,0.000000007,btc,18117160.4203,0.0088495505643,0.0609070771051,224
0,[],22,[],2019-03-19 07:57:07,0.0,0,0,6975755,2019-03-19 07:57:07,,0.0,0.0,0,,0.0,0.0,0.0,224
1,[],26,[],2019-03-19 07:57:08,0.0,0.00000022,0.00000000000876249,6975756,2019-03-19 07:57:08,btc,0.0,0.0,0.00000022,btc,0.0,0.0,0.0,231
1,[],26,[],2019-03-19 07:57:08,0.0,0.00000005,0.000000000001991475,6975757,2019-03-19 07:57:08,btc,0.0,100.0,0.00000005,btc,0.0,0.0,0.0,234
0.0000000003457938,[],27,[],2019-03-19 07:57:11,2000.0,3.4579380000000002e-18,1.37727941571e-22,6975758,2019-03-19 07:57:11,eth,0.01134836604,0.0,0.00000001,"btc,eth",11462.996,0.0,6.915876e-15,234
1,[],4,[],2019-03-19 07:50:21,970301.68892904,0.00000102,0.000000000040654854,6975574,2019-03-19 07:50:21,btc,4.224399183329576,0.0,0.00000102,btc,1045235.24950736,0.26125491,0.4058532212414073,236
1,[],24,[],2019-03-19 07:50:21,0.0,0.000000500000,0.00000000001992885,6975575,2019-03-19 07:50:21,btc,0.0,0.0,0.000000500000,btc,0.0,0.0,0.0,236
1,[],20,[],2019-03-19 07:50:23,228081346.778,0.000000038,0.0000000000015145926,6975576,2019-03-19 07:50:23,btc,94.2206133716137,9446282.06,0.000000038,btc,31658022.7393,0.4168993607527,0.3671676097056,237
0.0000000001480154,[],22,[],2019-03-19 07:50:25,751594.9,2.5162618e-17,1.0029240794586001e-21,6975577,2019-03-19 07:50:25,LTC,1.20370855,0.0,0.00000017,LTC,18673.0,0.0,0.12541949,237
1,[],4,[],2019-03-19 07:57:12,10814614.64529006,0.00000038,0.00000000001513521,6975759,2019-03-19 07:57:12,btc,5.542209446425661,0.0,0.00000038,btc,8090265.62471842,0.76633152,3.10465063606184,238
1,[],5,[],2019-03-19 07:57:13,0.0,0,0,6975760,2019-03-19 07:57:13,btc,0.0,0.24351242,0,btc,0.0,0.0,0.0,238
0,[],22,[],2019-03-12 16:49:32,0.0,0,0,6914458,2019-03-12 16:49:32,,0.40415746,0.0,0,,526736.5639027493,0.0,0.0,249
0.0000000001478617,[],22,[],2019-03-19 07:38:59,48086691.666666664,4.435851e-18,1.766156254905e-22,6975384,2019-03-19 07:38:59,LTC,0.95711324,0.0,0.00000003,LTC,18565111.353636365,0.0,1.04160377,252
1,[],28,[],2019-03-19 07:57:14,1849204.661,0.00000071,0.000000000028278945,6975761,2019-03-19 07:57:14,btc,164753.57328995923,197887.09,0.00000071,btc,403640.1452,0.0,0.5588914855,256
1,[],22,[],2019-03-19 02:53:00,1324903.3333333333,0.00000003,0.000000000001199322,6972924,2019-03-19 02:53:00,BTC,34.00351985,0.0,0.00000003,BTC,848766.352203122,0.00055302,0.01868002,258
1,[],22,[],2019-03-13 00:07:30,47146.0,0.00000001,0.000000000000387233,6917028,2019-03-13 00:07:30,BTC,2.415167,0.0,0.00000001,BTC,157.0,0.0,0.00047146,259
1,[],5,[],2019-03-19 07:50:31,0.0,0,0,6975581,2019-03-19 07:50:31,btc,0.0,0.09750591,0,btc,0.0,0.0,0.0,264
1,[],20,[],2019-03-19 07:50:33,1270750.4846,0.00000151,0.000000000060185127,6975582,2019-03-19 07:50:33,btc,4.7937515498435,19192.4978,0.00000151,btc,96971.0661,0.043000279896,0.023082922896,264
0,[],22,[],2019-03-19 07:57:17,0.0,0,0,6975762,2019-03-19 07:57:17,,8.75641439,0.0,0,,455745.2241309945,0.0,0.0,271
0,[],22,[],2019-03-19 07:57:20,0.0,0,0,6975763,2019-03-19 07:57:20,,111841.37121834,0.0,0,,14248217297.692,0.0,0.0,272
0.0000000000000051,[],28,[],2019-03-19 07:57:22,197698804678.671,3.723e-21,1.482852285e-25,6975764,2019-03-19 07:57:22,doge,146108645.97311518,8072173368.4682,0.00000073,doge,249276592852.7726,0.0,4.895376161341023e-10,272
1,[],22,[],2019-03-19 07:57:25,187621.74,0.0000006,0.0000000000238977,6975765,2019-03-19 07:57:25,BTC,276.19598993,0.0,0.0000006,"BTC,LTC",192957.30099441917,0.00462721,0.04742634,281
1,[],22,[],2019-03-19 07:57:29,309496.0,0.00000006,0.00000000000238977,6975766,2019-03-19 07:57:29,BTC,1.32386061,0.0,0.00000006,BTC,419931.67976508307,0.00072731,0.00978178,286
0,[],22,[],2019-03-19 07:57:31,0.0,0,0,6975767,2019-03-19 07:57:31,,1044639.47241442,0.0,0,,766976285.0,0.0,0.0,294
