pairValue,buyBook,exchangeId,sellBook,updated,buyTotal,satoshiPrice,usdPrice,exchangeLogId,created,bestPair,sellTotalBtc,volume,pairPrice,activePairs,sellTotal,volumeBtc,buyTotalBtc,coinId
0,[],2,[],2019-01-20 23:28:45,0.0,0,0,6477011,2019-01-20 23:28:45,,0.0,0.0,0,,0.0,0.0,0.0,1
1,[],3,[],2019-02-17 10:05:04,30560.01843991618,0.01286501999999999958090857177239740849472582340240478515625,0.00000046816579681199997,6695395,2019-02-17 10:05:04,btc,107.08479442993608,0.000539342966,0.01286501999999999958090857177239740849472582340240478515625,btc,23.006266730051,0.0,0.2982879874228209,1
1,[],4,[],2019-02-17 10:05:06,95985.05945417,0.01300026,0.000000473087261556,6695396,2019-02-17 10:05:06,btc,0.9624743816240124,0.0,0.01300026,btc,68.67909481,0.77879546,1.257160920236985,1
1,[],5,[],2019-02-17 10:05:08,0.27161828,0.01300000,0.0000004730778,6695397,2019-02-17 10:05:08,btc,14578.76272571,0.004695,0.01300000,btc,35555556.29045762,0.0,2.2827212,1
1,[],10,[],2019-02-17 10:05:10,415529.83805689,0.00901072,0.000000327905507232,6695398,2019-02-17 10:05:10,btc,6528.146594271307,2157.54895858,0.00901072,btc,1294.78045717,0.0,4.103683179029976,1
1,[],12,[],2019-02-17 10:05:13,10428.93183461,0.0128500000000000003108624468950438313186168670654296875,0.00000046761921,6695399,2019-02-17 10:05:13,btc,0.2737197649685,0.0,0.0128500000000000003108624468950438313186168670654296875,btc,14.0717744,1.1844687054537,0.2610529770045,1
1,[],20,[],2019-02-17 10:05:15,1151.2564,0.010500212,0.0000003821090148072,6695400,2019-02-17 10:05:15,btc,0.0573537536243,0.0,0.010500212,btc,2.5253,0.0,0.0911161306007,1
1,[],21,[],2019-02-17 10:05:16,2413.99844593,0.01293001000000000046130654852,0.000000470530821906,6695401,2019-02-17 10:05:16,btc,23.04637653777292,2868.58842662,0.01293001000000000046130654851594954379834234714508056640625,"btc,eth",2145.62642242,32.92386255313132,26.121686912356243,1
1,[],22,[],2019-02-17 10:05:20,0.0163776,0.01300000,0.0000004730778,6695402,2019-02-17 10:05:20,BTC,0.31407927,0.0,0.01300000,BTC,0.10751954901960785,0.00012771,0.00020972,1
1,[],24,[],2019-02-17 10:05:21,0.0,0.000000000000,0,6695403,2019-02-17 10:05:21,btc,0.0,0.0,0.000000000000,btc,0.0,0.0,0.0,1
0.0,[],25,[],2019-02-17 10:05:22,0.0,0,0,6695404,2019-02-17 10:05:22,btc,27.347499997471964,2388.1920726,0.0,btc,2066.26749374,31.4094,0.0,1
1,[],26,[],2019-02-17 10:06:35,0.0,0,0,6695405,2019-02-17 10:06:35,,0.0,0.0,0,,0.0,0.0,0.0,1
1,[],28,[],2019-02-17 10:06:40,992.968,0.01231000,0.000000447968286,6695406,2019-02-17 10:06:40,btc,0.162839806,18222.3,0.01231000,btc,8.9,0.0,0.086870176,1
1,[],5,[],2019-02-17 10:06:42,1.472e-05,0.00000066,0.000000000024017796,6695407,2019-02-17 10:06:42,btc,0.12690282,8.12e-06,0.00000066,btc,6.166e-05,0.0,0.252549,2
0.0000000001284802,[],22,[],2019-02-17 10:06:46,1148.0,1.4132822e-16,5.143018722732e-21,6695408,2019-02-17 10:06:46,XMR,2.12185623,0.0,0.00000110,XMR,14319.12581,0.0,0.00087635,2
1,[],5,[],2019-02-17 10:06:47,1.29e-06,0.00000017,0.000000000006186402,6695409,2019-02-17 10:06:47,btc,4.3115323,0.04843966,0.00000017,btc,2.278e-05,0.0,3.50421559,3
1,[],12,[],2019-02-17 10:06:48,13173450.06666892,0.000000173,0.0000000000062955738,6695410,2019-02-17 10:06:48,btc,923761.816490103,0.0,0.000000173,btc,8799705.10931447,0.12160305859004933,0.6162600526039765,3
0,[],28,[],2019-02-17 10:06:54,0.0,0,0,6695411,2019-02-17 10:06:54,,0.0,0.0,0,,0.0,0.0,0.0,3
0,[],2,[],2019-01-20 23:31:32,0.0,0,0,6477077,2019-01-20 23:31:32,,0.0,0.0,0,,0.0,0.0,0.0,4
1,[],4,[],2019-02-17 10:06:55,401614.60929168,0.00000032,0.000000000011644992,6695412,2019-02-17 10:06:55,btc,0.3843263432853214,0.0,0.00000032,btc,337830.34099658,0.0019529,0.0550515297799035,4
1,[],12,[],2019-02-14 17:26:54,1405077.5219999999,0.00000004,0.000000000001441592,6666503,2019-02-14 17:26:54,btc,11113878.38315974,0.0,0.00000004,btc,1084186.13790569,0.0004039437362635,0.02355927044,5
0,[],2,[],2019-01-20 23:31:51,0.0,0,0,6477087,2019-01-20 23:31:51,,0.0,0.0,0,,0.0,0.0,0.0,6
1,[],11,[],2019-02-17 10:06:57,6401309.5,0.00000002,0.000000000000727812,6695413,2019-02-17 10:06:57,btc,9433.292373620638,280000.0,0.00000002,btc,40128064.15478057,0.0,0.089535885,6
1,[],3,[],2019-02-17 10:06:58,1093.684125679592,0.0001474299999999999894427504809613083125441335141658782958984375,0.0000000053650661579999995,6695414,2019-02-17 10:06:58,btc,27.605796873748474,0.0,0.0001474299999999999894427504809613083125441335141658782958984375,btc,249.144760639695,0.0,0.03438225585745869,7
1,[],4,[],2019-02-17 10:06:59,15582.52792568,0.00023043,0.000000008385485958,6695415,2019-02-17 10:06:59,btc,2.516738408528555,0.0,0.00023043,btc,9699.92472509,6.68418777,3.0949724226763307,7
1,[],5,[],2019-02-17 10:07:01,0.00746818,0.00022900,0.0000000083334474,6695416,2019-02-17 10:07:01,btc,2.07292646,1.58158934,0.00022900,btc,0.01447209,0.0,1.61402161,7
1,[],20,[],2019-02-16 22:15:34,39399800.8418,0.000000001,0.0000000000000362764,6690571,2019-02-16 22:15:34,btc,116.8105547367511,4113491.0,0.000000001,btc,57099322.9204,0.004113491,0.0393998008418,8
0,[],2,[],2019-01-20 23:22:42,0.0,0,0,6476876,2019-01-20 23:22:42,,0.0,0.0,0,,0.0,0.0,0.0,9
0,[],23,[],2019-01-20 23:22:48,0.0,0,0,6476878,2019-01-20 23:22:48,,0.0,0.0,0,,0.0,0.0,0.0,9
1,[],1,[],2019-02-17 10:07:04,2567799.13,0.000001799999999999999918546601286595265634105089702643454074859619140625,0.00000000006550308,6695417,2019-02-17 10:07:04,btc,2.6584766539,13156113.84,0.000001799999999999999918546601286595265634105089702643454074859619140625,btc,1447830.77,23.97704311,4.5549572876,9
1,[],4,[],2019-02-17 10:07:05,509350.15072911,0.00000181,0.000000000065866986,6695418,2019-02-17 10:07:05,btc,0.7057731048261467,0.0,0.00000181,btc,375336.02158201,0.935277,0.8903008702444298,9
1,[],28,[],2019-02-17 10:07:10,43336.934,0.00000167,0.000000000060772302,6695419,2019-02-17 10:07:10,btc,2708.76126858,3662999.0,0.00000167,btc,11769.36,0.0,0.04320967978,9
1,[],4,[],2019-02-17 10:07:10,4341674.27126056,0.00000002,0.000000000000727812,6695420,2019-02-17 10:07:10,btc,0.1997230937751353,0.0,0.00000002,btc,4109766.79808031,0.00215132,0.0479381022052112,10
0,[],2,[],2019-01-20 23:23:08,0.0,0,0,6476890,2019-01-20 23:23:08,,0.0,0.0,0,,0.0,0.0,0.0,12
1,[],4,[],2019-02-17 10:07:11,1053936.98774754,0.00000173,0.000000000062955738,6695421,2019-02-17 10:07:11,btc,2.8400896316422135,0.0,0.00000173,btc,1480882.91048901,9.58176006,1.6436142965691256,12
1,[],5,[],2019-02-17 10:07:13,3.693e-05,0.00000164,0.000000000059680584,6695422,2019-02-17 10:07:13,btc,0.50980839,1.04834336,0.00000164,btc,0.00012112,0.0,0.72603728,12
0.0,[],25,[],2019-02-17 10:07:15,0.0,0,0,6695423,2019-02-17 10:07:15,,0.0,0.0,0.0,btc,0.0,0.0,0.0,12
1,[],4,[],2019-02-17 10:07:17,1402275.39464946,0.00000626,0.000000000227805156,6695424,2019-02-17 10:07:17,btc,0.8398176858938536,0.0,0.00000626,btc,121716.72272889,0.29774184,1.8737722873453948,13
1,[],10,[],2019-02-17 10:07:19,453450.06668559,0.00000615,0.00000000022380219000000003,6695425,2019-02-17 10:07:19,btc,666805.4465948367,3604.66692681,0.00000615,btc,724434.19686115,0.0,0.4165356931282587,13
1,[],21,[],2019-02-17 10:07:21,765328.05790947,0.000006139999999999999658625935567,0.000000000223438284,6695426,2019-02-17 10:07:21,btc,6.7296226120547376,1428082.67656031,0.0000061399999999999996586259355668691028995453962124884128570556640625,btc,944284.99553394,8.84542342,4.318680587928992,13
1,[],4,[],2019-02-17 10:07:22,985302.75227055,0.00000138,0.000000000050219028,6695427,2019-02-17 10:07:22,btc,0.1137221811978325,0.0,0.00000138,btc,62306.43666154,0.01298478,0.4111173558972882,14
1,[],12,[],2019-02-17 10:07:23,85543.2231405,0.000001250000000000000102253817392539136932327892282046377658843994140625,0.00000000004548825000000001,6695428,2019-02-17 10:07:23,btc,2.7758729461257214,0.0,0.000001250000000000000102253817392539136932327892282046377658843994140625,btc,29994.22510305,0.0,0.009337320000005,14
1,[],26,[],2019-02-17 10:07:33,0.0,0,0,6695429,2019-02-17 10:07:33,,0.0,0.0,0,,0.0,0.0,0.0,14
0,[],17,[],2019-02-17 09:18:58,0.0,0,0,6695224,2019-02-17 09:18:58,btc,0.0,0.0,0,btc,0.0,0.0,0.0,14
0,[],4,[],2019-02-17 10:07:34,0.0,0,0,6695430,2019-02-17 10:07:34,,0.0,0.0,0,,0.0,0.0,0.0,15
,[],12,[],2018-12-01 15:15:48,204241.84496,0.00000489,0.000000000202473384,5260204,2018-12-01 15:15:48,btc,49.5475654835,0.0,,btc,35763.2193806,0.0163153972027625,0.0203389899998,15
1,[],4,[],2019-02-17 10:07:36,28482.73533422,0.00001824,0.000000000663764544,6695431,2019-02-17 10:07:36,btc,2.212290708735679,0.0,0.00001824,btc,7375.84628037,0.01157632,0.1277895797448175,18
1,[],10,[],2019-02-17 10:07:38,791546.5916258,0.000019,0.0000000006914214,6695432,2019-02-17 10:07:38,btc,15.52915220904602,1024.69620288,0.000019,btc,10210.50512208,0.0,0.3571547059218051,18
1,[],12,[],2019-02-17 10:07:40,204300.26248052,0.00001775000000000000115554267543505062576514319516718387603759765625,0.00000000064593315,6695433,2019-02-17 10:07:40,btc,22.612206077513395,0.0,0.00001775000000000000115554267543505062576514319516718387603759765625,btc,1876.5724077,0.0001021803686937,0.0338204714489038,18
0,[],17,[],2019-02-17 10:07:42,0.0,0,0,6695434,2019-02-17 10:07:42,btc,0.0,0.0,0,btc,0.0,0.0,0.0,18
0,[],2,[],2019-01-20 23:23:38,0.0,0,0,6476906,2019-01-20 23:23:38,,0.0,0.0,0,,0.0,0.0,0.0,18
1,[],3,[],2019-02-17 10:07:43,120769.33772850197,0.0000229699999999999986111630378982084721428691409528255462646484375,0.0000000008358920819999999,6695435,2019-02-17 10:07:43,btc,0.4387908773834692,9608.81825373,0.0000229699999999999986111630378982084721428691409528255462646484375,btc,5028.998059855501,0.0,0.07964103795709376,19
1,[],4,[],2019-02-17 10:07:43,268830.10306083,0.00002420,0.00000000088065252,6695436,2019-02-17 10:07:43,btc,0.1732634613075833,0.0,0.00002420,btc,6514.53977632,0.71495485,2.21877474805296,19
1,[],5,[],2019-02-17 10:07:45,0.00015502,0.00002104,0.000000000765658224,6695437,2019-02-17 10:07:45,btc,0.21179194,0.00026444,0.00002104,btc,0.00296033,0.0,0.06692384,19
1,[],12,[],2019-02-17 10:07:46,134797.92936473,0.000022509999999999999627242619482103691552765667438507080078125,0.000000000819152406,6695438,2019-02-17 10:07:46,btc,0.0293649167813548,0.0,0.000022509999999999999627242619482103691552765667438507080078125,btc,290.66393647,0.0,0.0323620500000723,19
0,[],27,[],2019-02-17 10:07:55,0.0,0,0,6695439,2019-02-17 10:07:55,,0.0,0.0,0,btc,0.0,0.0,0.0,19
0,[],2,[],2019-01-20 23:24:19,0.0,0,0,6476924,2019-01-20 23:24:19,,0.0,0.0,0,,0.0,0.0,0.0,19
1,[],4,[],2019-02-17 10:07:56,8088873.07731539,0.00000014,0.000000000005094684,6695440,2019-02-17 10:07:56,btc,0.7457130922492494,0.0,0.00000014,btc,1594207.2060696,0.0,0.2609889090751498,20
1,[],4,[],2019-02-17 10:07:57,111488556.5486164,0.00000002,0.000000000000727812,6695441,2019-02-17 10:07:57,btc,0.4408008187206992,0.0,0.00000002,btc,12807883.52271071,0.01431169,1.2676115748529682,21
1,[],12,[],2019-02-17 10:07:58,17382041.0,0.00000002,0.000000000000727812,6695442,2019-02-17 10:07:58,btc,669.7079376617195,0.0,0.00000002,btc,8590953.269732941,4e-05,0.2198611,21
0,[],17,[],2019-02-17 09:19:46,0.0,0,0,6695239,2019-02-17 09:19:46,btc,0.0,0.0,0,btc,0.0,0.0,0.0,21
1,[],12,[],2019-02-17 10:08:10,2575336595.043896,0.0000000002,0.000000000000007278120000000001,6695443,2019-02-17 10:08:10,btc,880864730989.108,0.0,0.0000000002,btc,4235975530.77168,0.021753078071728275,0.2616829876555898,23
0,[],27,[],2019-02-17 10:08:14,0.0,0,0,6695444,2019-02-17 10:08:14,,1.3429826565934113,0.0,0,eth,1964879.85514486,0.0,0.0,23
1,[],4,[],2019-02-17 10:08:15,386650.96567837,0.00000074,0.000000000026929044000000002,6695445,2019-02-17 10:08:15,btc,0.1696349409660205,0.0,0.00000074,btc,172723.49331885,0.01398819,0.1986110304845141,24
1,[],22,[],2019-02-17 10:08:19,11.76,0.00000100,0.0000000000363906,6695446,2019-02-17 10:08:19,BTC,7.415e-05,0.0,0.00000100,BTC,23.919354838709676,0.0,1.176e-05,24
0.0,[],25,[],2019-02-17 10:08:21,0.0,0,0,6695447,2019-02-17 10:08:21,,0.0,0.0,0.0,btc,0.0,0.0,0.0,24
1,[],4,[],2019-02-17 10:08:25,26865980.12214351,0.00000603,0.000000000219435318,6695448,2019-02-17 10:08:25,btc,0.6415792727921761,0.0,0.00000603,btc,59415.85339446,0.07162942,0.4761620862883573,26
1,[],10,[],2019-02-17 10:08:26,683124.32364576,0.0000054,0.00000000019650924,6695449,2019-02-17 10:08:26,btc,25.927272136924913,0.0,0.0000054,btc,14351.41452713,0.0,0.214323946852821,26
0,[],2,[],2019-01-20 23:25:56,0.0,0,0,6476976,2019-01-20 23:25:56,,0.0,0.0,0,,0.0,0.0,0.0,26
1,[],3,[],2019-02-17 10:08:27,5799822.95913569,0.00000001,0.000000000000363906,6695450,2019-02-17 10:08:27,btc,2.696003696209302,190713.0,0.00000001,btc,17077574.61059958,0.0,0.0579982295913569,27
1,[],5,[],2019-02-17 10:08:28,1e-08,0.00000001,0.000000000000363906,6695451,2019-02-17 10:08:28,btc,1.5981049,0.0,0.00000001,btc,4.345e-05,0.0,0.09876515,27
1,[],11,[],2019-02-17 10:08:30,9803584.35433359,0.00000005,0.00000000000181953,6695452,2019-02-17 10:08:30,btc,67506.53097482225,8080.0,0.00000005,btc,8171781.9463934,0.0,0.458287845339645,27
1,[],4,[],2019-02-17 10:08:31,536454050.3403461,0.00000002,0.000000000000727812,6695453,2019-02-17 10:08:31,btc,0.22865168255737284,0.0,0.00000002,"btc,ltc",14795298.79727038,0.1860605,8.250662497583495,29
1,[],7,[],2019-02-17 10:08:32,28336090.63491832,0.00000002,0.000000000000727812,6695454,2019-02-17 10:08:32,btc,44465227.24581593,1628.0,0.00000002,btc,55818666.563420214,0.0,0.41187488825014074,29
1,[],4,[],2019-02-17 10:08:34,1482279.91899248,0.00000034,0.000000000012372804,6695455,2019-02-17 10:08:34,btc,0.2710310660043079,0.0,0.00000034,btc,437749.15597306,0.09836026,0.1186228327813348,30
0,[],17,[],2019-02-17 08:17:26,0.0,0,0,6694862,2019-02-17 08:17:26,btc,0.0,0.0,0,btc,0.0,0.0,0.0,30
1,[],4,[],2019-02-17 10:08:35,1139108.84348808,0.00006153,0.000000002239113618,6695456,2019-02-17 10:08:35,btc,0.6379695337369706,0.0,0.00006153,btc,9326.33884925,1.32310604,1.6759952946673178,31
1,[],21,[],2019-02-17 10:08:36,54822.51401103,0.00006114000000000000076966211182,0.000000002224921284,6695457,2019-02-17 10:08:36,btc,2.2915762905216384,144142.64841573,0.000061140000000000000769662111821389771648682653903961181640625,btc,34024.00004813,8.86766477,3.031407043082129,31
0,[],2,[],2019-01-20 23:28:43,0.0,0,0,6477009,2019-01-20 23:28:43,,0.0,0.0,0,,0.0,0.0,0.0,32
1,[],4,[],2019-02-17 10:08:38,212923342.04473072,0.00000005,0.00000000000181953,6695458,2019-02-17 10:08:38,btc,2.5514696955865963,0.0,0.00000005,"btc,ltc",52749050.29780152,0.44678989,6.045575036675523,33
1,[],12,[],2019-02-17 10:08:39,14551256.0,0.00000004,0.000000000001455624,6695459,2019-02-17 10:08:39,btc,34508956.32229486,0.0,0.00000004,btc,88951095.55044933,0.0011685003196821,0.47082225,33
1,[],4,[],2019-02-17 10:08:40,134512689.14363936,0.00000001,0.000000000000363906,6695460,2019-02-17 10:08:40,btc,1.0188044682128032,0.0,0.00000001,btc,42287359.57082942,0.00286613,1.3451268914363936,34
1,[],5,[],2019-02-17 10:08:41,1e-08,0.00000001,0.000000000000363906,6695461,2019-02-17 10:08:41,btc,5.07966976,0.00010071,0.00000001,btc,1.343e-05,0.0,0.8465817,34
0.0000000001203749,[],4,[],2019-02-17 10:08:42,1119033313.6805484,2.407498e-18,8.76102967188e-23,6695462,2019-02-17 10:08:42,ltc,9.813374138939048e-09,0.0,0.00000002,ltc,1937311097.353282,0.0,2.0354185583661075e-09,36
1,[],5,[],2019-02-17 10:08:43,0.0,0,0,6695463,2019-02-17 10:08:43,btc,197.51755871,0.0,0,btc,1.325e-05,0.0,0.0,36
0,[],17,[],2019-02-17 10:08:46,0.0,0,0,6695464,2019-02-17 10:08:46,btc,0.14155809878802234,0.0,0,btc,10796613.27743647,0.0,0.0,36
0.0000000003420918,[],27,[],2019-02-17 10:08:50,7.0,3.420918e-18,1.244892585708e-22,6695465,2019-02-17 10:08:50,eth,122.40837357787,390.0,0.00000001,"ltc,eth",3712011.3029,5.336632079999999e-13,2.3946426e-17,36
1,[],17,[],2019-02-17 08:07:00,1752.74075282,0.00000025,0.000000000009106225,6694674,2019-02-17 08:07:00,btc,0.055484923777095005,0.0,0.00000025,btc,1319.19918473,0.0,0.00043818518820499993,37
1,[],4,[],2019-02-17 10:08:51,416573.25758558,0.00000091,0.000000000033115446,6695466,2019-02-17 10:08:51,btc,0.3170722689255713,0.0,0.00000091,btc,217514.11784393,0.09327304,0.2385198527878403,37
1,[],12,[],2019-02-17 10:08:52,451991.28846154,0.00000083,0.000000000030204198,6695467,2019-02-17 10:08:52,btc,1364.080063037189,0.0,0.00000083,btc,743153.19127336,0.1610890978248685,0.076866320000001,37
1,[],27,[],2019-02-17 10:08:56,16202.0,0.00000046,0.000000000016739676,6695468,2019-02-17 10:08:56,btc,26.25770832162233,0.0,0.00000046,btc,6830.24738508,0.0,0.00549722,37
1,[],5,[],2019-02-17 10:08:57,1.378e-05,0.00000095,0.00000000003457107,6695469,2019-02-17 10:08:57,btc,0.08558324,0.01986459,0.00000095,btc,9.3e-05,0.0,0.03890855,42
1,[],12,[],2019-02-17 10:08:58,135188.28223277,0.0000009,0.00000000003275154,6695470,2019-02-17 10:08:58,btc,92.88388615184122,0.0,0.0000009,btc,89398.20504743,0.0105918127961956,0.0422141799999988,42
0,[],27,[],2019-02-17 10:09:03,0.0,0,0,6695471,2019-02-17 10:09:03,,0.00315028,0.0,0,"btc,eth",11.007,0.0,0.0,42
1,[],5,[],2019-02-17 10:09:05,3e-08,0.00000002,0.000000000000727812,6695472,2019-02-17 10:09:05,btc,5.90221239,0.00477382,0.00000002,btc,1.425e-05,0.0,0.6192114,43
1,[],12,[],2019-02-17 10:09:06,4111535.0,0.00000001,0.000000000000363906,6695473,2019-02-17 10:09:06,btc,20007457.492696133,0.0,0.00000001,btc,38975737.48691304,1.7992008e-07,0.04111535,43
0,[],17,[],2019-02-17 10:09:08,0.0,0,0,6695474,2019-02-17 10:09:08,btc,0.0,0.0,0,btc,0.0,0.0,0.0,43
1,[],12,[],2019-02-17 10:09:09,721838.0,0.00000005,0.00000000000181953,6695475,2019-02-17 10:09:09,btc,11115166.704775382,0.0,0.00000005,btc,1033322.31470526,1.325e-05,0.01909645,44
1,[],4,[],2019-02-17 10:09:10,325387779.29203546,0.00000002,0.000000000000727812,6695476,2019-02-17 10:09:10,btc,0.18862180692509392,0.0,0.00000002,"btc,ltc",4553724.85245401,0.00038778,0.4291841531186395,49
0.0000000001203749,[],4,[],2019-02-17 10:09:12,116661360.44484335,1.203749e-18,4.38051483594e-23,6695477,2019-02-17 10:09:12,ltc,4.645173508285386,0.0,0.00000001,ltc,3616573317.324867,0.0,1.4043099597411975e-10,52
0,[],22,[],2019-02-17 10:09:15,0.0,0,0,6695478,2019-02-17 10:09:15,,4368.07440295,0.0,0,,262751443.67882353,0.0,0.0,57
0,[],27,[],2019-02-17 10:09:19,0.0,0,0,6695479,2019-02-17 10:09:19,,0.0,0.0,0,"btc,eth",0.0,0.0,0.0,57
0.0000000001203749,[],4,[],2019-02-17 10:09:20,1101935055.6452186,4.814996e-18,1.752205934376e-22,6695480,2019-02-17 10:09:20,ltc,3.272209002467449,0.0,0.00000004,ltc,879365952.1043086,0.0,3.392331651704817e-09,58
1,[],12,[],2019-02-17 10:09:21,1741011638.843957,0.0000000005,0.0000000000000181953,6695481,2019-02-17 10:09:21,btc,224005490952.3923,0.0,0.0000000005,btc,3723226250.8401756,0.006875532132367642,0.5855952457011392,58
0,[],17,[],2019-02-17 10:09:32,0.0,0,0,6695482,2019-02-17 10:09:32,btc,1e+24,0.0,0,btc,41401875.8285055,0.0,0.0,58
0.0000000001284802,[],22,[],2019-02-17 10:09:37,137438.0,1.284802e-18,4.67547156612e-23,6695483,2019-02-17 10:09:37,XMR,69.8835922,0.0,0.00000001,XMR,9887963.0,0.0,0.00137438,58
1,[],5,[],2019-02-17 10:09:39,4.19e-06,0.00000045,0.00000000001637577,6695484,2019-02-17 10:09:39,btc,0.10074337,0.01028531,0.00000045,btc,4.865e-05,0.0,0.0823055,61
1,[],22,[],2019-02-17 10:09:43,5149.5,0.00000011,0.000000000004002966,6695485,2019-02-17 10:09:43,BTC,1002.29597012,0.0,0.00000011,BTC,14947.700278135757,1.2e-05,0.00051596,61
1,[],26,[],2019-02-17 10:09:43,0.0,0,0,6695486,2019-02-17 10:09:43,,0.0,0.0,0,,0.0,0.0,0.0,61
1,[],27,[],2019-02-17 10:09:47,33706.14,0.00000032,0.000000000011644992,6695487,2019-02-17 10:09:47,btc,2.9219547670987,820.57125583,0.00000032,"btc,eth",18456.34251567,0.0003880000233309276,8.821000809104523e-05,61
1,[],28,[],2019-02-17 10:09:52,13882.304,0.0000005,0.0000000000181953,6695488,2019-02-17 10:09:52,btc,2.062488404235105,6755.0,0.0000005,btc,15611.87550005,0.0,0.00566491304,61
1,[],4,[],2019-02-17 10:09:53,515959.64560281,0.00000302,0.000000000109899612,6695489,2019-02-17 10:09:53,btc,1.369921681430811,0.0,0.00000302,btc,322105.44848432,0.27397686,0.9262961398966638,67
0.0,[],25,[],2019-02-17 10:09:55,0.0,0,0,6695490,2019-02-17 10:09:55,,0.0,0.0,0.0,btc,0.0,0.0,0.0,67
1,[],12,[],2019-02-17 10:09:56,3432825.20190597,0.00000015,0.00000000000545859,6695491,2019-02-17 10:09:56,btc,11115995.90177819,0.0,0.00000015,btc,1875091.42549394,0.0029137795904108,0.1297657164411098,71
,[],5,[],2018-11-20 23:02:39,1.5e-07,0.00000005,0.000000000002128045,4862160,2018-11-20 23:02:39,btc,2.84511358,0.0,,btc,0.00036572,0.0,0.07381892,74
1,[],5,[],2019-02-17 10:09:58,3.049e-05,0.00000156,0.000000000056769336,6695492,2019-02-17 10:09:58,btc,1.5424315,0.0,0.00000156,btc,0.00016981,0.0,0.30484564,75
1,[],4,[],2019-02-17 10:09:59,29738604.75692337,0.00000001,0.000000000000363906,6695493,2019-02-17 10:09:59,btc,0.8487978482018892,0.0,0.00000001,btc,15391342.79181637,0.0,0.2973860475692337,81
0,[],20,[],2019-01-25 09:30:31,0.0,0,0,6495923,2019-01-25 09:30:31,btc,0.0,0.0,0,btc,0.0,0.0,0.0,81
1,[],4,[],2019-02-17 10:10:01,28322.11128583,0.00007599,0.000000002765321694,6695494,2019-02-17 10:10:01,btc,1.1913387028061093,0.0,0.00007599,btc,10374.81958277,0.01907679,0.1739989946233045,82
1,[],21,[],2019-02-17 10:10:01,145154.62687785,0.00008396000000000000251104692595,0.0000000030553547760000002,6695495,2019-02-17 10:10:01,btc,2.5201940718056886,20831.77129804,0.000083960000000000002511046925945947805303148925304412841796875,btc,23144.50155494,1.77057567,2.9447697506850705,82
0,[],17,[],2019-02-17 10:10:13,0.0,0,0,6695496,2019-02-17 10:10:13,btc,0.0447233088476774,0.0,0,btc,999127.19588126,0.0,0.0,84
0.0000000001203749,[],4,[],2019-02-17 10:10:14,169845660.42404604,8.426243e-18,3.066360385158e-22,6695497,2019-02-17 10:10:14,ltc,0.19569063260830347,0.0,0.00000007,ltc,98137928.88814272,0.0,8.274691677694727e-10,85
,[],22,[],2018-11-20 23:09:34,3408.1,0.0000001,0.0000000000041895,4862324,2018-11-20 23:09:34,BTC,0.04624735,0.0,,BTC,4990.0,0.0,0.00033081,86
0,[],22,[],2019-02-17 10:10:17,0.0,0,0,6695498,2019-02-17 10:10:17,,2.0760781,0.0,0,,140622.94736842104,0.0,0.0,87
0,[],27,[],2019-02-17 10:10:20,0.0,0,0,6695499,2019-02-17 10:10:20,,0.0,0.0,0,btc,0.0,0.0,0.0,87
,[],2,[],2018-11-20 23:10:47,0.0,0,0,4862359,2018-11-20 23:10:47,,0.0,0.0,,,0.0,0.0,0.0,88
1,[],11,[],2019-02-17 10:10:22,95238.11496066,0.00014308999999999998694981406810455837330664508044719696044921875,0.000000005207130953999999,6695500,2019-02-17 10:10:22,btc,609.7501024473038,336.2,0.00014308999999999998694981406810455837330664508044719696044921875,btc,93202.68706677,0.0,6.327638195555258,89
0,[],2,[],2019-01-20 23:31:45,0.0,0,0,6477083,2019-01-20 23:31:45,,0.0,0.0,0,,0.0,0.0,0.0,91
1,[],12,[],2019-02-17 10:10:23,436194.73394301,0.00000206000000000000018206681821897330308956952649168670177459716796875,0.000000000074964636,6695501,2019-02-17 10:10:23,btc,4.168336728136606,0.0,0.00000206000000000000018206681821897330308956952649168670177459716796875,btc,46783.04694967,0.0029522285684338,0.0583823256729595,91
0,[],17,[],2019-02-17 10:10:25,0.0,0,0,6695502,2019-02-17 10:10:25,btc,0.0,0.0,0,btc,0.0,0.0,0.0,91
0.0000000001203749,[],22,[],2019-02-17 10:10:30,4508000.0,4.814996e-18,1.752205934376e-22,6695503,2019-02-17 10:10:30,LTC,8.12129807,0.0,0.00000004,LTC,66745238.1,8.1854932e-14,0.14507,95
0,[],17,[],2019-02-17 08:08:27,0.0,0,0,6694711,2019-02-17 08:08:27,btc,0.0,0.0,0,btc,0.0,0.0,0.0,96
0.0000000001203749,[],4,[],2019-02-17 10:10:32,135841609.38006067,9.389242199999999e-17,3.4168015720332e-21,6695504,2019-02-17 10:10:32,ltc,0.9674758600255626,0.0,0.00000078,ltc,47615876.08000452,0.00692518,1.1624271847815204e-09,96
1,[],12,[],2019-02-17 10:10:33,294714.0,0.00000001,0.000000000000363906,6695505,2019-02-17 10:10:33,btc,255052.49766885003,0.0,0.00000001,btc,8744507.55375598,0.00015225,0.00294714,96
1,[],4,[],2019-02-17 10:10:44,1588731.89642528,0.00000038,0.000000000013828428,6695506,2019-02-17 10:10:44,btc,0.4042811638060361,0.0,0.00000038,btc,647440.96564288,0.12358028,0.1973057853890756,99
1,[],4,[],2019-02-17 10:10:45,207775.81061522,0.00003967,0.000000001443615102,6695507,2019-02-17 10:10:45,btc,1.182574838736598,0.0,0.00003967,btc,27024.06375281,0.57031145,1.666622413313278,100
0,[],2,[],2019-01-20 23:23:55,0.0,0,0,6476914,2019-01-20 23:23:55,,0.0,0.0,0,,0.0,0.0,0.0,100
1,[],22,[],2019-02-17 10:10:50,50000.0,0.00000001,0.000000000000363906,6695508,2019-02-17 10:10:50,BTC,23.49896609,0.0,0.00000001,BTC,10277.22,0.0,0.0005,101
1,[],4,[],2019-02-17 10:10:51,383824.294167,0.00000086,0.000000000031295916,6695509,2019-02-17 10:10:51,btc,0.4137392328652085,0.0,0.00000086,btc,166735.38571043,0.06840468,0.1818994089108564,103
1,[],12,[],2019-02-17 10:10:54,43442638.4663887,0.000000016,0.0000000000005822496,6695510,2019-02-17 10:10:54,btc,137279205.86320332,0.0,0.000000016,btc,122412490.24029388,0.05703263816833707,0.1685291184622192,105
1,[],27,[],2019-02-17 10:10:58,3997411.89,0.00000001,0.000000000000363906,6695511,2019-02-17 10:10:58,btc,0.2583299431492299,0.0,0.00000001,btc,303168.20460553,0.0,0.0399741189,105
1,[],22,[],2019-02-17 10:11:02,9328.0,0.00000001,0.000000000000363906,6695512,2019-02-17 10:11:02,BTC,51.10825004,0.0,0.00000001,BTC,468935.0,0.0,9.328e-05,107
1,[],26,[],2019-02-17 10:11:02,0.0,0,0,6695513,2019-02-17 10:11:02,,0.0,0.0,0,,0.0,0.0,0.0,107
1,[],5,[],2019-02-17 10:11:04,1e-08,0.00000001,0.000000000000363906,6695514,2019-02-17 10:11:04,btc,2.90527843,7.65e-06,0.00000001,btc,1.571e-05,0.0,0.0857772,112
1,[],22,[],2019-02-17 10:11:07,1966.0,0.00000001,0.000000000000363906,6695515,2019-02-17 10:11:07,BTC,2.81183288,0.0,0.00000001,BTC,808524.0833333334,0.0,1.966e-05,112
0,[],27,[],2019-02-17 10:11:13,0.0,0,0,6695516,2019-02-17 10:11:13,,1.35132491849924,0.0,0,"btc,eth",1328.641654,0.0,0.0,112
1,[],4,[],2019-02-17 10:11:14,459948.07753708,0.00000346,0.000000000125911476,6695517,2019-02-17 10:11:14,btc,0.2335169180313176,0.0,0.00000346,btc,51334.6896095,0.1287058,0.221976110463362,113
1,[],5,[],2019-02-17 10:11:15,1.541e-05,0.00000311,0.00000000011317476600000001,6695518,2019-02-17 10:11:15,btc,2.15119258,0.0,0.00000311,btc,0.00283452,0.0,0.23742725,113
0,[],27,[],2019-02-17 10:11:19,0.0,0,0,6695519,2019-02-17 10:11:19,,0.0,0.0,0,btc,0.0,0.0,0.0,116
1,[],17,[],2019-02-17 09:24:52,152738.278,0.00000004,0.000000000001454764,6695313,2019-02-17 09:24:52,btc,1.3368030274713538,0.0,0.00000004,btc,51896.221,0.0,0.0022095311199999998,116
1,[],4,[],2019-02-17 10:11:20,27003.44038629,0.00003206,0.000000001166682636,6695520,2019-02-17 10:11:20,btc,0.8869959417834646,0.0,0.00003206,btc,25220.41664033,2.22884529,0.7411959236877032,120
1,[],7,[],2019-02-17 10:11:23,18264.29414129,0.00003034000000000000089287084670264249552928959019482135772705078125,0.000000001104090804,6695521,2019-02-17 10:11:23,btc,115647.13841280458,7967.76406961,0.00003034000000000000089287084670264249552928959019482135772705078125,btc,27881.50954093,0.26332376,0.0774076293738539,120
1,[],20,[],2019-02-17 10:11:25,1081770.5897,0.000000016,0.0000000000005822496,6695522,2019-02-17 10:11:25,btc,31.5529793801051,6974.0,0.000000016,btc,1168796.9594,0.0001087233,0.0051494419174,125
1,[],22,[],2019-02-17 10:11:29,3053.0,0.00000001,0.000000000000363906,6695523,2019-02-17 10:11:29,BTC,0.01444887,0.0,0.00000001,BTC,296263.5111111111,2e-08,3.053e-05,126
1,[],4,[],2019-02-17 10:11:30,120720.15949729,0.00001737,0.000000000632104722,6695524,2019-02-17 10:11:30,btc,0.747969804828543,0.0,0.00001737,btc,30830.1162893,0.51461024,0.9583032711379529,131
0,[],17,[],2019-02-17 10:11:32,0.0,0,0,6695525,2019-02-17 10:11:32,btc,0.0009561751951600001,0.0,0,btc,35.42829368,0.0,0.0,131
0,[],2,[],2019-01-20 23:25:46,0.0,0,0,6476969,2019-01-20 23:25:46,,0.0,0.0,0,,0.0,0.0,0.0,131
1,[],4,[],2019-02-17 10:11:34,4551.89975175,0.00016012,0.000000005826862872,6695526,2019-02-17 10:11:34,btc,1.6421815711089056,0.0,0.00016012,btc,308.40189166,0.0,0.0081054244560917,135
1,[],3,[],2019-02-17 10:11:34,1735992.03905174,0.00000007,0.0000000000025473420000000003,6695527,2019-02-17 10:11:34,btc,0.1270532223834843,30041.75,0.00000007,btc,480488.46388408,0.0,0.0632175051137008,136
1,[],4,[],2019-02-17 10:11:35,66401.28122777,0.00000175,0.00000000006368355,6695528,2019-02-17 10:11:35,btc,0.1214846540486195,0.0,0.00000175,btc,57171.22842747,0.07674421,0.0820128744380566,137
1,[],12,[],2019-02-17 10:11:37,301262.22362464,0.00000176000000000000008976326626441988310034503228962421417236328125,0.000000000064047456,6695529,2019-02-17 10:11:37,btc,11981.691769143572,0.0,0.00000176000000000000008976326626441988310034503228962421417236328125,btc,158418.67311817,0.0044937776913157,0.0351520798320248,137
1,[],4,[],2019-02-17 10:11:38,118919.1182409,0.00005083,0.000000001849734198,6695530,2019-02-17 10:11:38,btc,0.9959105551560867,0.0,0.00005083,btc,13829.21980516,0.9736871,0.5525777401121938,142
1,[],5,[],2019-02-17 10:11:43,0.00196888,0.00005424,0.000000001973826144,6695531,2019-02-17 10:11:43,btc,1.71480184,0.57131044,0.00005424,btc,0.00354139,0.0,1.32226129,142
1,[],17,[],2019-02-17 10:11:44,22967.386363640002,0.00000088,0.000000000032023728,6695532,2019-02-17 10:11:44,btc,20.069913352671634,0.0,0.00000088,btc,2746.079105,0.0,0.0104613000000032,142
1,[],20,[],2019-02-17 10:11:46,133829.7294,0.000033861,0.0000000012322221066,6695533,2019-02-17 10:11:46,btc,0.3392723240832,0.0,0.000033861,btc,3019.3309,0.0,0.2501102664098,142
1,[],22,[],2019-02-17 10:11:50,1613.354305200341,0.00003220,0.00000000117177732,6695534,2019-02-17 10:11:50,BTC,3.0070065,0.0,0.00003220,BTC,896.9784641392417,0.0,0.0018856,142
0.0,[],25,[],2019-02-17 10:11:51,0.0,0,0,6695535,2019-02-17 10:11:51,,0.0,0.0,0.0,btc,0.0,0.0,0.0,142
1,[],28,[],2019-02-17 10:11:53,77743.0,0.00004500,0.000000001637577,6695536,2019-02-17 10:11:53,btc,0.057077112,1107.0,0.00004500,btc,355.5089,0.0,0.0519372,142
0,[],22,[],2019-02-17 10:11:56,0.0,0,0,6695537,2019-02-17 10:11:56,,67.4417569,0.0,0,,836095972.3,0.0,0.0,143
1,[],21,[],2019-02-17 10:11:57,36295716.19916631,0.00000027,0.000000000009825462,6695538,2019-02-17 10:11:57,btc,43.651504332214486,17316536.038109,0.00000027,btc,87146432.7828077,4.63647178,5.638278970732314,145
0,[],22,[],2019-02-17 10:12:00,0.0,0,0,6695539,2019-02-17 10:12:00,,4.24982284,0.0,0,,1814156.0,0.0,0.0,146
,[],22,[],2018-11-20 23:01:11,0.0,0,0,4862114,2018-11-20 23:01:11,,2.56807021,0.0,,,61828.4988236,0.0,0.0,147
1,[],12,[],2019-02-17 10:12:02,8678945.22488194,0.000003019999999999999884515121395534009707262157462537288665771484375,0.000000000109899612,6695540,2019-02-17 10:12:02,btc,16.584242300493496,0.0,0.000003019999999999999884515121395534009707262157462537288665771484375,btc,122643.67148574,0.0002089687673136,0.1081703599999976,148
1,[],4,[],2019-02-17 10:12:03,252439.56402332,0.00000030,0.00000000001091718,6695541,2019-02-17 10:12:03,btc,0.7787434418373136,0.0,0.00000030,btc,592738.21898097,0.00151403,0.0600404256786116,152
0,[],22,[],2019-02-17 10:12:06,0.0,0,0,6695542,2019-02-17 10:12:06,,0.0,0.0,0,,0.0,0.0,0.0,152
1,[],5,[],2019-02-17 10:12:07,0.0,0,0,6695543,2019-02-17 10:12:07,btc,10.61570492,0.0,0,btc,0.00092785,0.0,0.0,153
,[],16,[],2019-01-11 15:38:59,0.0,0,0,6366141,2019-01-11 15:38:59,btc,0.0,0.0,,btc,0.0,0.0,0.0,155
0,[],22,[],2019-02-17 10:12:12,0.0,0,0,6695544,2019-02-17 10:12:12,,6.74608761,0.0,0,,4644402.242592593,0.0,0.0,156
0,[],23,[],2019-01-20 23:24:29,0.0,0,0,6476932,2019-01-20 23:24:29,,0.0,0.0,0,,0.0,0.0,0.0,156
1,[],22,[],2019-02-17 10:12:15,7073.8,0.00005300,0.0000000019287018,6695545,2019-02-17 10:12:15,BTC,43.78801181,0.0,0.00005300,BTC,1067.5805334758436,0.0,0.00104336,157
0,[],22,[],2019-02-17 10:12:18,0.0,0,0,6695546,2019-02-17 10:12:18,,50175.68008609,0.0,0,,54479136.04179466,0.0,0.0,158
,[],17,[],2018-11-20 22:56:10,0.0,0,0,4861976,2018-11-20 22:56:10,btc,1.1265625,0.0,,btc,1000.0,0.0,0.0,159
,[],20,[],2018-11-20 22:56:12,0.0,0,0,4861977,2018-11-20 22:56:12,btc,11912.7940471,0.0,,btc,34413894.3617,0.0,0.0,159
1,[],12,[],2019-02-17 10:12:20,185755.55808004,0.00000791000000000000049967842363773939950988278724253177642822265625,0.000000000287849646,6695547,2019-02-17 10:12:20,btc,6.657121006996046,0.0,0.00000791000000000000049967842363773939950988278724253177642822265625,btc,14449.00629987,0.003435611778172,0.0837820828000385,168
1,[],17,[],2019-02-17 10:12:21,29784.95,0.000001,0.0000000000363906,6695548,2019-02-17 10:12:21,btc,0.03026736251542,0.0,0.000001,btc,144.46171372,0.0,0.00716147,168
0,[],22,[],2019-02-17 10:12:24,0.0,0,0,6695549,2019-02-17 10:12:24,,1.14776715,0.0,0,,721548.0900917595,0.0,0.0,169
1,[],22,[],2019-02-17 10:12:36,157604.0,0.00000029,0.000000000010553274,6695550,2019-02-17 10:12:36,BTC,13.28509987,0.0,0.00000029,BTC,148497.82451896544,4.1e-05,0.02095178,171
1,[],22,[],2019-02-17 10:12:40,158703.07843137256,0.00000018,0.000000000006550308,6695551,2019-02-17 10:12:40,BTC,2.66122306,0.0,0.00000018,BTC,263848.4343316678,0.0,0.00911283,173
1,[],5,[],2019-02-17 10:12:42,2.273e-05,0.00000193,0.000000000070233858,6695552,2019-02-17 10:12:42,btc,0.26856012,0.01048807,0.00000193,btc,0.00024913,0.0,0.20283515,175
1,[],22,[],2019-02-17 10:12:46,37900.0,0.0000004,0.00000000001455624,6695553,2019-02-17 10:12:46,BTC,0.54036732,0.0,0.0000004,BTC,150458.47031396697,0.0032808,0.0038,176
1,[],7,[],2019-02-17 10:12:47,0.0,0,0,6695554,2019-02-17 10:12:47,btc,410918.6315597535,0.0,0,btc,115495064.05333771,0.0,0.0,178
0,[],22,[],2019-02-17 10:12:50,0.0,0,0,6695555,2019-02-17 10:12:50,,1.00242428,0.0,0,,57512.0,0.0,0.0,178
0,[],2,[],2019-01-20 23:28:34,0.0,0,0,6477001,2019-01-20 23:28:34,,0.0,0.0,0,,0.0,0.0,0.0,178
1,[],5,[],2019-02-17 10:12:52,3e-08,0.00000002,0.000000000000727812,6695556,2019-02-17 10:12:52,btc,18.36037661,0.01383685,0.00000002,btc,1.664e-05,0.0,0.69067903,179
1,[],22,[],2019-02-17 10:12:56,7779285.0,0.00000002,0.000000000000727812,6695557,2019-02-17 10:12:56,BTC,5.50774908,0.0,0.00000002,"BTC,LTC",17849814.676989965,0.0,0.38284554,179
0,[],23,[],2019-01-20 23:25:08,0.0,0,0,6476952,2019-01-20 23:25:08,,0.0,0.0,0,,0.0,0.0,0.0,179
1,[],17,[],2019-02-17 10:12:58,10504.725,0.0000001,0.00000000000363906,6695558,2019-02-17 10:12:58,btc,5.201913593534805,0.0,0.0000001,btc,5466.1328087,0.0,0.0010504725,180
1,[],22,[],2019-02-17 10:13:03,149256.72,0.00000150,0.0000000000545859,6695559,2019-02-17 10:13:03,BTC,0.13191204,0.0,0.00000150,"BTC,LTC",25263.97417150966,0.00920906,0.00568242,180
1,[],26,[],2019-02-17 10:13:04,0.0,0,0,6695560,2019-02-17 10:13:04,,0.0,0.0,0,,0.0,0.0,0.0,180
,[],7,[],2018-11-20 22:58:01,562227.975654,0.00000085,0.000000000036176765,4862015,2018-11-20 22:58:01,btc,21836.6059674,2491.87645172,,btc,749999.041456,0.00211021,0.127565380455,183
,[],5,[],2019-01-10 08:11:41,0.0,0,0,6347036,2019-01-10 08:11:41,btc,82.15055501,0.00261,,btc,1.19002445,0.0,0.0,187
1,[],24,[],2019-02-17 10:13:04,0.0,0.000000000001,3.63906e-17,6695561,2019-02-17 10:13:04,btc,0.0,0.0,0.000000000001,btc,0.0,0.0,0.0,187
,[],17,[],2018-11-16 20:58:10,4062536.27273,0.00000001,0.000000000000550501,4708775,2018-11-16 20:58:10,btc,3.36492563466,0.195460381006,,"btc,eth",110697919.549,0.0,0.0157628953496,187
0,[],22,[],2019-02-17 10:13:07,0.0,0,0,6695562,2019-02-17 10:13:07,,1.19377283,0.0,0,,16434.10286773884,0.0,0.0,191
0,[],22,[],2019-02-17 10:13:22,0.0,0,0,6695563,2019-02-17 10:13:22,,0.0,0.0,0,,0.0,0.0,0.0,197
0,[],23,[],2019-01-20 23:31:41,0.0,0,0,6477079,2019-01-20 23:31:41,,0.0,0.0,0,,0.0,0.0,0.0,199
0,[],22,[],2019-02-17 10:13:25,0.0,0,0,6695564,2019-02-17 10:13:25,,5.17194517,0.0,0,,21803684.0,0.0,0.0,199
1,[],26,[],2019-02-17 10:13:26,0.0,0,0,6695565,2019-02-17 10:13:26,,0.0,0.0,0,,0.0,0.0,0.0,199
0,[],17,[],2019-01-30 16:32:01,0.0,0,0,6540827,2019-01-30 16:32:01,btc,6.802544163788159,0.0,0,btc,105897.55575295,0.0,0.0,200
0,[],2,[],2019-01-20 23:30:49,0.0,0,0,6477059,2019-01-20 23:30:49,,0.0,0.0,0,,0.0,0.0,0.0,201
1,[],4,[],2019-01-25 15:51:35,2084389.58565343,0.00000936,0.000000000333526752,6499557,2019-01-25 15:51:35,btc,2.0092503037378524,0.0,0.00000936,btc,160195.80207885,0.19272417,1.242687955921835,211
1,[],7,[],2019-02-17 09:27:24,5153491.45036312,0.00000137999999999999991637657063836552850943917292170226573944091796875,0.000000000050189357999999995,6695359,2019-02-17 09:27:24,btc,15475860.22832666,1153268.80797,0.00000137999999999999991637657063836552850943917292170226573944091796875,btc,11209943.26786918,0.0,3.518014869970214,212
1,[],12,[],2019-01-25 02:44:32,207462.42853209,0.000001080000000000000035831255497387193287295303889550268650054931640625,0.000000000038610756000000006,6493050,2019-01-25 02:44:32,btc,85023.03793723314,0.0,0.000001080000000000000035831255497387193287295303889550268650054931640625,btc,43675.73520027,0.000146250909087,0.0348620860622024,213
1,[],5,[],2019-02-17 09:27:26,2.74e-06,0.00000027,0.000000000009819657,6695360,2019-02-17 09:27:26,btc,0.95741738,0.13952857,0.00000027,btc,2.789e-05,0.0,0.15712846,213
1,[],24,[],2019-02-17 09:27:26,0.0,0.000000050000,0.000000000001818455,6695361,2019-02-17 09:27:26,btc,0.0,0.0,0.000000050000,btc,0.0,0.0,0.0,213
1,[],26,[],2019-02-17 09:27:26,0.0,0,0,6695362,2019-02-17 09:27:26,,0.0,0.0,0,,0.0,0.0,0.0,213
0,[],22,[],2019-02-17 09:27:29,0.0,0,0,6695363,2019-02-17 09:27:29,,2.19217002,0.0,0,,178699.63137942314,0.0,0.0,216
1,[],27,[],2019-02-17 09:27:39,5201657.5615,0.00000004,0.000000000001454764,6695364,2019-02-17 09:27:39,btc,61.3359367606,0.0,0.00000004,"btc,ltc",263265.775,0.0,0.05463726246,216
1,[],22,[],2019-02-17 09:27:44,201890.82568368712,0.00000189,0.000000000068737599,6695365,2019-02-17 09:27:44,BTC,12677.11168986,0.0,0.00000189,BTC,449955.71254520706,0.00787151,0.23215835,217
1,[],7,[],2019-02-17 09:27:45,0.0,0,0,6695366,2019-02-17 09:27:45,btc,77969.6156418105,0.0,0,btc,137055636.5050253,0.0,0.0,219
0,[],27,[],2019-02-17 09:27:52,0.0,0,0,6695367,2019-02-17 09:27:52,,5.341833788316972,0.0,0,btc,1599140.99226595,0.0,0.0,219
0.0000000000000055,[],28,[],2019-02-17 09:27:58,168566769.653,2.47511e-18,9.0017523101e-23,6695368,2019-02-17 09:27:58,doge,84062.9976427895,14710.0,0.00045002,"btc,doge",4762557.44411,0.0,1.2145217511323876e-11,219
1,[],22,[],2019-02-17 09:28:02,155679.6,0.00000011,0.000000000004000601,6695369,2019-02-17 09:28:02,BTC,3.04024863,0.0,0.00000011,BTC,127092.57041875875,0.004786,0.01559796,221
1,[],24,[],2019-02-17 09:28:02,0.0,0.000000210000,0.000000000007637511,6695370,2019-02-17 09:28:02,btc,0.0,0.0,0.000000210000,btc,0.0,0.0,0.0,221
1,[],20,[],2019-02-17 09:28:04,51114578.4223,0.000000003,0.0000000000001091073,6695371,2019-02-17 09:28:04,btc,47.838723209118,15000.0,0.000000003,btc,10311533.0148,6e-05,0.0524333674835,224
0,[],22,[],2019-02-17 09:28:07,0.0,0,0,6695372,2019-02-17 09:28:07,,0.0,0.0,0,,0.0,0.0,0.0,224
1,[],26,[],2019-02-17 09:28:08,0.0,0,0,6695373,2019-02-17 09:28:08,,0.0,0.0,0,,0.0,0.0,0.0,231
1,[],26,[],2019-02-17 09:28:08,0.0,0,0,6695374,2019-02-17 09:28:08,,0.0,0.0,0,,0.0,0.0,0.0,234
0,[],27,[],2019-02-17 09:28:14,0.0,0,0,6695375,2019-02-17 09:28:14,,0.0113483662182,0.0,0,"btc,eth",11462.99618,0.0,0.0,234
0,[],22,[],2019-02-17 09:28:17,0.0,0,0,6695376,2019-02-17 09:28:17,,3.11131351,0.0,0,,111875912.06349206,0.0,0.0,235
1,[],4,[],2019-02-17 09:28:18,1131678.44779668,0.00000099,0.000000000036005409,6695377,2019-02-17 09:28:18,btc,0.5213453009070489,0.0,0.00000099,btc,352477.0177172,0.03713499,0.4118946252897489,236
1,[],24,[],2019-02-17 09:28:18,0.0,0.000000020010,0.000000000000727745691,6695378,2019-02-17 09:28:18,btc,0.0,0.0,0.000000020010,btc,0.0,0.0,0.0,236
1,[],20,[],2019-02-17 09:28:20,73569938.9048,0.000000081,0.0000000000029458971,6695379,2019-02-17 09:28:20,btc,15.3434777568401,12745912.4179,0.000000081,btc,29346199.7245,1.0012538067398,0.8736505075542,237
1,[],22,[],2019-02-17 09:28:25,116403.0,0.00000004,0.000000000001454764,6695380,2019-02-17 09:28:25,BTC,0.0405823,0.0,0.00000004,"BTC,LTC",3164.0,0.0,0.00482009,237
1,[],4,[],2019-02-17 09:28:25,5610642.40013181,0.00000033,0.000000000012001803,6695381,2019-02-17 09:28:25,btc,0.5859617676577515,0.0,0.00000033,btc,1586351.45748776,0.20421853,1.7288500955224904,238
1,[],5,[],2019-02-17 09:28:27,4.25e-06,0.00000033,0.000000000012001803,6695382,2019-02-17 09:28:27,btc,0.78946123,0.0446712,0.00000033,btc,3.008e-05,0.0,0.28849391,238
0,[],22,[],2019-02-17 09:28:30,0.0,0,0,6695383,2019-02-17 09:28:30,,1951.15978688,0.0,0,,366433.0639027493,0.0,0.0,249
0.0000000001202998,[],22,[],2019-02-17 09:28:34,7025765.666666667,3.608994e-18,1.3125586368539999e-22,6695384,2019-02-17 09:28:34,LTC,0.56670218,0.0,0.00000003,LTC,15147487.09,0.0,0.20977599,252
1,[],28,[],2019-02-17 09:28:37,4391956.698,0.0000001,0.00000000000363691,6695385,2019-02-17 09:28:37,btc,164693.69245435216,72281.905,0.0000001,btc,1044384.2751,0.0,0.2663411375,256
1,[],22,[],2019-02-17 09:28:41,1504873.6666666667,0.00000003,0.000000000001091073,6695386,2019-02-17 09:28:41,BTC,30.16629081,0.0,0.00000003,BTC,515569.92423192423,0.00012943,0.04400093,258
1,[],22,[],2019-02-17 09:28:58,49651.0,0.00000002,0.000000000000727382,6695387,2019-02-17 09:28:58,BTC,2.629917,0.0,0.00000002,BTC,1762.0,0.0,0.00050551,259
1,[],22,[],2019-02-17 09:29:04,10379.785,0.00001210,0.00000000044006611,6695388,2019-02-17 09:29:04,BTC,1293.01543015,0.0,0.00001210,"BTC,LTC",5525.3330232799535,0.00225952,0.01273907,262
1,[],5,[],2019-02-17 09:29:05,1.266e-05,0.00000138,0.000000000050189358,6695389,2019-02-17 09:29:05,btc,0.60224594,0.07940643,0.00000138,btc,0.00021028,0.0,0.16008839,264
1,[],20,[],2019-02-17 09:29:07,1223773.7017,0.000000911,0.000000000033132250099999996,6695390,2019-02-17 09:29:07,btc,7.2882382775785,27260.4385,0.000000911,btc,96687.8777,0.0578982542915,0.0238730206786,264
1,[],22,[],2019-02-17 09:29:10,73606.5,0.00000002,0.000000000000727382,6695391,2019-02-17 09:29:10,BTC,8.48720546,0.0,0.00000002,BTC,404066.05885485065,0.0,0.0009745,271
0,[],22,[],2019-02-17 09:29:13,0.0,0,0,6695392,2019-02-17 09:29:13,,385.44178703,0.0,0,,15173097515.9,0.0,0.0,272
0.0000000000000055,[],28,[],2019-02-17 09:29:19,202142054705.221,4.4e-21,1.6002404000000001e-25,6695393,2019-02-17 09:29:19,doge,441783430.82191163,23089000915.237,0.0000008,doge,212274499898.0828,0.0,5.459767390774313e-10,272
1,[],22,[],2019-02-17 09:29:25,26439.8,0.00001500,0.0000000005455365,6695394,2019-02-17 09:29:25,BTC,74.22943012,0.0,0.00001500,"BTC,LTC",3952.1577164259793,0.0409752,0.1001991,281
