pairValue,buyBook,exchangeId,sellBook,updated,buyTotal,satoshiPrice,usdPrice,exchangeLogId,created,bestPair,sellTotalBtc,volume,pairPrice,activePairs,sellTotal,volumeBtc,buyTotalBtc,coinId
1,[],3,[],2019-01-28 07:22:58,109.486156745638,0.0126968099999999993465760184108148678205907344818115234375,0.000000438735730188,6518571,2019-01-28 07:22:58,btc,106.96466681890185,0.100024595156,0.0126968099999999993465760184108148678205907344818115234375,btc,13.725425079073,0.0,0.24452667018166438,1
1,[],4,[],2019-01-28 07:23:02,25047.36645844,0.01271926,0.000000439511485448,6518572,2019-01-28 07:23:02,btc,0.9581543702114635,0.0,0.01271926,btc,68.38954914,1.02042697,0.8648478014910805,1
1,[],5,[],2019-01-28 07:23:06,0.2527017,0.01299575,0.00000044906554210000003,6518573,2019-01-28 07:23:06,btc,14578.45128793,0.02803244,0.01299575,btc,35555556.27833298,0.0,1.42849657,1
1,[],10,[],2019-01-28 07:23:09,271372.18904403,0.01176186,0.000000406428719928,6518574,2019-01-28 07:23:09,btc,6536.092513541547,1766.53808091,0.01176186,btc,875.39984869,0.0,3.264509595903277,1
1,[],12,[],2019-01-28 07:23:12,10413.53738925,0.0115700000000000004229949723821846419014036655426025390625,0.000000399799036,6518575,2019-01-28 07:23:12,btc,0.5656029881719999,0.0,0.0115700000000000004229949723821846419014036655426025390625,btc,38.52022149,0.0299782280788,0.0712128600929,1
1,[],20,[],2019-01-28 07:23:14,1351.1978,0.01050001,0.00000036282574554800003,6518576,2019-01-28 07:23:14,btc,0.0564711704203,0.0,0.01050001,btc,2.4781,0.0,0.0947312274601,1
1,[],21,[],2019-01-28 07:23:15,2677.4625730899998,0.01275780999999999963667729475,0.000000440843572988,6518577,2019-01-28 07:23:15,btc,29.617349056408237,2160.97975757,0.01275780999999999963667729474536827183328568935394287109375,"btc,eth",2605.663052,22.501903521810533,25.16005209720367,1
1,[],22,[],2019-01-28 07:25:16,0.0363776,0.01400000,0.0000004837672000000001,6518578,2019-01-28 07:25:16,BTC,0.31387019,0.0,0.01400000,BTC,0.09333966666666667,0.0,0.00048472,1
1,[],24,[],2019-01-28 07:25:16,0.0,0.000000000000,0,6518579,2019-01-28 07:25:16,btc,0.0,0.0,0.000000000000,btc,0.0,0.0,0.0,1
0.0,[],25,[],2019-01-28 07:25:17,0.0,0,0,6518580,2019-01-28 07:25:17,btc,18.160099997677577,556.47230613,0.0,btc,1368.43136741,7.0536,0.0,1
1,[],26,[],2019-01-28 07:25:28,0.0,0,0,6518581,2019-01-28 07:25:28,,0.0,0.0,0,,0.0,0.0,0.0,1
1,[],28,[],2019-01-28 07:25:33,987.9,0.01131000,0.000000390814788,6518582,2019-01-28 07:25:33,btc,0.162839806,17635.0,0.01131000,btc,8.9,0.0,0.024551096,1
0,[],2,[],2019-01-20 23:28:45,0.0,0,0,6477011,2019-01-20 23:28:45,,0.0,0.0,0,,0.0,0.0,0.0,1
1,[],5,[],2019-01-28 07:25:34,1.819e-05,0.00000070,0.00000000002418836,6518583,2019-01-28 07:25:34,btc,0.13857977,0.09885554,0.00000070,btc,7.898e-05,0.0,0.51580967,2
1,[],22,[],2019-01-28 07:25:38,1754.625335862178,0.0000004,0.00000000001382192,6518584,2019-01-28 07:25:38,BTC,0.0231601,0.0,0.0000004,"BTC,XMR",14562.72385,0.0,0.00111682,2
1,[],5,[],2019-01-28 07:26:45,1.25e-06,0.00000016,0.0000000000055287680000000005,6518585,2019-01-28 07:26:45,btc,3.91451519,0.00894638,0.00000016,btc,2.204e-05,0.0,1.97360756,3
1,[],12,[],2019-01-28 07:26:48,12429073.41296625,0.000000166,0.0000000000057360968,6518586,2019-01-28 07:26:48,btc,921359.5830310977,0.0,0.000000166,btc,8095616.27564609,0.0430116824563786,0.535326344806725,3
0,[],28,[],2019-01-28 07:26:49,0.0,0,0,6518587,2019-01-28 07:26:49,,0.0,0.0,0,,0.0,0.0,0.0,3
0,[],2,[],2019-01-20 23:31:32,0.0,0,0,6477077,2019-01-20 23:31:32,,0.0,0.0,0,,0.0,0.0,0.0,4
1,[],4,[],2019-01-28 07:26:50,332248.1505917,0.00000037,0.000000000012785276,6518588,2019-01-28 07:26:50,btc,0.4551964252517986,0.0,0.00000037,btc,326541.7589191,0.01123919,0.0464500318163005,4
1,[],12,[],2019-01-25 15:53:49,1222127.5219999999,0.00000003,0.000000000001069017,6499609,2019-01-25 15:53:49,btc,11013867.817925906,0.0,0.00000003,btc,969763.77092902,0.0,0.01617509044,5
0,[],2,[],2019-01-20 23:31:51,0.0,0,0,6477087,2019-01-20 23:31:51,,0.0,0.0,0,,0.0,0.0,0.0,6
1,[],11,[],2019-01-28 07:26:59,3384831.0,0.00000001,0.00000000000034554800000000003,6518589,2019-01-28 07:26:59,btc,9432.525718854567,550000.0,0.00000001,btc,41721876.72229939,0.0,0.03384831,6
1,[],3,[],2019-01-28 07:27:03,1056.379415503993,0.00015054000000000000540623101841219977359287440776824951171875,0.000000005201879592,6518590,2019-01-28 07:27:03,btc,30.108593419388622,0.0,0.00015054000000000000540623101841219977359287440776824951171875,btc,231.077492617847,0.0,0.028994113718921508,7
1,[],4,[],2019-01-28 07:27:11,18295.66405005,0.00015502,0.000000005356685096,6518591,2019-01-28 07:27:11,btc,1.222802348109574,0.0,0.00015502,btc,7034.4762691,3.99613355,2.6571596169094995,7
1,[],5,[],2019-01-28 06:26:21,0.00471103,0.00015250,0.00000000525373175,6518390,2019-01-28 06:26:21,btc,1.33299984,0.42241551,0.00015250,btc,0.01064519,0.0,1.32294103,7
1,[],20,[],2019-01-28 06:26:23,62771509.8802,0.000000001,0.0000000000000344507,6518391,2019-01-28 06:26:23,btc,121.193338259396,0.0,0.000000001,btc,26031125.3262,0.0,0.0627715098802,8
0,[],2,[],2019-01-20 23:22:42,0.0,0,0,6476876,2019-01-20 23:22:42,,0.0,0.0,0,,0.0,0.0,0.0,9
0,[],23,[],2019-01-20 23:22:48,0.0,0,0,6476878,2019-01-20 23:22:48,,0.0,0.0,0,,0.0,0.0,0.0,9
1,[],1,[],2019-01-28 06:26:24,1604586.07,0.000001870000000000000095373470405946125794116596807725727558135986328125,0.00000000006442280900000001,6518392,2019-01-28 06:26:24,btc,3.5486504361,13112387.08,0.000001870000000000000095373470405946125794116596807725727558135986328125,btc,1868251.8,25.24422111,2.9662633131,9
1,[],4,[],2019-01-28 06:26:24,350845.28478748,0.00000192,0.000000000066145344,6518393,2019-01-28 06:26:24,btc,0.840234529320425,0.0,0.00000192,btc,421923.98325117,1.15620863,0.6349497167099059,9
1,[],28,[],2019-01-28 06:26:42,34500.0,0.00000165,0.000000000056843655000000004,6518394,2019-01-28 06:26:42,btc,2708.75020572,3604687.0,0.00000165,btc,7862.68,0.0,0.02854,9
1,[],4,[],2019-01-28 06:26:43,7167023.79326053,0.00000002,0.0000000000006890140000000001,6518395,2019-01-28 06:26:43,btc,0.2156658439257639,0.0,0.00000002,btc,4289694.59891358,0.00079567,0.0751698801652106,10
0,[],2,[],2019-01-20 23:23:08,0.0,0,0,6476890,2019-01-20 23:23:08,,0.0,0.0,0,,0.0,0.0,0.0,12
1,[],4,[],2019-01-28 06:26:44,2250344.76369314,0.00000141,0.000000000048575487,6518396,2019-01-28 06:26:44,btc,0.9102747352568019,0.0,0.00000141,btc,604281.22086509,2.35520248,2.051666990182616,12
1,[],5,[],2019-01-28 06:26:45,1.525e-05,0.00000140,0.00000000004823098,6518397,2019-01-28 06:26:45,btc,0.15646502,0.82502992,0.00000140,btc,0.00011562,0.0,0.06988262,12
0.0,[],25,[],2019-01-28 06:26:46,0.0,0,0,6518398,2019-01-28 06:26:46,,0.0,0.0,0.0,btc,0.0,0.0,0.0,12
1,[],4,[],2019-01-28 06:26:46,322050.9392547,0.00000694,0.00000000023908785800000004,6518399,2019-01-28 06:26:46,btc,0.3575465813116114,0.0,0.00000694,btc,48401.63572612,0.65062675,1.4994052092461259,13
1,[],10,[],2019-01-28 06:26:49,570394.11583257,0.00000708,0.000000000243910956,6518400,2019-01-28 06:26:49,btc,666807.9322210747,5638.63184524,0.00000708,btc,838859.89483233,0.0,0.8110090799598729,13
1,[],21,[],2019-01-28 06:26:49,1658479.01011298,0.000007060000000000000167565614162,0.000000000243221942,6518401,2019-01-28 06:26:49,btc,6.006864220826748,715940.83704795,0.00000706000000000000016756561416197968128471984528005123138427734375,btc,776575.18819162,5.15270311,10.42798687233163,13
1,[],4,[],2019-01-28 06:26:57,699905.22480213,0.00000173,0.000000000059599711,6518402,2019-01-28 06:26:57,btc,0.1109921771929928,0.0,0.00000173,btc,46922.55898119,0.01787632,0.1241031950157196,14
1,[],12,[],2019-01-28 06:26:59,92399.4415026,0.000001769999999999999994019540816569957542014890350401401519775390625,0.000000000060977739,6518403,2019-01-28 06:26:59,btc,1.7864674405150611,0.0,0.000001769999999999999994019540816569957542014890350401401519775390625,btc,37944.62520423,0.0003452169689412,0.021019319514892,14
0,[],17,[],2019-01-28 06:27:00,0.0,0,0,6518404,2019-01-28 06:27:00,btc,0.0,0.0,0,btc,0.0,0.0,0.0,14
1,[],26,[],2019-01-28 06:27:00,0.0,0.00000020,0.000000000006890140000000001,6518405,2019-01-28 06:27:00,btc,0.0,0.0,0.00000020,btc,0.0,0.0,0.0,14
0,[],4,[],2019-01-28 06:27:01,0.0,0,0,6518406,2019-01-28 06:27:01,,0.0,0.0,0,,0.0,0.0,0.0,15
,[],12,[],2018-12-01 15:15:48,204241.84496,0.00000489,0.000000000202473384,5260204,2018-12-01 15:15:48,btc,49.5475654835,0.0,,btc,35763.2193806,0.0163153972027625,0.0203389899998,15
0,[],2,[],2019-01-20 23:23:38,0.0,0,0,6476906,2019-01-20 23:23:38,,0.0,0.0,0,,0.0,0.0,0.0,18
1,[],4,[],2019-01-28 06:27:02,24290.35730395,0.00001820,0.00000000062700274,6518407,2019-01-28 06:27:02,btc,1.2180236135124272,0.0,0.00001820,btc,6904.76927613,0.01329215,0.0688745690438774,18
1,[],10,[],2019-01-28 06:27:04,391193.19082406,0.00001823,0.0000000006280362610000001,6518408,2019-01-28 06:27:04,btc,15.541716801916701,10154.7974458,0.00001823,btc,10809.50212717,0.0,0.2021145083342979,18
1,[],12,[],2019-01-28 06:27:05,200960.01971657,0.000017300000000000000381812637062495241480064578354358673095703125,0.0000000005959971100000001,6518409,2019-01-28 06:27:05,btc,0.1942511785929252,0.0,0.000017300000000000000381812637062495241480064578354358673095703125,btc,1945.80643477,0.001198512,0.0203202566250755,18
0,[],17,[],2019-01-28 05:27:53,0.0,0,0,6518207,2019-01-28 05:27:53,btc,0.0,0.0,0,btc,0.0,0.0,0.0,18
0,[],2,[],2019-01-20 23:24:19,0.0,0,0,6476924,2019-01-20 23:24:19,,0.0,0.0,0,,0.0,0.0,0.0,19
1,[],3,[],2019-01-28 06:29:06,109148.24744266245,0.0000381099999999999993448296375930794965825043618679046630859375,0.0000000013129161770000002,6518410,2019-01-28 06:29:06,btc,1.1939171811847706,0.0,0.0000381099999999999993448296375930794965825043618679046630859375,btc,8295.084546752028,0.0,0.11579627793169818,19
1,[],4,[],2019-01-28 06:29:07,68254.63040649,0.00003705,0.000000001276398435,6518411,2019-01-28 06:29:07,btc,0.5382020515373056,0.0,0.00003705,btc,12405.53975867,0.97958126,1.4845206543025817,19
1,[],5,[],2019-01-28 06:29:41,0.00032937,0.00003500,0.0000000012057745,6518412,2019-01-28 06:29:41,btc,0.31562614,0.0,0.00003500,btc,0.00351296,0.0,0.19126716,19
1,[],12,[],2019-01-28 06:29:42,133822.0,0.0000425099999999999978751719087455285261967219412326812744140625,0.000000001464499257,6518413,2019-01-28 06:29:42,btc,1.9915666013845594,0.0,0.0000425099999999999978751719087455285261967219412326812744140625,btc,411.49251023,0.0,0.03952802,19
0,[],27,[],2019-01-28 06:29:50,0.0,0,0,6518414,2019-01-28 06:29:50,,0.0,0.0,0,btc,0.0,0.0,0.0,19
1,[],4,[],2019-01-28 06:29:54,9448048.34664562,0.00000015,0.000000000005167605,6518415,2019-01-28 06:29:54,btc,0.8092880812208231,0.0,0.00000015,btc,1583112.29307681,0.0,0.3958519084068923,20
1,[],4,[],2019-01-28 06:30:02,127583689.75823025,0.00000002,0.0000000000006890140000000001,6518416,2019-01-28 06:30:02,btc,0.7107802620700173,0.0,0.00000002,btc,17837509.35314541,0.000534,1.5614533793744454,21
1,[],12,[],2019-01-28 06:30:03,19517252.0,0.00000002,0.0000000000006890140000000001,6518417,2019-01-28 06:30:03,btc,668.0286331993019,0.0,0.00000002,btc,8017471.52248023,1.36063936068e-05,0.26328156,21
0,[],17,[],2019-01-28 06:30:05,0.0,0,0,6518418,2019-01-28 06:30:05,btc,0.0,0.0,0,btc,0.0,0.0,0.0,21
1,[],12,[],2019-01-28 06:30:06,4528183524.531896,0.0000000001,0.00000000000000344507,6518419,2019-01-28 06:30:06,btc,1721703601719.6282,0.0,0.0000000001,btc,6717772148.692539,0.00104797856123876,0.4528183524531896,23
0,[],27,[],2019-01-28 06:30:08,0.0,0,0,6518420,2019-01-28 06:30:08,,0.424699,0.0,0,eth,424699.0,0.0,0.0,23
1,[],4,[],2019-01-28 06:30:09,982521.14359726,0.00000088,0.000000000030316616,6518421,2019-01-28 06:30:09,btc,0.1101393110972191,0.0,0.00000088,btc,85393.48842425,0.01998228,0.425394934738947,24
1,[],22,[],2019-01-28 06:30:13,11.76,0.00000100,0.000000000034450700000000005,6518422,2019-01-28 06:30:13,BTC,7.415e-05,0.0,0.00000100,BTC,23.919354838709676,0.0,1.176e-05,24
0.0,[],25,[],2019-01-28 06:30:15,0.0,0,0,6518423,2019-01-28 06:30:15,,0.0,0.0,0.0,btc,0.0,0.0,0.0,24
1,[],4,[],2019-01-28 06:30:15,28847959.39097018,0.00000639,0.000000000220139973,6518424,2019-01-28 06:30:15,btc,0.3002833418732849,0.0,0.00000639,btc,30373.51100693,0.12815436,0.4220705739062493,26
1,[],10,[],2019-01-28 06:30:17,728737.21833843,0.0000065,0.00000000022392955,6518425,2019-01-28 06:30:17,btc,27.972380725358814,1118.145873,0.0000065,btc,12226.05668999,0.0,0.203368595200363,26
0,[],2,[],2019-01-20 23:25:56,0.0,0,0,6476976,2019-01-20 23:25:56,,0.0,0.0,0,,0.0,0.0,0.0,26
1,[],3,[],2019-01-28 06:30:18,7731516.03885143,0.00000001,0.00000000000034450700000000005,6518426,2019-01-28 06:30:18,btc,3.1263292016932,345314.4753,0.00000001,btc,18257014.43483052,0.0,0.0773151603885143,27
1,[],5,[],2019-01-28 06:30:20,1e-08,0.00000001,0.00000000000034450700000000005,6518427,2019-01-28 06:30:20,btc,2.62275868,0.0,0.00000001,btc,4.436e-05,0.0,0.04470144,27
1,[],11,[],2019-01-28 06:30:22,10597882.41182718,0.00000005,0.000000000001722535,6518428,2019-01-28 06:30:22,btc,370.53275036350783,1000.0,0.00000005,btc,8220964.80991447,0.0,0.4932896594767663,27
1,[],4,[],2019-01-28 06:30:22,273760420.01995003,0.00000003,0.000000000001033521,6518429,2019-01-28 06:30:22,btc,3.9771672770220508,0.0,0.00000003,"btc,ltc",150153605.7336618,0.37788154,3.0889998536053627,29
1,[],7,[],2019-01-28 06:30:23,39603069.17665443,0.00000003,0.000000000001033521,6518430,2019-01-28 06:30:23,btc,44465202.61687834,4957.33756242,0.00000003,btc,39443961.19679167,0.00014872,0.7212050183702149,29
1,[],4,[],2019-01-28 06:30:24,1395588.44525717,0.00000032,0.000000000011024224000000002,6518431,2019-01-28 06:30:24,btc,0.2824056917660102,0.0,0.00000032,btc,484930.0997928,0.03822929,0.0706929636669596,30
0,[],17,[],2019-01-28 06:30:26,0.0,0,0,6518432,2019-01-28 06:30:26,btc,0.0,0.0,0,btc,0.0,0.0,0.0,30
1,[],4,[],2019-01-28 06:30:27,86019.6551803,0.00008715,0.0000000030023785050000004,6518433,2019-01-28 06:30:27,btc,1.1847164548825935,0.0,0.00008715,btc,12180.34638535,1.96210915,2.9846539048990337,31
1,[],21,[],2019-01-28 06:30:31,48365.94049988,0.00008734999999999999546491241675,0.000000003009268645,6518434,2019-01-28 06:30:31,btc,6.2875443722426025,493934.51377782,0.000087349999999999995464912416753833213078905828297138214111328125,btc,65680.32642477,44.83570445,3.978829188750843,31
0,[],2,[],2019-01-20 23:28:43,0.0,0,0,6477009,2019-01-20 23:28:43,,0.0,0.0,0,,0.0,0.0,0.0,32
1,[],4,[],2019-01-28 06:30:32,146757123.18091816,0.00000006,0.000000000002067042,6518435,2019-01-28 06:30:32,btc,3.5952701168631473,0.0,0.00000006,"btc,ltc",56301282.58603551,1.90164441,2.5699150628512264,33
1,[],12,[],2019-01-28 06:30:33,22764762.0,0.00000006,0.000000000002067042,6518436,2019-01-28 06:30:33,btc,17261783.07084223,0.0,0.00000006,btc,87752622.33366625,0.0306014690709291,0.91048193,33
1,[],4,[],2019-01-28 06:30:42,106267396.91799456,0.00000002,0.0000000000006890140000000001,6518437,2019-01-28 06:30:42,btc,0.7679454015527308,0.0,0.00000002,btc,25595505.20477675,2.34191751,1.0786872575316453,34
1,[],5,[],2019-01-28 06:30:43,1e-08,0.00000001,0.00000000000034450700000000005,6518438,2019-01-28 06:30:43,btc,3.43720245,0.0229903,0.00000001,btc,1.343e-05,0.0,0.76728349,34
0.00000000008986980000000001,[],4,[],2019-01-28 06:30:45,1718208160.6929264,3.594792e-18,1.2384310075440001e-22,6518439,2019-01-28 06:30:45,ltc,6.422358407612276e-09,0.0,0.00000004,ltc,1296136404.044449,0.0,2.7348287577895323e-09,36
1,[],5,[],2019-01-28 06:30:46,0.0,0,0,6518440,2019-01-28 06:30:46,btc,202.42915527,0.0,0,btc,1.295e-05,0.0,0.0,36
0,[],17,[],2019-01-28 06:30:48,0.0,0,0,6518441,2019-01-28 06:30:48,btc,0.14892131551160148,0.0,0,btc,12533924.99083647,0.0,0.0,36
0.00000000008986980000000001,[],27,[],2019-01-28 06:30:51,1000000.0,8.98698e-19,3.0960775188600003e-23,6518442,2019-01-28 06:30:51,ltc,448.59281329,0.0,0.00000001,"ltc,eth",3710972.58,0.0,8.986980000000001e-13,36
1,[],4,[],2019-01-28 06:30:51,412835.68841854,0.00000143,0.000000000049264501000000007,6518443,2019-01-28 06:30:51,btc,0.5249605101044827,0.0,0.00000143,btc,290314.2776008,0.00265901,0.3623966067115431,37
1,[],12,[],2019-01-28 06:30:53,433711.34205598,0.000001439999999999999977188928391991229460700196796096861362457275390625,0.000000000049609008,6518444,2019-01-28 06:30:53,btc,1335.9469613673036,0.0,0.000001439999999999999977188928391991229460700196796096861362457275390625,btc,791520.83769693,0.1245088063835252,0.3184353142400005,37
1,[],17,[],2019-01-28 06:31:09,1752.74075282,0.00000025,0.000000000008612675,6518445,2019-01-28 06:31:09,btc,0.05548731396558302,0.0,0.00000025,btc,1388.79251806,0.0,0.00043818518820499993,37
1,[],27,[],2019-01-28 06:31:10,3640.0609574,0.00569910,0.00000019633798437000002,6518446,2019-01-28 06:31:10,btc,22.37095737308125,0.0,0.00569910,btc,2948.884381,0.0,0.000368193331273,37
1,[],5,[],2019-01-28 06:31:12,8.96e-06,0.00000091,0.000000000031350137,6518447,2019-01-28 06:31:12,btc,0.09727241,0.15303789,0.00000091,btc,0.00011578,0.0,0.0332666,42
1,[],12,[],2019-01-28 06:31:16,125859.05849679,0.000001359999999999999896105784720490294859018831630237400531768798828125,0.000000000046852951999999997,6518448,2019-01-28 06:31:16,btc,239.36797323500264,0.0,0.000001359999999999999896105784720490294859018831630237400531768798828125,btc,113632.4456284,0.0521965545542563,0.038359844244321296,42
0,[],27,[],2019-01-28 06:31:28,0.0,0,0,6518449,2019-01-28 06:31:28,,0.00315028,0.0,0,"btc,eth",11.007,0.0,0.0,42
1,[],5,[],2019-01-28 06:31:32,3e-08,0.00000002,0.0000000000006890140000000001,6518450,2019-01-28 06:31:32,btc,6.16507635,0.0,0.00000002,btc,1.425e-05,0.0,0.51020911,43
1,[],12,[],2019-01-28 06:31:48,6035341.0,0.00000002,0.0000000000006890140000000001,6518451,2019-01-28 06:31:48,btc,20007433.359969754,0.0,0.00000002,btc,39909590.73366633,0.0084537902897104,0.06080838,43
0,[],17,[],2019-01-28 06:31:53,0.0,0,0,6518452,2019-01-28 06:31:53,btc,0.0,0.0,0,btc,0.0,0.0,0.0,43
1,[],12,[],2019-01-28 06:32:10,766453.0,0.00000006,0.000000000002067042,6518453,2019-01-28 06:32:10,btc,11114761.222860925,0.0,0.00000006,btc,963160.36620897,0.0016963583416576,0.02040965,44
1,[],4,[],2019-01-28 06:32:10,263728522.87339094,0.00000002,0.0000000000006890140000000001,6518454,2019-01-28 06:32:10,btc,0.20634837319378185,0.0,0.00000002,"btc,ltc",6629988.78022566,0.00690177,0.5751150869308332,49
0.00000000008986980000000001,[],4,[],2019-01-28 06:32:11,3884624217.7118115,1.797396e-18,6.192155037720001e-23,6518455,2019-01-28 06:32:11,ltc,4.9943946342888585,0.0,0.00000002,ltc,2118319976.62433,0.0,4.1964171724159955e-09,52
0,[],22,[],2019-01-28 06:32:14,0.0,0,0,6518456,2019-01-28 06:32:14,,3693.92043704,0.0,0,,270535069.90882355,0.0,0.0,57
0,[],27,[],2019-01-28 06:32:16,0.0,0,0,6518457,2019-01-28 06:32:16,,0.0,0.0,0,"btc,eth",0.0,0.0,0.0,57
0.00000000008986980000000001,[],4,[],2019-01-28 06:32:17,1702760524.6733289,6.290886e-18,2.1672542632020003e-22,6518458,2019-01-28 06:32:17,ltc,3.336677014199909,0.0,0.00000007,ltc,1184963493.8940604,0.0,8.311613681046497e-09,58
1,[],12,[],2019-01-28 06:32:18,2423393325.282997,0.0000000006,0.000000000000020670420000000002,6518459,2019-01-28 06:32:18,btc,684074821947.2776,0.0,0.0000000006,btc,3240645314.5745254,0.016081861963636365,0.9630947580645631,58
0.0000000001250979,[],22,[],2019-01-28 06:34:32,137438.0,1.250979e-18,4.30971022353e-23,6518460,2019-01-28 06:34:32,XMR,69.8835922,0.0,0.00000001,XMR,9887963.0,0.0,0.00137438,58
0,[],17,[],2019-01-28 05:32:14,0.0,0,0,6518258,2019-01-28 05:32:14,btc,1e+24,0.0,0,btc,41616695.95832568,0.0,0.0,58
1,[],5,[],2019-01-28 06:34:34,4.01e-06,0.00000049,0.000000000016880843000000003,6518461,2019-01-28 06:34:34,btc,0.41892552,0.00199644,0.00000049,btc,9.739e-05,0.0,0.02734907,61
1,[],22,[],2019-01-28 06:34:38,5111.5,0.00000011,0.000000000003789577,6518462,2019-01-28 06:34:38,BTC,1002.29606732,0.0,0.00000011,BTC,15028.700278135757,0.0,0.00051178,61
1,[],26,[],2019-01-28 06:34:38,0.0,0.00000800,0.00000000027560560000000004,6518463,2019-01-28 06:34:38,btc,0.0,0.0,0.00000800,btc,0.0,0.0,0.0,61
0,[],27,[],2019-01-28 06:34:41,0.0,0,0,6518464,2019-01-28 06:34:41,,0.0,0.0,0,"btc,eth",0.0,0.0,0.0,61
1,[],28,[],2019-01-28 06:35:01,1880.304,0.00000022,0.000000000007579154,6518465,2019-01-28 06:35:01,btc,2.065678837430106,705.0,0.00000022,btc,11618.08240005,0.0,0.00016391304,61
1,[],4,[],2019-01-28 06:35:02,1356229.9546388,0.00000180,0.00000000006201126,6518466,2019-01-28 06:35:02,btc,0.4991089167689137,0.0,0.00000180,btc,169140.75164551,0.22816457,1.0476619876968092,67
0.0,[],25,[],2019-01-28 06:35:04,0.0,0,0,6518467,2019-01-28 06:35:04,,0.0,0.0,0.0,btc,0.0,0.0,0.0,67
1,[],12,[],2019-01-28 06:35:13,3083410.55555556,0.0000001,0.00000000000344507,6518468,2019-01-28 06:35:13,btc,16893709.125616826,0.0,0.0000001,btc,1975694.06173822,0.0088978867339319,0.0865309088888892,71
,[],5,[],2018-11-20 23:02:39,1.5e-07,0.00000005,0.000000000002128045,4862160,2018-11-20 23:02:39,btc,2.84511358,0.0,,btc,0.00036572,0.0,0.07381892,74
1,[],5,[],2019-01-25 15:53:51,3.303e-05,0.00000156,0.000000000055588884,6499610,2019-01-25 15:53:51,btc,1.42844212,0.0,0.00000156,btc,0.00015937,0.0,0.49487621,75
0,[],20,[],2019-01-25 09:30:31,0.0,0,0,6495923,2019-01-25 09:30:31,btc,0.0,0.0,0,btc,0.0,0.0,0.0,81
1,[],4,[],2019-01-28 06:35:21,63172849.46677812,0.00000001,0.00000000000034450700000000005,6518469,2019-01-28 06:35:21,btc,0.8401569661707377,0.0,0.00000001,btc,15653634.2866279,0.02723814,0.6317284946677812,81
1,[],4,[],2019-01-28 06:35:23,23789.61650881,0.00007751,0.0000000026702737570000003,6518470,2019-01-28 06:35:23,btc,1.3550260793008033,0.0,0.00007751,btc,11873.52012151,0.00850059,0.0889764197358212,82
1,[],21,[],2019-01-28 06:35:27,85235.74916994,0.00008038999999999999433990954811,0.000000002769491773,6518471,2019-01-28 06:35:27,btc,4.463884831658593,7666.85166206,0.000080389999999999994339909548113354276210884563624858856201171875,btc,47438.16015497,0.62503069,4.515455438613473,82
0,[],17,[],2019-01-28 06:35:36,0.0,0,0,6518472,2019-01-28 06:35:36,btc,0.0447233088476774,0.0,0,btc,999127.19588126,0.0,0.0,84
0.00000000008986980000000001,[],4,[],2019-01-28 06:35:44,139883843.27568558,1.4379168e-17,4.9537240301760005e-22,6518473,2019-01-28 06:35:44,ltc,0.19754182523445402,0.0,0.00000016,ltc,80359821.5307386,0.0,1.4012135044447668e-09,85
,[],22,[],2018-11-20 23:09:34,3408.1,0.0000001,0.0000000000041895,4862324,2018-11-20 23:09:34,BTC,0.04624735,0.0,,BTC,4990.0,0.0,0.00033081,86
0,[],22,[],2019-01-27 12:16:57,0.0,0,0,6514258,2019-01-27 12:16:57,,2.07810912,0.0,0,,154826.94736842104,0.0,0.0,87
0,[],27,[],2019-01-27 12:16:59,0.0,0,0,6514259,2019-01-27 12:16:59,,0.0,0.0,0,btc,0.0,0.0,0.0,87
,[],2,[],2018-11-20 23:10:47,0.0,0,0,4862359,2018-11-20 23:10:47,,0.0,0.0,,,0.0,0.0,0.0,88
1,[],11,[],2019-01-28 06:35:47,106834.51962868,0.00019310999999999999931880878545342739016632549464702606201171875,0.000000006652774677,6518474,2019-01-28 06:35:47,btc,235.55159564556436,38.0,0.00019310999999999999931880878545342739016632549464702606201171875,btc,184412.16449761,0.0,8.703366740361702,89
0,[],2,[],2019-01-20 23:31:45,0.0,0,0,6477083,2019-01-20 23:31:45,,0.0,0.0,0,,0.0,0.0,0.0,91
1,[],12,[],2019-01-28 06:35:48,542774.65332615,0.000007999999999999999637984894607090069484911509789526462554931640625,0.0000000002756056,6518475,2019-01-28 06:35:48,btc,2.827277565310179,0.0,0.000007999999999999999637984894607090069484911509789526462554931640625,btc,10586.83888374,0.3404053577577489,0.1645647326410587,91
0,[],17,[],2019-01-28 06:35:49,0.0,0,0,6518476,2019-01-28 06:35:49,btc,0.0,0.0,0,btc,0.0,0.0,0.0,91
0.00000000008986980000000001,[],22,[],2019-01-28 06:35:57,33781858.0,5.392188e-18,1.8576465113160003e-22,6518477,2019-01-28 06:35:57,LTC,8.95901495,0.0,0.00000006,LTC,75270634.1,2.78544255516e-13,1.31889787,95
0.00000000008986980000000001,[],4,[],2019-01-28 06:36:04,132599296.24242641,9.436329e-17,3.2508813948030004e-21,6518478,2019-01-28 06:36:04,ltc,1.3154236837553728,0.0,0.00000105,ltc,66471192.88095289,0.0,6.527099662371577e-10,96
1,[],12,[],2019-01-28 06:36:08,1204061.0,0.00000001,0.00000000000034450700000000005,6518479,2019-01-28 06:36:08,btc,255060.86358312686,0.0,0.00000001,btc,7847886.89441532,7.2440059944e-06,0.01204061,96
0,[],17,[],2019-01-28 06:36:09,0.0,0,0,6518480,2019-01-28 06:36:09,btc,0.0,0.0,0,btc,0.0,0.0,0.0,96
1,[],4,[],2019-01-28 01:29:03,1472892.19429314,0.00000039,0.000000000013841295,6517118,2019-01-28 01:29:03,btc,0.30363706505258,0.0,0.00000039,btc,473598.41813208,0.02260545,0.1322524391209234,99
0,[],2,[],2019-01-20 23:23:55,0.0,0,0,6476914,2019-01-20 23:23:55,,0.0,0.0,0,,0.0,0.0,0.0,100
1,[],4,[],2019-01-28 06:36:10,132550.74024146,0.00004662,0.0000000016060916340000002,6518481,2019-01-28 06:36:10,btc,1.8607332884653967,0.0,0.00004662,btc,32230.94900529,2.6174946,3.0394962138917303,100
1,[],22,[],2019-01-28 06:36:13,50000.0,0.00000001,0.00000000000034450700000000005,6518482,2019-01-28 06:36:13,BTC,23.49896609,0.0,0.00000001,BTC,10277.22,0.0,0.0005,101
1,[],4,[],2019-01-28 06:36:14,449065.01428563,0.00000099,0.000000000034106193000000005,6518483,2019-01-28 06:36:14,btc,0.4016713299896833,0.0,0.00000099,btc,148023.26831822,0.0365234,0.1679766030320716,103
1,[],12,[],2019-01-28 06:36:17,100427795.77474426,0.000000019,0.0000000000006545633000000001,6518484,2019-01-28 06:36:17,btc,9137278920.129215,0.0,0.000000019,btc,143918417.4866372,0.36616728081204597,0.8865216829453967,105
1,[],27,[],2019-01-28 06:36:19,477255.46811249,0.00000001,0.00000000000034450700000000005,6518485,2019-01-28 06:36:19,btc,0.2678591955148419,3.11,0.00000001,btc,635751.62835029,6e-08,0.0047725546811249,105
0,[],22,[],2019-01-28 06:36:22,0.0,0,0,6518486,2019-01-28 06:36:22,,1.07253299,0.0,0,,94300.0,0.0,0.0,107
1,[],26,[],2019-01-28 06:36:22,0.0,0.00000000,0,6518487,2019-01-28 06:36:22,btc,0.0,0.0,0.00000000,btc,0.0,0.0,0.0,107
1,[],5,[],2019-01-28 06:36:39,1e-08,0.00000001,0.00000000000034450700000000005,6518488,2019-01-28 06:36:39,btc,3.23609336,0.03038344,0.00000001,btc,1.512e-05,0.0,0.05090965,112
1,[],22,[],2019-01-28 06:36:43,24952.0,0.00000001,0.00000000000034450700000000005,6518489,2019-01-28 06:36:43,BTC,2.84243449,0.0,0.00000001,BTC,977103.5833333334,0.0,0.00024952,112
0,[],27,[],2019-01-28 06:37:24,0.0,0,0,6518490,2019-01-28 06:37:24,,1.25356065,0.0,0,"btc,eth",1328.0,0.0,0.0,112
1,[],4,[],2019-01-28 06:37:24,447172.64607746,0.00000466,0.000000000160540262,6518491,2019-01-28 06:37:24,btc,0.6079091996749317,0.0,0.00000466,btc,91132.41555494,0.3110457,0.4287547503607521,113
1,[],5,[],2019-01-28 06:37:26,2.275e-05,0.00000371,0.000000000127812097,6518492,2019-01-28 06:37:26,btc,2.17573047,0.04154065,0.00000371,btc,0.00330484,0.0,0.21410165,113
1,[],17,[],2019-01-28 06:37:27,233369.0,0.00000004,0.0000000000013780280000000002,6518493,2019-01-28 06:37:27,btc,1.337629057568803,0.0,0.00000004,btc,72546.975,0.0,0.00543476,116
0,[],27,[],2019-01-28 06:37:29,0.0,0,0,6518494,2019-01-28 06:37:29,,0.0,0.0,0,btc,0.0,0.0,0.0,116
1,[],4,[],2019-01-28 06:37:30,31902.1591321,0.00002482,0.0000000008550663740000001,6518495,2019-01-28 06:37:30,btc,0.9518811796300024,0.0,0.00002482,btc,30780.02420494,3.31661269,0.4274773846822839,120
1,[],7,[],2019-01-28 06:37:31,2746.37637437,0.00002105000000000000005329937879938739797580637969076633453369140625,0.000000000725187235,6518496,2019-01-28 06:37:31,btc,95.08784664473039,56.95922997,0.00002105000000000000005329937879938739797580637969076633453369140625,btc,25631.24697188,0.00131048,0.0260384336067114,120
1,[],20,[],2019-01-28 06:37:33,1202438.9088,0.000000013,0.0000000000004478591,6518497,2019-01-28 06:37:33,btc,31.4011834283422,0.0,0.000000013,btc,1096701.7964,0.0,0.0066756954106,125
1,[],22,[],2019-01-28 06:37:37,68433.0,0.00000001,0.00000000000034450700000000005,6518498,2019-01-28 06:37:37,BTC,0.01415863,0.0,0.00000001,BTC,293039.4,0.0,0.00068433,126
0,[],2,[],2019-01-20 23:25:46,0.0,0,0,6476969,2019-01-20 23:25:46,,0.0,0.0,0,,0.0,0.0,0.0,131
1,[],4,[],2019-01-28 06:37:45,165218.69310011,0.00001349,0.000000000464739943,6518499,2019-01-28 06:37:45,btc,0.5312941807612169,0.0,0.00001349,btc,28982.65786434,0.17219147,1.5115608368088251,131
0,[],17,[],2019-01-28 06:37:46,0.0,0,0,6518500,2019-01-28 06:37:46,btc,0.0008451375975800001,0.0,0,btc,30.89614684,0.0,0.0,131
1,[],4,[],2019-01-28 06:37:47,6068.51603847,0.00020702,0.000000007131983914000001,6518501,2019-01-28 06:37:47,btc,0.4425224641647101,0.0,0.00020702,btc,284.34476376,0.0,0.0118908663289248,135
1,[],3,[],2019-01-28 06:37:48,1970006.62796286,0.00000009,0.000000000003100563,6518502,2019-01-28 06:37:48,btc,0.1770947959545481,81444.4854407,0.00000009,btc,332875.24723458,0.0,0.0775426073370347,136
1,[],4,[],2019-01-28 06:37:48,117478.78676862,0.00000181,0.00000000006235576700000001,6518503,2019-01-28 06:37:48,btc,0.6570798068148369,0.0,0.00000181,btc,237741.74973062,0.1638733,0.1554816109720426,137
1,[],12,[],2019-01-28 06:37:50,299903.84053156,0.000001839999999999999959088173122345732934945772285573184490203857421875,0.000000000063389288,6518504,2019-01-28 06:37:50,btc,11798.819661756752,0.0,0.000001839999999999999959088173122345732934945772285573184490203857421875,btc,131572.26663232,0.190834426710646,0.032585469999998,137
1,[],5,[],2019-01-28 06:37:51,0.00128096,0.00003882,0.000000001337376174,6518505,2019-01-28 06:37:51,btc,6.64151968,0.36008371,0.00003882,btc,0.00221127,0.0,1.14504232,142
1,[],17,[],2019-01-28 06:37:55,12500.0,0.0000001,0.00000000000344507,6518506,2019-01-28 06:37:55,btc,0.6809500038794702,0.0,0.0000001,btc,5932.0,0.0,0.00125,142
1,[],20,[],2019-01-28 06:37:57,153361.9276,0.000025303,0.0000000008717060621,6518507,2019-01-28 06:37:57,btc,2.9396479096881,32761.779,0.000025303,btc,15109.6901,1.323004327478,0.307740895931,142
1,[],22,[],2019-01-28 06:38:01,990.0,0.00001880,0.00000000064767316,6518508,2019-01-28 06:38:01,BTC,0.00073414,0.0,0.00001880,BTC,10.000500375281462,0.0,0.00022106,142
0.0,[],25,[],2019-01-28 06:38:05,0.0,0,0,6518509,2019-01-28 06:38:05,,0.0,0.0,0.0,btc,0.0,0.0,0.0,142
1,[],28,[],2019-01-28 06:38:22,79130.001,0.00004500,0.0000000015502815,6518510,2019-01-28 06:38:22,btc,0.15950702082,52441.428,0.00004500,btc,3167.8541,0.0,0.044535745,142
0,[],22,[],2019-01-25 15:57:33,0.0,0,0,6499726,2019-01-25 15:57:33,,59.04258297,0.0,0,,718491265.8,0.0,0.0,143
1,[],21,[],2019-01-28 06:38:23,42681424.98594162,0.00000029,0.000000000009990703,6518511,2019-01-28 06:38:23,btc,36.34357600638707,6358274.35911251,0.00000029,btc,70530734.88597666,1.88635011,7.388400275017625,145
0,[],22,[],2019-01-28 06:38:26,0.0,0,0,6518512,2019-01-28 06:38:26,,4.31668284,0.0,0,,1427838.5,0.0,0.0,146
,[],22,[],2018-11-20 23:01:11,0.0,0,0,4862114,2018-11-20 23:01:11,,2.56807021,0.0,,,61828.4988236,0.0,0.0,147
1,[],12,[],2019-01-28 06:38:27,8689237.21167883,0.0000029000000000000001864068795154327773389013600535690784454345703125,0.00000000009990703000000001,6518513,2019-01-28 06:38:27,btc,17.07152286181228,0.0,0.0000029000000000000001864068795154327773389013600535690784454345703125,btc,111017.65407238,0.00045348,0.12292981999999421,148
1,[],4,[],2019-01-28 06:38:28,255275.17123427,0.00000032,0.000000000011024224000000002,6518514,2019-01-28 06:38:28,btc,0.680635293499232,0.0,0.00000032,btc,496573.3324545,0.00648351,0.0532276129032104,152
0,[],22,[],2019-01-28 06:38:31,0.0,0,0,6518515,2019-01-28 06:38:31,,0.0,0.0,0,,0.0,0.0,0.0,152
1,[],5,[],2019-01-28 06:38:32,0.0,0,0,6518516,2019-01-28 06:38:32,btc,4.37024355,0.0,0,btc,0.00161275,0.0,0.0,153
,[],16,[],2019-01-11 15:38:59,0.0,0,0,6366141,2019-01-11 15:38:59,btc,0.0,0.0,,btc,0.0,0.0,0.0,155
0,[],23,[],2019-01-20 23:24:29,0.0,0,0,6476932,2019-01-20 23:24:29,,0.0,0.0,0,,0.0,0.0,0.0,156
0,[],22,[],2019-01-28 06:38:36,0.0,0,0,6518517,2019-01-28 06:38:36,,6.73288821,0.0,0,,4541761.742592593,0.0,0.0,156
1,[],22,[],2019-01-28 06:38:39,7906.0,0.00000801,0.000000000275950107,6518518,2019-01-28 06:38:39,BTC,43.78612537,0.0,0.00000801,BTC,1033.584498154164,0.0,0.00743836,157
0,[],22,[],2019-01-28 06:38:42,0.0,0,0,6518519,2019-01-28 06:38:42,,50175.6753658,0.0,0,,54007107.04179466,0.0,0.0,158
,[],17,[],2018-11-20 22:56:10,0.0,0,0,4861976,2018-11-20 22:56:10,btc,1.1265625,0.0,,btc,1000.0,0.0,0.0,159
,[],20,[],2018-11-20 22:56:12,0.0,0,0,4861977,2018-11-20 22:56:12,btc,11912.7940471,0.0,,btc,34413894.3617,0.0,0.0,159
1,[],12,[],2019-01-28 06:38:43,195567.78758621,0.000009919999999999999889914448214511821788619272410869598388671875,0.000000000341750944,6518520,2019-01-28 06:38:43,btc,6.652821987240911,0.0,0.000009919999999999999889914448214511821788619272410869598388671875,btc,14071.51908934,0.0063092137,0.0982171463000225,168
1,[],17,[],2019-01-28 06:38:45,29784.95,0.000001,0.0000000000344507,6518521,2019-01-28 06:38:45,btc,0.0353989844335,0.0,0.000001,btc,196.82520268,0.0,0.00716147,168
1,[],22,[],2019-01-28 06:38:48,1433447.0,0.00000001,0.00000000000034450700000000005,6518522,2019-01-28 06:38:48,BTC,1.13380276,0.0,0.00000001,BTC,689102.5537281231,0.0,0.01433447,169
1,[],22,[],2019-01-28 06:38:52,79743.42857142857,0.00000035,0.000000000012057745,6518523,2019-01-28 06:38:52,BTC,2.46358162,0.0,0.00000035,BTC,53989.56106516291,0.00041128,0.0163302,171
1,[],22,[],2019-01-28 06:38:56,183672.8245614035,0.00000025,0.000000000008612675000000001,6518524,2019-01-28 06:38:56,BTC,2.83376111,0.0,0.00000025,BTC,237216.9707307475,0.0035031,0.01009653,173
1,[],5,[],2019-01-28 06:38:58,6.354e-05,0.00000435,0.000000000149860545,6518525,2019-01-28 06:38:58,btc,0.40544881,0.00457764,0.00000435,btc,0.00036013,0.0,0.83361285,175
1,[],22,[],2019-01-28 06:39:04,45510.494563960216,0.00000132,0.000000000045474924000000005,6518526,2019-01-28 06:39:04,BTC,0.55003854,0.0,0.00000132,BTC,108111.57967878808,0.01953357,0.03593071,176
0,[],22,[],2019-01-28 06:39:45,0.0,0,0,6518528,2019-01-28 06:39:45,,1.00242428,0.0,0,,57512.0,0.0,0.0,178
0,[],2,[],2019-01-20 23:28:34,0.0,0,0,6477001,2019-01-20 23:28:34,,0.0,0.0,0,,0.0,0.0,0.0,178
1,[],7,[],2019-01-28 06:39:36,0.0,0,0,6518527,2019-01-28 06:39:36,btc,10967.435905417888,0.0,0,btc,122071837.87976141,0.0,0.0,178
1,[],5,[],2019-01-28 06:39:47,3e-08,0.00000002,0.0000000000006890140000000001,6518529,2019-01-28 06:39:47,btc,15.15809944,0.31330568,0.00000002,btc,2.088e-05,0.0,1.34144014,179
1,[],22,[],2019-01-28 06:40:24,9565525.038095238,0.00000002,0.0000000000006890140000000001,6518530,2019-01-28 06:40:24,BTC,5.47350882,0.0,0.00000002,"BTC,LTC",16474169.651989967,0.00113357,1.39791458,179
0,[],23,[],2019-01-20 23:25:08,0.0,0,0,6476952,2019-01-20 23:25:08,,0.0,0.0,0,,0.0,0.0,0.0,179
1,[],17,[],2019-01-28 06:40:26,10504.725,0.0000001,0.00000000000344507,6518531,2019-01-28 06:40:26,btc,5.206877489877339,0.0,0.0000001,btc,7465.6174587,0.0,0.0010504725,180
1,[],22,[],2019-01-28 06:40:31,444.2,0.00000093,0.000000000032039151,6518532,2019-01-28 06:40:31,BTC,0.09606142,0.0,0.00000093,"BTC,LTC",16543.625478042326,0.0075637700000000165,0.00021042,180
1,[],26,[],2019-01-28 06:40:31,0.0,0.00000020,0.000000000006890140000000001,6518533,2019-01-28 06:40:31,btc,0.0,2902.0,0.00000020,btc,0.0,0.0,0.0,180
,[],7,[],2018-11-20 22:58:01,562227.975654,0.00000085,0.000000000036176765,4862015,2018-11-20 22:58:01,btc,21836.6059674,2491.87645172,,btc,749999.041456,0.00211021,0.127565380455,183
1,[],24,[],2019-01-28 06:40:31,0.0,0.000000000001,3.44507e-17,6518534,2019-01-28 06:40:31,btc,0.0,0.0,0.000000000001,btc,0.0,0.0,0.0,187
,[],5,[],2019-01-10 08:11:41,0.0,0,0,6347036,2019-01-10 08:11:41,btc,82.15055501,0.00261,,btc,1.19002445,0.0,0.0,187
,[],17,[],2018-11-16 20:58:10,4062536.27273,0.00000001,0.000000000000550501,4708775,2018-11-16 20:58:10,btc,3.36492563466,0.195460381006,,"btc,eth",110697919.549,0.0,0.0157628953496,187
1,[],22,[],2019-01-28 06:40:46,19030.0,0.00000001,0.00000000000034450700000000005,6518535,2019-01-28 06:40:46,BTC,1.19382741,0.0,0.00000001,BTC,13380.036201072173,5.7e-06,0.0001903,191
0,[],22,[],2019-01-28 06:41:42,0.0,0,0,6518536,2019-01-28 06:41:42,,0.0,0.0,0,,0.0,0.0,0.0,197
1,[],26,[],2019-01-28 06:41:42,0.0,0.00000000,0,6518537,2019-01-28 06:41:42,btc,0.0,747088.0,0.00000000,btc,0.0,0.0,0.0,199
0,[],23,[],2019-01-20 23:31:41,0.0,0,0,6477079,2019-01-20 23:31:41,,0.0,0.0,0,,0.0,0.0,0.0,199
0,[],17,[],2019-01-28 06:41:47,0.0,0,0,6518538,2019-01-28 06:41:47,btc,6.802544163773764,0.0,0,btc,105897.55575295,0.0,0.0,200
0,[],2,[],2019-01-20 23:30:49,0.0,0,0,6477059,2019-01-20 23:30:49,,0.0,0.0,0,,0.0,0.0,0.0,201
1,[],4,[],2019-01-25 15:51:35,2084389.58565343,0.00000936,0.000000000333526752,6499557,2019-01-25 15:51:35,btc,2.0092503037378524,0.0,0.00000936,btc,160195.80207885,0.19272417,1.242687955921835,211
1,[],7,[],2019-01-28 06:42:05,13539724.688240329,0.00000119000000000000004144145963891343598106686840765178203582763671875,0.000000000040996333000000003,6518539,2019-01-28 06:42:05,btc,16317814.230796197,485769.772575,0.00000119000000000000004144145963891343598106686840765178203582763671875,btc,11902427.77539696,0.0,4.599198973137135,212
1,[],5,[],2019-01-28 06:42:06,4.84e-06,0.00000034,0.000000000011713238,6518540,2019-01-28 06:42:06,btc,0.96879556,0.08438848,0.00000034,btc,3.217e-05,0.0,0.34919051,213
1,[],24,[],2019-01-28 06:42:06,0.0,0.000000050000,0.0000000000017225350000000002,6518541,2019-01-28 06:42:06,btc,0.0,0.0,0.000000050000,btc,0.0,0.0,0.0,213
1,[],26,[],2019-01-28 06:42:06,0.0,0.00000003,0.000000000001033521,6518542,2019-01-28 06:42:06,btc,0.0,0.0,0.00000003,btc,0.0,0.0,0.0,213
1,[],12,[],2019-01-25 02:44:32,207462.42853209,0.000001080000000000000035831255497387193287295303889550268650054931640625,0.000000000038610756000000006,6493050,2019-01-25 02:44:32,btc,85023.03793723314,0.0,0.000001080000000000000035831255497387193287295303889550268650054931640625,btc,43675.73520027,0.000146250909087,0.0348620860622024,213
1,[],22,[],2019-01-28 06:42:11,281400.0,0.00000002,0.0000000000006890140000000001,6518543,2019-01-28 06:42:11,BTC,70.22676302,0.0,0.00000002,BTC,271505.63907173084,0.0,0.004814,216
0,[],27,[],2019-01-28 06:44:12,0.0,0,0,6518544,2019-01-28 06:44:12,,611.22,0.0,0,ltc,2178.0,0.0,0.0,216
1,[],22,[],2019-01-28 06:44:33,288011.482503991,0.00000232,0.00000000007992562400000001,6518545,2019-01-28 06:44:33,BTC,12677.82397463,0.0,0.00000232,BTC,349637.07539922115,0.01980989,0.40239245,217
1,[],7,[],2019-01-28 06:45:12,0.0,0,0,6518546,2019-01-28 06:45:12,btc,302.6303166391106,0.0,0,btc,139440320.6214003,0.0,0.0,219
0,[],27,[],2019-01-28 06:45:21,0.0,0,0,6518547,2019-01-28 06:45:21,,0.0747309448198,0.0,0,btc,1605140.29226592,0.0,0.0,219
0.0000000000000057,[],28,[],2019-01-28 06:45:30,203946286.198,2.280057e-18,7.854955968990001e-23,6518548,2019-01-28 06:45:30,doge,79804.0288717675,13752.0,0.00040001,"btc,doge",4119437.84751,0.0,1.7457468128990508e-11,219
1,[],22,[],2019-01-28 06:46:13,217046.0,0.00000085,0.000000000029283095000000004,6518549,2019-01-28 06:46:13,BTC,2.39628683,0.0,0.00000085,BTC,32945.55212317522,0.0,0.03171789,221
1,[],24,[],2019-01-28 06:46:13,0.0,0.000000550000,0.000000000018947885,6518550,2019-01-28 06:46:13,btc,0.0,0.0,0.000000550000,btc,0.0,0.0,0.0,221
1,[],26,[],2019-01-28 06:46:13,0.0,0.00000002,0.0000000000006890140000000001,6518551,2019-01-28 06:46:13,btc,0.0,10772.0,0.00000002,btc,0.0,0.0,0.0,231
1,[],26,[],2019-01-28 06:46:14,0.0,0.00000004,0.0000000000013780280000000002,6518552,2019-01-28 06:46:14,btc,0.0,0.0,0.00000004,btc,0.0,0.0,0.0,234
0,[],27,[],2019-01-28 06:48:14,0.0,0,0,6518553,2019-01-28 06:48:14,,0.001146299618,0.0,0,btc,11462.99618,0.0,0.0,234
0.0000000000891756,[],22,[],2019-01-28 05:45:58,8895864.0,8.91756e-19,3.08969376588e-23,6518351,2019-01-28 05:45:58,LTC,3.41473524,0.0,0.00000001,LTC,93427951.31349206,1.787200302816e-12,0.08895864,235
1,[],4,[],2019-01-28 06:48:46,2208258.3817416,0.00000079,0.000000000027216053,6518554,2019-01-28 06:48:46,btc,0.0788218159624981,0.0,0.00000079,btc,71083.65316972,0.10588757,0.1890801449057605,236
1,[],24,[],2019-01-28 06:48:46,0.0,0.000000010000,0.00000000000034450700000000005,6518555,2019-01-28 06:48:46,btc,0.0,0.0,0.000000010000,btc,0.0,0.0,0.0,236
1,[],20,[],2019-01-28 06:48:48,192149293.9425,0.000000069,0.0000000000023770983000000003,6518556,2019-01-28 06:48:48,btc,14.3157919525664,20780654.5225,0.000000069,btc,24533066.8159,1.4179015424485,0.5275404115082,237
1,[],22,[],2019-01-28 06:48:51,10000.0,0.00000001,0.00000000000034450700000000005,6518557,2019-01-28 06:48:51,BTC,0.04083605,0.0,0.00000001,BTC,4179.0,0.0,0.0001,237
1,[],4,[],2019-01-28 06:48:52,5537653.45618279,0.00000031,0.000000000010679717,6518558,2019-01-28 06:48:52,btc,0.5322888293920588,0.0,0.00000031,btc,1590939.89771615,0.18930822,1.4947769613016302,238
1,[],5,[],2019-01-28 06:48:53,3.64e-06,0.00000031,0.000000000010679717,6518559,2019-01-28 06:48:53,btc,0.69661322,0.00079155,0.00000031,btc,2.855e-05,0.0,0.25169308,238
1,[],22,[],2019-01-28 06:48:57,270376.05,0.00000005,0.0000000000017225350000000002,6518560,2019-01-28 06:48:57,BTC,15.40987298,0.0,0.00000005,BTC,234729.18162280702,0.00062991,0.00897035,249
0.00000000008986980000000001,[],22,[],2019-01-28 06:49:01,2565214.8,4.49349e-18,1.54803875943e-22,6518561,2019-01-28 06:49:01,LTC,0.59825686,0.0,0.00000005,LTC,14774757.845555555,3.8644014e-16,0.05185782,252
1,[],28,[],2019-01-28 06:49:03,2037349.213,0.00000008,0.0000000000027560560000000004,6518562,2019-01-28 06:49:03,btc,164692.83429779497,26091.61,0.00000008,btc,1237808.2807,0.0,0.07476567991,256
0,[],27,[],2019-01-28 06:49:05,0.0,0,0,6518563,2019-01-28 06:49:05,,4.96668,0.0,0,"btc,eth",90.59,0.0,0.0,257
1,[],22,[],2019-01-28 06:49:09,52104.0,0.00000001,0.00000000000034450700000000005,6518564,2019-01-28 06:49:09,BTC,35605.64760824,0.0,0.00000001,BTC,633109.2140982675,0.00273422,0.00052104,258
1,[],22,[],2019-01-26 20:58:41,368451.0,0.00000001,0.000000000000356135,6510120,2019-01-26 20:58:41,BTC,2.642917,0.0,0.00000001,"BTC,LTC",1862.0,0.0,0.02488451,259
1,[],22,[],2019-01-28 06:49:12,3516.272,0.00000775,0.00000000026699292500000003,6518565,2019-01-28 06:49:12,BTC,4.68612988,0.0,0.00000775,BTC,6019.390866142444,0.0,0.02433815,262
1,[],5,[],2019-01-28 06:49:14,5.301e-05,0.00000254,0.000000000087504778,6518566,2019-01-28 06:49:14,btc,67781.6099077,0.44684027,0.00000254,btc,11111.1151914,0.0,0.24209141,264
1,[],20,[],2019-01-28 06:49:15,1785193.4819,0.000001572,0.000000000054156500400000006,6518567,2019-01-28 06:49:15,btc,5.2404781160464,14084.7566,0.000001572,btc,102172.3166,0.049301972219,0.0426669989922,264
1,[],22,[],2019-01-28 06:49:27,163085.0,0.00000003,0.000000000001033521,6518568,2019-01-28 06:49:27,BTC,7.51937253,0.0,0.00000003,BTC,233614.89223516703,6.042e-05,0.00389729,271
0,[],22,[],2019-01-28 06:49:32,0.0,0,0,6518569,2019-01-28 06:49:32,,242.59396368,0.0,0,,12792025291.9,0.0,0.0,272
0.0000000000000057,[],28,[],2019-01-28 06:51:33,259688834423.651,5.1300000000000004e-21,1.7673209100000003e-25,6518570,2019-01-28 06:51:33,doge,51819130.7100273,21147197013.8443,0.0000009,doge,140830650339.21323,0.0,8.182118620940801e-10,272
