pairValue,buyBook,exchangeId,sellBook,updated,buyTotal,satoshiPrice,usdPrice,exchangeLogId,created,bestPair,sellTotalBtc,volume,pairPrice,activePairs,sellTotal,volumeBtc,buyTotalBtc,coinId
1,[],3,[],2019-05-10 23:38:10,32392.75397150572,0.010262870000000000325623972230459912680089473724365234375,0.0000006558877062560001,7613862,2019-05-10 23:38:10,btc,3.4776165917311115,193.787517425,0.010262870000000000325623972230459912680089473724365234375,btc,23.241742180560003,0.0,0.4597112956974492,1
1,[],4,[],2019-05-10 23:38:11,251155.59287044,0.01066941,0.000000681869189808,7613863,2019-05-10 23:38:11,btc,9.090968626345957,0.0,0.01066941,btc,419.44567843,1.49778776,0.4863773607245212,1
1,[],5,[],2019-05-10 23:38:14,0.0,0,0,7613864,2019-05-10 23:38:14,btc,0.0,0.07824692,0,btc,0.0,0.0,0.0,1
1,[],10,[],2019-05-10 23:38:16,184867.15843817,0.00901355,0.00000057604516424,7613865,2019-05-10 23:38:16,btc,6525.268763621626,1628.25722898,0.00901355,btc,1475.88213251,0.0,3.5277633558830983,1
1,[],12,[],2019-05-10 23:38:19,97.9700159,0.0107399999999999995470290059529361315071582794189453125,0.000000686380512,7613866,2019-05-10 23:38:19,btc,0.1389841095799,0.0,0.0107399999999999995470290059529361315071582794189453125,btc,9.25533153,0.3450693698122,0.5918358569931,1
1,[],20,[],2019-05-10 23:38:21,975.4136,0.010710031,0.0000006844652291728001,7613867,2019-05-10 23:38:21,btc,0.078953598354,0.0188,0.010710031,btc,5.2209,0.0002209,0.176008130169,1
1,[],21,[],2019-05-10 23:38:23,2060.45444336,0.01079844999999999936857175697,0.00000069011598136,7613868,2019-05-10 23:38:23,btc,15.773516174868671,5832.3121841,0.01079844999999999936857175697468846919946372509002685546875,"btc,eth",1864.39124788,59.68228081318583,14.864034825876134,1
0,[],22,[],2019-05-10 23:38:26,0.0,0,0,7613869,2019-05-10 23:38:26,,0.3163308,0.0,0,,0.2527518593615956,0.0,0.0,1
1,[],24,[],2019-05-10 23:38:27,0.0,0.000000000000,0,7613870,2019-05-10 23:38:27,btc,0.0,0.0,0.000000000000,btc,0.0,0.0,0.0,1
0.0,[],25,[],2019-05-10 23:38:28,0.0,0,0,7613871,2019-05-10 23:38:28,btc,30.299999998861967,5599.91651594,0.0,btc,2741.45569628,60.4102,0.0,1
1,[],26,[],2019-05-10 23:38:29,0.0,0,0,7613872,2019-05-10 23:38:29,,0.0,0.0,0,,0.0,0.0,0.0,1
0,[],28,[],2019-05-10 23:41:06,0.0,0,0,7613873,2019-05-10 23:41:06,,0.0,361938.95,0,,0.0,0.0,0.0,1
0,[],2,[],2019-01-20 23:28:45,0.0,0,0,6477011,2019-01-20 23:28:45,,0.0,0.0,0,,0.0,0.0,0.0,1
1,[],5,[],2019-05-10 23:41:08,0.0,0,0,7613874,2019-05-10 23:41:08,btc,0.0,0.00044412,0,btc,0.0,0.0,0.0,2
1,[],22,[],2019-05-10 23:41:12,9148.0,0.00000001,0.000000000000639088,7613875,2019-05-10 23:41:12,BTC,21.00846647,0.0,0.00000001,"BTC,XMR",24148.96059725142,0.0,0.00095635,2
1,[],5,[],2019-05-10 23:41:13,0.0,0,0,7613876,2019-05-10 23:41:13,btc,0.0,0.0734408,0,btc,0.0,0.0,0.0,3
1,[],12,[],2019-05-10 23:41:14,3289142.7426719,0.000000145,0.000000000009266775999999999,7613877,2019-05-10 23:41:14,btc,2714597.2788646957,0.0,0.000000145,btc,3077695.86501298,0.30021396073718454,0.3442657459833836,3
0,[],28,[],2019-05-10 23:41:31,0.0,0,0,7613878,2019-05-10 23:41:31,,0.0,0.0,0,,0.0,0.0,0.0,3
0,[],2,[],2019-01-20 23:31:32,0.0,0,0,6477077,2019-01-20 23:31:32,,0.0,0.0,0,,0.0,0.0,0.0,4
1,[],4,[],2019-04-26 19:14:12,610911.70993152,0.00000026,0.000000000013566046,7471614,2019-04-26 19:14:12,btc,31.457742656463164,0.0,0.00000026,btc,718733.71307795,0.00142695,0.0638464483338706,4
0,[],12,[],2019-04-25 23:08:22,0.0,0,0,7459310,2019-04-25 23:08:22,btc,1111851.94727753,0.0,0,btc,953412.0,0.0,0.0,5
0,[],2,[],2019-01-20 23:31:51,0.0,0,0,6477087,2019-01-20 23:31:51,,0.0,0.0,0,,0.0,0.0,0.0,6
1,[],11,[],2019-05-10 23:41:32,5042415.307535999,0.00000001,0.000000000000639088,7613879,2019-05-10 23:41:32,btc,9576.532332469495,953882.934,0.00000001,btc,47925888.75253575,0.0,0.05042415307536,6
1,[],3,[],2019-05-10 23:41:33,11085.652863622709,0.000141139999999999993761379268875089110224507749080657958984375,0.000000009020088032,7613880,2019-05-10 23:41:33,btc,14.360556743200886,72.2557011207,0.000141139999999999993761379268875089110224507749080657958984375,btc,346.225549964109,0.0,0.030450125165872432,7
1,[],4,[],2019-05-10 23:41:34,41453.56398733,0.00013751,0.000000008788099088,7613881,2019-05-10 23:41:34,btc,7.978724878108719,0.0,0.00013751,btc,35985.38824324,2.99900096,2.202299733492162,7
1,[],5,[],2019-05-10 23:41:36,0.0,0,0,7613882,2019-05-10 23:41:36,btc,0.0,1.59080667,0,btc,0.0,0.0,0.0,7
1,[],20,[],2019-04-07 22:06:50,3201475.0482,0.000000001,0.000000000000051590000000000004,7213932,2019-04-07 22:06:50,btc,30.8005781811902,0.0,0.000000001,btc,23077405.3926,0.0,0.0032014750482,8
0,[],2,[],2019-01-20 23:22:42,0.0,0,0,6476876,2019-01-20 23:22:42,,0.0,0.0,0,,0.0,0.0,0.0,9
0,[],23,[],2019-01-20 23:22:48,0.0,0,0,6476878,2019-01-20 23:22:48,,0.0,0.0,0,,0.0,0.0,0.0,9
1,[],4,[],2019-05-10 23:41:40,21374246.32349634,0.00000072,0.000000000046014336,7613883,2019-05-10 23:41:40,btc,4.473888414276223,0.0,0.00000072,btc,3389687.1183688,1.04234413,0.607052880935397,9
0,[],28,[],2019-05-10 23:43:41,0.0,0,0,7613884,2019-05-10 23:43:41,,0.0,3508905.0,0,,0.0,0.0,0.0,9
1,[],1,[],2019-02-17 23:31:42,1822507.21,0.00000181000000000000003456111265232042484285557293333113193511962890625,0.000000000066086901,6701244,2019-02-17 23:31:42,btc,3.6990969245,17153386.5,0.00000181000000000000003456111265232042484285557293333113193511962890625,btc,1997391.71,31.11772986,3.2610482446,9
1,[],4,[],2019-02-17 11:22:43,4341674.27126056,0.00000002,0.0000000000007272960000000001,6696112,2019-02-17 11:22:43,btc,0.1997230937751353,0.0,0.00000002,btc,4109766.79808031,0.00215132,0.0479381022052112,10
0,[],2,[],2019-01-20 23:23:08,0.0,0,0,6476890,2019-01-20 23:23:08,,0.0,0.0,0,,0.0,0.0,0.0,12
1,[],4,[],2019-05-10 23:43:42,10645282.37343778,0.00000080,0.00000000005112704,7613885,2019-05-10 23:43:42,btc,7.197099749909649,0.0,0.00000080,btc,5284391.01441142,1.18733807,4.698896702857181,12
1,[],5,[],2019-05-10 23:43:45,0.0,0,0,7613886,2019-05-10 23:43:45,btc,0.0,0.12200981,0,btc,0.0,0.0,0.0,12
0.0,[],25,[],2019-05-10 23:43:46,0.0,0,0,7613887,2019-05-10 23:43:46,,0.0,0.0,0.0,btc,0.0,0.0,0.0,12
1,[],10,[],2019-05-10 23:27:20,523578.61777599,0.0000056,0.0000000003582936,7613736,2019-05-10 23:27:20,btc,666793.5551989689,86385.1209305,0.0000056,btc,725443.50141121,0.0,0.4126955751925943,13
1,[],4,[],2019-05-10 23:43:47,32075975.8407303,0.00000596,0.000000000380896448,7613888,2019-05-10 23:43:47,btc,2.5428200396313816,0.0,0.00000596,btc,306377.17172576,0.70240501,1.1102204216798333,13
1,[],21,[],2019-05-10 23:43:52,3825545.56574419,0.000005849999999999999894095131792,0.00000000037386648,7613889,2019-05-10 23:43:52,btc,4.242364594887476,716619.13853204,0.0000058499999999999998940951317916159268861520104110240936279296875,btc,611988.73870325,4.19592708,18.94806622946507,13
1,[],4,[],2019-05-10 23:43:53,1080854.39528845,0.00000081,0.000000000051766128,7613890,2019-05-10 23:43:53,btc,6.249264353579807,0.0,0.00000081,btc,1262926.21836776,0.01633865,0.1971296507095304,14
1,[],12,[],2019-05-10 23:43:55,254978.11728392,0.00000085,0.00000000005432248,7613891,2019-05-10 23:43:55,btc,0.118470824137324,0.0,0.00000085,btc,14931.03903504,0.0,0.0284928399999744,14
1,[],26,[],2019-05-10 23:43:56,0.0,0.00000050,0.000000000031954400000000004,7613892,2019-05-10 23:43:56,btc,0.0,0.0,0.00000050,btc,0.0,0.0,0.0,14
0,[],17,[],2019-05-03 00:53:32,0.0,0,0,7558876,2019-05-03 00:53:32,btc,0.0,0.0,0,btc,0.0,0.0,0.0,14
,[],12,[],2018-12-01 15:15:48,204241.84496,0.00000489,0.000000000202473384,5260204,2018-12-01 15:15:48,btc,49.5475654835,0.0,,btc,35763.2193806,0.0163153972027625,0.0203389899998,15
0,[],4,[],2019-05-10 23:43:57,0.0,0,0,7613893,2019-05-10 23:43:57,,0.0,0.0,0,,0.0,0.0,0.0,15
1,[],4,[],2019-05-10 23:27:30,28801.39802147,0.00001234,0.00000000078952554,7613742,2019-05-10 23:27:30,btc,1.1508875849802147,0.0,0.00001234,btc,17291.79173314,0.01078553,0.0757258341890702,18
1,[],10,[],2019-05-10 23:27:32,166752.96343125,0.00001498,0.0000000009584353800000002,7613743,2019-05-10 23:27:32,btc,15.406641759739923,14288.3178077,0.00001498,btc,9839.90792848,0.0,0.5184790277480401,18
1,[],12,[],2019-05-10 23:27:33,221022.3375464,0.000011080000000000000642103557824125203978837816976010799407958984375,0.00000000070890948,7613744,2019-05-10 23:27:33,btc,33215.31966497137,0.0,0.000011080000000000000642103557824125203978837816976010799407958984375,btc,1194.72973553,0.0043315657707902,0.0133978737343949,18
0,[],2,[],2019-01-20 23:23:38,0.0,0,0,6476906,2019-01-20 23:23:38,,0.0,0.0,0,,0.0,0.0,0.0,18
0,[],17,[],2019-05-03 00:53:39,0.0,0,0,7558882,2019-05-03 00:53:39,btc,0.0,0.0,0,btc,0.0,0.0,0.0,18
0,[],2,[],2019-01-20 23:24:19,0.0,0,0,6476924,2019-01-20 23:24:19,,0.0,0.0,0,,0.0,0.0,0.0,19
1,[],3,[],2019-05-10 23:43:58,158676.39620904077,0.0000128900000000000002531481968492954592875321395695209503173828125,0.000000000823784432,7613894,2019-05-10 23:43:58,btc,0.2549746815556549,877.526669329,0.0000128900000000000002531481968492954592875321395695209503173828125,btc,7252.566877867577,0.0,0.05120513871465429,19
1,[],4,[],2019-05-10 23:43:59,460498.11637891,0.00001331,0.000000000850626128,7613895,2019-05-10 23:43:59,btc,3.693247893257124,0.0,0.00001331,btc,119760.88461113,0.24250184,0.7927168033212155,19
1,[],5,[],2019-05-10 23:44:01,0.0,0,0,7613896,2019-05-10 23:44:01,btc,0.0,0.00083156,0,btc,0.0,0.0,0.0,19
1,[],12,[],2019-05-10 23:44:02,211182.49688752,0.00001283000000000000082761054953639501263751299120485782623291015625,0.0000000008199499040000001,7613897,2019-05-10 23:44:02,btc,0.3020160453575761,0.0,0.00001283000000000000082761054953639501263751299120485782623291015625,btc,3005.57901296,0.0021160241977322,0.10222927999942891,19
1,[],27,[],2019-05-10 23:44:16,100.0,0.0000001,0.00000000000639088,7613898,2019-05-10 23:44:16,btc,0.0,0.0,0.0000001,btc,0.0,0.0,1e-05,19
1,[],4,[],2019-05-10 23:44:17,1834878.57391266,0.00000010,0.00000000000639088,7613899,2019-05-10 23:44:17,btc,5.279309685630553,0.0,0.00000010,btc,2279170.28595418,0.0,0.0608385352282092,20
1,[],4,[],2019-05-10 23:44:18,73341640.40551692,0.00000001,0.000000000000639088,7613900,2019-05-10 23:44:18,btc,39085.674299472004,0.0,0.00000001,btc,55034845.18986641,0.01727898,0.7334164040551692,21
1,[],12,[],2019-05-10 23:44:19,5217850.0,0.00000001,0.000000000000639088,7613901,2019-05-10 23:44:19,btc,2895.661719010819,0.0,0.00000001,btc,7235925.79820176,0.00016704,0.0521785,21
0,[],17,[],2019-05-03 00:53:51,0.0,0,0,7558891,2019-05-03 00:53:51,btc,0.0,0.0,0,btc,0.0,0.0,0.0,21
1,[],12,[],2019-05-10 23:44:20,8125392083.808,0.0000000005,0.0000000000000319544,7613902,2019-05-10 23:44:20,btc,311121804027.5427,0.0,0.0000000005,btc,2504604777.1152897,0.291399900939061,1.9617153209040001,23
0.0000000002708115,[],27,[],2019-05-10 23:44:32,4076763.0,5.41623e-18,3.46144759824e-22,7613903,2019-05-10 23:44:32,eth,10184.579364100791,650669240.554554,0.00000002,eth,6769101.7384,3.524174260473315e-09,1.1121423994845e-11,23
1,[],4,[],2019-05-10 23:44:34,815099.37151951,0.00000031,0.000000000019811728,7613904,2019-05-10 23:44:34,btc,14.0179123118681,0.0,0.00000031,btc,2099588.43372843,0.02330788,0.0642031659150936,24
1,[],22,[],2019-05-10 23:44:37,21.76,0.00000100,0.00000000006390880000000001,7613905,2019-05-10 23:44:37,BTC,7.415e-05,0.0,0.00000100,BTC,23.919354838709676,0.0,1.186e-05,24
0.0,[],25,[],2019-05-10 23:44:39,0.0,0,0,7613906,2019-05-10 23:44:39,,0.0,0.0,0.0,btc,0.0,0.0,0.0,24
1,[],4,[],2019-05-10 23:28:03,26986235.68544785,0.00000416,0.00000000026616096000000003,7613758,2019-05-10 23:28:03,btc,11.228734340382006,0.0,0.00000416,btc,332255.88759607,0.15757462,0.4861521138686869,26
1,[],10,[],2019-05-10 23:28:05,117435.88653299,0.00000852,0.00000000054511812,7613759,2019-05-10 23:28:05,btc,25.848768314311563,3330.68174219,0.00000852,btc,20006.96842861,0.0,0.0667422490146594,26
0,[],2,[],2019-01-20 23:25:56,0.0,0,0,6476976,2019-01-20 23:25:56,,0.0,0.0,0,,0.0,0.0,0.0,26
1,[],11,[],2019-04-30 04:16:17,7094566.83690364,0.00000006,0.000000000003115554,7518027,2019-04-30 04:16:17,btc,67504.138725751,6116.07566417,0.00000006,btc,6591680.7351637,0.0,0.38529422037817224,27
1,[],5,[],2019-04-26 09:47:06,0.0,0,0,7465326,2019-04-26 09:47:06,btc,0.0,0.0,0,btc,0.0,0.0,0.0,27
1,[],3,[],2019-04-28 02:38:55,141621.60361514,0.00000001,0.0000000000005253330000000001,7491060,2019-04-28 02:38:55,btc,2.501704004580372,921815.184511,0.00000001,btc,21091882.2176418,0.0,0.0014162160361513999,27
1,[],4,[],2019-05-10 23:44:40,1542650830.5835571,0.00000001,0.000000000000639088,7613907,2019-05-10 23:44:40,btc,5.626294741385562,0.0,0.00000001,"btc,ltc",299799757.50004256,1.11559556,9.973786061162455,29
1,[],7,[],2019-05-10 23:44:40,113405941.7229273,0.00000001,0.000000000000639088,7613908,2019-05-10 23:44:40,btc,46550610.70886549,944251.965755,0.00000001,btc,41375707.608253896,0.0,1.134059417229273,29
0,[],17,[],2019-05-03 01:11:25,0.0,0,0,7559066,2019-05-03 01:11:25,btc,0.0,0.0,0,btc,0.0,0.0,0.0,30
1,[],4,[],2019-05-10 23:44:43,1568305.19711927,0.00000012,0.000000000007669056,7613909,2019-05-10 23:44:43,btc,2.8591955631219697,0.0,0.00000012,btc,2549158.44847338,0.0,0.0409517439722806,30
1,[],4,[],2019-05-10 23:44:45,280254.16020781,0.00005263,0.000000003363520144,7613910,2019-05-10 23:44:45,btc,6.077067013207062,0.0,0.00005263,btc,58266.46404151,0.69757008,0.7843164541911561,31
1,[],21,[],2019-05-10 23:44:45,39521.69308892,0.00005396999999999999996121158308,0.0000000034491579360000003,7613911,2019-05-10 23:44:45,btc,3.0092558408559342,177567.76538983,0.00005396999999999999996121158307715859336894936859607696533203125,btc,50597.21631627,9.37965631,1.8569268020547718,31
0,[],2,[],2019-01-20 23:28:43,0.0,0,0,6477009,2019-01-20 23:28:43,,0.0,0.0,0,,0.0,0.0,0.0,32
1,[],12,[],2019-03-30 07:55:10,40641173.964,0.00000003,0.000000000001228359,7108785,2019-03-30 07:55:10,btc,4233210.82356125,0.0,0.00000003,btc,28378394.68333462,0.0126927883965248,0.90752895892,33
0,[],4,[],2019-05-10 23:44:46,0.0,0,0,7613912,2019-05-10 23:44:46,,0.0,0.0,0,,0.0,0.0,0.0,33
1,[],4,[],2019-05-10 23:44:47,1458216.76861,0.00000001,0.000000000000639088,7613913,2019-05-10 23:44:47,btc,3.9061700136773063,0.0,0.00000001,btc,153864824.03281787,0.0004512,0.0145821676861,34
1,[],5,[],2019-05-10 23:44:48,0.0,0,0,7613914,2019-05-10 23:44:48,btc,0.0,0.00442164,0,btc,0.0,0.0,0.0,34
0.000000000133684,[],4,[],2019-05-02 18:17:45,3384239970.6360936,1.3368400000000002e-18,7.293946092400001e-23,7556428,2019-05-02 18:17:45,ltc,5.381102735485169e-08,0.0,0.00000001,ltc,6862894551.7408495,0.0,4.524187362345155e-09,36
1,[],5,[],2019-05-02 18:17:46,0.0,0,0,7556429,2019-05-02 18:17:46,btc,0.0,0.0,0,btc,0.0,0.0,0.0,36
0.0000000002926451,[],17,[],2019-05-02 18:17:47,200000.0,2.9264510000000002e-18,1.596703856561e-22,7556430,2019-05-02 18:17:47,eth,0.20942468735267253,0.0,0.00000001,"btc,eth",1018272.20243647,0.0,5.852902e-13,36
0.000000000133684,[],27,[],2019-05-02 18:17:55,7883196.008,1.3368400000000002e-18,7.293946092400001e-23,7556431,2019-05-02 18:17:55,ltc,25567.4086131264,0.0,0.00000001,"ltc,eth",21753551.64,0.0,1.0538571751334722e-11,36
1,[],17,[],2019-05-03 01:11:36,211752.74075282,0.00000025,0.000000000013700074999999998,7559074,2019-05-03 01:11:36,btc,0.055484923955058496,0.0,0.00000025,"btc,eth",1387.19918473,0.0,0.0005381851887916605,37
1,[],4,[],2019-05-10 23:44:51,266933.67951792,0.00000023,0.000000000014699024,7613915,2019-05-10 23:44:51,btc,19772.871573578104,0.0,0.00000023,btc,951129.85711037,0.01624968,0.0207939592437182,37
1,[],12,[],2019-05-10 23:44:52,1157410.09523808,0.00000021,0.000000000013420848,7613916,2019-05-10 23:44:52,btc,19604.35359087513,0.0,0.00000021,btc,463604.46175192,0.0204380303318295,0.1145291399999968,37
1,[],27,[],2019-05-10 23:45:09,1600.0,0.00000015,0.000000000009586320000000001,7613917,2019-05-10 23:45:09,btc,24.12824334291843,0.0,0.00000015,btc,5839.49448498,0.0,3e-05,37
1,[],5,[],2019-05-10 23:45:10,0.0,0,0,7613918,2019-05-10 23:45:10,btc,0.0,0.02697139,0,btc,0.0,0.0,0.0,42
1,[],12,[],2019-05-10 23:45:11,380863.26933391,0.00000322000000000000008722298057428634621146557037718594074249267578125,0.00000000020578633600000002,7613919,2019-05-10 23:45:11,btc,2227595.239209835,0.0,0.00000322000000000000008722298057428634621146557037718594074249267578125,btc,79880.29553567,0.4497445738482894,0.0892328198029346,42
1,[],27,[],2019-05-10 23:45:30,506.0,0.00000002,0.000000000001278176,7613920,2019-05-10 23:45:30,btc,1.26188489793465,0.0,0.00000002,"btc,eth",1317.3275157,0.0,3.0000004212743694e-06,42
1,[],12,[],2019-03-13 09:13:29,1112112.0,0.00000001,0.000000000000386531,6919902,2019-03-13 09:13:29,btc,29058.00478931866,0.0,0.00000001,btc,5967681.93306694,9.99000999e-07,0.01112112,43
1,[],5,[],2019-04-26 22:38:52,0.0,0,0,7474154,2019-04-26 22:38:52,btc,0.0,0.02638891,0,btc,0.0,0.0,0.0,43
0,[],17,[],2019-04-26 22:38:53,0.0,0,0,7474155,2019-04-26 22:38:53,btc,0.0,0.0,0,btc,0.0,0.0,0.0,43
1,[],12,[],2019-03-05 01:54:08,639326.02,0.00000004,0.000000000001486676,6845775,2019-03-05 01:54:08,btc,11116042.728239931,0.0,0.00000004,btc,1103841.4595604,0.0003330765234764,0.014975410599999999,44
1,[],4,[],2019-05-10 23:45:32,130964427.34668,0.00000001,0.000000000000639088,7613921,2019-05-10 23:45:32,btc,436.82523408952727,0.0,0.00000001,"btc,ltc",23049031.09584506,0.00638289,0.28115900308976466,49
0.0000000001210485,[],4,[],2019-05-10 23:45:33,74391055.0135475,7.989201e-17,5.105802488688e-21,7613922,2019-05-10 23:45:33,ltc,21614.56776262203,0.0,0.00000066,ltc,98590770.43243577,0.0,1.6835921131671876e-09,52
0,[],22,[],2019-05-10 23:45:36,0.0,0,0,7613923,2019-05-10 23:45:36,,10289.62709543,0.0,0,,309505736.4566013,0.0,0.0,57
0,[],27,[],2019-05-10 23:45:49,0.0,0,0,7613924,2019-05-10 23:45:49,,0.0,0.0,0,"btc,eth",0.0,0.0,0.0,57
1,[],17,[],2019-05-03 01:12:09,1200000.0,0.0000000001,0.00000000000000548003,7559085,2019-05-03 01:12:09,btc,1e+24,0.0,0.0000000001,"btc,eth",39516342.31952568,0.0,0.00010000000058666061,58
0.0000000001210485,[],4,[],2019-05-10 23:45:50,1050879965.9406304,1.210485e-18,7.7360643768e-23,7613925,2019-05-10 23:45:50,ltc,19.110261828145582,0.0,0.00000001,ltc,6037091606.651433,0.0,1.2720744355716442e-09,58
1,[],12,[],2019-05-10 23:45:51,1557538303.0,0.0000000001,0.00000000000000639088,7613926,2019-05-10 23:45:51,btc,11897162.867078865,0.0,0.0000000001,btc,4380142871.014994,0.02047646373885934,0.1557538303,58
0.00000000010647820000000001,[],22,[],2019-05-10 23:45:55,137323.0,1.064782e-18,6.80489398816e-23,7613927,2019-05-10 23:45:55,XMR,69.17947824,0.0,0.00000001,XMR,9887848.044444444,0.0,0.00137323,58
1,[],5,[],2019-05-10 23:45:58,0.0,0,0,7613928,2019-05-10 23:45:58,btc,0.0,0.0,0,btc,0.0,0.0,0.0,61
1,[],22,[],2019-05-10 23:46:02,13613.833333333334,0.00000012,0.000000000007669056,7613929,2019-05-10 23:46:02,BTC,1002.29626883,0.0,0.00000012,BTC,15392.180177125656,0.0,0.00153269,61
1,[],26,[],2019-05-10 23:46:02,0.0,0.00000050,0.000000000031954400000000004,7613930,2019-05-10 23:46:02,btc,0.0,0.0,0.00000050,btc,0.0,0.0,0.0,61
0.0000000002708115,[],27,[],2019-05-10 23:48:08,100000.0,2.708115e-18,1.73072379912e-22,7613931,2019-05-10 23:48:08,eth,1.9482732497246655,0.0,0.00000001,"btc,eth",13266.51663696,0.0,2.708115e-13,61
1,[],28,[],2019-05-10 23:48:36,1039.304,0.00000008,0.000000000005112704,7613932,2019-05-10 23:48:36,btc,2.056501795415105,829.0,0.00000008,btc,10022.46650005,0.0,2.439304e-05,61
1,[],4,[],2019-05-10 23:48:37,1216750.52577481,0.00000097,0.000000000061991536,7613933,2019-05-10 23:48:37,btc,2.1829803721882906,0.0,0.00000097,btc,714081.31536852,0.06741883,0.7828577159415685,67
0.0,[],25,[],2019-05-10 23:48:38,0.0,0,0,7613934,2019-05-10 23:48:38,,0.0,0.0,0.0,btc,0.0,0.0,0.0,67
1,[],12,[],2019-05-10 23:48:39,1436229.895,0.00000014,0.000000000008947232,7613935,2019-05-10 23:48:39,btc,55556353.35962981,0.0,0.00000014,btc,1526510.45556881,9.79800998995e-05,0.0216646953,71
,[],5,[],2018-11-20 23:02:39,1.5e-07,0.00000005,0.000000000002128045,4862160,2018-11-20 23:02:39,btc,2.84511358,0.0,,btc,0.00036572,0.0,0.07381892,74
1,[],5,[],2019-05-10 23:48:41,0.0,0,0,7613936,2019-05-10 23:48:41,btc,0.0,0.00346865,0,btc,0.0,0.0,0.0,75
0,[],20,[],2019-01-25 09:30:31,0.0,0,0,6495923,2019-01-25 09:30:31,btc,0.0,0.0,0,btc,0.0,0.0,0.0,81
1,[],4,[],2019-05-10 23:48:41,58543.099,0.00000001,0.000000000000639088,7613937,2019-05-10 23:48:41,btc,133647.82998296857,0.0,0.00000001,btc,35130061.32523591,0.0002,0.00058543099,81
1,[],4,[],2019-05-10 23:48:43,29572.87043397,0.00006791,0.000000004340046608,7613938,2019-05-10 23:48:43,btc,18.571880469711065,0.0,0.00006791,btc,25623.01663438,0.1242658,0.4371458534508491,82
1,[],21,[],2019-05-10 23:48:44,3246633.59217833,0.00006784000000000000099587005309,0.000000004335572992,7613939,2019-05-10 23:48:44,btc,2.8121902655992606,8857.76298352,0.0000678400000000000009958700530887654167599976062774658203125,btc,36242.26269597,0.5969256,1.378037538581306,82
0,[],17,[],2019-03-25 22:42:34,0.0,0,0,7038780,2019-03-25 22:42:34,btc,0.0445064681804024,0.0,0,btc,995513.18476001,0.0,0.0,84
0.00000000013644,[],4,[],2019-05-01 19:17:39,299701867.376,1.3644e-18,7.259508504e-23,7542161,2019-05-01 19:17:39,ltc,1.6769037726995486,0.0,0.00000001,ltc,427823536.87452894,0.00010978,4.089132278478144e-10,85
,[],22,[],2018-11-20 23:09:34,3408.1,0.0000001,0.0000000000041895,4862324,2018-11-20 23:09:34,BTC,0.04624735,0.0,,BTC,4990.0,0.0,0.00033081,86
1,[],22,[],2019-05-10 23:48:47,89999.0,0.00000001,0.000000000000639088,7613940,2019-05-10 23:48:47,BTC,3.66432991,0.0,0.00000001,BTC,332904.29736842104,0.0,0.00089999,87
1,[],27,[],2019-05-10 23:48:58,10674.0,0.00000001,0.000000000000639088,7613941,2019-05-10 23:48:58,btc,4.960708560736,0.0,0.00000001,btc,10217.62841,0.0,0.00010674,87
,[],2,[],2018-11-20 23:10:47,0.0,0,0,4862359,2018-11-20 23:10:47,,0.0,0.0,,,0.0,0.0,0.0,88
1,[],11,[],2019-05-10 23:49:00,81831.05231251,0.00014599999999999999805190553647804563297540880739688873291015625,0.0000000093306848,7613942,2019-05-10 23:49:00,btc,175.46601499792553,6288.34799215,0.00014599999999999999805190553647804563297540880739688873291015625,btc,181460.61013652,0.0,4.967692948848239,89
0,[],2,[],2019-01-20 23:31:45,0.0,0,0,6477083,2019-01-20 23:31:45,,0.0,0.0,0,,0.0,0.0,0.0,91
0,[],17,[],2019-05-03 01:12:26,0.0,0,0,7559096,2019-05-03 01:12:26,btc,0.0,0.0,0,btc,0.0,0.0,0.0,91
1,[],12,[],2019-05-10 23:49:01,422068.85428042,0.00000066,0.000000000042179808,7613943,2019-05-10 23:49:01,btc,89.7121113213075,0.0,0.00000066,btc,166543.89649123,0.0,0.0408225495999735,91
1,[],22,[],2019-05-10 23:49:06,76014.0,0.0000008,0.00000000005112704,7613944,2019-05-10 23:49:06,BTC,0.1,0.0,0.0000008,"BTC,LTC",1.0,0.0,0.0017135,91
1,[],22,[],2019-04-09 20:17:52,374949.73333333334,0.00000015,0.000000000007771935,7235704,2019-04-09 20:17:52,BTC,6.87372503,0.0,0.00000015,"BTC,LTC",159980.01196797504,1.1e-05,0.80510266,95
0,[],17,[],2019-05-03 01:12:32,0.0,0,0,7559100,2019-05-03 01:12:32,btc,0.0,0.0,0,btc,0.0,0.0,0.0,96
0.0000000001210485,[],4,[],2019-05-10 23:49:08,549278484.2779236,7.747104e-17,4.951081201152e-21,7613945,2019-05-10 23:49:08,ltc,11.290996042685643,0.0,0.00000064,ltc,133990606.42415917,0.06018841,1.4377301901183919e-09,96
0,[],12,[],2019-05-10 23:49:09,0.0,0,0,7613946,2019-05-10 23:49:09,btc,25054.270770604115,0.0,0,btc,7546941.23081917,9.91295e-05,0.0,96
1,[],4,[],2019-04-14 03:32:46,1039404.33283278,0.00000038,0.000000000019245518,7293458,2019-04-14 03:32:46,btc,4.170086055365747,0.0,0.00000038,btc,3097704.34561074,0.06260606,0.1859928211030784,99
0,[],2,[],2019-01-20 23:23:55,0.0,0,0,6476914,2019-01-20 23:23:55,,0.0,0.0,0,,0.0,0.0,0.0,100
1,[],4,[],2019-05-10 23:49:11,363317.72095898,0.00003333,0.000000002130080304,7613947,2019-05-10 23:49:11,btc,7.064071432323859,0.0,0.00003333,btc,121703.38736336,0.23351672,0.4030962315247985,100
1,[],22,[],2019-05-10 23:49:15,130000.0,0.00000001,0.000000000000639088,7613948,2019-05-10 23:49:15,BTC,24.83526409,0.0,0.00000001,BTC,11187.719,0.0,0.0013,101
1,[],4,[],2019-05-10 23:49:17,679325.49359827,0.00000627,0.00000000040070817600000004,7613949,2019-05-10 23:49:17,btc,254.75974715123158,0.0,0.00000627,btc,386619.38843393,0.33687859,1.1079955469059648,103
1,[],12,[],2019-05-10 23:49:19,115237597.51292,0.000000005,0.000000000000319544,7613950,2019-05-10 23:49:19,btc,468525182.28382456,0.0,0.000000005,btc,99323533.39686309,0.05676776211569673,0.23179154971276,105
0,[],27,[],2019-05-10 23:49:26,0.0,0,0,7613951,2019-05-10 23:49:26,,0.0584885651331397,0.0,0,btc,600596.63747933,0.0,0.0,105
1,[],22,[],2019-04-21 00:17:26,21333.0,0.00000001,0.000000000000532493,7385819,2019-04-21 00:17:26,BTC,51.38182867,0.0,0.00000001,BTC,470435.0,0.0,0.00021333,107
1,[],26,[],2019-04-21 00:17:26,0.0,0.00000000,0,7385820,2019-04-21 00:17:26,btc,0.0,0.0,0.00000000,btc,0.0,0.0,0.0,107
1,[],5,[],2019-05-10 23:49:28,0.0,0,0,7613952,2019-05-10 23:49:28,btc,0.0,0.0,0,btc,0.0,0.0,0.0,112
0,[],22,[],2019-05-10 23:49:31,0.0,0,0,7613953,2019-05-10 23:49:31,,2.79003697,0.0,0,,1380942.0833333333,0.0,0.0,112
1,[],27,[],2019-05-10 23:49:40,1.0,0.00000001,0.000000000000639088,7613954,2019-05-10 23:49:40,btc,1.25032588,0.0,0.00000001,"btc,eth",1819.0,0.0,1e-08,112
1,[],4,[],2019-05-10 23:49:40,341120.78719993,0.00000153,0.00000000009778046400000001,7613955,2019-05-10 23:49:40,btc,4.778791487390086,0.0,0.00000153,btc,514593.25246948,0.01311032,0.2100629969894414,113
1,[],5,[],2019-05-10 23:49:42,0.0,0,0,7613956,2019-05-10 23:49:42,btc,0.0,0.00643307,0,btc,0.0,0.0,0.0,113
1,[],17,[],2019-04-26 02:17:47,162738.278,0.00000004,0.0000000000021069000000000002,7461287,2019-04-26 02:17:47,btc,1.3331140273775473,0.0,0.00000004,btc,51796.221,0.0,0.00230953112,116
0,[],27,[],2019-04-26 02:19:51,0.0,0,0,7461288,2019-04-26 02:19:51,,0.0,0.0,0,,0.0,0.0,0.0,116
1,[],4,[],2019-05-07 20:09:28,131822.85721655,0.00001022,0.00000000060230548,7572994,2019-05-07 20:09:28,btc,132.18460413545117,0.0,0.00001022,btc,268070.13193351,0.06918336,1.0489745103085106,120
1,[],7,[],2019-05-07 20:09:30,9501.79941055,0.000011699999999999999788190263583231853772304020822048187255859375,0.0000000006895277999999999,7572995,2019-05-07 20:09:30,btc,231185.88817567716,62.23644451,0.000011699999999999999788190263583231853772304020822048187255859375,btc,4076.97424313,0.00072692,0.018013380795019,120
1,[],20,[],2019-04-07 18:42:29,1914137.0852,0.000000035,0.0000000000017871910000000002,7211992,2019-04-07 18:42:29,btc,32.2497668025648,25528.85,0.000000035,btc,1001975.4986,0.00089350975,0.0152723574729,125
1,[],22,[],2019-05-10 23:49:45,10000.0,0.00000001,0.000000000000639088,7613957,2019-05-10 23:49:45,BTC,0.032061,0.0,0.00000001,BTC,299316.7611111111,0.0,0.0001,126
1,[],4,[],2019-05-10 23:49:47,1867323.19555338,0.00000703,0.00000000044927886400000004,7613958,2019-05-10 23:49:47,btc,3.3483360561614495,0.0,0.00000703,btc,171543.01515787,0.13356812,0.3736846323379481,131
0,[],2,[],2019-01-20 23:25:46,0.0,0,0,6476969,2019-01-20 23:25:46,,0.0,0.0,0,,0.0,0.0,0.0,131
1,[],17,[],2019-05-03 01:13:10,10000.0,0.00000001,0.000000000000548003,7559115,2019-05-03 01:13:10,btc,0.0953976503951408,0.0,0.00000001,btc,5037.62507334,0.0,0.0001,131
1,[],4,[],2019-05-10 23:49:49,4710.6363423,0.00013034,0.000000008329872992,7613959,2019-05-10 23:49:49,btc,6.011840452753574,0.0,0.00013034,btc,195.61424306,0.0005214,0.0073717379537249,135
1,[],3,[],2019-05-09 05:30:45,530498.0,0.00000001,0.000000000000609729,7590472,2019-05-09 05:30:45,btc,0.1029057631805504,129896.5,0.00000001,btc,1124104.34967245,0.0,0.00530498,136
1,[],4,[],2019-05-10 23:49:52,2339751.14843154,0.00000212,0.000000000135486656,7613960,2019-05-10 23:49:52,btc,318.74947806450274,0.0,0.00000212,btc,538865.95120807,0.03770032,0.6015984620721951,137
1,[],12,[],2019-05-10 23:49:52,328825.69734033,0.0000019499999999999999646983772638719756287173368036746978759765625,0.00000000012462216,7613961,2019-05-10 23:49:52,btc,48531.24249387026,0.0,0.0000019499999999999999646983772638719756287173368036746978759765625,btc,41726.63478567,0.0049518701898119,0.031656465727136,137
1,[],4,[],2019-05-10 23:49:54,57847.41693668,0.00003084,0.000000001970947392,7613962,2019-05-10 23:49:54,btc,5.289034799250935,0.0,0.00003084,btc,75635.2983985,0.60041161,0.3094036587827378,142
1,[],5,[],2019-05-10 23:49:55,0.0,0,0,7613963,2019-05-10 23:49:55,btc,0.0,0.34609348,0,btc,0.0,0.0,0.0,142
1,[],20,[],2019-05-10 23:49:58,163063.2868,0.00003251,0.000000002077675088,7613964,2019-05-10 23:49:58,btc,1.7181269834493,119.91,0.00003251,btc,8431.3299,0.003930442052,0.059271005116,142
1,[],22,[],2019-05-10 23:50:01,1370.0,0.00000200,0.00000000012781760000000001,7613965,2019-05-10 23:50:01,BTC,3.2756588,0.0,0.00000200,BTC,1135.5948275773155,0.0,0.0003632,142
0.0,[],25,[],2019-05-10 23:50:04,0.0,0,0,7613966,2019-05-10 23:50:04,,0.0,0.0,0.0,btc,0.0,0.0,0.0,142
1,[],28,[],2019-05-10 23:50:15,79102.0,0.00003311,0.0000000021160203680000002,7613967,2019-05-10 23:50:15,btc,0.0555251924,241958.5,0.00003311,btc,438.37303,0.0,0.07347342,142
1,[],17,[],2019-05-03 01:13:16,32967.38636364,0.00000088,0.000000000048224264,7559122,2019-05-03 01:13:16,btc,20.06976206696776,0.0,0.00000088,btc,2746.079105,0.0,0.0105613000000032,142
0,[],22,[],2019-05-10 23:50:18,0.0,0,0,7613968,2019-05-10 23:50:18,,64.16505383,0.0,0,,688775795.8,0.0,0.0,143
0,[],22,[],2019-02-25 15:42:22,0.0,0,0,6783783,2019-02-25 15:42:22,,4.2131946,0.0,0,,2322156.0,0.0,0.0,146
,[],22,[],2018-11-20 23:01:11,0.0,0,0,4862114,2018-11-20 23:01:11,,2.56807021,0.0,,,61828.4988236,0.0,0.0,147
1,[],12,[],2019-04-21 06:38:04,193091.5971266,0.00000071,0.000000000037635183,7388679,2019-04-21 06:38:04,btc,2.301232411611175,0.0,0.00000071,btc,9957.48302385,0.00023528,0.0313308199999888,148
1,[],4,[],2019-03-19 21:31:25,255810.0415942,0.00000029,0.000000000011615747,6982695,2019-03-19 21:31:25,btc,218.94922712414143,0.0,0.00000029,btc,793529.37642722,0.00117,0.0608347789473395,152
0,[],22,[],2019-03-19 21:31:27,0.0,0,0,6982696,2019-03-19 21:31:27,,0.0,0.0,0,,0.0,0.0,0.0,152
1,[],5,[],2019-04-26 09:36:59,0.0,0,0,7465040,2019-04-26 09:36:59,btc,0.0,0.0,0,btc,0.0,0.0,0.0,153
,[],16,[],2019-01-11 15:38:59,0.0,0,0,6366141,2019-01-11 15:38:59,btc,0.0,0.0,,btc,0.0,0.0,0.0,155
0,[],22,[],2019-05-10 23:50:21,0.0,0,0,7613969,2019-05-10 23:50:21,,6.80191271,0.0,0,,4673448.342592592,0.0,0.0,156
0,[],23,[],2019-01-20 23:24:29,0.0,0,0,6476932,2019-01-20 23:24:29,,0.0,0.0,0,,0.0,0.0,0.0,156
1,[],22,[],2019-05-10 23:50:25,7066.0,0.00000800,0.0000000005112704000000001,7613970,2019-05-10 23:50:25,BTC,1.79802465,0.0,0.00000800,BTC,802.6461988741639,0.0,0.00062996,157
0,[],22,[],2019-05-07 22:25:46,0.0,0,0,7574238,2019-05-07 22:25:46,,50234.60468402,0.0,0,,54786159.03179465,0.0,0.0,158
,[],17,[],2018-11-20 22:56:10,0.0,0,0,4861976,2018-11-20 22:56:10,btc,1.1265625,0.0,,btc,1000.0,0.0,0.0,159
,[],20,[],2018-11-20 22:56:12,0.0,0,0,4861977,2018-11-20 22:56:12,btc,11912.7940471,0.0,,btc,34413894.3617,0.0,0.0,159
1,[],12,[],2019-05-10 23:50:26,266368.05869024,0.00000319999999999999985519395784283602779396460391581058502197265625,0.00000000020450816,7613971,2019-05-10 23:50:26,btc,23.17407968699637,0.0,0.00000319999999999999985519395784283602779396460391581058502197265625,btc,12626.91716398,0.0003919986,0.0496958008998648,168
1,[],17,[],2019-05-03 01:13:36,42852.0,0.00000002,0.000000000001096006,7559132,2019-05-03 01:13:36,btc,0.04279856251542,0.0,0.00000002,btc,274.46171372,0.0,0.00052852,168
1,[],22,[],2019-05-07 03:57:18,743122.0,0.00000001,0.000000000000593596,7562020,2019-05-07 03:57:18,BTC,41.40912107,0.0,0.00000001,BTC,1593401.2737547632,0.00342649,0.00743122,169
1,[],22,[],2019-05-10 23:50:31,220492.2,0.0000001,0.00000000000639088,7613972,2019-05-10 23:50:31,BTC,26.86356728,0.0,0.0000001,BTC,441621.4055490906,0.0005848,0.00379102,171
1,[],22,[],2019-05-10 23:50:35,645361.2,0.0000001,0.00000000000639088,7613973,2019-05-10 23:50:35,BTC,823.67561285,0.0,0.0000001,"BTC,LTC",700403.0955168159,5.62e-05,0.01357615,173
1,[],5,[],2019-05-06 19:49:32,0.0,0,0,7559281,2019-05-06 19:49:32,btc,0.0,0.00023336,0,btc,0.0,0.0,0.0,175
1,[],22,[],2019-05-10 23:50:38,90671.0,0.00000001,0.000000000000639088,7613974,2019-05-10 23:50:38,BTC,394.35459412,0.0,0.00000001,BTC,136275.61833431243,0.0,0.00090671,176
1,[],7,[],2019-05-10 23:50:39,0.0,0,0,7613975,2019-05-10 23:50:39,btc,520274.83748277003,15475.5244755,0,btc,27463637.45292212,0.00015476,0.0,178
0,[],22,[],2019-05-10 23:50:41,0.0,0,0,7613976,2019-05-10 23:50:41,,1.00242428,0.0,0,,57512.0,0.0,0.0,178
0,[],2,[],2019-01-20 23:28:34,0.0,0,0,6477001,2019-01-20 23:28:34,,0.0,0.0,0,,0.0,0.0,0.0,178
1,[],5,[],2019-05-10 23:50:43,0.0,0,0,7613977,2019-05-10 23:50:43,btc,0.0,0.08816667,0,btc,0.0,0.0,0.0,179
1,[],22,[],2019-05-10 23:50:45,3008389.0,0.00000001,0.000000000000639088,7613978,2019-05-10 23:50:45,BTC,5.3314659,0.0,0.00000001,BTC,13965981.911946677,9.229e-05,0.03008389,179
0,[],23,[],2019-01-20 23:25:08,0.0,0,0,6476952,2019-01-20 23:25:08,,0.0,0.0,0,,0.0,0.0,0.0,179
1,[],22,[],2019-05-10 23:50:50,655901.9424768925,0.00000150,0.0000000000958632,7613979,2019-05-10 23:50:50,BTC,39.25790545,0.0,0.00000150,"BTC,LTC",40671.45032377876,0.06376981,0.5761543,180
1,[],26,[],2019-05-10 23:50:50,0.0,0.00000010,0.00000000000639088,7613980,2019-05-10 23:50:50,btc,0.0,1100.0,0.00000010,btc,0.0,0.0,0.0,180
1,[],17,[],2019-05-03 01:13:56,20504.725000000002,0.0000001,0.00000000000548003,7559141,2019-05-03 01:13:56,btc,5.2010695838400265,0.0,0.0000001,btc,5033.45945,0.0,0.0011504725,180
,[],7,[],2018-11-20 22:58:01,562227.975654,0.00000085,0.000000000036176765,4862015,2018-11-20 22:58:01,btc,21836.6059674,2491.87645172,,btc,749999.041456,0.00211021,0.127565380455,183
,[],5,[],2019-01-10 08:11:41,0.0,0,0,6347036,2019-01-10 08:11:41,btc,82.15055501,0.00261,,btc,1.19002445,0.0,0.0,187
1,[],24,[],2019-04-30 17:34:05,0.0,0.000000000014,7.396256000000001e-16,7526291,2019-04-30 17:34:05,btc,0.0,0.0,0.000000000014,btc,0.0,0.0,0.0,187
,[],17,[],2018-11-16 20:58:10,4062536.27273,0.00000001,0.000000000000550501,4708775,2018-11-16 20:58:10,btc,3.36492563466,0.195460381006,,"btc,eth",110697919.549,0.0,0.0157628953496,187
0,[],22,[],2019-04-25 02:54:07,0.0,0,0,7447896,2019-04-25 02:54:07,,7.54794454,0.0,0,,76361.7243344055,0.0,0.0,191
0,[],22,[],2019-05-10 23:50:55,0.0,0,0,7613981,2019-05-10 23:50:55,,0.0,0.0,0,,0.0,0.0,0.0,197
0,[],23,[],2019-01-20 23:31:41,0.0,0,0,6477079,2019-01-20 23:31:41,,0.0,0.0,0,,0.0,0.0,0.0,199
0.0000000001210485,[],22,[],2019-05-10 23:50:58,54733331.0,2.42097e-18,1.54721287536e-22,7613982,2019-05-10 23:50:58,LTC,7.64520347,0.0,0.00000002,LTC,35259414.0,0.0,0.64066281,199
1,[],26,[],2019-05-10 23:50:58,0.0,0.00000000,0,7613983,2019-05-10 23:50:58,btc,0.0,0.0,0.00000000,btc,0.0,0.0,0.0,199
0,[],2,[],2019-01-20 23:30:49,0.0,0,0,6477059,2019-01-20 23:30:49,,0.0,0.0,0,,0.0,0.0,0.0,201
1,[],4,[],2019-01-25 15:51:35,2084389.58565343,0.00000936,0.000000000333526752,6499557,2019-01-25 15:51:35,btc,2.0092503037378524,0.0,0.00000936,btc,160195.80207885,0.19272417,1.242687955921835,211
1,[],7,[],2019-05-10 23:51:01,14307429.85355703,0.00000088,0.000000000056239744000000005,7613984,2019-05-10 23:51:01,btc,15200783.070071304,82708.9995974,0.00000088,btc,13050062.79111951,0.0,1.5241974202100268,212
1,[],5,[],2019-05-07 13:02:51,0.0,0,0,7566706,2019-05-07 13:02:51,btc,0.0,0.43032184,0,btc,0.0,0.0,0.0,213
1,[],24,[],2019-05-07 13:02:52,0.0,0.000000050000,0.000000000002968865,7566707,2019-05-07 13:02:52,btc,0.0,0.0,0.000000050000,btc,0.0,0.0,0.0,213
1,[],26,[],2019-05-07 13:02:52,0.0,0.00000040,0.00000000002375092,7566708,2019-05-07 13:02:52,btc,0.0,0.0,0.00000040,btc,0.0,0.0,0.0,213
1,[],12,[],2019-01-25 02:44:32,207462.42853209,0.000001080000000000000035831255497387193287295303889550268650054931640625,0.000000000038610756000000006,6493050,2019-01-25 02:44:32,btc,85023.03793723314,0.0,0.000001080000000000000035831255497387193287295303889550268650054931640625,btc,43675.73520027,0.000146250909087,0.0348620860622024,213
0,[],22,[],2019-05-10 23:51:03,0.0,0,0,7613985,2019-05-10 23:51:03,,9.58164616,0.0,0,,2460817.094064925,0.0,0.0,216
1,[],27,[],2019-05-10 23:51:18,1515.0,0.00000001,0.000000000000639088,7613986,2019-05-10 23:51:18,btc,62.72156571123932,11116.0,0.00000001,"btc,ltc",223691.337308,0.00011116,1.515e-05,216
1,[],22,[],2019-05-10 23:51:20,302894.1327300151,0.00000078,0.000000000049848864000000004,7613987,2019-05-10 23:51:20,BTC,12054.92750315,0.0,0.00000078,BTC,424050.51496446825,0.00732782,0.03647125,217
1,[],7,[],2019-05-10 23:51:22,0.0,0,0,7613988,2019-05-10 23:51:22,btc,111302.55947335159,0.0,0,btc,136862970.83745575,0.0,0.0,219
0,[],27,[],2019-05-10 23:51:31,0.0,0,0,7613989,2019-05-10 23:51:31,,0.05960067,0.0,0,btc,1692528.0,0.0,0.0,219
0.0000000000000039999999999999995,[],28,[],2019-05-10 23:51:45,486303878.014,2.6e-18,1.6616288000000001e-22,7613990,2019-05-10 23:51:45,doge,3650966.568400157,14594.0,0.00065000,"btc,doge",45429124.3823,0.0,1.982964446782488e-11,219
1,[],22,[],2019-05-10 23:51:48,381170.0,0.00000004,0.000000000002556352,7613991,2019-05-10 23:51:48,BTC,56.7649867,0.0,0.00000004,BTC,131552.84827387411,0.0,0.0123008,221
1,[],24,[],2019-05-10 23:51:48,0.0,0.000000010000,0.000000000000639088,7613992,2019-05-10 23:51:48,btc,0.0,0.0,0.000000010000,btc,0.0,0.0,0.0,221
0,[],22,[],2019-05-10 23:51:52,0.0,0,0,7613993,2019-05-10 23:51:52,,0.0,0.0,0,,0.0,0.0,0.0,224
1,[],20,[],2019-05-10 23:35:00,16803404.2199,0.00000001,0.0000000000006398100000000001,7613845,2019-05-10 23:35:00,btc,100091.55325013955,338095.57,0.00000001,btc,23311180.322,0.0049674258689,0.0883934879342,224
1,[],26,[],2019-05-10 23:51:53,0.0,0.00000026,0.000000000016616288,7613994,2019-05-10 23:51:53,btc,0.0,0.0,0.00000026,btc,0.0,0.0,0.0,231
1,[],26,[],2019-05-10 23:51:53,0.0,0.00000005,0.00000000000319544,7613995,2019-05-10 23:51:53,btc,0.0,200.0,0.00000005,btc,0.0,0.0,0.0,234
0,[],27,[],2019-05-10 23:52:02,0.0,0,0,7613996,2019-05-10 23:52:02,,0.01134836604,0.0,0,"btc,eth",11462.996,0.0,0.0,234
1,[],4,[],2019-04-29 21:02:20,217188.93193785,0.00000080,0.00000000004151584,7514327,2019-04-29 21:02:20,btc,5.239800103892936,0.0,0.00000080,btc,797346.30008933,0.0,0.0590549781555679,236
1,[],24,[],2019-04-29 21:02:20,0.0,0.000000100000,0.00000000000518948,7514328,2019-04-29 21:02:20,btc,0.0,0.0,0.000000100000,btc,0.0,0.0,0.0,236
1,[],5,[],2019-05-06 20:53:15,0.0,0,0,7559637,2019-05-06 20:53:15,btc,0.0,0.20253514,0,btc,0.0,0.0,0.0,237
1,[],20,[],2019-05-06 20:53:18,38173217.6136,0.000000083,0.0000000000047460728,7559638,2019-05-06 20:53:18,btc,21342.514614200165,8832375.7238,0.000000083,btc,27701499.3386,0.7554403456107,1.3621107610479,237
1,[],22,[],2019-05-06 20:53:20,343938.0,0.00000009,0.000000000005146344,7559639,2019-05-06 20:53:20,BTC,1.20267422,0.0,0.00000009,BTC,17930.94871794872,0.0,0.01017442,237
1,[],4,[],2019-05-10 23:52:03,23118742.3412828,0.00000014,0.000000000008947232,7613997,2019-05-10 23:52:03,btc,3.428521437900008,0.0,0.00000014,btc,9541629.85614747,0.26364435,1.0351382331021717,238
1,[],5,[],2019-05-10 23:52:04,0.0,0,0,7613998,2019-05-10 23:52:04,btc,0.0,0.02989473,0,btc,0.0,0.0,0.0,238
0,[],22,[],2019-03-12 16:49:32,0.0,0,0,6914458,2019-03-12 16:49:32,,0.40415746,0.0,0,,526736.5639027493,0.0,0.0,249
0,[],22,[],2019-05-10 23:52:09,0.0,0,0,7613999,2019-05-10 23:52:09,,4.52678073,0.0,0,,38074419.69978836,0.0,0.0,252
1,[],28,[],2019-05-10 23:53:11,41533358.199,0.00000033,0.000000000021089904,7614000,2019-05-10 23:53:11,btc,43892.06690721861,175602.0044,0.00000033,btc,2996862.5532,0.0,0.5830500771,256
1,[],22,[],2019-05-10 23:53:14,1088993.5,0.00000002,0.000000000001278176,7614001,2019-05-10 23:53:14,BTC,21.88116616,0.0,0.00000002,BTC,522884.63333384093,0.0,0.01124633,258
1,[],22,[],2019-03-13 00:07:30,47146.0,0.00000001,0.000000000000387233,6917028,2019-03-13 00:07:30,BTC,2.415167,0.0,0.00000001,BTC,157.0,0.0,0.00047146,259
1,[],5,[],2019-05-10 23:53:15,0.0,0,0,7614002,2019-05-10 23:53:15,btc,0.0,0.36175142,0,btc,0.0,0.0,0.0,264
1,[],20,[],2019-05-10 23:53:17,1270131.0705,0.000000592,0.0000000000378340096,7614003,2019-05-10 23:53:17,btc,4.9322862797969,114161.1579,0.000000592,btc,87472.3294,0.1311474824791,0.0319870072746,264
0,[],22,[],2019-04-12 17:57:27,0.0,0,0,7278186,2019-04-12 17:57:27,,66.37522201,0.0,0,,677842.4169881374,0.0,0.0,271
0,[],22,[],2019-05-10 23:53:19,0.0,0,0,7614004,2019-05-10 23:53:19,,33051802.3172899,0.0,0,,15696307799.7,0.0,0.0,272
0,[],28,[],2019-05-10 23:55:19,0.0,0,0,7614005,2019-05-10 23:55:19,,0.0,6838369117.9,0,,0.0,0.0,0.0,272
1,[],22,[],2019-05-10 23:55:23,131499.7,0.00000014,0.000000000008947232,7614006,2019-05-10 23:55:23,BTC,427.42495672,0.0,0.00000014,BTC,249705.37764460206,0.0,0.00447418,281
1,[],22,[],2019-05-10 23:55:27,610198.1,0.00000002,0.000000000001278176,7614007,2019-05-10 23:55:27,BTC,1.54647756,0.0,0.00000002,"BTC,LTC",632916.1256135202,0.00018211,0.01735528,286
0,[],22,[],2019-05-10 23:55:30,0.0,0,0,7614008,2019-05-10 23:55:30,,7337892.75526966,0.0,0,,1388519262.7797825,0.0,0.0,294
