pairValue,buyBook,exchangeId,sellBook,updated,buyTotal,satoshiPrice,usdPrice,exchangeLogId,created,bestPair,sellTotalBtc,volume,pairPrice,activePairs,sellTotal,volumeBtc,buyTotalBtc,coinId
1,[],3,[],2019-01-30 04:22:35,117.791114291721,0.0126968099999999993465760184108148678205907344818115234375,0.00000043575578888100003,6535508,2019-01-30 04:22:35,btc,107.00244640961286,0.037898819836,0.0126968099999999993465760184108148678205907344818115234375,btc,13.681120732563,0.0,0.2965239262854112,1
1,[],4,[],2019-01-30 04:22:36,25068.37059706,0.01258961,0.00000043207667416100005,6535509,2019-01-30 04:22:36,btc,0.9677492185266451,0.0,0.01258961,btc,71.92462379,0.32446365,1.1170563474747977,1
1,[],5,[],2019-01-30 04:22:38,0.25227888,0.01253433,0.00000043017945903300003,6535510,2019-01-30 04:22:38,btc,14578.44797989,0.00240512,0.01253433,btc,35555556.29113319,0.0,1.42498402,1
1,[],10,[],2019-01-30 04:22:40,272502.63965703,0.01230002,0.00000042213791640200004,6535511,2019-01-30 04:22:40,btc,6536.53993293041,1429.44831808,0.01230002,btc,933.60615667,0.0,5.04825634508472,1
1,[],12,[],2019-01-30 04:22:42,10413.87593241,0.0118200000000000006450395773072159499861299991607666015625,0.00000040566358200000007,6535512,2019-01-30 04:22:42,btc,0.5629198411157,0.0,0.0118200000000000006450395773072159499861299991607666015625,btc,38.53178666,0.0357286134826,0.0752361920822,1
1,[],20,[],2019-01-30 04:22:44,1454.9765,0.010500101,0.0000003603645163301,6535513,2019-01-30 04:22:44,btc,0.0564711704203,0.0,0.010500101,btc,2.4781,0.0,0.1085217649924,1
1,[],21,[],2019-01-30 04:22:45,1788.34684698,0.01260000000000000008881784197,0.00000043243326000000003,6535514,2019-01-30 04:22:45,btc,20.881814877842967,3970.5772207,0.012600000000000000088817841970012523233890533447265625,"btc,eth",2095.94893534,45.75807336412308,18.889644245584247,1
1,[],22,[],2019-01-30 04:23:00,0.03636045714285714,0.01400000,0.0000004804814000000001,6535515,2019-01-30 04:23:00,BTC,0.31380731,0.0,0.01400000,BTC,0.09124366666666667,6.237e-05,0.00048448,1
1,[],24,[],2019-01-30 04:23:00,0.0,0.000000000000,0,6535516,2019-01-30 04:23:00,btc,0.0,0.0,0.000000000000,btc,0.0,0.0,0.0,1
0.0,[],25,[],2019-01-30 04:23:01,0.0,0,0,6535517,2019-01-30 04:23:01,btc,18.186199998157598,288.2619923,0.0,btc,1384.01709403,3.6747,0.0,1
1,[],26,[],2019-01-30 04:23:10,0.0,0,0,6535518,2019-01-30 04:23:10,,0.0,0.0,0,,0.0,0.0,0.0,1
1,[],28,[],2019-01-30 04:23:15,987.9,0.01131000,0.00000038816033100000004,6535519,2019-01-30 04:23:15,btc,0.162839806,17742.75,0.01131000,btc,8.9,0.0,0.024551096,1
0,[],2,[],2019-01-20 23:28:45,0.0,0,0,6477011,2019-01-20 23:28:45,,0.0,0.0,0,,0.0,0.0,0.0,1
1,[],5,[],2019-01-30 04:23:16,1.96e-05,0.00000075,0.000000000025740075,6535520,2019-01-30 04:23:16,btc,0.1350513,0.04504264,0.00000075,btc,7.413e-05,0.0,0.47833566,2
0,[],22,[],2019-01-30 04:23:18,0.0,0,0,6535521,2019-01-30 04:23:18,,0.0,0.0,0,,0.0,0.0,0.0,2
1,[],5,[],2019-01-30 04:23:20,1.42e-06,0.00000017,0.000000000005834417,6535522,2019-01-30 04:23:20,btc,3.87530967,0.09795425,0.00000017,btc,2.267e-05,0.0,3.72283202,3
1,[],12,[],2019-01-30 04:23:21,12380908.3732664,0.000000168,0.000000000005765776800000001,6535523,2019-01-30 04:23:21,btc,921319.9146631059,0.0,0.000000168,btc,8037928.23364363,0.03149694497691168,0.5319892852760699,3
0,[],28,[],2019-01-30 04:23:25,0.0,0,0,6535524,2019-01-30 04:23:25,,0.0,0.0,0,,0.0,0.0,0.0,3
0,[],2,[],2019-01-20 23:31:32,0.0,0,0,6477077,2019-01-20 23:31:32,,0.0,0.0,0,,0.0,0.0,0.0,4
1,[],4,[],2019-01-30 04:23:27,265350.15310679,0.00000033,0.000000000011325633,6535525,2019-01-30 04:23:27,btc,0.412513041017036,0.0,0.00000033,btc,333111.97555063,0.00128223,0.022426970465889,4
1,[],12,[],2019-01-25 15:53:49,1222127.5219999999,0.00000003,0.000000000001069017,6499609,2019-01-25 15:53:49,btc,11013867.817925906,0.0,0.00000003,btc,969763.77092902,0.0,0.01617509044,5
0,[],2,[],2019-01-20 23:31:51,0.0,0,0,6477087,2019-01-20 23:31:51,,0.0,0.0,0,,0.0,0.0,0.0,6
1,[],11,[],2019-01-30 04:23:28,5464997.5,0.00000001,0.000000000000343201,6535526,2019-01-30 04:23:28,btc,9432.52693976905,531050.96,0.00000001,btc,41805294.538379386,0.0,0.054649975,6
1,[],3,[],2019-01-30 04:23:28,1056.379415503993,0.00015054000000000000540623101841219977359287440776824951171875,0.0000000051665478540000004,6535527,2019-01-30 04:23:28,btc,29.308530157485784,0.0,0.00015054000000000000540623101841219977359287440776824951171875,btc,230.077492617847,0.0,0.028994113718921508,7
1,[],4,[],2019-01-30 04:23:29,20127.55178567,0.00015671,0.000000005378302871000001,6535528,2019-01-30 04:23:29,btc,2.4214360434762985,0.0,0.00015671,btc,13604.80930307,3.95992882,2.9363630404559578,7
1,[],5,[],2019-01-30 04:23:30,0.00535392,0.00015738,0.000000005401297338,6535529,2019-01-30 04:23:30,btc,1.47450516,0.4886428,0.00015738,btc,0.01067359,0.0,1.43287404,7
1,[],20,[],2019-01-30 04:23:32,62771509.8802,0.000000001,0.0000000000000343201,6535530,2019-01-30 04:23:32,btc,136.3855656321072,0.0,0.000000001,btc,28004456.1818,0.0,0.0627715098802,8
0,[],2,[],2019-01-20 23:22:42,0.0,0,0,6476876,2019-01-20 23:22:42,,0.0,0.0,0,,0.0,0.0,0.0,9
0,[],23,[],2019-01-20 23:22:48,0.0,0,0,6476878,2019-01-20 23:22:48,,0.0,0.0,0,,0.0,0.0,0.0,9
1,[],1,[],2019-01-30 04:23:33,4710362.55,0.00000181000000000000003456111265232042484285557293333113193511962890625,0.00000000006211938100000001,6535531,2019-01-30 04:23:33,btc,3.7896622459,20700235.89,0.00000181000000000000003456111265232042484285557293333113193511962890625,btc,2044115.15,37.49014069,8.4269470131,9
1,[],4,[],2019-01-30 04:23:34,1077242.78447729,0.00000180,0.00000000006177618000000001,6535532,2019-01-30 04:23:34,btc,0.9710617726792776,0.0,0.00000180,btc,500522.20467962,0.64691928,0.3212260688893395,9
1,[],28,[],2019-01-30 04:23:38,49470.0,0.00000194,0.00000000006658099400000001,6535533,2019-01-30 04:23:38,btc,2708.749558044,3572262.0,0.00000194,btc,7420.28,0.0,0.0575818,9
1,[],4,[],2019-01-29 16:35:34,7405546.16126053,0.00000002,0.000000000000686944,6530079,2019-01-29 16:35:34,btc,0.208529857257948,0.0,0.00000002,btc,4265975.57665305,0.00077764,0.0768234138452106,10
0,[],2,[],2019-01-20 23:23:08,0.0,0,0,6476890,2019-01-20 23:23:08,,0.0,0.0,0,,0.0,0.0,0.0,12
1,[],4,[],2019-01-30 04:23:40,3759299.04081514,0.00000140,0.000000000048048140000000004,6535534,2019-01-30 04:23:40,btc,1.0482413920772735,0.0,0.00000140,btc,711968.03176015,3.06115047,3.0638123188268613,12
1,[],5,[],2019-01-30 04:23:42,1.442e-05,0.00000134,0.000000000045988934000000006,6535535,2019-01-30 04:23:42,btc,0.15042173,1.41695617,0.00000134,btc,0.00011961,0.0,0.77229939,12
0.0,[],25,[],2019-01-30 04:23:43,0.0,0,0,6535536,2019-01-30 04:23:43,,0.0,0.0,0.0,btc,0.0,0.0,0.0,12
1,[],4,[],2019-01-30 04:23:44,285833.35133311,0.00000630,0.00000000021621663,6535537,2019-01-30 04:23:44,btc,0.4404179317984669,0.0,0.00000630,btc,63798.98198624,1.29908477,1.2247996789149358,13
1,[],21,[],2019-01-30 04:23:48,1712580.63602454,0.000006360000000000000093362817477,0.00000000021827583600000002,6535538,2019-01-30 04:23:48,btc,7.2814598362886285,1138180.50874776,0.000006360000000000000093362817477071757821249775588512420654296875,btc,1004971.78443125,7.45595271,6.988266592014605,13
1,[],10,[],2019-01-30 03:23:13,581534.09513123,0.00000643,0.00000000021984877300000003,6535136,2019-01-30 03:23:13,btc,666810.8216002055,4768.20396965,0.00000643,btc,833994.25991229,0.0,0.8040839903406828,13
1,[],4,[],2019-01-30 04:23:50,852260.80148513,0.00000147,0.000000000050450547000000003,6535539,2019-01-30 04:23:50,btc,0.160368465131228,0.0,0.00000147,btc,75445.93810713,0.00252491,0.1572633645793511,14
1,[],12,[],2019-01-30 04:23:51,86193.42857143,0.0000011599999999999999051561623553130431218960438854992389678955078125,0.000000000039811316,6535540,2019-01-30 04:23:51,btc,1.7870420966516911,0.0,0.0000011599999999999999051561623553130431218960438854992389678955078125,btc,38567.61958427,7.662e-05,0.0096056100000016,14
0,[],17,[],2019-01-30 04:23:52,0.0,0,0,6535541,2019-01-30 04:23:52,btc,0.0,0.0,0,btc,0.0,0.0,0.0,14
1,[],26,[],2019-01-30 04:23:52,0.0,0.00000049,0.000000000016816849,6535542,2019-01-30 04:23:52,btc,0.0,0.0,0.00000049,btc,0.0,0.0,0.0,14
0,[],4,[],2019-01-30 04:23:53,0.0,0,0,6535543,2019-01-30 04:23:53,,0.0,0.0,0,,0.0,0.0,0.0,15
,[],12,[],2018-12-01 15:15:48,204241.84496,0.00000489,0.000000000202473384,5260204,2018-12-01 15:15:48,btc,49.5475654835,0.0,,btc,35763.2193806,0.0163153972027625,0.0203389899998,15
0,[],2,[],2019-01-20 23:23:38,0.0,0,0,6476906,2019-01-20 23:23:38,,0.0,0.0,0,,0.0,0.0,0.0,18
1,[],4,[],2019-01-30 04:23:54,24564.81588764,0.00001821,0.0000000006249690210000001,6535544,2019-01-30 04:23:54,btc,1.2284998947791628,0.0,0.00001821,btc,7474.07286198,0.01488848,0.0733216398317442,18
1,[],10,[],2019-01-30 04:23:57,390946.93643977,0.00001751,0.0000000006009449510000001,6535545,2019-01-30 04:23:57,btc,15.569026417510754,501.95868562,0.00001751,btc,11301.53500929,0.0,0.2016081902114722,18
1,[],12,[],2019-01-30 04:23:58,200811.04859371,0.0000180999999999999994985781792689039093602332286536693572998046875,0.00000000062119381,6535546,2019-01-30 04:23:58,btc,0.1960000746310292,0.0,0.0000180999999999999994985781792689039093602332286536693572998046875,btc,2000.26081061,0.0058428789058218,0.0172669687594315,18
0,[],17,[],2019-01-30 04:24:00,0.0,0,0,6535547,2019-01-30 04:24:00,btc,0.0,0.0,0,btc,0.0,0.0,0.0,18
1,[],3,[],2019-01-30 04:24:01,109049.14397119914,0.0000353799999999999966837464782098976456836680881679058074951171875,0.000000001214245138,6535548,2019-01-30 04:24:01,btc,1.2398614190861856,27.7365336082,0.0000353799999999999966837464782098976456836680881679058074951171875,btc,8494.838847831968,0.0,0.11104438118680071,19
0,[],2,[],2019-01-20 23:24:19,0.0,0,0,6476924,2019-01-20 23:24:19,,0.0,0.0,0,,0.0,0.0,0.0,19
1,[],4,[],2019-01-30 04:24:01,65370.04065197,0.00003547,0.0000000012173339470000002,6535549,2019-01-30 04:24:01,btc,0.441621320577657,0.0,0.00003547,btc,11166.59630721,0.37852822,1.3813146233108233,19
1,[],5,[],2019-01-30 04:24:03,0.0003844,0.00003153,0.0000000010821127530000002,6535550,2019-01-30 04:24:03,btc,0.3089876,0.0,0.00003153,btc,0.00345974,0.0,0.19357147,19
1,[],12,[],2019-01-30 04:24:05,133661.0,0.0000333099999999999978679728063202247767549124546349048614501953125,0.000000001143202531,6535551,2019-01-30 04:24:05,btc,1.9935538902459726,0.0,0.0000333099999999999978679728063202247767549124546349048614501953125,btc,464.49251023,0.00152689,0.033221469999999996,19
0,[],27,[],2019-01-30 04:24:06,0.0,0,0,6535552,2019-01-30 04:24:06,,0.0,0.0,0,btc,0.0,0.0,0.0,19
1,[],4,[],2019-01-30 04:24:07,9444946.67823895,0.00000015,0.000000000005148015,6535553,2019-01-30 04:24:07,btc,0.8117516495642991,0.0,0.00000015,btc,1593908.38687793,0.00505725,0.3953610081621242,20
1,[],4,[],2019-01-30 04:24:08,119600535.47423024,0.00000002,0.000000000000686402,6535554,2019-01-30 04:24:08,btc,0.6182039133814744,0.0,0.00000002,btc,14615100.46081205,0.00012321,1.4015053846544454,21
1,[],12,[],2019-01-30 04:24:09,19395794.0,0.00000002,0.000000000000686402,6535555,2019-01-30 04:24:09,btc,668.0295063924888,0.0,0.00000002,btc,8130389.96204064,0.000226443556444,0.2608524,21
0,[],17,[],2019-01-30 04:24:11,0.0,0,0,6535556,2019-01-30 04:24:11,btc,0.0,0.0,0,btc,0.0,0.0,0.0,21
1,[],12,[],2019-01-30 04:16:04,4524370254.531896,0.0000000001,0.00000000000000342581,6535354,2019-01-30 04:16:04,btc,1721704714463.6074,0.0,0.0000000001,btc,6977575768.154078,2.942208931069e-05,0.4524370254531896,23
0,[],27,[],2019-01-30 04:16:05,0.0,0,0,6535355,2019-01-30 04:16:05,,0.424699,0.0,0,eth,424699.0,0.0,0.0,23
1,[],4,[],2019-01-30 04:24:12,903006.02739425,0.00000087,0.000000000029858487,6535557,2019-01-30 04:24:12,btc,0.0820232840640327,0.0,0.00000087,btc,68488.00946943,0.0028623,0.3810165425406641,24
1,[],22,[],2019-01-30 04:24:15,11.76,0.00000100,0.000000000034320100000000004,6535558,2019-01-30 04:24:15,BTC,7.415e-05,0.0,0.00000100,BTC,23.919354838709676,0.0,1.176e-05,24
0.0,[],25,[],2019-01-30 04:24:16,0.0,0,0,6535559,2019-01-30 04:24:16,,0.0,0.0,0.0,btc,0.0,0.0,0.0,24
1,[],4,[],2019-01-30 04:24:17,27081344.18479345,0.00000629,0.000000000215873429,6535560,2019-01-30 04:24:17,btc,0.4597672039751104,0.0,0.00000629,btc,37575.70576482,0.1763865,0.4226127563068383,26
1,[],10,[],2019-01-30 04:24:20,730345.49090622,0.0000055,0.00000000018876055000000002,6535561,2019-01-30 04:24:20,btc,27.97188371506431,1093.24697971,0.0000055,btc,12190.73698977,0.0,0.2019936844053255,26
0,[],2,[],2019-01-20 23:25:56,0.0,0,0,6476976,2019-01-20 23:25:56,,0.0,0.0,0,,0.0,0.0,0.0,26
1,[],3,[],2019-01-30 04:24:21,8442149.03885143,0.00000001,0.000000000000343201,6535562,2019-01-30 04:24:21,btc,2.956800621417451,789182.0,0.00000001,btc,17507460.9542977,0.0,0.0844214903885143,27
1,[],5,[],2019-01-30 04:24:23,3e-08,0.00000002,0.000000000000686402,6535563,2019-01-30 04:24:23,btc,1.45945204,0.06970281,0.00000002,btc,5.219e-05,0.0,0.09102784,27
1,[],11,[],2019-01-30 04:24:23,10597882.41182718,0.00000005,0.000000000001716005,6535564,2019-01-30 04:24:23,btc,370.5931920764931,1000.0,0.00000005,btc,8220964.80991447,0.0,0.4932896594767663,27
1,[],4,[],2019-01-30 04:24:24,145739408.5045769,0.00000003,0.000000000001029603,6535565,2019-01-30 04:24:24,btc,4.052716978674377,0.0,0.00000003,"btc,ltc",159993612.75965333,0.15157963,2.0678757670569476,29
1,[],7,[],2019-01-30 04:24:25,39617943.88965554,0.00000003,0.000000000001029603,6535566,2019-01-30 04:24:25,btc,44465206.092598125,1593298.36433,0.00000003,btc,37938292.37718146,0.06370805,0.7207455200851256,29
1,[],4,[],2019-01-30 04:16:22,1321657.5226353,0.00000036,0.000000000012332916000000001,6535366,2019-01-30 04:16:22,btc,0.2698964907540952,0.0,0.00000036,btc,482414.39199443,0.00561622,0.0746571697920029,30
0,[],17,[],2019-01-30 04:16:23,0.0,0,0,6535367,2019-01-30 04:16:23,btc,0.0,0.0,0,btc,0.0,0.0,0.0,30
1,[],4,[],2019-01-30 04:24:26,137064.81821812,0.00008270,0.0000000028382722700000004,6535567,2019-01-30 04:24:26,btc,1.1250143187189727,0.0,0.00008270,btc,11902.55863173,1.11799313,2.905550726163401,31
1,[],21,[],2019-01-30 04:24:34,84036.20006905,0.00008420999999999999503525610622,0.0000000028900956210000003,6535568,2019-01-30 04:24:34,btc,3.9663343593575813,183894.82725821,0.000084209999999999995035256106223897631934960372745990753173828125,btc,43425.73377516,15.24317153,6.465966908314617,31
0,[],2,[],2019-01-20 23:28:43,0.0,0,0,6477009,2019-01-20 23:28:43,,0.0,0.0,0,,0.0,0.0,0.0,32
1,[],4,[],2019-01-30 04:24:35,141012274.53696036,0.00000005,0.0000000000017160050000000002,6535569,2019-01-30 04:24:35,btc,3.47387588545756,0.0,0.00000005,"btc,ltc",55282286.69541231,0.24348799,2.105221476836324,33
1,[],12,[],2019-01-30 04:24:36,21025573.0,0.00000006,0.000000000002059206,6535570,2019-01-30 04:24:36,btc,17267338.69512019,0.0,0.00000006,btc,88910737.62737247,0.0259567600000002,0.83449387,33
1,[],4,[],2019-01-30 04:24:37,105943610.64015792,0.00000002,0.000000000000686402,6535571,2019-01-30 04:24:37,btc,0.8383376976582684,0.0,0.00000002,btc,27944589.92194228,4.02942162,1.0945125251615793,34
1,[],5,[],2019-01-30 04:24:38,1e-08,0.00000001,0.000000000000343201,6535572,2019-01-30 04:24:38,btc,3.98726689,1.11301156,0.00000001,btc,1.394e-05,0.0,0.7864923,34
0.0000000000903597,[],4,[],2019-01-30 04:24:39,2246812968.4804263,3.614388e-18,1.2404615759880003e-22,6535573,2019-01-30 04:24:39,ltc,5.958159739401315e-09,0.0,0.00000004,ltc,1228086614.9721832,0.0,5.169979416973024e-09,36
1,[],5,[],2019-01-30 04:24:40,0.0,0,0,6535574,2019-01-30 04:24:40,btc,202.53652883,0.0,0,btc,1.295e-05,0.0,0.0,36
0,[],17,[],2019-01-30 04:24:42,0.0,0,0,6535575,2019-01-30 04:24:42,btc,0.1489213154585706,0.0,0,btc,12533924.99083647,0.0,0.0,36
0.0000000000903597,[],27,[],2019-01-30 04:24:44,2000000.0,1.807194e-18,6.202307879940002e-23,6535576,2019-01-30 04:24:44,ltc,448.594787045,0.0,0.00000002,"ltc,eth",3711932.58,0.0,2.710791e-12,36
1,[],4,[],2019-01-30 04:24:45,530987.85350609,0.00000145,0.000000000049764145000000006,6535577,2019-01-30 04:24:45,btc,0.4528236674537657,0.0,0.00000145,btc,238911.09400161,0.16376225,0.5312742003538394,37
1,[],12,[],2019-01-30 04:24:46,501510.3137438,0.00000145000000000000009320343975771638866945068002678453922271728515625,0.000000000049764145000000006,6535578,2019-01-30 04:24:46,btc,1337.7878738733075,0.0,0.00000145000000000000009320343975771638866945068002678453922271728515625,btc,803714.61904757,0.1842966222667435,0.3981437592655194,37
1,[],17,[],2019-01-30 04:24:49,1752.74075282,0.00000025,0.000000000008580025000000001,6535579,2019-01-30 04:24:49,btc,0.05548731396327507,0.0,0.00000025,btc,1388.79251806,0.0,0.00043818518820499993,37
1,[],27,[],2019-01-30 04:24:51,271141.0,0.00000004,0.000000000001372804,6535580,2019-01-30 04:24:51,btc,29.95779075772291,318.0619024,0.00000004,btc,5318.79525841,3.18e-06,0.00571371,37
1,[],5,[],2019-01-30 04:24:53,9.52e-06,0.00000078,0.000000000026769678000000003,6535581,2019-01-30 04:24:53,btc,0.09930258,0.03508326,0.00000078,btc,0.00010993,0.0,0.0345588,42
1,[],12,[],2019-01-30 04:24:54,121137.2962963,0.00000089,0.000000000030544889000000003,6535582,2019-01-30 04:24:54,btc,109.31753044939569,0.0,0.00000089,btc,83783.59928722,0.037960178482075,0.027559360000003,42
0,[],27,[],2019-01-30 04:24:56,0.0,0,0,6535583,2019-01-30 04:24:56,,0.00315028,0.0,0,"btc,eth",11.007,0.0,0.0,42
1,[],5,[],2019-01-30 04:24:58,3e-08,0.00000002,0.000000000000686402,6535584,2019-01-30 04:24:58,btc,6.1628983,0.0,0.00000002,btc,1.425e-05,0.0,0.51720855,43
1,[],12,[],2019-01-30 04:24:59,6432534.0,0.00000001,0.000000000000343201,6535585,2019-01-30 04:24:59,btc,20007433.361978583,0.0,0.00000001,btc,40009789.74765234,0.00094102,0.06432534,43
0,[],17,[],2019-01-30 04:25:01,0.0,0,0,6535586,2019-01-30 04:25:01,btc,0.0,0.0,0,btc,0.0,0.0,0.0,43
1,[],12,[],2019-01-30 04:25:03,912709.0625,0.00000016,0.000000000005491216,6535587,2019-01-30 04:25:03,btc,11114794.400686098,0.0,0.00000016,btc,881686.39760239,0.1431527371428854,0.03126209,44
1,[],4,[],2019-01-30 04:25:03,261484515.78831795,0.00000003,0.000000000001029603,6535588,2019-01-30 04:25:03,btc,0.19723851553073493,0.0,0.00000003,"btc,ltc",3775157.06655899,0.0107675,0.5593926632597115,49
0.0000000000903597,[],4,[],2019-01-30 04:25:04,3526925471.679682,1.807194e-18,6.202307879940002e-23,6535589,2019-01-30 04:25:04,ltc,4.994394634520878,0.0,0.00000002,ltc,2175104956.357089,0.0,3.2267727751932745e-09,52
0,[],22,[],2019-01-30 04:25:07,0.0,0,0,6535590,2019-01-30 04:25:07,,3693.80493996,0.0,0,,264578085.90882352,0.0,0.0,57
0,[],27,[],2019-01-30 04:25:09,0.0,0,0,6535591,2019-01-30 04:25:09,,0.0,0.0,0,"btc,eth",0.0,0.0,0.0,57
0.0000000000903597,[],4,[],2019-01-30 04:25:10,1351117874.7502446,6.325179000000001e-18,2.1708077579790006e-22,6535592,2019-01-30 04:25:10,ltc,3.336677015319851,0.0,0.00000007,ltc,1260550289.9787445,0.0,5.922807780079984e-09,58
1,[],12,[],2019-01-30 04:25:11,2508095323.932997,0.0000000007,0.00000000000002402407,6535593,2019-01-30 04:25:11,btc,684074799629.3009,0.0,0.0000000007,btc,3140683752.103996,0.019862941466833175,1.0275396885195631,58
0,[],17,[],2019-01-30 04:25:12,0.0,0,0,6535594,2019-01-30 04:25:12,btc,1e+24,0.0,0,btc,41616695.95832568,0.0,0.0,58
0.0000000001259433,[],22,[],2019-01-30 04:25:16,137438.0,1.259433e-18,4.3223866503300006e-23,6535595,2019-01-30 04:25:16,XMR,69.8835922,0.0,0.00000001,XMR,9887963.0,0.0,0.00137438,58
1,[],5,[],2019-01-30 04:25:17,2.29e-06,0.00000036,0.000000000012355236000000001,6535596,2019-01-30 04:25:17,btc,0.42650185,0.00639475,0.00000036,btc,7.172e-05,0.0,0.01750193,61
1,[],22,[],2019-01-30 04:25:20,5111.5,0.00000011,0.000000000003775211,6535597,2019-01-30 04:25:20,BTC,1002.29606732,0.0,0.00000011,BTC,15028.700278135757,0.0,0.00051178,61
1,[],26,[],2019-01-30 04:25:20,0.0,0.00000800,0.00000000027456080000000003,6535598,2019-01-30 04:25:20,btc,0.0,0.0,0.00000800,btc,0.0,0.0,0.0,61
0,[],27,[],2019-01-30 04:25:23,0.0,0,0,6535599,2019-01-30 04:25:23,,0.0,0.0,0,"btc,eth",0.0,0.0,0.0,61
1,[],28,[],2019-01-30 04:25:27,6900.304,0.00000210,0.00000000007207221000000001,6535600,2019-01-30 04:25:27,btc,2.064440110600106,779.0,0.00000210,btc,11198.17500005,0.0,0.00218431304,61
1,[],4,[],2019-01-30 04:25:28,1281168.07548207,0.00000164,0.00000000005628496400000001,6535601,2019-01-30 04:25:28,btc,0.4460529454848273,0.0,0.00000164,btc,176252.15080118,0.07629329,0.9157970773385266,67
0.0,[],25,[],2019-01-30 04:25:29,0.0,0,0,6535602,2019-01-30 04:25:29,,0.0,0.0,0.0,btc,0.0,0.0,0.0,67
1,[],12,[],2019-01-30 04:25:31,3072355.66344444,0.0000001,0.00000000000343201,6535603,2019-01-30 04:25:31,btc,16893710.13650634,0.0,0.0000001,btc,2009313.9558441,0.0059598937883052,0.0816535164411108,71
,[],5,[],2018-11-20 23:02:39,1.5e-07,0.00000005,0.000000000002128045,4862160,2018-11-20 23:02:39,btc,2.84511358,0.0,,btc,0.00036572,0.0,0.07381892,74
1,[],5,[],2019-01-25 15:53:51,3.303e-05,0.00000156,0.000000000055588884,6499610,2019-01-25 15:53:51,btc,1.42844212,0.0,0.00000156,btc,0.00015937,0.0,0.49487621,75
0,[],20,[],2019-01-25 09:30:31,0.0,0,0,6495923,2019-01-25 09:30:31,btc,0.0,0.0,0,btc,0.0,0.0,0.0,81
1,[],4,[],2019-01-30 04:25:31,71883049.91787337,0.00000001,0.000000000000343201,6535604,2019-01-30 04:25:31,btc,0.8144650091483037,0.0,0.00000001,btc,15000789.10300357,0.0,0.7188304991787337,81
1,[],4,[],2019-01-30 04:25:33,23606.51624473,0.00007300,0.0000000025053673000000004,6535605,2019-01-30 04:25:33,btc,0.9415195363610258,0.0,0.00007300,btc,8671.41099609,0.00520065,0.0763890271255805,82
1,[],21,[],2019-01-30 04:25:34,94636.1929839,0.00008003000000000000456294724227,0.0000000027466376030000004,6535606,2019-01-30 04:25:34,btc,3.9942004757437686,942.67457823,0.00008003000000000000456294724227035430885734967887401580810546875,btc,43956.26651971,0.07569985,5.2806429802986905,82
0,[],17,[],2019-01-30 04:25:35,0.0,0,0,6535607,2019-01-30 04:25:35,btc,0.0447233088476774,0.0,0,btc,999127.19588126,0.0,0.0,84
0.0000000000903581,[],4,[],2019-01-30 04:17:34,177634187.94518694,1.2650134e-17,4.3336955558540005e-22,6535409,2019-01-30 04:17:34,ltc,0.19754182487324476,0.0,0.00000014,ltc,67899836.27769244,0.0,1.2800755635190876e-09,85
,[],22,[],2018-11-20 23:09:34,3408.1,0.0000001,0.0000000000041895,4862324,2018-11-20 23:09:34,BTC,0.04624735,0.0,,BTC,4990.0,0.0,0.00033081,86
0,[],22,[],2019-01-30 04:25:38,0.0,0,0,6535608,2019-01-30 04:25:38,,2.07810912,0.0,0,,154826.94736842104,0.0,0.0,87
0,[],27,[],2019-01-30 04:25:40,0.0,0,0,6535609,2019-01-30 04:25:40,,0.0,0.0,0,btc,0.0,0.0,0.0,87
,[],2,[],2018-11-20 23:10:47,0.0,0,0,4862359,2018-11-20 23:10:47,,0.0,0.0,,,0.0,0.0,0.0,88
1,[],11,[],2019-01-30 04:25:42,98179.44719333,0.00019959999999999999986156906661705079386592842638492584228515625,0.00000000685029196,6535610,2019-01-30 04:25:42,btc,235.3483393911797,1787.82864791,0.00019959999999999999986156906661705079386592842638492584228515625,btc,183602.79640753,0.0,7.03565492193754,89
0,[],2,[],2019-01-20 23:31:45,0.0,0,0,6477083,2019-01-20 23:31:45,,0.0,0.0,0,,0.0,0.0,0.0,91
1,[],12,[],2019-01-30 04:25:43,508537.81231911,0.0000071600000000000000571613069377807647697409265674650669097900390625,0.00000000024573191600000003,6535611,2019-01-30 04:25:43,btc,2.7835779402548186,0.0,0.0000071600000000000000571613069377807647697409265674650669097900390625,btc,10521.32639109,0.115626423139786,0.1020583680238896,91
0,[],17,[],2019-01-30 04:25:44,0.0,0,0,6535612,2019-01-30 04:25:44,btc,0.0,0.0,0,btc,0.0,0.0,0.0,91
0.0000000000903581,[],22,[],2019-01-30 04:17:48,39057603.0,5.421486e-18,1.857298095366e-22,6535415,2019-01-30 04:17:48,LTC,8.48445395,0.0,0.00000006,LTC,73792734.1,1.68969647e-16,1.47544257,95
1,[],4,[],2019-01-30 04:25:47,133409925.34775367,0.00000001,0.000000000000343201,6535613,2019-01-30 04:25:47,btc,1.3638392966051907,0.0,0.00000001,"btc,ltc",67962588.7964047,0.00266939,0.0072651777140092634,96
1,[],12,[],2019-01-30 04:25:48,1221058.0,0.00000001,0.000000000000343201,6535614,2019-01-30 04:25:48,btc,255060.87464716562,0.0,0.00000001,btc,8059530.332976759,0.0006100612287712,0.01221058,96
0,[],17,[],2019-01-30 04:25:49,0.0,0,0,6535615,2019-01-30 04:25:49,btc,0.0,0.0,0,btc,0.0,0.0,0.0,96
1,[],4,[],2019-01-28 01:29:03,1472892.19429314,0.00000039,0.000000000013841295,6517118,2019-01-28 01:29:03,btc,0.30363706505258,0.0,0.00000039,btc,473598.41813208,0.02260545,0.1322524391209234,99
0,[],2,[],2019-01-20 23:23:55,0.0,0,0,6476914,2019-01-20 23:23:55,,0.0,0.0,0,,0.0,0.0,0.0,100
1,[],4,[],2019-01-30 04:17:54,157675.0130654,0.00004299,0.000000001472755719,6535419,2019-01-30 04:17:54,btc,1.4994469739890022,0.0,0.00004299,btc,30226.81324345,1.59445671,4.064618740536263,100
1,[],22,[],2019-01-30 04:17:57,50000.0,0.00000001,0.000000000000342581,6535420,2019-01-30 04:17:57,BTC,23.50383609,0.0,0.00000001,BTC,11277.22,0.0,0.0005,101
1,[],4,[],2019-01-30 04:25:49,162119.821577,0.00000090,0.000000000030888090000000005,6535616,2019-01-30 04:25:49,btc,0.3980607838553315,0.0,0.00000090,btc,154814.82325829,0.02543222,0.0724101705404164,103
1,[],12,[],2019-01-30 04:25:52,82522027.77474426,0.000000019,0.0000000000006520819000000001,6535617,2019-01-30 04:25:52,btc,9138279207.393435,0.0,0.000000019,btc,150983258.66443926,0.03368909268246029,0.5989308199453967,105
1,[],27,[],2019-01-30 04:25:54,528809.46811249,0.00000002,0.000000000000686402,6535618,2019-01-30 04:25:54,btc,0.5568805755148419,14477.0,0.00000002,btc,645722.67435029,0.00028954,0.0059436446811249,105
0,[],22,[],2019-01-30 04:25:57,0.0,0,0,6535619,2019-01-30 04:25:57,,1.07253299,0.0,0,,94300.0,0.0,0.0,107
1,[],26,[],2019-01-30 04:25:57,0.0,0.00000000,0,6535620,2019-01-30 04:25:57,btc,0.0,0.0,0.00000000,btc,0.0,0.0,0.0,107
1,[],5,[],2019-01-30 04:25:59,1e-08,0.00000001,0.000000000000343201,6535621,2019-01-30 04:25:59,btc,3.28300125,0.00634936,0.00000001,btc,1.512e-05,0.0,0.0443485,112
1,[],22,[],2019-01-30 04:26:04,1966.0,0.00000001,0.000000000000343201,6535622,2019-01-30 04:26:04,BTC,2.84243449,0.0,0.00000001,BTC,977103.5833333334,0.0,1.966e-05,112
0,[],27,[],2019-01-30 04:26:06,0.0,0,0,6535623,2019-01-30 04:26:06,,1.25356065,0.0,0,"btc,eth",1328.0,0.0,0.0,112
1,[],4,[],2019-01-30 04:26:07,412275.70493238,0.00000426,0.000000000146203626,6535624,2019-01-30 04:26:07,btc,0.5844685428091755,0.0,0.00000426,btc,93556.38621086,0.634408,0.3375907507082554,113
1,[],5,[],2019-01-30 04:26:09,2.1e-05,0.00000366,0.000000000125611566,6535625,2019-01-30 04:26:09,btc,2.19849274,0.00536898,0.00000366,btc,0.0033437,0.0,0.2020008,113
1,[],17,[],2019-01-30 04:26:11,233369.0,0.00000004,0.000000000001372804,6535626,2019-01-30 04:26:11,btc,1.3376290575611038,0.0,0.00000004,btc,72546.975,0.0,0.00543476,116
0,[],27,[],2019-01-30 04:26:12,0.0,0,0,6535627,2019-01-30 04:26:12,,0.0,0.0,0,btc,0.0,0.0,0.0,116
1,[],4,[],2019-01-30 04:26:13,1081653.75770319,0.00001728,0.0000000005930513280000001,6535628,2019-01-30 04:26:13,btc,0.3400599614756792,0.0,0.00001728,btc,17213.82451438,0.41381809,1.6079417538339282,120
1,[],7,[],2019-01-30 04:26:14,2369.89369609,0.0000213700000000000003776319534853911363825318403542041778564453125,0.000000000733420537,6535629,2019-01-30 04:26:14,btc,90.283881600244,4816.6329138,0.0000213700000000000003776319534853911363825318403542041778564453125,btc,22836.583088,0.17611856,0.0251415136603559,120
1,[],20,[],2019-01-30 04:26:17,1165301.6608,0.000000013,0.00000000000044616130000000003,6535630,2019-01-30 04:26:17,btc,33.7489442370083,0.0,0.000000013,btc,1074422.3317,0.0,0.0061929111866,125
1,[],22,[],2019-01-30 04:26:21,68433.0,0.00000001,0.000000000000343201,6535631,2019-01-30 04:26:21,BTC,0.01415863,0.0,0.00000001,BTC,293039.4,0.0,0.00068433,126
0,[],2,[],2019-01-20 23:25:46,0.0,0,0,6476969,2019-01-20 23:25:46,,0.0,0.0,0,,0.0,0.0,0.0,131
1,[],4,[],2019-01-30 04:26:22,79539.92224403,0.00001495,0.000000000513085495,6535632,2019-01-30 04:26:22,btc,0.7713367857100789,0.0,0.00001495,btc,40469.69275784,0.32770139,0.3826729295461637,131
0,[],17,[],2019-01-30 04:26:24,0.0,0,0,6535633,2019-01-30 04:26:24,btc,0.0008451375975800001,0.0,0,btc,30.89614684,0.0,0.0,131
1,[],4,[],2019-01-30 04:26:25,4562.17931544,0.00018451,0.000000006332401651000001,6535634,2019-01-30 04:26:25,btc,1.6368374065137297,0.0,0.00018451,btc,284.34476376,0.0,0.0093874177624097,135
1,[],3,[],2019-01-30 04:18:32,1826260.2430422301,0.00000007,0.000000000002398067,6535440,2019-01-30 04:18:32,btc,0.1255837105720618,48026.1822874,0.00000007,btc,245479.5398801,0.0,0.0645594373370348,136
1,[],4,[],2019-01-30 04:26:27,125715.9129186,0.00000190,0.00000000006520819,6535635,2019-01-30 04:26:27,btc,0.4818800890279303,0.0,0.00000190,btc,186106.31699831,0.13257305,0.1910238254348325,137
1,[],12,[],2019-01-30 04:26:28,334088.97881445,0.000001889999999999999903886019510246274677456312929280102252960205078125,0.000000000064864989,6535636,2019-01-30 04:26:28,btc,11972.818765144664,0.0,0.000001889999999999999903886019510246274677456312929280102252960205078125,btc,131042.75324472,0.1126322307103313,0.0931163981299793,137
1,[],5,[],2019-01-30 04:26:29,0.00116635,0.00003516,0.000000001206694716,6535637,2019-01-30 04:26:29,btc,2.69950936,1.13729434,0.00003516,btc,0.00222544,0.0,1.17691637,142
1,[],17,[],2019-01-30 04:26:31,12500.0,0.0000001,0.00000000000343201,6535638,2019-01-30 04:26:31,btc,0.6809500038319691,0.0,0.0000001,btc,5932.0,0.0,0.00125,142
1,[],20,[],2019-01-30 04:26:33,152237.5126,0.000036052,0.0000000012373082452000002,6535639,2019-01-30 04:26:33,btc,2.8398142487135,16345.94,0.000036052,btc,11683.9705,0.676514311044,0.2851294389145,142
1,[],22,[],2019-01-30 04:26:37,990.0,0.00001880,0.00000000064521788,6535640,2019-01-30 04:26:37,BTC,0.00073414,0.0,0.00001880,BTC,10.000500375281462,0.0,0.00022106,142
0.0,[],25,[],2019-01-30 04:26:39,0.0,0,0,6535641,2019-01-30 04:26:39,,0.0,0.0,0.0,btc,0.0,0.0,0.0,142
1,[],28,[],2019-01-30 04:26:43,78710.0,0.00002500,0.0000000008580025000000001,6535642,2019-01-30 04:26:43,btc,0.15112850002,3310.291,0.00002500,btc,3009.998,0.0,0.0312247,142
0,[],22,[],2019-01-28 18:33:43,0.0,0,0,6521842,2019-01-28 18:33:43,,61.27958297,0.0,0,,815366265.8,0.0,0.0,143
1,[],21,[],2019-01-30 04:26:44,37077418.16326976,0.00000028,0.000000000009609628000000001,6535643,2019-01-30 04:26:44,btc,51.74561111713856,9949986.29015935,0.00000028,btc,87044354.72909017,2.80350948,5.4774122392302695,145
0,[],22,[],2019-01-30 01:16:01,0.0,0,0,6534106,2019-01-30 01:16:01,,4.49004284,0.0,0,,1498238.5,0.0,0.0,146
,[],22,[],2018-11-20 23:01:11,0.0,0,0,4862114,2018-11-20 23:01:11,,2.56807021,0.0,,,61828.4988236,0.0,0.0,147
1,[],12,[],2019-01-30 04:26:45,8694945.72817574,0.000003379999999999999825872794290138045880667050369083881378173828125,0.00000000011600193800000001,6535644,2019-01-30 04:26:45,btc,17.07689228380146,0.0,0.000003379999999999999825872794290138045880667050369083881378173828125,btc,111834.72407238,0.0009512968333146,0.1311269200000146,148
1,[],4,[],2019-01-30 04:26:46,246103.43992936,0.00000030,0.00000000001029603,6535645,2019-01-30 04:26:46,btc,0.6886173829441247,0.0,0.00000030,btc,504704.17821085,0.0,0.0514325588797323,152
0,[],22,[],2019-01-30 04:26:49,0.0,0,0,6535646,2019-01-30 04:26:49,,0.0,0.0,0,,0.0,0.0,0.0,152
1,[],5,[],2019-01-30 04:18:58,0.0,0,0,6535453,2019-01-30 04:18:58,btc,4.37024355,0.0,0,btc,0.00161275,0.0,0.0,153
,[],16,[],2019-01-11 15:38:59,0.0,0,0,6366141,2019-01-11 15:38:59,btc,0.0,0.0,,btc,0.0,0.0,0.0,155
0,[],23,[],2019-01-20 23:24:29,0.0,0,0,6476932,2019-01-20 23:24:29,,0.0,0.0,0,,0.0,0.0,0.0,156
0,[],22,[],2019-01-30 04:26:51,0.0,0,0,6535647,2019-01-30 04:26:51,,6.73308927,0.0,0,,4561867.742592593,0.0,0.0,156
1,[],22,[],2019-01-30 04:26:55,7906.0,0.00000801,0.00000000027490400100000003,6535648,2019-01-30 04:26:55,BTC,43.78801181,0.0,0.00000801,BTC,1067.5805334758436,0.0,0.00743836,157
0,[],22,[],2019-01-30 04:19:24,0.0,0,0,6535456,2019-01-30 04:19:24,,50175.6753658,0.0,0,,54007107.04179466,0.0,0.0,158
,[],17,[],2018-11-20 22:56:10,0.0,0,0,4861976,2018-11-20 22:56:10,btc,1.1265625,0.0,,btc,1000.0,0.0,0.0,159
,[],20,[],2018-11-20 22:56:12,0.0,0,0,4861977,2018-11-20 22:56:12,btc,11912.7940471,0.0,,btc,34413894.3617,0.0,0.0,159
1,[],12,[],2019-01-30 04:26:56,194691.92480961,0.000009989999999999999219708370079562342880308278836309909820556640625,0.000000000342857799,6535649,2019-01-30 04:26:56,btc,6.677819140653868,0.0,0.000009989999999999999219708370079562342880308278836309909820556640625,btc,14120.17133708,0.0072807283176115,0.0972350819997564,168
1,[],17,[],2019-01-30 04:26:59,29784.95,0.000001,0.000000000034320100000000004,6535650,2019-01-30 04:26:59,btc,0.0353989844335,0.0,0.000001,btc,196.82520268,0.0,0.00716147,168
1,[],22,[],2019-01-30 04:19:44,1433447.0,0.00000001,0.000000000000342581,6535459,2019-01-30 04:19:44,BTC,1.13380276,0.0,0.00000001,BTC,689102.5537281231,0.0,0.01433447,169
1,[],22,[],2019-01-30 04:19:47,49680.93214285714,0.0000004,0.00000000001370324,6535460,2019-01-30 04:19:47,BTC,2.4645302,0.0,0.0000004,BTC,56210.487072391494,0.00053232,0.01576665,171
1,[],22,[],2019-01-30 04:19:51,176627.00789473683,0.00000021,0.000000000007194201,6535461,2019-01-30 04:19:51,BTC,2.85249292,0.0,0.00000021,BTC,255974.00935011532,1.688e-05,0.01099656,173
1,[],5,[],2019-01-30 04:19:52,6.693e-05,0.00000445,0.000000000152448545,6535462,2019-01-30 04:19:52,btc,0.39657284,0.02199629,0.00000445,btc,0.00035266,0.0,0.83677844,175
1,[],22,[],2019-01-30 04:27:02,40554.0,0.0000007,0.000000000024024070000000002,6535651,2019-01-30 04:27:02,BTC,0.64856239,0.0,0.0000007,BTC,158526.57822767255,0.0,0.01480313,176
0,[],2,[],2019-01-20 23:28:34,0.0,0,0,6477001,2019-01-20 23:28:34,,0.0,0.0,0,,0.0,0.0,0.0,178
1,[],7,[],2019-01-30 04:27:03,0.0,0,0,6535652,2019-01-30 04:27:03,btc,10965.679379442512,1249.0,0,btc,122500128.45418899,1.249e-05,0.0,178
0,[],22,[],2019-01-30 04:27:19,0.0,0,0,6535653,2019-01-30 04:27:19,,1.00242428,0.0,0,,57512.0,0.0,0.0,178
1,[],5,[],2019-01-30 04:20:20,1e-07,0.00000004,0.000000000001370324,6535466,2019-01-30 04:20:20,btc,16.18587395,1.57918561,0.00000004,btc,2.498e-05,0.0,1.3846288,179
1,[],22,[],2019-01-30 04:20:24,8029423.0,0.00000003,0.000000000001027743,6535467,2019-01-30 04:20:24,BTC,5.47004887,0.0,0.00000003,"BTC,LTC",16479205.651989967,0.00745908,0.39540237,179
0,[],23,[],2019-01-20 23:25:08,0.0,0,0,6476952,2019-01-20 23:25:08,,0.0,0.0,0,,0.0,0.0,0.0,179
1,[],17,[],2019-01-30 04:20:29,10504.725,0.0000001,0.00000000000342581,6535468,2019-01-30 04:20:29,btc,5.206877489877044,0.0,0.0000001,btc,7465.6174587,0.0,0.0010504725,180
1,[],22,[],2019-01-30 04:20:34,5785.4,0.00000001,0.000000000000342581,6535469,2019-01-30 04:20:34,BTC,0.09613315,0.0,0.00000001,"BTC,LTC",16616.37037600151,0.0,7.724e-05,180
1,[],26,[],2019-01-30 04:20:34,0.0,0.00000020,0.00000000000685162,6535470,2019-01-30 04:20:34,btc,0.0,4306.5353,0.00000020,btc,0.0,0.0,0.0,180
,[],7,[],2018-11-20 22:58:01,562227.975654,0.00000085,0.000000000036176765,4862015,2018-11-20 22:58:01,btc,21836.6059674,2491.87645172,,btc,749999.041456,0.00211021,0.127565380455,183
,[],5,[],2019-01-10 08:11:41,0.0,0,0,6347036,2019-01-10 08:11:41,btc,82.15055501,0.00261,,btc,1.19002445,0.0,0.0,187
,[],17,[],2018-11-16 20:58:10,4062536.27273,0.00000001,0.000000000000550501,4708775,2018-11-16 20:58:10,btc,3.36492563466,0.195460381006,,"btc,eth",110697919.549,0.0,0.0157628953496,187
1,[],24,[],2019-01-30 04:27:19,0.0,0.000000000001,3.43201e-17,6535654,2019-01-30 04:27:19,btc,0.0,0.0,0.000000000001,btc,0.0,0.0,0.0,187
0,[],22,[],2019-01-30 04:20:37,0.0,0,0,6535472,2019-01-30 04:20:37,,1.19382741,0.0,0,,13380.036201072173,0.0,0.0,191
0,[],22,[],2019-01-29 02:57:02,0.0,0,0,6524994,2019-01-29 02:57:02,,0.0,0.0,0,,0.0,0.0,0.0,197
0,[],23,[],2019-01-20 23:31:41,0.0,0,0,6477079,2019-01-20 23:31:41,,0.0,0.0,0,,0.0,0.0,0.0,199
1,[],26,[],2019-01-30 04:20:37,0.0,0.00000000,0,6535473,2019-01-30 04:20:37,btc,0.0,769067.0,0.00000000,btc,0.0,0.0,0.0,199
0,[],17,[],2019-01-30 04:20:39,0.0,0,0,6535474,2019-01-30 04:20:39,btc,6.802544163753061,0.0,0,btc,105897.55575295,0.0,0.0,200
0,[],2,[],2019-01-20 23:30:49,0.0,0,0,6477059,2019-01-20 23:30:49,,0.0,0.0,0,,0.0,0.0,0.0,201
1,[],4,[],2019-01-25 15:51:35,2084389.58565343,0.00000936,0.000000000333526752,6499557,2019-01-25 15:51:35,btc,2.0092503037378524,0.0,0.00000936,btc,160195.80207885,0.19272417,1.242687955921835,211
1,[],7,[],2019-01-30 04:27:22,17547585.72880558,0.000001219999999999999965968520108938744073157067759893834590911865234375,0.000000000041870522000000004,6535655,2019-01-30 04:27:22,btc,16567816.131998362,337083.658649,0.000001219999999999999965968520108938744073157067759893834590911865234375,btc,11922237.33943501,0.41011987,7.591615998336479,212
1,[],5,[],2019-01-30 04:20:43,4.54e-06,0.00000033,0.000000000011305173,6535476,2019-01-30 04:20:43,btc,0.95210573,0.02488342,0.00000033,btc,3.113e-05,0.0,0.35597557,213
1,[],24,[],2019-01-30 04:20:43,0.0,0.000000050000,0.000000000001712905,6535477,2019-01-30 04:20:43,btc,0.0,0.0,0.000000050000,btc,0.0,0.0,0.0,213
1,[],26,[],2019-01-30 04:20:43,0.0,0.00000003,0.000000000001027743,6535478,2019-01-30 04:20:43,btc,0.0,0.0,0.00000003,btc,0.0,0.0,0.0,213
1,[],12,[],2019-01-25 02:44:32,207462.42853209,0.000001080000000000000035831255497387193287295303889550268650054931640625,0.000000000038610756000000006,6493050,2019-01-25 02:44:32,btc,85023.03793723314,0.0,0.000001080000000000000035831255497387193287295303889550268650054931640625,btc,43675.73520027,0.000146250909087,0.0348620860622024,213
1,[],22,[],2019-01-30 04:27:27,276400.0,0.00000002,0.000000000000686402,6535656,2019-01-30 04:27:27,BTC,70.22563965,0.0,0.00000002,BTC,269624.63907173084,0.0,0.004714,216
1,[],27,[],2019-01-30 04:27:30,5051645.0,0.00000011,0.000000000003775211,6535657,2019-01-30 04:27:30,btc,667.13074826316,10700.001,0.00000011,"btc,ltc",264811.13311,0.005671000000000904,0.0511825,216
1,[],22,[],2019-01-30 04:27:34,270556.0936151021,0.00000234,0.000000000080309034,6535658,2019-01-30 04:27:34,BTC,12677.78958344,0.0,0.00000234,BTC,367362.251941559,0.06494775,0.36760982,217
1,[],7,[],2019-01-30 04:27:35,0.0,0,0,6535659,2019-01-30 04:27:35,btc,302.63431663911064,0.0,0,btc,140240320.6214003,0.0,0.0,219
0,[],27,[],2019-01-30 04:27:37,0.0,0,0,6535660,2019-01-30 04:27:37,,0.0747309448198,0.0,0,btc,1605140.29226592,0.0,0.0,219
0.0000000000000056,[],28,[],2019-01-30 04:27:42,332542897.216,5.32e-18,1.8258293200000003e-22,6535661,2019-01-30 04:27:42,doge,84554.0303717675,13972.0,0.00095000,"btc,doge",4519437.84751,0.0,1.5027654049318904e-11,219
1,[],22,[],2019-01-30 04:27:46,203718.0,0.00000055,0.000000000018876055,6535662,2019-01-30 04:27:46,BTC,2.38959129,0.0,0.00000055,BTC,30954.90111646381,0.00183632,0.02094473,221
1,[],24,[],2019-01-30 04:27:46,0.0,0.000000550000,0.000000000018876055,6535663,2019-01-30 04:27:46,btc,0.0,0.0,0.000000550000,btc,0.0,0.0,0.0,221
1,[],26,[],2019-01-30 04:21:05,0.0,0.00000002,0.000000000000685162,6535487,2019-01-30 04:21:05,btc,0.0,11614.0,0.00000002,btc,0.0,0.0,0.0,231
1,[],26,[],2019-01-30 04:27:46,0.0,0.00000004,0.000000000001372804,6535664,2019-01-30 04:27:46,btc,0.0,300.0,0.00000004,btc,0.0,0.0,0.0,234
0,[],27,[],2019-01-30 04:27:48,0.0,0,0,6535665,2019-01-30 04:27:48,,0.0113483662182,0.0,0,"btc,eth",11462.99618,0.0,0.0,234
0.0000000000903581,[],22,[],2019-01-30 04:21:11,10015864.0,1.807162e-18,6.190993651220001e-23,6535490,2019-01-30 04:21:11,LTC,3.53738345,0.0,0.00000002,LTC,95093207.88015874,9.941663506215e-12,0.11615864,235
1,[],4,[],2019-01-30 04:27:49,2268801.51994482,0.00000088,0.000000000030201688,6535666,2019-01-30 04:27:49,btc,0.1508483515258602,0.0,0.00000088,btc,124558.99243142,0.01793275,0.2094203218167584,236
1,[],24,[],2019-01-30 04:27:49,0.0,0.000000010000,0.000000000000343201,6535667,2019-01-30 04:27:49,btc,0.0,0.0,0.000000010000,btc,0.0,0.0,0.0,236
1,[],20,[],2019-01-30 04:21:14,20866882.3913,0.00000007,0.000000000002398067,6535493,2019-01-30 04:21:14,btc,14.2920441065643,22550815.5525,0.00000007,btc,24075516.6808,1.5805314651805,0.5160729755019,237
1,[],22,[],2019-01-30 04:21:29,10000.0,0.00000001,0.000000000000342581,6535494,2019-01-30 04:21:29,BTC,0.04144357,0.0,0.00000001,BTC,10254.2,0.0,0.0001,237
1,[],4,[],2019-01-30 04:27:50,4205719.28332552,0.00000032,0.000000000010982432,6535668,2019-01-30 04:27:50,btc,0.368820755892208,0.0,0.00000032,btc,1043914.30708375,0.09455223,1.2410211293753801,238
1,[],5,[],2019-01-30 04:27:52,3.96e-06,0.00000032,0.000000000010982432,6535669,2019-01-30 04:27:52,btc,0.75604936,0.0046571,0.00000032,btc,2.906e-05,0.0,0.32432695,238
1,[],22,[],2019-01-30 04:21:34,253158.85,0.00000005,0.000000000001712905,6535497,2019-01-30 04:21:34,BTC,15.41042403,0.0,0.00000005,BTC,242601.32447994986,0.0004052,0.00825949,249
0.0000000000903581,[],22,[],2019-01-30 04:21:38,4787942.0,2.710743e-18,9.28649047683e-23,6535498,2019-01-30 04:21:38,LTC,0.69139672,0.0,0.00000003,LTC,15451945.015,1.157972483997e-12,0.10757742,252
1,[],28,[],2019-01-30 04:27:57,2322889.485,0.00000008,0.000000000002745608,6535670,2019-01-30 04:27:57,btc,164692.82160623124,36816.3,0.00000008,btc,1119412.6695,0.0,0.07908255623,256
0,[],27,[],2019-01-30 04:27:59,0.0,0,0,6535671,2019-01-30 04:27:59,,4.96668,0.0,0,"btc,eth",90.59,0.0,0.0,257
1,[],22,[],2019-01-30 04:28:03,189585.0,0.00000005,0.0000000000017160050000000002,6535672,2019-01-30 04:28:03,BTC,35605.55932372,0.0,0.00000005,BTC,481159.71026957524,0.000405,0.00240685,258
1,[],22,[],2019-01-26 20:58:41,368451.0,0.00000001,0.000000000000356135,6510120,2019-01-26 20:58:41,BTC,2.642917,0.0,0.00000001,"BTC,LTC",1862.0,0.0,0.02488451,259
1,[],22,[],2019-01-30 04:28:06,3440.8449032258063,0.00000775,0.00000000026598077500000004,6535673,2019-01-30 04:28:06,BTC,4.68663743,0.0,0.00000775,BTC,6070.145866142444,0.0,0.02375359,262
1,[],5,[],2019-01-30 04:28:08,0.00010608,0.00000403,0.00000000013831000300000002,6535674,2019-01-30 04:28:08,btc,2.32512561,1.49861558,0.00000403,btc,0.00136823,0.0,0.40481528,264
1,[],20,[],2019-01-30 04:28:09,1178625.2237,0.000002512,0.00000000008621209120000001,6535675,2019-01-30 04:28:09,btc,6.3182195334384,62001.9085,0.000002512,btc,107036.6396,0.3833322295269,0.0368520971888,264
1,[],22,[],2019-01-30 04:28:13,149751.0,0.00000002,0.000000000000686402,6535676,2019-01-30 04:28:13,BTC,6.54364963,0.0,0.00000002,BTC,248648.0926495266,0.00017724,0.00249739,271
0,[],22,[],2019-01-30 04:28:15,0.0,0,0,6535677,2019-01-30 04:28:15,,362.53831331,0.0,0,,14071713231.9,0.0,0.0,272
0.0000000000000056,[],28,[],2019-01-30 04:28:21,199954904400.683,5.600000000000001e-21,1.9219256000000003e-25,6535678,2019-01-30 04:28:21,doge,51983386.40679744,27968362429.4752,0.00000100,doge,146060349368.142,0.0,5.500671229992875e-10,272
