pairValue,buyBook,exchangeId,sellBook,updated,buyTotal,satoshiPrice,usdPrice,exchangeLogId,created,bestPair,sellTotalBtc,volume,pairPrice,activePairs,sellTotal,volumeBtc,buyTotalBtc,coinId
1,[],3,[],2019-02-12 02:23:12,130.219357586571,0.0130316400000000005843237005365153891034424304962158203125,0.00000047110290814800005,6639020,2019-02-12 02:23:12,btc,107.05930481856252,0.0,0.0130316400000000005843237005365153891034424304962158203125,btc,20.875862952941002,0.0,0.2807000373307933,1
1,[],4,[],2019-02-12 02:23:14,320.85915606,0.01307696,0.00000047274125787200003,6639021,2019-02-12 02:23:14,btc,0.8599516773981803,0.0,0.01307696,btc,62.03555104,0.7351562,1.5193585817756474,1
1,[],5,[],2019-02-12 02:23:17,0.33445125,0.01300001,0.00000046995946150700005,6639022,2019-02-12 02:23:17,btc,14577.92510955,0.0044329,0.01300001,btc,35555556.08659494,0.0,2.62595945,1
1,[],10,[],2019-02-12 02:23:19,414496.27211867,0.0122,0.00000044103854000000003,6639023,2019-02-12 02:23:19,btc,6534.199421433133,575.06244469,0.0122,btc,1117.02526521,0.0,3.985603501113812,1
1,[],12,[],2019-02-12 02:23:22,10423.07829737,0.01308999999999999920563542588070049532689154148101806640625,0.000000473212663,6639024,2019-02-12 02:23:22,btc,0.4742385162981,0.0,0.01308999999999999920563542588070049532689154148101806640625,btc,28.66790717,2.38593500527,0.1879200815832,1
1,[],20,[],2019-02-12 02:23:24,1154.127,0.010500104,0.0000003795861096728,6639025,2019-02-12 02:23:24,btc,0.0573537536243,0.0,0.010500104,btc,2.5253,0.0,0.0883554649739,1
1,[],21,[],2019-02-12 02:23:26,2254.82775608,0.01312127000000000084933837741,0.00000047434309538900004,6639026,2019-02-12 02:23:26,btc,14.578753617223766,3354.1382642999997,0.0131212700000000008493383774066387559287250041961669921875,"btc,eth",1712.029519,38.1125003478749,18.0117047289229,1
1,[],22,[],2019-02-12 02:23:30,0.0280576,0.01350000,0.0000004880344500000001,6639027,2019-02-12 02:23:30,BTC,0.3139634,0.0,0.01350000,BTC,0.10070366666666666,0.0,0.00036518,1
1,[],24,[],2019-02-12 02:23:31,0.0,0.000000000000,0,6639028,2019-02-12 02:23:31,btc,0.0,0.0,0.000000000000,btc,0.0,0.0,0.0,1
0.0,[],25,[],2019-02-12 02:23:32,0.0,0,0,6639029,2019-02-12 02:23:32,btc,11.29949999825831,556.35275942,0.0,btc,830.72510165,7.3744,0.0,1
1,[],26,[],2019-02-12 02:23:41,0.0,0,0,6639030,2019-02-12 02:23:41,,0.0,0.0,0,,0.0,0.0,0.0,1
1,[],28,[],2019-02-12 02:23:47,992.968,0.01231000,0.000000445015117,6639031,2019-02-12 02:23:47,btc,0.162839806,17954.95,0.01231000,btc,8.9,0.0,0.086870176,1
0,[],2,[],2019-01-20 23:28:45,0.0,0,0,6477011,2019-01-20 23:28:45,,0.0,0.0,0,,0.0,0.0,0.0,1
1,[],5,[],2019-02-12 02:23:48,8.23e-06,0.00000049,0.000000000017713843,6639032,2019-02-12 02:23:48,btc,0.14406885,0.01222365,0.00000049,btc,6.173e-05,0.0,0.15380652,2
1,[],22,[],2019-02-12 02:23:52,1348.0,0.00000018,0.0000000000065071260000000005,6639033,2019-02-12 02:23:52,BTC,4.22139106,0.0,0.00000018,"BTC,XMR",14654.709143333333,0.0,0.00091235,2
1,[],5,[],2019-02-12 01:22:24,1.12e-06,0.00000016,0.000000000005767456,6638764,2019-02-12 01:22:24,btc,4.33137069,0.00361428,0.00000016,btc,2.278e-05,0.0,2.89842162,3
1,[],12,[],2019-02-12 01:22:25,12113243.38428449,0.000000168,0.0000000000060558288,6638765,2019-02-12 01:22:25,btc,923494.5801089458,0.0,0.000000168,btc,8387264.24623074,0.03071806314032277,0.4881150008330616,3
0,[],28,[],2019-02-12 01:22:30,0.0,0,0,6638766,2019-02-12 01:22:30,,0.0,0.0,0,,0.0,0.0,0.0,3
0,[],2,[],2019-01-20 23:31:32,0.0,0,0,6477077,2019-01-20 23:31:32,,0.0,0.0,0,,0.0,0.0,0.0,4
1,[],4,[],2019-02-12 01:22:32,383219.79449433,0.00000033,0.000000000011895378,6638767,2019-02-12 01:22:32,btc,0.3813419301034616,0.0,0.00000033,btc,338565.10181884,0.0,0.049019416619903,4
1,[],12,[],2019-02-12 01:22:34,1580128.5219999999,0.00000005,0.0000000000018023299999999999,6638768,2019-02-12 01:22:34,btc,11113878.36356982,0.0,0.00000005,btc,1017382.25315467,0.004009989798347,0.02715799044,5
0,[],2,[],2019-01-20 23:31:51,0.0,0,0,6477087,2019-01-20 23:31:51,,0.0,0.0,0,,0.0,0.0,0.0,6
1,[],11,[],2019-02-12 01:22:37,1013270.9999525,0.00000002,0.000000000000720932,6638769,2019-02-12 01:22:37,btc,9433.322586456285,694817.5,0.00000002,btc,40712597.9406106,0.0,0.01157511499905,6
1,[],3,[],2019-02-12 01:22:40,1074.273146428111,0.00014521000000000000053346216333238771767355501651763916015625,0.000000005234326786,6638770,2019-02-12 01:22:40,btc,28.399990609446498,0.0,0.00014521000000000000053346216333238771767355501651763916015625,btc,235.145665820227,0.0,0.031531977816658056,7
1,[],4,[],2019-02-12 01:22:41,23056.74332329,0.00019161,0.000000006906889026,6638771,2019-02-12 01:22:41,btc,1.3335980864960644,0.0,0.00019161,btc,6575.03351858,1.47640374,3.908767327548948,7
1,[],5,[],2019-02-12 01:22:43,0.00574806,0.00017160,0.00000000618559656,6638772,2019-02-12 01:22:43,btc,1.84730647,0.21074604,0.00017160,btc,0.01196955,0.0,1.55707998,7
1,[],20,[],2019-02-12 02:23:54,59781135.5697,0.000000001,0.0000000000000361507,6639034,2019-02-12 02:23:54,btc,116.5923532606651,315535.1265,0.000000001,btc,33662875.6586,0.0003155351265,0.0597811355697,8
0,[],2,[],2019-01-20 23:22:42,0.0,0,0,6476876,2019-01-20 23:22:42,,0.0,0.0,0,,0.0,0.0,0.0,9
0,[],23,[],2019-01-20 23:22:48,0.0,0,0,6476878,2019-01-20 23:22:48,,0.0,0.0,0,,0.0,0.0,0.0,9
1,[],1,[],2019-02-12 01:22:47,2217420.83,0.0000019499999999999999646983772638719756287173368036746978759765625,0.00000000007029087,6638774,2019-02-12 01:22:47,btc,3.0927922637,15430228.71,0.0000019499999999999999646983772638719756287173368036746978759765625,btc,1552126.05,30.30359699,4.256214648,9
1,[],4,[],2019-02-12 01:22:49,535400.02359546,0.00000195,0.00000000007029087,6638775,2019-02-12 01:22:49,btc,0.7602495100582402,0.0,0.00000195,btc,380151.97836802,1.20233618,1.0057902294274057,9
1,[],28,[],2019-02-12 01:22:55,43335.0,0.00000167,0.00000000006019782199999999,6638776,2019-02-12 01:22:55,btc,2708.767109048,3555461.08,0.00000167,btc,14964.28,0.0,0.04320645,9
1,[],4,[],2019-02-10 09:54:02,5828483.02026053,0.00000002,0.000000000000726692,6623074,2019-02-10 09:54:02,btc,0.2014004865591215,0.0,0.00000002,btc,4198675.28035349,0.00021932,0.0653957035452106,10
0,[],2,[],2019-01-20 23:23:08,0.0,0,0,6476890,2019-01-20 23:23:08,,0.0,0.0,0,,0.0,0.0,0.0,12
1,[],4,[],2019-02-12 02:23:56,2198548.25785747,0.00000144,0.000000000052057008000000004,6639035,2019-02-12 02:23:56,btc,1.468613935207507,0.0,0.00000144,btc,965477.1528003,1.63650579,3.0080001589736023,12
1,[],5,[],2019-02-12 02:23:57,1.549e-05,0.00000136,0.000000000049164952000000004,6639036,2019-02-12 02:23:57,btc,0.45686267,0.77360632,0.00000136,btc,0.0001073,0.0,0.27297188,12
0.0,[],25,[],2019-02-12 02:23:58,0.0,0,0,6639037,2019-02-12 02:23:58,,0.0,0.0,0.0,btc,0.0,0.0,0.0,12
1,[],4,[],2019-02-12 01:23:02,1307007.61157918,0.00000601,0.000000000216640066,6638780,2019-02-12 01:23:02,btc,0.8884768898913608,0.0,0.00000601,btc,128302.29525087,0.38791737,1.2634487015707707,13
1,[],10,[],2019-02-12 01:23:04,441050.87149382,0.00000579,0.00000000020870981399999998,6638781,2019-02-12 01:23:04,btc,666806.4129993719,10289.9273786,0.00000579,btc,745043.55727746,0.0,0.3522613521260239,13
1,[],21,[],2019-02-12 01:23:06,1035905.73760423,0.000005969999999999999592203373672,0.00000000021519820199999997,6638782,2019-02-12 01:23:06,btc,4.260273879888603,690090.53348058,0.0000059699999999999995922033736717171592545128078199923038482666015625,btc,635187.05396433,4.18753219,4.104295141434147,13
1,[],4,[],2019-02-12 02:23:59,1021400.28643315,0.00000140,0.000000000050610980000000004,6639038,2019-02-12 02:23:59,btc,0.1397046897467802,0.0,0.00000140,btc,74868.5682041,0.02709506,0.4100015922696468,14
1,[],12,[],2019-02-12 02:24:00,87607.2231405,0.000001219999999999999965968520108938744073157067759893834590911865234375,0.000000000044103854000000003,6639039,2019-02-12 02:24:00,btc,2.774189335122134,0.0,0.000001219999999999999965968520108938744073157067759893834590911865234375,btc,29589.33636749,6.273e-05,0.009106260000005,14
0,[],17,[],2019-02-12 02:24:02,0.0,0,0,6639040,2019-02-12 02:24:02,btc,0.0,0.0,0,btc,0.0,0.0,0.0,14
1,[],26,[],2019-02-12 02:24:02,0.0,0.00000050,0.00000000001807535,6639041,2019-02-12 02:24:02,btc,0.0,0.0,0.00000050,btc,0.0,0.0,0.0,14
,[],12,[],2018-12-01 15:15:48,204241.84496,0.00000489,0.000000000202473384,5260204,2018-12-01 15:15:48,btc,49.5475654835,0.0,,btc,35763.2193806,0.0163153972027625,0.0203389899998,15
0,[],4,[],2019-02-12 01:23:15,0.0,0,0,6638787,2019-02-12 01:23:15,,0.0,0.0,0,,0.0,0.0,0.0,15
0,[],2,[],2019-01-20 23:23:38,0.0,0,0,6476906,2019-01-20 23:23:38,,0.0,0.0,0,,0.0,0.0,0.0,18
1,[],4,[],2019-02-12 02:24:03,26253.21981213,0.00001798,0.000000000649989586,6639042,2019-02-12 02:24:03,btc,2.434721973481212,0.0,0.00001798,btc,18989.06442887,0.02807458,0.0699083487272842,18
1,[],10,[],2019-02-12 02:24:05,789321.17712831,0.0000184,0.00000000066517288,6639043,2019-02-12 02:24:05,btc,15.53529711008975,329.93743233,0.0000184,btc,10419.16742853,0.0,0.3019506928572426,18
1,[],12,[],2019-02-12 02:24:06,204523.737439,0.000017799999999999998982758153687200319836847484111785888671875,0.00000000064348246,6639044,2019-02-12 02:24:06,btc,21.66203491974984,0.0,0.000017799999999999998982758153687200319836847484111785888671875,btc,1820.27259192,2.89752597e-05,0.0384168478729024,18
0,[],17,[],2019-02-12 02:24:07,0.0,0,0,6639045,2019-02-12 02:24:07,btc,0.0,0.0,0,btc,0.0,0.0,0.0,18
0,[],2,[],2019-01-20 23:24:19,0.0,0,0,6476924,2019-01-20 23:24:19,,0.0,0.0,0,,0.0,0.0,0.0,19
1,[],3,[],2019-02-12 02:24:10,129649.59871618681,0.0000250099999999999994082337806400317958832602016627788543701171875,0.0000000009041290070000001,6639046,2019-02-12 02:24:10,btc,0.4672449630434957,0.0,0.0000250099999999999994082337806400317958832602016627788543701171875,btc,5018.393100515442,0.0,0.09980301493181616,19
1,[],4,[],2019-02-12 02:24:10,225416.71411135,0.00002854,0.0000000010317409780000001,6639047,2019-02-12 02:24:10,btc,0.4699785522527921,0.0,0.00002854,btc,14774.58241685,0.70316309,2.529162867798238,19
1,[],5,[],2019-02-12 02:24:11,0.00023097,0.00002528,0.0000000009138896960000001,6639048,2019-02-12 02:24:11,btc,0.26957706,0.00476055,0.00002528,btc,0.00308496,0.0,0.07513904,19
1,[],12,[],2019-02-12 02:24:13,134777.60266644,0.00002407000000000000163188039470352208581971353851258754730224609375,0.0000000008701473490000001,6639049,2019-02-12 02:24:13,btc,0.0303446340309658,0.0,0.00002407000000000000163188039470352208581971353851258754730224609375,btc,313.64095945,0.0,0.031825164127882,19
0,[],27,[],2019-02-12 02:24:15,0.0,0,0,6639050,2019-02-12 02:24:15,,0.0,0.0,0,btc,0.0,0.0,0.0,19
1,[],4,[],2019-02-12 01:23:33,8105758.53738183,0.00000014,0.000000000005046524,6638797,2019-02-12 01:23:33,btc,0.7687784087825957,0.0,0.00000014,btc,1574056.40843545,0.00044479,0.2637133332083662,20
1,[],4,[],2019-02-12 02:24:16,111640294.18584271,0.00000002,0.0000000000007230140000000001,6639051,2019-02-12 02:24:16,btc,0.6098453061355317,0.0,0.00000002,btc,16939256.35622736,0.02307552,1.3009730879266945,21
1,[],12,[],2019-02-12 02:24:18,17624470.0,0.00000002,0.0000000000007230140000000001,6639052,2019-02-12 02:24:18,btc,669.7258475491021,0.0,0.00000002,btc,8580604.84915351,0.0276,0.22552968,21
0,[],17,[],2019-02-12 02:24:19,0.0,0,0,6639053,2019-02-12 02:24:19,btc,0.0,0.0,0,btc,0.0,0.0,0.0,21
1,[],12,[],2019-02-12 02:24:20,2898138453.043896,0.0000000002,0.000000000000007230140000000001,6639054,2019-02-12 02:24:20,btc,825864718711.5732,0.0,0.0000000002,btc,4294251352.2239785,0.009464024897902207,0.33131509105558976,23
0,[],27,[],2019-02-12 02:24:22,0.0,0,0,6639055,2019-02-12 02:24:22,,0.7240921565934114,0.0,0,eth,727098.85514486,0.0,0.0,23
1,[],4,[],2019-02-12 02:24:23,384469.92438725,0.00000068,0.000000000024582476000000002,6639056,2019-02-12 02:24:23,btc,0.167991380827035,0.0,0.00000068,btc,155869.54615957,0.02866362,0.1946259591552695,24
1,[],22,[],2019-02-12 02:24:26,11.76,0.00000100,0.0000000000361507,6639057,2019-02-12 02:24:26,BTC,7.415e-05,0.0,0.00000100,BTC,23.919354838709676,0.0,1.176e-05,24
0.0,[],25,[],2019-02-12 02:24:27,0.0,0,0,6639058,2019-02-12 02:24:27,,0.0,0.0,0.0,btc,0.0,0.0,0.0,24
0,[],2,[],2019-01-20 23:25:56,0.0,0,0,6476976,2019-01-20 23:25:56,,0.0,0.0,0,,0.0,0.0,0.0,26
1,[],4,[],2019-02-12 02:24:28,27834518.00952312,0.00000596,0.000000000215458172,6639059,2019-02-12 02:24:28,btc,0.5085039215250944,0.0,0.00000596,btc,49972.29060745,0.0863333,0.4127138507983446,26
1,[],10,[],2019-02-12 02:24:30,730947.4321827,0.00000601,0.00000000021726570700000003,6639060,2019-02-12 02:24:30,btc,25.9157219556166,0.0,0.00000601,btc,13164.47848257,0.0,0.213205382896882,26
1,[],3,[],2019-02-12 02:24:31,5899872.0,0.00000001,0.00000000000036150700000000003,6639061,2019-02-12 02:24:31,btc,2.516858236174345,182093.25,0.00000001,btc,16517554.42586114,0.0,0.058998720000000004,27
1,[],5,[],2019-02-12 02:24:32,1e-08,0.00000001,0.00000000000036150700000000003,6639062,2019-02-12 02:24:32,btc,1.58796742,0.00353361,0.00000001,btc,4.577e-05,0.0,0.11599995,27
1,[],11,[],2019-02-12 02:24:34,10063996.7912115,0.00000005,0.0000000000018075350000000001,6639063,2019-02-12 02:24:34,btc,370.63310344475406,219.9,0.00000005,btc,8170877.7193934005,0.0,0.4661006184459823,27
1,[],4,[],2019-02-12 02:24:35,511102833.9568083,0.00000002,0.0000000000007230140000000001,6639064,2019-02-12 02:24:35,btc,0.23369692734380207,0.0,0.00000002,"btc,ltc",22530004.87069843,0.30376779,7.125170895503936,29
1,[],7,[],2019-02-12 02:24:36,29047464.7279442,0.00000002,0.0000000000007230140000000001,6639065,2019-02-12 02:24:36,btc,44465226.01902033,7938.03668053,0.00000002,btc,52597937.07659874,0.00023814,0.42615133114961934,29
1,[],4,[],2019-02-12 02:24:37,1511328.02981682,0.00000028,0.000000000010122196,6639066,2019-02-12 02:24:37,btc,0.2025002847524611,0.0,0.00000028,btc,436010.19889362,0.00427712,0.1167236856267017,30
0,[],17,[],2019-02-12 02:24:39,0.0,0,0,6639067,2019-02-12 02:24:39,btc,0.0,0.0,0,btc,0.0,0.0,0.0,30
1,[],4,[],2019-02-12 02:24:40,1761594.3721471,0.00006439,0.000000002327743573,6639068,2019-02-12 02:24:40,btc,0.9902638140756257,0.0,0.00006439,btc,12560.45276541,1.20189757,2.5378374338394383,31
1,[],21,[],2019-02-12 02:24:41,61251.00428815,0.00006697999999999999906543507455,0.0000000024213738860000003,6639069,2019-02-12 02:24:41,btc,3.467868804051217,89828.63300378,0.000066979999999999999065435074552254945956519804894924163818359375,btc,47476.39684866,5.81786084,3.658742010582628,31
0,[],2,[],2019-01-20 23:28:43,0.0,0,0,6477009,2019-01-20 23:28:43,,0.0,0.0,0,,0.0,0.0,0.0,32
1,[],4,[],2019-02-12 02:24:42,134673519.50612032,0.00000004,0.0000000000014460280000000001,6639070,2019-02-12 02:24:42,btc,1.6305552050215726,0.0,0.00000004,"btc,ltc",37995460.70190629,0.14130927,1.895552947934005,33
1,[],12,[],2019-02-12 02:24:43,12145502.0,0.00000005,0.0000000000018075350000000001,6639071,2019-02-12 02:24:43,btc,34509098.825875014,0.0,0.00000005,btc,89766547.40959024,0.080236204695304,0.37113755,33
1,[],4,[],2019-02-12 02:24:44,137494527.35715792,0.00000001,0.00000000000036150700000000003,6639072,2019-02-12 02:24:44,btc,0.7547427514611444,0.0,0.00000001,btc,25158091.71537148,3.13656522,1.3749452735715793,34
1,[],5,[],2019-02-12 02:24:45,1e-08,0.00000001,0.00000000000036150700000000003,6639073,2019-02-12 02:24:45,btc,4.92334442,1.27439674,0.00000001,btc,1.394e-05,0.0,0.76261316,34
0.0000000001195678,[],4,[],2019-02-12 02:24:46,573867256.8762395,3.587034e-18,1.2967379002380002e-22,6639074,2019-02-12 02:24:46,ltc,1.0440317694588164e-08,0.0,0.00000003,ltc,1858924599.2306287,0.0,1.0669949303998538e-09,36
1,[],5,[],2019-02-12 02:24:47,0.0,0,0,6639075,2019-02-12 02:24:47,btc,197.38445614,0.0,0,btc,1.325e-05,0.0,0.0,36
0,[],17,[],2019-02-12 02:24:49,0.0,0,0,6639076,2019-02-12 02:24:49,btc,0.14155809864088753,0.0,0,btc,10796613.27743647,0.0,0.0,36
0.0000000001195678,[],27,[],2019-02-12 02:24:51,1000000.0,2.391356e-18,8.644919334920001e-23,6639077,2019-02-12 02:24:51,ltc,240.2503276744,0.0,0.00000002,"ltc,eth",3711879.06,0.0,2.391356e-12,36
1,[],4,[],2019-02-12 01:24:21,271576.62719298,0.00000131,0.000000000047221045999999996,6638825,2019-02-12 01:24:21,btc,0.5393456169600259,0.0,0.00000131,btc,329661.91468205,0.15069228,0.1664289366636681,37
1,[],12,[],2019-02-12 01:24:22,406204.68342153,0.000001309999999999999951307938332589753116508290986530482769012451171875,0.000000000047221045999999996,6638826,2019-02-12 01:24:22,btc,1341.221865541286,0.0,0.000001309999999999999951307938332589753116508290986530482769012451171875,btc,705036.56952297,0.0985423868032187,0.1910035500000078,37
1,[],17,[],2019-02-12 01:24:24,1752.74075282,0.00000025,0.000000000009011649999999999,6638827,2019-02-12 01:24:24,btc,0.055484923977950684,0.0,0.00000025,btc,1387.19918473,0.0,0.00043818518820499993,37
1,[],27,[],2019-02-12 01:24:26,14852.0,0.0000005,0.000000000018023299999999998,6638828,2019-02-12 01:24:26,btc,51.75602025030353,0.0,0.0000005,btc,29579.81438508,0.0,0.00488022,37
1,[],5,[],2019-02-12 02:24:53,1.561e-05,0.00000101,0.000000000036512207,6639078,2019-02-12 02:24:53,btc,0.10100853,0.11077446,0.00000101,btc,9.697e-05,0.0,0.04710014,42
1,[],12,[],2019-02-12 02:24:54,130060.32620101,0.000001129999999999999980629101885287735029805844533257186412811279296875,0.000000000040850291,6639079,2019-02-12 02:24:54,btc,93.3703675660261,0.0,0.000001129999999999999980629101885287735029805844533257186412811279296875,btc,102633.57058698,0.0509904904328206,0.0486635160456078,42
0,[],27,[],2019-02-12 02:24:56,0.0,0,0,6639080,2019-02-12 02:24:56,,0.00315028,0.0,0,"btc,eth",11.007,0.0,0.0,42
1,[],5,[],2019-02-12 01:24:35,6e-08,0.00000003,0.000000000001081398,6638832,2019-02-12 01:24:35,btc,6.25851383,0.00052003,0.00000003,btc,1.425e-05,0.0,0.56206155,43
1,[],12,[],2019-02-12 01:24:35,3951769.0,0.00000002,0.000000000000720932,6638833,2019-02-12 01:24:35,btc,20007457.492634278,0.0,0.00000002,btc,38971028.19920079,2.2e-06,0.039517750000000004,43
0,[],17,[],2019-02-12 01:24:37,0.0,0,0,6638834,2019-02-12 01:24:37,btc,0.0,0.0,0,btc,0.0,0.0,0.0,43
1,[],12,[],2019-02-12 02:24:57,760904.0,0.00000005,0.0000000000018075350000000001,6639081,2019-02-12 02:24:57,btc,11115166.857926598,0.0,0.00000005,btc,1021927.43656342,0.000447462437562,0.021301999999999998,44
1,[],4,[],2019-02-12 02:24:58,225047038.65176275,0.00000002,0.0000000000007230140000000001,6639082,2019-02-12 02:24:58,btc,0.19246707941749142,0.0,0.00000002,"btc,ltc",4668907.18819572,0.00367329,0.42874723099610224,49
0.0000000001195678,[],4,[],2019-02-12 02:24:59,2107101487.1010787,1.195678e-18,4.3224596674600007e-23,6639083,2019-02-12 02:24:59,ltc,4.645173507389022,0.0,0.00000001,ltc,3076520967.7179694,0.0,2.5194148918940436e-09,52
0,[],22,[],2019-02-11 09:44:56,0.0,0,0,6632671,2019-02-11 09:44:56,,3935.19376955,0.0,0,,263411682.90882352,0.0,0.0,57
0,[],27,[],2019-02-11 09:44:58,0.0,0,0,6632672,2019-02-11 09:44:58,,0.0,0.0,0,"btc,eth",0.0,0.0,0.0,57
0.0000000001195678,[],4,[],2019-02-12 02:25:00,1162999273.2143588,5.97839e-18,2.16122983373e-22,6639084,2019-02-12 02:25:00,ltc,3.2794086078520874,0.0,0.00000005,ltc,951560612.9965123,0.0,3.489257849552845e-09,58
1,[],12,[],2019-02-12 02:25:01,1922989759.843957,0.0000000005,0.00000000000001807535,6639085,2019-02-12 02:25:01,btc,224005489869.51254,0.0,0.0000000005,btc,3711259620.0252795,0.01224034335464532,0.6765474756011391,58
0,[],17,[],2019-02-12 02:25:03,0.0,0,0,6639086,2019-02-12 02:25:03,btc,1e+24,0.0,0,btc,41481695.95832568,0.0,0.0,58
0.0000000001292438,[],22,[],2019-02-12 02:25:06,137438.0,1.2924379999999999e-18,4.6722538406600004e-23,6639087,2019-02-12 02:25:06,XMR,69.8835922,0.0,0.00000001,XMR,9887963.0,0.0,0.00137438,58
1,[],5,[],2019-02-12 02:25:08,1.82e-05,0.00000096,0.000000000034704672,6639088,2019-02-12 02:25:08,btc,0.26298747,0.02007712,0.00000096,btc,0.00016265,0.0,0.07380054,61
1,[],22,[],2019-02-12 02:25:11,5149.5,0.00000011,0.000000000003976577,6639089,2019-02-12 02:25:11,BTC,1002.29598212,0.0,0.00000011,BTC,14957.700278135757,0.0,0.00051596,61
1,[],26,[],2019-02-12 02:25:12,0.0,0.00000800,0.0000000002892056,6639090,2019-02-12 02:25:12,btc,0.0,0.0,0.00000800,btc,0.0,0.0,0.0,61
1,[],27,[],2019-02-12 02:25:14,12554.3559,0.00000059,0.000000000021328913,6639091,2019-02-12 02:25:14,btc,10.764413334806674,0.0,0.00000059,"btc,eth",15310.44146575,0.0,0.0013863899827472115,61
1,[],28,[],2019-02-12 02:25:20,19904.304,0.00000101,0.000000000036512207,6639092,2019-02-12 02:25:20,btc,2.056400593700105,847.0,0.00000101,btc,9787.52450005,0.0,0.00994531304,61
1,[],4,[],2019-02-12 02:25:20,734583.82447458,0.00000233,0.000000000084231131,6639093,2019-02-12 02:25:20,btc,1.0703083822453967,0.0,0.00000233,btc,268748.79559703,0.10358826,0.8719731292006059,67
0.0,[],25,[],2019-02-12 02:25:22,0.0,0,0,6639094,2019-02-12 02:25:22,,0.0,0.0,0.0,btc,0.0,0.0,0.0,67
1,[],12,[],2019-02-12 01:25:08,2764393.35959854,0.0000003,0.00000000001081398,6638849,2019-02-12 01:25:08,btc,11115896.092307659,0.0,0.0000003,btc,1641680.47132168,0.0315090322877128,0.1060505955320226,71
,[],5,[],2018-11-20 23:02:39,1.5e-07,0.00000005,0.000000000002128045,4862160,2018-11-20 23:02:39,btc,2.84511358,0.0,,btc,0.00036572,0.0,0.07381892,74
1,[],5,[],2019-01-25 15:53:51,3.303e-05,0.00000156,0.000000000055588884,6499610,2019-01-25 15:53:51,btc,1.42844212,0.0,0.00000156,btc,0.00015937,0.0,0.49487621,75
0,[],20,[],2019-01-25 09:30:31,0.0,0,0,6495923,2019-01-25 09:30:31,btc,0.0,0.0,0,btc,0.0,0.0,0.0,81
1,[],4,[],2019-02-12 02:25:22,42510294.16892337,0.00000001,0.00000000000036150700000000003,6639095,2019-02-12 02:25:22,btc,0.7675351259914514,0.0,0.00000001,btc,14662066.58791845,0.0,0.4251029416892337,81
1,[],4,[],2019-02-12 02:25:25,23862.81162188,0.00007421,0.000000002682743447,6639096,2019-02-12 02:25:25,btc,1.3331722651571856,0.0,0.00007421,btc,11276.44078773,0.01119055,0.0922729600454492,82
1,[],21,[],2019-02-12 02:25:26,65235.26760282,0.00007512999999999999387913229842,0.000000002716002091,6639097,2019-02-12 02:25:26,btc,3.5653665648862907,2370.47632819,0.00007512999999999999387913229842439477579318918287754058837890625,btc,41456.62129527,0.17814803,2.9868926836499785,82
0,[],17,[],2019-02-07 10:02:39,0.0,0,0,6611495,2019-02-07 10:02:39,btc,0.0447233088476774,0.0,0,btc,999127.19588126,0.0,0.0,84
0.0000000001195678,[],4,[],2019-02-12 02:25:26,161223528.7525189,8.369746e-18,3.025721767222e-22,6639098,2019-02-12 02:25:26,ltc,0.19569063265375747,0.0,0.00000007,ltc,91637456.70417795,0.0,7.141375501713657e-10,85
,[],22,[],2018-11-20 23:09:34,3408.1,0.0000001,0.0000000000041895,4862324,2018-11-20 23:09:34,BTC,0.04624735,0.0,,BTC,4990.0,0.0,0.00033081,86
0,[],22,[],2019-02-12 02:25:29,0.0,0,0,6639099,2019-02-12 02:25:29,,2.0760781,0.0,0,,140622.94736842104,0.0,0.0,87
0,[],27,[],2019-02-12 02:25:31,0.0,0,0,6639100,2019-02-12 02:25:31,,0.0,0.0,0,btc,0.0,0.0,0.0,87
,[],2,[],2018-11-20 23:10:47,0.0,0,0,4862359,2018-11-20 23:10:47,,0.0,0.0,,,0.0,0.0,0.0,88
1,[],11,[],2019-02-12 02:25:33,93561.10217675,0.000149099999999999992088273170764978203806094825267791748046875,0.00000000539006937,6639101,2019-02-12 02:25:33,btc,702.2713098612621,257.90121,0.000149099999999999992088273170764978203806094825267791748046875,btc,187311.55359552,0.0,6.117198203200285,89
0,[],2,[],2019-01-20 23:31:45,0.0,0,0,6477083,2019-01-20 23:31:45,,0.0,0.0,0,,0.0,0.0,0.0,91
1,[],12,[],2019-02-12 02:25:34,437807.52262522996,0.000003019999999999999884515121395534009707262157462537288665771484375,0.000000000109175114,6639102,2019-02-12 02:25:34,btc,4.122917460459211,0.0,0.000003019999999999999884515121395534009707262157462537288665771484375,btc,41786.10563099,0.0087392181291391,0.0659153747708574,91
0,[],17,[],2019-02-12 02:25:36,0.0,0,0,6639103,2019-02-12 02:25:36,btc,0.0,0.0,0,btc,0.0,0.0,0.0,91
0.0000000001195678,[],22,[],2019-02-12 02:25:39,23303133.4,5.97839e-18,2.16122983373e-22,6639104,2019-02-12 02:25:39,LTC,8.17576354,0.0,0.00000005,LTC,67492261.1,0.0,0.89647531,95
1,[],4,[],2019-02-12 02:25:40,136080403.02321354,0.00000001,0.00000000000036150700000000003,6639105,2019-02-12 02:25:40,btc,0.9615238386271959,0.0,0.00000001,"btc,ltc",47963376.86370184,0.00518535,0.013491946038839507,96
1,[],12,[],2019-02-12 02:25:41,759823.0,0.00000001,0.00000000000036150700000000003,6639106,2019-02-12 02:25:41,btc,255063.4736351099,0.0,0.00000001,btc,8812348.54676297,0.00030709,0.00759823,96
0,[],17,[],2019-02-12 02:25:42,0.0,0,0,6639107,2019-02-12 02:25:42,btc,0.0,0.0,0,btc,0.0,0.0,0.0,96
1,[],4,[],2019-02-12 01:25:33,1801343.50158337,0.00000034,0.000000000012255844,6638861,2019-02-12 01:25:33,btc,0.215001406314279,0.0,0.00000034,btc,427316.11871757,0.03428504,0.2217197405238562,99
1,[],4,[],2019-02-12 02:25:43,213799.66001885,0.00004072,0.000000001472056504,6639108,2019-02-12 02:25:43,btc,1.6009129057842526,0.0,0.00004072,btc,34127.29341977,0.74043198,1.3263161607157643,100
0,[],2,[],2019-01-20 23:23:55,0.0,0,0,6476914,2019-01-20 23:23:55,,0.0,0.0,0,,0.0,0.0,0.0,100
1,[],22,[],2019-02-12 02:25:46,50000.0,0.00000001,0.00000000000036150700000000003,6639109,2019-02-12 02:25:46,BTC,23.49896609,0.0,0.00000001,BTC,10277.22,0.0,0.0005,101
1,[],4,[],2019-02-12 02:25:47,114866.80749739,0.00000102,0.000000000036873714,6639110,2019-02-12 02:25:47,btc,0.423664417265258,0.0,0.00000102,btc,160186.15851836,0.0057249,0.0648726884090913,103
1,[],12,[],2019-02-12 02:25:49,52099692.4663887,0.000000016,0.0000000000005784112,6639111,2019-02-12 02:25:49,btc,137278903.85268664,0.0,0.000000016,btc,130523052.75690989,0.04246910030769321,0.3003139254622192,105
1,[],27,[],2019-02-12 02:25:51,4209342.89,0.00000001,0.00000000000036150700000000003,6639112,2019-02-12 02:25:51,btc,1.62008275136923,0.0,0.00000001,btc,575169.42860553,0.0,0.0420934289,105
0,[],22,[],2019-02-12 02:25:54,0.0,0,0,6639113,2019-02-12 02:25:54,,51.07253289,0.0,0,,94300.0,0.0,0.0,107
1,[],26,[],2019-02-12 02:25:54,0.0,0.00000000,0,6639114,2019-02-12 02:25:54,btc,0.0,0.0,0.00000000,btc,0.0,0.0,0.0,107
1,[],5,[],2019-02-12 02:25:55,1e-08,0.00000001,0.00000000000036150700000000003,6639115,2019-02-12 02:25:55,btc,2.89713073,3.121e-05,0.00000001,btc,1.571e-05,0.0,0.08744969,112
1,[],22,[],2019-02-12 02:25:59,189099.0,0.00000002,0.0000000000007230140000000001,6639116,2019-02-12 02:25:59,BTC,2.81183288,0.0,0.00000002,BTC,808524.0833333334,0.0,0.00189105,112
0.0000000003314763,[],27,[],2019-02-12 02:26:01,500000.0,3.314763e-18,1.198310027841e-22,6639117,2019-02-12 02:26:01,eth,1.35132491849924,0.0,0.00000001,"btc,eth",1328.641654,0.0,1.6573814999999998e-12,112
1,[],4,[],2019-02-12 02:26:02,470670.47154024,0.00000333,0.000000000120381831,6639118,2019-02-12 02:26:02,btc,0.2355874230837484,0.0,0.00000333,btc,53382.92410854,0.08587147,0.2775426057366655,113
1,[],5,[],2019-02-12 02:26:04,1.232e-05,0.00000320,0.00000000011568224000000001,6639119,2019-02-12 02:26:04,btc,0.88273966,0.0,0.00000320,btc,0.00150955,0.0,0.29770362,113
1,[],17,[],2019-02-12 02:26:06,164238.724,0.00000004,0.0000000000014460280000000001,6639120,2019-02-12 02:26:06,btc,1.3373630274508814,0.000312,0.00000004,btc,60896.221,0.0,0.00266954896,116
0,[],27,[],2019-02-12 02:26:07,0.0,0,0,6639121,2019-02-12 02:26:07,,0.0,0.0,0,btc,0.0,0.0,0.0,116
1,[],4,[],2019-02-12 02:26:08,44875.8243871,0.00002651,0.000000000958355057,6639122,2019-02-12 02:26:08,btc,0.6317580789949498,0.0,0.00002651,btc,20528.44511835,4.4670386,0.9727740840443369,120
1,[],7,[],2019-02-12 02:26:09,6354.48608033,0.0000274199999999999983568525763200085521020810119807720184326171875,0.000000000991252194,6639123,2019-02-12 02:26:09,btc,115647.2926934931,99.14722585,0.0000274199999999999983568525763200085521020810119807720184326171875,btc,29597.71743213,0.00300379,0.0567420541911287,120
1,[],20,[],2019-02-12 02:26:12,1094534.6666,0.000000014,0.0000000000005061098,6639124,2019-02-12 02:26:12,btc,33.8688445501599,0.0,0.000000014,btc,1142782.3764,0.0,0.0052806482171,125
1,[],22,[],2019-02-12 02:26:20,3053.0,0.00000001,0.00000000000036150700000000003,6639125,2019-02-12 02:26:20,BTC,0.01444889,0.0,0.00000001,BTC,296264.5111111111,0.0,3.053e-05,126
1,[],4,[],2019-02-12 02:26:21,161715.00756005,0.00001416,0.000000000511893912,6639126,2019-02-12 02:26:21,btc,0.6401287021737571,0.0,0.00001416,btc,35289.80609891,0.14263602,0.9026711575535897,131
0,[],17,[],2019-02-12 02:26:23,0.0,0,0,6639127,2019-02-12 02:26:23,btc,0.0009561751951600001,0.0,0,btc,35.42829368,0.0,0.0,131
0,[],2,[],2019-01-20 23:25:46,0.0,0,0,6476969,2019-01-20 23:25:46,,0.0,0.0,0,,0.0,0.0,0.0,131
1,[],4,[],2019-02-12 02:26:24,4618.72218179,0.00016014,0.000000005789173098,6639128,2019-02-12 02:26:24,btc,1.6397450704738545,0.0,0.00016014,btc,295.92689166,0.0,0.0082576416574413,135
1,[],3,[],2019-02-12 01:26:24,1881890.97270254,0.00000006,0.0000000000021627959999999997,6638883,2019-02-12 01:26:24,btc,0.12396011445949519,16353.0195714,0.00000006,btc,428123.58715515,0.0,0.0706770282671931,136
1,[],4,[],2019-02-12 02:26:25,65861.15826912,0.00000172,0.000000000062179204,6639129,2019-02-12 02:26:25,btc,0.0524168537637213,0.0,0.00000172,btc,25629.62816374,0.0541047,0.081595865830502,137
1,[],12,[],2019-02-12 02:26:26,307679.9921548,0.000001749999999999999973748754898694723891594549058936536312103271484375,0.00000000006326372500000001,6639130,2019-02-12 02:26:26,btc,11982.945412968038,0.0,0.000001749999999999999973748754898694723891594549058936536312103271484375,btc,157643.40326564,0.005155326941979,0.0464632554024288,137
1,[],4,[],2019-02-12 02:26:27,3192.04937268,0.00005665,0.000000002047937155,6639131,2019-02-12 02:26:27,btc,1.1254755063932067,0.0,0.00005665,btc,15672.14951646,1.2400449,0.1560667858681878,142
1,[],5,[],2019-02-12 02:26:28,0.0018035,0.00005308,0.000000001918879156,6639132,2019-02-12 02:26:28,btc,1.52201109,1.74771391,0.00005308,btc,0.00340424,0.0,1.38685682,142
1,[],17,[],2019-02-12 02:26:30,22967.386363640002,0.00000088,0.000000000031812616,6639133,2019-02-12 02:26:30,btc,20.06991335253908,0.0,0.00000088,btc,2746.079105,0.0,0.0104613000000032,142
1,[],20,[],2019-02-12 02:26:32,139442.1332,0.000050001,0.0000000018075711507,6639134,2019-02-12 02:26:32,btc,0.413281779577,9451.5938,0.000050001,btc,3951.9032,0.7549210403048,0.2837482608233,142
1,[],22,[],2019-02-12 02:26:35,1621.4,0.00001020,0.00000000036873714000000004,6639135,2019-02-12 02:26:35,BTC,3.0087007,0.0,0.00001020,BTC,897.0985020382753,0.0,0.00189903,142
0.0,[],25,[],2019-02-12 02:26:36,0.0,0,0,6639136,2019-02-12 02:26:36,,0.0,0.0,0.0,btc,0.0,0.0,0.0,142
1,[],28,[],2019-02-12 02:26:38,77893.0,0.00004500,0.0000000016267815000000001,6639137,2019-02-12 02:26:38,btc,0.048809112,2688.3746,0.00004500,btc,249.5089,0.0,0.0586872,142
0,[],22,[],2019-02-12 02:26:40,0.0,0,0,6639138,2019-02-12 02:26:40,,67.4684069,0.0,0,,838760972.3,0.0,0.0,143
1,[],21,[],2019-02-12 02:26:41,46747090.58956342,0.00000028,0.000000000010122196,6639139,2019-02-12 02:26:41,btc,39.996810667397845,4823174.68212741,0.00000028,btc,77816835.97350119,1.37976005,8.067550024243094,145
0,[],22,[],2019-02-10 17:04:30,0.0,0,0,6625727,2019-02-10 17:04:30,,4.25427726,0.0,0,,2259598.0,0.0,0.0,146
,[],22,[],2018-11-20 23:01:11,0.0,0,0,4862114,2018-11-20 23:01:11,,2.56807021,0.0,,,61828.4988236,0.0,0.0,147
1,[],12,[],2019-02-12 02:26:42,8680798.71540195,0.00000302999999999999978877139594768408414893201552331447601318359375,0.000000000109536621,6639140,2019-02-12 02:26:42,btc,16.562834496918338,0.0,0.00000302999999999999978877139594768408414893201552331447601318359375,btc,122218.53403049,0.0411239470423974,0.1137615017921389,148
1,[],4,[],2019-02-12 02:26:43,270083.00134037,0.00000043,0.000000000015544801,6639141,2019-02-12 02:26:43,btc,0.7784414708105118,0.0,0.00000043,btc,586500.91941629,0.00048051,0.0641407683317476,152
0,[],22,[],2019-02-12 02:26:46,0.0,0,0,6639142,2019-02-12 02:26:46,,0.0,0.0,0,,0.0,0.0,0.0,152
1,[],5,[],2019-02-12 01:26:59,0.0,0,0,6638898,2019-02-12 01:26:59,btc,4.35601725,0.0,0,btc,0.0021126,0.0,0.0,153
,[],16,[],2019-01-11 15:38:59,0.0,0,0,6366141,2019-01-11 15:38:59,btc,0.0,0.0,,btc,0.0,0.0,0.0,155
0,[],22,[],2019-02-12 02:26:48,0.0,0,0,6639143,2019-02-12 02:26:48,,6.74578916,0.0,0,,4614557.242592593,0.0,0.0,156
0,[],23,[],2019-01-20 23:24:29,0.0,0,0,6476932,2019-01-20 23:24:29,,0.0,0.0,0,,0.0,0.0,0.0,156
1,[],22,[],2019-02-12 02:26:52,7913.8,0.00005300,0.0000000019159871,6639144,2019-02-12 02:26:52,BTC,43.78801181,0.0,0.00005300,BTC,1067.5805334758436,0.0,0.00785176,157
0,[],22,[],2019-02-12 02:26:54,0.0,0,0,6639145,2019-02-12 02:26:54,,50175.67558609,0.0,0,,54029136.04179466,0.0,0.0,158
,[],17,[],2018-11-20 22:56:10,0.0,0,0,4861976,2018-11-20 22:56:10,btc,1.1265625,0.0,,btc,1000.0,0.0,0.0,159
,[],20,[],2018-11-20 22:56:12,0.0,0,0,4861977,2018-11-20 22:56:12,btc,11912.7940471,0.0,,btc,34413894.3617,0.0,0.0,159
1,[],12,[],2019-02-12 01:27:12,185790.51111911,0.0000074200000000000001089232870565837174581247381865978240966796875,0.000000000267465772,6638902,2019-02-12 01:27:12,btc,6.663147546459304,0.0,0.0000074200000000000001089232870565837174581247381865978240966796875,btc,14905.950160460001,0.0055716345,0.08355250949999139,168
1,[],17,[],2019-02-12 01:27:14,29784.95,0.000001,0.000000000036046599999999996,6638903,2019-02-12 01:27:14,btc,0.03026736251542,0.0,0.000001,btc,144.46171372,0.0,0.00716147,168
0,[],22,[],2019-02-12 01:27:18,0.0,0,0,6638904,2019-02-12 01:27:18,,1.14776715,0.0,0,,721548.0900917595,0.0,0.0,169
1,[],22,[],2019-02-12 01:27:22,245000.0,0.00000011,0.000000000003965126,6638905,2019-02-12 01:27:22,BTC,11.33130047,0.0,0.00000011,BTC,133310.79437209707,0.0,0.0224,171
1,[],22,[],2019-02-12 02:26:58,233083.57936507938,0.00000021,0.000000000007591647,6639146,2019-02-12 02:26:58,BTC,2.65517733,0.0,0.00000021,BTC,237879.5006892716,0.0,0.01861125,173
1,[],5,[],2019-02-12 02:26:59,1.848e-05,0.00000312,0.00000000011279018400000001,6639147,2019-02-12 02:26:59,btc,0.32635548,0.02366887,0.00000312,btc,0.00028286,0.0,0.69413161,175
1,[],22,[],2019-02-12 02:27:04,49384.52380952381,0.00000063,0.000000000022774941000000002,6639148,2019-02-12 02:27:04,BTC,0.50042383,0.0,0.00000063,BTC,127686.46882822087,9.9e-06,0.01808058,176
1,[],7,[],2019-02-12 02:27:05,0.0,0,0,6639149,2019-02-12 02:27:05,btc,410974.1987511513,0.0,0,btc,115535570.82091746,0.0,0.0,178
0,[],22,[],2019-02-12 02:27:08,0.0,0,0,6639150,2019-02-12 02:27:08,,1.00242428,0.0,0,,57512.0,0.0,0.0,178
0,[],2,[],2019-01-20 23:28:34,0.0,0,0,6477001,2019-01-20 23:28:34,,0.0,0.0,0,,0.0,0.0,0.0,178
1,[],5,[],2019-02-12 02:27:09,3e-08,0.00000002,0.0000000000007230140000000001,6639151,2019-02-12 02:27:09,btc,26.48383987,0.09823692,0.00000002,btc,2.088e-05,0.0,0.82849059,179
1,[],22,[],2019-02-12 02:27:19,7820284.0,0.00000002,0.0000000000007230140000000001,6639152,2019-02-12 02:27:19,BTC,5.48293504,0.0,0.00000002,"BTC,LTC",17867921.468656633,0.0,0.38366552,179
0,[],23,[],2019-01-20 23:25:08,0.0,0,0,6476952,2019-01-20 23:25:08,,0.0,0.0,0,,0.0,0.0,0.0,179
1,[],17,[],2019-02-12 02:27:20,10504.725,0.0000001,0.0000000000036150700000000003,6639153,2019-02-12 02:27:20,btc,5.206166879878971,0.0,0.0000001,btc,6755.0074587,0.0,0.0010504725,180
1,[],22,[],2019-02-12 02:27:24,17977.158539205157,0.00000098,0.000000000035427686,6639154,2019-02-12 02:27:24,BTC,0.09852595,0.0,0.00000098,"BTC,LTC",18836.625478042326,0.0008422,0.00600381,180
1,[],26,[],2019-02-12 02:27:24,0.0,0.00000200,0.0000000000723014,6639155,2019-02-12 02:27:24,btc,0.0,2372.0,0.00000200,btc,0.0,0.0,0.0,180
,[],7,[],2018-11-20 22:58:01,562227.975654,0.00000085,0.000000000036176765,4862015,2018-11-20 22:58:01,btc,21836.6059674,2491.87645172,,btc,749999.041456,0.00211021,0.127565380455,183
,[],5,[],2019-01-10 08:11:41,0.0,0,0,6347036,2019-01-10 08:11:41,btc,82.15055501,0.00261,,btc,1.19002445,0.0,0.0,187
1,[],24,[],2019-02-12 02:27:25,0.0,0.000000000001,3.61507e-17,6639156,2019-02-12 02:27:25,btc,0.0,0.0,0.000000000001,btc,0.0,0.0,0.0,187
,[],17,[],2018-11-16 20:58:10,4062536.27273,0.00000001,0.000000000000550501,4708775,2018-11-16 20:58:10,btc,3.36492563466,0.195460381006,,"btc,eth",110697919.549,0.0,0.0157628953496,187
0,[],22,[],2019-02-12 01:28:01,0.0,0,0,6638917,2019-02-12 01:28:01,,1.19370255,0.0,0,,14406.10286773884,0.0,0.0,191
0,[],22,[],2019-02-12 01:28:06,0.0,0,0,6638918,2019-02-12 01:28:06,,0.0,0.0,0,,0.0,0.0,0.0,197
0,[],23,[],2019-01-20 23:31:41,0.0,0,0,6477079,2019-01-20 23:31:41,,0.0,0.0,0,,0.0,0.0,0.0,199
1,[],26,[],2019-02-12 02:27:26,0.0,0.00000000,0,6639157,2019-02-12 02:27:26,btc,0.0,766435.0,0.00000000,btc,0.0,0.0,0.0,199
0,[],17,[],2019-01-30 16:32:01,0.0,0,0,6540827,2019-01-30 16:32:01,btc,6.802544163788159,0.0,0,btc,105897.55575295,0.0,0.0,200
0,[],2,[],2019-01-20 23:30:49,0.0,0,0,6477059,2019-01-20 23:30:49,,0.0,0.0,0,,0.0,0.0,0.0,201
1,[],4,[],2019-01-25 15:51:35,2084389.58565343,0.00000936,0.000000000333526752,6499557,2019-01-25 15:51:35,btc,2.0092503037378524,0.0,0.00000936,btc,160195.80207885,0.19272417,1.242687955921835,211
1,[],7,[],2019-02-12 01:28:12,4849809.6870807,0.0000015099999999999999422575606977670048536310787312686443328857421875,0.000000000054430366,6638920,2019-02-12 01:28:12,btc,16567818.377446868,438943.810334,0.0000015099999999999999422575606977670048536310787312686443328857421875,btc,13790027.28649237,0.68297461,3.84561816894917,212
1,[],5,[],2019-02-12 02:29:29,4.21e-06,0.00000033,0.000000000011929731000000001,6639158,2019-02-12 02:29:29,btc,1.19461991,0.14001938,0.00000033,btc,3.136e-05,0.0,0.30620481,213
1,[],24,[],2019-02-12 02:29:29,0.0,0.000000050000,0.0000000000018075350000000001,6639159,2019-02-12 02:29:29,btc,0.0,0.0,0.000000050000,btc,0.0,0.0,0.0,213
1,[],26,[],2019-02-12 02:29:29,0.0,0.00000009,0.0000000000032535630000000002,6639160,2019-02-12 02:29:29,btc,0.0,0.0,0.00000009,btc,0.0,0.0,0.0,213
1,[],12,[],2019-01-25 02:44:32,207462.42853209,0.000001080000000000000035831255497387193287295303889550268650054931640625,0.000000000038610756000000006,6493050,2019-01-25 02:44:32,btc,85023.03793723314,0.0,0.000001080000000000000035831255497387193287295303889550268650054931640625,btc,43675.73520027,0.000146250909087,0.0348620860622024,213
1,[],22,[],2019-02-12 02:29:33,157299.0,0.00000002,0.0000000000007230140000000001,6639161,2019-02-12 02:29:33,BTC,2.19498618,0.0,0.00000002,BTC,188021.63137942314,0.00227762,0.00233198,216
1,[],27,[],2019-02-12 02:29:36,5081157.5555,0.00000004,0.0000000000014460280000000001,6639162,2019-02-12 02:29:36,btc,391.91107336756,0.0,0.00000004,"btc,ltc",274171.569,0.0,0.05225726222,216
1,[],22,[],2019-02-12 02:29:39,303131.8247499803,0.00000209,0.000000000075554963,6639163,2019-02-12 02:29:39,BTC,12677.00398768,0.0,0.00000209,BTC,395623.94122941507,0.02034824,0.43067287,217
1,[],7,[],2019-02-12 02:29:40,0.0,0,0,6639164,2019-02-12 02:29:40,btc,77970.05582791512,0.0,0,btc,137091858.32140028,0.0,0.0,219
0,[],27,[],2019-02-12 02:29:44,0.0,0,0,6639165,2019-02-12 02:29:44,,5.3418937883169715,0.0,0,btc,1605140.99226592,0.0,0.0,219
0.0000000000000053,[],28,[],2019-02-12 02:29:50,203064785.715,6.8905300000000004e-18,2.49097482871e-22,6639166,2019-02-12 02:29:50,doge,88584.47496696751,14188.0,0.00130010,"btc,doge",4974548.69631,0.0,1.8515530919815774e-11,219
1,[],22,[],2019-02-12 02:29:54,226088.57777777777,0.00000100,0.0000000000361507,6639167,2019-02-12 02:29:54,BTC,3.02959892,0.0,0.00000100,BTC,76211.14955994174,0.06172071,0.0407109,221
1,[],24,[],2019-02-12 02:29:54,0.0,0.000000610000,0.000000000022051927000000002,6639168,2019-02-12 02:29:54,btc,0.0,0.0,0.000000610000,btc,0.0,0.0,0.0,221
1,[],20,[],2019-02-12 02:29:56,52202920.2575,0.000000003,0.00000000000010845210000000001,6639169,2019-02-12 02:29:56,btc,49.918571430055,523024.2584,0.000000003,btc,10039345.7251,0.0015690727752,0.0547525771171,224
0,[],22,[],2019-02-12 02:29:59,0.0,0,0,6639170,2019-02-12 02:29:59,,0.0,0.0,0,,0.0,0.0,0.0,224
1,[],26,[],2019-02-12 02:29:59,0.0,0.00000045,0.000000000016267815,6639171,2019-02-12 02:29:59,btc,0.0,0.0,0.00000045,btc,0.0,0.0,0.0,231
1,[],26,[],2019-02-12 02:29:59,0.0,0.00000004,0.0000000000014460280000000001,6639172,2019-02-12 02:29:59,btc,0.0,0.0,0.00000004,btc,0.0,0.0,0.0,234
0,[],27,[],2019-02-12 02:30:02,0.0,0,0,6639173,2019-02-12 02:30:02,,0.0113483662182,0.0,0,"btc,eth",11462.99618,0.0,0.0,234
0,[],22,[],2019-02-12 02:30:06,0.0,0,0,6639174,2019-02-12 02:30:06,,3.0822287,0.0,0,,103833019.06349206,0.0,0.0,235
1,[],4,[],2019-02-12 02:30:07,1292786.31395776,0.00000079,0.000000000028559053000000002,6639175,2019-02-12 02:30:07,btc,0.3755953522643264,0.0,0.00000079,btc,252723.97094632,0.18849109,0.364057789571693,236
1,[],24,[],2019-02-12 02:30:08,0.0,0.000000020000,0.0000000000007230140000000001,6639176,2019-02-12 02:30:08,btc,0.0,0.0,0.000000020000,btc,0.0,0.0,0.0,236
1,[],20,[],2019-02-12 02:30:10,67438887.9772,0.000000068,0.0000000000024582476,6639177,2019-02-12 02:30:10,btc,14.8414103793611,20296744.3081,0.000000068,btc,30411298.9793,1.3600808863541,0.5022842516383,237
0.0000000001195678,[],22,[],2019-02-12 02:30:13,14400.0,1.195678e-17,4.32245966746e-22,6639178,2019-02-12 02:30:13,LTC,0.04083605,0.0,0.0000001,LTC,4179.0,0.0,0.00144,237
1,[],4,[],2019-02-12 02:30:14,4904470.06187896,0.00000033,0.000000000011929731000000001,6639179,2019-02-12 02:30:14,btc,0.6025698447761123,0.0,0.00000033,btc,1575904.18470433,0.50193673,1.5066973220172506,238
1,[],5,[],2019-02-12 02:30:15,4.25e-06,0.00000033,0.000000000011929731000000001,6639180,2019-02-12 02:30:15,btc,0.73282642,0.00077101,0.00000033,btc,2.957e-05,0.0,0.26590861,238
0,[],22,[],2019-02-12 02:30:20,0.0,0,0,6639181,2019-02-12 02:30:20,,15.41678688,0.0,0,,370860.0639027493,0.0,0.0,249
0.0000000001195678,[],22,[],2019-02-12 02:30:23,7124354.333333333,3.587034e-18,1.2967379002380002e-22,6639182,2019-02-12 02:30:23,LTC,0.36811719,0.0,0.00000003,LTC,11588757.09,0.0,0.21273365,252
1,[],28,[],2019-02-12 02:30:28,3479213.286,0.00000013,0.000000000004699591,6639183,2019-02-12 02:30:28,btc,164693.50960716058,40565.6,0.00000013,btc,596326.7599,0.0,0.2108710963,256
1,[],22,[],2019-02-12 02:30:32,1252602.0,0.00000002,0.0000000000007230140000000001,6639184,2019-02-12 02:30:32,BTC,30.20524227,0.0,0.00000002,BTC,445890.0289327789,2.05e-06,0.02390602,258
1,[],22,[],2019-01-26 20:58:41,368451.0,0.00000001,0.000000000000356135,6510120,2019-01-26 20:58:41,BTC,2.642917,0.0,0.00000001,"BTC,LTC",1862.0,0.0,0.02488451,259
1,[],22,[],2019-02-12 02:30:36,15125.840199750312,0.00000801,0.00000000028956710700000003,6639185,2019-02-12 02:30:36,BTC,1293.03058048,0.0,0.00000801,"BTC,LTC",6787.873209878032,0.11041743,0.04429234,262
1,[],5,[],2019-02-12 02:30:38,7.54e-05,0.00000272,0.00000000009832990400000001,6639186,2019-02-12 02:30:38,btc,1.83520874,0.26471421,0.00000272,btc,0.00057676,0.0,0.23243193,264
1,[],20,[],2019-02-12 02:30:40,1264323.292,0.000001511,0.000000000054623707700000006,6639187,2019-02-12 02:30:40,btc,4.957126547407,47867.8757,0.000001511,btc,94209.9065,0.1339674558134,0.020507588253,264
1,[],22,[],2019-02-12 02:30:46,95356.5,0.00000002,0.0000000000007230140000000001,6639188,2019-02-12 02:30:46,BTC,9.07980096,0.0,0.00000002,BTC,228209.31707431233,0.0,0.0014095,271
0,[],22,[],2019-02-12 02:30:53,0.0,0,0,6639189,2019-02-12 02:30:53,,384.77798703,0.0,0,,15106717515.9,0.0,0.0,272
0.0000000000000053,[],28,[],2019-02-12 02:30:57,171567505800.097,4.3460000000000005e-21,1.571109422e-25,6639190,2019-02-12 02:30:57,doge,374550711.3321324,27401136415.607,0.00000082,doge,222054833555.72058,0.0,4.2309041840483915e-10,272
1,[],22,[],2019-02-12 02:31:03,11605.4,0.00001530,0.0000000005531057100000001,6639191,2019-02-12 02:31:03,BTC,74.070592,0.0,0.00001530,"BTC,LTC",1388.0826333333334,0.011438,0.01747442,281
