pairValue,buyBook,exchangeId,sellBook,updated,buyTotal,satoshiPrice,usdPrice,exchangeLogId,created,bestPair,sellTotalBtc,volume,pairPrice,activePairs,sellTotal,volumeBtc,buyTotalBtc,coinId
1,[],3,[],2019-07-29 09:45:19,32166.94096634135,0.0081000399999999993239097051400676718913018703460693359375,0.00000076923649868,7851095,2019-07-29 09:45:19,btc,9.133452904364157,79.191917509,0.0081000399999999993239097051400676718913018703460693359375,btc,22.943757315752002,0.0,0.24470874086442815,1
1,[],4,[],2019-07-29 09:45:20,25385.26717946,0.00834401,0.0000007924055976700001,7851096,2019-07-29 09:45:20,btc,11.017458975023397,0.0,0.00834401,btc,428.86331565,0.37316943,1.1324901042568543,1
1,[],12,[],2019-07-29 09:45:25,94.09923957,0.0083499999999999997835065101980944746173918247222900390625,0.00000079297445,7851097,2019-07-29 09:45:25,btc,0.2924456901783,0.0,0.0083499999999999997835065101980944746173918247222900390625,btc,27.13660776,0.846820492782,0.1932321338179,1
1,[],20,[],2019-07-29 09:45:27,932.7215,0.00781002,0.00000074169416934,7851098,2019-07-29 09:45:27,btc,0.2322360253377,1.389,0.00781002,btc,19.6264,0.0118628175669,0.1339999519231,1
1,[],21,[],2019-07-29 09:45:28,2278.20608944,0.008307679999999999578830234270,0.00000078895544656,7851099,2019-07-29 09:45:28,btc,13.394833740950322,740.1701802700001,0.00830767999999999957883023427029911545105278491973876953125,"btc,eth",1963.27522834,5.934327192962937,15.557600063230584,1
1,[],22,[],2019-07-29 09:45:31,1.1199,0.00200000,0.000000189934,7851100,2019-07-29 09:45:31,BTC,0.01700334,0.0,0.00200000,BTC,0.28367064174998,0.0,0.00197189,1
1,[],24,[],2019-07-29 09:45:32,0.0,0.000000000000,0,7851101,2019-07-29 09:45:32,btc,0.0,0.0,0.000000000000,btc,0.0,0.0,0.0,1
0.0,[],25,[],2019-07-29 09:45:33,0.0,0,0,7851102,2019-07-29 09:45:33,btc,30.2093999990916,1704.52286592,0.0,btc,3537.30375365,14.51,0.0,1
1,[],26,[],2019-07-29 09:45:35,0.0,0,0,7851103,2019-07-29 09:45:35,,0.0,0.0,0,,0.0,0.0,0.0,1
1,[],28,[],2019-07-29 09:45:50,1059.021,0.008160000000,0.00000077493072,7851104,2019-07-29 09:45:50,btc,0.369430365,2618.004,0.008160000000,btc,22.3803,0.0,0.421330036,1
1,[],10,[],2019-07-13 08:58:05,251434.9725798,0.00271069,0.00000031407274150500003,7812232,2019-07-13 08:58:05,btc,6515.317158446701,1686.04548878,0.00271069,btc,2002.66956917,0.0,1.2639712180673435,1
1,[],5,[],2019-07-06 00:27:44,0.0,0,0,7800775,2019-07-06 00:27:44,btc,0.0,0.00190933,0,btc,0.0,0.0,0.0,1
0,[],2,[],2019-01-20 23:28:45,0.0,0,0,6477011,2019-01-20 23:28:45,,0.0,0.0,0,,0.0,0.0,0.0,1
1,[],22,[],2019-07-29 09:45:54,11550.3,0.0000002,0.000000000018993400000000002,7851105,2019-07-29 09:45:54,BTC,21.00878619,0.0,0.0000002,"BTC,XMR",19931.59287795317,0.0,0.00143681,2
1,[],5,[],2019-07-06 00:28:14,0.0,0,0,7800785,2019-07-06 00:28:14,btc,0.0,0.00208797,0,btc,0.0,0.0,0.0,2
1,[],12,[],2019-07-29 09:45:56,4873900.9798906,0.000000067,0.000000000006362789000000001,7851106,2019-07-29 09:45:56,btc,42912.81935348906,0.0,0.000000067,btc,7072801.19358794,0.026419822735,0.240992640578736,3
0,[],28,[],2019-07-29 09:45:57,0.0,0,0,7851107,2019-07-29 09:45:57,,0.0,0.0,0,,0.0,0.0,0.0,3
1,[],5,[],2019-06-03 14:48:58,0.0,0,0,7731126,2019-06-03 14:48:58,btc,0.0,0.05905545,0,btc,0.0,0.0,0.0,3
0,[],2,[],2019-01-20 23:31:32,0.0,0,0,6477077,2019-01-20 23:31:32,,0.0,0.0,0,,0.0,0.0,0.0,4
1,[],4,[],2019-07-23 19:39:19,5194762.69889617,0.00000005,0.00000000000508272,7830176,2019-07-23 19:39:19,btc,51.370046856622295,0.0,0.00000005,btc,1310172.08039262,0.0,0.0608782288383904,4
0,[],12,[],2019-07-10 21:32:46,0.0,0,0,7800866,2019-07-10 21:32:46,btc,641.7517620215584,0.0,0,btc,1208658.0779220702,0.0,0.0,5
0,[],2,[],2019-01-20 23:31:51,0.0,0,0,6477087,2019-01-20 23:31:51,,0.0,0.0,0,,0.0,0.0,0.0,6
1,[],11,[],2019-07-29 09:45:59,5642836.0,0.00000001,0.0000000000009496700000000001,7851108,2019-07-29 09:45:59,btc,9583.518659274243,166666.666667,0.00000001,btc,78068051.40388086,0.0,0.056428360000000004,6
1,[],3,[],2019-07-29 09:45:59,12096.00935361811,0.000050640000000000003044751950564972275969921611249446868896484375,0.000000004809128880000001,7851109,2019-07-29 09:45:59,btc,1026.3134711572711,18380.5365145,0.000050640000000000003044751950564972275969921611249446868896484375,btc,465.234410938193,0.0,0.02034037303883435,7
1,[],4,[],2019-07-29 09:46:01,321379.3716976,0.00009290,0.0000000088224343,7851110,2019-07-29 09:46:01,btc,13.932662828359486,0.0,0.00009290,btc,82574.63391657,1.6280605,3.782644181127495,7
1,[],5,[],2019-07-06 00:28:21,0.0,0,0,7800789,2019-07-06 00:28:21,btc,0.0,0.38662001,0,btc,0.0,0.0,0.0,7
1,[],20,[],2019-04-07 22:06:50,3201475.0482,0.000000001,0.000000000000051590000000000004,7213932,2019-04-07 22:06:50,btc,30.8005781811902,0.0,0.000000001,btc,23077405.3926,0.0,0.0032014750482,8
1,[],4,[],2019-02-17 11:22:43,4341674.27126056,0.00000002,0.0000000000007272960000000001,6696112,2019-02-17 11:22:43,btc,0.1997230937751353,0.0,0.00000002,btc,4109766.79808031,0.00215132,0.0479381022052112,10
1,[],5,[],2019-07-05 17:50:59,0.0,0,0,7799863,2019-07-05 17:50:59,btc,0.0,0.04857279,0,btc,0.0,0.0,0.0,12
0,[],2,[],2019-01-20 23:23:08,0.0,0,0,6476890,2019-01-20 23:23:08,,0.0,0.0,0,,0.0,0.0,0.0,12
1,[],4,[],2019-07-29 09:46:02,26670157.37284479,0.00000026,0.000000000024691420000000003,7851111,2019-07-29 09:46:02,btc,5.843724143301439,0.0,0.00000026,btc,11353077.28453747,0.68432649,2.4144232840866477,12
0.0,[],25,[],2019-07-29 09:46:04,0.0,0,0,7851112,2019-07-29 09:46:04,,0.0,0.0,0.0,btc,0.0,0.0,0.0,12
1,[],4,[],2019-07-29 09:46:05,702782.67270331,0.00000283,0.00000000026875661,7851113,2019-07-29 09:46:05,btc,2.468012068577392,0.0,0.00000283,btc,459006.70515884,1.13849993,0.7101928306991345,13
1,[],10,[],2019-07-29 09:46:07,686419.99290517,0.00000272,0.00000000025831024,7851114,2019-07-29 09:46:07,btc,666798.145310286,8152.70609377,0.00000272,btc,1090781.99709339,0.0,0.1541731282192266,13
1,[],21,[],2019-07-29 09:46:09,1808760.13470932,0.000002780000000000000064782164008,0.00000000026400826000000006,7851115,2019-07-29 09:46:09,btc,3.692774487130525,417634.04531065,0.00000278000000000000006478216400818137543637931230477988719940185546875,btc,944417.34811774,1.18282111,3.424748068153288,13
1,[],4,[],2019-07-29 09:46:09,1389337.68453907,0.00000112,0.00000000010636304,7851116,2019-07-29 09:46:09,btc,1691.3961787477328,0.0,0.00000112,btc,1007432.0258005,0.68906282,0.3954189272136475,14
1,[],12,[],2019-07-29 09:46:10,229814.46434294,0.000001219999999999999965968520108938744073157067759893834590911865234375,0.00000000011585974,7851117,2019-07-29 09:46:10,btc,189.84597546102364,0.0,0.000001219999999999999965968520108938744073157067759893834590911865234375,btc,21589.07809555,0.007311072702,0.023296799999958002,14
1,[],26,[],2019-07-29 09:48:10,0.0,0.00000050,0.000000000047483500000000005,7851118,2019-07-29 09:48:10,btc,0.0,0.0,0.00000050,btc,0.0,0.0,0.0,14
0,[],17,[],2019-05-03 00:53:32,0.0,0,0,7558876,2019-05-03 00:53:32,btc,0.0,0.0,0,btc,0.0,0.0,0.0,14
0,[],4,[],2019-07-29 09:48:11,0.0,0,0,7851119,2019-07-29 09:48:11,,0.0,0.0,0,,0.0,0.0,0.0,15
,[],12,[],2018-12-01 15:15:48,204241.84496,0.00000489,0.000000000202473384,5260204,2018-12-01 15:15:48,btc,49.5475654835,0.0,,btc,35763.2193806,0.0163153972027625,0.0203389899998,15
0,[],2,[],2019-01-20 23:23:38,0.0,0,0,6476906,2019-01-20 23:23:38,,0.0,0.0,0,,0.0,0.0,0.0,18
1,[],4,[],2019-07-29 09:48:12,41774.86242558,0.00000807,0.0000000007663836900000001,7851120,2019-07-29 09:48:12,btc,2.516890531789489,0.0,0.00000807,btc,21700.06432176,0.02014929,0.1027542531206918,18
1,[],10,[],2019-07-29 09:48:14,389396.07238435,0.00000728,0.00000000069135976,7851121,2019-07-29 09:48:14,btc,15.258642458663674,2170.96812051,0.00000728,btc,25196.44274951,0.0,0.2021463275178194,18
1,[],12,[],2019-07-29 09:48:15,5575.55833139,0.00000800999999999999954224116915924014392658136785030364990234375,0.00000000076068567,7851122,2019-07-29 09:48:15,btc,0.5669367737622966,0.0,0.00000800999999999999954224116915924014392658136785030364990234375,btc,1904.4015595,0.000863537672,0.0182074687201115,18
0,[],17,[],2019-05-03 00:53:39,0.0,0,0,7558882,2019-05-03 00:53:39,btc,0.0,0.0,0,btc,0.0,0.0,0.0,18
1,[],3,[],2019-07-29 09:50:15,194349.61693115818,0.00000925999999999999943273674973820419609182863496243953704833984375,0.00000000087939442,7851123,2019-07-29 09:50:15,btc,190.28408322681662,32677.6186088,0.00000925999999999999943273674973820419609182863496243953704833984375,btc,18572.697362991817,0.0,0.326657092425805,19
1,[],4,[],2019-07-29 09:50:16,203968.1876142,0.00000995,0.0000000009449216500000002,7851124,2019-07-29 09:50:16,btc,5.294945316536144,0.0,0.00000995,btc,210745.38204646,3.00009238,1.025895622195382,19
1,[],12,[],2019-07-29 09:50:18,119559.72907964,0.000009500000000000000523019128007007338965195231139659881591796875,0.0000000009021865000000001,7851125,2019-07-29 09:50:18,btc,1.7942342689737505,0.0,0.000009500000000000000523019128007007338965195231139659881591796875,btc,3510.3766449,0.002496977629,0.024497570838648702,19
0,[],27,[],2019-07-29 09:50:23,0.0,0,0,7851126,2019-07-29 09:50:23,,0.0,0.0,0,btc,0.0,0.0,0.0,19
0,[],2,[],2019-01-20 23:24:19,0.0,0,0,6476924,2019-01-20 23:24:19,,0.0,0.0,0,,0.0,0.0,0.0,19
1,[],5,[],2019-07-06 02:01:19,0.0,0,0,7800799,2019-07-06 02:01:19,btc,0.0,0.0,0,btc,0.0,0.0,0.0,19
1,[],4,[],2019-07-29 09:50:23,10402014.48900169,0.00000006,0.00000000000569802,7851127,2019-07-29 09:50:23,btc,5.056609164663146,0.0,0.00000006,btc,2221435.75260289,0.00340948,0.1220150380740176,20
0,[],4,[],2019-07-29 09:50:24,0.0,0,0,7851128,2019-07-29 09:50:24,,67393.84019460763,0.0,0,,168041560.40276924,0.01380019,0.0,21
0,[],12,[],2019-07-29 09:50:26,0.0,0,0,7851129,2019-07-29 09:50:26,btc,2617.906937018282,0.0,0,btc,10249937.62637358,0.013678951049,0.0,21
0,[],17,[],2019-05-03 00:53:51,0.0,0,0,7558891,2019-05-03 00:53:51,btc,0.0,0.0,0,btc,0.0,0.0,0.0,21
1,[],12,[],2019-07-29 09:52:27,4552168868.156245,0.000000005,0.0000000000004748350000000001,7851130,2019-07-29 09:52:27,btc,1437886092076.2578,0.0,0.000000005,btc,1339551546.2927072,5.354674456296,4.960907432988017,23
0.0000000002206426,[],27,[],2019-07-29 09:52:33,75594202.5,6.3986354e-17,6.076592080318e-21,7851131,2019-07-29 09:52:33,eth,1258.5335495332222,4076538.67232767,0.00000029,eth,2507801.66147653,8.99458091149342e-10,1.8120937736450908e-09,23
1,[],4,[],2019-07-29 09:52:34,6003095.03483379,0.00000046,0.00000000004368482,7851132,2019-07-29 09:52:34,btc,12.73419684670967,0.0,0.00000046,btc,1746856.63933461,0.12387638,0.1315177059536261,24
0,[],22,[],2019-07-29 09:52:37,0.0,0,0,7851133,2019-07-29 09:52:37,,0.0,0.0,0,,0.0,0.0,0.0,24
0.0,[],25,[],2019-07-29 09:52:39,0.0,0,0,7851134,2019-07-29 09:52:39,,0.0,0.0,0.0,btc,0.0,0.0,0.0,24
1,[],4,[],2019-07-29 09:52:39,26960482.46415673,0.00000421,0.00000000039981107000000005,7851135,2019-07-29 09:52:39,btc,13.664457128175288,0.0,0.00000421,btc,231679.0244751,0.34244806,0.4616122758729381,26
1,[],10,[],2019-07-29 09:52:42,229082.29590002,0.00000431,0.00000000040930777000000005,7851136,2019-07-29 09:52:42,btc,25.761617448748098,6757.40848979,0.00000431,btc,18658.09423512,0.0,0.0536369839845477,26
0,[],2,[],2019-01-20 23:25:56,0.0,0,0,6476976,2019-01-20 23:25:56,,0.0,0.0,0,,0.0,0.0,0.0,26
1,[],5,[],2019-04-26 09:47:06,0.0,0,0,7465326,2019-04-26 09:47:06,btc,0.0,0.0,0,btc,0.0,0.0,0.0,27
1,[],3,[],2019-06-17 14:30:26,13571825.64059417,0.00000001,0.00000000000092914,7740112,2019-06-17 14:30:26,btc,3.485049956644059,4264730.43754,0.00000001,btc,23500048.28518193,0.0,0.1357182564059417,27
1,[],11,[],2019-07-15 06:07:59,993045.80216525,0.00000001,0.000000000001021634,7819506,2019-07-15 06:07:59,btc,67502.92060589766,178.77941309,0.00000001,btc,6487362.95640949,0.0,0.0099304580216525,27
0.00000000009369250000000001,[],4,[],2019-07-29 09:52:42,496760272.3099263,8.3386325e-17,7.918949126275002e-21,7851137,2019-07-29 09:52:42,ltc,11.752687785053272,0.0,0.00000089,ltc,819172138.9892176,0.00816647,1.212945862258966e-08,29
1,[],7,[],2019-07-29 09:52:43,0.0,0,0,7851138,2019-07-29 09:52:43,btc,1236880.8270962802,4492.5074925,0,btc,38238144.64381175,4.493e-05,0.0,29
1,[],4,[],2019-07-29 09:52:44,15651149.69902952,0.00000009,0.00000000000854703,7851139,2019-07-29 09:52:44,btc,2.5133345250968397,0.0,0.00000009,btc,2068074.81732937,0.017893,0.1902402861328899,30
0,[],17,[],2019-05-03 01:11:25,0.0,0,0,7559066,2019-05-03 01:11:25,btc,0.0,0.0,0,btc,0.0,0.0,0.0,30
1,[],4,[],2019-07-29 09:54:46,215804.31949963,0.00003491,0.00000000331529797,7851140,2019-07-29 09:54:46,btc,5.143686002411235,0.0,0.00003491,btc,72404.65071207,0.96161291,0.9345913653076474,31
1,[],21,[],2019-07-29 09:54:47,71942.99093497,0.00003440000000000000267849978308,0.0000000032668648000000007,7851141,2019-07-29 09:54:47,btc,5.303780257892348,106192.73228914,0.0000344000000000000026784997830819889941267319954931735992431640625,btc,118849.07172694,3.65336615,1.938327813496248,31
0,[],2,[],2019-01-20 23:28:43,0.0,0,0,6477009,2019-01-20 23:28:43,,0.0,0.0,0,,0.0,0.0,0.0,32
0,[],4,[],2019-07-29 09:54:48,0.0,0,0,7851142,2019-07-29 09:54:48,,0.0,0.0,0,,0.0,0.0,0.0,33
1,[],12,[],2019-03-30 07:55:10,40641173.964,0.00000003,0.000000000001228359,7108785,2019-03-30 07:55:10,btc,4233210.82356125,0.0,0.00000003,btc,28378394.68333462,0.0126927883965248,0.90752895892,33
0.00000000009369250000000001,[],4,[],2019-07-29 09:54:50,25424044.14392303,3.185545e-17,3.0252165201500007e-21,7851143,2019-07-29 09:54:50,ltc,5.431915735179815,0.0,0.00000034,ltc,170495400.7144697,0.0,2.1182720373680914e-10,34
1,[],5,[],2019-07-06 02:03:46,0.0,0,0,7800811,2019-07-06 02:03:46,btc,0.0,0.0,0,btc,0.0,0.0,0.0,34
0,[],4,[],2019-07-11 00:07:02,0.0,0,0,7801420,2019-07-11 00:07:02,,3.68295914902898e-08,0.0,0,,6667385825.224262,0.0,0.0,36
0.0000000002385992,[],27,[],2019-07-11 00:09:09,11642390.307056,6.9193768e-17,8.4302504017872e-21,7801421,2019-07-11 00:09:09,eth,1120.18186,0.0,0.00000029,"ltc,eth",2270631.0,0.0,1.3601704595377105e-10,36
0.0000000002926451,[],17,[],2019-05-02 18:17:47,200000.0,2.9264510000000002e-18,1.596703856561e-22,7556430,2019-05-02 18:17:47,eth,0.20942468735267253,0.0,0.00000001,"btc,eth",1018272.20243647,0.0,5.852902e-13,36
1,[],5,[],2019-05-31 13:28:21,0.0,0,0,7717484,2019-05-31 13:28:21,btc,0.0,0.0,0,btc,0.0,0.0,0.0,36
1,[],4,[],2019-07-29 09:54:52,12828877.42277729,0.00000013,0.000000000012345710000000002,7851144,2019-07-29 09:54:52,btc,19772.586937033368,0.0,0.00000013,btc,1003868.31275557,0.08901259,0.2881974850203727,37
1,[],12,[],2019-07-29 09:54:53,9541666.27816625,0.00000013,0.000000000012345710000000002,7851145,2019-07-29 09:54:53,btc,1675.2469365687327,0.0,0.00000013,btc,2651491.68510047,0.159618354937,0.2650851476923044,37
1,[],27,[],2019-07-29 09:56:57,10792.0,0.00000019,0.00000000001804373,7851146,2019-07-29 09:56:57,btc,22.62000024371233,0.0,0.00000019,btc,4248.824835,0.0,0.00164037,37
1,[],17,[],2019-05-03 01:11:36,211752.74075282,0.00000025,0.000000000013700074999999998,7559074,2019-05-03 01:11:36,btc,0.055484923955058496,0.0,0.00000025,"btc,eth",1387.19918473,0.0,0.0005381851887916605,37
1,[],12,[],2019-07-29 09:56:59,206471.39607493,0.00000146999999999999990171598886201653755279039614833891391754150390625,0.00000000013960149,7851147,2019-07-29 09:56:59,btc,607.9777070016319,0.0,0.00000146999999999999990171598886201653755279039614833891391754150390625,btc,183170.63227884,0.110170917338,0.0542822304175941,42
0.0000000002206426,[],27,[],2019-07-29 09:57:05,3000.0,2.206426e-17,2.0953765794200002e-21,7851148,2019-07-29 09:57:05,eth,0.001005,0.0,0.0000001,"btc,eth",3.0,0.0,6.619278e-14,42
1,[],5,[],2019-07-06 02:03:47,0.0,0,0,7800812,2019-07-06 02:03:47,btc,0.0,0.14382058,0,btc,0.0,0.0,0.0,42
1,[],12,[],2019-03-13 09:13:29,1112112.0,0.00000001,0.000000000000386531,6919902,2019-03-13 09:13:29,btc,29058.00478931866,0.0,0.00000001,btc,5967681.93306694,9.99000999e-07,0.01112112,43
1,[],5,[],2019-04-26 22:38:52,0.0,0,0,7474154,2019-04-26 22:38:52,btc,0.0,0.02638891,0,btc,0.0,0.0,0.0,43
0,[],17,[],2019-04-26 22:38:53,0.0,0,0,7474155,2019-04-26 22:38:53,btc,0.0,0.0,0,btc,0.0,0.0,0.0,43
1,[],12,[],2019-03-05 01:54:08,639326.02,0.00000004,0.000000000001486676,6845775,2019-03-05 01:54:08,btc,11116042.728239931,0.0,0.00000004,btc,1103841.4595604,0.0003330765234764,0.014975410599999999,44
0.00000000009369250000000001,[],4,[],2019-07-29 09:57:05,107559491.20860726,2.9981600000000004e-17,2.8472626072000006e-21,7851149,2019-07-29 09:57:05,ltc,4276.720686303981,0.0,0.00000032,ltc,28571801.18045352,0.0031393,4.798227297819372e-10,49
0.0000000000938007,[],4,[],2019-07-29 09:29:39,307636493.68495464,2.5326189000000004e-17,2.4210519722172003e-21,7851036,2019-07-29 09:29:39,ltc,29941.044851287905,0.0,0.00000027,ltc,214341300.09250987,0.0,1.65024537839453e-09,52
0,[],22,[],2019-07-29 09:57:08,0.0,0,0,7851150,2019-07-29 09:57:08,,10289.74058841,0.0,0,,278058119.4566013,0.0,0.0,57
0,[],27,[],2019-07-29 09:57:16,0.0,0,0,7851151,2019-07-29 09:57:16,,0.0,0.0,0,"btc,eth",0.0,0.0,0.0,57
0.00000000009369250000000001,[],4,[],2019-07-29 09:57:17,711407218.4190946,9.369250000000001e-19,8.897695647500002e-23,7851152,2019-07-29 09:57:17,ltc,19.71041577144984,0.0,0.00000001,ltc,5441265878.16911,0.0,6.665352081173103e-10,58
1,[],12,[],2019-07-29 09:57:18,1311391626.2145119,0.0000000001,0.000000000000009496700000000001,7851153,2019-07-29 09:57:18,btc,69205030.71189295,0.0,0.0000000001,btc,4263393344.5684676,0.005197667001,0.1311391626214512,58
0.0000000000828309,[],22,[],2019-07-29 09:59:22,126877.0,8.28309e-19,7.866202080300001e-23,7851154,2019-07-29 09:59:22,XMR,68.17454206,0.0,0.00000001,XMR,9626402.6,0.0,0.00126877,58
1,[],17,[],2019-05-03 01:12:09,1200000.0,0.0000000001,0.00000000000000548003,7559085,2019-05-03 01:12:09,btc,1e+24,0.0,0.0000000001,"btc,eth",39516342.31952568,0.0,0.00010000000058666061,58
0,[],22,[],2019-07-29 09:59:25,0.0,0,0,7851155,2019-07-29 09:59:25,,1000.95208651,0.0,0,,9038.133510458989,0.0,0.0,61
1,[],26,[],2019-07-29 09:59:25,0.0,0.00000013,0.000000000012345710000000002,7851156,2019-07-29 09:59:25,btc,0.0,0.0,0.00000013,btc,0.0,0.0,0.0,61
0,[],27,[],2019-07-29 10:01:25,0.0,0,0,7851157,2019-07-29 10:01:25,,1.93992,0.0,0,btc,10419.9,0.0,0.0,61
1,[],28,[],2019-07-29 10:01:27,40000.0,0.00000004,0.0000000000037986800000000005,7851158,2019-07-29 10:01:27,btc,0.242343945415105,422.0,0.00000004,btc,8016.46650005,0.0,0.001,61
1,[],5,[],2019-06-17 14:31:27,0.0,0,0,7740135,2019-06-17 14:31:27,btc,0.0,0.00079154,0,btc,0.0,0.0,0.0,61
1,[],4,[],2019-07-29 10:01:28,1424769.68352581,0.00000098,0.00000000009306766000000001,7851159,2019-07-29 10:01:28,btc,5.756404163794924,0.0,0.00000098,btc,1491786.95706816,0.23981367,0.4923790051158389,67
0.0,[],25,[],2019-07-29 10:01:30,0.0,0,0,7851160,2019-07-29 10:01:30,,0.0,0.0,0.0,btc,0.0,0.0,0.0,67
1,[],12,[],2019-06-02 06:23:14,910048.355,0.00000006,0.000000000005154929999999999,7725270,2019-06-02 06:23:14,btc,5.167005424215783,0.0,0.00000006,btc,738530.60239759,0.003159757462,0.0187188113,71
,[],5,[],2018-11-20 23:02:39,1.5e-07,0.00000005,0.000000000002128045,4862160,2018-11-20 23:02:39,btc,2.84511358,0.0,,btc,0.00036572,0.0,0.07381892,74
1,[],5,[],2019-07-06 00:15:01,0.0,0,0,7800749,2019-07-06 00:15:01,btc,0.0,0.01883861,0,btc,0.0,0.0,0.0,75
0,[],4,[],2019-07-10 21:51:38,0.0,0,0,7800925,2019-07-10 21:51:38,,581890.2410093442,0.0,0,,38279594.33970312,0.0,0.0,81
0,[],20,[],2019-01-25 09:30:31,0.0,0,0,6495923,2019-01-25 09:30:31,btc,0.0,0.0,0,btc,0.0,0.0,0.0,81
1,[],4,[],2019-07-29 10:01:33,162889.56751065,0.00006973,0.000000006622048910000001,7851161,2019-07-29 10:01:33,btc,58.52840711624522,0.0,0.00006973,btc,124947.29969275,0.00687326,0.2675290153543484,82
1,[],21,[],2019-07-29 10:01:34,334608.28871019,0.00006799999999999999946397044592,0.000000006457756000000001,7851162,2019-07-29 10:01:34,btc,4.617441749873169,4539.29123571,0.00006799999999999999946397044592316660782671533524990081787109375,btc,46777.37710608,0.3086721,1.7286265099781284,82
0,[],17,[],2019-03-25 22:42:34,0.0,0,0,7038780,2019-03-25 22:42:34,btc,0.0445064681804024,0.0,0,btc,995513.18476001,0.0,0.0,84
0,[],4,[],2019-07-23 20:51:52,0.0,0,0,7830376,2019-07-23 20:51:52,,1.6413985531662756,0.0,0,,620289065.5915176,0.0,0.0,85
,[],22,[],2018-11-20 23:09:34,3408.1,0.0000001,0.0000000000041895,4862324,2018-11-20 23:09:34,BTC,0.04624735,0.0,,BTC,4990.0,0.0,0.00033081,86
1,[],22,[],2019-07-29 10:01:37,14000.0,0.00000001,0.0000000000009496700000000001,7851163,2019-07-29 10:01:37,BTC,1.88751197,0.0,0.00000001,BTC,687487.6140350878,0.0,0.00014,87
0,[],27,[],2019-07-29 10:01:42,0.0,0,0,7851164,2019-07-29 10:01:42,,4.771853202774,607174.0,0,btc,280392.29336,0.00607174,0.0,87
,[],2,[],2018-11-20 23:10:47,0.0,0,0,4862359,2018-11-20 23:10:47,,0.0,0.0,,,0.0,0.0,0.0,88
1,[],11,[],2019-07-13 06:40:01,299353.97557583,0.0000369999999999999981139219007442164866006351076066493988037109375,0.0000000043049315,7811813,2019-07-13 06:40:01,btc,156.70253706438987,1923.2,0.0000369999999999999981139219007442164866006351076066493988037109375,btc,146186.36192325,0.0,0.8075395878505254,89
0,[],2,[],2019-01-20 23:31:45,0.0,0,0,6477083,2019-01-20 23:31:45,,0.0,0.0,0,,0.0,0.0,0.0,91
1,[],12,[],2019-07-28 17:08:35,368279.84218869,0.00000039,0.000000000037162008,7848623,2019-07-28 17:08:35,btc,434.49897974674394,0.0,0.00000039,btc,259803.60994222,1.1718219e-05,0.0236568798082629,91
1,[],22,[],2019-07-28 17:10:40,75900.0,0.00000001,0.000000000000952872,7848624,2019-07-28 17:10:40,BTC,0.495,0.0,0.00000001,"BTC,LTC",4.95,0.0,0.001659,91
0,[],17,[],2019-05-03 01:12:26,0.0,0,0,7559096,2019-05-03 01:12:26,btc,0.0,0.0,0,btc,0.0,0.0,0.0,91
1,[],22,[],2019-07-10 21:56:00,91614.0,0.00000002,0.000000000002352202,7800934,2019-07-10 21:56:00,BTC,11.8980079,0.0,0.00000002,"BTC,LTC",347503.789747713,0.0,0.06622228,95
0.00000000009369250000000001,[],4,[],2019-07-29 10:01:43,559679859.1053516,1.0306175000000001e-17,9.787465212250003e-22,7851165,2019-07-29 10:01:43,ltc,11.65018808877085,0.0,0.00000011,ltc,187826089.08249268,0.0,7.663586865732031e-10,96
0,[],12,[],2019-07-29 10:01:45,0.0,0,0,7851166,2019-07-29 10:01:45,btc,38.299957835634366,0.0,0,btc,13432240.563436551,0.0,0.0,96
0,[],17,[],2019-05-03 01:12:32,0.0,0,0,7559100,2019-05-03 01:12:32,btc,0.0,0.0,0,btc,0.0,0.0,0.0,96
0,[],2,[],2019-01-20 23:23:55,0.0,0,0,6476914,2019-01-20 23:23:55,,0.0,0.0,0,,0.0,0.0,0.0,100
1,[],4,[],2019-07-29 10:03:45,148004.85990831,0.00002170,0.0000000020607839000000004,7851167,2019-07-29 10:03:45,btc,8.322098525522767,0.0,0.00002170,btc,163585.19137548,0.61759955,0.8966962327516788,100
1,[],22,[],2019-07-29 10:03:48,146000.0,0.00000002,0.0000000000018993400000000003,7851168,2019-07-29 10:03:48,BTC,26.50623849,0.0,0.00000002,BTC,10383.92,0.0,0.00162,101
1,[],4,[],2019-07-16 14:33:47,547933.05083038,0.00000126,0.000000000131120388,7825334,2019-07-16 14:33:47,btc,634.8524452924697,0.0,0.00000126,btc,812393.56021757,0.00301441,0.079245871140487,103
1,[],12,[],2019-07-29 10:03:50,65095530.0,0.000000003,0.00000000000028490100000000005,7851169,2019-07-29 10:03:50,btc,349573.99430213706,0.0,0.000000003,btc,119227438.06082083,0.001855603813,0.12065336600000001,105
1,[],27,[],2019-07-29 10:03:55,24992174.7362543,0.00000001,0.0000000000009496700000000001,7851170,2019-07-29 10:03:55,btc,206.70133328858702,10404.2637457,0.00000001,btc,2061826.91301344,0.00010404,0.249921747362543,105
1,[],22,[],2019-07-10 21:58:18,21333.0,0.00000001,0.000000000001176101,7800942,2019-07-10 21:58:18,BTC,51.38182867,0.0,0.00000001,BTC,470435.0,0.0,0.00021333,107
1,[],26,[],2019-07-10 21:58:18,0.0,0.00000000,0,7800943,2019-07-10 21:58:18,btc,0.0,0.0,0.00000000,btc,0.0,0.0,0.0,107
0,[],22,[],2019-07-29 10:03:58,0.0,0,0,7851171,2019-07-29 10:03:58,,6.79500102,0.0,0,,3375892.0833333335,0.0,0.0,112
1,[],27,[],2019-07-29 10:04:06,1.0,0.00000001,0.0000000000009496700000000001,7851172,2019-07-29 10:04:06,btc,0.0,0.0,0.00000001,"btc,eth",0.0,0.0,1e-08,112
1,[],5,[],2019-07-06 00:19:31,0.0,0,0,7800761,2019-07-06 00:19:31,btc,0.0,0.0,0,btc,0.0,0.0,0.0,112
1,[],4,[],2019-07-29 10:04:07,963853.89905227,0.00000157,0.00000000014909819,7851173,2019-07-29 10:04:07,btc,10.126517874512539,0.0,0.00000157,btc,1116635.11501774,0.41704206,0.1934966802709662,113
1,[],5,[],2019-07-06 00:19:43,0.0,0,0,7800765,2019-07-06 00:19:43,btc,0.0,0.0,0,btc,0.0,0.0,0.0,113
1,[],27,[],2019-07-29 10:06:25,95525.16595526,0.00000001,0.0000000000009496700000000001,7851174,2019-07-29 10:06:25,btc,3918.96487209,4000.0,0.00000001,btc,88497.69,8e-05,0.0009552516595526,116
1,[],17,[],2019-04-26 02:17:47,162738.278,0.00000004,0.0000000000021069000000000002,7461287,2019-04-26 02:17:47,btc,1.3331140273775473,0.0,0.00000004,btc,51796.221,0.0,0.00230953112,116
1,[],4,[],2019-07-18 16:30:54,1315571.55655546,0.00000231,0.000000000240609138,7830151,2019-07-18 16:30:54,btc,97.45214423295644,0.0,0.00000231,btc,453338.25653217,0.02253203,0.1939949889478389,120
1,[],7,[],2019-07-18 16:30:55,3748.91566159,0.0000075000000000000001900064307280846520598061033524572849273681640625,0.0000000007811985,7830152,2019-07-18 16:30:55,btc,231231.56046533308,193.90926286,0.0000075000000000000001900064307280846520598061033524572849273681640625,btc,4437.92755754,0.00147798,0.008882383768671,120
1,[],20,[],2019-04-07 18:42:29,1914137.0852,0.000000035,0.0000000000017871910000000002,7211992,2019-04-07 18:42:29,btc,32.2497668025648,25528.85,0.000000035,btc,1001975.4986,0.00089350975,0.0152723574729,125
1,[],22,[],2019-06-17 14:32:38,10000.0,0.00000001,0.00000000000092914,7740161,2019-06-17 14:32:38,BTC,0.032061,0.0,0.00000001,BTC,299316.7611111111,0.0,0.0001,126
1,[],4,[],2019-07-29 10:06:25,324145.36524982,0.00000546,0.00000000051851982,7851175,2019-07-29 10:06:25,btc,4.678946242674153,0.0,0.00000546,btc,220831.56875744,1.07408925,0.5711830675017995,131
0,[],2,[],2019-01-20 23:25:46,0.0,0,0,6476969,2019-01-20 23:25:46,,0.0,0.0,0,,0.0,0.0,0.0,131
1,[],17,[],2019-05-03 01:13:10,10000.0,0.00000001,0.000000000000548003,7559115,2019-05-03 01:13:10,btc,0.0953976503951408,0.0,0.00000001,btc,5037.62507334,0.0,0.0001,131
1,[],4,[],2019-07-29 10:08:27,8763.13390683,0.00006508,0.000000006180452360000001,7851176,2019-07-29 10:08:27,btc,0.2896493313238938,0.0,0.00006508,btc,237.27081697,0.0,0.0049472538991644,135
1,[],3,[],2019-07-13 16:51:20,187.26592867,0.00000001,0.000000000001140965,7813490,2019-07-13 16:51:20,btc,419.77407087449336,1935513.62324,0.00000001,btc,3179086.72005867,0.0,1.8726592866999999e-06,136
1,[],4,[],2019-07-29 10:08:28,499534.4815326,0.00000395,0.00000000037511965000000004,7851177,2019-07-29 10:08:28,btc,22.449964510291768,0.0,0.00000395,btc,702261.42302145,1.40735077,0.8338286953032179,137
1,[],12,[],2019-07-29 10:08:29,130485.51432087,0.00000322000000000000008722298057428634621146557037718594074249267578125,0.00000000030579374000000005,7851178,2019-07-29 10:08:29,btc,32.043304105208854,0.0,0.00000322000000000000008722298057428634621146557037718594074249267578125,btc,49019.8280337,0.006605756554,0.012322138369412601,137
1,[],4,[],2019-07-29 10:08:30,477263.8436982,0.00008101,0.00000000769327667,7851179,2019-07-29 10:08:30,btc,33.46801050087328,0.0,0.00008101,btc,93934.6337177,5.23451548,6.283257077489482,142
1,[],20,[],2019-07-29 10:10:32,111766.7178,0.00007073,0.000000006717015910000001,7851180,2019-07-29 10:10:32,btc,1.0395544109638,0.0,0.00007073,btc,53.041,0.0,0.032844002638,142
1,[],22,[],2019-07-29 10:10:35,10619.88,0.00000200,0.00000000018993400000000002,7851181,2019-07-29 10:10:35,BTC,1.55898515,0.0,0.00000200,BTC,835.8398331062671,0.0,0.00416696,142
0.0,[],25,[],2019-07-29 10:10:37,0.0,0,0,7851182,2019-07-29 10:10:37,,0.0,0.0,0.0,btc,0.0,0.0,0.0,142
1,[],28,[],2019-07-29 10:10:39,10097461.0,0.000058000000,0.0000000055080860000000005,7851183,2019-07-29 10:10:39,btc,0.52679202,4769.0,0.000058000000,btc,1559.485,0.0,1.4935572,142
1,[],17,[],2019-05-03 01:13:16,32967.38636364,0.00000088,0.000000000048224264,7559122,2019-05-03 01:13:16,btc,20.06976206696776,0.0,0.00000088,btc,2746.079105,0.0,0.0105613000000032,142
1,[],5,[],2019-07-06 02:06:10,0.0,0,0,7800822,2019-07-06 02:06:10,btc,0.0,0.00140707,0,btc,0.0,0.0,0.0,142
0,[],22,[],2019-07-29 10:10:42,0.0,0,0,7851184,2019-07-29 10:10:42,,68.35849183,0.0,0,,759882689.3744589,0.0,0.0,143
0,[],22,[],2019-02-25 15:42:22,0.0,0,0,6783783,2019-02-25 15:42:22,,4.2131946,0.0,0,,2322156.0,0.0,0.0,146
,[],22,[],2018-11-20 23:01:11,0.0,0,0,4862114,2018-11-20 23:01:11,,2.56807021,0.0,,,61828.4988236,0.0,0.0,147
1,[],12,[],2019-04-21 06:38:04,193091.5971266,0.00000071,0.000000000037635183,7388679,2019-04-21 06:38:04,btc,2.301232411611175,0.0,0.00000071,btc,9957.48302385,0.00023528,0.0313308199999888,148
1,[],4,[],2019-03-19 21:31:25,255810.0415942,0.00000029,0.000000000011615747,6982695,2019-03-19 21:31:25,btc,218.94922712414143,0.0,0.00000029,btc,793529.37642722,0.00117,0.0608347789473395,152
0,[],22,[],2019-03-19 21:31:27,0.0,0,0,6982696,2019-03-19 21:31:27,,0.0,0.0,0,,0.0,0.0,0.0,152
1,[],5,[],2019-04-26 09:36:59,0.0,0,0,7465040,2019-04-26 09:36:59,btc,0.0,0.0,0,btc,0.0,0.0,0.0,153
,[],16,[],2019-01-11 15:38:59,0.0,0,0,6366141,2019-01-11 15:38:59,btc,0.0,0.0,,btc,0.0,0.0,0.0,155
0,[],23,[],2019-01-20 23:24:29,0.0,0,0,6476932,2019-01-20 23:24:29,,0.0,0.0,0,,0.0,0.0,0.0,156
0,[],22,[],2019-07-29 10:10:46,0.0,0,0,7851185,2019-07-29 10:10:46,,7.42843365,0.0,0,,5840816.592592592,0.0,0.0,156
1,[],22,[],2019-07-29 10:10:49,6996.0,0.00000001,0.0000000000009496700000000001,7851186,2019-07-29 10:10:49,BTC,1.7543039,0.0,0.00000001,BTC,57.0,0.0,6.996e-05,157
0,[],22,[],2019-07-23 20:07:56,0.0,0,0,7830260,2019-07-23 20:07:56,,50234.60468402,0.0,0,,54786159.03179465,0.0,0.0,158
,[],17,[],2018-11-20 22:56:10,0.0,0,0,4861976,2018-11-20 22:56:10,btc,1.1265625,0.0,,btc,1000.0,0.0,0.0,159
,[],20,[],2018-11-20 22:56:12,0.0,0,0,4861977,2018-11-20 22:56:12,btc,11912.7940471,0.0,,btc,34413894.3617,0.0,0.0,159
1,[],12,[],2019-07-10 22:05:17,232905.70345548,0.0000063199999999999996293047720141711209862478426657617092132568359375,0.000000000743295832,7800964,2019-07-10 22:05:17,btc,9.923963040252861,0.0,0.0000063199999999999996293047720141711209862478426657617092132568359375,btc,15215.45465465,0.0062861,0.033379940599723996,168
1,[],17,[],2019-05-03 01:13:36,42852.0,0.00000002,0.000000000001096006,7559132,2019-05-03 01:13:36,btc,0.04279856251542,0.0,0.00000002,btc,274.46171372,0.0,0.00052852,168
1,[],22,[],2019-05-17 03:01:52,10.0,0.00000001,0.000000000000778341,7642059,2019-05-17 03:01:52,BTC,41.95893009,0.0,0.00000001,BTC,1753972.7737547632,0.0,1e-07,169
1,[],22,[],2019-07-29 10:10:52,71174.0,0.00000001,0.0000000000009496700000000001,7851187,2019-07-29 10:10:52,BTC,27.84317016,0.0,0.00000001,"BTC,LTC",289238.8494737184,1.4e-07,0.00090174,171
1,[],22,[],2019-07-29 10:10:56,349759.0,0.00000001,0.0000000000009496700000000001,7851188,2019-07-29 10:10:56,BTC,21.25940355,0.0,0.00000001,"BTC,LTC",1435750.3536050986,0.00028103,0.01345961,173
1,[],5,[],2019-07-06 02:08:45,0.0,0,0,7800830,2019-07-06 02:08:45,btc,0.0,0.00700197,0,btc,0.0,0.0,0.0,175
1,[],22,[],2019-07-25 12:34:58,8535.0,0.00000001,0.000000000001008706,7836984,2019-07-25 12:34:58,BTC,393.97654772,0.0,0.00000001,BTC,136275.61833431243,1.465e-05,8.535e-05,176
1,[],7,[],2019-07-01 10:15:32,0.0,0,0,7783526,2019-07-01 10:15:32,btc,521516.2326888725,0.0,0,btc,26809253.73522063,0.0,0.0,178
0,[],22,[],2019-07-29 10:11:00,0.0,0,0,7851189,2019-07-29 10:11:00,,1.00205534,0.0,0,,62828.0,0.0,0.0,178
0,[],2,[],2019-01-20 23:28:34,0.0,0,0,6477001,2019-01-20 23:28:34,,0.0,0.0,0,,0.0,0.0,0.0,178
1,[],5,[],2019-07-06 02:08:50,0.0,0,0,7800832,2019-07-06 02:08:50,btc,0.0,6.904e-05,0,btc,0.0,0.0,0.0,179
0,[],23,[],2019-01-20 23:25:08,0.0,0,0,6476952,2019-01-20 23:25:08,,0.0,0.0,0,,0.0,0.0,0.0,179
0,[],22,[],2019-07-29 10:11:02,0.0,0,0,7851190,2019-07-29 10:11:02,,10.34025229,0.0,0,,15169064.571946677,0.0,0.0,179
1,[],22,[],2019-07-29 10:13:06,788647.09057282,0.00000064,0.00000000006077888000000001,7851191,2019-07-29 10:13:06,BTC,2.96410023,0.0,0.00000064,"BTC,LTC",228790.54229327562,0.00456135,0.60853655,180
1,[],26,[],2019-07-29 10:13:06,0.0,0.00000010,0.000000000009496700000000001,7851192,2019-07-29 10:13:06,btc,0.0,0.0,0.00000010,btc,0.0,0.0,0.0,180
1,[],17,[],2019-05-03 01:13:56,20504.725000000002,0.0000001,0.00000000000548003,7559141,2019-05-03 01:13:56,btc,5.2010695838400265,0.0,0.0000001,btc,5033.45945,0.0,0.0011504725,180
,[],7,[],2018-11-20 22:58:01,562227.975654,0.00000085,0.000000000036176765,4862015,2018-11-20 22:58:01,btc,21836.6059674,2491.87645172,,btc,749999.041456,0.00211021,0.127565380455,183
,[],5,[],2019-01-10 08:11:41,0.0,0,0,6347036,2019-01-10 08:11:41,btc,82.15055501,0.00261,,btc,1.19002445,0.0,0.0,187
,[],17,[],2018-11-16 20:58:10,4062536.27273,0.00000001,0.000000000000550501,4708775,2018-11-16 20:58:10,btc,3.36492563466,0.195460381006,,"btc,eth",110697919.549,0.0,0.0157628953496,187
1,[],24,[],2019-05-22 21:04:52,0.0,0.000000000014,0.0000000000000010960978,7670219,2019-05-22 21:04:52,btc,0.0,0.0,0.000000000014,btc,0.0,0.0,0.0,187
0,[],22,[],2019-07-13 22:02:15,0.0,0,0,7814314,2019-07-13 22:02:15,,7.54794454,0.0,0,,76361.7243344055,0.0,0.0,191
0,[],22,[],2019-06-17 14:33:34,0.0,0,0,7740182,2019-06-17 14:33:34,,0.0,0.0,0,,0.0,0.0,0.0,197
0,[],23,[],2019-01-20 23:31:41,0.0,0,0,6477079,2019-01-20 23:31:41,,0.0,0.0,0,,0.0,0.0,0.0,199
0,[],22,[],2019-07-29 10:13:09,0.0,0,0,7851193,2019-07-29 10:13:09,,12.82588123,0.0,0,,106829450.5,0.0,0.0,199
1,[],26,[],2019-07-29 10:13:09,0.0,0.00000000,0,7851194,2019-07-29 10:13:09,btc,0.0,0.0,0.00000000,btc,0.0,0.0,0.0,199
0,[],2,[],2019-01-20 23:30:49,0.0,0,0,6477059,2019-01-20 23:30:49,,0.0,0.0,0,,0.0,0.0,0.0,201
1,[],4,[],2019-01-25 15:51:35,2084389.58565343,0.00000936,0.000000000333526752,6499557,2019-01-25 15:51:35,btc,2.0092503037378524,0.0,0.00000936,btc,160195.80207885,0.19272417,1.242687955921835,211
1,[],7,[],2019-07-01 02:21:28,1170054124.6898527,0.00000018,0.000000000019815389999999997,7782694,2019-07-01 02:21:28,btc,1346735.6331920293,0.0,0.00000018,btc,5516233.71348162,0.0,11.954344045954047,212
1,[],12,[],2019-01-25 02:44:32,207462.42853209,0.000001080000000000000035831255497387193287295303889550268650054931640625,0.000000000038610756000000006,6493050,2019-01-25 02:44:32,btc,85023.03793723314,0.0,0.000001080000000000000035831255497387193287295303889550268650054931640625,btc,43675.73520027,0.000146250909087,0.0348620860622024,213
1,[],24,[],2019-07-14 17:01:36,0.0,0.000000200000,0.00000000002082346,7817375,2019-07-14 17:01:36,btc,0.0,0.0,0.000000200000,btc,0.0,0.0,0.0,213
1,[],26,[],2019-07-14 17:01:36,0.0,0.00000040,0.00000000004164692,7817376,2019-07-14 17:01:36,btc,0.0,0.0,0.00000040,btc,0.0,0.0,0.0,213
1,[],5,[],2019-05-30 00:07:46,0.0,0,0,7709357,2019-05-30 00:07:46,btc,0.0,0.06425239,0,btc,0.0,0.0,0.0,213
0,[],22,[],2019-07-29 10:13:14,0.0,0,0,7851195,2019-07-29 10:13:14,,9.54552254,0.0,0,,3658585.214064925,0.0,0.0,216
0,[],27,[],2019-07-29 10:15:15,0.0,0,0,7851196,2019-07-29 10:15:15,,11.4983797744182,0.0,0,btc,416833.64138,0.0,0.0,216
1,[],22,[],2019-07-29 10:15:18,1158096.4722222222,0.00000012,0.00000000001139604,7851197,2019-07-29 10:15:18,BTC,12055.78830793,0.0,0.00000012,BTC,545797.381323726,0.00072,0.03295878,217
1,[],7,[],2019-06-27 19:02:35,0.0,0,0,7772298,2019-06-27 19:02:35,btc,2123800.2774640615,0.0,0,btc,82333746.4752352,0.0,0.0,219
0,[],27,[],2019-07-27 16:54:49,0.0,0,0,7845293,2019-07-27 16:54:49,,250.20903224,0.0,0,btc,46758.85,0.0,0.0,219
0,[],28,[],2019-07-27 16:55:20,0.0,0,0,7845294,2019-07-27 16:55:20,,0.0,0.0,0,,0.0,0.0,0.0,219
0,[],22,[],2019-07-23 20:11:38,0.0,0,0,7830275,2019-07-23 20:11:38,,57.73116496,0.0,0,,182427.70709740353,0.0,0.0,221
1,[],24,[],2019-07-23 20:11:38,0.0,0.000000010000,0.0000000000010165440000000001,7830276,2019-07-23 20:11:38,btc,0.0,0.0,0.000000010000,btc,0.0,0.0,0.0,221
1,[],20,[],2019-06-17 14:34:11,26882155.8301,0.000000003,0.000000000000278742,7740192,2019-06-17 14:34:11,btc,100050.81956632523,233521.3529,0.000000003,btc,38769742.8604,0.0007925640587,0.0306863532672,224
0,[],22,[],2019-06-17 14:34:13,0.0,0,0,7740193,2019-06-17 14:34:13,,0.0,0.0,0,,0.0,0.0,0.0,224
1,[],26,[],2019-07-29 10:15:20,0.0,0.00000022,0.000000000020892740000000003,7851198,2019-07-29 10:15:20,btc,0.0,0.0,0.00000022,btc,0.0,0.0,0.0,231
1,[],26,[],2019-07-29 10:15:20,0.0,0.00000008,0.000000000007597360000000001,7851199,2019-07-29 10:15:20,btc,0.0,0.0,0.00000008,btc,0.0,0.0,0.0,234
0.0000000002206426,[],27,[],2019-07-29 10:15:26,100.0,2.206426e-18,2.0953765794200001e-22,7851200,2019-07-29 10:15:26,eth,0.0,0.0,0.00000001,"btc,eth",0.0,0.0,2.206426e-16,234
1,[],5,[],2019-07-06 02:11:21,0.0,0,0,7800842,2019-07-06 02:11:21,btc,0.0,0.10652887,0,btc,0.0,0.0,0.0,237
1,[],20,[],2019-07-29 10:15:28,59521368.3532,0.000000046,0.000000000004368482,7851201,2019-07-29 10:15:28,btc,517.7674702949045,14765170.1085,0.000000046,btc,37998509.1912,0.6954078092306,0.3814725634455,237
1,[],22,[],2019-07-29 10:15:33,2167435.0,0.00000004,0.0000000000037986800000000005,7851202,2019-07-29 10:15:33,BTC,1.20112355,0.0,0.00000004,"BTC,LTC",14836.448717948719,2.397e-05,0.02728438,237
1,[],5,[],2019-07-06 02:11:32,0.0,0,0,7800846,2019-07-06 02:11:32,btc,0.0,0.05525444,0,btc,0.0,0.0,0.0,238
1,[],4,[],2019-07-29 10:15:33,32538681.70665833,0.00000012,0.00000000001139604,7851203,2019-07-29 10:15:33,btc,4.899144990958677,0.0,0.00000012,btc,16821961.861949,1.43396074,1.0637823450168626,238
0.0000000000932996,[],22,[],2019-07-27 07:06:26,419253.0,9.32996e-19,9.392106863560001e-23,7844096,2019-07-27 07:06:26,LTC,0.40427224,0.0,0.00000001,LTC,496363.0639027493,0.0,0.00419253,249
0,[],22,[],2019-07-23 20:11:58,0.0,0,0,7830284,2019-07-23 20:11:58,,13.44711564,0.0,0,,43776457.3426455,0.0,0.0,252
1,[],28,[],2019-07-29 10:15:36,1662271.988,0.00000011,0.000000000010446370000000002,7851204,2019-07-29 10:15:36,btc,207.60500620959,1449244.516,0.00000011,btc,3719641.115,0.0,0.09018084254,256
0.0000000000916764,[],22,[],2019-07-23 20:12:22,1517.0,9.16764e-19,9.31930943616e-23,7830286,2019-07-23 20:12:22,LTC,31474.63788373,0.0,0.00000001,LTC,1024398.9185893413,0.0,1.517e-05,258
1,[],22,[],2019-05-19 18:12:02,400.0,0.00000001,0.0000000000007957800000000001,7653905,2019-05-19 18:12:02,BTC,2.415167,0.0,0.00000001,BTC,157.0,0.0,4e-06,259
1,[],5,[],2019-07-02 14:44:15,0.0,0,0,7788374,2019-07-02 14:44:15,btc,0.0,0.02775788,0,btc,0.0,0.0,0.0,264
1,[],20,[],2019-07-29 10:15:38,988424.2302,0.00000029,0.000000000027540430000000002,7851205,2019-07-29 10:15:38,btc,0.6069222883582,20566.619,0.00000029,btc,81842.2337,0.0061773058709,0.0066883774279,264
0,[],22,[],2019-04-12 17:57:27,0.0,0,0,7278186,2019-04-12 17:57:27,,66.37522201,0.0,0,,677842.4169881374,0.0,0.0,271
0,[],22,[],2019-07-29 10:15:41,0.0,0,0,7851206,2019-07-29 10:15:41,,33050469.74148113,0.0,0,,14261527780.7,0.0,0.0,272
0.000000000000002987,[],28,[],2019-07-29 10:15:42,278734640122.875,2.6883e-22,2.5529978610000003e-26,7851207,2019-07-29 10:15:42,doge,159824362522.60635,16753399015.49,0.00000009,doge,90876326969.695,0.0,5.243922113222902e-11,272
1,[],22,[],2019-05-23 07:12:29,219930.0,0.00000004,0.000000000003048688,7671985,2019-05-23 07:12:29,BTC,426.77835217,0.0,0.00000004,BTC,248664.3325962929,0.0,0.00739728,281
1,[],22,[],2019-07-23 20:12:52,672850.9,0.00000002,0.0000000000020330880000000002,7830290,2019-07-23 20:12:52,BTC,26.73750817,0.0,0.00000002,"BTC,LTC",1207871.5684827343,0.0004207,0.01909618,286
0,[],22,[],2019-07-12 21:46:03,0.0,0,0,7810176,2019-07-12 21:46:03,,7337942.20855518,0.0,0,,2077158967.6797826,0.0,0.0,294
