pairValue,buyBook,exchangeId,sellBook,updated,buyTotal,satoshiPrice,usdPrice,exchangeLogId,created,bestPair,sellTotalBtc,volume,pairPrice,activePairs,sellTotal,volumeBtc,buyTotalBtc,coinId
1,[],3,[],2019-02-25 15:52:38,30539.339873851863,0.01254213000000000029221514097343970206566154956817626953125,0.00000047632501314000003,6784027,2019-02-25 15:52:38,btc,61.120960501794904,0.0,0.01254213000000000029221514097343970206566154956817626953125,btc,25.955994644712,0.0,0.2980146825534586,1
1,[],4,[],2019-02-25 15:52:39,302968.69042227,0.01265273,0.00000048052537994,6784028,2019-02-25 15:52:39,btc,9.101112332497753,0.0,0.01265273,btc,254.98039107,1.30217259,1.332642706694819,1
1,[],5,[],2019-02-25 15:52:41,0.0,0,0,6784029,2019-02-25 15:52:41,btc,0.0,0.55615205,0,btc,0.0,0.0,0.0,1
1,[],10,[],2019-02-25 15:52:44,414667.28566662,0.01168172,0.00000044364836216,6784030,2019-02-25 15:52:44,btc,6523.079798573136,1099.08608139,0.01168172,btc,1076.47342445,0.0,5.491634136799196,1
1,[],12,[],2019-02-25 15:52:46,10435.63367923,0.012689999999999999891198143586734659038484096527099609375,0.00000048194082,6784031,2019-02-25 15:52:46,btc,0.350749595427,0.0,0.012689999999999999891198143586734659038484096527099609375,btc,18.84676859,0.1355944399529,0.3463014537186,1
1,[],20,[],2019-02-25 15:52:47,1150.428,0.010500214,0.00000039877712729200003,6784032,2019-02-25 15:52:47,btc,0.0610059422682,0.0472,0.010500214,btc,2.7408,0.0006372098648,0.0915544251227,1
1,[],21,[],2019-02-25 15:52:49,2951.46389411,0.01260052000000000047008619219,0.0000004785425485600001,6784033,2019-02-25 15:52:49,btc,21.571497303337324,2633.01936856,0.0126005200000000004700861921946852817200124263763427734375,"btc,eth",2290.36134544,32.20586298348778,27.07688513907331,1
1,[],22,[],2019-02-25 15:52:53,0.0163776,0.01300000,0.000000493714,6784034,2019-02-25 15:52:53,BTC,0.31423927,0.0,0.01300000,BTC,0.11751954901960784,0.0,0.00020972,1
1,[],24,[],2019-02-25 15:52:53,0.0,0.000000000000,0,6784035,2019-02-25 15:52:53,btc,0.0,0.0,0.000000000000,btc,0.0,0.0,0.0,1
0.0,[],25,[],2019-02-25 15:52:54,0.0,0,0,6784036,2019-02-25 15:52:54,btc,12.413199998597271,828.64570386,0.0,btc,956.43312391,10.5497,0.0,1
1,[],26,[],2019-02-25 15:52:55,0.0,0,0,6784037,2019-02-25 15:52:55,,0.0,0.0,0,,0.0,0.0,0.0,1
1,[],28,[],2019-02-25 15:53:00,993.21,0.01323000,0.00000050244894,6784038,2019-02-25 15:53:00,btc,0.162839806,18562.3,0.01323000,btc,8.9,0.0,0.090071836,1
0,[],2,[],2019-01-20 23:28:45,0.0,0,0,6477011,2019-01-20 23:28:45,,0.0,0.0,0,,0.0,0.0,0.0,1
1,[],5,[],2019-02-25 15:53:01,0.0,0,0,6784039,2019-02-25 15:53:01,btc,0.0,0.01177109,0,btc,0.0,0.0,0.0,2
0.0000000001261146,[],22,[],2019-02-25 15:53:05,1148.0,1.3872606e-16,5.26853830668e-21,6784040,2019-02-25 15:53:05,XMR,21.01373823,0.0,0.00000110,XMR,14319.12581,0.0,0.00087635,2
1,[],5,[],2019-02-25 15:53:06,0.0,0,0,6784041,2019-02-25 15:53:06,btc,0.0,0.02765262,0,btc,0.0,0.0,0.0,3
1,[],12,[],2019-02-25 15:53:07,13563479.6813,0.000000175,0.00000000000664615,6784042,2019-02-25 15:53:07,btc,924396.4958904623,0.0,0.000000175,btc,7959978.08441448,0.22654082483273255,0.7143115704354,3
0,[],28,[],2019-02-25 15:53:12,0.0,0,0,6784043,2019-02-25 15:53:12,,0.0,0.0,0,,0.0,0.0,0.0,3
0,[],2,[],2019-01-20 23:31:32,0.0,0,0,6477077,2019-01-20 23:31:32,,0.0,0.0,0,,0.0,0.0,0.0,4
1,[],4,[],2019-02-25 15:53:13,416295.97966288,0.00000032,0.00000000001215296,6784044,2019-02-25 15:53:13,btc,31.60158132384581,0.0,0.00000032,btc,688680.6997793,0.00021762,0.0598506124805421,4
1,[],12,[],2019-02-22 14:50:14,1367032.5219999999,0.00000003,0.000000000001190475,6759350,2019-02-22 14:50:14,btc,11013869.583570713,0.0,0.00000003,btc,1211697.32371984,0.00024567976024,0.02065290044,5
0,[],2,[],2019-01-20 23:31:51,0.0,0,0,6477087,2019-01-20 23:31:51,,0.0,0.0,0,,0.0,0.0,0.0,6
1,[],11,[],2019-02-25 15:53:16,3351329.5,0.00000002,0.00000000000075956,6784045,2019-02-25 15:53:16,btc,9432.728135181234,10000.0,0.00000002,btc,41452686.95347657,0.0,0.034501425,6
1,[],3,[],2019-02-25 15:53:16,1091.857220066689,0.00015102999999999999563259078794175138682476244866847991943359375,0.00000000573581734,6784046,2019-02-25 15:53:16,btc,27.605796873748474,0.0,0.00015102999999999999563259078794175138682476244866847991943359375,btc,249.144760639695,0.0,0.03419745781762677,7
1,[],4,[],2019-02-25 15:53:17,95815.32938363,0.00023560,0.0000000089476168,6784047,2019-02-25 15:53:17,btc,13.110740955754476,0.0,0.00023560,btc,42551.828583,2.9801042,5.20894952967447,7
1,[],5,[],2019-02-25 15:53:18,0.0,0,0,6784048,2019-02-25 15:53:18,btc,0.0,1.11885845,0,btc,0.0,0.0,0.0,7
1,[],20,[],2019-02-20 02:16:17,39399275.8418,0.000000001,0.0000000000000390183,6728586,2019-02-20 02:16:17,btc,116.9737569154545,525.0,0.000000001,btc,56932965.8895,5.25e-07,0.0393992758418,8
0,[],2,[],2019-01-20 23:22:42,0.0,0,0,6476876,2019-01-20 23:22:42,,0.0,0.0,0,,0.0,0.0,0.0,9
0,[],23,[],2019-01-20 23:22:48,0.0,0,0,6476878,2019-01-20 23:22:48,,0.0,0.0,0,,0.0,0.0,0.0,9
1,[],4,[],2019-02-25 15:46:30,2268150.58292805,0.00000188,0.000000000071466884,6783865,2019-02-25 15:46:30,btc,5.1105600590497815,0.0,0.00000188,btc,1843218.65399708,6.74699565,1.3357874634775313,9
1,[],28,[],2019-02-25 15:46:32,50365.0,0.00000185,0.00000000007032645499999999,6783866,2019-02-25 15:46:32,btc,2708.76220322,3711073.81,0.00000185,btc,11979.68,0.0,0.05600435,9
1,[],1,[],2019-02-17 23:31:42,1822507.21,0.00000181000000000000003456111265232042484285557293333113193511962890625,0.000000000066086901,6701244,2019-02-17 23:31:42,btc,3.6990969245,17153386.5,0.00000181000000000000003456111265232042484285557293333113193511962890625,btc,1997391.71,31.11772986,3.2610482446,9
1,[],4,[],2019-02-17 11:22:43,4341674.27126056,0.00000002,0.0000000000007272960000000001,6696112,2019-02-17 11:22:43,btc,0.1997230937751353,0.0,0.00000002,btc,4109766.79808031,0.00215132,0.0479381022052112,10
1,[],4,[],2019-02-25 15:53:20,3548502.2260472,0.00000130,0.0000000000493714,6784049,2019-02-25 15:53:20,btc,11.831540945947975,0.0,0.00000130,btc,6178493.79410345,2.32513714,1.9781770252207798,12
1,[],5,[],2019-02-25 15:53:21,0.0,0,0,6784050,2019-02-25 15:53:21,btc,0.0,0.29690925,0,btc,0.0,0.0,0.0,12
0.0,[],25,[],2019-02-25 15:53:22,0.0,0,0,6784051,2019-02-25 15:53:22,,0.0,0.0,0.0,btc,0.0,0.0,0.0,12
0,[],2,[],2019-01-20 23:23:08,0.0,0,0,6476890,2019-01-20 23:23:08,,0.0,0.0,0,,0.0,0.0,0.0,12
1,[],4,[],2019-02-25 15:53:23,1188915.35634831,0.00000550,0.00000000020887900000000002,6784052,2019-02-25 15:53:23,btc,3.19355728064657,0.0,0.00000550,btc,449475.86902768,0.38169005,0.5587088099278277,13
1,[],21,[],2019-02-25 15:53:26,611623.09107971,0.000005560000000000000129564328016,0.00000000021115768000000003,6784053,2019-02-25 15:53:26,btc,5.356215213361682,400508.34223249,0.0000055600000000000001295643280163627508727586246095597743988037109375,btc,854556.44862584,2.2223423,3.1444075058582595,13
1,[],10,[],2019-02-25 15:46:39,472242.93449942,0.00000528,0.000000000200715504,6783871,2019-02-25 15:46:39,btc,666802.605542483,9069.34359562,0.00000528,btc,745135.79500729,0.0,0.2755721298744565,13
1,[],4,[],2019-02-25 15:46:42,650893.97389711,0.00000120,0.00000000004561716,6783873,2019-02-25 15:46:42,btc,9.029963613516825,0.0,0.00000120,btc,881321.56525929,0.04026107,0.1076410042204597,14
1,[],12,[],2019-02-25 15:46:43,117246.91304348,0.000001129999999999999980629101885287735029805844533257186412811279296875,0.000000000042956159,6783874,2019-02-25 15:46:43,btc,5.29441131623878,0.0,0.000001129999999999999980629101885287735029805844533257186412811279296875,btc,33916.19873547,1.36863137e-06,0.0222175200000004,14
1,[],26,[],2019-02-25 15:46:48,0.0,0.00000050,0.00000000001900715,6783875,2019-02-25 15:46:48,btc,0.0,0.0,0.00000050,btc,0.0,0.0,0.0,14
0,[],17,[],2019-02-25 15:36:19,0.0,0,0,6783679,2019-02-25 15:36:19,btc,0.0,0.0,0,btc,0.0,0.0,0.0,14
0,[],4,[],2019-02-25 15:53:27,0.0,0,0,6784054,2019-02-25 15:53:27,,0.0,0.0,0,,0.0,0.0,0.0,15
,[],12,[],2018-12-01 15:15:48,204241.84496,0.00000489,0.000000000202473384,5260204,2018-12-01 15:15:48,btc,49.5475654835,0.0,,btc,35763.2193806,0.0163153972027625,0.0203389899998,15
1,[],4,[],2019-02-25 15:53:29,26220.11640216,0.00001780,0.0000000006760084,6784055,2019-02-25 15:53:29,btc,1.2207526941060038,0.0,0.00001780,btc,8938.45197007,0.09811714,0.0877377324825306,18
1,[],10,[],2019-02-25 15:53:30,782755.73431839,0.00001745,0.0000000006627161000000001,6784056,2019-02-25 15:53:30,btc,16.727950604751488,7689.70215801,0.00001745,btc,19935.84434936,0.0,0.1310064881838092,18
1,[],12,[],2019-02-25 15:53:32,195125.80798397,0.0000187000000000000005302182304323110884070047177374362945556640625,0.0000000007101886000000001,6784057,2019-02-25 15:53:32,btc,23.668462722364435,0.0,0.0000187000000000000005302182304323110884070047177374362945556640625,btc,1890.19919731,0.0101278036972022,0.0328194558863302,18
0,[],17,[],2019-02-25 15:53:44,0.0,0,0,6784058,2019-02-25 15:53:44,btc,0.0,0.0,0,btc,0.0,0.0,0.0,18
0,[],2,[],2019-01-20 23:23:38,0.0,0,0,6476906,2019-01-20 23:23:38,,0.0,0.0,0,,0.0,0.0,0.0,18
1,[],3,[],2019-02-25 15:53:45,118493.0958949518,0.000015190000000000000254947972455621396647984511218965053558349609375,0.0000000005768858200000001,6784059,2019-02-25 15:53:45,btc,0.5526635399813092,2537.07975899,0.000015190000000000000254947972455621396647984511218965053558349609375,btc,9052.306301703742,0.0,0.03295664725242799,19
1,[],4,[],2019-02-25 15:53:46,379558.57054607,0.00001932,0.0000000007337349600000001,6784060,2019-02-25 15:53:46,btc,2.2013121923012577,0.0,0.00001932,btc,72080.52807318,1.08793846,2.3291958851938324,19
1,[],5,[],2019-02-25 15:53:47,0.0,0,0,6784061,2019-02-25 15:53:47,btc,0.0,0.00121924,0,btc,0.0,0.0,0.0,19
1,[],12,[],2019-02-25 15:53:48,135072.60371251,0.00001858000000000000167914293580651019510696642100811004638671875,0.0000000007056312400000001,6784062,2019-02-25 15:53:48,btc,1.3578896609769961,0.0,0.00001858000000000000167914293580651019510696642100811004638671875,btc,382.27457877,0.0,0.10467394000000779,19
0,[],27,[],2019-02-25 15:53:50,0.0,0,0,6784063,2019-02-25 15:53:50,,0.0,0.0,0,btc,0.0,0.0,0.0,19
0,[],2,[],2019-01-20 23:24:19,0.0,0,0,6476924,2019-01-20 23:24:19,,0.0,0.0,0,,0.0,0.0,0.0,19
1,[],4,[],2019-02-25 15:53:51,8069160.95424551,0.00000013,0.0000000000049371400000000005,6784064,2019-02-25 15:53:51,btc,7.376194659582633,0.0,0.00000013,btc,2844149.4360639,0.00013,0.2582725451781454,20
1,[],4,[],2019-02-25 15:53:51,104180473.05737025,0.00000002,0.00000000000075956,6784065,2019-02-25 15:53:51,btc,1796.0492380271319,0.0,0.00000002,btc,55262135.15122669,0.02286247,1.1713499050280451,21
1,[],12,[],2019-02-25 15:53:52,18647376.0,0.00000002,0.00000000000075956,6784066,2019-02-25 15:53:52,btc,670.3899289734848,0.0,0.00000002,btc,8544410.32857329,0.0,0.24518776,21
0,[],17,[],2019-02-25 15:53:53,0.0,0,0,6784067,2019-02-25 15:53:53,btc,0.0,0.0,0,btc,0.0,0.0,0.0,21
1,[],12,[],2019-02-25 15:53:55,3336122787.6808996,0.0000000002,0.0000000000000075956,6784068,2019-02-25 15:53:55,btc,875865842889.5677,0.0,0.0000000002,btc,4947323250.927512,0.026866933019181766,0.3735080197829904,23
0.00000000036039420000000003,[],27,[],2019-02-25 15:53:57,2000.0,3.603942e-18,1.3687050927600002e-22,6784069,2019-02-25 15:53:57,eth,1.3429826565934113,0.0,0.00000001,eth,1964879.85514486,0.0,7.207884e-15,23
1,[],4,[],2019-02-25 15:53:58,422435.61692959,0.00000059,0.000000000022407020000000002,6784070,2019-02-25 15:53:58,btc,8.336965092154978,0.0,0.00000059,btc,1475166.91079264,0.00401194,0.1401902881107122,24
1,[],22,[],2019-02-25 15:54:01,11.76,0.00000100,0.000000000037978,6784071,2019-02-25 15:54:01,BTC,7.415e-05,0.0,0.00000100,BTC,23.919354838709676,0.0,1.176e-05,24
0.0,[],25,[],2019-02-25 15:54:03,0.0,0,0,6784072,2019-02-25 15:54:03,,0.0,0.0,0.0,btc,0.0,0.0,0.0,24
1,[],4,[],2019-02-25 15:54:04,28277280.60696189,0.00000593,0.00000000022520954,6784073,2019-02-25 15:54:04,btc,165.89948933213324,0.0,0.00000593,btc,265644.56984112,0.20452705,0.4499340850064835,26
1,[],10,[],2019-02-25 15:54:06,700852.72612699,0.00000643,0.00000000024419854,6784074,2019-02-25 15:54:06,btc,26.12556126633716,5980.02685937,0.00000643,btc,14071.92039774,0.0,0.2650245612983155,26
0,[],2,[],2019-01-20 23:25:56,0.0,0,0,6476976,2019-01-20 23:25:56,,0.0,0.0,0,,0.0,0.0,0.0,26
1,[],3,[],2019-02-25 15:54:06,6199666.70213569,0.00000001,0.00000000000037978,6784075,2019-02-25 15:54:06,btc,2.305344452908978,185.0,0.00000001,btc,17468726.40982035,0.0,0.061996667021356894,27
1,[],5,[],2019-02-25 15:54:07,0.0,0,0,6784076,2019-02-25 15:54:07,btc,0.0,0.00462591,0,btc,0.0,0.0,0.0,27
1,[],11,[],2019-02-25 15:54:09,9661469.607065821,0.00000005,0.0000000000018989,6784077,2019-02-25 15:54:09,btc,67506.53157702075,146281.413934,0.00000005,btc,8171781.9763934,0.0,0.4509737746429231,27
1,[],4,[],2019-02-25 15:54:10,1456051701.594993,0.00000002,0.00000000000075956,6784078,2019-02-25 15:54:10,btc,4.586748210251508,0.0,0.00000002,"btc,ltc",400331470.7904116,0.46943181,11.031612115368603,29
1,[],7,[],2019-02-25 15:54:11,51950151.257984236,0.00000002,0.00000000000075956,6784079,2019-02-25 15:54:11,btc,44463896.84219534,1880.84336663,0.00000002,btc,60163094.1478531,0.0,0.7086609276639676,29
0,[],17,[],2019-02-25 14:48:03,0.0,0,0,6783527,2019-02-25 14:48:03,btc,0.0,0.0,0,btc,0.0,0.0,0.0,30
1,[],4,[],2019-02-25 15:54:12,1436137.2956282,0.00000029,0.00000000001101362,6784080,2019-02-25 15:54:12,btc,2.3338061544023123,0.0,0.00000029,btc,1568781.55724863,0.00065198,0.0995828901031418,30
1,[],4,[],2019-02-25 15:54:23,1111686.33014368,0.00005302,0.00000000201359356,6784081,2019-02-25 15:54:23,btc,5.0143772697135605,0.0,0.00005302,btc,65313.10703404,0.83647285,0.842146990699964,31
1,[],21,[],2019-02-25 15:54:24,30105.85975938,0.00005330000000000000129384350456,0.0000000020242274,6784082,2019-02-25 15:54:24,btc,2.1567061129112077,170095.56871408,0.0000533000000000000012938435045573015713671338744461536407470703125,btc,37072.31937724,9.39718086,1.2650052208890226,31
0,[],2,[],2019-01-20 23:28:43,0.0,0,0,6477009,2019-01-20 23:28:43,,0.0,0.0,0,,0.0,0.0,0.0,32
1,[],4,[],2019-02-25 15:54:25,338502490.7877725,0.00000004,0.00000000000151912,6784083,2019-02-25 15:54:25,btc,9.684478698391764,0.0,0.00000004,"btc,ltc",172760888.95139027,0.45622726,7.423334235254017,33
1,[],12,[],2019-02-25 15:54:26,17791261.941,0.00000005,0.0000000000018989,6784084,2019-02-25 15:54:26,btc,35620536.67162171,0.0,0.00000005,btc,89098403.5244752,0.0477010473926082,0.58020877705,33
1,[],4,[],2019-02-25 15:54:27,126182741.37162755,0.00000001,0.00000000000037978,6784085,2019-02-25 15:54:27,btc,4.1276492268274705,0.0,0.00000001,btc,98224398.75005578,0.0363369,1.2618274137162755,34
1,[],5,[],2019-02-25 15:54:29,0.0,0,0,6784086,2019-02-25 15:54:29,btc,0.0,0.10826824,0,btc,0.0,0.0,0.0,34
0.0000000001178816,[],4,[],2019-02-25 15:54:30,2695639256.0829167,3.536448e-18,1.3430722214400002e-22,6784087,2019-02-25 15:54:30,ltc,2.5537231141939743e-08,0.0,0.00000003,ltc,2873860565.939744,0.0,4.777175537495016e-09,36
1,[],5,[],2019-02-25 15:54:30,0.0,0,0,6784088,2019-02-25 15:54:30,btc,0.0,0.0,0,btc,0.0,0.0,0.0,36
0,[],17,[],2019-02-25 15:54:33,0.0,0,0,6784089,2019-02-25 15:54:33,btc,0.0746458232965017,0.0,0,btc,4103573.70243647,0.0,0.0,36
0.00000000036039420000000003,[],27,[],2019-02-25 15:54:36,1000000.0,3.603942e-18,1.3687050927600002e-22,6784090,2019-02-25 15:54:36,eth,114.12865132688529,0.0,0.00000001,"ltc,eth",4157587.7875004,0.0,1.1836662520000001e-12,36
1,[],4,[],2019-02-25 15:48:00,628434.47747478,0.00000058,0.000000000022048293999999998,6783910,2019-02-25 15:48:00,btc,19772.506174361937,0.0,0.00000058,btc,583760.63245653,0.0161086,0.1308165354730054,37
1,[],12,[],2019-02-25 15:48:01,468600.47154473,0.00000058,0.000000000022048293999999998,6783911,2019-02-25 15:48:01,btc,1346.9697079078314,0.0,0.00000058,btc,878203.23828994,0.1439027963100153,0.1014993800000061,37
1,[],27,[],2019-02-25 15:48:14,14685.567,0.00000045,0.000000000017106435,6783912,2019-02-25 15:48:14,btc,25.81968438349233,0.0,0.00000045,btc,6791.34738508,0.0,0.00480032515,37
1,[],17,[],2019-02-25 15:37:47,1752.74075282,0.00000025,0.00000000000950175,6783718,2019-02-25 15:37:47,btc,0.055484923777095005,0.0,0.00000025,btc,1319.19918473,0.0,0.00043818518820499993,37
1,[],5,[],2019-02-25 15:54:37,0.0,0,0,6784091,2019-02-25 15:54:37,btc,0.0,0.00991201,0,btc,0.0,0.0,0.0,42
1,[],12,[],2019-02-25 15:54:38,136852.05550694,0.00000096,0.00000000003645888,6784092,2019-02-25 15:54:38,btc,94.69906200444962,0.0,0.00000096,btc,109861.11586055,0.0065467270161128,0.0423934979649553,42
0.00000000036039420000000003,[],27,[],2019-02-25 15:54:41,2000.0,3.603942e-18,1.3687050927600002e-22,6784093,2019-02-25 15:54:41,eth,0.00315028,0.0,0.00000001,"btc,eth",11.007,0.0,7.207884e-15,42
1,[],5,[],2019-02-25 15:54:42,0.0,0,0,6784094,2019-02-25 15:54:42,btc,0.0,0.01394032,0,btc,0.0,0.0,0.0,43
1,[],12,[],2019-02-25 15:54:43,1781593.0,0.00000001,0.00000000000037978,6784095,2019-02-25 15:54:43,btc,3569.5040086325275,0.0,0.00000001,btc,12096736.97242756,1.566e-05,0.01781593,43
0,[],17,[],2019-02-25 15:48:23,0.0,0,0,6783918,2019-02-25 15:48:23,btc,0.0,0.0,0,btc,0.0,0.0,0.0,43
1,[],12,[],2019-02-25 15:48:24,667571.0,0.00000005,0.000000000001900715,6783919,2019-02-25 15:48:24,btc,11115177.731081877,0.0,0.00000005,btc,1111209.40161834,0.00033265,0.016697609999999998,44
1,[],4,[],2019-02-25 15:54:45,303371082.7733453,0.00000002,0.00000000000075956,6784096,2019-02-25 15:54:45,btc,473.57632993460055,0.0,0.00000002,"btc,ltc",11894810.93165541,0.02347148,0.19406406666038462,49
0,[],4,[],2019-02-25 15:54:46,0.0,0,0,6784097,2019-02-25 15:54:46,,25.47533666116684,0.0,0,,10686886357.282566,0.0,0.0,52
0.0000000001261146,[],22,[],2019-02-25 15:54:50,80845862.0,1.261146e-18,4.7895802788e-23,6784098,2019-02-25 15:54:50,XMR,4366.96886713,0.0,0.00000001,XMR,255240310.67882353,1.261146e-17,0.80845862,57
0.00000000036039420000000003,[],27,[],2019-02-25 15:54:52,2000.0,3.603942e-18,1.3687050927600002e-22,6784099,2019-02-25 15:54:52,eth,0.0,0.0,0.00000001,"btc,eth",0.0,0.0,7.207884e-15,57
0.0000000001178816,[],4,[],2019-02-25 15:54:53,1136978481.197965,3.536448e-18,1.3430722214400002e-22,6784100,2019-02-25 15:54:53,ltc,18.80917012678681,0.0,0.00000003,ltc,4055833387.7818356,0.00212891,2.8676010888716773e-09,58
1,[],12,[],2019-02-25 15:54:54,1605735530.843957,0.0000000004,0.0000000000000151912,6784101,2019-02-25 15:54:54,btc,224005479621.07178,0.0,0.0000000004,btc,3773193279.206419,0.04097829048416284,0.5176744731011391,58
0,[],17,[],2019-02-25 15:54:56,0.0,0,0,6784102,2019-02-25 15:54:56,btc,1e+24,0.0,0,btc,49226522.0897055,0.0,0.0,58
0.0000000001261146,[],22,[],2019-02-25 15:54:59,137438.0,1.261146e-18,4.7895802788e-23,6784103,2019-02-25 15:54:59,XMR,69.8835922,0.0,0.00000001,XMR,9887963.0,0.0,0.00137438,58
1,[],5,[],2019-02-25 15:55:00,0.0,0,0,6784104,2019-02-25 15:55:00,btc,0.0,0.00224581,0,btc,0.0,0.0,0.0,61
1,[],22,[],2019-02-25 15:55:07,5149.5,0.00000011,0.00000000000417758,6784105,2019-02-25 15:55:07,BTC,1002.29597012,0.0,0.00000011,BTC,14947.700278135757,0.0,0.00051596,61
1,[],26,[],2019-02-25 15:55:07,0.0,0.00000800,0.000000000303824,6784106,2019-02-25 15:55:07,btc,0.0,0.0,0.00000800,btc,0.0,0.0,0.0,61
1,[],27,[],2019-02-25 15:55:09,2493.55,0.00000045,0.000000000017090100000000002,6784107,2019-02-25 15:55:09,btc,7.845304881030758,0.0,0.00000045,"btc,eth",20831.38399471,0.0,0.00021559750353186317,61
1,[],28,[],2019-02-25 15:55:11,13882.304,0.0000005,0.000000000018989,6784108,2019-02-25 15:55:11,btc,2.056328285685105,736.0,0.0000005,btc,9746.52450005,0.0,0.00566491304,61
1,[],4,[],2019-02-25 15:55:11,1485793.80222515,0.00000283,0.00000000010747774000000001,6784109,2019-02-25 15:55:11,btc,11.2946469980488,0.0,0.00000283,btc,792310.14283663,0.15774451,1.4936172147901463,67
0.0,[],25,[],2019-02-25 15:55:13,0.0,0,0,6784110,2019-02-25 15:55:13,,0.0,0.0,0.0,btc,0.0,0.0,0.0,67
1,[],12,[],2019-02-25 15:55:14,2980561.47390196,0.00000018,0.00000000000683604,6784111,2019-02-25 15:55:14,btc,11115997.972094497,0.0,0.00000018,btc,2113878.76999594,0.000187386023976,0.1011497664411115,71
,[],5,[],2018-11-20 23:02:39,1.5e-07,0.00000005,0.000000000002128045,4862160,2018-11-20 23:02:39,btc,2.84511358,0.0,,btc,0.00036572,0.0,0.07381892,74
1,[],5,[],2019-02-25 15:55:15,0.0,0,0,6784112,2019-02-25 15:55:15,btc,0.0,0.0,0,btc,0.0,0.0,0.0,75
1,[],4,[],2019-02-25 15:55:16,17233280.92031862,0.00000001,0.00000000000037978,6784113,2019-02-25 15:55:16,btc,11388.638595673243,0.0,0.00000001,btc,34444270.17624532,0.0,0.1723328092031862,81
0,[],20,[],2019-01-25 09:30:31,0.0,0,0,6495923,2019-01-25 09:30:31,btc,0.0,0.0,0,btc,0.0,0.0,0.0,81
1,[],4,[],2019-02-25 15:48:38,28609.80360103,0.00007600,0.0000000028890868,6783930,2019-02-25 15:48:38,btc,17.77838698943219,0.0,0.00007600,btc,12807.90268122,0.01247817,0.1382099635045289,82
1,[],21,[],2019-02-25 15:48:39,63275.96437674,0.00007642000000000000355104834426,0.000000002905052806,6783931,2019-02-25 15:48:39,btc,2.4034487755138367,11228.519611,0.00007642000000000000355104834426356319454498589038848876953125,btc,25527.55104645,0.85340775,1.930999925992281,82
0,[],17,[],2019-02-25 15:55:18,0.0,0,0,6784114,2019-02-25 15:55:18,btc,0.0447233088476774,0.0,0,btc,999127.19588126,0.0,0.0,84
0.0000000001178816,[],4,[],2019-02-25 15:55:19,147129917.14880705,4.7152640000000005e-18,1.7907629619200003e-22,6784115,2019-02-25 15:55:19,ltc,1.7828321050612381,0.0,0.00000004,ltc,404603452.6648808,0.0,3.6875562805426823e-10,85
,[],22,[],2018-11-20 23:09:34,3408.1,0.0000001,0.0000000000041895,4862324,2018-11-20 23:09:34,BTC,0.04624735,0.0,,BTC,4990.0,0.0,0.00033081,86
0,[],22,[],2019-02-22 12:52:35,0.0,0,0,6758847,2019-02-22 12:52:35,,2.0760781,0.0,0,,140622.94736842104,0.0,0.0,87
0,[],27,[],2019-02-22 12:52:37,0.0,0,0,6758848,2019-02-22 12:52:37,,0.0,0.0,0,btc,0.0,0.0,0.0,87
,[],2,[],2018-11-20 23:10:47,0.0,0,0,4862359,2018-11-20 23:10:47,,0.0,0.0,,,0.0,0.0,0.0,88
1,[],11,[],2019-02-25 15:55:20,90878.5757313,0.0001478100000000000095214114370634206352406181395053863525390625,0.000000005613528180000001,6784116,2019-02-25 15:55:20,btc,610.0310175785663,1575.4199669,0.0001478100000000000095214114370634206352406181395053863525390625,btc,101486.15269364,0.0,5.977132863391818,89
0,[],2,[],2019-01-20 23:31:45,0.0,0,0,6477083,2019-01-20 23:31:45,,0.0,0.0,0,,0.0,0.0,0.0,91
1,[],12,[],2019-02-25 15:55:21,507557.12207673996,0.000001430000000000000072932653839841155019030338735319674015045166015625,0.00000000005430854000000001,6784117,2019-02-25 15:55:21,btc,4.329475868958872,0.0,0.000001430000000000000072932653839841155019030338735319674015045166015625,btc,57086.29114169,0.0011433315529945,0.11711120889381979,91
0,[],17,[],2019-02-25 15:55:23,0.0,0,0,6784118,2019-02-25 15:55:23,btc,0.0,0.0,0,btc,0.0,0.0,0.0,91
0,[],22,[],2019-02-25 15:55:25,0.0,0,0,6784119,2019-02-25 15:55:25,,3.1e-06,0.0,0,,2.0,0.0,0.0,91
0.0000000001178816,[],22,[],2019-02-25 15:55:29,2791021.0,4.7152640000000005e-18,1.7907629619200003e-22,6784120,2019-02-25 15:55:29,LTC,8.53161599,0.0,0.00000004,LTC,71994962.1,0.0,0.09164084,95
0.0000000001178816,[],4,[],2019-02-25 15:55:30,646735236.3344063,7.544422400000001e-17,2.8652207390720004e-21,6784121,2019-02-25 15:55:30,ltc,11.909373087320477,0.0,0.00000064,ltc,136734582.56847835,0.0,2.34550974551286e-09,96
0,[],12,[],2019-02-25 15:55:30,0.0,0,0,6784122,2019-02-25 15:55:30,btc,255075.86234154957,0.0,0,btc,8739517.11519454,1.6883116883e-06,0.0,96
0,[],17,[],2019-02-25 15:48:54,0.0,0,0,6783939,2019-02-25 15:48:54,btc,0.0,0.0,0,btc,0.0,0.0,0.0,96
1,[],4,[],2019-02-25 15:55:42,1523180.70852478,0.00000032,0.00000000001215296,6784123,2019-02-25 15:55:42,btc,3.0547958653845257,0.0,0.00000032,btc,2475388.82808054,0.01281804,0.1335908646270195,99
0,[],2,[],2019-01-20 23:23:55,0.0,0,0,6476914,2019-01-20 23:23:55,,0.0,0.0,0,,0.0,0.0,0.0,100
1,[],4,[],2019-02-25 15:55:42,138439.09735048,0.00004100,0.0000000015570980000000001,6784124,2019-02-25 15:55:42,btc,13.806117710758363,0.0,0.00004100,btc,199303.66884421,3.65647633,2.464685779242312,100
1,[],22,[],2019-02-25 15:55:46,50000.0,0.00000001,0.00000000000037978,6784125,2019-02-25 15:55:46,BTC,23.49896609,0.0,0.00000001,BTC,10277.22,0.0,0.0005,101
1,[],4,[],2019-02-25 15:55:46,485198.33773566,0.00000087,0.00000000003304086,6784126,2019-02-25 15:55:46,btc,256.30239589737903,0.0,0.00000087,btc,487109.92317378,0.00511038,0.2519273651346539,103
1,[],12,[],2019-02-25 15:55:49,66608385.0,0.00000001,0.00000000000037978,6784127,2019-02-25 15:55:49,btc,137279276.29139757,0.0,0.00000001,btc,125160672.43204203,0.04070845026230946,0.204429875,105
1,[],27,[],2019-02-25 15:55:51,125810.89,0.00000001,0.00000000000037978,6784128,2019-02-25 15:55:51,btc,26.557578245556094,0.0,0.00000001,btc,574707.68391977,0.0,0.0012581089,105
1,[],22,[],2019-02-25 15:55:54,9328.0,0.00000001,0.00000000000037978,6784129,2019-02-25 15:55:54,BTC,51.10837004,0.0,0.00000001,BTC,470435.0,0.0,9.328e-05,107
1,[],26,[],2019-02-25 15:55:55,0.0,0.00000000,0,6784130,2019-02-25 15:55:55,btc,0.0,0.0,0.00000000,btc,0.0,0.0,0.0,107
1,[],5,[],2019-02-25 15:55:56,0.0,0,0,6784131,2019-02-25 15:55:56,btc,0.0,0.02832105,0,btc,0.0,0.0,0.0,112
1,[],22,[],2019-02-25 15:55:59,1966.0,0.00000001,0.00000000000037978,6784132,2019-02-25 15:55:59,BTC,2.81183288,0.0,0.00000001,BTC,808524.0833333334,0.0,1.966e-05,112
0.00000000036039420000000003,[],27,[],2019-02-25 15:56:02,2000.0,3.603942e-18,1.3687050927600002e-22,6784133,2019-02-25 15:56:02,eth,1.35132491849924,0.0,0.00000001,"btc,eth",1328.641654,0.0,7.207884e-15,112
1,[],4,[],2019-02-25 15:56:03,365310.25041156,0.00000306,0.00000000011621268000000001,6784134,2019-02-25 15:56:03,btc,5.7871943433351625,0.0,0.00000306,btc,350441.17472677,0.06851416,0.1438502955894672,113
1,[],5,[],2019-02-25 15:56:03,0.0,0,0,6784135,2019-02-25 15:56:03,btc,0.0,0.0,0,btc,0.0,0.0,0.0,113
1,[],17,[],2019-02-25 15:56:15,152738.278,0.00000004,0.00000000000151912,6784136,2019-02-25 15:56:15,btc,1.33680302678,0.0,0.00000004,btc,50696.221,0.0,0.0022095311199999998,116
0,[],27,[],2019-02-25 15:56:17,0.0,0,0,6784137,2019-02-25 15:56:17,,0.0,0.0,0,btc,0.0,0.0,0.0,116
1,[],4,[],2019-02-25 15:56:18,391630.20620912,0.00002050,0.0000000007785490000000001,6784138,2019-02-25 15:56:18,btc,29.3234212901365,0.0,0.00002050,btc,92841.82214839,4.71333649,1.1076389436773768,120
1,[],7,[],2019-02-25 15:56:20,211344.83291249,0.00001718999999999999974092772248024374448505113832652568817138671875,0.00000000065284182,6784139,2019-02-25 15:56:20,btc,115647.00034594352,376.07972725,0.00001718999999999999974092772248024374448505113832652568817138671875,btc,37560.904976210004,0.00810331,0.0651179765078482,120
1,[],20,[],2019-02-25 15:56:23,1371097.5231,0.000000042,0.000000000001595076,6784140,2019-02-25 15:56:23,btc,32.328679420354,273409.6927,0.000000042,btc,855801.5318,0.0099740855455,0.0084460668043,125
1,[],22,[],2019-02-25 15:56:26,3053.0,0.00000001,0.00000000000037978,6784141,2019-02-25 15:56:26,BTC,0.01444887,0.0,0.00000001,BTC,296263.5111111111,0.0,3.053e-05,126
1,[],4,[],2019-02-25 15:56:27,105879.57987836,0.00001421,0.0000000005396673800000001,6784142,2019-02-25 15:56:27,btc,21.478821547788737,0.0,0.00001421,btc,133519.13811183,0.17193112,0.5734461057640365,131
0,[],17,[],2019-02-25 15:56:29,0.0,0,0,6784143,2019-02-25 15:56:29,btc,0.0009561751951600001,0.0,0,btc,35.42829368,0.0,0.0,131
0,[],2,[],2019-01-20 23:25:46,0.0,0,0,6476969,2019-01-20 23:25:46,,0.0,0.0,0,,0.0,0.0,0.0,131
1,[],4,[],2019-02-25 15:56:30,4558.88664889,0.00016001,0.000000006076859780000001,6784144,2019-02-25 15:56:30,btc,1.643253033974055,0.0,0.00016001,btc,320.0767349,0.00108275,0.0087097550733931,135
1,[],3,[],2019-02-25 15:56:30,1498786.23351843,0.00000005,0.0000000000018989,6784145,2019-02-25 15:56:30,btc,0.6558427489981828,87465.0241667,0.00000005,btc,2368176.28264165,0.0,0.0550645273370352,136
1,[],4,[],2019-02-25 15:56:31,260250.346745,0.00000149,0.000000000056587220000000006,6784146,2019-02-25 15:56:31,btc,38.57270319103401,0.0,0.00000149,btc,653179.68489397,0.03010614,0.0724371289694699,137
1,[],12,[],2019-02-25 15:56:32,293552.01701702,0.000001520000000000000058272072063492164062381561961956322193145751953125,0.00000000005772656000000001,6784147,2019-02-25 15:56:32,btc,11807.600558971499,0.0,0.000001520000000000000058272072063492164062381561961956322193145751953125,btc,125078.06109106,0.0069094683996906,0.0182691200000056,137
1,[],4,[],2019-02-25 15:56:33,209800.36656799,0.00004024,0.0000000015282347200000001,6784148,2019-02-25 15:56:33,btc,29.18373298134107,0.0,0.00004024,btc,45333.18161114,0.66099453,0.7326204767346045,142
1,[],5,[],2019-02-25 15:56:34,0.0,0,0,6784149,2019-02-25 15:56:34,btc,0.0,0.5080822,0,btc,0.0,0.0,0.0,142
1,[],17,[],2019-02-25 15:56:46,22967.386363640002,0.00000088,0.00000000003342064000000001,6784150,2019-02-25 15:56:46,btc,20.0699133484,0.0,0.00000088,btc,405.079105,0.0,0.0104613000000032,142
1,[],20,[],2019-02-25 15:56:47,133310.9826,0.000045043,0.0000000017106430540000001,6784151,2019-02-25 15:56:47,btc,0.4934565146914,0.0,0.000045043,btc,3751.6313,0.0,0.2356579130972,142
1,[],22,[],2019-02-25 15:56:51,1685.8988921568628,0.00004000,0.00000000151912,6784152,2019-02-25 15:56:51,BTC,3.00385504,0.0,0.00004000,BTC,891.218,0.0,0.00174536,142
0.0,[],25,[],2019-02-25 15:56:53,0.0,0,0,6784153,2019-02-25 15:56:53,,0.0,0.0,0.0,btc,0.0,0.0,0.0,142
1,[],28,[],2019-02-25 15:56:55,76772.0,0.00004500,0.00000000170901,6784154,2019-02-25 15:56:55,btc,0.0866109227,769.0,0.00004500,btc,790.5355,0.0,0.0338472,142
0,[],22,[],2019-02-25 15:56:57,0.0,0,0,6784155,2019-02-25 15:56:57,,60.80280694,0.0,0,,704341446.3,0.0,0.0,143
1,[],21,[],2019-02-25 15:56:58,24257752.7289432,0.00000024,0.00000000000911472,6784156,2019-02-25 15:56:58,btc,54.668941572068036,8799426.71038906,0.00000024,btc,99347451.51019353,2.15812066,3.5496992910811405,145
0,[],22,[],2019-02-25 15:42:22,0.0,0,0,6783783,2019-02-25 15:42:22,,4.2131946,0.0,0,,2322156.0,0.0,0.0,146
,[],22,[],2018-11-20 23:01:11,0.0,0,0,4862114,2018-11-20 23:01:11,,2.56807021,0.0,,,61828.4988236,0.0,0.0,147
1,[],12,[],2019-02-25 15:57:00,114496.41772151,0.00000252000000000000001302018388937842274799550068564713001251220703125,0.00000000009570456000000001,6784157,2019-02-25 15:57:00,btc,16.2851695796509,0.0,0.00000252000000000000001302018388937842274799550068564713001251220703125,btc,116871.95764188,0.0006826757029434,0.0270103199999858,148
1,[],4,[],2019-02-25 15:57:01,252234.27003873,0.00000038,0.00000000001443164,6784158,2019-02-25 15:57:01,btc,219.96506728648566,0.0,0.00000038,btc,790884.43190714,0.00152788,0.0607342055190162,152
0,[],22,[],2019-02-25 15:57:04,0.0,0,0,6784159,2019-02-25 15:57:04,,0.0,0.0,0,,0.0,0.0,0.0,152
1,[],5,[],2019-02-25 15:57:05,0.0,0,0,6784160,2019-02-25 15:57:05,btc,0.0,0.0,0,btc,0.0,0.0,0.0,153
,[],16,[],2019-01-11 15:38:59,0.0,0,0,6366141,2019-01-11 15:38:59,btc,0.0,0.0,,btc,0.0,0.0,0.0,155
0,[],23,[],2019-01-20 23:24:29,0.0,0,0,6476932,2019-01-20 23:24:29,,0.0,0.0,0,,0.0,0.0,0.0,156
0,[],22,[],2019-02-25 15:57:08,0.0,0,0,6784161,2019-02-25 15:57:08,,6.74832201,0.0,0,,4646626.742592593,0.0,0.0,156
1,[],22,[],2019-02-25 15:57:13,7073.8,0.00005300,0.000000002012834,6784162,2019-02-25 15:57:13,BTC,1.80343699,0.0,0.00005300,BTC,899.6422341958436,0.0,0.00104336,157
0,[],22,[],2019-02-25 15:57:20,0.0,0,0,6784163,2019-02-25 15:57:20,,50175.68008609,0.0,0,,54479136.04179466,0.0,0.0,158
,[],17,[],2018-11-20 22:56:10,0.0,0,0,4861976,2018-11-20 22:56:10,btc,1.1265625,0.0,,btc,1000.0,0.0,0.0,159
,[],20,[],2018-11-20 22:56:12,0.0,0,0,4861977,2018-11-20 22:56:12,btc,11912.7940471,0.0,,btc,34413894.3617,0.0,0.0,159
1,[],12,[],2019-02-25 15:57:21,182307.96588937,0.000007960000000000000020959796398489771718232077546417713165283203125,0.00000000030230488,6784164,2019-02-25 15:57:21,btc,6.6417682868412715,0.0,0.000007960000000000000020959796398489771718232077546417713165283203125,btc,13563.75286293,0.0033162282573758,0.0957707363474639,168
1,[],17,[],2019-02-25 15:50:24,29784.95,0.000001,0.0000000000380143,6783976,2019-02-25 15:50:24,btc,0.03026736251542,0.0,0.000001,btc,144.46171372,0.0,0.00716147,168
1,[],22,[],2019-02-25 15:57:25,262482.0,0.00000001,0.00000000000037978,6784165,2019-02-25 15:57:25,BTC,1.14695792,0.0,0.00000001,BTC,779972.8900917594,0.0,0.00262482,169
1,[],22,[],2019-02-25 15:57:29,234995.5,0.00000018,0.000000000006836040000000001,6784166,2019-02-25 15:57:29,BTC,13.2557958,0.0,0.00000018,BTC,151006.2939341018,1.6e-05,0.00829919,171
1,[],22,[],2019-02-25 15:57:33,41597.0,0.00000008,0.00000000000303824,6784167,2019-02-25 15:57:33,BTC,2.2001943,0.0,0.00000008,BTC,241326.1533991682,0.0,0.00096143,173
1,[],5,[],2019-02-25 15:57:34,0.0,0,0,6784168,2019-02-25 15:57:34,btc,0.0,0.25725587,0,btc,0.0,0.0,0.0,175
1,[],22,[],2019-02-25 15:57:37,45904.0,0.0000003,0.0000000000113934,6784169,2019-02-25 15:57:37,BTC,0.52955903,0.0,0.0000003,BTC,143368.41384013777,0.0,0.0052148,176
1,[],7,[],2019-02-25 15:57:39,0.0,0,0,6784170,2019-02-25 15:57:39,btc,410932.5281358376,10000.0,0,btc,117881559.31901672,0.0001,0.0,178
0,[],22,[],2019-02-25 15:57:41,0.0,0,0,6784171,2019-02-25 15:57:41,,1.00242428,0.0,0,,57512.0,0.0,0.0,178
0,[],2,[],2019-01-20 23:28:34,0.0,0,0,6477001,2019-01-20 23:28:34,,0.0,0.0,0,,0.0,0.0,0.0,178
0,[],23,[],2019-01-20 23:25:08,0.0,0,0,6476952,2019-01-20 23:25:08,,0.0,0.0,0,,0.0,0.0,0.0,179
1,[],5,[],2019-02-25 15:57:43,0.0,0,0,6784172,2019-02-25 15:57:43,btc,0.0,0.30737707,0,btc,0.0,0.0,0.0,179
1,[],22,[],2019-02-25 15:57:47,7061490.0,0.00000003,0.00000000000113934,6784173,2019-02-25 15:57:47,BTC,5.63524981,0.0,0.00000003,"BTC,LTC",17162072.301989965,0.00227333,0.38172614,179
0.0000000001178816,[],22,[],2019-02-25 15:58:02,128605.4,1.1788160000000001e-17,4.4769074048000005e-22,6784174,2019-02-25 15:58:02,LTC,0.19838285,0.0,0.0000001,LTC,59391.081085161226,0.0,0.00130544,180
1,[],26,[],2019-02-25 15:58:02,0.0,0.00000100,0.000000000037978,6784175,2019-02-25 15:58:02,btc,0.0,0.0,0.00000100,btc,0.0,0.0,0.0,180
1,[],17,[],2019-02-25 15:50:49,10504.725,0.0000001,0.00000000000380143,6783986,2019-02-25 15:50:49,btc,5.201069583845301,0.0,0.0000001,btc,5033.45945,0.0,0.0010504725,180
,[],7,[],2018-11-20 22:58:01,562227.975654,0.00000085,0.000000000036176765,4862015,2018-11-20 22:58:01,btc,21836.6059674,2491.87645172,,btc,749999.041456,0.00211021,0.127565380455,183
,[],5,[],2019-01-10 08:11:41,0.0,0,0,6347036,2019-01-10 08:11:41,btc,82.15055501,0.00261,,btc,1.19002445,0.0,0.0,187
,[],17,[],2018-11-16 20:58:10,4062536.27273,0.00000001,0.000000000000550501,4708775,2018-11-16 20:58:10,btc,3.36492563466,0.195460381006,,"btc,eth",110697919.549,0.0,0.0157628953496,187
1,[],24,[],2019-02-25 15:58:03,0.0,0.000000000001,3.7978000000000005e-17,6784176,2019-02-25 15:58:03,btc,0.0,0.0,0.000000000001,btc,0.0,0.0,0.0,187
0,[],22,[],2019-02-25 10:59:45,0.0,0,0,6781186,2019-02-25 10:59:45,,1.19374396,0.0,0,,16308.869534405507,0.0,0.0,191
0,[],22,[],2019-02-25 15:50:58,0.0,0,0,6783990,2019-02-25 15:50:58,,0.0,0.0,0,,0.0,0.0,0.0,197
0,[],23,[],2019-01-20 23:31:41,0.0,0,0,6477079,2019-01-20 23:31:41,,0.0,0.0,0,,0.0,0.0,0.0,199
0,[],22,[],2019-02-25 15:58:07,0.0,0,0,6784177,2019-02-25 15:58:07,,5.19477622,0.0,0,,21058553.0,0.0,0.0,199
1,[],26,[],2019-02-25 15:58:07,0.0,0.00000000,0,6784178,2019-02-25 15:58:07,btc,0.0,0.0,0.00000000,btc,0.0,0.0,0.0,199
0,[],17,[],2019-01-30 16:32:01,0.0,0,0,6540827,2019-01-30 16:32:01,btc,6.802544163788159,0.0,0,btc,105897.55575295,0.0,0.0,200
0,[],2,[],2019-01-20 23:30:49,0.0,0,0,6477059,2019-01-20 23:30:49,,0.0,0.0,0,,0.0,0.0,0.0,201
1,[],4,[],2019-01-25 15:51:35,2084389.58565343,0.00000936,0.000000000333526752,6499557,2019-01-25 15:51:35,btc,2.0092503037378524,0.0,0.00000936,btc,160195.80207885,0.19272417,1.242687955921835,211
1,[],7,[],2019-02-25 15:58:11,4187922.28944361,0.000001300000000000000047051663780439678674838432925753295421600341796875,0.000000000049371400000000007,6784179,2019-02-25 15:58:11,btc,15476655.312133292,223630.395494,0.000001300000000000000047051663780439678674838432925753295421600341796875,btc,13134732.97200106,0.0,3.149571482968492,212
1,[],12,[],2019-01-25 02:44:32,207462.42853209,0.000001080000000000000035831255497387193287295303889550268650054931640625,0.000000000038610756000000006,6493050,2019-01-25 02:44:32,btc,85023.03793723314,0.0,0.000001080000000000000035831255497387193287295303889550268650054931640625,btc,43675.73520027,0.000146250909087,0.0348620860622024,213
1,[],5,[],2019-02-25 15:58:12,0.0,0,0,6784180,2019-02-25 15:58:12,btc,0.0,0.35211846,0,btc,0.0,0.0,0.0,213
1,[],24,[],2019-02-25 15:58:12,0.0,0.000000100000,0.000000000003797800000000001,6784181,2019-02-25 15:58:12,btc,0.0,0.0,0.000000100000,btc,0.0,0.0,0.0,213
1,[],26,[],2019-02-25 15:58:12,0.0,0.00000009,0.0000000000034180200000000004,6784182,2019-02-25 15:58:12,btc,0.0,0.0,0.00000009,btc,0.0,0.0,0.0,213
1,[],22,[],2019-02-25 15:58:16,104891.0,0.00000001,0.00000000000037978,6784183,2019-02-25 15:58:16,BTC,2.22001282,0.0,0.00000001,BTC,449232.1963726171,9.6e-07,0.00104891,216
1,[],27,[],2019-02-25 15:58:18,18192752.005988,0.00000008,0.00000000000303824,6784184,2019-02-25 15:58:18,btc,311.82570671644,1502.004,0.00000008,"btc,ltc",218487.901,0.0001641200009430528,0.03410555043928198,216
1,[],22,[],2019-02-25 15:58:22,251736.4667325441,0.00000215,0.0000000000816527,6784185,2019-02-25 15:58:22,BTC,12673.59507053,0.0,0.00000215,BTC,379782.3367062892,0.02362449,0.35683514,217
1,[],7,[],2019-02-25 15:58:24,0.0,0,0,6784186,2019-02-25 15:58:24,btc,77969.77488735563,0.0,0,btc,137043486.5550253,0.0,0.0,219
0,[],27,[],2019-02-25 15:58:26,0.0,0,0,6784187,2019-02-25 15:58:26,,0.0740438339680921,0.0,0,btc,1536429.20709513,0.0,0.0,219
0.0000000000000052,[],28,[],2019-02-25 15:58:28,168412474.765,5.200052e-18,1.97487574856e-22,6784188,2019-02-25 15:58:28,doge,83883.3352434475,15153.0,0.00100001,"btc,doge",4823713.77951,0.0,1.1290192399190953e-11,219
1,[],22,[],2019-02-25 15:58:31,40665.0,0.00000001,0.00000000000037978,6784189,2019-02-25 15:58:31,BTC,3.01261816,0.0,0.00000001,BTC,128714.27041875875,0.02770506,0.00040665,221
1,[],24,[],2019-02-25 15:58:32,0.0,0.000000200000,0.000000000007595600000000001,6784190,2019-02-25 15:58:32,btc,0.0,0.0,0.000000200000,btc,0.0,0.0,0.0,221
1,[],20,[],2019-02-25 15:58:36,42838652.0989,0.000000001,0.000000000000037978,6784191,2019-02-25 15:58:36,btc,48.0245334879449,904234.6233,0.000000001,btc,10856306.3145,0.0017042346232,0.0428386520989,224
0,[],22,[],2019-02-25 15:58:39,0.0,0,0,6784192,2019-02-25 15:58:39,,0.0,0.0,0,,0.0,0.0,0.0,224
1,[],26,[],2019-02-25 15:58:39,0.0,0.00000035,0.000000000013292300000000001,6784193,2019-02-25 15:58:39,btc,0.0,0.0,0.00000035,btc,0.0,0.0,0.0,231
1,[],26,[],2019-02-25 15:51:29,0.0,0.00000006,0.000000000002280858,6784006,2019-02-25 15:51:29,btc,0.0,0.0,0.00000006,btc,0.0,0.0,0.0,234
0.0000000003605213,[],27,[],2019-02-25 15:51:31,2000.0,3.6052130000000005e-18,1.370496485459e-22,6784007,2019-02-25 15:51:31,eth,0.0120483662182,0.0,0.00000001,"btc,eth",12462.99618,0.0,7.210426e-15,234
1,[],4,[],2019-02-25 15:58:40,1034777.94248818,0.00000081,0.000000000030762180000000004,6784194,2019-02-25 15:58:40,btc,4.445002845332989,0.0,0.00000081,btc,1056568.3572138,0.07571991,0.4030457788119112,236
1,[],24,[],2019-02-25 15:58:41,0.0,0.000000300000,0.0000000000113934,6784195,2019-02-25 15:58:41,btc,0.0,0.0,0.000000300000,btc,0.0,0.0,0.0,236
1,[],20,[],2019-02-25 15:58:43,83347241.2283,0.000000055,0.00000000000208879,6784196,2019-02-25 15:58:43,btc,10.114906123058,30725292.6789,0.000000055,btc,45329348.0582,1.7991032908116,0.2596650975581,237
0.0000000001178816,[],22,[],2019-02-25 15:58:46,14400.0,1.1788160000000001e-17,4.4769074048000005e-22,6784197,2019-02-25 15:58:46,LTC,0.0405823,0.0,0.0000001,LTC,3164.0,0.0,0.00144,237
1,[],4,[],2019-02-25 15:58:47,6739212.82985959,0.00000032,0.00000000001215296,6784198,2019-02-25 15:58:47,btc,5.900890114232492,0.0,0.00000032,btc,9356751.18865637,0.31092799,1.4144284835187242,238
1,[],5,[],2019-02-25 15:58:48,0.0,0,0,6784199,2019-02-25 15:58:48,btc,0.0,0.06921269,0,btc,0.0,0.0,0.0,238
0,[],22,[],2019-02-25 15:58:51,0.0,0,0,6784200,2019-02-25 15:58:51,,0.41356282,0.0,0,,316008.5639027493,0.0,0.0,249
0.0000000001178362,[],22,[],2019-02-25 15:51:47,7121097.666666667,3.535086e-18,1.343838197298e-22,6784015,2019-02-25 15:51:47,LTC,0.53555835,0.0,0.00000003,LTC,19096234.09,4.62064020888e-12,0.21263595,252
1,[],28,[],2019-02-25 15:58:54,3686992.592,0.00000016,0.00000000000607648,6784201,2019-02-25 15:58:54,btc,164693.66689272915,228900.3,0.00000016,btc,850950.6814,0.0,0.22391721114,256
1,[],22,[],2019-02-25 15:58:57,1057264.0,0.00000001,0.00000000000037978,6784202,2019-02-25 15:58:57,BTC,31.43607366,0.0,0.00000001,BTC,552637.8076914564,4.5e-06,0.01057264,258
1,[],22,[],2019-02-25 15:59:02,48751.0,0.00000001,0.00000000000037978,6784203,2019-02-25 15:59:02,BTC,2.4175745,0.0,0.00000001,BTC,1762.0,0.0,0.00048751,259
1,[],5,[],2019-02-25 15:59:04,0.0,0,0,6784204,2019-02-25 15:59:04,btc,0.0,0.26533623,0,btc,0.0,0.0,0.0,264
1,[],20,[],2019-02-25 15:59:06,1223817.2738,0.000002023,0.000000000076829494,6784205,2019-02-25 15:59:06,btc,7.3588594755028,114433.1447,0.000002023,btc,98280.9586,0.3417169137794,0.0228829661047,264
1,[],22,[],2019-02-25 15:59:10,10622.0,0.00000001,0.00000000000037978,6784206,2019-02-25 15:59:10,BTC,8.43409852,0.0,0.00000001,BTC,426263.8107878143,7.542e-05,0.00010622,271
0,[],22,[],2019-02-25 15:59:13,0.0,0,0,6784207,2019-02-25 15:59:13,,259.53594233,0.0,0,,14416281437.9,0.0,0.0,272
0.0000000000000052,[],28,[],2019-02-25 15:59:14,225944237874.369,4.212e-21,1.59963336e-25,6784208,2019-02-25 15:59:14,doge,21967182.233013984,62432494935.058,0.00000081,doge,221932665436.8808,0.0,5.97539355183586e-10,272
1,[],22,[],2019-02-25 15:52:12,114058.74,0.00000207,0.000000000078689601,6784024,2019-02-25 15:52:12,BTC,74.36202932,0.0,0.00000207,"BTC,LTC",10370.487639773188,1.108e-05,0.04325372,281
1,[],22,[],2019-02-25 15:52:15,882681.5,0.00000002,0.000000000000760286,6784025,2019-02-25 15:52:15,BTC,1.33136171,0.0,0.00000002,BTC,128490.66554551729,0.00079361,0.01752151,286
0,[],22,[],2019-02-25 15:59:18,0.0,0,0,6784209,2019-02-25 15:59:18,,43634.52001853,0.0,0,,419066696.0,0.0,0.0,294
