pairValue,buyBook,exchangeId,sellBook,updated,buyTotal,satoshiPrice,usdPrice,exchangeLogId,created,bestPair,sellTotalBtc,volume,pairPrice,activePairs,sellTotal,volumeBtc,buyTotalBtc,coinId
1,[],3,[],2019-01-31 04:37:49,114.103389696521,0.01269679999999999940596406844406374148093163967132568359375,0.00000043941339376,6545102,2019-01-31 04:37:49,btc,107.00592479658437,0.23002111,0.01269679999999999940596406844406374148093163967132568359375,btc,13.943371239623001,0.0,0.3154275716756452,1
1,[],4,[],2019-01-31 04:37:50,25072.23503233,0.01260044,0.00000043607854760800003,6545103,2019-01-31 04:37:50,btc,1.036811818000151,0.0,0.01260044,btc,77.4449827,0.48193874,1.1665446026144255,1
1,[],5,[],2019-01-31 04:37:53,0.24830001,0.01252329,0.000000433408524978,6545104,2019-01-31 04:37:53,btc,14578.4497799,0.03771111,0.01252329,btc,35555556.31693297,0.0,1.51348198,1
1,[],10,[],2019-01-31 04:37:56,272653.83577665,0.01223399,0.00000042339637271800004,6545105,2019-01-31 04:37:56,btc,6537.5209623525825,1357.51902487,0.01223399,btc,1014.86552191,0.0,4.979283662821305,1
1,[],12,[],2019-01-31 04:38:00,10437.65338177,0.0125000000000000006938893903907228377647697925567626953125,0.00000043260250000000006,6545106,2019-01-31 04:38:00,btc,0.4603498058696,0.0,0.0125000000000000006938893903907228377647697925567626953125,btc,30.37524377,0.6167928045307,0.3713430424204,1
0,[],2,[],2019-01-20 23:28:45,0.0,0,0,6477011,2019-01-20 23:28:45,,0.0,0.0,0,,0.0,0.0,0.0,1
1,[],20,[],2019-01-31 04:38:02,1453.8517,0.0105001,0.00000036338956082,6545107,2019-01-31 04:38:02,btc,0.0564711704203,0.0,0.0105001,btc,2.4781,0.0,0.0967112513876,1
1,[],21,[],2019-01-31 04:38:03,2238.46453827,0.01266161000000000022569501823,0.00000043819553120200003,6545108,2019-01-31 04:38:03,btc,18.754686153319962,4687.687418330001,0.0126616100000000002256950182299988227896392345428466796875,"btc,eth",2140.06429521,54.155632673339504,22.004909200846768,1
1,[],22,[],2019-01-31 04:38:07,0.0263776,0.01350000,0.0000004672107,6545109,2019-01-31 04:38:07,BTC,0.31380731,0.0,0.01350000,BTC,0.09124366666666667,0.00013976,0.00034472,1
1,[],24,[],2019-01-31 04:38:08,0.0,0.000000000000,0,6545110,2019-01-31 04:38:08,btc,0.0,0.0,0.000000000000,btc,0.0,0.0,0.0,1
0.0,[],25,[],2019-01-31 04:38:09,0.0,0,0,6545111,2019-01-31 04:38:09,btc,24.131899998143044,425.77717047,0.0,btc,1854.87239971,5.3962,0.0,1
1,[],26,[],2019-01-31 04:38:20,0.0,0,0,6545112,2019-01-31 04:38:20,,0.0,0.0,0,,0.0,0.0,0.0,1
1,[],28,[],2019-01-31 04:38:23,987.9,0.01131000,0.00000039141874200000004,6545113,2019-01-31 04:38:23,btc,0.162839806,17525.35,0.01131000,btc,8.9,0.0,0.024551096,1
1,[],5,[],2019-01-31 04:38:25,1.966e-05,0.00000076,0.000000000026302232,6545114,2019-01-31 04:38:25,btc,0.14924859,0.03225828,0.00000076,btc,7.345e-05,0.0,0.44315177,2
0,[],22,[],2019-01-31 04:38:30,0.0,0,0,6545115,2019-01-31 04:38:30,,0.0,0.0,0,,0.0,0.0,0.0,2
1,[],5,[],2019-01-31 04:38:31,1.42e-06,0.00000017,0.000000000005883394,6545116,2019-01-31 04:38:31,btc,3.85083003,0.07188165,0.00000017,btc,2.267e-05,0.0,3.67709089,3
1,[],12,[],2019-01-31 04:38:32,12319893.28475803,0.000000172,0.000000000005952610400000001,6545117,2019-01-31 04:38:32,btc,921319.9083019411,0.0,0.000000172,btc,7985867.11806085,0.06100871030212677,0.5277654907573245,3
0,[],28,[],2019-01-31 04:38:34,0.0,0,0,6545118,2019-01-31 04:38:34,,0.0,0.0,0,,0.0,0.0,0.0,3
0,[],2,[],2019-01-20 23:31:32,0.0,0,0,6477077,2019-01-20 23:31:32,,0.0,0.0,0,,0.0,0.0,0.0,4
1,[],4,[],2019-01-31 04:38:35,236410.6566067,0.00000032,0.000000000011074624,6545119,2019-01-31 04:38:35,btc,0.412090676937241,0.0,0.00000032,btc,332389.44494238,0.00099999,0.0194263704908625,4
1,[],12,[],2019-01-25 15:53:49,1222127.5219999999,0.00000003,0.000000000001069017,6499609,2019-01-25 15:53:49,btc,11013867.817925906,0.0,0.00000003,btc,969763.77092902,0.0,0.01617509044,5
0,[],2,[],2019-01-20 23:31:51,0.0,0,0,6477087,2019-01-20 23:31:51,,0.0,0.0,0,,0.0,0.0,0.0,6
1,[],11,[],2019-01-31 04:38:36,5048494.5,0.00000002,0.000000000000692164,6545120,2019-01-31 04:38:36,btc,9432.45614476156,468192.0,0.00000002,btc,41355460.95537939,0.0,0.050880335,6
1,[],3,[],2019-01-31 04:38:37,1069.652384675756,0.000150559999999999995050348200464895853656344115734100341796875,0.000000005210610592,6545121,2019-01-31 04:38:37,btc,28.510202753279106,0.0,0.000150559999999999995050348200464895853656344115734100341796875,btc,234.145665820227,0.0,0.030997767816609203,7
1,[],4,[],2019-01-31 04:38:38,22895.94294118,0.00016427,0.000000005685089014000001,6545122,2019-01-31 04:38:38,btc,2.353618280148323,0.0,0.00016427,btc,12950.41574349,2.79520245,3.4486114037434636,7
1,[],5,[],2019-01-31 04:38:39,0.00493262,0.00015670,0.0000000054231049400000005,6545123,2019-01-31 04:38:39,btc,1.28675127,0.90069211,0.00015670,btc,0.01108408,0.0,1.56690181,7
1,[],20,[],2019-01-31 04:38:42,62771509.8802,0.000000001,0.0000000000000346082,6545124,2019-01-31 04:38:42,btc,136.3794032759826,3088827.1843,0.000000001,btc,24923278.1195,0.0061776543686,0.0627715098802,8
0,[],2,[],2019-01-20 23:22:42,0.0,0,0,6476876,2019-01-20 23:22:42,,0.0,0.0,0,,0.0,0.0,0.0,9
0,[],23,[],2019-01-20 23:22:48,0.0,0,0,6476878,2019-01-20 23:22:48,,0.0,0.0,0,,0.0,0.0,0.0,9
1,[],1,[],2019-01-31 04:38:43,564675.13,0.000001769999999999999994019540816569957542014890350401401519775390625,0.00000000006125651400000001,6545125,2019-01-31 04:38:43,btc,0.7352031712,22145746.08,0.000001769999999999999994019540816569957542014890350401401519775390625,btc,409192.14,39.15726057,0.9802765882000001,9
1,[],4,[],2019-01-31 04:38:43,1177447.5829848,0.00000179,0.000000000061948678,6545126,2019-01-31 04:38:43,btc,1.2088699165521373,0.0,0.00000179,btc,633268.50878717,0.56362623,0.4937128792252074,9
1,[],28,[],2019-01-31 04:38:48,34500.0,0.00000165,0.000000000057103530000000004,6545127,2019-01-31 04:38:48,btc,2708.749431076,3565355.0,0.00000165,btc,7420.28,0.0,0.02854,9
1,[],4,[],2019-01-31 04:38:49,7674654.66126053,0.00000002,0.000000000000692164,6545128,2019-01-31 04:38:49,btc,0.2059096907857639,0.0,0.00000002,btc,4034631.16091358,0.00059386,0.0822055838452106,10
0,[],2,[],2019-01-20 23:23:08,0.0,0,0,6476890,2019-01-20 23:23:08,,0.0,0.0,0,,0.0,0.0,0.0,12
1,[],4,[],2019-01-31 04:38:50,4471880.64157382,0.00000140,0.000000000048451480000000006,6545129,2019-01-31 04:38:50,btc,1.1493449687621087,0.0,0.00000140,btc,780340.05550298,2.24358178,2.8139897127129316,12
1,[],5,[],2019-01-31 04:38:51,1.196e-05,0.00000134,0.000000000046374988,6545130,2019-01-31 04:38:51,btc,0.30185013,1.27716091,0.00000134,btc,0.00011946,0.0,0.52877225,12
0.0,[],25,[],2019-01-31 04:38:53,0.0,0,0,6545131,2019-01-31 04:38:53,,0.0,0.0,0.0,btc,0.0,0.0,0.0,12
1,[],10,[],2019-01-31 03:41:17,587989.75536519,0.00000635,0.00000000022038119500000002,6544930,2019-01-31 03:41:17,btc,666811.0354767059,16744.9594722,0.00000635,btc,835493.32236883,0.0,0.8420242702134451,13
1,[],4,[],2019-01-31 04:38:54,367761.25497565,0.00000646,0.000000000223568972,6545132,2019-01-31 04:38:54,btc,0.3412961501527876,0.0,0.00000646,btc,49261.1667736,0.7610301,1.7042339985746806,13
1,[],21,[],2019-01-31 04:38:57,1406444.40866355,0.000006569999999999999776810477581,0.000000000227375874,6545133,2019-01-31 04:38:57,btc,5.989254453471139,1125743.91092004,0.000006569999999999999776810477580823999232961796224117279052734375,btc,814728.477397,7.41742285,7.365638922075909,13
1,[],4,[],2019-01-31 04:38:59,789493.73719963,0.00000141,0.000000000048797562000000004,6545134,2019-01-31 04:38:59,btc,0.1733100758835136,0.0,0.00000141,btc,83071.79230236,0.00245701,0.1102178155633293,14
1,[],12,[],2019-01-31 04:39:00,86167.42857143,0.0000011599999999999999051561623553130431218960438854992389678955078125,0.000000000040145512,6545135,2019-01-31 04:39:00,btc,1.7870420966516911,0.0,0.0000011599999999999999051561623553130431218960438854992389678955078125,btc,38567.61958427,0.0,0.0095790600000016,14
0,[],17,[],2019-01-31 04:39:02,0.0,0,0,6545136,2019-01-31 04:39:02,btc,0.0,0.0,0,btc,0.0,0.0,0.0,14
1,[],26,[],2019-01-31 04:39:02,0.0,0.00000049,0.000000000016958018000000002,6545137,2019-01-31 04:39:02,btc,0.0,0.0,0.00000049,btc,0.0,0.0,0.0,14
,[],12,[],2018-12-01 15:15:48,204241.84496,0.00000489,0.000000000202473384,5260204,2018-12-01 15:15:48,btc,49.5475654835,0.0,,btc,35763.2193806,0.0163153972027625,0.0203389899998,15
0,[],4,[],2019-01-31 04:48:31,0.0,0,0,6545340,2019-01-31 04:48:31,,0.0,0.0,0,,0.0,0.0,0.0,15
0,[],2,[],2019-01-20 23:23:38,0.0,0,0,6476906,2019-01-20 23:23:38,,0.0,0.0,0,,0.0,0.0,0.0,18
1,[],4,[],2019-01-31 04:48:32,24931.75537285,0.00001780,0.0000000006167112600000001,6545341,2019-01-31 04:48:32,btc,1.225075295514351,0.0,0.00001780,btc,7302.41435505,0.01654921,0.0800445407465151,18
1,[],10,[],2019-01-31 04:48:34,395857.363939,0.0000171,0.00000000059245857,6545342,2019-01-31 04:48:34,btc,15.546892014130655,14052.4819036,0.0000171,btc,10180.31946111,0.0,0.2834542174769355,18
1,[],12,[],2019-01-31 04:48:35,200644.63077994,0.00001811999999999999930709072837320405824357294477522373199462890625,0.000000000627798204,6545343,2019-01-31 04:48:35,btc,0.1842782110967739,0.0,0.00001811999999999999930709072837320405824357294477522373199462890625,btc,1629.21937285,0.0258129608853164,0.0143994097069279,18
0,[],17,[],2019-01-31 04:48:37,0.0,0,0,6545344,2019-01-31 04:48:37,btc,0.0,0.0,0,btc,0.0,0.0,0.0,18
0,[],2,[],2019-01-20 23:24:19,0.0,0,0,6476924,2019-01-20 23:24:19,,0.0,0.0,0,,0.0,0.0,0.0,19
1,[],3,[],2019-01-31 04:48:39,108759.01858306913,0.0000351100000000000009628929598104463138952269218862056732177734375,0.000000001216445637,6545345,2019-01-31 04:48:39,btc,1.2088698952841288,459.870196259,0.0000351100000000000009628929598104463138952269218862056732177734375,btc,8656.581861359313,0.0,0.10079825750185321,19
1,[],4,[],2019-01-31 04:48:40,76388.42311351,0.00003320,0.00000000115027044,6545346,2019-01-31 04:48:40,btc,0.4818482965540723,0.0,0.00003320,btc,12328.06413004,1.07529956,1.701813068487255,19
1,[],5,[],2019-01-31 04:48:41,0.00043801,0.00003156,0.000000001093449852,6545347,2019-01-31 04:48:41,btc,0.31055961,0.01094686,0.00003156,btc,0.00346048,0.0,0.23914025,19
1,[],12,[],2019-01-31 04:48:42,133598.41765257,0.00002373000000000000149903527091321819852964836172759532928466796875,0.0000000008221661910000001,6545348,2019-01-31 04:48:42,btc,1.991455332506318,0.0,0.00002373000000000000149903527091321819852964836172759532928466796875,btc,451.27457877,0.001834148601326,0.0318503908954861,19
0,[],27,[],2019-01-31 04:48:44,0.0,0,0,6545349,2019-01-31 04:48:44,,0.0,0.0,0,btc,0.0,0.0,0.0,19
1,[],4,[],2019-01-31 04:48:45,9445137.15447708,0.00000013,0.000000000004504071,6545350,2019-01-31 04:48:45,btc,0.8122401620688696,0.0,0.00000013,btc,1597393.93239221,0.00051211,0.395211008171568,20
1,[],4,[],2019-01-31 04:48:46,119462592.27423026,0.00000002,0.000000000000692934,6545351,2019-01-31 04:48:46,btc,0.6221757934414744,0.0,0.00000002,btc,14808176.96181205,0.00275886,1.3987465206544454,21
1,[],12,[],2019-01-31 04:48:47,19388582.0,0.00000002,0.000000000000692934,6545352,2019-01-31 04:48:47,btc,668.0328486030381,0.0,0.00000002,btc,8169130.31368897,0.0001547894505501,0.26070816,21
0,[],17,[],2019-01-31 04:48:49,0.0,0,0,6545353,2019-01-31 04:48:49,btc,0.0,0.0,0,btc,0.0,0.0,0.0,21
1,[],12,[],2019-01-31 04:48:50,2515876906.531895,0.0000000001,0.0000000000000034646700000000003,6545354,2019-01-31 04:48:50,btc,1721704714488.694,0.0,0.0000000001,btc,4997976113.315916,0.21410266456763236,0.25158769065318953,23
0,[],27,[],2019-01-31 04:48:52,0.0,0,0,6545355,2019-01-31 04:48:52,,0.424699,0.0,0,eth,424699.0,0.0,0.0,23
1,[],4,[],2019-01-31 04:48:53,878689.73143996,0.00000084,0.000000000029103228,6545356,2019-01-31 04:48:53,btc,0.095687419162778,0.0,0.00000084,btc,78167.5374444,0.00526759,0.3682156564632086,24
1,[],22,[],2019-01-31 04:48:57,11.76,0.00000100,0.0000000000346467,6545357,2019-01-31 04:48:57,BTC,7.415e-05,0.0,0.00000100,BTC,23.919354838709676,0.0,1.176e-05,24
0.0,[],25,[],2019-01-31 04:48:58,0.0,0,0,6545358,2019-01-31 04:48:58,,0.0,0.0,0.0,btc,0.0,0.0,0.0,24
0,[],2,[],2019-01-20 23:25:56,0.0,0,0,6476976,2019-01-20 23:25:56,,0.0,0.0,0,,0.0,0.0,0.0,26
1,[],4,[],2019-01-31 04:48:59,27064974.34527077,0.00000687,0.000000000238022829,6545359,2019-01-31 04:48:59,btc,0.4697030691003126,0.0,0.00000687,btc,38539.33417486,0.11314652,0.4132324892930453,26
1,[],10,[],2019-01-31 04:49:01,730999.00589202,0.00000694,0.000000000240448098,6545360,2019-01-31 04:49:01,btc,27.9829246760096,1713.60070199,0.00000694,btc,13157.67261664,0.0,0.2054492643558043,26
1,[],3,[],2019-01-31 04:49:01,8051521.03885143,0.00000001,0.000000000000346467,6545361,2019-01-31 04:49:01,btc,3.006340766672451,2172445.0,0.00000001,btc,19125333.7722977,0.0,0.0805152103885143,27
1,[],5,[],2019-01-31 04:49:03,1e-08,0.00000001,0.000000000000346467,6545362,2019-01-31 04:49:03,btc,1.48859777,0.03505183,0.00000001,btc,4.661e-05,0.0,0.10491321,27
1,[],11,[],2019-01-31 04:49:05,10597882.41182718,0.00000005,0.000000000001732335,6545363,2019-01-31 04:49:05,btc,370.5931920764931,1000.0,0.00000005,btc,8220964.80991447,0.0,0.4932896594767663,27
1,[],4,[],2019-01-31 04:49:06,131272832.32062346,0.00000003,0.000000000001039401,6545364,2019-01-31 04:49:06,btc,3.974841592565166,0.0,0.00000003,"btc,ltc",154329213.5293425,0.25954183,1.904731803862195,29
1,[],7,[],2019-01-31 04:49:07,39004520.170655385,0.00000003,0.000000000001039401,6545365,2019-01-31 04:49:07,btc,44465206.108477905,2715724.87999,0.00000003,btc,38180418.86984509,0.1056149,0.7017863468311879,29
1,[],4,[],2019-01-31 04:49:08,1309106.21894435,0.00000035,0.000000000012126345000000001,6545366,2019-01-31 04:49:08,btc,0.2874672786167558,0.0,0.00000035,btc,528139.10565193,0.00123551,0.0705393325685583,30
0,[],17,[],2019-01-31 04:49:10,0.0,0,0,6545367,2019-01-31 04:49:10,btc,0.0,0.0,0,btc,0.0,0.0,0.0,30
1,[],4,[],2019-01-31 04:49:11,132725.44140073,0.00008180,0.0000000028341000600000002,6545368,2019-01-31 04:49:11,btc,1.3914143247562862,0.0,0.00008180,btc,14816.81259073,0.99305996,2.542895824468086,31
1,[],21,[],2019-01-31 04:49:12,51866.903750770005,0.00008320000000000000301130648195,0.00000000288260544,6545369,2019-01-31 04:49:12,btc,3.8866675997893956,132822.93229906,0.000083200000000000003011306481948139435189659707248210906982421875,btc,42279.74106682,11.24976399,4.15003755887198,31
0,[],2,[],2019-01-20 23:28:43,0.0,0,0,6477009,2019-01-20 23:28:43,,0.0,0.0,0,,0.0,0.0,0.0,32
1,[],4,[],2019-01-31 04:49:13,141058917.78409198,0.00000006,0.000000000002078802,6545370,2019-01-31 04:49:13,btc,3.3009754511207423,0.0,0.00000006,"btc,ltc",56043711.50548763,0.7794848,2.1386217025079297,33
1,[],12,[],2019-01-31 04:49:14,20982571.0,0.00000006,0.000000000002078802,6545371,2019-01-31 04:49:14,btc,17261782.28992221,0.0,0.00000006,btc,88821614.63536447,0.04508173944056,0.82314411,33
1,[],4,[],2019-01-31 04:49:15,116879739.94715793,0.00000002,0.000000000000692934,6545372,2019-01-31 04:49:15,btc,0.8238356933382687,0.0,0.00000002,btc,27461189.77794229,3.35764642,1.1954179809615793,34
1,[],5,[],2019-01-31 04:49:17,3e-08,0.00000002,0.000000000000692934,6545373,2019-01-31 04:49:17,btc,3.8174579,0.58073016,0.00000002,btc,1.394e-05,0.0,0.77538393,34
0.00000000009210009999999999,[],4,[],2019-01-31 04:49:18,2107245635.586273,3.684004e-18,1.276385813868e-22,6545374,2019-01-31 04:49:18,ltc,6.25339829856317e-09,0.0,0.00000004,ltc,1275147397.3153832,0.0,4.7511698675613705e-09,36
1,[],5,[],2019-01-31 04:49:21,0.0,0,0,6545375,2019-01-31 04:49:21,btc,203.13459038,0.0,0,btc,1.295e-05,0.0,0.0,36
0,[],17,[],2019-01-31 04:49:23,0.0,0,0,6545376,2019-01-31 04:49:23,btc,0.14892131556213004,0.0,0,btc,12533924.99083647,0.0,0.0,36
0.00000000009210009999999999,[],27,[],2019-01-31 04:49:25,2000000.0,1.842002e-18,6.38192906934e-23,6545377,2019-01-31 04:49:25,ltc,448.594787045,0.0,0.00000002,"ltc,eth",3711932.58,0.0,2.763003e-12,36
1,[],4,[],2019-01-31 04:40:00,500912.57951691,0.00000148,0.000000000051220136000000006,6545176,2019-01-31 04:40:00,btc,0.4259345040372019,0.0,0.00000148,btc,224360.38164607,0.05140107,0.4913165081795078,37
1,[],12,[],2019-01-31 04:40:02,470970.90382492,0.00000146999999999999990171598886201653755279039614833891391754150390625,0.000000000050874054,6545177,2019-01-31 04:40:02,btc,1337.774405781921,0.0,0.00000146999999999999990171598886201653755279039614833891391754150390625,btc,794651.97130079,0.1204657022321151,0.36975890236000497,37
1,[],17,[],2019-01-31 04:40:03,1752.74075282,0.00000025,0.00000000000865205,6545178,2019-01-31 04:40:03,btc,0.05548731396769682,0.0,0.00000025,btc,1388.79251806,0.0,0.00043818518820499993,37
1,[],27,[],2019-01-31 04:40:06,39522.0,0.00000046,0.000000000015919772000000002,6545179,2019-01-31 04:40:06,btc,24.83749661895233,0.00054,0.00000046,btc,5341.144295,1e-07,0.00808009,37
1,[],5,[],2019-01-31 04:49:28,6.98e-06,0.00000072,0.000000000024945624000000002,6545378,2019-01-31 04:49:28,btc,0.10212333,0.04440528,0.00000072,btc,0.0001063,0.0,0.03407684,42
1,[],12,[],2019-01-31 04:49:29,115001.66666667,0.0000008,0.00000000002771736,6545379,2019-01-31 04:49:29,btc,109.31391370911251,0.0,0.0000008,btc,83841.54958495,0.0182108012267257,0.0226911700000021,42
0,[],27,[],2019-01-31 04:49:31,0.0,0,0,6545380,2019-01-31 04:49:31,,0.00315028,0.0,0,"btc,eth",11.007,0.0,0.0,42
1,[],5,[],2019-01-31 04:49:33,3e-08,0.00000002,0.000000000000692934,6545381,2019-01-31 04:49:33,btc,6.1165963,0.00040206,0.00000002,btc,1.425e-05,0.0,0.51720649,43
1,[],12,[],2019-01-31 04:49:34,6441957.0,0.00000001,0.000000000000346467,6545382,2019-01-31 04:49:34,btc,20007456.481762525,0.0,0.00000001,btc,38921663.74765234,0.0010054034765234,0.06441957,43
0,[],17,[],2019-01-31 04:49:35,0.0,0,0,6545383,2019-01-31 04:49:35,btc,0.0,0.0,0,btc,0.0,0.0,0.0,43
1,[],12,[],2019-01-31 04:49:37,904381.0,0.00000009,0.000000000003118203,6545384,2019-01-31 04:49:37,btc,11115198.80448222,0.0,0.00000009,btc,958053.69930067,0.0479806276801826,0.02839133,44
1,[],4,[],2019-01-31 04:49:38,261677173.1174649,0.00000003,0.000000000001039401,6545385,2019-01-31 04:49:38,btc,0.1882161999920547,0.0,0.00000003,"btc,ltc",3796949.64939138,0.00107201,0.5583206466955817,49
0.00000000009210009999999999,[],4,[],2019-01-31 04:49:39,3839158597.9631896,9.21001e-19,3.19096453467e-23,6545386,2019-01-31 04:49:39,ltc,4.994394634437359,0.0,0.00000001,ltc,2128835893.3814135,0.0,3.5358689078826956e-09,52
0,[],22,[],2019-01-31 04:49:42,0.0,0,0,6545387,2019-01-31 04:49:42,,3693.82828368,0.0,0,,266979812.90882352,0.0,0.0,57
0,[],27,[],2019-01-31 04:49:44,0.0,0,0,6545388,2019-01-31 04:49:44,,0.0,0.0,0,"btc,eth",0.0,0.0,0.0,57
0.00000000009210009999999999,[],4,[],2019-01-31 04:49:45,1549937379.0037684,5.526006e-18,1.9145787208019999e-22,6545389,2019-01-31 04:49:45,ltc,3.3207051723893737,0.0,0.00000006,ltc,1193347702.2612762,0.01597184,7.129860332287814e-09,58
1,[],12,[],2019-01-31 04:49:47,2355204915.282997,0.0000000006,0.000000000000020788020000000002,6545390,2019-01-31 04:49:47,btc,684074800888.9282,0.0,0.0000000006,btc,3119041457.0340657,0.035747479136663346,0.9233511682645632,58
0,[],17,[],2019-01-31 04:49:49,0.0,0,0,6545391,2019-01-31 04:49:49,btc,1e+24,0.0,0,btc,41616695.95832568,0.0,0.0,58
0.000000000125966,[],22,[],2019-01-31 04:50:01,137438.0,1.25966e-18,4.3643062122e-23,6545392,2019-01-31 04:50:01,XMR,69.8835922,0.0,0.00000001,XMR,9887963.0,0.0,0.00137438,58
0,[],27,[],2019-01-31 04:40:36,0.0,0,0,6545198,2019-01-31 04:40:36,,0.1488,0.0,0,"btc,eth",148.8,0.0,0.0,61
1,[],28,[],2019-01-31 04:40:38,6900.304,0.00000210,0.00000000007267722,6545199,2019-01-31 04:40:38,btc,2.064440110600106,791.0,0.00000210,btc,11198.17500005,0.0,0.00218431304,61
1,[],5,[],2019-01-31 04:50:03,3.89e-06,0.00000040,0.00000000001385868,6545393,2019-01-31 04:50:03,btc,0.44992114,0.04577796,0.00000040,btc,0.00013218,0.0,0.03893176,61
1,[],22,[],2019-01-31 04:50:07,5111.5,0.00000011,0.0000000000038111370000000005,6545394,2019-01-31 04:50:07,BTC,1002.29606732,0.0,0.00000011,BTC,15028.700278135757,0.0,0.00051178,61
1,[],26,[],2019-01-31 04:50:07,0.0,0.00000800,0.0000000002771736,6545395,2019-01-31 04:50:07,btc,0.0,0.0,0.00000800,btc,0.0,0.0,0.0,61
1,[],4,[],2019-01-31 04:40:39,1309448.62140723,0.00000172,0.000000000059526104,6545200,2019-01-31 04:40:39,btc,0.6041026027486035,0.0,0.00000172,btc,222900.72441155,0.11102803,0.9662892400917863,67
0.0,[],25,[],2019-01-31 04:40:41,0.0,0,0,6545201,2019-01-31 04:40:41,,0.0,0.0,0.0,btc,0.0,0.0,0.0,67
1,[],12,[],2019-01-31 04:40:42,3077288.12744445,0.0000001,0.00000000000346082,6545202,2019-01-31 04:40:42,btc,16893710.227790676,0.0,0.0000001,btc,2212923.07272722,0.0009547343556446,0.0820248028411118,71
,[],5,[],2018-11-20 23:02:39,1.5e-07,0.00000005,0.000000000002128045,4862160,2018-11-20 23:02:39,btc,2.84511358,0.0,,btc,0.00036572,0.0,0.07381892,74
1,[],5,[],2019-01-25 15:53:51,3.303e-05,0.00000156,0.000000000055588884,6499610,2019-01-25 15:53:51,btc,1.42844212,0.0,0.00000156,btc,0.00015937,0.0,0.49487621,75
0,[],20,[],2019-01-25 09:30:31,0.0,0,0,6495923,2019-01-25 09:30:31,btc,0.0,0.0,0,btc,0.0,0.0,0.0,81
1,[],4,[],2019-01-31 04:52:20,71585975.25787337,0.00000001,0.000000000000346467,6545401,2019-01-31 04:52:20,btc,0.8144650091483037,0.0,0.00000001,btc,15000789.10300357,0.0,0.7158597525787337,81
1,[],4,[],2019-01-31 04:52:22,23694.63107906,0.00007316,0.000000002534752572,6545402,2019-01-31 04:52:22,btc,0.937288751612769,0.0,0.00007316,btc,8626.81756096,0.00971346,0.0832723918275899,82
1,[],21,[],2019-01-31 04:52:23,70905.88205326001,0.00007928999999999999470732398033,0.000000002747136843,6545403,2019-01-31 04:52:23,btc,4.110660591632615,25010.2637088,0.000079289999999999994707323980325242018807330168783664703369140625,btc,44596.24854481,2.00116298,3.4100480898524492,82
0,[],17,[],2019-01-31 02:49:04,0.0,0,0,6544806,2019-01-31 02:49:04,btc,0.0447233088476774,0.0,0,btc,999127.19588126,0.0,0.0,84
0.00000000009210009999999999,[],4,[],2019-01-31 04:52:24,171555630.37616616,1.3815015e-17,4.786446802005e-22,6545404,2019-01-31 04:52:24,ltc,0.19754182487407382,0.0,0.00000015,ltc,67936797.10486814,0.0,1.3022672196889976e-09,85
,[],22,[],2018-11-20 23:09:34,3408.1,0.0000001,0.0000000000041895,4862324,2018-11-20 23:09:34,BTC,0.04624735,0.0,,BTC,4990.0,0.0,0.00033081,86
0,[],22,[],2019-01-31 04:52:27,0.0,0,0,6545405,2019-01-31 04:52:27,,2.07810912,0.0,0,,154826.94736842104,0.0,0.0,87
0,[],27,[],2019-01-31 04:52:28,0.0,0,0,6545406,2019-01-31 04:52:28,,0.0,0.0,0,btc,0.0,0.0,0.0,87
,[],2,[],2018-11-20 23:10:47,0.0,0,0,4862359,2018-11-20 23:10:47,,0.0,0.0,,,0.0,0.0,0.0,88
1,[],11,[],2019-01-31 04:52:32,107771.53115475,0.00018503000000000000891710316697214011583128012716770172119140625,0.000000006410678901000001,6545407,2019-01-31 04:52:32,btc,235.5582249630388,125.3,0.00018503000000000000891710316697214011583128012716770172119140625,btc,184344.78189023,0.0,8.514835349901432,89
1,[],12,[],2019-01-31 04:52:34,514694.89316842,0.0000030900000000000000613419905148848698672736645676195621490478515625,0.00000000010705830300000001,6545408,2019-01-31 04:52:34,btc,3.029494374670135,0.0,0.0000030900000000000000613419905148848698672736645676195621490478515625,btc,18085.66468549,0.083286917290906,0.0959421298456811,91
0,[],17,[],2019-01-31 04:52:35,0.0,0,0,6545409,2019-01-31 04:52:35,btc,0.0,0.0,0,btc,0.0,0.0,0.0,91
0,[],2,[],2019-01-20 23:31:45,0.0,0,0,6477083,2019-01-20 23:31:45,,0.0,0.0,0,,0.0,0.0,0.0,91
0.00000000009210009999999999,[],22,[],2019-01-31 04:52:39,38733515.0,4.605005e-18,1.595482267335e-22,6545410,2019-01-31 04:52:39,LTC,8.48838501,0.0,0.00000005,LTC,73842260.1,1.7909122325279999e-12,1.38604729,95
0.00000000009210009999999999,[],4,[],2019-01-31 04:52:40,132683582.44372287,9.8547107e-17,3.4143320520969e-21,6545411,2019-01-31 04:52:40,ltc,1.3222048870262937,0.0,0.00000107,ltc,66971103.16437336,0.00488079,6.767986125739083e-10,96
1,[],12,[],2019-01-31 04:52:42,1220983.0,0.00000001,0.000000000000346467,6545412,2019-01-31 04:52:42,btc,255060.8645481856,0.0,0.00000001,btc,8059529.332976759,7.5e-07,0.01220983,96
0,[],17,[],2019-01-31 04:52:43,0.0,0,0,6545413,2019-01-31 04:52:43,btc,0.0,0.0,0,btc,0.0,0.0,0.0,96
1,[],4,[],2019-01-28 01:29:03,1472892.19429314,0.00000039,0.000000000013841295,6517118,2019-01-28 01:29:03,btc,0.30363706505258,0.0,0.00000039,btc,473598.41813208,0.02260545,0.1322524391209234,99
1,[],4,[],2019-01-31 04:52:44,258796.40043783,0.00004176,0.000000001446846192,6545414,2019-01-31 04:52:44,btc,1.478929746758317,0.0,0.00004176,btc,29975.64897926,3.33139134,4.1221716979578105,100
0,[],2,[],2019-01-20 23:23:55,0.0,0,0,6476914,2019-01-20 23:23:55,,0.0,0.0,0,,0.0,0.0,0.0,100
1,[],22,[],2019-01-31 04:41:09,50000.0,0.00000001,0.000000000000346082,6545217,2019-01-31 04:41:09,BTC,23.50383609,0.0,0.00000001,BTC,11277.22,0.0,0.0005,101
1,[],4,[],2019-01-31 04:52:46,147519.06539505,0.00000096,0.000000000033260832,6545415,2019-01-31 04:52:46,btc,0.4016741504834506,0.0,0.00000096,btc,150447.33074175,0.01521879,0.0736583465103873,103
1,[],12,[],2019-01-31 04:52:48,80976451.0,0.000000017,0.0000000000005889939,6545416,2019-01-31 04:52:48,btc,9138292672.377954,0.0,0.000000017,btc,153141505.93325374,0.1293570814040132,0.54983981,105
1,[],27,[],2019-01-31 04:52:50,416797.89,0.00000002,0.000000000000692934,6545417,2019-01-31 04:52:50,btc,0.6927741630361067,0.0,0.00000002,btc,645743.64024825,0.0,0.0048235289,105
0,[],22,[],2019-01-31 04:52:53,0.0,0,0,6545418,2019-01-31 04:52:53,,1.07253299,0.0,0,,94300.0,0.0,0.0,107
1,[],26,[],2019-01-31 04:52:53,0.0,0.00000000,0,6545419,2019-01-31 04:52:53,btc,0.0,0.0,0.00000000,btc,0.0,0.0,0.0,107
1,[],5,[],2019-01-31 04:52:55,1e-08,0.00000001,0.000000000000346467,6545420,2019-01-31 04:52:55,btc,3.28377091,0.00847497,0.00000001,btc,1.512e-05,0.0,0.03751787,112
1,[],22,[],2019-01-31 04:52:59,1966.0,0.00000001,0.000000000000346467,6545421,2019-01-31 04:52:59,BTC,2.84243449,0.0,0.00000001,BTC,977103.5833333334,0.0,1.966e-05,112
0.0000000003143103,[],27,[],2019-01-31 04:53:02,500000.0,3.143103e-18,1.088981467101e-22,6545422,2019-01-31 04:53:02,eth,1.25356065,0.0,0.00000001,"btc,eth",1328.0,0.0,1.5715515e-12,112
1,[],4,[],2019-01-31 04:53:03,504053.14564711,0.00000461,0.00000000015972128700000002,6545423,2019-01-31 04:53:03,btc,0.562684833275893,0.0,0.00000461,btc,83080.63905154,0.35920823,0.437259918077458,113
1,[],5,[],2019-01-31 04:53:06,2.847e-05,0.00000372,0.000000000128885724,6545424,2019-01-31 04:53:06,btc,2.43718262,0.00150638,0.00000372,btc,0.00381344,0.0,0.2065888,113
1,[],17,[],2019-01-31 04:53:09,233369.0,0.00000004,0.000000000001385868,6545425,2019-01-31 04:53:09,btc,1.3376358384561389,0.0,0.00000004,btc,72716.497,0.0,0.00543476,116
0,[],27,[],2019-01-31 04:53:11,0.0,0,0,6545426,2019-01-31 04:53:11,,0.0,0.0,0,btc,0.0,0.0,0.0,116
1,[],4,[],2019-01-31 04:53:12,86334.49216401,0.00001940,0.00000000067214598,6545427,2019-01-31 04:53:12,btc,0.1635494205853851,0.0,0.00001940,btc,7079.50189117,0.34501513,0.6647160870468389,120
1,[],7,[],2019-01-31 04:53:13,2124.3105227,0.00002269999999999999950217773048155578408113797195255756378173828125,0.00000000078648009,6545428,2019-01-31 04:53:13,btc,90.07839338028576,279.209007,0.00002269999999999999950217773048155578408113797195255756378173828125,btc,22380.5456315,0.0082628,0.0200168403233777,120
1,[],20,[],2019-01-31 04:53:15,1162393.8668,0.000000013,0.00000000000045040710000000004,6545429,2019-01-31 04:53:15,btc,33.7489442370083,2907.794,0.000000013,btc,1074422.3317,3.7801322e-05,0.0061551098646,125
1,[],22,[],2019-01-31 04:53:18,68433.0,0.00000001,0.000000000000346467,6545430,2019-01-31 04:53:18,BTC,0.01415863,0.0,0.00000001,BTC,293039.4,0.0,0.00068433,126
1,[],4,[],2019-01-31 04:53:20,75964.67652253,0.00001495,0.000000000517968165,6545431,2019-01-31 04:53:20,btc,0.7002736286809271,0.0,0.00001495,btc,36346.05608073,0.35863484,0.3320176586023745,131
0,[],17,[],2019-01-31 04:53:21,0.0,0,0,6545432,2019-01-31 04:53:21,btc,0.0008451375975800001,0.0,0,btc,30.89614684,0.0,0.0,131
0,[],2,[],2019-01-20 23:25:46,0.0,0,0,6476969,2019-01-20 23:25:46,,0.0,0.0,0,,0.0,0.0,0.0,131
1,[],4,[],2019-01-31 04:53:22,4563.64632213,0.00016000,0.000000005543472,6545433,2019-01-31 04:53:22,btc,1.6400194872793916,0.0,0.00016000,btc,299.09983064,0.00314558,0.0082398361788806,135
1,[],3,[],2019-01-31 04:53:23,2272062.85018509,0.00000006,0.000000000002078802,6545434,2019-01-31 04:53:23,btc,0.1388023691843118,31920.0,0.00000006,btc,262820.3373051,0.0,0.087608027337035,136
1,[],4,[],2019-01-31 04:53:24,98509.76605247,0.00000215,0.000000000074490405,6545435,2019-01-31 04:53:24,btc,0.6657982497031382,0.0,0.00000215,btc,223750.46577507,0.43834969,0.1400569430614627,137
1,[],12,[],2019-01-31 04:53:25,332891.48944261,0.0000022000000000000001122040828305248538754312903620302677154541015625,0.00000000007622274,6545436,2019-01-31 04:53:25,btc,11983.242011691576,0.0,0.0000022000000000000001122040828305248538754312903620302677154541015625,btc,127165.75688497,0.2260812826245264,0.1033439099999713,137
1,[],5,[],2019-01-31 04:53:27,0.00115766,0.00003740,0.00000000129578658,6545437,2019-01-31 04:53:27,btc,3.28533767,1.81459918,0.00003740,btc,0.0025623,0.0,1.13931519,142
1,[],17,[],2019-01-31 04:53:28,12500.0,0.0000001,0.00000000000346467,6545438,2019-01-31 04:53:28,btc,0.6809500039247298,0.0,0.0000001,btc,5932.0,0.0,0.00125,142
1,[],20,[],2019-01-31 04:53:30,151782.3731,0.000035673,0.0000000012359517291000001,6545439,2019-01-31 04:53:30,btc,2.8911515929492,1199.4505,0.000035673,btc,11596.8228,0.0484821845718,0.2704852979341,142
1,[],22,[],2019-01-31 04:53:33,990.0,0.00001880,0.00000000065135796,6545440,2019-01-31 04:53:33,BTC,3.00457574,0.0,0.00001880,BTC,901.0985003752814,0.0,0.00022106,142
0.0,[],25,[],2019-01-31 04:53:35,0.0,0,0,6545441,2019-01-31 04:53:35,,0.0,0.0,0.0,btc,0.0,0.0,0.0,142
1,[],28,[],2019-01-31 04:53:40,78710.0,0.00002500,0.0000000008661675,6545442,2019-01-31 04:53:40,btc,0.15194850002,1140.0,0.00002500,btc,3029.998,0.0,0.0312247,142
0,[],22,[],2019-01-28 18:33:43,0.0,0,0,6521842,2019-01-28 18:33:43,,61.27958297,0.0,0,,815366265.8,0.0,0.0,143
1,[],21,[],2019-01-31 04:53:41,37050551.63163511,0.00000028,0.000000000009701076000000002,6545443,2019-01-31 04:53:41,btc,52.538217037999,8960051.8316345,0.00000028,btc,89307529.175491,2.56793761,5.487207050646164,145
0,[],22,[],2019-01-31 04:53:44,0.0,0,0,6545444,2019-01-31 04:53:44,,4.48974784,0.0,0,,1468738.5,0.0,0.0,146
,[],22,[],2018-11-20 23:01:11,0.0,0,0,4862114,2018-11-20 23:01:11,,2.56807021,0.0,,,61828.4988236,0.0,0.0,147
1,[],12,[],2019-01-31 04:42:03,8690342.53535684,0.0000038199999999999998483136108562430166557533084414899349212646484375,0.000000000132203324,6545248,2019-01-31 04:42:03,btc,17.120597371034332,0.0,0.0000038199999999999998483136108562430166557533084414899349212646484375,btc,111441.40407238,0.0036967085441398,0.11841170300002381,148
1,[],4,[],2019-01-31 04:53:46,211413.49390413,0.00000029,0.000000000010047543,6545445,2019-01-31 04:53:46,btc,0.6960381488802307,0.0,0.00000029,btc,504116.45457855,0.00112927,0.0428978205536065,152
0,[],22,[],2019-01-31 04:53:49,0.0,0,0,6545446,2019-01-31 04:53:49,,0.0,0.0,0,,0.0,0.0,0.0,152
1,[],5,[],2019-01-31 04:53:50,0.0,0,0,6545447,2019-01-31 04:53:50,btc,4.40834415,0.0,0,btc,0.00161275,0.0,0.0,153
,[],16,[],2019-01-11 15:38:59,0.0,0,0,6366141,2019-01-11 15:38:59,btc,0.0,0.0,,btc,0.0,0.0,0.0,155
0,[],22,[],2019-01-31 04:53:54,0.0,0,0,6545448,2019-01-31 04:53:54,,6.73310957,0.0,0,,4562882.742592593,0.0,0.0,156
0,[],23,[],2019-01-20 23:24:29,0.0,0,0,6476932,2019-01-20 23:24:29,,0.0,0.0,0,,0.0,0.0,0.0,156
1,[],22,[],2019-01-31 04:53:58,7906.0,0.00000801,0.000000000277520067,6545449,2019-01-31 04:53:58,BTC,43.78801181,0.0,0.00000801,BTC,1067.5805334758436,0.0,0.00743836,157
0,[],22,[],2019-01-31 04:54:00,0.0,0,0,6545450,2019-01-31 04:54:00,,50175.6753658,0.0,0,,54007107.04179466,0.0,0.0,158
,[],17,[],2018-11-20 22:56:10,0.0,0,0,4861976,2018-11-20 22:56:10,btc,1.1265625,0.0,,btc,1000.0,0.0,0.0,159
,[],20,[],2018-11-20 22:56:12,0.0,0,0,4861977,2018-11-20 22:56:12,btc,11912.7940471,0.0,,btc,34413894.3617,0.0,0.0,159
1,[],12,[],2019-01-31 04:54:02,193986.7430071,0.000010099999999999999860593284661813839875321718864142894744873046875,0.00000000034993167,6545451,2019-01-31 04:54:02,btc,6.678714126075835,0.0,0.000010099999999999999860593284661813839875321718864142894744873046875,btc,14142.1199096,0.0068952955870161,0.0920286788274074,168
1,[],17,[],2019-01-31 04:54:04,29784.95,0.000001,0.0000000000346467,6545452,2019-01-31 04:54:04,btc,0.0353989844335,0.0,0.000001,btc,196.82520268,0.0,0.00716147,168
0,[],22,[],2019-01-31 04:54:06,0.0,0,0,6545453,2019-01-31 04:54:06,,1.13380276,0.0,0,,689102.5537281231,0.0,0.0,169
1,[],22,[],2019-01-31 04:54:10,47872.12258064516,0.00000031,0.000000000010740477,6545454,2019-01-31 04:54:10,BTC,2.46559142,0.0,0.00000031,BTC,58253.657521082496,0.00981493,0.01239516,171
1,[],22,[],2019-01-31 04:54:13,173199.15789473685,0.0000002,0.00000000000692934,6545455,2019-01-31 04:54:13,BTC,2.60761589,0.0,0.0000002,BTC,245958.93283716653,0.00598299,0.01026102,173
1,[],5,[],2019-01-31 04:54:15,5.017e-05,0.00000434,0.000000000150366678,6545456,2019-01-31 04:54:15,btc,0.4147363,0.03582168,0.00000434,btc,0.0003413,0.0,0.70781451,175
1,[],22,[],2019-01-31 04:54:19,40553.0,0.0000007,0.000000000024252690000000002,6545457,2019-01-31 04:54:19,BTC,0.6521301,0.0,0.0000007,BTC,161450.58100515357,7e-07,0.01480243,176
1,[],7,[],2019-01-31 04:54:20,0.0,0,0,6545458,2019-01-31 04:54:20,btc,10965.59238720167,0.0,0,btc,116411885.71060252,0.0,0.0,178
0,[],22,[],2019-01-31 04:54:23,0.0,0,0,6545459,2019-01-31 04:54:23,,1.00242428,0.0,0,,57512.0,0.0,0.0,178
0,[],2,[],2019-01-20 23:28:34,0.0,0,0,6477001,2019-01-20 23:28:34,,0.0,0.0,0,,0.0,0.0,0.0,178
1,[],5,[],2019-01-31 04:54:24,6e-08,0.00000003,0.000000000001039401,6545460,2019-01-31 04:54:24,btc,16.61624279,0.46957257,0.00000003,btc,2.285e-05,0.0,1.27312904,179
1,[],22,[],2019-01-31 04:54:28,8317947.0,0.00000003,0.000000000001039401,6545461,2019-01-31 04:54:28,BTC,5.46736887,0.0,0.00000003,"BTC,LTC",16857205.651989967,0.0056822,0.40405809,179
0,[],23,[],2019-01-20 23:25:08,0.0,0,0,6476952,2019-01-20 23:25:08,,0.0,0.0,0,,0.0,0.0,0.0,179
1,[],17,[],2019-01-31 04:54:30,10504.725,0.0000001,0.00000000000346467,6545462,2019-01-31 04:54:30,btc,5.206877489877623,0.0,0.0000001,btc,7465.6174587,0.0,0.0010504725,180
1,[],22,[],2019-01-31 04:54:35,5785.4,0.00000001,0.000000000000346467,6545463,2019-01-31 04:54:35,BTC,0.09633436,0.0,0.00000001,"BTC,LTC",16823.80336569223,0.0,7.724e-05,180
1,[],26,[],2019-01-31 04:54:35,0.0,0.00000005,0.000000000001732335,6545464,2019-01-31 04:54:35,btc,0.0,5250.0706,0.00000005,btc,0.0,0.0,0.0,180
,[],7,[],2018-11-20 22:58:01,562227.975654,0.00000085,0.000000000036176765,4862015,2018-11-20 22:58:01,btc,21836.6059674,2491.87645172,,btc,749999.041456,0.00211021,0.127565380455,183
,[],5,[],2019-01-10 08:11:41,0.0,0,0,6347036,2019-01-10 08:11:41,btc,82.15055501,0.00261,,btc,1.19002445,0.0,0.0,187
1,[],24,[],2019-01-31 04:54:35,0.0,0.000000000001,3.46467e-17,6545465,2019-01-31 04:54:35,btc,0.0,0.0,0.000000000001,btc,0.0,0.0,0.0,187
,[],17,[],2018-11-16 20:58:10,4062536.27273,0.00000001,0.000000000000550501,4708775,2018-11-16 20:58:10,btc,3.36492563466,0.195460381006,,"btc,eth",110697919.549,0.0,0.0157628953496,187
0,[],22,[],2019-01-31 04:54:38,0.0,0,0,6545466,2019-01-31 04:54:38,,1.19382741,0.0,0,,13380.036201072173,0.0,0.0,191
0,[],22,[],2019-01-29 02:57:02,0.0,0,0,6524994,2019-01-29 02:57:02,,0.0,0.0,0,,0.0,0.0,0.0,197
0,[],23,[],2019-01-20 23:31:41,0.0,0,0,6477079,2019-01-20 23:31:41,,0.0,0.0,0,,0.0,0.0,0.0,199
1,[],26,[],2019-01-31 04:54:38,0.0,0.00000000,0,6545467,2019-01-31 04:54:38,btc,0.0,766593.0,0.00000000,btc,0.0,0.0,0.0,199
0,[],17,[],2019-01-30 16:32:01,0.0,0,0,6540827,2019-01-30 16:32:01,btc,6.802544163788159,0.0,0,btc,105897.55575295,0.0,0.0,200
0,[],2,[],2019-01-20 23:30:49,0.0,0,0,6477059,2019-01-20 23:30:49,,0.0,0.0,0,,0.0,0.0,0.0,201
1,[],4,[],2019-01-25 15:51:35,2084389.58565343,0.00000936,0.000000000333526752,6499557,2019-01-25 15:51:35,btc,2.0092503037378524,0.0,0.00000936,btc,160195.80207885,0.19272417,1.242687955921835,211
1,[],7,[],2019-01-31 04:54:42,14946873.023355428,0.000001239999999999999986239306026813977723577409051358699798583984375,0.000000000042961908,6545468,2019-01-31 04:54:42,btc,16567815.611174421,1061389.16359,0.000001239999999999999986239306026813977723577409051358699798583984375,btc,11588060.03907276,0.0,6.601763787675529,212
1,[],5,[],2019-01-31 04:45:24,5.28e-06,0.00000038,0.000000000013151116,6545273,2019-01-31 04:45:24,btc,0.96268181,0.1089347,0.00000038,btc,3.342e-05,0.0,0.38447183,213
1,[],12,[],2019-01-25 02:44:32,207462.42853209,0.000001080000000000000035831255497387193287295303889550268650054931640625,0.000000000038610756000000006,6493050,2019-01-25 02:44:32,btc,85023.03793723314,0.0,0.000001080000000000000035831255497387193287295303889550268650054931640625,btc,43675.73520027,0.000146250909087,0.0348620860622024,213
1,[],24,[],2019-01-31 04:45:24,0.0,0.000000050000,0.00000000000173041,6545274,2019-01-31 04:45:24,btc,0.0,0.0,0.000000050000,btc,0.0,0.0,0.0,213
1,[],26,[],2019-01-31 04:45:25,0.0,0.00000003,0.000000000001038246,6545275,2019-01-31 04:45:25,btc,0.0,0.0,0.00000003,btc,0.0,0.0,0.0,213
1,[],22,[],2019-01-31 04:45:29,276400.0,0.00000002,0.000000000000692164,6545276,2019-01-31 04:45:29,BTC,70.22563965,0.0,0.00000002,BTC,269624.63907173084,0.0,0.004714,216
1,[],27,[],2019-01-31 04:45:31,5051645.0,0.00000012,0.000000000004152984,6545277,2019-01-31 04:45:31,btc,323.29020420316,12399.0,0.00000012,"btc,ltc",265709.13311,0.00632349,0.0511835,216
1,[],22,[],2019-01-31 04:54:45,357920.95970671054,0.00000306,0.000000000106018902,6545469,2019-01-31 04:54:45,BTC,12678.22943524,0.0,0.00000306,BTC,404862.58383811696,0.36581694,0.61265151,217
1,[],7,[],2019-01-31 04:54:46,0.0,0,0,6545470,2019-01-31 04:54:46,btc,302.5343166391106,0.0,0,btc,130240320.6214003,0.0,0.0,219
0,[],27,[],2019-01-31 04:54:48,0.0,0,0,6545471,2019-01-31 04:54:48,,0.0747309448198,0.0,0,btc,1605140.29226592,0.0,0.0,219
0.0000000000000056,[],28,[],2019-01-31 04:54:53,204978472.379,5.6e-18,1.9402152000000002e-22,6545472,2019-01-31 04:54:53,doge,88554.0338717675,14507.0,0.00100000,"btc,doge",5169437.84751,0.0,2.8139633749003786e-11,219
1,[],22,[],2019-01-31 04:55:06,203618.0,0.00000055,0.000000000019055685,6545473,2019-01-31 04:55:06,BTC,2.39405941,0.0,0.00000055,BTC,34845.55212317522,5.5e-05,0.02088973,221
1,[],24,[],2019-01-31 04:55:06,0.0,0.000000550000,0.000000000019055685,6545474,2019-01-31 04:55:06,btc,0.0,0.0,0.000000550000,btc,0.0,0.0,0.0,221
1,[],26,[],2019-01-31 04:55:07,0.0,0.00000002,0.000000000000692934,6545475,2019-01-31 04:55:07,btc,0.0,12008.0,0.00000002,btc,0.0,0.0,0.0,231
1,[],26,[],2019-01-31 04:55:07,0.0,0.00000004,0.000000000001385868,6545476,2019-01-31 04:55:07,btc,0.0,100.0,0.00000004,btc,0.0,0.0,0.0,234
0,[],27,[],2019-01-31 04:55:10,0.0,0,0,6545477,2019-01-31 04:55:10,,0.0113483662182,0.0,0,"btc,eth",11462.99618,0.0,0.0,234
0.00000000009210009999999999,[],22,[],2019-01-31 04:55:13,4295864.0,9.21001e-19,3.19096453467e-23,6545478,2019-01-31 04:55:13,LTC,3.21718364,0.0,0.00000001,LTC,96193207.71349207,6.3549069e-12,0.04295864,235
1,[],4,[],2019-01-31 04:55:14,766002.94090306,0.00000076,0.000000000026331492,6545479,2019-01-31 04:55:14,btc,0.137600044192583,0.0,0.00000076,btc,119791.34249394,0.01573005,0.1891013616542975,236
1,[],24,[],2019-01-31 04:55:14,0.0,0.000000010000,0.000000000000346467,6545480,2019-01-31 04:55:14,btc,0.0,0.0,0.000000010000,btc,0.0,0.0,0.0,236
1,[],20,[],2019-01-31 04:55:16,11410474.1254,0.000000063,0.0000000000021827421,6545481,2019-01-31 04:55:16,btc,14.2557956065768,24635101.3733,0.000000063,btc,23974808.5032,1.6762154946032,0.5273659496748,237
1,[],22,[],2019-01-31 04:55:19,10000.0,0.00000001,0.000000000000346467,6545482,2019-01-31 04:55:19,BTC,0.04144357,0.0,0.00000001,BTC,10254.2,0.0,0.0001,237
1,[],4,[],2019-01-31 04:55:20,3955875.6693502,0.00000034,0.000000000011779878000000001,6545483,2019-01-31 04:55:20,btc,0.3853489726035234,0.0,0.00000034,btc,1058339.43844336,0.17203953,1.202306037470602,238
1,[],5,[],2019-01-31 04:55:21,4.29e-06,0.00000033,0.000000000011433411000000001,6545484,2019-01-31 04:55:21,btc,0.77236738,0.06659462,0.00000033,btc,2.957e-05,0.0,0.37539528,238
1,[],22,[],2019-01-31 01:40:58,246607.25,0.00000004,0.0000000000013899879999999999,6544214,2019-01-31 01:40:58,BTC,15.41099969,0.0,0.00000004,BTC,252656.2674092428,0.00096144,0.00786441,249
0.00000000009210009999999999,[],22,[],2019-01-31 04:55:25,4782656.0,2.763003e-18,9.572893604009999e-23,6545485,2019-01-31 04:55:25,LTC,0.69139672,0.0,0.00000003,LTC,15451945.015,1.4605233857999998e-14,0.10741884,252
1,[],28,[],2019-01-31 04:46:12,2266692.343,0.00000007,0.000000000002422574,6545295,2019-01-31 04:46:12,btc,164692.82899282084,58056.96,0.00000007,btc,1211745.0395,0.0,0.07471535629,256
0,[],27,[],2019-01-31 04:55:27,0.0,0,0,6545486,2019-01-31 04:55:27,,4.96668,0.0,0,"btc,eth",90.59,0.0,0.0,257
1,[],22,[],2019-01-31 04:55:31,214659.5,0.00000008,0.000000000002771736,6545487,2019-01-31 04:55:31,BTC,35605.56105611,0.0,0.00000008,BTC,496004.1102695752,0.00043614,0.00410121,258
1,[],22,[],2019-01-26 20:58:41,368451.0,0.00000001,0.000000000000356135,6510120,2019-01-26 20:58:41,BTC,2.642917,0.0,0.00000001,"BTC,LTC",1862.0,0.0,0.02488451,259
1,[],22,[],2019-01-31 04:55:34,3557.7829677419354,0.00000775,0.00000000026851192500000003,6545488,2019-01-31 04:55:34,BTC,4.69730867,0.0,0.00000775,BTC,7137.321807658239,0.00141873,0.02465986,262
1,[],5,[],2019-01-31 04:55:36,0.0001533,0.00000722,0.000000000250149174,6545489,2019-01-31 04:55:36,btc,2.73064144,1.25369903,0.00000722,btc,0.0018896,0.0,0.29561133,264
1,[],20,[],2019-01-31 04:55:38,1175752.1867,0.00000417,0.000000000144476739,6545490,2019-01-31 04:55:38,btc,5.9182761710869,29205.0006,0.00000417,btc,113246.5501,0.1265979023707,0.0367163670318,264
1,[],22,[],2019-01-31 04:55:41,149151.0,0.00000002,0.000000000000692934,6545491,2019-01-31 04:55:41,BTC,8.34440542,0.0,0.00000002,BTC,250260.09387426634,0.00013051,0.00248539,271
0,[],22,[],2019-01-31 04:55:44,0.0,0,0,6545492,2019-01-31 04:55:44,,360.72660167,0.0,0,,13890542067.9,0.0,0.0,272
0.0000000000000056,[],28,[],2019-01-31 04:55:49,217405896379.299,6.776000000000001e-21,2.347660392e-25,6545493,2019-01-31 04:55:49,doge,76185742.98191799,71273562963.2807,0.00000121,doge,107646488163.2304,0.0,7.170364159301834e-10,272
