pairValue,buyBook,exchangeId,sellBook,updated,buyTotal,satoshiPrice,usdPrice,exchangeLogId,created,bestPair,sellTotalBtc,volume,pairPrice,activePairs,sellTotal,volumeBtc,buyTotalBtc,coinId
1,[],26,[],2019-09-07 17:29:40,0.0,0,0,7999576,2019-09-07 17:29:40,,0.0,0.0,0,,0.0,0.0,0.0,1
0,[],28,[],2019-09-07 17:29:41,0.0,0,0,7999577,2019-09-07 17:29:41,,0.0,0.0,0,,0.0,0.0,0.0,1
1,[],10,[],2019-07-13 08:58:05,251434.9725798,0.00271069,0.00000031407274150500003,7812232,2019-07-13 08:58:05,btc,6515.317158446701,1686.04548878,0.00271069,btc,2002.66956917,0.0,1.2639712180673435,1
1,[],3,[],2019-09-07 17:33:14,964.385619894931,0.007308140000000000295610202982743430766277015209197998046875,0.000000769527410022,7999655,2019-09-07 17:33:14,btc,9.328815086808708,0.2572005947,0.007308140000000000295610202982743430766277015209197998046875,btc,34.741980236581,0.0,0.2824236841965029,1
1,[],4,[],2019-09-07 17:33:15,24953.79867221,0.00730354,0.000000769043042442,7999656,2019-09-07 17:33:15,btc,7.45121526706501,0.0,0.00730354,btc,464.10602874,0.85797958,0.3523886844219854,1
1,[],12,[],2019-09-07 17:33:20,236.24117743,0.007389999999999999867605904313450082554481923580169677734375,0.000000778147047,7999657,2019-09-07 17:33:20,btc,0.2645526575133,0.0,0.007389999999999999867605904313450082554481923580169677734375,btc,25.33577873,1.2504395998,0.3538535099953,1
1,[],20,[],2019-09-07 17:33:22,1932.0392,0.00711003,0.000000748666961919,7999658,2019-09-07 17:33:22,btc,0.2244725010401,0.4132,0.00711003,btc,18.8591,0.0033178560405,0.1277836898793,1
1,[],21,[],2019-09-07 17:33:23,1922.63753264,0.007424870000000000080930817603,0.000000781818763851,7999659,2019-09-07 17:33:23,btc,7.477744165667072,632.43661026,0.0074248700000000000809308176030754111707210540771484375,"btc,eth",1498.99073743,4.344475002702355,11.310283733297169,1
1,[],22,[],2019-09-07 17:33:26,0.5198816666666667,0.00600000,0.0000006317838,7999660,2019-09-07 17:33:26,BTC,0.01700334,0.0,0.00600000,BTC,0.283670650841137,0.0,0.00302178,1
1,[],24,[],2019-09-07 17:33:27,0.0,0.000000000000,0,7999661,2019-09-07 17:33:27,btc,0.0,0.0,0.000000000000,btc,0.0,0.0,0.0,1
0.0,[],25,[],2019-09-07 17:33:37,0.0,0,0,7999662,2019-09-07 17:33:37,btc,9.487699999720617,8119.63826085,0.0,btc,1239.27000465,59.677,0.0,1
1,[],5,[],2019-07-06 00:27:44,0.0,0,0,7800775,2019-07-06 00:27:44,btc,0.0,0.00190933,0,btc,0.0,0.0,0.0,1
0,[],2,[],2019-01-20 23:28:45,0.0,0,0,6477011,2019-01-20 23:28:45,,0.0,0.0,0,,0.0,0.0,0.0,1
1,[],22,[],2019-09-07 17:29:46,9495.2,0.0000002,0.000000000021079500000000002,7999578,2019-09-07 17:29:46,BTC,21.00878619,0.0,0.0000002,"BTC,XMR",19931.59287795317,0.0,0.00102579,2
1,[],5,[],2019-07-06 00:28:14,0.0,0,0,7800785,2019-07-06 00:28:14,btc,0.0,0.00208797,0,btc,0.0,0.0,0.0,2
1,[],12,[],2019-08-28 21:17:40,5010914.74249396,0.000000058,0.000000000005696249600000001,7978048,2019-08-28 21:17:40,btc,43110.2619967908,0.0,0.000000058,btc,9228654.41588682,0.002779447687,0.20908922188989368,3
0,[],28,[],2019-08-28 21:17:42,0.0,0,0,7978049,2019-08-28 21:17:42,,0.0,0.0,0,,0.0,0.0,0.0,3
1,[],5,[],2019-06-03 14:48:58,0.0,0,0,7731126,2019-06-03 14:48:58,btc,0.0,0.05905545,0,btc,0.0,0.0,0.0,3
0,[],2,[],2019-01-20 23:31:32,0.0,0,0,6477077,2019-01-20 23:31:32,,0.0,0.0,0,,0.0,0.0,0.0,4
1,[],4,[],2019-08-19 07:13:39,5576051.9095195,0.00000012,0.000000000012681852,7911861,2019-08-19 07:13:39,btc,25.86361324985451,0.0,0.00000012,btc,1094878.27526979,0.00024951,0.0793524101309535,4
0,[],2,[],2019-01-20 23:31:51,0.0,0,0,6477087,2019-01-20 23:31:51,,0.0,0.0,0,,0.0,0.0,0.0,6
1,[],11,[],2019-08-15 15:27:29,324074.0,0.00000001,0.0000000000010065590000000001,7900084,2019-08-15 15:27:29,btc,9583.47119397936,4910218.0,0.00000001,btc,78345418.50750598,0.0,0.00324074,6
1,[],3,[],2019-09-07 17:29:48,11385.800236740051,0.00005962000000000000177018122382577303142170421779155731201171875,0.000000006283798950000001,7999579,2019-09-07 17:29:48,btc,1026.2996472737468,0.0,0.00005962000000000000177018122382577303142170421779155731201171875,btc,499.396316529976,0.0,0.01858474646704887,7
1,[],4,[],2019-09-07 17:29:50,91027.18897031,0.00006401,0.000000006746493975,7999580,2019-09-07 17:29:50,btc,11.21777538148214,0.0,0.00006401,btc,75662.18600946,0.58502615,1.5393288090622352,7
1,[],5,[],2019-07-06 00:28:21,0.0,0,0,7800789,2019-07-06 00:28:21,btc,0.0,0.38662001,0,btc,0.0,0.0,0.0,7
1,[],5,[],2019-07-05 17:50:59,0.0,0,0,7799863,2019-07-05 17:50:59,btc,0.0,0.04857279,0,btc,0.0,0.0,0.0,12
0,[],2,[],2019-01-20 23:23:08,0.0,0,0,6476890,2019-01-20 23:23:08,,0.0,0.0,0,,0.0,0.0,0.0,12
1,[],4,[],2019-09-07 17:29:51,8930993.65411128,0.00000018,0.00000000001897155,7999581,2019-09-07 17:29:51,btc,5.530628917699067,0.0,0.00000018,btc,9732525.82922136,1.03636654,0.7072214902943599,12
0.0,[],25,[],2019-09-07 17:30:01,0.0,0,0,7999582,2019-09-07 17:30:01,,0.0,0.0,0.0,btc,0.0,0.0,0.0,12
1,[],4,[],2019-09-07 17:30:01,951803.5195667,0.00000106,0.00000000011172135000000001,7999583,2019-09-07 17:30:01,btc,2.6107511477555794,0.0,0.00000106,btc,784540.7913003,0.02530147,0.3106174735279637,13
1,[],10,[],2019-09-07 17:30:03,709737.97140088,0.00000101,0.00000000010645147500000001,7999584,2019-09-07 17:30:03,btc,666828.3223384419,27220.3916118,0.00000101,btc,1006828.48998725,0.0,0.0957496194857398,13
1,[],21,[],2019-09-07 17:30:04,4344494.96020527,0.000001060000000000000015560469580,0.00000000011172135000000001,7999585,2019-09-07 17:30:04,btc,3.640179781799899,162514.00553344,0.0000010600000000000000155604695795119596368749625980854034423828125,btc,2062767.75032377,0.1759727,1.6099348171403736,13
0,[],17,[],2019-08-21 20:54:35,0.0,0,0,7923253,2019-08-21 20:54:35,btc,0.0,0.0,0,btc,0.0,0.0,0.0,14
1,[],4,[],2019-09-07 17:30:05,995801.91419981,0.00000053,0.000000000055860675000000003,7999586,2019-09-07 17:30:05,btc,1.9978264414784823,0.0,0.00000053,btc,803414.07288007,0.02167444,0.1231075756631308,14
1,[],12,[],2019-09-07 17:30:05,207673.07185613,0.00000046,0.00000000004848285,7999587,2019-09-07 17:30:05,btc,182.00079745304603,0.0,0.00000046,btc,37128.28702821,0.000148325294,0.0118483947058796,14
1,[],26,[],2019-09-07 17:30:06,0.0,0,0,7999588,2019-09-07 17:30:06,,0.0,0.0,0,,0.0,0.0,0.0,14
0,[],4,[],2019-09-07 17:30:07,0.0,0,0,7999589,2019-09-07 17:30:07,,0.0,0.0,0,,0.0,0.0,0.0,15
,[],12,[],2018-12-01 15:15:48,204241.84496,0.00000489,0.000000000202473384,5260204,2018-12-01 15:15:48,btc,49.5475654835,0.0,,btc,35763.2193806,0.0163153972027625,0.0203389899998,15
0,[],17,[],2019-08-21 20:54:42,0.0,0,0,7923259,2019-08-21 20:54:42,btc,0.0,0.0,0,btc,0.0,0.0,0.0,18
1,[],4,[],2019-09-07 17:30:08,27263.052236,0.00000571,0.000000000601819725,7999590,2019-09-07 17:30:08,btc,2.469841252502828,0.0,0.00000571,btc,29103.66982536,0.03129518,0.0228883418394393,18
1,[],10,[],2019-09-07 17:30:10,374637.4326492,0.00000564,0.0000000005944419000000001,7999591,2019-09-07 17:30:10,btc,14.896144125121088,6936.01053939,0.00000564,btc,11765.96868614,0.0,0.1414006836083647,18
1,[],12,[],2019-09-07 17:30:11,63252.35074525,0.0000055400000000000003210517789120626019894189084880053997039794921875,0.0000000005839021500000001,7999592,2019-09-07 17:30:11,btc,0.566944863642671,0.0,0.0000055400000000000003210517789120626019894189084880053997039794921875,btc,2227.100274,0.009900499677,0.0166178357135883,18
0,[],2,[],2019-01-20 23:23:38,0.0,0,0,6476906,2019-01-20 23:23:38,,0.0,0.0,0,,0.0,0.0,0.0,18
1,[],3,[],2019-09-07 17:30:11,155883.83600948792,0.00000405000000000000018730676731859574601912754587829113006591796875,0.000000000426859875,7999593,2019-09-07 17:30:11,btc,190.44581110753006,1.12610710493,0.00000405000000000000018730676731859574601912754587829113006591796875,btc,36458.714433979214,0.0,0.0550874499410235,19
1,[],4,[],2019-09-07 17:30:12,378941.86341003,0.00000450,0.00000000047428875,7999594,2019-09-07 17:30:12,btc,3.0368186313786114,0.0,0.00000450,btc,292371.53884467,0.32003162,0.7724496827013779,19
0,[],27,[],2019-08-12 16:48:42,0.0,0,0,7891818,2019-08-12 16:48:42,,0.0,0.0,0,btc,0.0,0.0,0.0,19
1,[],12,[],2019-09-07 17:30:14,129811.54985611,0.0000043499999999999998560938456459989964741907897405326366424560546875,0.000000000458479125,7999595,2019-09-07 17:30:14,btc,0.3194414478800791,0.0,0.0000043499999999999998560938456459989964741907897405326366424560546875,btc,3339.53406712,8.4030371e-05,0.019500589999866102,19
0,[],2,[],2019-01-20 23:24:19,0.0,0,0,6476924,2019-01-20 23:24:19,,0.0,0.0,0,,0.0,0.0,0.0,19
1,[],5,[],2019-07-06 02:01:19,0.0,0,0,7800799,2019-07-06 02:01:19,btc,0.0,0.0,0,btc,0.0,0.0,0.0,19
1,[],4,[],2019-08-19 09:56:57,10479102.32813501,0.00000006,0.00000000000640596,7912317,2019-08-19 09:56:57,btc,4.984292824562718,0.0,0.00000006,btc,2305413.8842246,0.0,0.1263090499480169,20
0,[],17,[],2019-08-21 20:54:51,0.0,0,0,7923265,2019-08-21 20:54:51,btc,0.0,0.0,0,btc,0.0,0.0,0.0,21
0,[],4,[],2019-09-07 17:30:14,0.0,0,0,7999596,2019-09-07 17:30:14,,45995.34216506191,0.0,0,,177300824.59586042,0.0,0.0,21
0,[],12,[],2019-09-07 17:30:17,0.0,0,0,7999597,2019-09-07 17:30:17,btc,2617.135747960949,0.0,0,btc,8972508.89310687,0.0,0.0,21
0.0000000002204393,[],27,[],2019-07-29 17:24:02,79794022.5,8.5971327e-17,8.21370058158e-21,7852364,2019-07-29 17:24:02,eth,1253.5830452782222,787155.0,0.00000039,eth,2317982.66147653,6.7672759904685e-11,2.1948587434632156e-09,23
1,[],12,[],2019-09-07 17:30:18,2884833328.0591874,0.0000000018,0.0000000000001897155,7999598,2019-09-07 17:30:18,btc,167285767414.23407,0.0,0.0000000018,btc,1911556041.5630438,0.17730479764,0.8444590800155373,23
1,[],4,[],2019-09-07 17:30:19,5858124.40757146,0.00000015,0.000000000015809625,7999599,2019-09-07 17:30:19,btc,4.404114253896403,0.0,0.00000015,btc,2117277.82942061,0.00094058,0.1034178982915481,24
0,[],22,[],2019-09-07 17:30:21,0.0,0,0,7999600,2019-09-07 17:30:21,,2.9367775,0.0,0,,2936.7775,0.0,0.0,24
0.0,[],25,[],2019-09-07 17:30:39,0.0,0,0,7999601,2019-09-07 17:30:39,,0.0,0.0,0.0,btc,0.0,0.0,0.0,24
1,[],4,[],2019-09-07 17:30:41,27523274.25550064,0.00000334,0.00000000035202765,7999602,2019-09-07 17:30:41,btc,107.24178872751,0.0,0.00000334,btc,1040544.68029813,0.03364767,0.5153461434573667,26
1,[],10,[],2019-09-07 17:30:44,214200.79925384,0.00000354,0.00000000037310715,7999603,2019-09-07 17:30:44,btc,25.71240878553535,7798.32008228,0.00000354,btc,19365.27112476,0.0,0.0336791719922873,26
0,[],2,[],2019-01-20 23:25:56,0.0,0,0,6476976,2019-01-20 23:25:56,,0.0,0.0,0,,0.0,0.0,0.0,26
0.0000000000665496,[],4,[],2019-09-07 17:30:44,891632841.5455545,3.1943808e-17,3.36679750368e-21,7999604,2019-09-07 17:30:44,ltc,11.579575520524124,0.0,0.00000048,ltc,959976841.3464489,0.0007037,5.219130665103987e-09,29
1,[],7,[],2019-09-07 17:30:46,0.0,0,0,7999605,2019-09-07 17:30:46,btc,13538.45171742049,0.0,0,btc,40578447.89577821,0.0,0.0,29
0,[],17,[],2019-08-21 20:55:05,0.0,0,0,7923275,2019-08-21 20:55:05,btc,0.0,0.0,0,btc,0.0,0.0,0.0,30
1,[],4,[],2019-09-07 17:30:47,14082781.75891151,0.00000007,0.000000000007377825,7999606,2019-09-07 17:30:47,btc,2.256122531079268,0.0,0.00000007,btc,1939188.23353122,0.0,0.1646808168930549,30
1,[],4,[],2019-09-07 17:30:48,198214.88107263,0.00002135,0.000000002250236625,7999607,2019-09-07 17:30:48,btc,2.094179335998599,0.0,0.00002135,btc,53679.03803723,0.30753415,0.1834365511910937,31
1,[],21,[],2019-09-07 17:30:49,7449091.10594022,0.00002150999999999999903721979722,0.000000002267100225,7999608,2019-09-07 17:30:49,btc,2.02257270215867,69157.53567955,0.00002150999999999999903721979721549217856590985320508480072021484375,btc,76574.27072475001,1.54735685,3.3428895722737515,31
0,[],2,[],2019-01-20 23:28:43,0.0,0,0,6477009,2019-01-20 23:28:43,,0.0,0.0,0,,0.0,0.0,0.0,32
0,[],4,[],2019-09-07 17:30:50,0.0,0,0,7999609,2019-09-07 17:30:50,,0.0,0.0,0,,0.0,0.0,0.0,33
1,[],12,[],2019-03-30 07:55:10,40641173.964,0.00000003,0.000000000001228359,7108785,2019-03-30 07:55:10,btc,4233210.82356125,0.0,0.00000003,btc,28378394.68333462,0.0126927883965248,0.90752895892,33
0.0000000000665496,[],4,[],2019-09-07 17:30:51,48442504.89298943,2.661984e-17,2.8056645864e-21,7999610,2019-09-07 17:30:51,ltc,6.137327077696408,0.0,0.0000004,ltc,190086073.31756523,0.0,4.822131242597332e-10,34
1,[],5,[],2019-07-06 02:03:46,0.0,0,0,7800811,2019-07-06 02:03:46,btc,0.0,0.0,0,btc,0.0,0.0,0.0,34
1,[],27,[],2019-08-12 16:26:17,6255.0,0.00000019,0.000000000021630303,7891745,2019-08-12 16:26:17,btc,22.61101824371233,0.0,0.00000019,btc,4198.924835,0.0,0.00091445,37
1,[],17,[],2019-08-21 20:55:15,210000.45146899,0.00000025,0.000000000025489949999999998,7923282,2019-08-21 20:55:15,btc,0.003138923777095,0.0,0.00000025,"btc,eth",803.94918473,0.0,0.0001001128676138302,37
1,[],4,[],2019-09-07 17:30:52,11282246.48859019,0.00000011,0.000000000011593725,7999611,2019-09-07 17:30:52,btc,19773.296150928272,0.0,0.00000011,btc,2443338.95700698,0.0001001,0.1981009493757532,37
1,[],12,[],2019-09-07 17:30:52,8154706.27865734,0.0000001,0.00000000001053975,7999612,2019-09-07 17:30:52,btc,1679.3003792918619,0.0,0.0000001,btc,2384665.75004398,0.010612622798,0.233867407865734,37
0,[],27,[],2019-08-12 16:26:27,0.0,0,0,7891747,2019-08-12 16:26:27,,0.001005,0.0,0,"btc,eth",3.0,0.0,0.0,42
1,[],12,[],2019-09-07 17:30:54,343276.02492701,0.00000072,0.0000000000758862,7999613,2019-09-07 17:30:54,btc,486.6751636019591,0.0,0.00000072,btc,162846.41773596,0.089795577657,0.058880848841209,42
1,[],5,[],2019-07-06 02:03:47,0.0,0,0,7800812,2019-07-06 02:03:47,btc,0.0,0.14382058,0,btc,0.0,0.0,0.0,42
1,[],12,[],2019-03-13 09:13:29,1112112.0,0.00000001,0.000000000000386531,6919902,2019-03-13 09:13:29,btc,29058.00478931866,0.0,0.00000001,btc,5967681.93306694,9.99000999e-07,0.01112112,43
1,[],5,[],2019-04-26 22:38:52,0.0,0,0,7474154,2019-04-26 22:38:52,btc,0.0,0.02638891,0,btc,0.0,0.0,0.0,43
0,[],17,[],2019-04-26 22:38:53,0.0,0,0,7474155,2019-04-26 22:38:53,btc,0.0,0.0,0,btc,0.0,0.0,0.0,43
0.0000000000665496,[],4,[],2019-09-07 17:30:56,110285528.47454149,4.0595256e-17,4.27863849426e-21,7999614,2019-09-07 17:30:56,ltc,8614.741115474799,0.0,0.00000061,ltc,27111564.40040059,0.0,4.541872253285912e-10,49
0.0000000000673771,[],4,[],2019-09-01 13:37:52,277776288.3690458,1.4149191e-17,1.3535738675004002e-21,7981780,2019-09-01 13:37:52,ltc,31254.223411918138,0.0,0.00000021,ltc,165508145.920071,0.0,2.8136254903293817e-10,52
0,[],27,[],2019-08-12 16:26:37,0.0,0,0,7891750,2019-08-12 16:26:37,,0.0,0.0,0,"btc,eth",0.0,0.0,0.0,57
0,[],22,[],2019-09-07 17:30:58,0.0,0,0,7999615,2019-09-07 17:30:58,,10290.06395626,0.0,0,,285312171.3316013,0.0,0.0,57
1,[],17,[],2019-08-21 20:55:25,1200000.0,0.0000000001,0.00000000000001019598,7923289,2019-08-21 20:55:25,btc,1e+24,0.0,0.0000000001,"btc,eth",39506342.31952568,0.0,0.00010000000036633021,58
0.0000000000665496,[],4,[],2019-09-07 17:30:58,1042031880.7009025,6.65496e-19,7.014161466e-23,7999616,2019-09-07 17:30:58,ltc,19.71302942381316,0.0,0.00000001,ltc,5301415906.550812,0.0,6.934680484789277e-10,58
1,[],12,[],2019-09-07 17:30:59,62534123.92557199,0.0000000001,0.000000000000010539750000000001,7999617,2019-09-07 17:30:59,btc,71957427.14716671,0.0,0.0000000001,btc,5106806639.298738,0.003870562643,0.006253412392557199,58
0.00000000007408650000000001,[],22,[],2019-09-07 17:31:02,626877.0,7.40865e-19,7.80853188375e-23,7999618,2019-09-07 17:31:02,XMR,68.17454206,0.0,0.00000001,XMR,9626402.6,0.0,0.00626877,58
0,[],27,[],2019-07-29 19:34:56,0.0,0,0,7852673,2019-07-29 19:34:56,,1.97314195,0.0,0,"btc,eth",10936.9,0.0,0.0,61
0,[],22,[],2019-08-22 14:00:27,0.0,0,0,7929496,2019-08-22 14:00:27,,1000.95212109,0.0,0,,9656.689066014545,0.0,0.0,61
1,[],26,[],2019-08-22 14:00:27,0.0,0,0,7929497,2019-08-22 14:00:27,,0.0,0.0,0,,0.0,0.0,0.0,61
1,[],28,[],2019-08-22 14:00:41,40000.0,0.00000004,0.000000000004031476,7929498,2019-08-22 14:00:41,btc,0.242343945415105,338.0,0.00000004,btc,8016.46650005,0.0,0.001,61
1,[],5,[],2019-06-17 14:31:27,0.0,0,0,7740135,2019-06-17 14:31:27,btc,0.0,0.00079154,0,btc,0.0,0.0,0.0,61
1,[],4,[],2019-09-07 17:31:03,1903993.41721889,0.00000069,0.000000000072724275,7999619,2019-09-07 17:31:03,btc,2.9722846186084686,0.0,0.00000069,btc,1302967.16852088,0.01436338,0.8727942171364212,67
0.0,[],25,[],2019-09-07 17:31:21,0.0,0,0,7999620,2019-09-07 17:31:21,,0.0,0.0,0.0,btc,0.0,0.0,0.0,67
1,[],12,[],2019-06-02 06:23:14,910048.355,0.00000006,0.000000000005154929999999999,7725270,2019-06-02 06:23:14,btc,5.167005424215783,0.0,0.00000006,btc,738530.60239759,0.003159757462,0.0187188113,71
,[],5,[],2018-11-20 23:02:39,1.5e-07,0.00000005,0.000000000002128045,4862160,2018-11-20 23:02:39,btc,2.84511358,0.0,,btc,0.00036572,0.0,0.07381892,74
1,[],5,[],2019-07-06 00:15:01,0.0,0,0,7800749,2019-07-06 00:15:01,btc,0.0,0.01883861,0,btc,0.0,0.0,0.0,75
1,[],4,[],2019-09-07 17:31:22,188417.55708048,0.00005501,0.000000005797916475,7999621,2019-09-07 17:31:22,btc,54.473537439866604,0.0,0.00005501,btc,106371.9626071,1.64643408,1.3255071945049657,82
1,[],21,[],2019-09-07 17:31:22,794892.17470976,0.00005243999999999999936340852602,0.0000000055270449,7999622,2019-09-07 17:31:22,btc,3.5726024020001046,13975.75402566,0.0000524399999999999993634085260207911005636560730636119842529296875,btc,47206.57437805,0.73468119,1.7914427447592731,82
0,[],4,[],2019-07-23 20:51:52,0.0,0,0,7830376,2019-07-23 20:51:52,,1.6413985531662756,0.0,0,,620289065.5915176,0.0,0.0,85
,[],22,[],2018-11-20 23:09:34,3408.1,0.0000001,0.0000000000041895,4862324,2018-11-20 23:09:34,BTC,0.04624735,0.0,,BTC,4990.0,0.0,0.00033081,86
1,[],27,[],2019-08-06 12:06:36,100155.0,0.00000003,0.000000000003516594,7875448,2019-08-06 12:06:36,btc,7.177196150774,345.0,0.00000003,btc,287406.89336,1.035e-05,0.00300465,87
1,[],22,[],2019-09-07 17:31:25,617988.0,0.00000001,0.000000000001053975,7999623,2019-09-07 17:31:25,BTC,1.80023794,0.0,0.00000001,BTC,997840.847368421,0.00114795,0.00617988,87
,[],2,[],2018-11-20 23:10:47,0.0,0,0,4862359,2018-11-20 23:10:47,,0.0,0.0,,,0.0,0.0,0.0,88
0,[],2,[],2019-01-20 23:31:45,0.0,0,0,6477083,2019-01-20 23:31:45,,0.0,0.0,0,,0.0,0.0,0.0,91
1,[],12,[],2019-08-21 08:36:52,425737.18747014,0.00000027,0.00000000002755863,7920587,2019-08-21 08:36:52,btc,589.0196553122464,0.0,0.00000027,btc,329461.8088511,0.000457377432,0.0207804367963476,91
0,[],17,[],2019-08-21 08:36:53,0.0,0,0,7920588,2019-08-21 08:36:53,btc,0.0,0.0,0,btc,0.0,0.0,0.0,91
1,[],22,[],2019-08-21 08:36:57,54200.0,0.00000003,0.00000000000306207,7920589,2019-08-21 08:36:57,BTC,1.05335,0.0,0.00000003,"BTC,LTC",1839.95,0.0,0.002326,91
0,[],17,[],2019-08-21 20:55:48,0.0,0,0,7923301,2019-08-21 20:55:48,btc,0.0,0.0,0,btc,0.0,0.0,0.0,96
0.0000000000665496,[],4,[],2019-09-07 17:31:26,589277334.352669,8.651448e-18,9.1184099058e-22,7999624,2019-09-07 17:31:26,ltc,18.421896638283034,0.0,0.00000013,ltc,217379932.34141088,0.0,6.487171945630386e-10,96
0,[],12,[],2019-09-07 17:31:27,0.0,0,0,7999625,2019-09-07 17:31:27,btc,109.38134145456543,0.0,0,btc,11919194.45654345,0.0,0.0,96
0,[],2,[],2019-01-20 23:23:55,0.0,0,0,6476914,2019-01-20 23:23:55,,0.0,0.0,0,,0.0,0.0,0.0,100
1,[],4,[],2019-09-07 17:31:28,122047.80550656,0.00001210,0.00000000127530975,7999626,2019-09-07 17:31:28,btc,7.845905557603541,0.0,0.00001210,btc,187366.61991731,0.15903485,0.4271088817432949,100
1,[],22,[],2019-09-02 01:52:50,146000.0,0.00000002,0.0000000000019461180000000003,7985214,2019-09-02 01:52:50,BTC,26.50623849,0.0,0.00000002,BTC,10383.92,0.0,0.00162,101
1,[],27,[],2019-08-12 16:30:59,2050161.9,0.00000005,0.0000000000056921850000000005,7891762,2019-08-12 16:30:59,btc,261.32824567561846,0.0,0.00000005,btc,285690.80442935,0.0,0.060251537,105
1,[],12,[],2019-08-26 10:09:37,94297270.0,0.000000001,0.00000000000010357180000000001,7965278,2019-08-26 10:09:37,btc,339276.63475285517,0.0,0.000000001,btc,137493066.90169865,0.002908079082,0.09429727,105
1,[],27,[],2019-08-12 16:31:06,1.0,0.00000001,0.000000000001138437,7891764,2019-08-12 16:31:06,btc,0.0,0.0,0.00000001,"btc,eth",0.0,0.0,1e-08,112
0,[],22,[],2019-09-07 17:31:31,0.0,0,0,7999627,2019-09-07 17:31:31,,6.80006923,0.0,0,,3882713.0833333335,0.0,0.0,112
1,[],5,[],2019-07-06 00:19:31,0.0,0,0,7800761,2019-07-06 00:19:31,btc,0.0,0.0,0,btc,0.0,0.0,0.0,112
1,[],5,[],2019-07-06 00:19:43,0.0,0,0,7800765,2019-07-06 00:19:43,btc,0.0,0.0,0,btc,0.0,0.0,0.0,113
1,[],4,[],2019-08-23 18:16:44,371097.09099114,0.00000094,0.000000000097689594,7938037,2019-08-23 18:16:44,btc,6.337079582375524,0.0,0.00000094,btc,946945.41992512,0.00337055,0.1031406582583925,113
1,[],17,[],2019-08-21 20:55:59,212000.0,0.00000004,0.000000000004078392,7923307,2019-08-21 20:55:59,btc,1.3335225243619424,1.12e-06,0.00000004,btc,55804.73574154,0.0,0.00218,116
1,[],27,[],2019-08-02 18:48:59,95525.16595526,0.00000001,0.000000000001045936,7866367,2019-08-02 18:48:59,btc,3918.96487209,0.0,0.00000001,btc,88497.69,0.0,0.0009552516595526,116
1,[],4,[],2019-09-07 17:31:33,9257496.3943447,0.00000113,0.000000000119099175,7999628,2019-09-07 17:31:33,btc,129.88793458959103,0.0,0.00000113,btc,1631501.64849188,0.86754321,1.1986156132506787,120
1,[],7,[],2019-09-07 17:31:35,15471.0070445,0.0000071799999999999998656738560420809136530806426890194416046142578125,0.00000000075675405,7999629,2019-09-07 17:31:35,btc,60.76042423006499,0.0,0.0000071799999999999998656738560420809136530806426890194416046142578125,btc,4537.13059959,0.0,0.0056801450043029,120
1,[],17,[],2019-08-21 20:56:04,10000.0,0.00000001,0.000000000001019598,7923311,2019-08-21 20:56:04,btc,0.0953976503951408,0.0,0.00000001,btc,5037.62507334,0.0,0.0001,131
1,[],4,[],2019-09-07 17:31:37,179941.22145446,0.00000192,0.0000000002023632,7999630,2019-09-07 17:31:37,btc,2.4033350683797075,0.0,0.00000192,btc,342785.58252705,0.013335,0.1177776091820315,131
0,[],2,[],2019-01-20 23:25:46,0.0,0,0,6476969,2019-01-20 23:25:46,,0.0,0.0,0,,0.0,0.0,0.0,131
1,[],4,[],2019-08-20 14:43:19,8549.6097675,0.00005121,0.0000000054409242329999995,7915998,2019-08-20 14:43:19,btc,0.2921428325204394,0.0,0.00005121,btc,235.83446249,0.0,0.0027602632940558,135
1,[],3,[],2019-07-13 16:51:20,187.26592867,0.00000001,0.000000000001140965,7813490,2019-07-13 16:51:20,btc,419.77407087449336,1935513.62324,0.00000001,btc,3179086.72005867,0.0,1.8726592866999999e-06,136
1,[],4,[],2019-09-07 17:31:38,528079.13710136,0.00000322,0.00000000033937995,7999631,2019-09-07 17:31:38,btc,19.300195540042715,0.0,0.00000322,btc,434884.15379065,0.06291197,0.90904264244477,137
1,[],12,[],2019-09-07 17:31:39,104332.76210669,0.0000034500000000000000026996634094889060406785574741661548614501953125,0.000000000363621375,7999632,2019-09-07 17:31:39,btc,38.54932165717431,0.0,0.0000034500000000000000026996634094889060406785574741661548614501953125,btc,41071.13320356,0.001474167981,0.0310350627622849,137
1,[],17,[],2019-08-21 20:56:08,32967.38636364,0.00000088,0.00000000008972462400000001,7923315,2019-08-21 20:56:08,btc,20.069762065592148,0.0,0.00000088,btc,2746.079105,0.0,0.0105613000000032,142
1,[],4,[],2019-09-07 17:31:40,294690.66059817,0.00002798,0.00000000294902205,7999633,2019-09-07 17:31:40,btc,3.2586177630081874,0.0,0.00002798,btc,71910.46540999,0.23597439,0.8920046948493537,142
1,[],20,[],2019-09-07 17:31:43,108812.5084,0.000022878,0.000000002411284005,7999634,2019-09-07 17:31:43,btc,1.274956769927,0.0,0.000022878,btc,3549.3684,0.0,0.0025148372171,142
1,[],22,[],2019-09-07 17:31:46,10619.88,0.00000200,0.000000000210795,7999635,2019-09-07 17:31:46,BTC,1.55898515,0.0,0.00000200,BTC,835.8398331062671,0.0,0.00416696,142
0.0,[],25,[],2019-09-07 17:32:05,0.0,0,0,7999636,2019-09-07 17:32:05,,0.0,0.0,0.0,btc,0.0,0.0,0.0,142
0,[],28,[],2019-09-07 17:32:07,0.0,0,0,7999637,2019-09-07 17:32:07,,0.0,0.0,0,,0.0,0.0,0.0,142
1,[],5,[],2019-07-06 02:06:10,0.0,0,0,7800822,2019-07-06 02:06:10,btc,0.0,0.00140707,0,btc,0.0,0.0,0.0,142
0,[],22,[],2019-08-21 15:01:35,0.0,0,0,7922332,2019-08-21 15:01:35,,68.14027224,0.0,0,,718000153.5744588,0.0,0.0,143
0,[],22,[],2019-02-25 15:42:22,0.0,0,0,6783783,2019-02-25 15:42:22,,4.2131946,0.0,0,,2322156.0,0.0,0.0,146
,[],22,[],2018-11-20 23:01:11,0.0,0,0,4862114,2018-11-20 23:01:11,,2.56807021,0.0,,,61828.4988236,0.0,0.0,147
1,[],12,[],2019-04-21 06:38:04,193091.5971266,0.00000071,0.000000000037635183,7388679,2019-04-21 06:38:04,btc,2.301232411611175,0.0,0.00000071,btc,9957.48302385,0.00023528,0.0313308199999888,148
1,[],5,[],2019-04-26 09:36:59,0.0,0,0,7465040,2019-04-26 09:36:59,btc,0.0,0.0,0,btc,0.0,0.0,0.0,153
0,[],23,[],2019-01-20 23:24:29,0.0,0,0,6476932,2019-01-20 23:24:29,,0.0,0.0,0,,0.0,0.0,0.0,156
0,[],22,[],2019-09-07 17:32:09,0.0,0,0,7999638,2019-09-07 17:32:09,,6.87813965,0.0,0,,4570228.592592592,0.0,0.0,156
1,[],22,[],2019-09-07 17:32:15,6996.0,0.00000001,0.000000000001053975,7999639,2019-09-07 17:32:15,BTC,1.7547719,0.0,0.00000001,BTC,64.8,0.0,6.996e-05,157
0,[],22,[],2019-08-17 00:05:41,0.0,0,0,7905012,2019-08-17 00:05:41,,50234.60468402,0.0,0,,54786159.03179465,0.0,0.0,158
,[],17,[],2018-11-20 22:56:10,0.0,0,0,4861976,2018-11-20 22:56:10,btc,1.1265625,0.0,,btc,1000.0,0.0,0.0,159
,[],20,[],2018-11-20 22:56:12,0.0,0,0,4861977,2018-11-20 22:56:12,btc,11912.7940471,0.0,,btc,34413894.3617,0.0,0.0,159
1,[],22,[],2019-09-07 17:32:19,4610.318181818182,0.00000001,0.000000000001053975,7999640,2019-09-07 17:32:19,BTC,22.8347312,0.0,0.00000001,"BTC,LTC",293247.6604070517,0.0,0.00046386,171
0.0000000000644549,[],22,[],2019-09-03 05:10:10,94000.0,6.44549e-19,6.64851004402e-23,7989885,2019-09-03 05:10:10,LTC,17.607944,0.0,0.00000001,LTC,1473441.0846050987,0.0,0.00094,173
1,[],5,[],2019-07-06 02:08:45,0.0,0,0,7800830,2019-07-06 02:08:45,btc,0.0,0.00700197,0,btc,0.0,0.0,0.0,175
0,[],22,[],2019-08-19 04:17:22,0.0,0,0,7911532,2019-08-19 04:17:22,,393.97295672,0.0,0,,135375.61833431243,0.0,0.0,176
1,[],7,[],2019-07-01 10:15:32,0.0,0,0,7783526,2019-07-01 10:15:32,btc,521516.2326888725,0.0,0,btc,26809253.73522063,0.0,0.0,178
0,[],22,[],2019-09-07 17:32:22,0.0,0,0,7999641,2019-09-07 17:32:22,,1.00205534,0.0,0,,62828.0,0.0,0.0,178
0,[],2,[],2019-01-20 23:28:34,0.0,0,0,6477001,2019-01-20 23:28:34,,0.0,0.0,0,,0.0,0.0,0.0,178
1,[],5,[],2019-07-06 02:08:50,0.0,0,0,7800832,2019-07-06 02:08:50,btc,0.0,6.904e-05,0,btc,0.0,0.0,0.0,179
0,[],23,[],2019-01-20 23:25:08,0.0,0,0,6476952,2019-01-20 23:25:08,,0.0,0.0,0,,0.0,0.0,0.0,179
0.0000000000665496,[],22,[],2019-09-07 17:32:26,685749.7,1.9964879999999998e-17,2.1042484398e-21,7999642,2019-09-07 17:32:26,LTC,10.20937404,0.0,0.0000003,LTC,14612113.811946675,0.0,0.20572491,179
1,[],17,[],2019-08-21 20:57:03,32504.725000000002,0.00000015,0.00000000001529397,7923326,2019-08-21 20:57:03,btc,5.201614863967379,8e-06,0.00000015,btc,5020.40125,0.0,0.0029504724999999997,180
1,[],22,[],2019-09-07 17:32:31,762407.3889277389,0.00000039,0.000000000041105025,7999643,2019-09-07 17:32:31,BTC,2.96204922,0.0,0.00000039,"BTC,LTC",240819.30192777354,0.00453448,0.60847391,180
1,[],26,[],2019-09-07 17:32:31,0.0,0,0,7999644,2019-09-07 17:32:31,,0.0,0.0,0,,0.0,0.0,0.0,180
,[],7,[],2018-11-20 22:58:01,562227.975654,0.00000085,0.000000000036176765,4862015,2018-11-20 22:58:01,btc,21836.6059674,2491.87645172,,btc,749999.041456,0.00211021,0.127565380455,183
,[],5,[],2019-01-10 08:11:41,0.0,0,0,6347036,2019-01-10 08:11:41,btc,82.15055501,0.00261,,btc,1.19002445,0.0,0.0,187
,[],17,[],2018-11-16 20:58:10,4062536.27273,0.00000001,0.000000000000550501,4708775,2018-11-16 20:58:10,btc,3.36492563466,0.195460381006,,"btc,eth",110697919.549,0.0,0.0157628953496,187
1,[],24,[],2019-05-22 21:04:52,0.0,0.000000000014,0.0000000000000010960978,7670219,2019-05-22 21:04:52,btc,0.0,0.0,0.000000000014,btc,0.0,0.0,0.0,187
0,[],23,[],2019-01-20 23:31:41,0.0,0,0,6477079,2019-01-20 23:31:41,,0.0,0.0,0,,0.0,0.0,0.0,199
0,[],22,[],2019-09-07 17:32:35,0.0,0,0,7999645,2019-09-07 17:32:35,,6.97417052,0.0,0,,108405779.0,0.0,0.0,199
1,[],26,[],2019-09-07 17:32:35,0.0,0,0,7999646,2019-09-07 17:32:35,,0.0,0.0,0,,0.0,0.0,0.0,199
1,[],4,[],2019-01-25 15:51:35,2084389.58565343,0.00000936,0.000000000333526752,6499557,2019-01-25 15:51:35,btc,2.0092503037378524,0.0,0.00000936,btc,160195.80207885,0.19272417,1.242687955921835,211
1,[],7,[],2019-07-01 02:21:28,1170054124.6898527,0.00000018,0.000000000019815389999999997,7782694,2019-07-01 02:21:28,btc,1346735.6331920293,0.0,0.00000018,btc,5516233.71348162,0.0,11.954344045954047,212
0,[],22,[],2019-08-19 07:38:07,0.0,0,0,7911940,2019-08-19 07:38:07,,6.8412543,0.0,0,,3272264.174064925,0.0,0.0,216
1,[],27,[],2019-08-12 16:37:52,320029.088,0.00000001,0.000000000001138437,7891783,2019-08-12 16:37:52,btc,176.0318120012664,0.0,0.00000001,"btc,ltc",485496.05456794,0.0,0.00320029088,216
1,[],22,[],2019-09-07 17:32:40,518788.8857142857,0.00000014,0.00000000001475565,7999647,2019-09-07 17:32:40,BTC,12055.7891487,0.0,0.00000014,BTC,590072.6653112386,0.00035737,0.03334372,217
0,[],22,[],2019-08-29 16:52:21,0.0,0,0,7978120,2019-08-29 16:52:21,,4.69007484,0.0,0,,180254.70709740353,0.0,0.0,221
1,[],24,[],2019-08-29 16:52:22,0.0,0.000000010000,0.000000000000950592,7978121,2019-08-29 16:52:22,btc,0.0,0.0,0.000000010000,btc,0.0,0.0,0.0,221
1,[],26,[],2019-09-07 17:32:40,0.0,0,0,7999648,2019-09-07 17:32:40,,0.0,0.0,0,,0.0,0.0,0.0,231
0.0000000001859265,[],27,[],2019-08-12 16:38:10,100.0,1.859265e-18,2.1166560688050002e-22,7891787,2019-08-12 16:38:10,eth,0.0,0.0,0.00000001,"btc,eth",0.0,0.0,1.8592649999999999e-16,234
1,[],26,[],2019-09-07 17:32:40,0.0,0,0,7999649,2019-09-07 17:32:40,,0.0,0.0,0,,0.0,0.0,0.0,234
1,[],5,[],2019-07-06 02:11:21,0.0,0,0,7800842,2019-07-06 02:11:21,btc,0.0,0.10652887,0,btc,0.0,0.0,0.0,237
1,[],20,[],2019-09-07 17:32:42,43656355.4392,0.000000026,0.000000000002740335,7999650,2019-09-07 17:32:42,btc,521.1049248089364,11006105.4642,0.000000026,btc,33868417.5566,0.3056202988014,0.2717820016061,237
1,[],22,[],2019-09-07 17:32:50,1837861.0,0.00000001,0.000000000001053975,7999651,2019-09-07 17:32:50,BTC,1.20569942,0.0,0.00000001,"BTC,LTC",60432.94871794872,0.0,0.01837861,237
1,[],5,[],2019-07-06 02:11:32,0.0,0,0,7800846,2019-07-06 02:11:32,btc,0.0,0.05525444,0,btc,0.0,0.0,0.0,238
1,[],4,[],2019-08-18 21:55:28,28766182.9187235,0.00000006,0.0000000000062177580000000004,7910606,2019-08-18 21:55:28,btc,2.1262004590211685,0.0,0.00000006,btc,15667280.40051822,0.02567584,0.5811165339764514,238
0.0000000000711565,[],22,[],2019-08-17 13:20:25,419253.0,7.115650000000001e-19,7.3700771814e-23,7906682,2019-08-17 13:20:25,LTC,0.40427224,0.0,0.00000001,LTC,496363.0639027493,0.0,0.00419253,249
0,[],22,[],2019-09-07 11:54:30,0.0,0,0,7999199,2019-09-07 11:54:30,,13.4488406,0.0,0,,43819581.3426455,0.0,0.0,252
0,[],28,[],2019-09-07 17:32:51,0.0,0,0,7999652,2019-09-07 17:32:51,,0.0,0.0,0,,0.0,0.0,0.0,256
0.0000000000916764,[],22,[],2019-07-23 20:12:22,1517.0,9.16764e-19,9.31930943616e-23,7830286,2019-07-23 20:12:22,LTC,31474.63788373,0.0,0.00000001,LTC,1024398.9185893413,0.0,1.517e-05,258
1,[],5,[],2019-07-02 14:44:15,0.0,0,0,7788374,2019-07-02 14:44:15,btc,0.0,0.02775788,0,btc,0.0,0.0,0.0,264
1,[],20,[],2019-09-07 17:32:53,920390.2758,0.0000003,0.00000000003161925,7999653,2019-09-07 17:32:53,btc,0.4745628283596,21869.4323,0.0000003,btc,61075.3169,0.006817932957,0.0110301516855,264
0,[],22,[],2019-08-27 11:47:19,0.0,0,0,7977618,2019-08-27 11:47:19,,33050469.74148113,0.0,0,,14261527780.7,0.0,0.0,272
0.0000000000000025860000000000002,[],28,[],2019-08-27 11:47:30,139196263259.852,3.1032000000000002e-22,3.1535059752e-26,7977619,2019-08-27 11:47:30,doge,1708945031879160.8,7392150085.764,0.00000012,doge,49126229218.319,0.0,3.124217329408538e-11,272
0,[],22,[],2019-09-07 17:32:56,0.0,0,0,7999654,2019-09-07 17:32:56,,73.4668573,0.0,0,,1523613.3487135023,0.0,0.0,286
