pairValue,buyBook,exchangeId,sellBook,updated,buyTotal,satoshiPrice,usdPrice,exchangeLogId,created,bestPair,sellTotalBtc,volume,pairPrice,activePairs,sellTotal,volumeBtc,buyTotalBtc,coinId
1,[],3,[],2019-07-04 22:28:06,31384.693992077136,0.00764337999999999996580957173364367918111383914947509765625,0.0000008944359709800001,7796860,2019-07-04 22:28:06,btc,11.360147532109599,78.9862792941,0.00764337999999999996580957173364367918111383914947509765625,btc,38.636009553106,0.0,0.180604084703241,1
1,[],4,[],2019-07-04 22:28:06,208835.24421685,0.00790000,0.0000009244659000000001,7796861,2019-07-04 22:28:06,btc,8.85978812241952,0.0,0.00790000,btc,376.79694134,3.77128532,5.180992469541051,1
1,[],5,[],2019-07-04 22:28:09,0.0,0,0,7796862,2019-07-04 22:28:09,btc,0.0,0.00795358,0,btc,0.0,0.0,0.0,1
1,[],10,[],2019-07-04 22:28:11,247013.21344882,0.00273254,0.00000031976456334,7796863,2019-07-04 22:28:11,btc,6525.173398247336,1310.31798068,0.00273254,btc,1922.22650337,0.0,1.4473294438891897,1
1,[],12,[],2019-07-04 22:28:13,93.49157051,0.007779999999999999589495036644848369178362190723419189453125,0.00000091042338,7796864,2019-07-04 22:28:13,btc,0.6233537107054999,0.0,0.007779999999999999589495036644848369178362190723419189453125,btc,26.096559579999997,1.213492213285,0.2041158694224,1
1,[],20,[],2019-07-04 22:28:15,928.586,0.007639349,0.0000008939642593290001,7796865,2019-07-04 22:28:15,btc,0.1498719067032,0.703,0.007639349,btc,11.2649,0.005834814505,0.1260001924823,1
1,[],21,[],2019-07-04 22:28:16,2661.90249129,0.007790029999999999871240774496,0.0000009115971006300001,7796866,2019-07-04 22:28:16,btc,8.3654815809711,5527.4219107399995,0.0077900299999999998712407744960728450678288936614990234375,"btc,eth",1562.03698613,40.49513211871994,14.87951606581141,1
1,[],22,[],2019-07-04 22:28:21,1.1199,0.00200000,0.00000023404200000000003,7796867,2019-07-04 22:28:21,BTC,0.01667896,0.0,0.00200000,BTC,0.2541810146658512,0.0,0.00197189,1
1,[],24,[],2019-07-04 22:28:21,0.0,0.000000000000,0,7796868,2019-07-04 22:28:21,btc,0.0,0.0,0.000000000000,btc,0.0,0.0,0.0,1
0.0,[],25,[],2019-07-04 22:28:22,0.0,0,0,7796869,2019-07-04 22:28:22,btc,17.57709999949475,7919.86544034,0.0,btc,2179.89181682,60.2,0.0,1
1,[],26,[],2019-07-04 22:28:24,0.0,0,0,7796870,2019-07-04 22:28:24,,0.0,0.0,0,,0.0,0.0,0.0,1
1,[],28,[],2019-07-04 22:28:46,1040.923,0.00730000,0.0000008542533,7796871,2019-07-04 22:28:46,btc,0.373339197,116908.3619,0.00730000,btc,23.6711,0.0,0.26805679046,1
0,[],2,[],2019-01-20 23:28:45,0.0,0,0,6477011,2019-01-20 23:28:45,,0.0,0.0,0,,0.0,0.0,0.0,1
1,[],5,[],2019-07-04 22:28:47,0.0,0,0,7796872,2019-07-04 22:28:47,btc,0.0,0.06067451,0,btc,0.0,0.0,0.0,2
1,[],22,[],2019-07-04 22:28:51,11550.3,0.0000002,0.000000000023404200000000002,7796873,2019-07-04 22:28:51,BTC,21.00878619,0.0,0.0000002,"BTC,XMR",19931.59287795317,0.0,0.00143681,2
1,[],5,[],2019-06-03 14:48:58,0.0,0,0,7731126,2019-06-03 14:48:58,btc,0.0,0.05905545,0,btc,0.0,0.0,0.0,3
1,[],12,[],2019-06-03 14:48:59,3468623.70302,0.000000116,0.000000000009823402000000002,7731127,2019-06-03 14:48:59,btc,169531.0336573751,0.0,0.000000116,btc,2361209.62379607,0.041350953071,0.33764769154428,3
0,[],28,[],2019-06-03 14:49:00,0.0,0,0,7731128,2019-06-03 14:49:00,,0.0,0.0,0,,0.0,0.0,0.0,3
0,[],2,[],2019-01-20 23:31:32,0.0,0,0,6477077,2019-01-20 23:31:32,,0.0,0.0,0,,0.0,0.0,0.0,4
1,[],4,[],2019-05-18 21:29:50,562734.9206932,0.00000010,0.000000000007298720000000001,7650946,2019-05-18 21:29:50,btc,41.9347137769675,0.0,0.00000010,btc,1123702.32192634,0.00052462,0.029254593370966,4
0,[],12,[],2019-06-02 05:03:43,0.0,0,0,7724919,2019-06-02 05:03:43,btc,625.901992874995,0.0,0,btc,1211362.4995005,0.0,0.0,5
0,[],2,[],2019-01-20 23:31:51,0.0,0,0,6477087,2019-01-20 23:31:51,,0.0,0.0,0,,0.0,0.0,0.0,6
1,[],11,[],2019-07-03 09:34:02,4305910.27673599,0.00000001,0.000000000001114197,7791170,2019-07-03 09:34:02,btc,9583.61440324221,317319.0,0.00000001,btc,78212351.53970686,0.0,0.0430591027673599,6
1,[],3,[],2019-07-04 22:28:53,13516.723932351413,0.00006308999999999999395809691105085903473081998527050018310546875,0.00000000738285489,7796874,2019-07-04 22:28:53,btc,3028.065793525452,627.29874475,0.00006308999999999999395809691105085903473081998527050018310546875,btc,442.805680784402,0.0,0.021361621108137174,7
1,[],4,[],2019-07-04 22:28:53,331812.92027812,0.00006938,0.00000000811891698,7796875,2019-07-04 22:28:53,btc,6.636501819456174,0.0,0.00006938,btc,52384.26888401,1.50755356,3.0759645525224304,7
1,[],5,[],2019-07-04 22:28:55,0.0,0,0,7796876,2019-07-04 22:28:55,btc,0.0,0.11607392,0,btc,0.0,0.0,0.0,7
1,[],20,[],2019-04-07 22:06:50,3201475.0482,0.000000001,0.000000000000051590000000000004,7213932,2019-04-07 22:06:50,btc,30.8005781811902,0.0,0.000000001,btc,23077405.3926,0.0,0.0032014750482,8
0,[],2,[],2019-01-20 23:22:42,0.0,0,0,6476876,2019-01-20 23:22:42,,0.0,0.0,0,,0.0,0.0,0.0,9
0,[],23,[],2019-01-20 23:22:48,0.0,0,0,6476878,2019-01-20 23:22:48,,0.0,0.0,0,,0.0,0.0,0.0,9
1,[],4,[],2019-07-04 22:28:57,1602159.9319714,0.00000042,0.000000000049148820000000003,7796877,2019-07-04 22:28:57,btc,2.83931447940748,0.0,0.00000042,btc,3025241.74127995,0.30627376,0.2171265448082116,9
1,[],28,[],2019-07-04 22:29:08,20043.809,0.00000042,0.000000000049148820000000003,7796878,2019-07-04 22:29:08,btc,2708.795936875,125806.0,0.00000042,btc,60856.555,0.0,0.00270157978,9
1,[],1,[],2019-02-17 23:31:42,1822507.21,0.00000181000000000000003456111265232042484285557293333113193511962890625,0.000000000066086901,6701244,2019-02-17 23:31:42,btc,3.6990969245,17153386.5,0.00000181000000000000003456111265232042484285557293333113193511962890625,btc,1997391.71,31.11772986,3.2610482446,9
1,[],4,[],2019-02-17 11:22:43,4341674.27126056,0.00000002,0.0000000000007272960000000001,6696112,2019-02-17 11:22:43,btc,0.1997230937751353,0.0,0.00000002,btc,4109766.79808031,0.00215132,0.0479381022052112,10
0,[],2,[],2019-01-20 23:23:08,0.0,0,0,6476890,2019-01-20 23:23:08,,0.0,0.0,0,,0.0,0.0,0.0,12
1,[],4,[],2019-07-04 22:29:09,8455481.65795907,0.00000020,0.000000000023404200000000002,7796879,2019-07-04 22:29:09,btc,7.5336224618425485,0.0,0.00000020,btc,10125069.36603231,0.60089477,0.6072899607057836,12
1,[],5,[],2019-07-04 22:29:10,0.0,0,0,7796880,2019-07-04 22:29:10,btc,0.0,0.11237241,0,btc,0.0,0.0,0.0,12
0.0,[],25,[],2019-07-04 22:29:12,0.0,0,0,7796881,2019-07-04 22:29:12,,0.0,0.0,0.0,btc,0.0,0.0,0.0,12
1,[],4,[],2019-07-03 05:13:15,584689.47355813,0.00000244,0.0000000002788066,7790600,2019-07-03 05:13:15,btc,2.1849123684917955,0.0,0.00000244,btc,410884.35721095,0.22629225,0.257981043015862,13
1,[],21,[],2019-07-03 05:13:19,5464503.61926811,0.000002560000000000000053561755725,0.0000000002925184,7790601,2019-07-03 05:13:19,btc,2.210907882880977,615243.9733135,0.0000025600000000000000535617557251288900488361832685768604278564453125,btc,645862.4277429,1.61860588,2.668924574171489,13
1,[],10,[],2019-07-03 04:50:28,599111.48051128,0.00000253,0.000000000286717816,7790504,2019-07-03 04:50:28,btc,666798.5185763352,11564.1307772,0.00000253,btc,1070197.84077692,0.0,0.2329213413435623,13
1,[],4,[],2019-07-04 22:29:13,1091546.49782753,0.00000033,0.00000000003861693,7796882,2019-07-04 22:29:13,btc,3.0828409694754684,0.0,0.00000033,btc,1511938.64612088,0.0151399,0.0985597828867034,14
1,[],12,[],2019-07-04 22:29:14,230931.33984052,0.00000036,0.00000000004212756,7796883,2019-07-04 22:29:14,btc,186.35897804248205,0.0,0.00000036,btc,43747.2972986,3.54e-06,0.0160087519999901,14
1,[],26,[],2019-07-04 22:31:15,0.0,0.00000050,0.0000000000585105,7796884,2019-07-04 22:31:15,btc,0.0,0.0,0.00000050,btc,0.0,0.0,0.0,14
0,[],17,[],2019-05-03 00:53:32,0.0,0,0,7558876,2019-05-03 00:53:32,btc,0.0,0.0,0,btc,0.0,0.0,0.0,14
0,[],4,[],2019-07-04 22:31:16,0.0,0,0,7796885,2019-07-04 22:31:16,,0.0,0.0,0,,0.0,0.0,0.0,15
,[],12,[],2018-12-01 15:15:48,204241.84496,0.00000489,0.000000000202473384,5260204,2018-12-01 15:15:48,btc,49.5475654835,0.0,,btc,35763.2193806,0.0163153972027625,0.0203389899998,15
0,[],2,[],2019-01-20 23:23:38,0.0,0,0,6476906,2019-01-20 23:23:38,,0.0,0.0,0,,0.0,0.0,0.0,18
1,[],4,[],2019-07-04 22:31:17,33197.11109918,0.00000860,0.0000000010063806,7796886,2019-07-04 22:31:17,btc,2.35211121430724,0.0,0.00000860,btc,15389.18196533,0.01391202,0.0589553913617769,18
1,[],10,[],2019-07-04 22:31:19,410917.12820643,0.00000865,0.00000000101223165,7796887,2019-07-04 22:31:19,btc,15.057026531326134,4449.12806546,0.00000865,btc,18389.08717649,0.0,0.3547512524093786,18
1,[],12,[],2019-07-04 22:31:20,2171.60168262,0.00000821999999999999922568882926299238533829338848590850830078125,0.00000000096191262,7796888,2019-07-04 22:31:20,btc,0.5282797830616082,0.0,0.00000821999999999999922568882926299238533829338848590850830078125,btc,1921.03099671,7.278671e-06,0.0044407709389889,18
0,[],17,[],2019-05-03 00:53:39,0.0,0,0,7558882,2019-05-03 00:53:39,btc,0.0,0.0,0,btc,0.0,0.0,0.0,18
0,[],2,[],2019-01-20 23:24:19,0.0,0,0,6476924,2019-01-20 23:24:19,,0.0,0.0,0,,0.0,0.0,0.0,19
1,[],3,[],2019-07-04 22:33:21,162101.43401741,0.00000795000000000000011670352184633969727656221948564052581787109375,0.0000000009303169500000001,7796889,2019-07-04 22:33:21,btc,190.3751342683988,15869.4279348,0.00000795000000000000011670352184633969727656221948564052581787109375,btc,18862.778067940635,0.0,0.1100176791649563,19
1,[],4,[],2019-07-04 22:33:22,302336.86171509,0.00000630,0.0000000007372323000000001,7796890,2019-07-04 22:33:22,btc,2.571400544776173,0.0,0.00000630,btc,172226.34823913,0.53600995,1.2428958343162417,19
1,[],5,[],2019-07-04 22:33:23,0.0,0,0,7796891,2019-07-04 22:33:23,btc,0.0,0.0006012,0,btc,0.0,0.0,0.0,19
1,[],12,[],2019-07-04 22:33:24,107470.61808638,0.00000581000000000000027707003358301562911947257816791534423828125,0.0000000006798920100000001,7796892,2019-07-04 22:33:24,btc,0.3716852493953624,0.0,0.00000581000000000000027707003358301562911947257816791534423828125,btc,3011.18497473,1.3606394e-05,0.0104702179998131,19
0,[],27,[],2019-07-04 22:33:31,0.0,0,0,7796893,2019-07-04 22:33:31,,0.0,0.0,0,btc,0.0,0.0,0.0,19
1,[],4,[],2019-07-04 22:33:32,9925191.09278478,0.00000005,0.000000000005851050000000001,7796894,2019-07-04 22:33:32,btc,5.162858526649613,0.0,0.00000005,btc,2244806.83713707,0.0,0.1102994166205056,20
0,[],4,[],2019-07-03 05:17:38,0.0,0,0,7790614,2019-07-03 05:17:38,,13630.874493644571,0.0,0,,166276624.1737067,0.0,0.0,21
0,[],12,[],2019-07-03 05:17:41,0.0,0,0,7790615,2019-07-03 05:17:41,btc,2602.9596941675427,0.0,0,btc,9905024.55244751,3.996e-08,0.0,21
0,[],17,[],2019-05-03 00:53:51,0.0,0,0,7558891,2019-05-03 00:53:51,btc,0.0,0.0,0,btc,0.0,0.0,0.0,21
1,[],12,[],2019-07-04 22:33:34,7287553967.864567,0.0000000006,0.0000000000000702126,7796895,2019-07-04 22:33:34,btc,1426620318772.973,0.0,0.0000000006,btc,3294875116.6703277,0.109009277554,2.6216091542454834,23
0.0000000002516006,[],27,[],2019-07-04 22:33:39,105146847.04295695,1.2580030000000001e-16,1.4721276906300003e-20,7796896,2019-07-04 22:33:39,eth,11366.557215519222,12463873.97002997,0.0000005,eth,12178432.5506114,1.5679590858461942e-09,9.464435573325405e-09,23
1,[],4,[],2019-06-22 05:45:29,6100414.07522138,0.00000017,0.00000000001823352,7751732,2019-06-22 05:45:29,btc,10.22685272773715,0.0,0.00000017,btc,1790815.48208265,0.0,0.1345450262400025,24
0,[],22,[],2019-06-22 05:45:31,0.0,0,0,7751733,2019-06-22 05:45:31,,6.22e-05,0.0,0,,517.4264705882352,0.0,0.0,24
0.0,[],25,[],2019-06-22 05:45:32,0.0,0,0,7751734,2019-06-22 05:45:32,,0.0,0.0,0.0,btc,0.0,0.0,0.0,24
1,[],4,[],2019-07-04 22:33:41,26978437.06642671,0.00000319,0.00000000037329699000000003,7796897,2019-07-04 22:33:41,btc,5.812665158057463,0.0,0.00000319,btc,204284.80635415,0.04565704,0.4911830375518413,26
1,[],10,[],2019-07-04 22:33:43,229282.0473829,0.00000359,0.00000000042010539,7796898,2019-07-04 22:33:43,btc,26.164089140185812,7997.3067852,0.00000359,btc,19954.58251598,0.0,0.050219507871945,26
0,[],2,[],2019-01-20 23:25:56,0.0,0,0,6476976,2019-01-20 23:25:56,,0.0,0.0,0,,0.0,0.0,0.0,26
1,[],5,[],2019-04-26 09:47:06,0.0,0,0,7465326,2019-04-26 09:47:06,btc,0.0,0.0,0,btc,0.0,0.0,0.0,27
1,[],3,[],2019-06-17 14:30:26,13571825.64059417,0.00000001,0.00000000000092914,7740112,2019-06-17 14:30:26,btc,3.485049956644059,4264730.43754,0.00000001,btc,23500048.28518193,0.0,0.1357182564059417,27
1,[],11,[],2019-06-17 14:30:28,2031833.58157834,0.00000001,0.00000000000092914,7740113,2019-06-17 14:30:28,btc,67502.92060589766,32677.9652116,0.00000001,btc,6487362.95640949,0.0,0.0203183358157834,27
0.0000000001054483,[],4,[],2019-07-04 22:33:44,551192152.5682634,8.435864e-17,9.87173241144e-21,7796899,2019-07-04 22:33:44,ltc,10.866556902024833,0.0,0.0000008,ltc,690574747.2955137,0.01755343,1.2535989639370014e-08,29
1,[],7,[],2019-07-04 22:33:45,0.0,0,0,7796900,2019-07-04 22:33:45,btc,46548272.71925045,512107.892108,0,btc,57028164.5934028,0.0,0.0,29
0,[],17,[],2019-05-03 01:11:25,0.0,0,0,7559066,2019-05-03 01:11:25,btc,0.0,0.0,0,btc,0.0,0.0,0.0,30
1,[],4,[],2019-07-04 22:33:47,15203810.6760687,0.00000004,0.0000000000046808400000000005,7796901,2019-07-04 22:33:47,btc,2.573393984778842,0.0,0.00000004,btc,2249253.14278687,0.0,0.1676291463933902,30
1,[],4,[],2019-07-04 22:35:48,241999.43813386,0.00002919,0.0000000034158429900000004,7796902,2019-07-04 22:35:48,btc,3.3586379428574067,0.0,0.00002919,btc,56907.85496604,0.23938955,0.8520529531327096,31
1,[],21,[],2019-07-04 22:35:49,260680.11096778,0.00003250999999999999875120726411,0.00000000380435271,7796903,2019-07-04 22:35:49,btc,3.4134892386759064,78789.14560766,0.00003250999999999999875120726411381610887474380433559417724609375,btc,83395.00415516,2.68028817,2.815902534702371,31
0,[],2,[],2019-01-20 23:28:43,0.0,0,0,6477009,2019-01-20 23:28:43,,0.0,0.0,0,,0.0,0.0,0.0,32
0,[],4,[],2019-07-04 22:35:50,0.0,0,0,7796904,2019-07-04 22:35:50,,0.0,0.0,0,,0.0,0.0,0.0,33
1,[],12,[],2019-03-30 07:55:10,40641173.964,0.00000003,0.000000000001228359,7108785,2019-03-30 07:55:10,btc,4233210.82356125,0.0,0.00000003,btc,28378394.68333462,0.0126927883965248,0.90752895892,33
0.0000000001054483,[],4,[],2019-07-04 22:35:52,148730393.8726396,4.217932e-17,4.93586620572e-21,7796905,2019-07-04 22:35:52,ltc,4.576089320633683,0.0,0.0000004,ltc,170208254.7808905,0.0,6.129435753806372e-10,34
1,[],5,[],2019-07-04 22:35:53,0.0,0,0,7796906,2019-07-04 22:35:53,btc,0.0,0.0,0,btc,0.0,0.0,0.0,34
0.0000000002926451,[],17,[],2019-05-02 18:17:47,200000.0,2.9264510000000002e-18,1.596703856561e-22,7556430,2019-05-02 18:17:47,eth,0.20942468735267253,0.0,0.00000001,"btc,eth",1018272.20243647,0.0,5.852902e-13,36
0.0000000001311821,[],4,[],2019-05-31 13:28:19,2417517744.0607657,1.311821e-18,1.105058333085e-22,7717483,2019-05-31 13:28:19,ltc,5.019900492391546e-08,0.0,0.00000001,ltc,7102398142.262129,0.0,3.171350544531538e-09,36
1,[],5,[],2019-05-31 13:28:21,0.0,0,0,7717484,2019-05-31 13:28:21,btc,0.0,0.0,0,btc,0.0,0.0,0.0,36
0.0000000003108179,[],27,[],2019-05-31 13:30:34,10388811.226876,6.216358000000001e-18,5.236566733830001e-22,7717485,2019-05-31 13:30:34,eth,1569.8708019850988,761866.634299,0.00000002,"ltc,eth",5084024.2511555,4.736034912207001e-12,3.3251980286483705e-11,36
1,[],4,[],2019-06-25 10:05:55,10747826.61931615,0.00000014,0.000000000015920562,7762320,2019-06-25 10:05:55,btc,19773.05513423956,0.0,0.00000014,btc,682946.14349671,0.0006293,0.1362851255028938,37
1,[],12,[],2019-06-25 10:05:57,4167862.54235103,0.00000013,0.000000000014783379,7762321,2019-06-25 10:05:57,btc,7.381091518261743,0.0,0.00000013,btc,1713444.53926904,0.016313049979,0.1478110147956336,37
1,[],27,[],2019-06-25 10:08:02,10970.0,0.00000019,0.000000000021606477,7762322,2019-06-25 10:08:02,btc,22.62970013895233,0.0,0.00000019,btc,4298.824295,0.0,0.00167419,37
1,[],17,[],2019-05-03 01:11:36,211752.74075282,0.00000025,0.000000000013700074999999998,7559074,2019-05-03 01:11:36,btc,0.055484923955058496,0.0,0.00000025,"btc,eth",1387.19918473,0.0,0.0005381851887916605,37
1,[],5,[],2019-07-04 22:35:54,0.0,0,0,7796907,2019-07-04 22:35:54,btc,0.0,0.18715767,0,btc,0.0,0.0,0.0,42
1,[],12,[],2019-07-04 22:35:56,190759.93340912,0.00000101000000000000007076262319161141789436442195437848567962646484375,0.00000000011819121000000002,7796908,2019-07-04 22:35:56,btc,525.2820889743118,0.0,0.00000101000000000000007076262319161141789436442195437848567962646484375,btc,149821.42828077,0.065896430538,0.0410345590048323,42
1,[],27,[],2019-07-04 22:36:04,100.0,0.00000002,0.0000000000023404200000000002,7796909,2019-07-04 22:36:04,btc,0.16000285,0.0,0.00000002,"btc,eth",32.0,0.0,2e-06,42
1,[],12,[],2019-03-13 09:13:29,1112112.0,0.00000001,0.000000000000386531,6919902,2019-03-13 09:13:29,btc,29058.00478931866,0.0,0.00000001,btc,5967681.93306694,9.99000999e-07,0.01112112,43
1,[],5,[],2019-04-26 22:38:52,0.0,0,0,7474154,2019-04-26 22:38:52,btc,0.0,0.02638891,0,btc,0.0,0.0,0.0,43
0,[],17,[],2019-04-26 22:38:53,0.0,0,0,7474155,2019-04-26 22:38:53,btc,0.0,0.0,0,btc,0.0,0.0,0.0,43
1,[],12,[],2019-03-05 01:54:08,639326.02,0.00000004,0.000000000001486676,6845775,2019-03-05 01:54:08,btc,11116042.728239931,0.0,0.00000004,btc,1103841.4595604,0.0003330765234764,0.014975410599999999,44
0.0000000001054483,[],4,[],2019-07-04 22:36:05,105601144.21315742,4.6397252e-17,5.429452826292001e-21,7796910,2019-07-04 22:36:05,ltc,1804.414021410165,0.0,0.00000044,ltc,28371285.17363348,0.0,4.5290670939859995e-10,49
0.0000000001054483,[],4,[],2019-07-04 22:36:06,317186572.1058625,2.4253109e-17,2.838123068289e-21,7796911,2019-07-04 22:36:06,ltc,25191.980755172615,0.0,0.00000023,ltc,193272915.32484448,0.0,1.933629362385581e-09,52
0,[],22,[],2019-07-04 22:36:09,0.0,0,0,7796912,2019-07-04 22:36:09,,10289.80784133,0.0,0,,287058287.4566013,0.0,0.0,57
0,[],27,[],2019-07-04 22:36:17,0.0,0,0,7796913,2019-07-04 22:36:17,,0.0,0.0,0,"btc,eth",0.0,0.0,0.0,57
1,[],17,[],2019-05-03 01:12:09,1200000.0,0.0000000001,0.00000000000000548003,7559085,2019-05-03 01:12:09,btc,1e+24,0.0,0.0000000001,"btc,eth",39516342.31952568,0.0,0.00010000000058666061,58
0,[],4,[],2019-07-04 22:36:18,0.0,0,0,7796914,2019-07-04 22:36:18,,19.719114879388368,0.0,0,,6107323378.36852,0.0,0.0,58
0,[],12,[],2019-07-04 22:36:20,0.0,0,0,7796915,2019-07-04 22:36:20,btc,658109583.3155905,0.0,0,btc,3819307524.21675,0.000202396005,0.0,58
0.0000000000778076,[],22,[],2019-07-04 22:38:23,126877.0,7.780760000000001e-19,9.105123159600001e-23,7796916,2019-07-04 22:38:23,XMR,68.17454206,0.0,0.00000001,XMR,9626402.6,0.0,0.00126877,58
1,[],5,[],2019-06-17 14:31:27,0.0,0,0,7740135,2019-06-17 14:31:27,btc,0.0,0.00079154,0,btc,0.0,0.0,0.0,61
1,[],22,[],2019-06-17 14:31:30,13612.833333333334,0.00000012,0.00000000001114968,7740136,2019-06-17 14:31:30,BTC,1002.29123003,0.0,0.00000012,BTC,15014.200177125656,0.0,0.00153257,61
1,[],26,[],2019-06-17 14:31:30,0.0,0.00000050,0.000000000046457,7740137,2019-06-17 14:31:30,btc,0.0,0.0,0.00000050,btc,0.0,0.0,0.0,61
1,[],27,[],2019-06-17 14:31:36,8400.0,0.00000018,0.00000000001672452,7740138,2019-06-17 14:31:36,btc,1.9742539297246655,0.0,0.00000018,"btc,eth",10953.51663696,0.0,0.001512,61
0,[],28,[],2019-06-17 14:31:38,0.0,0,0,7740139,2019-06-17 14:31:38,,0.0,0.0,0,,0.0,0.0,0.0,61
1,[],4,[],2019-07-04 22:38:24,1429425.17387972,0.00000037,0.00000000004329777,7796917,2019-07-04 22:38:24,btc,3.13724086711673,0.0,0.00000037,btc,1285089.05526815,0.05706943,0.2477091865211298,67
0.0,[],25,[],2019-07-04 22:38:26,0.0,0,0,7796918,2019-07-04 22:38:26,,0.0,0.0,0.0,btc,0.0,0.0,0.0,67
1,[],12,[],2019-06-02 06:23:14,910048.355,0.00000006,0.000000000005154929999999999,7725270,2019-06-02 06:23:14,btc,5.167005424215783,0.0,0.00000006,btc,738530.60239759,0.003159757462,0.0187188113,71
,[],5,[],2018-11-20 23:02:39,1.5e-07,0.00000005,0.000000000002128045,4862160,2018-11-20 23:02:39,btc,2.84511358,0.0,,btc,0.00036572,0.0,0.07381892,74
1,[],5,[],2019-07-04 22:38:28,0.0,0,0,7796919,2019-07-04 22:38:28,btc,0.0,0.00542983,0,btc,0.0,0.0,0.0,75
1,[],4,[],2019-06-04 03:25:15,715281.46076168,0.00000001,0.000000000000803619,7734085,2019-06-04 03:25:15,btc,581089.6218469425,0.0,0.00000001,btc,37692563.61091116,0.0,0.0071528146076168,81
0,[],20,[],2019-01-25 09:30:31,0.0,0,0,6495923,2019-01-25 09:30:31,btc,0.0,0.0,0,btc,0.0,0.0,0.0,81
1,[],4,[],2019-07-04 22:38:29,184324.01963185,0.00006357,0.000000007439024970000001,7796920,2019-07-04 22:38:29,btc,59.18746276475891,0.0,0.00006357,btc,129973.21665046,0.36073908,0.2879995007255258,82
1,[],21,[],2019-07-04 22:38:30,282745.68676299,0.00006216000000000000116819748319,0.000000007274025360000001,7796921,2019-07-04 22:38:30,btc,3.877852995486473,10964.00311685,0.000062160000000000001168197483192301433518878184258937835693359375,btc,42695.68907133,0.68986048,2.691247453014726,82
0,[],17,[],2019-03-25 22:42:34,0.0,0,0,7038780,2019-03-25 22:42:34,btc,0.0445064681804024,0.0,0,btc,995513.18476001,0.0,0.0,84
0.0000000001161485,[],4,[],2019-05-20 13:09:39,216715621.0206096,1.161485e-18,9.0533806701e-23,7657228,2019-05-20 13:09:39,ltc,1.6511566870244727,0.0,0.00000001,ltc,471032407.9048656,0.0,2.5171194308112273e-10,85
,[],22,[],2018-11-20 23:09:34,3408.1,0.0000001,0.0000000000041895,4862324,2018-11-20 23:09:34,BTC,0.04624735,0.0,,BTC,4990.0,0.0,0.00033081,86
1,[],22,[],2019-07-04 22:38:34,27288.0,0.00000001,0.0000000000011702100000000001,7796922,2019-07-04 22:38:34,BTC,1.86394917,0.0,0.00000001,BTC,388878.94736842107,0.00014,0.00027288,87
1,[],27,[],2019-07-04 22:38:40,84506.3,0.00000006,0.000000000007021260000000001,7796923,2019-07-04 22:38:40,btc,15.9711023956,8490.0,0.00000006,btc,639751.188,0.0005094,0.004596768,87
,[],2,[],2018-11-20 23:10:47,0.0,0,0,4862359,2018-11-20 23:10:47,,0.0,0.0,,,0.0,0.0,0.0,88
1,[],11,[],2019-06-17 14:31:59,193715.3529613,0.000073310000000000001140094962881477158589405007660388946533203125,0.00000000681152534,7740147,2019-06-17 14:31:59,btc,168.35454702024953,5791.70569014,0.000073310000000000001140094962881477158589405007660388946533203125,btc,196971.41170107,0.0,1.1996165759440112,89
0,[],2,[],2019-01-20 23:31:45,0.0,0,0,6477083,2019-01-20 23:31:45,,0.0,0.0,0,,0.0,0.0,0.0,91
0,[],17,[],2019-05-03 01:12:26,0.0,0,0,7559096,2019-05-03 01:12:26,btc,0.0,0.0,0,btc,0.0,0.0,0.0,91
1,[],12,[],2019-07-04 22:38:42,398451.03724373,0.00000029,0.00000000003393609,7796924,2019-07-04 22:38:42,btc,121.18967236294279,0.0,0.00000029,btc,294572.4339166,0.0001778947,0.0263087514538402,91
1,[],22,[],2019-07-04 22:40:45,75900.0,0.00000001,0.0000000000011702100000000001,7796925,2019-07-04 22:40:45,BTC,0.495,0.0,0.00000001,"BTC,LTC",4.95,0.0,0.001659,91
1,[],22,[],2019-07-04 22:40:50,94060.0,0.00000002,0.0000000000023404200000000002,7796926,2019-07-04 22:40:50,BTC,11.52307074,0.0,0.00000002,"BTC,LTC",341043.4683191416,0.0,0.0662712,95
0,[],17,[],2019-05-03 01:12:32,0.0,0,0,7559100,2019-05-03 01:12:32,btc,0.0,0.0,0,btc,0.0,0.0,0.0,96
0.0000000001054483,[],4,[],2019-07-04 22:40:50,536853698.9522124,2.7416558e-17,3.208313033718e-21,7796927,2019-07-04 22:40:50,ltc,10.868243575883254,0.0,0.00000026,ltc,152855058.75480762,0.0,6.889954434813011e-10,96
0,[],12,[],2019-07-04 22:40:51,0.0,0,0,7796928,2019-07-04 22:40:51,btc,36.38379579651349,0.0,0,btc,10035220.65134864,0.0,0.0,96
1,[],4,[],2019-04-14 03:32:46,1039404.33283278,0.00000038,0.000000000019245518,7293458,2019-04-14 03:32:46,btc,4.170086055365747,0.0,0.00000038,btc,3097704.34561074,0.06260606,0.1859928211030784,99
0,[],2,[],2019-01-20 23:23:55,0.0,0,0,6476914,2019-01-20 23:23:55,,0.0,0.0,0,,0.0,0.0,0.0,100
1,[],4,[],2019-07-04 22:42:52,171839.6514574,0.00001251,0.00000000146393271,7796929,2019-07-04 22:42:52,btc,12.90522552461625,0.0,0.00001251,btc,288064.98977592,0.09496408,0.3408688011584687,100
1,[],22,[],2019-06-05 06:30:35,150000.0,0.00000002,0.000000000001558192,7740007,2019-06-05 06:30:35,BTC,28.56386409,0.0,0.00000002,BTC,12787.719,0.0,0.0017,101
1,[],4,[],2019-07-04 22:42:53,511646.36429642,0.00000131,0.00000000015329751,7796930,2019-07-04 22:42:53,btc,882.6015803291543,0.0,0.00000131,btc,756262.0829485,0.01234694,0.0871003761046205,103
1,[],12,[],2019-06-17 14:32:14,179201505.10870332,0.000000005,0.00000000000046457,7740154,2019-06-17 14:32:14,btc,113577.79366343976,0.0,0.000000005,btc,79148141.67831126,0.019059029059,0.27280986350611003,105
1,[],27,[],2019-06-17 14:32:19,18306828.03496503,0.00000002,0.00000000000185828,7740155,2019-06-17 14:32:19,btc,180.7198218385489,1083.96503497,0.00000002,btc,276513.60142659,7.588e-05,0.3661365606993006,105
1,[],22,[],2019-04-21 00:17:26,21333.0,0.00000001,0.000000000000532493,7385819,2019-04-21 00:17:26,BTC,51.38182867,0.0,0.00000001,BTC,470435.0,0.0,0.00021333,107
1,[],26,[],2019-04-21 00:17:26,0.0,0.00000000,0,7385820,2019-04-21 00:17:26,btc,0.0,0.0,0.00000000,btc,0.0,0.0,0.0,107
1,[],5,[],2019-07-04 22:42:56,0.0,0,0,7796931,2019-07-04 22:42:56,btc,0.0,0.0,0,btc,0.0,0.0,0.0,112
0,[],22,[],2019-07-04 22:42:59,0.0,0,0,7796932,2019-07-04 22:42:59,,6.79500102,0.0,0,,3375892.0833333335,0.0,0.0,112
1,[],27,[],2019-07-04 22:43:07,1.0,0.00000001,0.0000000000011702100000000001,7796933,2019-07-04 22:43:07,btc,0.0,0.0,0.00000001,"btc,eth",0.0,0.0,1e-08,112
1,[],4,[],2019-07-04 22:43:08,998107.67861091,0.00000038,0.00000000004446798,7796934,2019-07-04 22:43:08,btc,6.388951398943956,0.0,0.00000038,btc,960011.39145815,0.0037987,0.1213176445659226,113
1,[],5,[],2019-07-04 22:43:09,0.0,0,0,7796935,2019-07-04 22:43:09,btc,0.0,0.00020271,0,btc,0.0,0.0,0.0,113
1,[],17,[],2019-04-26 02:17:47,162738.278,0.00000004,0.0000000000021069000000000002,7461287,2019-04-26 02:17:47,btc,1.3331140273775473,0.0,0.00000004,btc,51796.221,0.0,0.00230953112,116
1,[],27,[],2019-07-04 22:45:17,95525.16595526,0.00000001,0.0000000000011702100000000001,7796936,2019-07-04 22:45:17,btc,3918.966122084,0.0,0.00000001,btc,85259.687,0.0,0.0009552516595526,116
1,[],4,[],2019-05-21 22:31:11,138169.03963019,0.00000701,0.000000000558364025,7664793,2019-05-21 22:31:11,btc,150.95388250938234,0.0,0.00000701,btc,344631.17141974,0.07552974,0.4288357684941946,120
1,[],7,[],2019-05-21 22:31:12,3901.07750076,0.000010679999999999999389654892212320191902108490467071533203125,0.0000000008506887,7664794,2019-05-21 22:31:12,btc,231188.94669936574,0.0,0.000010679999999999999389654892212320191902108490467071533203125,btc,4133.83151364,0.0,0.0113888422364489,120
1,[],20,[],2019-04-07 18:42:29,1914137.0852,0.000000035,0.0000000000017871910000000002,7211992,2019-04-07 18:42:29,btc,32.2497668025648,25528.85,0.000000035,btc,1001975.4986,0.00089350975,0.0152723574729,125
1,[],22,[],2019-06-17 14:32:38,10000.0,0.00000001,0.00000000000092914,7740161,2019-06-17 14:32:38,BTC,0.032061,0.0,0.00000001,BTC,299316.7611111111,0.0,0.0001,126
0,[],2,[],2019-01-20 23:25:46,0.0,0,0,6476969,2019-01-20 23:25:46,,0.0,0.0,0,,0.0,0.0,0.0,131
1,[],4,[],2019-07-04 22:45:18,414388.1238315,0.00000331,0.00000000038733951,7796937,2019-07-04 22:45:18,btc,2.4883247254635306,0.0,0.00000331,btc,195773.5674295,0.09663911,0.4048976590656427,131
1,[],17,[],2019-05-03 01:13:10,10000.0,0.00000001,0.000000000000548003,7559115,2019-05-03 01:13:10,btc,0.0953976503951408,0.0,0.00000001,btc,5037.62507334,0.0,0.0001,131
1,[],4,[],2019-06-17 14:32:42,4848.49465417,0.00007919,0.00000000735785966,7740163,2019-06-17 14:32:42,btc,0.9905723729472744,0.0,0.00007919,btc,202.13055914,0.0,0.0061509344290166,135
1,[],3,[],2019-07-04 22:47:18,2684.76592867,0.00000001,0.0000000000011702100000000001,7796938,2019-07-04 22:47:18,btc,419.87971413036036,2097534.1768,0.00000001,btc,3152652.92268437,0.0,2.68476592867e-05,136
1,[],4,[],2019-07-04 22:47:19,155272.21967882,0.00000135,0.00000000015797835,7796939,2019-07-04 22:47:19,btc,112.57361168323533,0.0,0.00000135,btc,535470.47815603,0.00464685,0.1096831994745667,137
1,[],12,[],2019-07-04 22:47:21,70219.53845358,0.0000015000000000000000380012861456169304119612206704914569854736328125,0.00000000017553150000000003,7796940,2019-07-04 22:47:21,btc,57.90078236885908,0.0,0.0000015000000000000000380012861456169304119612206704914569854736328125,btc,81903.41598677001,0.0,0.0164622659999548,137
1,[],4,[],2019-07-04 22:47:23,297947.48017702,0.00001021,0.00000000119478441,7796941,2019-07-04 22:47:23,btc,5.416586814738985,0.0,0.00001021,btc,183541.21169527,0.3229537,0.2610536252511693,142
1,[],5,[],2019-07-04 22:47:24,0.0,0,0,7796942,2019-07-04 22:47:24,btc,0.0,0.01568687,0,btc,0.0,0.0,0.0,142
1,[],20,[],2019-07-04 22:49:26,113225.6169,0.0000075,0.0000000008776575000000001,7796943,2019-07-04 22:49:26,btc,1.5678121332573,0.01,0.0000075,btc,9882.1432,7.5e-08,0.0067467327457,142
1,[],22,[],2019-07-04 22:49:30,10820.0,0.00000600,0.000000000702126,7796944,2019-07-04 22:49:30,BTC,2.99759384,0.0,0.00000600,BTC,835.7198755539798,0.0,0.0053672,142
0.0,[],25,[],2019-07-04 22:49:32,0.0,0,0,7796945,2019-07-04 22:49:32,,0.0,0.0,0.0,btc,0.0,0.0,0.0,142
1,[],17,[],2019-05-03 01:13:16,32967.38636364,0.00000088,0.000000000048224264,7559122,2019-05-03 01:13:16,btc,20.06976206696776,0.0,0.00000088,btc,2746.079105,0.0,0.0105613000000032,142
1,[],28,[],2019-07-04 22:49:34,76110.0,0.00001110,0.0000000012989331000000001,7796946,2019-07-04 22:49:34,btc,0.438587390411,4806.0,0.00001110,btc,1381.1951,0.0,0.0042182,142
0,[],22,[],2019-07-04 22:49:37,0.0,0,0,7796947,2019-07-04 22:49:37,,67.81665877,0.0,0,,754491934.7744589,0.0,0.0,143
0,[],22,[],2019-02-25 15:42:22,0.0,0,0,6783783,2019-02-25 15:42:22,,4.2131946,0.0,0,,2322156.0,0.0,0.0,146
,[],22,[],2018-11-20 23:01:11,0.0,0,0,4862114,2018-11-20 23:01:11,,2.56807021,0.0,,,61828.4988236,0.0,0.0,147
1,[],12,[],2019-04-21 06:38:04,193091.5971266,0.00000071,0.000000000037635183,7388679,2019-04-21 06:38:04,btc,2.301232411611175,0.0,0.00000071,btc,9957.48302385,0.00023528,0.0313308199999888,148
1,[],4,[],2019-03-19 21:31:25,255810.0415942,0.00000029,0.000000000011615747,6982695,2019-03-19 21:31:25,btc,218.94922712414143,0.0,0.00000029,btc,793529.37642722,0.00117,0.0608347789473395,152
0,[],22,[],2019-03-19 21:31:27,0.0,0,0,6982696,2019-03-19 21:31:27,,0.0,0.0,0,,0.0,0.0,0.0,152
1,[],5,[],2019-04-26 09:36:59,0.0,0,0,7465040,2019-04-26 09:36:59,btc,0.0,0.0,0,btc,0.0,0.0,0.0,153
,[],16,[],2019-01-11 15:38:59,0.0,0,0,6366141,2019-01-11 15:38:59,btc,0.0,0.0,,btc,0.0,0.0,0.0,155
0,[],23,[],2019-01-20 23:24:29,0.0,0,0,6476932,2019-01-20 23:24:29,,0.0,0.0,0,,0.0,0.0,0.0,156
0,[],22,[],2019-06-04 06:02:09,0.0,0,0,7734688,2019-06-04 06:02:09,,7.43375324,0.0,0,,5955762.942592593,0.0,0.0,156
1,[],22,[],2019-07-04 22:49:40,6996.0,0.00000001,0.0000000000011702100000000001,7796948,2019-07-04 22:49:40,BTC,1.7543039,0.0,0.00000001,BTC,57.0,0.0,6.996e-05,157
0,[],22,[],2019-05-21 23:40:32,0.0,0,0,7665049,2019-05-21 23:40:32,,50234.60468402,0.0,0,,54786159.03179465,0.0,0.0,158
,[],17,[],2018-11-20 22:56:10,0.0,0,0,4861976,2018-11-20 22:56:10,btc,1.1265625,0.0,,btc,1000.0,0.0,0.0,159
,[],20,[],2018-11-20 22:56:12,0.0,0,0,4861977,2018-11-20 22:56:12,btc,11912.7940471,0.0,,btc,34413894.3617,0.0,0.0,159
1,[],12,[],2019-05-24 02:51:20,9178.522006449999,0.00000191999999999999982841307998027158276954651228152215480804443359375,0.000000000151222656,7676256,2019-05-24 02:51:20,btc,149.80414728631675,0.0,0.00000191999999999999982841307998027158276954651228152215480804443359375,btc,1115.7451448499999,0.01783167678326,0.0120075778999181,168
1,[],17,[],2019-05-03 01:13:36,42852.0,0.00000002,0.000000000001096006,7559132,2019-05-03 01:13:36,btc,0.04279856251542,0.0,0.00000002,btc,274.46171372,0.0,0.00052852,168
1,[],22,[],2019-05-17 03:01:52,10.0,0.00000001,0.000000000000778341,7642059,2019-05-17 03:01:52,BTC,41.95893009,0.0,0.00000001,BTC,1753972.7737547632,0.0,1e-07,169
1,[],22,[],2019-07-04 22:49:44,100102.0,0.00000001,0.0000000000011702100000000001,7796949,2019-07-04 22:49:44,BTC,27.84093381,0.0,0.00000001,"BTC,LTC",276616.94947371836,2.4e-07,0.00119102,171
1,[],22,[],2019-05-29 08:05:18,349870.0,0.00000002,0.000000000001705894,7705265,2019-05-29 08:05:18,BTC,24.05907723,0.0,0.00000002,"BTC,LTC",1224285.4355616204,0.0,0.0039847,173
1,[],5,[],2019-07-04 22:49:45,0.0,0,0,7796950,2019-07-04 22:49:45,btc,0.0,0.00817443,0,btc,0.0,0.0,0.0,175
1,[],22,[],2019-06-17 14:33:12,90671.0,0.00000001,0.00000000000092914,7740175,2019-06-17 14:33:12,BTC,394.35459412,0.0,0.00000001,BTC,136275.61833431243,0.0,0.00090671,176
1,[],7,[],2019-07-01 10:15:32,0.0,0,0,7783526,2019-07-01 10:15:32,btc,521516.2326888725,0.0,0,btc,26809253.73522063,0.0,0.0,178
0,[],2,[],2019-01-20 23:28:34,0.0,0,0,6477001,2019-01-20 23:28:34,,0.0,0.0,0,,0.0,0.0,0.0,178
1,[],22,[],2019-07-04 22:49:49,30.0,0.00000001,0.0000000000011702100000000001,7796951,2019-07-04 22:49:49,BTC,1.00242428,0.0,0.00000001,BTC,57512.0,0.0,3e-07,178
0,[],23,[],2019-01-20 23:25:08,0.0,0,0,6476952,2019-01-20 23:25:08,,0.0,0.0,0,,0.0,0.0,0.0,179
1,[],5,[],2019-07-04 22:49:51,0.0,0,0,7796952,2019-07-04 22:49:51,btc,0.0,0.0,0,btc,0.0,0.0,0.0,179
0,[],22,[],2019-07-04 22:49:55,0.0,0,0,7796953,2019-07-04 22:49:55,,9.36109844,0.0,0,,14660796.311946675,0.0,0.0,179
1,[],22,[],2019-07-04 22:51:58,760316.9147420147,0.00000065,0.00000000007606365000000001,7796954,2019-07-04 22:51:58,BTC,40.64281577,0.0,0.00000065,"BTC,LTC",193911.411571008,0.00200629,0.59432447,180
1,[],26,[],2019-07-04 22:51:59,0.0,0.00000010,0.000000000011702100000000001,7796955,2019-07-04 22:51:59,btc,0.0,0.0,0.00000010,btc,0.0,0.0,0.0,180
1,[],17,[],2019-05-03 01:13:56,20504.725000000002,0.0000001,0.00000000000548003,7559141,2019-05-03 01:13:56,btc,5.2010695838400265,0.0,0.0000001,btc,5033.45945,0.0,0.0011504725,180
,[],7,[],2018-11-20 22:58:01,562227.975654,0.00000085,0.000000000036176765,4862015,2018-11-20 22:58:01,btc,21836.6059674,2491.87645172,,btc,749999.041456,0.00211021,0.127565380455,183
,[],5,[],2019-01-10 08:11:41,0.0,0,0,6347036,2019-01-10 08:11:41,btc,82.15055501,0.00261,,btc,1.19002445,0.0,0.0,187
,[],17,[],2018-11-16 20:58:10,4062536.27273,0.00000001,0.000000000000550501,4708775,2018-11-16 20:58:10,btc,3.36492563466,0.195460381006,,"btc,eth",110697919.549,0.0,0.0157628953496,187
1,[],24,[],2019-05-22 21:04:52,0.0,0.000000000014,0.0000000000000010960978,7670219,2019-05-22 21:04:52,btc,0.0,0.0,0.000000000014,btc,0.0,0.0,0.0,187
0,[],22,[],2019-04-25 02:54:07,0.0,0,0,7447896,2019-04-25 02:54:07,,7.54794454,0.0,0,,76361.7243344055,0.0,0.0,191
0,[],22,[],2019-06-17 14:33:34,0.0,0,0,7740182,2019-06-17 14:33:34,,0.0,0.0,0,,0.0,0.0,0.0,197
0,[],23,[],2019-01-20 23:31:41,0.0,0,0,6477079,2019-01-20 23:31:41,,0.0,0.0,0,,0.0,0.0,0.0,199
0,[],22,[],2019-07-04 22:52:01,0.0,0,0,7796956,2019-07-04 22:52:01,,10.58263174,0.0,0,,84280969.0,0.0,0.0,199
1,[],26,[],2019-07-04 22:52:01,0.0,0.00000000,0,7796957,2019-07-04 22:52:01,btc,0.0,0.0,0.00000000,btc,0.0,0.0,0.0,199
0,[],2,[],2019-01-20 23:30:49,0.0,0,0,6477059,2019-01-20 23:30:49,,0.0,0.0,0,,0.0,0.0,0.0,201
1,[],4,[],2019-01-25 15:51:35,2084389.58565343,0.00000936,0.000000000333526752,6499557,2019-01-25 15:51:35,btc,2.0092503037378524,0.0,0.00000936,btc,160195.80207885,0.19272417,1.242687955921835,211
1,[],7,[],2019-07-01 02:21:28,1170054124.6898527,0.00000018,0.000000000019815389999999997,7782694,2019-07-01 02:21:28,btc,1346735.6331920293,0.0,0.00000018,btc,5516233.71348162,0.0,11.954344045954047,212
1,[],12,[],2019-01-25 02:44:32,207462.42853209,0.000001080000000000000035831255497387193287295303889550268650054931640625,0.000000000038610756000000006,6493050,2019-01-25 02:44:32,btc,85023.03793723314,0.0,0.000001080000000000000035831255497387193287295303889550268650054931640625,btc,43675.73520027,0.000146250909087,0.0348620860622024,213
1,[],5,[],2019-05-30 00:07:46,0.0,0,0,7709357,2019-05-30 00:07:46,btc,0.0,0.06425239,0,btc,0.0,0.0,0.0,213
1,[],24,[],2019-05-30 00:07:46,0.0,0.000000399202,0.0000000000344859829346,7709358,2019-05-30 00:07:46,btc,0.0,0.0,0.000000399202,btc,0.0,0.0,0.0,213
1,[],26,[],2019-05-30 00:07:47,0.0,0.00000040,0.000000000034554919999999996,7709359,2019-05-30 00:07:47,btc,0.0,0.0,0.00000040,btc,0.0,0.0,0.0,213
0,[],22,[],2019-07-04 17:48:19,0.0,0,0,7796148,2019-07-04 17:48:19,,9.54523049,0.0,0,,3658586.2040649247,0.0,0.0,216
0,[],27,[],2019-07-04 17:48:27,0.0,0,0,7796149,2019-07-04 17:48:27,,1998.8179475321786,0.0,0,"btc,ltc",550282.57344694,0.0,0.0,216
1,[],22,[],2019-07-04 22:52:08,451241.0,0.00000018,0.00000000002106378,7796958,2019-07-04 22:52:08,BTC,12055.862782,0.0,0.00000018,BTC,592540.9161858524,0.00145627,0.02313601,217
0,[],27,[],2019-07-04 20:07:27,0.0,0,0,7796489,2019-07-04 20:07:27,,250.20642758069673,0.0,0,btc,46772.535837,0.0,0.0,219
0.00000000000000287,[],28,[],2019-07-04 20:07:29,3298641998.17,6.314000000000001e-19,7.47265057e-23,7796490,2019-07-04 20:07:29,doge,125846.04510800431,4690.0,0.00022000,"btc,doge",120666781.230909,0.0,1.5955592634772005e-11,219
1,[],7,[],2019-06-27 19:02:35,0.0,0,0,7772298,2019-06-27 19:02:35,btc,2123800.2774640615,0.0,0,btc,82333746.4752352,0.0,0.0,219
0,[],22,[],2019-06-26 23:36:41,0.0,0,0,7769178,2019-06-26 23:36:41,,56.75439223,0.0,0,,184664.6482738741,0.0,0.0,221
1,[],24,[],2019-06-26 23:36:41,0.0,0.000000030000,0.000000000003835668,7769179,2019-06-26 23:36:41,btc,0.0,0.0,0.000000030000,btc,0.0,0.0,0.0,221
1,[],20,[],2019-06-17 14:34:11,26882155.8301,0.000000003,0.000000000000278742,7740192,2019-06-17 14:34:11,btc,100050.81956632523,233521.3529,0.000000003,btc,38769742.8604,0.0007925640587,0.0306863532672,224
0,[],22,[],2019-06-17 14:34:13,0.0,0,0,7740193,2019-06-17 14:34:13,,0.0,0.0,0,,0.0,0.0,0.0,224
1,[],26,[],2019-07-04 22:52:08,0.0,0.00000022,0.00000000002574462,7796959,2019-07-04 22:52:08,btc,0.0,0.0,0.00000022,btc,0.0,0.0,0.0,231
1,[],26,[],2019-07-04 22:52:09,0.0,0.00000005,0.000000000005851050000000001,7796960,2019-07-04 22:52:09,btc,0.0,0.0,0.00000005,btc,0.0,0.0,0.0,234
0.0000000002516006,[],27,[],2019-07-04 22:52:17,100.0,2.516006e-18,2.9442553812600004e-22,7796961,2019-07-04 22:52:17,eth,0.0,0.0,0.00000001,"btc,eth",0.0,0.0,2.5160060000000003e-16,234
1,[],4,[],2019-05-22 17:06:12,91780.56053785,0.00000078,0.000000000061977552,7669277,2019-05-22 17:06:12,btc,5.573372450018177,0.0,0.00000078,btc,729173.93529783,0.0,0.0307060663355679,236
1,[],24,[],2019-05-22 17:06:12,0.0,0.000000010000,0.000000000000794584,7669278,2019-05-22 17:06:12,btc,0.0,0.0,0.000000010000,btc,0.0,0.0,0.0,236
1,[],5,[],2019-07-04 22:52:19,0.0,0,0,7796962,2019-07-04 22:52:19,btc,0.0,0.26242511,0,btc,0.0,0.0,0.0,237
1,[],20,[],2019-07-04 22:52:21,128895157.0419,0.000000058,0.000000000006787218000000001,7796963,2019-07-04 22:52:21,btc,549.2562413847274,2250859.8695,0.000000058,btc,43847966.7529,0.1353229258714,0.8562825281184,237
1,[],22,[],2019-07-04 22:52:25,2096499.0,0.00000005,0.000000000005851050000000001,7796964,2019-07-04 22:52:25,BTC,1.20109922,0.0,0.00000005,"BTC,LTC",14430.948717948719,0.0,0.02732965,237
1,[],4,[],2019-07-04 22:52:26,25587727.16485208,0.00000005,0.000000000005851050000000001,7796965,2019-07-04 22:52:26,btc,3.034777710893898,0.0,0.00000005,btc,14867070.00293808,0.04325675,0.4482916703875668,238
1,[],5,[],2019-07-04 22:52:27,0.0,0,0,7796966,2019-07-04 22:52:27,btc,0.0,0.01797962,0,btc,0.0,0.0,0.0,238
0,[],22,[],2019-03-12 16:49:32,0.0,0,0,6914458,2019-03-12 16:49:32,,0.40415746,0.0,0,,526736.5639027493,0.0,0.0,249
0,[],22,[],2019-07-04 00:31:08,0.0,0,0,7793393,2019-07-04 00:31:08,,13.44711564,0.0,0,,43776457.3426455,0.0,0.0,252
1,[],28,[],2019-07-04 22:52:29,868253.2,0.00000005,0.000000000005851050000000001,7796967,2019-07-04 22:52:29,btc,205.617542583166,584531.5363,0.00000005,btc,5245195.2932,0.0,0.025939894,256
0.0000000001054483,[],22,[],2019-07-04 22:52:33,10000.0,2.6362075e-17,3.0849163785750003e-21,7796968,2019-07-04 22:52:33,LTC,31471.46309386,0.0,0.00000025,LTC,721242.028948892,0.0,0.0025,258
1,[],22,[],2019-05-19 18:12:02,400.0,0.00000001,0.0000000000007957800000000001,7653905,2019-05-19 18:12:02,BTC,2.415167,0.0,0.00000001,BTC,157.0,0.0,4e-06,259
1,[],5,[],2019-07-02 14:44:15,0.0,0,0,7788374,2019-07-02 14:44:15,btc,0.0,0.02775788,0,btc,0.0,0.0,0.0,264
1,[],20,[],2019-07-02 14:44:17,953070.9962,0.000000178,0.000000000017956461999999998,7788375,2019-07-02 14:44:17,btc,1.1507330656826,14313.4023,0.000000178,btc,65222.866,0.0046947959544,0.0049363258649,264
0,[],22,[],2019-04-12 17:57:27,0.0,0,0,7278186,2019-04-12 17:57:27,,66.37522201,0.0,0,,677842.4169881374,0.0,0.0,271
0,[],22,[],2019-07-04 22:27:39,0.0,0,0,7796858,2019-07-04 22:27:39,,33050469.74148113,0.0,0,,14261527780.7,0.0,0.0,272
0.00000000000000287,[],28,[],2019-07-04 22:27:46,329246231524.487,3.4440000000000003e-22,3.9977366520000005e-26,7796859,2019-07-04 22:27:46,doge,67677200.89268467,75254508913.2385,0.00000012,doge,172437467342.6092,0.0,6.080855829757518e-11,272
1,[],22,[],2019-05-23 07:12:29,219930.0,0.00000004,0.000000000003048688,7671985,2019-05-23 07:12:29,BTC,426.77835217,0.0,0.00000004,BTC,248664.3325962929,0.0,0.00739728,281
1,[],22,[],2019-07-02 18:15:29,1409605.9,0.00000002,0.000000000002147082,7789011,2019-07-02 18:15:29,BTC,7.87630805,0.0,0.00000002,"BTC,LTC",1137979.797623037,0.00674692,0.02432534,286
0,[],22,[],2019-06-17 14:34:53,0.0,0,0,7740207,2019-06-17 14:34:53,,7337915.80475575,0.0,0,,2078527309.6797826,0.0,0.0,294
