pairValue,buyBook,exchangeId,sellBook,updated,buyTotal,satoshiPrice,usdPrice,exchangeLogId,created,bestPair,sellTotalBtc,volume,pairPrice,activePairs,sellTotal,volumeBtc,buyTotalBtc,coinId
1,[],24,[],2019-03-08 07:36:47,0.0,0.000000000000,0,6874880,2019-03-08 07:36:47,btc,0.0,0.0,0.000000000000,btc,0.0,0.0,0.0,1
0.0,[],25,[],2019-03-08 07:36:48,0.0,0,0,6874881,2019-03-08 07:36:48,btc,29.151999997907236,493.71178557,0.0,btc,2219.08600753,6.4512,0.0,1
1,[],26,[],2019-03-08 07:36:57,0.0,0,0,6874882,2019-03-08 07:36:57,,0.0,0.0,0,,0.0,0.0,0.0,1
1,[],28,[],2019-03-08 07:37:03,993.142,0.01323000,0.000000516516399,6874883,2019-03-08 07:37:03,btc,0.147239806,17755.62,0.01323000,btc,7.9,0.0,0.089302756,1
1,[],3,[],2019-03-08 07:47:51,30543.105386072762,0.0127284000000000008245848448495962657034397125244140625,0.0000004952989563600001,6875072,2019-03-08 07:47:51,btc,61.14497032217448,2.29314132,0.0127284000000000008245848448495962657034397125244140625,btc,27.596052854165002,0.0,0.2901980022479506,1
1,[],4,[],2019-03-08 07:47:52,207894.49086474,0.01261983,0.000000491074182807,6875073,2019-03-08 07:47:52,btc,9.812214748786731,0.0,0.01261983,btc,305.57121841,1.90110144,2.876138356651431,1
1,[],5,[],2019-03-08 07:47:54,0.0,0,0,6875074,2019-03-08 07:47:54,btc,0.0,0.03938231,0,btc,0.0,0.0,0.0,1
1,[],10,[],2019-03-08 07:47:55,414595.28214449,0.01070848,0.00000041669801139199997,6875075,2019-03-08 07:47:55,btc,6522.234970043892,1889.15531378,0.01070848,btc,1105.21738748,0.0,5.504661222506999,1
0,[],2,[],2019-01-20 23:28:45,0.0,0,0,6477011,2019-01-20 23:28:45,,0.0,0.0,0,,0.0,0.0,0.0,1
1,[],12,[],2019-03-08 07:36:38,108.89830991,0.01271000000000000081101791948867685277946293354034423828125,0.000000496214923,6874876,2019-03-08 07:36:38,btc,0.3515503558791,0.0,0.01271000000000000081101791948867685277946293354034423828125,btc,24.5380822,0.0765738102635,0.3690605837926,1
1,[],20,[],2019-03-08 07:36:40,1152.5132,0.010500326,0.0000004099463774638,6874877,2019-03-08 07:36:40,btc,0.055456485683,0.3915,0.010500326,btc,2.4799,0.0046697723592,0.0963557724477,1
1,[],21,[],2019-03-08 07:36:41,1663.67985134,0.01273354999999999973003816933,0.000000497134345615,6874878,2019-03-08 07:36:41,btc,23.778811114602934,6741.6303748,0.0127335499999999997300381693321469356305897235870361328125,"btc,eth",2470.00291721,85.09652680317349,17.107781405737185,1
1,[],22,[],2019-03-08 07:36:46,0.006382215384615385,0.01300000,0.0000005075369,6874879,2019-03-08 07:36:46,BTC,0.31439419,0.0,0.01300000,BTC,0.12751438772928525,0.0,7.978e-05,1
1,[],5,[],2019-03-08 07:37:05,0.0,0,0,6874884,2019-03-08 07:37:05,btc,0.0,0.00757839,0,btc,0.0,0.0,0.0,2
0,[],22,[],2019-03-08 07:37:08,0.0,0,0,6874885,2019-03-08 07:37:08,,0.0,0.0,0,,0.0,0.0,0.0,2
1,[],5,[],2019-03-08 07:37:09,0.0,0,0,6874886,2019-03-08 07:37:09,btc,0.0,0.9670693,0,btc,0.0,0.0,0.0,3
1,[],12,[],2019-03-08 07:37:10,1978139.10305,0.000000177,0.000000000006910310100000001,6874887,2019-03-08 07:37:10,btc,22810.248969758726,0.0,0.000000177,btc,1047658.15294296,0.07268464827046472,0.2881881469368,3
0,[],28,[],2019-03-08 07:37:11,0.0,0,0,6874888,2019-03-08 07:37:11,,0.0,0.0,0,,0.0,0.0,0.0,3
1,[],4,[],2019-03-08 07:37:13,397616.47083169,0.00000033,0.000000000012883629000000001,6874889,2019-03-08 07:37:13,btc,32.25550523858344,0.0,0.00000033,btc,710397.77475616,0.0,0.048728594654585,4
0,[],2,[],2019-01-20 23:31:32,0.0,0,0,6477077,2019-01-20 23:31:32,,0.0,0.0,0,,0.0,0.0,0.0,4
1,[],12,[],2019-03-08 07:37:16,370822.0,0.00000002,0.000000000000780826,6874890,2019-03-08 07:37:16,btc,631.55403205,0.0,0.00000002,btc,524034.0,0.00168826,0.0047761800000000005,5
1,[],11,[],2019-03-08 07:37:18,4853444.5,0.00000002,0.000000000000780826,6874891,2019-03-08 07:37:18,btc,9568.23120290766,279440.0,0.00000002,btc,42611702.90271394,0.0,0.064543725,6
0,[],2,[],2019-01-20 23:31:51,0.0,0,0,6477087,2019-01-20 23:31:51,,0.0,0.0,0,,0.0,0.0,0.0,6
1,[],3,[],2019-03-08 07:37:18,1083.704172642546,0.0001552799999999999905168912572861472654039971530437469482421875,0.000000006062333064,6874892,2019-03-08 07:37:18,btc,28.402034233092024,0.0,0.0001552799999999999905168912572861472654039971530437469482421875,btc,243.122414578101,0.0,0.03372736763253597,7
1,[],4,[],2019-03-08 07:37:20,105480.54177635,0.00025357,0.000000009899702441,6874893,2019-03-08 07:37:20,btc,13.82509218248638,0.0,0.00025357,btc,40638.47602956,1.69156217,8.290057124819661,7
1,[],5,[],2019-03-08 07:37:21,0.0,0,0,6874894,2019-03-08 07:37:21,btc,0.0,0.15307312,0,btc,0.0,0.0,0.0,7
1,[],20,[],2019-02-20 02:16:17,39399275.8418,0.000000001,0.0000000000000390183,6728586,2019-02-20 02:16:17,btc,116.9737569154545,525.0,0.000000001,btc,56932965.8895,5.25e-07,0.0393992758418,8
1,[],4,[],2019-03-08 07:37:24,1184571.38234676,0.00000154,0.000000000060123602,6874895,2019-03-08 07:37:24,btc,5.240179667503771,0.0,0.00000154,btc,2685486.42787612,2.09878831,1.0040592483074666,9
1,[],28,[],2019-03-08 07:37:31,38863.15,0.00000166,0.000000000064808558,6874896,2019-03-08 07:37:31,btc,2708.761281370583,3508288.0,0.00000166,btc,11954.1497,0.0,0.035782829,9
0,[],2,[],2019-01-20 23:22:42,0.0,0,0,6476876,2019-01-20 23:22:42,,0.0,0.0,0,,0.0,0.0,0.0,9
0,[],23,[],2019-01-20 23:22:48,0.0,0,0,6476878,2019-01-20 23:22:48,,0.0,0.0,0,,0.0,0.0,0.0,9
1,[],1,[],2019-02-17 23:31:42,1822507.21,0.00000181000000000000003456111265232042484285557293333113193511962890625,0.000000000066086901,6701244,2019-02-17 23:31:42,btc,3.6990969245,17153386.5,0.00000181000000000000003456111265232042484285557293333113193511962890625,btc,1997391.71,31.11772986,3.2610482446,9
1,[],4,[],2019-02-17 11:22:43,4341674.27126056,0.00000002,0.0000000000007272960000000001,6696112,2019-02-17 11:22:43,btc,0.1997230937751353,0.0,0.00000002,btc,4109766.79808031,0.00215132,0.0479381022052112,10
1,[],4,[],2019-03-08 07:37:32,6840272.22466417,0.00000124,0.000000000048411212,6874897,2019-03-08 07:37:32,btc,12.541866101495623,0.0,0.00000124,btc,6245084.73434172,2.01953007,4.426853925148803,12
1,[],5,[],2019-03-08 07:37:34,0.0,0,0,6874898,2019-03-08 07:37:34,btc,0.0,0.27739815,0,btc,0.0,0.0,0.0,12
0.0,[],25,[],2019-03-08 07:37:35,0.0,0,0,6874899,2019-03-08 07:37:35,,0.0,0.0,0.0,btc,0.0,0.0,0.0,12
0,[],2,[],2019-01-20 23:23:08,0.0,0,0,6476890,2019-01-20 23:23:08,,0.0,0.0,0,,0.0,0.0,0.0,12
1,[],4,[],2019-03-08 07:37:36,32026422.46406549,0.00000577,0.000000000225268301,6874900,2019-03-08 07:37:36,btc,3.402391159775466,0.0,0.00000577,btc,460246.24969793,1.16685053,1.313589404621511,13
1,[],10,[],2019-03-08 07:37:38,393775.95758393,0.00000574,0.000000000224097062,6874901,2019-03-08 07:37:38,btc,666801.3048726136,8957.13151377,0.00000574,btc,713974.8703944,0.0,0.2394252170183945,13
1,[],21,[],2019-03-08 07:37:39,746543.51948745,0.000005900000000000000262409451807,0.00000000023034367000000001,6874902,2019-03-08 07:37:39,btc,4.390389345774862,819150.88430793,0.0000059000000000000002624094518066666381628238013945519924163818359375,btc,662214.8005121599,4.84907797,4.062305022888759,13
1,[],4,[],2019-03-08 07:37:40,694144.68779474,0.00000134,0.000000000052315342,6874903,2019-03-08 07:37:40,btc,9.241564038016085,0.0,0.00000134,btc,899691.01542426,0.03904544,0.1392841758994591,14
1,[],12,[],2019-03-08 07:37:41,268271.66153846,0.000001300000000000000047051663780439678674838432925753295421600341796875,0.00000000005075369,6874904,2019-03-08 07:37:41,btc,0.1008685274272404,0.0,0.000001300000000000000047051663780439678674838432925753295421600341796875,btc,7671.47107823,3.46653347e-06,0.036443099999998,14
0,[],17,[],2019-03-08 07:37:43,0.0,0,0,6874905,2019-03-08 07:37:43,btc,0.0,0.0,0,btc,0.0,0.0,0.0,14
1,[],26,[],2019-03-08 07:37:43,0.0,0.00000050,0.00000000001952065,6874906,2019-03-08 07:37:43,btc,0.0,0.0,0.00000050,btc,0.0,0.0,0.0,14
0,[],4,[],2019-03-08 07:37:44,0.0,0,0,6874907,2019-03-08 07:37:44,,0.0,0.0,0,,0.0,0.0,0.0,15
,[],12,[],2018-12-01 15:15:48,204241.84496,0.00000489,0.000000000202473384,5260204,2018-12-01 15:15:48,btc,49.5475654835,0.0,,btc,35763.2193806,0.0163153972027625,0.0203389899998,15
1,[],4,[],2019-03-08 07:37:45,24095.2902702,0.00001511,0.000000000589914043,6874908,2019-03-08 07:37:45,btc,4.197410496160255,0.0,0.00001511,btc,19103.99790592,0.06119446,0.0455103598674714,18
1,[],10,[],2019-03-08 07:37:47,785429.55419916,0.00001797,0.000000000701572161,6874909,2019-03-08 07:37:47,btc,15.361929689813612,4299.6256592,0.00001797,btc,11939.29969566,0.0,0.1647872007633899,18
1,[],12,[],2019-03-08 07:37:47,373377.3004865,0.000015020000000000000188525410560469453002951922826468944549560546875,0.000000000586400326,6874910,2019-03-08 07:37:47,btc,0.0092392055602363,0.0,0.000015020000000000000188525410560469453002951922826468944549560546875,btc,365.77404251,0.0026199541636206,0.0193492514752827,18
0,[],2,[],2019-01-20 23:23:38,0.0,0,0,6476906,2019-01-20 23:23:38,,0.0,0.0,0,,0.0,0.0,0.0,18
0,[],17,[],2019-03-08 06:44:54,0.0,0,0,6874739,2019-03-08 06:44:54,btc,0.0,0.0,0,btc,0.0,0.0,0.0,18
1,[],3,[],2019-03-08 07:37:59,117272.99633044639,0.0000175200000000000016635824662269982354700914584100246429443359375,0.0000000006840035760000001,6874911,2019-03-08 07:37:59,btc,0.49524033780389676,0.03280961183,0.0000175200000000000016635824662269982354700914584100246429443359375,btc,8951.995959570942,0.0,0.015446075749744234,19
1,[],4,[],2019-03-08 07:38:00,275089.84601444,0.00001930,0.00000000075349709,6874912,2019-03-08 07:38:00,btc,3.463443809903768,0.0,0.00001930,btc,126734.23687148,0.66954503,2.6397705923401413,19
1,[],5,[],2019-03-08 07:38:02,0.0,0,0,6874913,2019-03-08 07:38:02,btc,0.0,0.00149204,0,btc,0.0,0.0,0.0,19
1,[],12,[],2019-03-08 07:38:03,170088.31244847,0.000012140000000000000657664027403637163615712779574096202850341796875,0.000000000473961382,6874914,2019-03-08 07:38:03,btc,0.2299646037407321,0.0,0.000012140000000000000657664027403637163615712779574096202850341796875,btc,358.27457877,0.0,0.0375669699999411,19
0,[],27,[],2019-03-08 07:38:05,0.0,0,0,6874915,2019-03-08 07:38:05,,0.0,0.0,0,btc,0.0,0.0,0.0,19
0,[],2,[],2019-01-20 23:24:19,0.0,0,0,6476924,2019-01-20 23:24:19,,0.0,0.0,0,,0.0,0.0,0.0,19
1,[],4,[],2019-03-08 07:38:06,2779123.70923423,0.00000012,0.000000000004684956,6874916,2019-03-08 07:38:06,btc,7.383042289760813,0.0,0.00000012,btc,2876583.25385408,0.0,0.0777767845064956,20
1,[],4,[],2019-03-08 07:38:07,103810793.72147027,0.00000002,0.000000000000780826,6874917,2019-03-08 07:38:07,btc,1841.963316175191,0.0,0.00000002,btc,54908374.6818267,0.0,1.1629563175500457,21
1,[],12,[],2019-03-08 07:38:08,1200236.0,0.00000001,0.000000000000390413,6874918,2019-03-08 07:38:08,btc,1245.5437752095404,0.0,0.00000001,btc,2385170.97702298,0.0008504204995004,0.01200236,21
0,[],17,[],2019-03-08 06:35:42,0.0,0,0,6874548,2019-03-08 06:35:42,btc,0.0,0.0,0,btc,0.0,0.0,0.0,21
1,[],12,[],2019-03-08 07:38:20,2438848005.0,0.0000000001,0.0000000000000039041300000000006,6874919,2019-03-08 07:38:20,btc,5552.625234082539,0.0,0.0000000001,btc,1281260970.6906981,0.000257179098901106,0.2438848005,23
0,[],27,[],2019-03-08 07:38:22,0.0,0,0,6874920,2019-03-08 07:38:22,,13.51825636659341,0.0,0,eth,2066931.35514486,0.0,0.0,23
1,[],4,[],2019-03-08 07:38:23,648514.31875789,0.00000048,0.000000000018739824,6874921,2019-03-08 07:38:23,btc,9.659939606136229,0.0,0.00000048,btc,1613855.90664141,0.01414724,0.1781932870374951,24
1,[],22,[],2019-03-08 07:38:27,11.76,0.00000100,0.0000000000390413,6874922,2019-03-08 07:38:27,BTC,7.415e-05,0.0,0.00000100,BTC,23.919354838709676,0.0,1.176e-05,24
0.0,[],25,[],2019-03-08 07:38:28,0.0,0,0,6874923,2019-03-08 07:38:28,,0.0,0.0,0.0,btc,0.0,0.0,0.0,24
1,[],4,[],2019-03-08 07:38:29,26577565.70005484,0.00000603,0.000000000235419039,6874924,2019-03-08 07:38:29,btc,57.622711737261966,0.0,0.00000603,btc,242318.18094349,0.08219243,0.4351602891473688,26
1,[],10,[],2019-03-08 07:38:31,685341.76589746,0.00000603,0.000000000235419039,6874925,2019-03-08 07:38:31,btc,26.132155647179896,3964.7235471,0.00000603,btc,14784.6569521,0.0,0.2272417155496019,26
0,[],2,[],2019-01-20 23:25:56,0.0,0,0,6476976,2019-01-20 23:25:56,,0.0,0.0,0,,0.0,0.0,0.0,26
1,[],3,[],2019-03-08 07:38:32,10977156.88133568,0.00000001,0.000000000000390413,6874926,2019-03-08 07:38:32,btc,2.265696812011112,193.5,0.00000001,btc,17418350.83071274,0.0,0.1097715688133568,27
1,[],5,[],2019-03-08 07:38:34,0.0,0,0,6874927,2019-03-08 07:38:34,btc,0.0,6.208e-05,0,btc,0.0,0.0,0.0,27
1,[],11,[],2019-03-08 07:38:35,9464617.88103613,0.00000005,0.000000000001952065,6874928,2019-03-08 07:38:35,btc,67506.32843704063,170.63047893,0.00000005,btc,7972152.75036371,0.0,0.4411034133414386,27
1,[],4,[],2019-03-08 07:38:36,2105770354.8644698,0.00000001,0.000000000000390413,6874929,2019-03-08 07:38:36,btc,2.6553306542033366,0.0,0.00000001,"btc,ltc",190165881.1792945,1.5282738,9.390108390403764,29
1,[],7,[],2019-03-08 07:38:38,36849339.31873941,0.00000002,0.000000000000780826,6874930,2019-03-08 07:38:38,btc,44461588.004236534,697444.516488,0.00000002,btc,45142638.25799651,0.01401635,0.3813017782197301,29
1,[],4,[],2019-03-08 07:38:41,2342859.04467981,0.00000023,0.000000000008979499000000001,6874931,2019-03-08 07:38:41,btc,2.660626281003104,0.0,0.00000023,btc,2069267.62131341,0.01746471,0.1030774196102871,30
0,[],17,[],2019-03-08 07:38:52,0.0,0,0,6874932,2019-03-08 07:38:52,btc,0.0,0.0,0,btc,0.0,0.0,0.0,30
1,[],4,[],2019-03-08 07:38:53,414794.74946686,0.00005789,0.000000002260100857,6874933,2019-03-08 07:38:53,btc,8.620302198767696,0.0,0.00005789,btc,93385.2894039,1.81727411,1.6644570344421243,31
1,[],21,[],2019-03-08 07:38:54,112893.66524331999,0.00005752999999999999975776321381,0.000000002246045989,6874934,2019-03-08 07:38:54,btc,3.7606749511066626,401084.89877731,0.00005752999999999999975776321381459865733631886541843414306640625,btc,60201.085548459996,24.33782723,5.9732592254022165,31
0,[],2,[],2019-01-20 23:28:43,0.0,0,0,6477009,2019-01-20 23:28:43,,0.0,0.0,0,,0.0,0.0,0.0,32
1,[],4,[],2019-03-08 07:38:55,431491267.9272746,0.00000004,0.000000000001561652,6874935,2019-03-08 07:38:55,btc,10.283290939895265,0.0,0.00000004,"btc,ltc",190698291.41786414,0.55732504,10.4207028743647,33
1,[],12,[],2019-03-08 07:38:56,20528849.87333337,0.00000004,0.000000000001561652,6874936,2019-03-08 07:38:56,btc,1211606.0385467352,0.0,0.00000004,btc,15206725.70329666,0.0447972852147846,0.47444129196000145,33
1,[],4,[],2019-03-08 07:38:57,114231290.2140919,0.00000001,0.000000000000390413,6874937,2019-03-08 07:38:57,btc,3.538007226113804,0.0,0.00000001,btc,100960142.83113337,0.07462387,1.142312902140919,34
1,[],5,[],2019-03-08 07:38:58,0.0,0,0,6874938,2019-03-08 07:38:58,btc,0.0,0.07338639,0,btc,0.0,0.0,0.0,34
0.0000000001437725,[],4,[],2019-03-08 07:38:59,974688311.7013334,1.437725e-18,5.61306530425e-23,6874939,2019-03-08 07:38:59,ltc,4.287428471971229e-08,0.0,0.00000001,ltc,6657865751.379833,0.0,1.4013337529407995e-09,36
1,[],5,[],2019-03-08 07:39:02,0.0,0,0,6874940,2019-03-08 07:39:02,btc,0.0,0.0,0,btc,0.0,0.0,0.0,36
0.0000000003500429,[],27,[],2019-03-08 07:39:06,11290000.0,3.500429e-18,1.3666129871770002e-22,6874941,2019-03-08 07:39:06,eth,222.5593883364624,0.0,0.00000001,"ltc,eth",11165403.32426039,0.0,2.3697833408e-11,36
0,[],17,[],2019-03-08 06:45:48,0.0,0,0,6874769,2019-03-08 06:45:48,btc,0.07464582816123552,0.0,0,btc,4105386.20243647,0.0,0.0,36
1,[],4,[],2019-03-08 07:39:07,283766.02852443,0.00000060,0.00000000002342478,6874942,2019-03-08 07:39:07,btc,19772.50155088434,0.0,0.00000060,btc,592112.65825688,0.00519359,0.1288058475491458,37
1,[],12,[],2019-03-08 07:39:07,1269188.83820737,0.00000061,0.000000000023815193,6874943,2019-03-08 07:39:07,btc,10.770868751610282,0.0,0.00000061,btc,350270.55191073,0.0665494023399364,0.1296571763432429,37
1,[],27,[],2019-03-08 07:39:10,14685.567,0.00000045,0.000000000017568585,6874944,2019-03-08 07:39:10,btc,25.75216805411233,0.0,0.00000045,btc,6518.38138508,0.0,0.00480032515,37
1,[],17,[],2019-03-08 05:35:51,1752.74075282,0.00000025,0.00000000000972745,6874207,2019-03-08 05:35:51,btc,0.055484923777095005,0.0,0.00000025,btc,1319.19918473,0.0,0.00043818518820499993,37
1,[],5,[],2019-03-08 07:39:11,0.0,0,0,6874945,2019-03-08 07:39:11,btc,0.0,0.02454013,0,btc,0.0,0.0,0.0,42
1,[],12,[],2019-03-08 07:39:12,252983.08612718,0.00000061,0.000000000023815193,6874946,2019-03-08 07:39:12,btc,0.3024824960945709,0.0,0.00000061,btc,38047.60354982,0.040753030974648,0.0176151699999892,42
0.0000000003500429,[],27,[],2019-03-08 07:39:15,22000.0,3.500429e-17,1.366612987177e-21,6874947,2019-03-08 07:39:15,eth,0.00315028,0.0,0.0000001,"btc,eth",11.007,0.0,7.07086658e-13,42
1,[],5,[],2019-03-08 07:39:16,0.0,0,0,6874948,2019-03-08 07:39:16,btc,0.0,0.00021117,0,btc,0.0,0.0,0.0,43
1,[],12,[],2019-03-08 07:39:18,509121.0,0.00000001,0.000000000000390413,6874949,2019-03-08 07:39:18,btc,2.32121442999001,0.0,0.00000001,btc,4360308.4995005,0.0,0.0050912100000000005,43
0,[],17,[],2019-03-08 07:39:19,0.0,0,0,6874950,2019-03-08 07:39:19,btc,0.0,0.0,0,btc,0.0,0.0,0.0,43
1,[],12,[],2019-03-05 01:54:08,639326.02,0.00000004,0.000000000001486676,6845775,2019-03-05 01:54:08,btc,11116042.728239931,0.0,0.00000004,btc,1103841.4595604,0.0003330765234764,0.014975410599999999,44
1,[],4,[],2019-03-08 07:39:20,299170513.87806684,0.00000004,0.000000000001561652,6874951,2019-03-08 07:39:20,btc,473.5864311904649,0.0,0.00000004,"btc,ltc",9371944.02053761,0.17660088,0.3050175622720425,49
0,[],4,[],2019-03-08 07:39:21,0.0,0,0,6874952,2019-03-08 07:39:21,,25.8085454117672,0.0,0,,9733644582.23965,0.0,0.0,52
0.0000000001260207,[],22,[],2019-03-08 07:39:25,80845862.0,1.260207e-18,4.92001195491e-23,6874953,2019-03-08 07:39:25,XMR,4366.97466637,0.0,0.00000001,XMR,255820234.67882353,0.0,0.80845862,57
0.0000000003500429,[],27,[],2019-03-08 07:39:27,2000.0,3.500429e-18,1.3666129871770002e-22,6874954,2019-03-08 07:39:27,eth,0.0,0.0,0.00000001,"btc,eth",0.0,0.0,7.000858e-15,57
0.0000000001437725,[],4,[],2019-03-08 07:39:28,615626145.673,2.87545e-18,1.12261306085e-22,6874955,2019-03-08 07:39:28,ltc,18.80718907036159,0.0,0.00000002,ltc,4767500257.895821,0.0,1.3301413726140742e-09,58
1,[],12,[],2019-03-08 07:39:29,604600187.8425,0.0000000004,0.000000000000015616520000000002,6874956,2019-03-08 07:39:29,btc,1121124.0224757658,0.0,0.0000000004,btc,1175401481.1568432,0.00327830143376623,0.196171463337,58
0,[],17,[],2019-03-08 07:39:31,0.0,0,0,6874957,2019-03-08 07:39:31,btc,1e+24,0.0,0,btc,49306342.21952568,0.0,0.0,58
0.0000000001260207,[],22,[],2019-03-08 07:39:35,137438.0,1.260207e-18,4.92001195491e-23,6874958,2019-03-08 07:39:35,XMR,69.8835922,0.0,0.00000001,XMR,9887963.0,0.0,0.00137438,58
1,[],5,[],2019-03-08 07:39:37,0.0,0,0,6874959,2019-03-08 07:39:37,btc,0.0,0.01092066,0,btc,0.0,0.0,0.0,61
1,[],22,[],2019-03-08 07:39:40,13757.0,0.00000012,0.000000000004684956,6874960,2019-03-08 07:39:40,BTC,1002.2960049,0.0,0.00000012,BTC,14976.68361146909,3e-07,0.00154987,61
1,[],26,[],2019-03-08 07:39:40,0.0,0.00000800,0.0000000003123304,6874961,2019-03-08 07:39:40,btc,0.0,0.0,0.00000800,btc,0.0,0.0,0.0,61
1,[],27,[],2019-03-08 07:39:42,4411.22008,0.00000047,0.000000000018349411000000002,6874962,2019-03-08 07:39:42,btc,2.898491041314132,0.0,0.00000047,"btc,eth",19485.01257617,0.0,0.0012437599595442749,61
1,[],28,[],2019-03-08 07:39:49,13880.304,0.0000005,0.00000000001952065,6874963,2019-03-08 07:39:49,btc,2.056312978300105,836.0,0.0000005,btc,9730.59500005,0.0,0.00566391304,61
1,[],4,[],2019-03-08 07:39:50,1276179.53845185,0.00000280,0.00000000010931564000000001,6874964,2019-03-08 07:39:50,btc,9.095879349893844,0.0,0.00000280,btc,742217.94302926,0.14590402,0.9783120574204027,67
0.0,[],25,[],2019-03-08 07:39:51,0.0,0,0,6874965,2019-03-08 07:39:51,,0.0,0.0,0.0,btc,0.0,0.0,0.0,67
1,[],12,[],2019-03-08 07:39:52,330281.86153317,0.00000026,0.000000000010150738,6874966,2019-03-08 07:39:52,btc,15940.614382545144,0.0,0.00000026,btc,1041100.02390199,0.0144258742247344,0.0674573944064033,71
,[],5,[],2018-11-20 23:02:39,1.5e-07,0.00000005,0.000000000002128045,4862160,2018-11-20 23:02:39,btc,2.84511358,0.0,,btc,0.00036572,0.0,0.07381892,74
1,[],5,[],2019-03-08 07:39:54,0.0,0,0,6874967,2019-03-08 07:39:54,btc,0.0,0.0,0,btc,0.0,0.0,0.0,75
1,[],4,[],2019-03-08 07:39:56,13147768.81424166,0.00000001,0.000000000000390413,6874968,2019-03-08 07:39:56,btc,11388.985544584346,0.0,0.00000001,btc,40019471.49932191,0.0,0.1314776881424166,81
0,[],20,[],2019-01-25 09:30:31,0.0,0,0,6495923,2019-01-25 09:30:31,btc,0.0,0.0,0,btc,0.0,0.0,0.0,81
1,[],4,[],2019-03-08 07:39:58,27958.20313287,0.00007999,0.000000003122913587,6874969,2019-03-08 07:39:58,btc,18.092726222321794,0.0,0.00007999,btc,11946.50692732,0.02382413,0.1466972575661453,82
1,[],21,[],2019-03-08 07:39:58,766472.48487838,0.00007501999999999999662637917286,0.000000002928878326,6874970,2019-03-08 07:39:58,btc,3.4557990982325815,3755.61530979,0.00007501999999999999662637917285934463507146574556827545166015625,btc,41280.80929855,0.28159396,3.0041722790261196,82
0,[],17,[],2019-03-08 07:40:00,0.0,0,0,6874971,2019-03-08 07:40:00,btc,0.0447233088476774,0.0,0,btc,999127.19588126,0.0,0.0,84
0.0000000001437725,[],4,[],2019-03-08 07:40:01,112201154.3024629,2.87545e-18,1.12261306085e-22,6874972,2019-03-08 07:40:01,ltc,1.7493646101211175,0.0,0.00000002,ltc,416307156.2436793,0.0,2.0971858682991638e-10,85
,[],22,[],2018-11-20 23:09:34,3408.1,0.0000001,0.0000000000041895,4862324,2018-11-20 23:09:34,BTC,0.04624735,0.0,,BTC,4990.0,0.0,0.00033081,86
1,[],22,[],2019-03-08 07:40:08,122000.0,0.00000003,0.000000000001171239,6874973,2019-03-08 07:40:08,BTC,2.078122,0.0,0.00000003,BTC,169918.94736842104,0.0,0.00186,87
0,[],27,[],2019-03-08 07:40:10,0.0,0,0,6874974,2019-03-08 07:40:10,,0.0,0.0,0,btc,0.0,0.0,0.0,87
,[],2,[],2018-11-20 23:10:47,0.0,0,0,4862359,2018-11-20 23:10:47,,0.0,0.0,,,0.0,0.0,0.0,88
1,[],11,[],2019-03-08 07:40:12,95066.16106637,0.00014600999999999999287396412750439367300714366137981414794921875,0.000000005700420213,6874975,2019-03-08 07:40:12,btc,607.0527040086052,10.00000065,0.00014600999999999999287396412750439367300714366137981414794921875,btc,93603.24058198,0.0,6.568083659071509,89
0,[],2,[],2019-01-20 23:31:45,0.0,0,0,6477083,2019-01-20 23:31:45,,0.0,0.0,0,,0.0,0.0,0.0,91
1,[],12,[],2019-03-08 07:40:14,255838.63801746,0.000001120000000000000076372827333137660588135986472479999065399169921875,0.000000000043726256000000004,6874976,2019-03-08 07:40:14,btc,61.646243265397494,0.0,0.000001120000000000000076372827333137660588135986472479999065399169921875,btc,119598.86144947,0.0262373044010229,0.043450817399927004,91
0,[],17,[],2019-03-08 07:40:15,0.0,0,0,6874977,2019-03-08 07:40:15,btc,0.0,0.0,0,btc,0.0,0.0,0.0,91
1,[],22,[],2019-03-08 07:40:20,65900.0,0.00000001,0.000000000000390413,6874978,2019-03-08 07:40:20,BTC,3e-06,0.0,0.00000001,BTC,1.0,0.0,0.000659,91
0.0000000001437725,[],22,[],2019-03-08 07:40:24,1580418.0,7.188625e-18,2.806532652125e-22,6874979,2019-03-08 07:40:24,LTC,8.53121199,0.0,0.00000005,LTC,71989912.1,0.0,0.0790209,95
0.0000000001437725,[],4,[],2019-03-08 07:40:26,640913691.5047666,9.3452125e-17,3.6484924477625e-21,6874980,2019-03-08 07:40:26,ltc,11.886285782611434,0.0,0.00000065,ltc,135739107.9791913,0.0,1.7099890024991803e-09,96
1,[],12,[],2019-03-08 07:40:27,9419.0,0.00000001,0.000000000000390413,6874981,2019-03-08 07:40:27,btc,10.57930594,0.0,0.00000001,btc,2034024.0,2.6e-07,9.419e-05,96
0,[],17,[],2019-03-08 06:49:01,0.0,0,0,6874803,2019-03-08 06:49:01,btc,0.0,0.0,0,btc,0.0,0.0,0.0,96
1,[],4,[],2019-03-08 07:40:39,1615122.39073747,0.00000023,0.000000000008979499000000001,6874982,2019-03-08 07:40:39,btc,2.5860583619701214,0.0,0.00000023,btc,2567916.86496419,0.02781776,0.1308513990503331,99
1,[],4,[],2019-03-08 07:40:40,292232.07597364,0.00003852,0.0000000015038708760000001,6874983,2019-03-08 07:40:40,btc,11.215302016140308,0.0,0.00003852,btc,158353.12439222,1.96038951,1.8079671168341283,100
0,[],2,[],2019-01-20 23:23:55,0.0,0,0,6476914,2019-01-20 23:23:55,,0.0,0.0,0,,0.0,0.0,0.0,100
1,[],22,[],2019-03-08 07:40:44,50000.0,0.00000001,0.000000000000390413,6874984,2019-03-08 07:40:44,BTC,23.49896609,0.0,0.00000001,BTC,10277.22,0.0,0.0005,101
0,[],4,[],2019-03-08 07:42:45,0.0,0,0,6874985,2019-03-08 07:42:45,,0.0,0.0,0,,0.0,0.00508367,0.0,103
1,[],12,[],2019-03-08 07:42:48,27503401.887000002,0.000000009,0.0000000000003513717,6874986,2019-03-08 07:42:48,btc,1113035.9304141703,0.0,0.000000009,btc,52637876.96707588,0.0162819279400602,0.102096878983,105
1,[],27,[],2019-03-08 07:42:50,229397.89,0.00000001,0.000000000000390413,6874987,2019-03-08 07:42:50,btc,36.60591030491341,0.0,0.00000001,btc,1301440.23571724,0.0,0.0022939789,105
1,[],22,[],2019-03-08 07:42:54,9328.0,0.00000001,0.000000000000390413,6874988,2019-03-08 07:42:54,BTC,51.10837004,0.0,0.00000001,BTC,470435.0,0.0,9.328e-05,107
1,[],26,[],2019-03-08 07:42:54,0.0,0.00000000,0,6874989,2019-03-08 07:42:54,btc,0.0,0.0,0.00000000,btc,0.0,0.0,0.0,107
1,[],5,[],2019-03-08 07:42:56,0.0,0,0,6874990,2019-03-08 07:42:56,btc,0.0,0.00013382,0,btc,0.0,0.0,0.0,112
1,[],22,[],2019-03-08 07:43:00,1966.0,0.00000001,0.000000000000390413,6874991,2019-03-08 07:43:00,BTC,2.78273272,0.0,0.00000001,BTC,826524.0833333334,3.4e-07,1.966e-05,112
0.0000000003500429,[],27,[],2019-03-08 07:43:02,2000.0,3.500429e-18,1.3666129871770002e-22,6874992,2019-03-08 07:43:02,eth,1.24892491849924,0.0,0.00000001,"btc,eth",1288.641654,0.0,7.000858e-15,112
1,[],4,[],2019-03-08 07:43:03,1304965.05116987,0.00000203,0.00000000007925383900000001,6874993,2019-03-08 07:43:03,btc,4.885311848990283,0.0,0.00000203,btc,340195.76345751,0.03107398,1.019457523268939,113
1,[],5,[],2019-03-08 07:43:05,0.0,0,0,6874994,2019-03-08 07:43:05,btc,0.0,0.00207524,0,btc,0.0,0.0,0.0,113
1,[],17,[],2019-03-08 04:39:05,152738.278,0.00000004,0.000000000001553832,6873873,2019-03-08 04:39:05,btc,1.33680302678,0.0,0.00000004,btc,50696.221,0.0,0.0022095311199999998,116
0,[],27,[],2019-03-08 07:43:18,0.0,0,0,6874995,2019-03-08 07:43:18,,0.0,0.0,0,btc,0.0,0.0,0.0,116
1,[],4,[],2019-03-08 07:43:20,76990.4156741,0.00002521,0.000000000984231173,6874996,2019-03-08 07:43:20,btc,28.367742284531168,0.0,0.00002521,btc,84483.00641683,0.05984814,1.1886590566150723,120
1,[],7,[],2019-03-08 07:43:23,20973.06958114,0.0000212500000000000015265566588595902430824935436248779296875,0.0000000008296276250000001,6874997,2019-03-08 07:43:23,btc,115646.94919545915,1.1652281,0.0000212500000000000015265566588595902430824935436248779296875,btc,36705.38404366,2.476e-05,0.0534221998137522,120
1,[],20,[],2019-03-08 07:43:26,3002344.8805,0.000000035,0.0000000000013664455000000001,6874998,2019-03-08 07:43:26,btc,33.6156363984428,0.5,0.000000035,btc,1008323.7699,1.75e-08,0.0406402309044,125
1,[],22,[],2019-03-08 07:43:30,3053.0,0.00000001,0.000000000000390413,6874999,2019-03-08 07:43:30,BTC,0.01444887,0.0,0.00000001,BTC,296263.5111111111,0.0,3.053e-05,126
1,[],4,[],2019-03-08 07:43:31,146685.61650911,0.00001319,0.000000000514954747,6875000,2019-03-08 07:43:31,btc,3.676917922254409,0.0,0.00001319,btc,123211.33693038,0.0962256,0.6607024659679227,131
0,[],17,[],2019-03-08 07:43:43,0.0,0,0,6875001,2019-03-08 07:43:43,btc,0.0009561751951600001,0.0,0,btc,35.42829368,0.0,0.0,131
0,[],2,[],2019-01-20 23:25:46,0.0,0,0,6476969,2019-01-20 23:25:46,,0.0,0.0,0,,0.0,0.0,0.0,131
1,[],4,[],2019-03-08 07:43:44,4547.78967776,0.00016000,0.000000006246608,6875002,2019-03-08 07:43:44,btc,1.6194305003473843,0.0,0.00016000,btc,239.25503526,0.0,0.0068861668899801,135
1,[],3,[],2019-03-07 00:20:44,877702.73244099,0.00000004,0.00000000000154846,6863392,2019-03-07 00:20:44,btc,0.119366241821405,0.0,0.00000004,btc,760637.99421222,0.0,0.023771231960604298,136
1,[],4,[],2019-03-08 07:43:45,409186.27240415,0.00000176,0.000000000068712688,6875003,2019-03-08 07:43:45,btc,38.38539320062696,0.0,0.00000176,btc,515534.94670703,0.07279661,0.1178131251533877,137
1,[],12,[],2019-03-08 07:43:47,243558.23921023,0.000001650000000000000084153062122893640406573467771522700786590576171875,0.000000000064418145,6875004,2019-03-08 07:43:47,btc,5.058355451168431,0.0,0.000001650000000000000084153062122893640406573467771522700786590576171875,btc,3521.11281074,0.0018403533645495,0.09032126454766091,137
1,[],4,[],2019-03-08 07:43:48,18769.23195663,0.00003643,0.000000001422274559,6875005,2019-03-08 07:43:48,btc,28.580470120944533,0.0,0.00003643,btc,47257.4153515,0.14963837,0.5268664282353241,142
1,[],5,[],2019-03-08 07:43:50,0.0,0,0,6875006,2019-03-08 07:43:50,btc,0.0,0.23912767,0,btc,0.0,0.0,0.0,142
1,[],17,[],2019-03-08 07:43:51,22967.386363640002,0.00000088,0.000000000034356344,6875007,2019-03-08 07:43:51,btc,20.069913352770918,0.0,0.00000088,btc,2746.079105,0.0,0.0104613000000032,142
1,[],20,[],2019-03-08 07:43:53,135700.5478,0.00003202,0.0000000012501024260000002,6875008,2019-03-08 07:43:53,btc,0.4342180901412,1434.6839,0.00003202,btc,4409.6559,0.064036278476,0.3108828717335,142
1,[],22,[],2019-03-08 07:43:56,1470.8988921568628,0.00004000,0.000000001561652,6875009,2019-03-08 07:43:56,BTC,3.00385504,0.0,0.00004000,BTC,891.218,0.0,0.0012358,142
0.0,[],25,[],2019-03-08 07:43:58,0.0,0,0,6875010,2019-03-08 07:43:58,,0.0,0.0,0.0,btc,0.0,0.0,0.0,142
1,[],28,[],2019-03-08 07:44:05,76201.664,0.00001500,0.0000000005856195,6875011,2019-03-08 07:44:05,btc,0.067100461059305,1047.0,0.00001500,btc,552.61077999,0.0,0.00546896,142
0,[],22,[],2019-03-08 07:44:08,0.0,0,0,6875012,2019-03-08 07:44:08,,62.13631169,0.0,0,,837691921.3,0.0,0.0,143
0,[],22,[],2019-02-25 15:42:22,0.0,0,0,6783783,2019-02-25 15:42:22,,4.2131946,0.0,0,,2322156.0,0.0,0.0,146
,[],22,[],2018-11-20 23:01:11,0.0,0,0,4862114,2018-11-20 23:01:11,,2.56807021,0.0,,,61828.4988236,0.0,0.0,147
1,[],12,[],2019-03-08 07:44:09,330853.27538219,0.000001769999999999999994019540816569957542014890350401401519775390625,0.000000000069103101,6875013,2019-03-08 07:44:09,btc,1.7156498433768428,0.0,0.000001769999999999999994019540816569957542014890350401401519775390625,btc,28760.91505632,0.0004355413784294,0.0259563199998461,148
1,[],4,[],2019-03-08 07:44:10,251367.96686287,0.00000029,0.000000000011321977,6875014,2019-03-08 07:44:10,btc,219.99864590534602,0.0,0.00000029,btc,840498.90453835,0.0,0.0597402236447149,152
0,[],22,[],2019-03-08 07:44:13,0.0,0,0,6875015,2019-03-08 07:44:13,,0.0,0.0,0,,0.0,0.0,0.0,152
1,[],5,[],2019-03-08 07:44:15,0.0,0,0,6875016,2019-03-08 07:44:15,btc,0.0,0.0,0,btc,0.0,0.0,0.0,153
,[],16,[],2019-01-11 15:38:59,0.0,0,0,6366141,2019-01-11 15:38:59,btc,0.0,0.0,,btc,0.0,0.0,0.0,155
0,[],23,[],2019-01-20 23:24:29,0.0,0,0,6476932,2019-01-20 23:24:29,,0.0,0.0,0,,0.0,0.0,0.0,156
0,[],22,[],2019-03-08 07:44:19,0.0,0,0,6875017,2019-03-08 07:44:19,,6.7463875,0.0,0,,4674391.242592593,0.0,0.0,156
1,[],22,[],2019-03-08 07:44:24,7073.8,0.00005300,0.0000000020691889,6875018,2019-03-08 07:44:24,BTC,1.80343699,0.0,0.00005300,BTC,899.6422341958436,0.0,0.00104336,157
0,[],22,[],2019-03-08 07:44:27,0.0,0,0,6875019,2019-03-08 07:44:27,,50175.67608608,0.0,0,,54079135.04179466,0.0,0.0,158
,[],17,[],2018-11-20 22:56:10,0.0,0,0,4861976,2018-11-20 22:56:10,btc,1.1265625,0.0,,btc,1000.0,0.0,0.0,159
,[],20,[],2018-11-20 22:56:12,0.0,0,0,4861977,2018-11-20 22:56:12,btc,11912.7940471,0.0,,btc,34413894.3617,0.0,0.0,159
1,[],17,[],2019-03-08 06:39:48,29784.95,0.000001,0.0000000000392189,6874650,2019-03-08 06:39:48,btc,0.03026736251542,0.0,0.000001,btc,144.46171372,0.0,0.00716147,168
1,[],12,[],2019-03-08 07:44:28,211606.90222793,0.00000706000000000000016756561416197968128471984528005123138427734375,0.00000000027563157800000003,6875020,2019-03-08 07:44:28,btc,0.37226884816602,0.0,0.00000706000000000000016756561416197968128471984528005123138427734375,btc,7777.44721955,0.0069904534209061,0.0954896267995429,168
0,[],22,[],2019-03-07 13:06:36,0.0,0,0,6867364,2019-03-07 13:06:36,,1.1339604,0.0,0,,520283.17470714403,0.0,0.0,169
1,[],22,[],2019-03-08 07:44:34,310867.6666666667,0.00000008,0.000000000003123304,6875021,2019-03-08 07:44:34,BTC,14.35046903,0.0,0.00000008,BTC,156205.65757046544,0.00054107,0.00711407,171
1,[],22,[],2019-03-08 07:44:38,273732.7916666667,0.00000012,0.000000000004684956,6875022,2019-03-08 07:44:38,BTC,2.19167738,0.0,0.00000012,"BTC,LTC",264426.9391640375,0.00033635,0.01389787,173
1,[],5,[],2019-03-05 01:59:40,0.0,0,0,6845846,2019-03-05 01:59:40,btc,0.0,0.00384852,0,btc,0.0,0.0,0.0,175
1,[],22,[],2019-03-08 07:44:42,36500.0,0.00000021,0.000000000008198673000000001,6875023,2019-03-08 07:44:42,BTC,0.54826403,0.0,0.00000021,BTC,138776.41384013777,0.0,0.00227,176
1,[],7,[],2019-03-08 07:44:43,0.0,0,0,6875024,2019-03-08 07:44:43,btc,410914.4951967229,0.0,0,btc,117143049.56236699,0.0,0.0,178
0,[],22,[],2019-03-08 07:44:46,0.0,0,0,6875025,2019-03-08 07:44:46,,1.00242438,0.0,0,,57522.0,0.0,0.0,178
0,[],2,[],2019-01-20 23:28:34,0.0,0,0,6477001,2019-01-20 23:28:34,,0.0,0.0,0,,0.0,0.0,0.0,178
1,[],5,[],2019-03-08 07:44:47,0.0,0,0,6875026,2019-03-08 07:44:47,btc,0.0,0.1121535,0,btc,0.0,0.0,0.0,179
1,[],22,[],2019-03-08 07:44:52,6937500.5,0.00000002,0.000000000000780826,6875027,2019-03-08 07:44:52,BTC,5.67356573,0.0,0.00000002,"BTC,LTC",18498890.756535422,2.162e-05,0.37369073,179
0,[],23,[],2019-01-20 23:25:08,0.0,0,0,6476952,2019-01-20 23:25:08,,0.0,0.0,0,,0.0,0.0,0.0,179
1,[],17,[],2019-03-08 07:45:04,10504.725,0.0000001,0.00000000000390413,6875028,2019-03-08 07:45:04,btc,5.2010695838170005,0.0,0.0000001,btc,4994.45945,0.0,0.0010504725,180
1,[],22,[],2019-03-08 07:45:09,658508.9301435407,0.00000095,0.000000000037089235,6875029,2019-03-08 07:45:09,BTC,0.25485111,0.0,0.00000095,"BTC,LTC",90029.95397841684,0.0026965502442838547,0.56282059,180
1,[],26,[],2019-03-08 07:45:09,0.0,0.00000125,0.000000000048801625,6875030,2019-03-08 07:45:09,btc,0.0,390.0,0.00000125,btc,0.0,0.0,0.0,180
,[],7,[],2018-11-20 22:58:01,562227.975654,0.00000085,0.000000000036176765,4862015,2018-11-20 22:58:01,btc,21836.6059674,2491.87645172,,btc,749999.041456,0.00211021,0.127565380455,183
,[],5,[],2019-01-10 08:11:41,0.0,0,0,6347036,2019-01-10 08:11:41,btc,82.15055501,0.00261,,btc,1.19002445,0.0,0.0,187
1,[],24,[],2019-03-08 07:45:10,0.0,0.000000000001,3.90413e-17,6875031,2019-03-08 07:45:10,btc,0.0,0.0,0.000000000001,btc,0.0,0.0,0.0,187
,[],17,[],2018-11-16 20:58:10,4062536.27273,0.00000001,0.000000000000550501,4708775,2018-11-16 20:58:10,btc,3.36492563466,0.195460381006,,"btc,eth",110697919.549,0.0,0.0157628953496,187
0,[],22,[],2019-03-08 07:45:12,0.0,0,0,6875032,2019-03-08 07:45:12,,7.54802454,0.0,0,,79361.7243344055,0.0,0.0,191
0,[],22,[],2019-03-08 07:45:18,0.0,0,0,6875033,2019-03-08 07:45:18,,0.0,0.0,0,,0.0,0.0,0.0,197
0,[],23,[],2019-01-20 23:31:41,0.0,0,0,6477079,2019-01-20 23:31:41,,0.0,0.0,0,,0.0,0.0,0.0,199
0,[],22,[],2019-03-08 07:45:22,0.0,0,0,6875034,2019-03-08 07:45:22,,5.19077022,0.0,0,,21057953.0,0.0,0.0,199
1,[],26,[],2019-03-08 07:45:22,0.0,0.00000000,0,6875035,2019-03-08 07:45:22,btc,0.0,128905.0,0.00000000,btc,0.0,0.0,0.0,199
0,[],17,[],2019-01-30 16:32:01,0.0,0,0,6540827,2019-01-30 16:32:01,btc,6.802544163788159,0.0,0,btc,105897.55575295,0.0,0.0,200
0,[],2,[],2019-01-20 23:30:49,0.0,0,0,6477059,2019-01-20 23:30:49,,0.0,0.0,0,,0.0,0.0,0.0,201
1,[],4,[],2019-01-25 15:51:35,2084389.58565343,0.00000936,0.000000000333526752,6499557,2019-01-25 15:51:35,btc,2.0092503037378524,0.0,0.00000936,btc,160195.80207885,0.19272417,1.242687955921835,211
1,[],7,[],2019-03-08 07:45:27,1839734.5713289098,0.0000011599999999999999051561623553130431218960438854992389678955078125,0.000000000045287908,6875036,2019-03-08 07:45:27,btc,15476653.730456855,174880.336199,0.0000011599999999999999051561623553130431218960438854992389678955078125,btc,13179166.7384929,0.0,1.660876314453197,212
1,[],12,[],2019-01-25 02:44:32,207462.42853209,0.000001080000000000000035831255497387193287295303889550268650054931640625,0.000000000038610756000000006,6493050,2019-01-25 02:44:32,btc,85023.03793723314,0.0,0.000001080000000000000035831255497387193287295303889550268650054931640625,btc,43675.73520027,0.000146250909087,0.0348620860622024,213
1,[],5,[],2019-03-08 07:45:29,0.0,0,0,6875037,2019-03-08 07:45:29,btc,0.0,0.13764168,0,btc,0.0,0.0,0.0,213
1,[],24,[],2019-03-08 07:45:29,0.0,0.000000120000,0.000000000004684956,6875038,2019-03-08 07:45:29,btc,0.0,0.0,0.000000120000,btc,0.0,0.0,0.0,213
1,[],26,[],2019-03-08 07:45:29,0.0,0.00000010,0.00000000000390413,6875039,2019-03-08 07:45:29,btc,0.0,0.0,0.00000010,btc,0.0,0.0,0.0,213
1,[],22,[],2019-03-08 07:45:35,73967.0,0.00000003,0.000000000001171239,6875040,2019-03-08 07:45:35,BTC,2.23599134,0.0,0.00000003,BTC,701743.3963726171,0.0,0.00163731,216
1,[],27,[],2019-03-08 07:45:38,1298602.0,0.00000003,0.000000000001171239,6875041,2019-03-08 07:45:38,btc,317.9846054547724,0.0,0.00000003,"btc,ltc",240763.990324,0.0,0.03377204000025879,216
1,[],22,[],2019-03-08 07:45:43,170316.05814456416,0.00000200,0.0000000000780826,6875042,2019-03-08 07:45:43,BTC,12673.42562524,0.0,0.00000200,BTC,403701.8887626673,0.06858853,0.19571672,217
1,[],7,[],2019-03-08 07:45:45,0.0,0,0,6875043,2019-03-08 07:45:45,btc,77969.39215740134,0.0,0,btc,136268679.67428493,0.0,0.0,219
0,[],27,[],2019-03-08 07:45:47,0.0,0,0,6875044,2019-03-08 07:45:47,,0.04027288,0.0,0,btc,2037233.0,0.0,0.0,219
0.0000000000000051,[],28,[],2019-03-08 07:45:57,168883579.283,5.661e-18,2.210127993e-22,6875045,2019-03-08 07:45:57,doge,84451.8501148375,19264.0,0.00111000,"btc,doge",3563815.34751,0.0,1.5962013613894267e-11,219
1,[],22,[],2019-03-08 07:46:00,534638.5,0.00000005,0.000000000001952065,6875046,2019-03-08 07:46:00,BTC,2.76226415,0.0,0.00000005,BTC,86245.27041875875,0.00097015,0.02315155,221
1,[],24,[],2019-03-08 07:46:01,0.0,0.000000200000,0.00000000000780826,6875047,2019-03-08 07:46:01,btc,0.0,0.0,0.000000200000,btc,0.0,0.0,0.0,221
1,[],20,[],2019-03-08 07:46:03,39105329.5253,0.000000001,0.0000000000000390413,6875048,2019-03-08 07:46:03,btc,48.4427536687255,172770.0,0.000000001,btc,16154115.0042,0.00034554,0.0391053295253,224
0,[],22,[],2019-03-08 07:46:06,0.0,0,0,6875049,2019-03-08 07:46:06,,0.0,0.0,0,,0.0,0.0,0.0,224
1,[],26,[],2019-03-08 07:46:06,0.0,0.00000035,0.000000000013664455000000001,6875050,2019-03-08 07:46:06,btc,0.0,0.0,0.00000035,btc,0.0,0.0,0.0,231
1,[],26,[],2019-03-08 07:46:06,0.0,0.00000005,0.000000000001952065,6875051,2019-03-08 07:46:06,btc,0.0,100.0,0.00000005,btc,0.0,0.0,0.0,234
0.0000000003500429,[],27,[],2019-03-08 07:46:08,2000.0,3.500429e-18,1.3666129871770002e-22,6875052,2019-03-08 07:46:08,eth,0.01134836604,0.0,0.00000001,"btc,eth",11462.996,0.0,7.000858e-15,234
1,[],4,[],2019-03-08 07:46:10,825259.5542642,0.00000076,0.000000000029671388,6875053,2019-03-08 07:46:10,btc,4.477312420753819,0.0,0.00000076,btc,1225174.50122325,0.08866663,0.2330375212214784,236
1,[],24,[],2019-03-08 07:46:10,0.0,0.000000300000,0.00000000001171239,6875054,2019-03-08 07:46:10,btc,0.0,0.0,0.000000300000,btc,0.0,0.0,0.0,236
1,[],20,[],2019-03-08 07:46:12,25461109.8926,0.000000055,0.0000000000021472715,6875055,2019-03-08 07:46:12,btc,13.7527925793933,9301413.0302,0.000000055,btc,38579695.1592,0.528993284553,0.3532831146997,237
0.0000000001437725,[],22,[],2019-03-08 07:46:17,751594.9,2.4441324999999998e-17,9.542211017225e-22,6875056,2019-03-08 07:46:17,LTC,0.0405823,0.0,0.00000017,LTC,3164.0,0.0,0.12541949,237
1,[],4,[],2019-03-08 07:46:18,8936243.15960864,0.00000037,0.000000000014445281,6875057,2019-03-08 07:46:18,btc,9.104300507814843,0.0,0.00000037,btc,10335053.65692643,0.36985128,2.267759239368826,238
1,[],5,[],2019-03-08 07:46:19,0.0,0,0,6875058,2019-03-08 07:46:19,btc,0.0,0.00424879,0,btc,0.0,0.0,0.0,238
0,[],22,[],2019-03-08 07:46:22,0.0,0,0,6875059,2019-03-08 07:46:22,,0.41504177,0.0,0,,481585.5639027493,0.0,0.0,249
0.0000000001437725,[],22,[],2019-03-08 07:46:26,49087204.666666664,5.7509e-18,2.2452261217e-22,6875060,2019-03-08 07:46:26,LTC,0.50886423,0.0,0.00000004,LTC,12892772.553636363,2.1848707568767498e-10,1.18162429,252
1,[],28,[],2019-03-08 07:46:33,3494880.767,0.00000038,0.000000000014835694,6875061,2019-03-08 07:46:33,btc,164734.26766710688,122883.361,0.00000038,btc,2944197.4607,0.0,0.6710312518,256
1,[],22,[],2019-03-08 07:46:37,1318077.5,0.00000005,0.000000000001952065,6875062,2019-03-08 07:46:37,BTC,31.45813828,0.0,0.00000005,BTC,718205.7124533613,0.00015486,0.01894054,258
1,[],22,[],2019-03-08 07:46:40,48751.0,0.00000001,0.000000000000390413,6875063,2019-03-08 07:46:40,BTC,2.4175745,0.0,0.00000001,BTC,1762.0,0.0,0.00048751,259
1,[],5,[],2019-03-08 07:46:42,0.0,0,0,6875064,2019-03-08 07:46:42,btc,0.0,0.09788357,0,btc,0.0,0.0,0.0,264
1,[],20,[],2019-03-08 07:46:44,1252606.7081,0.00000191,0.000000000074568883,6875065,2019-03-08 07:46:44,btc,7.4735915237398,145603.2297,0.00000191,btc,108532.3467,0.3046846729425,0.0182440523257,264
0,[],22,[],2019-03-08 07:46:46,0.0,0,0,6875066,2019-03-08 07:46:46,,8.45833143,0.0,0,,464287.34411321935,0.0,0.0,271
0,[],22,[],2019-03-08 07:46:49,0.0,0,0,6875067,2019-03-08 07:46:49,,266.25196304,0.0,0,,13937792667.692,0.0,0.0,272
0.0000000000000051,[],28,[],2019-03-08 07:46:54,250960998785.905,5.457e-21,2.130483741e-25,6875068,2019-03-08 07:46:54,doge,37045505.60897659,30167173880.554,0.00000107,doge,231877523947.0003,0.0,7.515105243159465e-10,272
1,[],22,[],2019-03-08 07:46:59,216334.74,0.00000100,0.0000000000390413,6875069,2019-03-08 07:46:59,BTC,74.45437649,0.0,0.00000100,"BTC,LTC",33883.48778575859,0.011383,0.08506312,281
1,[],22,[],2019-03-08 07:47:04,21097.824175824175,0.00000014,0.0000000000054657820000000005,6875070,2019-03-08 07:47:04,BTC,0.51893938,0.0,0.00000014,BTC,116154.39486258465,0.09338059,0.0011829,286
0,[],22,[],2019-03-08 07:47:29,0.0,0,0,6875071,2019-03-08 07:47:29,,43638.74003002,0.0,0,,691637845.0,0.0,0.0,294
