pairValue,buyBook,exchangeId,sellBook,updated,buyTotal,satoshiPrice,usdPrice,exchangeLogId,created,bestPair,sellTotalBtc,volume,pairPrice,activePairs,sellTotal,volumeBtc,buyTotalBtc,coinId
1,[],3,[],2019-01-27 15:09:48,109.132211940828,0.0126968099999999993465760184108148678205907344818115234375,0.000000453309128706,6514862,2019-01-27 15:09:48,btc,106.96427618994531,0.0,0.0126968099999999993465760184108148678205907344818115234375,btc,13.696543561031001,0.0,0.1294312583466444,1
1,[],4,[],2019-01-27 15:09:48,25052.30726237,0.01265001,0.00000045163824702600003,6514863,2019-01-27 15:09:48,btc,0.95411447646659,0.0,0.01265001,btc,71.16223098,0.2918841,0.9275560944796104,1
1,[],5,[],2019-01-27 15:09:51,0.21084399,0.01252177,0.00000044705974560200004,6514864,2019-01-27 15:09:51,btc,14578.4726254,0.00274319,0.01252177,btc,35555556.30395148,0.0,1.62110335,1
1,[],10,[],2019-01-27 15:09:53,271434.6704806,0.01236003,0.000000441285207078,6514865,2019-01-27 15:09:53,btc,6535.965525256296,903.56065075,0.01236003,btc,864.94726481,0.0,3.643033172224911,1
1,[],12,[],2019-01-27 15:09:57,10413.94348548,0.01156000000000000083044682241961709223687648773193359375,0.00000041272205600000005,6514866,2019-01-27 15:09:57,btc,0.7161403707869,0.0,0.01156000000000000083044682241961709223687648773193359375,btc,49.96074755,0.0180489610838,0.07515771535600001,1
1,[],20,[],2019-01-27 15:09:59,1443.941,0.010500001,0.0000003748773357026,6514867,2019-01-27 15:09:59,btc,0.0564711704203,0.0,0.010500001,btc,2.4781,0.0,0.0923469629126,1
1,[],21,[],2019-01-27 15:10:00,2665.95457493,0.01271560000000000051345594443,0.00000045397998056000003,6514868,2019-01-27 15:10:00,btc,27.932188669155035,1671.2030620300002,0.012715600000000000513455944428642396815121173858642578125,"btc,eth",2547.85938486,18.72222942560715,28.11169342452307,1
1,[],22,[],2019-01-27 15:10:06,0.0363776,0.01400000,0.0000004998364000000001,6514869,2019-01-27 15:10:06,BTC,0.31387019,0.0,0.01400000,BTC,0.09333966666666667,0.0,0.00048472,1
1,[],24,[],2019-01-27 15:10:07,0.0,0.000000000000,0,6514870,2019-01-27 15:10:07,btc,0.0,0.0,0.000000000000,btc,0.0,0.0,0.0,1
0.0,[],25,[],2019-01-27 15:10:08,0.0,0,0,6514871,2019-01-27 15:10:08,btc,15.21269999825362,538.87918598,0.0,btc,1138.2105243,6.9151,0.0,1
1,[],26,[],2019-01-27 15:10:33,0.0,0,0,6514872,2019-01-27 15:10:33,,0.0,0.0,0,,0.0,0.0,0.0,1
1,[],28,[],2019-01-27 15:10:38,987.9,0.01131000,0.00000040379640600000004,6514873,2019-01-27 15:10:38,btc,0.162839806,17475.85,0.01131000,btc,8.9,0.0,0.024551096,1
0,[],2,[],2019-01-20 23:28:45,0.0,0,0,6477011,2019-01-20 23:28:45,,0.0,0.0,0,,0.0,0.0,0.0,1
1,[],5,[],2019-01-27 14:28:41,2.288e-05,0.00000090,0.00000000003181509,6514766,2019-01-27 14:28:41,btc,0.13707698,0.06044026,0.00000090,btc,8.478e-05,0.0,0.48333749,2
1,[],22,[],2019-01-27 14:29:02,2224.625335862178,0.0000004,0.000000000014140040000000001,6514767,2019-01-27 14:29:02,BTC,0.0231601,0.0,0.0000004,"BTC,XMR",14562.72385,0.0,0.00130482,2
1,[],5,[],2019-01-27 14:10:01,1.25e-06,0.00000016,0.000000000005658384,6514569,2019-01-27 14:10:01,btc,3.9162012,0.00094291,0.00000016,btc,2.204e-05,0.0,1.98070831,3
1,[],12,[],2019-01-27 14:10:02,12556947.06472345,0.000000169,0.000000000005976668099999999,6514570,2019-01-27 14:10:02,btc,921359.5894098895,0.0,0.000000169,btc,8132287.36510195,0.04206786714202089,0.5585020836039718,3
0,[],28,[],2019-01-27 14:10:34,0.0,0,0,6514571,2019-01-27 14:10:34,,0.0,0.0,0,,0.0,0.0,0.0,3
0,[],2,[],2019-01-20 23:31:32,0.0,0,0,6477077,2019-01-20 23:31:32,,0.0,0.0,0,,0.0,0.0,0.0,4
1,[],4,[],2019-01-27 14:29:04,324595.94446256,0.00000034,0.000000000012019034,6514768,2019-01-27 14:29:04,btc,0.4492043276197825,0.0,0.00000034,btc,319959.39467573,0.00184477,0.0436260867823536,4
1,[],12,[],2019-01-25 15:53:49,1222127.5219999999,0.00000003,0.000000000001069017,6499609,2019-01-25 15:53:49,btc,11013867.817925906,0.0,0.00000003,btc,969763.77092902,0.0,0.01617509044,5
0,[],2,[],2019-01-20 23:31:51,0.0,0,0,6477087,2019-01-20 23:31:51,,0.0,0.0,0,,0.0,0.0,0.0,6
1,[],11,[],2019-01-27 14:29:06,3384831.0,0.00000001,0.00000000000035350100000000003,6514769,2019-01-27 14:29:06,btc,9432.891574567595,890188.0,0.00000001,btc,42624980.63059839,0.0,0.03384831,6
1,[],3,[],2019-01-27 14:29:06,1053.285082148516,0.00015054000000000000540623101841219977359287440776824951171875,0.0000000053216040540000006,6514770,2019-01-27 14:29:06,btc,30.108593419388622,0.0,0.00015054000000000000540623101841219977359287440776824951171875,btc,231.077492617847,0.0,0.028528323718921555,7
1,[],4,[],2019-01-27 14:29:10,21948.51577898,0.00016200,0.0000000057267162,6514771,2019-01-27 14:29:10,btc,2.097739696956483,0.0,0.00016200,btc,11671.72784859,1.20401716,3.282067701982479,7
1,[],5,[],2019-01-27 14:29:11,0.00546068,0.00015712,0.000000005554207712000001,6514772,2019-01-27 14:29:11,btc,1.29857313,0.3177662,0.00015712,btc,0.01060572,0.0,1.48383872,7
1,[],20,[],2019-01-27 14:30:18,61771509.8802,0.000000001,0.0000000000000353501,6514773,2019-01-27 14:30:18,btc,121.193338259396,0.0,0.000000001,btc,26031125.3262,0.0,0.0617715098802,8
0,[],2,[],2019-01-20 23:22:42,0.0,0,0,6476876,2019-01-20 23:22:42,,0.0,0.0,0,,0.0,0.0,0.0,9
0,[],23,[],2019-01-20 23:22:48,0.0,0,0,6476878,2019-01-20 23:22:48,,0.0,0.0,0,,0.0,0.0,0.0,9
1,[],1,[],2019-01-27 14:30:20,2466528.96,0.00000193000000000000015618582815957182674537762068212032318115234375,0.00000000006822569300000001,6514774,2019-01-27 14:30:20,btc,7.2327535972,14127339.32,0.00000193000000000000015618582815957182674537762068212032318115234375,btc,3664465.15,27.46505444,4.6974175002,9
1,[],4,[],2019-01-27 14:31:08,416055.22101027,0.00000190,0.00000000006716519,6514775,2019-01-27 14:31:08,btc,1.3540563664745158,0.0,0.00000190,btc,686261.95558116,1.4690786,0.7272401121908736,9
1,[],28,[],2019-01-27 14:31:10,34500.0,0.00000165,0.00000000005832766500000001,6514776,2019-01-27 14:31:10,btc,2708.75020572,3509180.0,0.00000165,btc,7862.68,0.0,0.02854,9
1,[],4,[],2019-01-27 14:31:10,7115728.09026053,0.00000002,0.0000000000007070020000000001,6514777,2019-01-27 14:31:10,btc,0.2193899041740741,0.0,0.00000002,btc,4272851.24129435,0.00080638,0.0741439661052106,10
1,[],4,[],2019-01-27 14:31:11,2834800.55967655,0.00000144,0.000000000050904144,6514778,2019-01-27 14:31:11,btc,1.2656116148521235,0.0,0.00000144,btc,836567.68978256,1.21779335,3.2513771318538405,12
0,[],2,[],2019-01-20 23:23:08,0.0,0,0,6476890,2019-01-20 23:23:08,,0.0,0.0,0,,0.0,0.0,0.0,12
1,[],5,[],2019-01-27 14:31:13,1.248e-05,0.00000138,0.00000000004878313800000001,6514779,2019-01-27 14:31:13,btc,0.21549854,0.56500794,0.00000138,btc,0.00011162,0.0,0.08010391,12
0.0,[],25,[],2019-01-27 14:31:15,0.0,0,0,6514780,2019-01-27 14:31:15,,0.0,0.0,0.0,btc,0.0,0.0,0.0,12
1,[],4,[],2019-01-27 14:31:15,298060.12855813,0.00000712,0.000000000251692712,6514781,2019-01-27 14:31:15,btc,0.5777872730342642,0.0,0.00000712,btc,75822.51248692,1.11470617,1.338361990839645,13
1,[],21,[],2019-01-27 14:31:18,1543484.05120088,0.000007310000000000000315071319729,0.000000000258409231,6514782,2019-01-27 14:31:18,btc,8.485475134863302,1323267.71949553,0.0000073100000000000003150713197286325595314337988384068012237548828125,btc,1087310.98682737,9.60830307,10.15591113307154,13
1,[],10,[],2019-01-27 14:10:53,584737.04114754,0.00000683,0.00000000024154226699999997,6514586,2019-01-27 14:10:53,btc,666807.9253227361,9682.01180338,0.00000683,btc,837426.64773497,0.0,0.8883804324243756,13
1,[],4,[],2019-01-27 14:31:19,701686.38173775,0.00000173,0.000000000061155673,6514783,2019-01-27 14:31:19,btc,0.139751081291023,0.0,0.00000173,btc,59448.84746314,0.02058433,0.1263765271237454,14
1,[],12,[],2019-01-27 14:31:20,89767.4415026,0.000001769999999999999994019540816569957542014890350401401519775390625,0.00000000006256967700000001,6514784,2019-01-27 14:31:20,btc,1.7866042912191296,0.0,0.000001769999999999999994019540816569957542014890350401401519775390625,btc,38041.62520423,0.0004173109449712,0.020519239514892,14
0,[],17,[],2019-01-27 14:31:22,0.0,0,0,6514785,2019-01-27 14:31:22,btc,0.0,0.0,0,btc,0.0,0.0,0.0,14
1,[],26,[],2019-01-27 14:31:22,0.0,0.00000020,0.000000000007070020000000001,6514786,2019-01-27 14:31:22,btc,0.0,0.0,0.00000020,btc,0.0,0.0,0.0,14
0,[],4,[],2019-01-27 14:31:23,0.0,0,0,6514787,2019-01-27 14:31:23,,0.0,0.0,0,,0.0,0.0,0.0,15
,[],12,[],2018-12-01 15:15:48,204241.84496,0.00000489,0.000000000202473384,5260204,2018-12-01 15:15:48,btc,49.5475654835,0.0,,btc,35763.2193806,0.0163153972027625,0.0203389899998,15
1,[],4,[],2019-01-27 14:31:25,23835.53659169,0.00001784,0.0000000006306457840000001,6514788,2019-01-27 14:31:25,btc,1.2127191742440075,0.0,0.00001784,btc,6664.75193607,0.02194683,0.0605873546290576,18
1,[],10,[],2019-01-27 14:31:27,391017.5912732,0.00001801,0.000000000636655301,6514789,2019-01-27 14:31:27,btc,15.523203141681698,8789.33433993,0.00001801,btc,9886.33907891,0.0,0.1986422936045087,18
1,[],12,[],2019-01-27 14:31:30,200205.71633691998,0.00001709999999999999890855535700229239637337741442024707794189453125,0.00000000060448671,6514790,2019-01-27 14:31:30,btc,0.1942511785929252,0.0,0.00001709999999999999890855535700229239637337741442024707794189453125,btc,1945.80643477,0.002677503077204,0.0175337509999309,18
0,[],17,[],2019-01-27 14:31:32,0.0,0,0,6514791,2019-01-27 14:31:32,btc,0.0,0.0,0,btc,0.0,0.0,0.0,18
0,[],2,[],2019-01-20 23:23:38,0.0,0,0,6476906,2019-01-20 23:23:38,,0.0,0.0,0,,0.0,0.0,0.0,18
1,[],3,[],2019-01-27 14:31:32,108852.37236620068,0.0000381099999999999993448296375930794965825043618679046630859375,0.000000001347192311,6514792,2019-01-27 14:31:32,btc,1.2539103422561992,1.33417085427,0.0000381099999999999993448296375930794965825043618679046630859375,btc,8295.084546752028,0.0,0.11579627793169818,19
1,[],4,[],2019-01-27 14:31:36,73352.4668382,0.00003858,0.000000001363806858,6514793,2019-01-27 14:31:36,btc,1.4786500011977648,0.0,0.00003858,btc,30842.64702393,1.08973463,1.6847458627421912,19
1,[],5,[],2019-01-27 14:31:38,0.00033383,0.00003501,0.000000001237607001,6514794,2019-01-27 14:31:38,btc,0.3087046,0.0,0.00003501,btc,0.00346563,0.0,0.19126716,19
1,[],12,[],2019-01-27 14:31:42,129519.0,0.0000425099999999999978751719087455285261967219412326812744140625,0.000000001502732751,6514795,2019-01-27 14:31:42,btc,1.991851009154941,0.0,0.0000425099999999999978751719087455285261967219412326812744140625,btc,416.49251023,4.252e-05,0.03803367,19
0,[],27,[],2019-01-27 14:31:44,0.0,0,0,6514796,2019-01-27 14:31:44,,0.0,0.0,0,btc,0.0,0.0,0.0,19
0,[],2,[],2019-01-20 23:24:19,0.0,0,0,6476924,2019-01-20 23:24:19,,0.0,0.0,0,,0.0,0.0,0.0,19
1,[],4,[],2019-01-27 14:31:45,9448048.34664562,0.00000015,0.000000000005302515000000001,6514797,2019-01-27 14:31:45,btc,0.8093080812208231,0.0,0.00000015,btc,1583112.29307681,0.0006316,0.3958519084068923,20
1,[],4,[],2019-01-27 14:12:55,127663662.93823025,0.00000002,0.000000000000707298,6514603,2019-01-27 14:12:55,btc,0.7742331802300173,0.0,0.00000002,btc,17814421.54481207,0.00594743,1.5630528429744455,21
1,[],12,[],2019-01-27 14:12:55,19517252.0,0.00000002,0.000000000000707298,6514604,2019-01-27 14:12:55,btc,668.0286468056955,0.0,0.00000002,btc,8017925.068933791,0.0,0.26328156,21
0,[],17,[],2019-01-27 14:12:57,0.0,0,0,6514605,2019-01-27 14:12:57,btc,0.0,0.0,0,btc,0.0,0.0,0.0,21
1,[],12,[],2019-01-27 14:31:46,4532637202.531896,0.0000000001,0.0000000000000035350100000000006,6514798,2019-01-27 14:31:46,btc,1721671101719.6108,0.0,0.0000000001,btc,6641841428.121111,0.003293312820179818,0.45326372025318956,23
0,[],27,[],2019-01-27 14:31:48,0.0,0,0,6514799,2019-01-27 14:31:48,,0.424699,0.0,0,eth,424699.0,0.0,0.0,23
1,[],4,[],2019-01-27 14:31:49,982339.48628567,0.00000078,0.000000000027573078,6514800,2019-01-27 14:31:49,btc,0.1049257739965199,0.0,0.00000078,btc,85974.72164531,0.00815717,0.4209482689808074,24
1,[],22,[],2019-01-27 14:31:52,11.76,0.00000100,0.000000000035350100000000005,6514801,2019-01-27 14:31:52,BTC,7.415e-05,0.0,0.00000100,BTC,23.919354838709676,0.0,1.176e-05,24
0.0,[],25,[],2019-01-27 14:31:54,0.0,0,0,6514802,2019-01-27 14:31:54,,0.0,0.0,0.0,btc,0.0,0.0,0.0,24
1,[],4,[],2019-01-27 14:31:54,28846129.23490036,0.00000706,0.00000000024957170600000004,6514803,2019-01-27 14:31:54,btc,0.4571407404324019,0.0,0.00000706,btc,37285.26794309,0.18889886,0.4178811357998116,26
1,[],10,[],2019-01-27 14:31:56,729692.16919063,0.00000709,0.000000000250632209,6514804,2019-01-27 14:31:56,btc,27.975539284797314,1379.411,0.00000709,btc,12551.86744572,0.0,0.2099555115663287,26
0,[],2,[],2019-01-20 23:25:56,0.0,0,0,6476976,2019-01-20 23:25:56,,0.0,0.0,0,,0.0,0.0,0.0,26
1,[],3,[],2019-01-27 14:31:57,8026870.51415143,0.00000001,0.00000000000035350100000000003,6514805,2019-01-27 14:31:57,btc,3.1258179359522003,0.0,0.00000001,btc,18216864.91013052,0.0,0.0802687051415143,27
1,[],5,[],2019-01-27 14:32:01,1e-08,0.00000001,0.00000000000035350100000000003,6514806,2019-01-27 14:32:01,btc,2.62224568,9.215e-05,0.00000001,btc,4.436e-05,0.0,0.02470144,27
1,[],11,[],2019-01-27 14:32:03,10597882.41182718,0.00000005,0.0000000000017675050000000002,6514807,2019-01-27 14:32:03,btc,370.53275036350783,1000.0,0.00000005,btc,8220964.80991447,0.0,0.4932896594767663,27
1,[],4,[],2019-01-27 14:32:04,318485682.2818506,0.00000003,0.000000000001060503,6514808,2019-01-27 14:32:04,btc,1.7549643827704462,0.0,0.00000003,"btc,ltc",99530441.65614522,0.43942881,3.1856582864742395,29
1,[],7,[],2019-01-27 14:32:04,39620026.51421685,0.00000003,0.000000000001060503,6514809,2019-01-27 14:32:04,btc,44465202.61696221,48081.4320275,0.00000003,btc,39446034.21000957,0.0,0.7214737384970875,29
1,[],4,[],2019-01-27 14:32:05,1626712.53489562,0.00000032,0.000000000011312032000000001,6514810,2019-01-27 14:32:05,btc,0.2559056681161055,0.0,0.00000032,btc,445937.49665064,0.03341129,0.1001801196781142,30
0,[],17,[],2019-01-27 14:32:07,0.0,0,0,6514811,2019-01-27 14:32:07,btc,0.0,0.0,0,btc,0.0,0.0,0.0,30
1,[],4,[],2019-01-27 14:32:08,39596.27751608,0.00009129,0.0000000032271106290000004,6514812,2019-01-27 14:32:08,btc,0.9511884982271147,0.0,0.00009129,btc,9441.14316205,2.24922796,2.4987714582175053,31
1,[],21,[],2019-01-27 14:32:09,74085.71190967,0.00009171999999999999597655175876,0.000000003242311172,6514813,2019-01-27 14:32:09,btc,10.935249519445101,510501.40457299,0.0000917199999999999959765517587584326975047588348388671875,btc,108804.26049933,48.26223842,6.521369573294542,31
0,[],2,[],2019-01-20 23:28:43,0.0,0,0,6477009,2019-01-20 23:28:43,,0.0,0.0,0,,0.0,0.0,0.0,32
1,[],4,[],2019-01-27 14:32:10,156129804.74469742,0.00000006,0.000000000002121006,6514814,2019-01-27 14:32:10,btc,0.9520389196245483,0.0,0.00000006,"btc,ltc",18624712.08266399,1.18053254,3.0214645962591122,33
1,[],12,[],2019-01-27 14:32:11,23776883.0,0.00000006,0.000000000002121006,6514815,2019-01-27 14:32:11,btc,17261783.07894494,0.0,0.00000006,btc,87876938.09790201,0.0359956860139871,0.9543010799999999,33
1,[],4,[],2019-01-25 15:51:47,121436519.49535657,0.00000002,0.000000000000712664,6499565,2019-01-25 15:51:47,btc,0.7770388655030004,0.0,0.00000002,btc,25623680.84561682,0.04566956,1.2289232726234858,34
1,[],5,[],2019-01-25 15:51:48,3e-08,0.00000002,0.000000000000712664,6499566,2019-01-25 15:51:48,btc,3.15691075,0.01219489,0.00000002,btc,1.394e-05,0.0,0.77186813,34
0.0000000000910103,[],4,[],2019-01-27 14:32:12,2384011691.4008255,3.640412e-18,1.2868892824120002e-22,6514816,2019-01-27 14:32:12,ltc,3.850590663788777e-09,0.0,0.00000004,ltc,691568473.1615613,0.0,5.658880888495698e-09,36
1,[],5,[],2019-01-27 14:32:17,0.0,0,0,6514817,2019-01-27 14:32:17,btc,202.42915527,0.0,0,btc,1.295e-05,0.0,0.0,36
0,[],17,[],2019-01-27 14:32:21,0.0,0,0,6514818,2019-01-27 14:32:21,btc,0.14892131563080768,0.0,0,btc,12533924.99083647,0.0,0.0,36
0.0000000000910103,[],27,[],2019-01-27 14:32:26,1000000.0,9.10103e-19,3.2172232060300004e-23,6514819,2019-01-27 14:32:26,ltc,448.59281329,0.0,0.00000001,"ltc,eth",3710972.58,0.0,9.10103e-13,36
1,[],4,[],2019-01-27 14:34:27,412983.16856648,0.00000143,0.000000000050550643000000005,6514820,2019-01-27 14:34:27,btc,0.5237447664669977,0.0,0.00000143,btc,288431.54398414,0.03217373,0.3627871469754609,37
1,[],12,[],2019-01-27 14:34:28,407450.55357648,0.000001439999999999999977188928391991229460700196796096861362457275390625,0.000000000050904144,6514821,2019-01-27 14:34:28,btc,1330.9673076232555,0.0,0.000001439999999999999977188928391991229460700196796096861362457275390625,btc,804105.66772895,0.1116649916333796,0.2810871200000036,37
1,[],17,[],2019-01-27 14:35:04,1752.74075282,0.00000025,0.000000000008837525,6514822,2019-01-27 14:35:04,btc,0.05548731397077097,0.0,0.00000025,btc,1388.79251806,0.0,0.00043818518820499993,37
1,[],27,[],2019-01-27 14:35:06,3640.0609574,0.00569910,0.00000020146375491000002,6514823,2019-01-27 14:35:06,btc,22.37095737308125,0.0,0.00569910,btc,2948.884381,0.0,0.000368193331273,37
1,[],5,[],2019-01-27 14:14:58,1.149e-05,0.00000095,0.000000000033596655,6514632,2019-01-27 14:14:58,btc,0.16150473,0.18940143,0.00000095,btc,0.00013606,0.0,0.04340422,42
1,[],12,[],2019-01-27 14:14:59,159513.52380952,0.000001269999999999999910766366496839285815667608403600752353668212890625,0.000000000044913422999999995,6514633,2019-01-27 14:14:59,btc,239.88258809327996,0.0,0.000001269999999999999910766366496839285815667608403600752353668212890625,btc,115125.32324478,0.0271641666698792,0.10852196999999571,42
0,[],27,[],2019-01-27 14:15:00,0.0,0,0,6514634,2019-01-27 14:15:00,,0.00315028,0.0,0,"btc,eth",11.007,0.0,0.0,42
1,[],5,[],2019-01-27 14:35:08,3e-08,0.00000002,0.0000000000007070020000000001,6514824,2019-01-27 14:35:08,btc,6.14468671,0.01270357,0.00000002,btc,1.425e-05,0.0,0.51021915,43
1,[],12,[],2019-01-27 14:35:09,6237043.0,0.00000002,0.0000000000007070020000000001,6514825,2019-01-27 14:35:09,btc,20007433.391391665,0.0,0.00000002,btc,40256824.74865134,0.0009050898101901,0.06484242,43
0,[],17,[],2019-01-27 14:35:11,0.0,0,0,6514826,2019-01-27 14:35:11,btc,0.0,0.0,0,btc,0.0,0.0,0.0,43
1,[],12,[],2019-01-27 14:35:12,756632.0,0.00000006,0.000000000002121006,6514827,2019-01-27 14:35:12,btc,11114761.22075101,0.0,0.00000006,btc,960384.43514,0.0011144070829192,0.01992039,44
1,[],4,[],2019-01-27 14:35:13,262006216.90946293,0.00000003,0.000000000001060503,6514828,2019-01-27 14:35:13,btc,0.21884025291744513,0.0,0.00000003,"btc,ltc",6612297.84959688,0.00369,0.5951238103598536,49
0.0000000000910103,[],4,[],2019-01-27 14:35:14,3898139200.212005,1.820206e-18,6.434446412060001e-23,6514829,2019-01-27 14:35:14,ltc,4.994394634346514,0.0,0.00000002,ltc,2118319976.62433,0.0,4.310676317793224e-09,52
0,[],22,[],2019-01-27 14:35:16,0.0,0,0,6514830,2019-01-27 14:35:16,,3693.92043704,0.0,0,,270535069.90882355,0.0,0.0,57
0,[],27,[],2019-01-27 14:35:19,0.0,0,0,6514831,2019-01-27 14:35:19,,0.0,0.0,0,"btc,eth",0.0,0.0,0.0,57
0.0000000000910103,[],4,[],2019-01-27 14:35:19,1472356728.7125683,5.460618e-18,1.9303339236180001e-22,6514832,2019-01-27 14:35:19,ltc,3.3366770141079556,0.0,0.00000006,ltc,1156969710.8058891,0.0,6.499973991603436e-09,58
1,[],12,[],2019-01-27 14:35:20,2772127325.282997,0.0000000006,0.00000000000002121006,6514833,2019-01-27 14:35:20,btc,624074821164.0028,0.0,0.0000000006,btc,3215190197.512587,0.05695717104825174,1.1083373882645633,58
0,[],17,[],2019-01-27 14:35:22,0.0,0,0,6514834,2019-01-27 14:35:22,btc,1e+24,0.0,0,btc,41616695.95832568,0.0,0.0,58
0.0000000001265889,[],22,[],2019-01-27 14:35:26,137438.0,1.2658890000000001e-18,4.4749302738900005e-23,6514835,2019-01-27 14:35:26,XMR,69.8835922,0.0,0.00000001,XMR,9887963.0,0.0,0.00137438,58
1,[],5,[],2019-01-27 14:35:27,4.01e-06,0.00000049,0.000000000017321549,6514836,2019-01-27 14:35:27,btc,0.41985896,0.00282687,0.00000049,btc,0.00010186,0.0,0.02830397,61
1,[],22,[],2019-01-27 14:35:30,5111.5,0.00000011,0.0000000000038885110000000005,6514837,2019-01-27 14:35:30,BTC,1002.29606732,0.0,0.00000011,BTC,15028.700278135757,0.0,0.00051178,61
1,[],26,[],2019-01-27 14:35:31,0.0,0.00000800,0.00000000028280080000000004,6514838,2019-01-27 14:35:31,btc,0.0,0.0,0.00000800,btc,0.0,0.0,0.0,61
0,[],27,[],2019-01-27 14:35:33,0.0,0,0,6514839,2019-01-27 14:35:33,,0.0,0.0,0,"btc,eth",0.0,0.0,0.0,61
1,[],28,[],2019-01-27 14:35:36,1880.304,0.00000022,0.000000000007777022000000001,6514840,2019-01-27 14:35:36,btc,2.065678837430106,851.0,0.00000022,btc,11618.08240005,0.0,0.00016391304,61
1,[],4,[],2019-01-27 14:16:06,1335668.27224499,0.00000191,0.000000000067546959,6514652,2019-01-27 14:16:06,btc,0.7290243195201989,0.0,0.00000191,btc,223362.9694873,0.20090315,0.9988247109299478,67
0.0,[],25,[],2019-01-27 14:16:07,0.0,0,0,6514653,2019-01-27 14:16:07,,0.0,0.0,0.0,btc,0.0,0.0,0.0,67
1,[],12,[],2019-01-27 14:35:52,2841693.4126984198,0.00000008,0.0000000000028280080000000002,6514841,2019-01-27 14:35:52,btc,16893709.201136064,0.0,0.00000008,btc,2062347.72498609,0.0138066551992535,0.07113985888888939,71
,[],5,[],2018-11-20 23:02:39,1.5e-07,0.00000005,0.000000000002128045,4862160,2018-11-20 23:02:39,btc,2.84511358,0.0,,btc,0.00036572,0.0,0.07381892,74
1,[],5,[],2019-01-25 15:53:51,3.303e-05,0.00000156,0.000000000055588884,6499610,2019-01-25 15:53:51,btc,1.42844212,0.0,0.00000156,btc,0.00015937,0.0,0.49487621,75
1,[],4,[],2019-01-27 14:35:57,63482976.34002812,0.00000001,0.00000000000035350100000000003,6514842,2019-01-27 14:35:57,btc,0.822704141069356,0.0,0.00000001,btc,16012866.74301408,0.0,0.6348297634002812,81
0,[],20,[],2019-01-25 09:30:31,0.0,0,0,6495923,2019-01-25 09:30:31,btc,0.0,0.0,0,btc,0.0,0.0,0.0,81
1,[],4,[],2019-01-27 14:16:38,23794.31383474,0.00007751,0.0000000027411333989999997,6514656,2019-01-27 14:16:38,btc,1.3539355244199758,0.0,0.00007751,btc,11872.59736894,0.01239274,0.0892862708653961,82
1,[],21,[],2019-01-27 14:16:39,77355.88306368,0.00008134000000000000387898047016,0.0000000028765809660000002,6514657,2019-01-27 14:16:39,btc,4.017173356918943,3978.54562391,0.0000813400000000000038789804701622188076726160943508148193359375,btc,45553.05184442,0.32425255,4.792176055318698,82
0,[],17,[],2019-01-27 13:19:43,0.0,0,0,6514458,2019-01-27 13:19:43,btc,0.0447233088476774,0.0,0,btc,999127.19588126,0.0,0.0,84
0.0000000000910103,[],4,[],2019-01-27 14:35:58,139911426.80212063,1.3651545e-17,4.825834809045e-22,6514843,2019-01-27 14:35:58,ltc,0.1975418251823167,0.0,0.00000015,ltc,77949242.85509875,0.0,1.400111234571183e-09,85
,[],22,[],2018-11-20 23:09:34,3408.1,0.0000001,0.0000000000041895,4862324,2018-11-20 23:09:34,BTC,0.04624735,0.0,,BTC,4990.0,0.0,0.00033081,86
0,[],22,[],2019-01-27 12:16:57,0.0,0,0,6514258,2019-01-27 12:16:57,,2.07810912,0.0,0,,154826.94736842104,0.0,0.0,87
0,[],27,[],2019-01-27 12:16:59,0.0,0,0,6514259,2019-01-27 12:16:59,,0.0,0.0,0,btc,0.0,0.0,0.0,87
,[],2,[],2018-11-20 23:10:47,0.0,0,0,4862359,2018-11-20 23:10:47,,0.0,0.0,,,0.0,0.0,0.0,88
1,[],11,[],2019-01-27 14:16:44,106728.7288849,0.0001931500000000000057120974616964304004795849323272705078125,0.000000006830730435,6514659,2019-01-27 14:16:44,btc,235.45660164801154,365.75204,0.0001931500000000000057120974616964304004795849323272705078125,btc,183895.35881429,0.0,8.673337070360303,89
0,[],2,[],2019-01-20 23:31:45,0.0,0,0,6477083,2019-01-20 23:31:45,,0.0,0.0,0,,0.0,0.0,0.0,91
1,[],12,[],2019-01-27 14:16:47,280047.58708570997,0.00000332999999999999988107494790223750413815650972537696361541748046875,0.000000000117765117,6514660,2019-01-27 14:16:47,btc,1.7527174474784741,0.0,0.00000332999999999999988107494790223750413815650972537696361541748046875,btc,3392.71816906,0.3450275371457117,0.1535755696999527,91
0,[],17,[],2019-01-27 14:16:48,0.0,0,0,6514661,2019-01-27 14:16:48,btc,0.0,0.0,0,btc,0.0,0.0,0.0,91
0.0000000000910103,[],22,[],2019-01-27 14:36:05,33781858.0,5.460618e-18,1.9303339236180001e-22,6514844,2019-01-27 14:36:05,LTC,8.95901495,0.0,0.00000006,LTC,75270634.1,2.94820586026e-13,1.31889787,95
0.0000000000912224,[],4,[],2019-01-27 14:16:53,132681832.97119097,9.9432416e-17,3.5164174485984e-21,6514663,2019-01-27 14:16:53,ltc,1.3169577899267932,0.0,0.00000109,ltc,66688532.87417555,0.0001573,6.704038192897405e-10,96
1,[],12,[],2019-01-27 14:16:55,1204135.0,0.00000001,0.000000000000353649,6514664,2019-01-27 14:16:55,btc,255060.86358912085,0.0,0.00000001,btc,7848186.59471504,2.2894405594e-06,0.012041350000000001,96
0,[],17,[],2019-01-27 14:16:56,0.0,0,0,6514665,2019-01-27 14:16:56,btc,0.0,0.0,0,btc,0.0,0.0,0.0,96
1,[],4,[],2019-01-27 14:16:57,1581329.27341897,0.00000041,0.000000000014499608999999999,6514666,2019-01-27 14:16:57,btc,0.2954041516025423,0.0,0.00000041,btc,454352.32412433,0.00397519,0.1762282938136682,99
0,[],2,[],2019-01-20 23:23:55,0.0,0,0,6476914,2019-01-20 23:23:55,,0.0,0.0,0,,0.0,0.0,0.0,100
1,[],4,[],2019-01-27 14:36:06,140308.91442565,0.00004220,0.00000000149177422,6514845,2019-01-27 14:36:06,btc,1.518448932482916,0.0,0.00004220,btc,28123.76157286,2.54532029,3.387947823788449,100
1,[],22,[],2019-01-27 14:36:17,50000.0,0.00000001,0.00000000000035350100000000003,6514846,2019-01-27 14:36:17,BTC,23.49896609,0.0,0.00000001,BTC,10277.22,0.0,0.0005,101
1,[],4,[],2019-01-27 14:17:03,439205.31659647,0.00000085,0.000000000030060164999999996,6514669,2019-01-27 14:17:03,btc,0.3985072079375937,0.0,0.00000085,btc,148624.10491638,0.05795803,0.1607178289546681,103
0,[],22,[],2019-01-27 14:36:19,0.0,0,0,6514847,2019-01-27 14:36:19,,1.07253299,0.0,0,,94300.0,0.0,0.0,107
1,[],26,[],2019-01-27 14:36:19,0.0,0.00000000,0,6514848,2019-01-27 14:36:19,btc,0.0,0.0,0.00000000,btc,0.0,0.0,0.0,107
1,[],5,[],2019-01-27 14:36:27,3e-08,0.00000002,0.0000000000007070020000000001,6514849,2019-01-27 14:36:27,btc,3.23488204,0.02196071,0.00000002,btc,1.589e-05,0.0,0.07012629,112
1,[],22,[],2019-01-27 14:36:33,77952.0,0.00000001,0.00000000000035350100000000003,6514850,2019-01-27 14:36:33,BTC,2.84243449,0.0,0.00000001,BTC,977103.5833333334,0.0,0.00077952,112
0,[],27,[],2019-01-27 14:37:46,0.0,0,0,6514851,2019-01-27 14:37:46,,1.25356065,0.0,0,"btc,eth",1328.0,0.0,0.0,112
1,[],4,[],2019-01-27 14:37:54,436939.48491725,0.00000470,0.00000000016614547000000002,6514852,2019-01-27 14:37:54,btc,0.4299728991159582,0.0,0.00000470,btc,60248.20519555,0.79452291,0.3886443072255885,113
1,[],5,[],2019-01-27 14:38:03,2.862e-05,0.00000458,0.00000000016190345800000002,6514853,2019-01-27 14:38:03,btc,2.16102834,0.01282467,0.00000458,btc,0.00310015,0.0,0.22878647,113
1,[],17,[],2019-01-27 14:38:05,233369.0,0.00000004,0.0000000000014140040000000001,6514854,2019-01-27 14:38:05,btc,1.3376290575861098,0.0,0.00000004,btc,72546.975,0.0,0.00543476,116
0,[],27,[],2019-01-27 14:38:08,0.0,0,0,6514855,2019-01-27 14:38:08,,0.0,0.0,0,btc,0.0,0.0,0.0,116
1,[],4,[],2019-01-27 14:17:36,22509.34552971,0.00002722,0.000000000962632578,6514679,2019-01-27 14:17:36,btc,0.3513701101540624,0.0,0.00002722,btc,9708.20565505,1.80497384,0.4529512025943321,120
1,[],7,[],2019-01-27 14:18:49,2233.76536701,0.000021019999999999998646464660634336496514151804149150848388671875,0.000000000743370198,6514680,2019-01-27 14:18:49,btc,94.9986501653795,56.95922997,0.000021019999999999998646464660634336496514151804149150848388671875,btc,25372.754457439998,0.00131048,0.022328140431963,120
1,[],20,[],2019-01-27 14:18:51,1202438.9088,0.000000013,0.0000000000004597436999999999,6514681,2019-01-27 14:18:51,btc,31.4012428467274,9548.95,0.000000013,btc,1096701.7964,0.00012413635,0.0066756954106,125
1,[],22,[],2019-01-27 14:18:55,68433.0,0.00000001,0.000000000000353649,6514682,2019-01-27 14:18:55,BTC,0.01415863,0.0,0.00000001,BTC,293039.4,0.0,0.00068433,126
0,[],2,[],2019-01-20 23:25:46,0.0,0,0,6476969,2019-01-20 23:25:46,,0.0,0.0,0,,0.0,0.0,0.0,131
1,[],4,[],2019-01-27 14:18:56,143675.80072291,0.00001301,0.000000000460097349,6514683,2019-01-27 14:18:56,btc,0.6383801534819687,0.0,0.00001301,btc,33498.72468285,0.2755737,1.158937852856848,131
0,[],17,[],2019-01-27 14:18:58,0.0,0,0,6514684,2019-01-27 14:18:58,btc,0.0008451375975800001,0.0,0,btc,30.89614684,0.0,0.0,131
1,[],4,[],2019-01-27 14:18:59,6068.58467314,0.00020412,0.000000007218683388,6514685,2019-01-27 14:18:59,btc,1.6271909686444752,0.0,0.00020412,btc,207.22768463,0.0009336,0.0118803535436565,135
1,[],3,[],2019-01-27 14:19:00,660431.72606226,0.00000016,0.000000000005658384,6514686,2019-01-27 14:19:00,btc,0.2675339401580359,940781.424443,0.00000016,btc,314347.35089978,0.0,0.025619826843611,136
1,[],12,[],2019-01-27 14:19:03,301115.43448539,0.0000018500000000000000751026844880708921436962555162608623504638671875,0.000000000065425065,6514688,2019-01-27 14:19:03,btc,11798.819652156752,0.0,0.0000018500000000000000751026844880708921436962555162608623504638671875,btc,131567.26663232,0.0753024383496432,0.0347467360000076,137
1,[],4,[],2019-01-27 14:19:02,176500.79937696,0.00000184,0.00000000006507141599999999,6514687,2019-01-27 14:19:02,btc,0.4583747622678453,0.0,0.00000184,btc,182446.01037445,0.05768896,0.2640129475776502,137
1,[],5,[],2019-01-27 14:38:09,0.00115933,0.00003603,0.000000001273664103,6514856,2019-01-27 14:38:09,btc,6.3960796,1.5177858,0.00003603,btc,0.00215323,0.0,1.19492825,142
1,[],17,[],2019-01-27 14:38:12,12500.0,0.0000001,0.0000000000035350100000000003,6514857,2019-01-27 14:38:12,btc,0.680950003986246,0.0,0.0000001,btc,5932.0,0.0,0.00125,142
1,[],20,[],2019-01-27 14:38:13,155424.038,0.00002513,0.0000000008883480130000001,6514858,2019-01-27 14:38:13,btc,2.505256605,5.5264,0.00002513,btc,5104.1321,0.000242803954,0.2608503952618,142
1,[],22,[],2019-01-27 14:38:18,990.0,0.00001880,0.0000000006645818800000001,6514859,2019-01-27 14:38:18,BTC,0.00069415,0.0,0.00001880,BTC,9.0,0.0,0.00022106,142
0.0,[],25,[],2019-01-27 14:38:19,0.0,0,0,6514860,2019-01-27 14:38:19,,0.0,0.0,0.0,btc,0.0,0.0,0.0,142
1,[],28,[],2019-01-27 14:39:33,78844.032,0.00003150,0.00000000111352815,6514861,2019-01-27 14:39:33,btc,0.12755850002,49501.0,0.00003150,btc,2509.998,0.0,0.03726670576,142
0,[],22,[],2019-01-25 15:57:33,0.0,0,0,6499726,2019-01-25 15:57:33,,59.04258297,0.0,0,,718491265.8,0.0,0.0,143
1,[],21,[],2019-01-27 14:19:32,46399287.66660375,0.0000003,0.000000000010609469999999999,6514695,2019-01-27 14:19:32,btc,34.37119381821307,1187961.97712183,0.0000003,btc,64017155.14082208,0.35679318,8.413153189519644,145
0,[],22,[],2019-01-27 14:19:37,0.0,0,0,6514696,2019-01-27 14:19:37,,4.31668284,0.0,0,,1427838.5,0.0,0.0,146
,[],22,[],2018-11-20 23:01:11,0.0,0,0,4862114,2018-11-20 23:01:11,,2.56807021,0.0,,,61828.4988236,0.0,0.0,147
1,[],12,[],2019-01-27 14:19:41,8702749.14907457,0.0000032600000000000001277645524100368135123062529601156711578369140625,0.000000000115289574,6514697,2019-01-27 14:19:41,btc,17.0730065997309,0.0,0.0000032600000000000001277645524100368135123062529601156711578369140625,btc,111164.72407238,0.0,0.1238382299999838,148
1,[],4,[],2019-01-27 14:19:42,2370044.92688809,0.00000025,0.000000000008841225,6514698,2019-01-27 14:19:42,btc,0.6759588744566633,0.0,0.00000025,btc,495207.24350891,0.02766225,0.0731616496610416,152
0,[],22,[],2019-01-27 14:19:45,0.0,0,0,6514699,2019-01-27 14:19:45,,0.0,0.0,0,,0.0,0.0,0.0,152
1,[],5,[],2019-01-27 14:19:46,0.0,0,0,6514700,2019-01-27 14:19:46,btc,4.34745839,0.0,0,btc,0.00161275,0.0,0.0,153
,[],16,[],2019-01-11 15:38:59,0.0,0,0,6366141,2019-01-11 15:38:59,btc,0.0,0.0,,btc,0.0,0.0,0.0,155
0,[],22,[],2019-01-27 14:20:57,0.0,0,0,6514701,2019-01-27 14:20:57,,6.73088821,0.0,0,,4341761.742592593,0.0,0.0,156
0,[],23,[],2019-01-20 23:24:29,0.0,0,0,6476932,2019-01-20 23:24:29,,0.0,0.0,0,,0.0,0.0,0.0,156
1,[],22,[],2019-01-27 14:21:01,7906.0,0.00000801,0.000000000283272849,6514702,2019-01-27 14:21:01,BTC,43.78612537,0.0,0.00000801,BTC,1033.584498154164,0.0,0.00743836,157
0,[],22,[],2019-01-27 14:21:11,0.0,0,0,6514703,2019-01-27 14:21:11,,50175.6753658,0.0,0,,54007107.04179466,0.0,0.0,158
,[],17,[],2018-11-20 22:56:10,0.0,0,0,4861976,2018-11-20 22:56:10,btc,1.1265625,0.0,,btc,1000.0,0.0,0.0,159
,[],20,[],2018-11-20 22:56:12,0.0,0,0,4861977,2018-11-20 22:56:12,btc,11912.7940471,0.0,,btc,34413894.3617,0.0,0.0,159
1,[],12,[],2019-01-27 14:21:15,196143.58068965,0.000010890000000000000767168446824673111450465512461960315704345703125,0.000000000385123761,6514704,2019-01-27 14:21:15,btc,6.652223960918228,0.0,0.000010890000000000000767168446824673111450465512461960315704345703125,btc,14023.52908934,0.0015244089,0.1039293999999625,168
1,[],17,[],2019-01-27 14:21:18,29784.95,0.000001,0.0000000000353649,6514705,2019-01-27 14:21:18,btc,0.0353989844335,0.0,0.000001,btc,196.82520268,0.0,0.00716147,168
1,[],22,[],2019-01-27 14:21:27,1433447.0,0.00000001,0.000000000000353649,6514706,2019-01-27 14:21:27,BTC,1.13380276,0.0,0.00000001,BTC,689102.5537281231,1e-07,0.01433447,169
1,[],22,[],2019-01-27 14:21:33,79743.42857142857,0.00000035,0.000000000012377715,6514707,2019-01-27 14:21:33,BTC,2.46358162,0.0,0.00000035,BTC,53989.56106516291,0.00041128,0.0163302,171
1,[],22,[],2019-01-27 14:21:43,183607.8245614035,0.00000019,0.0000000000067193309999999996,6514708,2019-01-27 14:21:43,BTC,2.82530636,0.0,0.00000019,BTC,237216.95065401116,0.00361383,0.01008028,173
1,[],5,[],2019-01-27 14:21:46,6.737e-05,0.00000434,0.000000000153483666,6514709,2019-01-27 14:21:46,btc,0.41147412,0.00261268,0.00000434,btc,0.00036506,0.0,0.83492912,175
1,[],22,[],2019-01-27 14:21:56,53551.0,0.00000131,0.000000000046328019,6514710,2019-01-27 14:21:56,BTC,0.55831833,0.0,0.00000131,BTC,110600.51379872746,0.0,0.04645228,176
1,[],7,[],2019-01-27 14:22:16,0.0,0,0,6514711,2019-01-27 14:22:16,btc,10967.435905417888,0.0,0,btc,122071837.87976141,0.0,0.0,178
0,[],22,[],2019-01-27 14:22:26,0.0,0,0,6514712,2019-01-27 14:22:26,,1.00242428,0.0,0,,57512.0,0.0,0.0,178
0,[],2,[],2019-01-20 23:28:34,0.0,0,0,6477001,2019-01-20 23:28:34,,0.0,0.0,0,,0.0,0.0,0.0,178
1,[],5,[],2019-01-27 14:23:32,6e-08,0.00000003,0.000000000001060947,6514713,2019-01-27 14:23:32,btc,15.86632166,0.26664689,0.00000003,btc,2.285e-05,0.0,1.4929475,179
1,[],22,[],2019-01-27 14:23:45,9530710.0,0.00000002,0.000000000000707298,6514714,2019-01-27 14:23:45,BTC,5.47350882,0.0,0.00000002,"BTC,LTC",16474169.651989967,0.00119341,1.39721404,179
0,[],23,[],2019-01-20 23:25:08,0.0,0,0,6476952,2019-01-20 23:25:08,,0.0,0.0,0,,0.0,0.0,0.0,179
1,[],17,[],2019-01-27 14:23:47,10504.725,0.0000001,0.0000000000035364899999999996,6514715,2019-01-27 14:23:47,btc,5.206877489878103,0.0,0.0000001,btc,7465.6174587,0.0,0.0010504725,180
1,[],22,[],2019-01-27 14:23:51,1008.2322580645161,0.00000031,0.000000000010963119,6514716,2019-01-27 14:23:51,BTC,0.09445503,0.0,0.00000031,"BTC,LTC",15554.485926850179,0.00034493000000001645,0.00026127,180
1,[],26,[],2019-01-27 14:23:51,0.0,0.00000020,0.00000000000707298,6514717,2019-01-27 14:23:51,btc,0.0,8124.0,0.00000020,btc,0.0,0.0,0.0,180
,[],7,[],2018-11-20 22:58:01,562227.975654,0.00000085,0.000000000036176765,4862015,2018-11-20 22:58:01,btc,21836.6059674,2491.87645172,,btc,749999.041456,0.00211021,0.127565380455,183
,[],5,[],2019-01-10 08:11:41,0.0,0,0,6347036,2019-01-10 08:11:41,btc,82.15055501,0.00261,,btc,1.19002445,0.0,0.0,187
1,[],24,[],2019-01-27 14:23:51,0.0,0.000000000001,3.5364899999999996e-17,6514718,2019-01-27 14:23:51,btc,0.0,0.0,0.000000000001,btc,0.0,0.0,0.0,187
,[],17,[],2018-11-16 20:58:10,4062536.27273,0.00000001,0.000000000000550501,4708775,2018-11-16 20:58:10,btc,3.36492563466,0.195460381006,,"btc,eth",110697919.549,0.0,0.0157628953496,187
0,[],22,[],2019-01-27 14:23:59,0.0,0,0,6514719,2019-01-27 14:23:59,,1.19411237,0.0,0,,13949.956201072173,0.0,0.0,191
0,[],22,[],2019-01-27 14:24:28,0.0,0,0,6514720,2019-01-27 14:24:28,,0.0,0.0,0,,0.0,0.0,0.0,197
0,[],23,[],2019-01-20 23:31:41,0.0,0,0,6477079,2019-01-20 23:31:41,,0.0,0.0,0,,0.0,0.0,0.0,199
1,[],26,[],2019-01-27 14:24:28,0.0,0.00000000,0,6514721,2019-01-27 14:24:28,btc,0.0,732239.0,0.00000000,btc,0.0,0.0,0.0,199
0,[],17,[],2019-01-27 14:24:31,0.0,0,0,6514722,2019-01-27 14:24:31,btc,6.80254416382729,0.0,0,btc,105897.55575295,0.0,0.0,200
0,[],2,[],2019-01-20 23:30:49,0.0,0,0,6477059,2019-01-20 23:30:49,,0.0,0.0,0,,0.0,0.0,0.0,201
1,[],4,[],2019-01-25 15:51:35,2084389.58565343,0.00000936,0.000000000333526752,6499557,2019-01-25 15:51:35,btc,2.0092503037378524,0.0,0.00000936,btc,160195.80207885,0.19272417,1.242687955921835,211
1,[],7,[],2019-01-27 14:24:52,18982140.46748586,0.00000119000000000000004144145963891343598106686840765178203582763671875,0.000000000042084231,6514723,2019-01-27 14:24:52,btc,16317790.179027686,149715.106664,0.00000119000000000000004144145963891343598106686840765178203582763671875,btc,12714294.64395876,0.0,8.91579952155482,212
1,[],5,[],2019-01-27 14:25:00,5.84e-06,0.00000037,0.000000000013085012999999999,6514724,2019-01-27 14:25:00,btc,0.9395771,0.16767159,0.00000037,btc,3.278e-05,0.0,0.3510551,213
1,[],24,[],2019-01-27 14:25:00,0.0,0.000000050000,0.000000000001768245,6514725,2019-01-27 14:25:00,btc,0.0,0.0,0.000000050000,btc,0.0,0.0,0.0,213
1,[],26,[],2019-01-27 14:25:01,0.0,0.00000003,0.000000000001060947,6514726,2019-01-27 14:25:01,btc,0.0,0.0,0.00000003,btc,0.0,0.0,0.0,213
1,[],12,[],2019-01-25 02:44:32,207462.42853209,0.000001080000000000000035831255497387193287295303889550268650054931640625,0.000000000038610756000000006,6493050,2019-01-25 02:44:32,btc,85023.03793723314,0.0,0.000001080000000000000035831255497387193287295303889550268650054931640625,btc,43675.73520027,0.000146250909087,0.0348620860622024,213
1,[],22,[],2019-01-27 14:25:23,281400.0,0.00000002,0.000000000000707298,6514727,2019-01-27 14:25:23,BTC,70.21701544,0.0,0.00000002,BTC,206523.63907173084,0.00113008,0.004814,216
1,[],27,[],2019-01-27 14:25:25,5077945.0,0.00000015,0.0000000000053047349999999994,6514728,2019-01-27 14:25:25,btc,619.87938651916,0.0,0.00000015,"btc,ltc",268416.09411,0.0,0.0525075,216
1,[],22,[],2019-01-27 14:25:29,294611.8247499803,0.00000235,0.00000000008310751499999999,6514729,2019-01-27 14:25:29,BTC,12677.80168486,0.0,0.00000235,BTC,341212.45754841436,0.01606831,0.41832822,217
1,[],7,[],2019-01-27 14:25:30,0.0,0,0,6514730,2019-01-27 14:25:30,btc,302.5943166391106,0.0,0,btc,135640320.6214003,0.0,0.0,219
0,[],27,[],2019-01-27 14:25:31,0.0,0,0,6514731,2019-01-27 14:25:31,,0.0747309448198,0.0,0,btc,1605140.29226592,0.0,0.0,219
0.0000000000000057,[],28,[],2019-01-27 14:25:37,203946286.198,2.280057e-18,8.063398779930001e-23,6514732,2019-01-27 14:25:37,doge,79804.0288717675,13981.0,0.00040001,"btc,doge",4119437.84751,0.0,1.7457468128990508e-11,219
1,[],22,[],2019-01-27 14:25:48,214172.0,0.00000085,0.000000000030060164999999996,6514733,2019-01-27 14:25:48,BTC,2.09115983,0.0,0.00000085,BTC,22065.55212317522,0.000816,0.02969939,221
1,[],24,[],2019-01-27 14:25:48,0.0,0.000000550000,0.000000000019450695,6514734,2019-01-27 14:25:48,btc,0.0,0.0,0.000000550000,btc,0.0,0.0,0.0,221
1,[],26,[],2019-01-27 14:25:48,0.0,0.00000002,0.000000000000707298,6514735,2019-01-27 14:25:48,btc,0.0,10882.0,0.00000002,btc,0.0,0.0,0.0,231
1,[],26,[],2019-01-27 14:25:48,0.0,0.00000004,0.000000000001414596,6514736,2019-01-27 14:25:48,btc,0.0,0.0,0.00000004,btc,0.0,0.0,0.0,234
0,[],27,[],2019-01-27 14:25:50,0.0,0,0,6514737,2019-01-27 14:25:50,,0.001146299618,0.0,0,"btc,eth",11462.99618,0.0,0.0,234
0.00000000009105230000000001,[],22,[],2019-01-27 13:28:13,8895864.0,9.10523e-19,3.2246718358800005e-23,6514538,2019-01-27 13:28:13,LTC,3.01368808,0.0,0.00000001,LTC,91422715.51349206,1.8248119231280003e-12,0.08895864,235
1,[],4,[],2019-01-27 14:25:51,640045.35171991,0.00000095,0.000000000033596655,6514738,2019-01-27 14:25:51,btc,0.1179441806756336,0.0,0.00000095,btc,98425.70893152,0.10829658,0.1388906242595935,236
1,[],24,[],2019-01-27 14:25:51,0.0,0.000000010000,0.000000000000353649,6514739,2019-01-27 14:25:51,btc,0.0,511.27656,0.000000010000,btc,0.0,0.00055729,0.0,236
1,[],20,[],2019-01-27 14:25:53,32439396.772,0.000000068,0.0000000000024048132,6514740,2019-01-27 14:25:53,btc,14.4421395678002,24100838.4224,0.000000068,btc,26261943.7881,1.6338347218795,0.4812488993965,237
0,[],22,[],2019-01-27 14:26:12,0.0,0,0,6514741,2019-01-27 14:26:12,,0.04083605,0.0,0,,4179.0,0.0,0.0,237
1,[],4,[],2019-01-27 14:26:13,5822122.12424059,0.00000030,0.000000000010609469999999999,6514742,2019-01-27 14:26:13,btc,0.568940608850402,0.0,0.00000030,btc,1696059.68804847,0.32595493,1.4570324154857062,238
1,[],5,[],2019-01-27 14:26:14,3.64e-06,0.00000031,0.000000000010963119,6514743,2019-01-27 14:26:14,btc,0.69811842,0.00757591,0.00000031,btc,2.855e-05,0.0,0.1809956,238
1,[],22,[],2019-01-27 08:28:12,280460.25,0.00000005,0.00000000000178011,6513441,2019-01-27 08:28:12,BTC,15.41149618,0.0,0.00000005,BTC,244813.3382079636,0.00099017,0.00947456,249
0.0000000000912224,[],22,[],2019-01-27 14:26:18,2565300.8,4.5611200000000006e-18,1.61303552688e-22,6514744,2019-01-27 14:26:18,LTC,0.62013646,0.0,0.00000005,LTC,14774943.845555555,0.0,0.05186212,252
1,[],28,[],2019-01-27 14:26:30,2037349.213,0.00000008,0.000000000002829192,6514745,2019-01-27 14:26:30,btc,164692.83404779495,2150.0,0.00000008,btc,1237558.2807,0.0,0.07476567991,256
0,[],27,[],2019-01-27 14:26:33,0.0,0,0,6514746,2019-01-27 14:26:33,,4.96668,0.0,0,"btc,eth",90.59,0.0,0.0,257
1,[],22,[],2019-01-27 14:27:02,49104.0,0.00000001,0.000000000000353649,6514747,2019-01-27 14:27:02,BTC,35605.69058529,0.0,0.00000001,BTC,746201.1910213444,4.462e-05,0.00049104,258
1,[],22,[],2019-01-26 20:58:41,368451.0,0.00000001,0.000000000000356135,6510120,2019-01-26 20:58:41,BTC,2.642917,0.0,0.00000001,"BTC,LTC",1862.0,0.0,0.02488451,259
1,[],22,[],2019-01-27 14:27:15,5391.272,0.00000750,0.00000000026523675,6514748,2019-01-27 14:27:15,BTC,4.68596158,0.0,0.00000750,BTC,6005.351428571428,0.00048887,0.0243694,262
1,[],5,[],2019-01-27 14:27:25,5.326e-05,0.00000255,0.000000000090180495,6514749,2019-01-27 14:27:25,btc,67781.61311794,0.3078416,0.00000255,btc,11111.11518218,0.0,0.24983019,264
1,[],20,[],2019-01-27 14:27:26,1769839.0599,0.0000038,0.00000000013438662,6514750,2019-01-27 14:27:26,btc,5.2479475949357,73230.4038,0.0000038,btc,102510.995,0.283507317274,0.01973867233,264
1,[],22,[],2019-01-27 14:27:30,163105.0,0.00000003,0.000000000001060947,6514751,2019-01-27 14:27:30,BTC,11.06000688,0.0,0.00000003,BTC,224393.3801039501,6.05e-05,0.00389749,271
0,[],22,[],2019-01-27 14:27:32,0.0,0,0,6514752,2019-01-27 14:27:32,,242.59396368,0.0,0,,12792025291.9,0.0,0.0,272
0.0000000000000057,[],28,[],2019-01-27 14:27:36,371887471613.0,5.0730000000000006e-21,1.794061377e-25,6514753,2019-01-27 14:27:36,doge,21990346.035467267,13653058955.731,0.00000089,doge,131337643004.6664,0.0,1.009477886465109e-09,272
