pairValue,buyBook,exchangeId,sellBook,updated,buyTotal,satoshiPrice,usdPrice,exchangeLogId,created,bestPair,sellTotalBtc,volume,pairPrice,activePairs,sellTotal,volumeBtc,buyTotalBtc,coinId
1,[],4,[],2019-05-07 23:22:53,207734.23799226,0.01131186,0.0000006708000851160001,7574672,2019-05-07 23:22:53,btc,9.011541125718098,0.0,0.01131186,btc,395.3798913,2.82294616,0.5521633732542396,1
1,[],5,[],2019-05-07 23:22:55,0.0,0,0,7574673,2019-05-07 23:22:55,btc,0.0,0.03525084,0,btc,0.0,0.0,0.0,1
1,[],10,[],2019-05-07 23:22:57,185020.29929845,0.00997348,0.0000005914333480880001,7574674,2019-05-07 23:22:57,btc,6524.859680068318,1182.35716569,0.00997348,btc,1439.05530571,0.0,4.014925787058582,1
1,[],12,[],2019-05-07 23:23:01,69.50696755,0.011220000000000000806021915877863648347556591033935546875,0.0000006653527320000001,7574675,2019-05-07 23:23:01,btc,0.2264035603051,0.0,0.011220000000000000806021915877863648347556591033935546875,btc,16.40085609,0.1919596577652,0.2584054595473,1
1,[],20,[],2019-05-07 23:23:03,975.4964,0.010710352,0.0000006351302998112,7574676,2019-05-07 23:23:03,btc,0.0780257583437,0.0279,0.010710352,btc,5.1375,0.0003417546375,0.1768946990338,1
1,[],21,[],2019-05-07 23:23:04,1990.40963085,0.01125113999999999975232256588,0.0000006671993526840001,7574677,2019-05-07 23:23:04,btc,14.835346983672249,8771.02684621,0.011251139999999999752322565882423077709972858428955078125,"btc,eth",1769.49935861,37.49856821024768,13.208683932887322,1
0,[],22,[],2019-05-07 23:23:07,0.0,0,0,7574678,2019-05-07 23:23:07,,0.3163308,0.0,0,,0.2527518593615956,0.0,0.0,1
1,[],24,[],2019-05-07 23:23:07,0.0,0.000000000000,0,7574679,2019-05-07 23:23:07,btc,0.0,0.0,0.000000000000,btc,0.0,0.0,0.0,1
0.0,[],25,[],2019-05-07 23:23:08,0.0,0,0,7574680,2019-05-07 23:23:08,btc,17.999999999416993,473.76527869,0.0,btc,1569.60406934,5.462,0.0,1
1,[],26,[],2019-05-07 23:23:10,0.0,0,0,7574681,2019-05-07 23:23:10,,0.0,0.0,0,,0.0,0.0,0.0,1
1,[],28,[],2019-05-07 23:23:12,987.9,0.01131000,0.0000006706897860000001,7574682,2019-05-07 23:23:12,btc,0.160832048,362416.2,0.01131000,btc,8.7307,0.0,0.024551096,1
0,[],2,[],2019-01-20 23:28:45,0.0,0,0,6477011,2019-01-20 23:28:45,,0.0,0.0,0,,0.0,0.0,0.0,1
1,[],3,[],2019-05-07 23:07:41,30880.344402124156,0.011554399999999999393285321502844453789293766021728515625,0.00000068554103904,7574518,2019-05-07 23:07:41,btc,8.667209455881656,15.2872598019,0.011554399999999999393285321502844453789293766021728515625,btc,26.843179461373,0.0,0.28915026965437557,1
1,[],5,[],2019-05-07 23:23:13,0.0,0,0,7574683,2019-05-07 23:23:13,btc,0.0,0.0650156,0,btc,0.0,0.0,0.0,2
1,[],22,[],2019-05-07 23:23:17,9148.0,0.00000001,0.000000000000593006,7574684,2019-05-07 23:23:17,BTC,21.00846647,0.0,0.00000001,"BTC,XMR",24148.96059725142,0.0,0.00095635,2
1,[],5,[],2019-05-07 23:23:18,0.0,0,0,7574685,2019-05-07 23:23:18,btc,0.0,0.22536142,0,btc,0.0,0.0,0.0,3
1,[],12,[],2019-05-07 23:23:20,2533760.85614287,0.000000159,0.000000000009428795400000001,7574686,2019-05-07 23:23:20,btc,2714596.613652501,0.0,0.000000159,btc,3868683.56137482,0.05836486598059107,0.28160343615897165,3
0,[],28,[],2019-05-07 23:23:22,0.0,0,0,7574687,2019-05-07 23:23:22,,0.0,0.0,0,,0.0,0.0,0.0,3
0,[],2,[],2019-01-20 23:31:32,0.0,0,0,6477077,2019-01-20 23:31:32,,0.0,0.0,0,,0.0,0.0,0.0,4
1,[],4,[],2019-04-26 19:14:12,610911.70993152,0.00000026,0.000000000013566046,7471614,2019-04-26 19:14:12,btc,31.457742656463164,0.0,0.00000026,btc,718733.71307795,0.00142695,0.0638464483338706,4
0,[],12,[],2019-04-25 23:08:22,0.0,0,0,7459310,2019-04-25 23:08:22,btc,1111851.94727753,0.0,0,btc,953412.0,0.0,0.0,5
0,[],2,[],2019-01-20 23:31:51,0.0,0,0,6477087,2019-01-20 23:31:51,,0.0,0.0,0,,0.0,0.0,0.0,6
1,[],11,[],2019-05-07 23:23:24,5064415.307535999,0.00000001,0.000000000000593006,7574688,2019-05-07 23:23:24,btc,9576.542781859494,717767.0,0.00000001,btc,47218201.75253575,0.0,0.05064415307536,6
1,[],3,[],2019-05-07 23:23:26,11069.9862241103,0.00017007000000000000307191772019876907506841234862804412841796875,0.000000010085253042000002,7574689,2019-05-07 23:23:26,btc,20.98437798720417,42.9438395808,0.00017007000000000000307191772019876907506841234862804412841796875,btc,316.713226454214,0.0,0.029174076622096125,7
1,[],4,[],2019-05-07 23:23:27,38838.07206374,0.00018705,0.00000001109217723,7574690,2019-05-07 23:23:27,btc,8.562880693629433,0.0,0.00018705,btc,36497.67537448,4.28702087,3.3018732684257417,7
1,[],5,[],2019-05-07 23:23:29,0.0,0,0,7574691,2019-05-07 23:23:29,btc,0.0,0.20569163,0,btc,0.0,0.0,0.0,7
1,[],20,[],2019-04-07 22:06:50,3201475.0482,0.000000001,0.000000000000051590000000000004,7213932,2019-04-07 22:06:50,btc,30.8005781811902,0.0,0.000000001,btc,23077405.3926,0.0,0.0032014750482,8
0,[],2,[],2019-01-20 23:22:42,0.0,0,0,6476876,2019-01-20 23:22:42,,0.0,0.0,0,,0.0,0.0,0.0,9
0,[],23,[],2019-01-20 23:22:48,0.0,0,0,6476878,2019-01-20 23:22:48,,0.0,0.0,0,,0.0,0.0,0.0,9
1,[],4,[],2019-05-07 23:23:31,20364948.70279592,0.00000082,0.000000000048626492,7574692,2019-05-07 23:23:31,btc,4.737553489409691,0.0,0.00000082,btc,3552746.18264777,0.57944954,0.9619688185826851,9
1,[],28,[],2019-05-07 23:23:33,18055.0,0.00000021,0.000000000012453126000000001,7574693,2019-05-07 23:23:33,btc,2708.774353000864,3539907.0,0.00000021,btc,24560.2792,0.0,0.00186155,9
1,[],1,[],2019-02-17 23:31:42,1822507.21,0.00000181000000000000003456111265232042484285557293333113193511962890625,0.000000000066086901,6701244,2019-02-17 23:31:42,btc,3.6990969245,17153386.5,0.00000181000000000000003456111265232042484285557293333113193511962890625,btc,1997391.71,31.11772986,3.2610482446,9
1,[],4,[],2019-02-17 11:22:43,4341674.27126056,0.00000002,0.0000000000007272960000000001,6696112,2019-02-17 11:22:43,btc,0.1997230937751353,0.0,0.00000002,btc,4109766.79808031,0.00215132,0.0479381022052112,10
0,[],2,[],2019-01-20 23:23:08,0.0,0,0,6476890,2019-01-20 23:23:08,,0.0,0.0,0,,0.0,0.0,0.0,12
1,[],4,[],2019-05-07 23:23:34,2818576.93169429,0.00000085,0.00000000005040551,7574694,2019-05-07 23:23:34,btc,5.88550887735202,0.0,0.00000085,btc,4216566.55101298,1.50812655,0.3784405451800563,12
1,[],5,[],2019-05-07 23:23:35,0.0,0,0,7574695,2019-05-07 23:23:35,btc,0.0,0.07422886,0,btc,0.0,0.0,0.0,12
0.0,[],25,[],2019-05-07 23:23:36,0.0,0,0,7574696,2019-05-07 23:23:36,,0.0,0.0,0.0,btc,0.0,0.0,0.0,12
1,[],4,[],2019-05-07 23:23:37,32013060.01303458,0.00000648,0.00000000038426788800000003,7574697,2019-05-07 23:23:37,btc,3.147372528878536,0.0,0.00000648,btc,352196.73981983,0.35679447,0.9426342442212012,13
1,[],21,[],2019-05-07 23:23:41,1694592.92627471,0.000006530000000000000159785379372,0.00000000038723291800000006,7574698,2019-05-07 23:23:41,btc,9.50814732681348,663986.39480173,0.0000065300000000000001597853793722237014662823639810085296630859375,btc,1233300.28505436,4.39376705,8.66128452827532,13
1,[],10,[],2019-05-07 22:36:53,535395.54515566,0.00000637,0.000000000376985518,7574457,2019-05-07 22:36:53,btc,666793.5753057395,5055.24409447,0.00000637,btc,742586.93519638,0.0,0.4281144774274696,13
1,[],4,[],2019-05-07 23:23:42,1146310.13846604,0.00000091,0.000000000053963546000000005,7574699,2019-05-07 23:23:42,btc,5.65840305935329,0.0,0.00000091,btc,1183729.08072827,0.00356059,0.2526287115303484,14
1,[],12,[],2019-05-07 23:23:43,254876.96406074,0.00000084,0.000000000049812504000000005,7574700,2019-05-07 23:23:43,btc,0.1182139075120672,0.0,0.00000084,btc,14480.86895597,1.00899100899e-05,0.028436239999969602,14
1,[],26,[],2019-05-07 23:23:44,0.0,0.00000050,0.0000000000296503,7574701,2019-05-07 23:23:44,btc,0.0,0.0,0.00000050,btc,0.0,0.0,0.0,14
0,[],17,[],2019-05-03 00:53:32,0.0,0,0,7558876,2019-05-03 00:53:32,btc,0.0,0.0,0,btc,0.0,0.0,0.0,14
,[],12,[],2018-12-01 15:15:48,204241.84496,0.00000489,0.000000000202473384,5260204,2018-12-01 15:15:48,btc,49.5475654835,0.0,,btc,35763.2193806,0.0163153972027625,0.0203389899998,15
0,[],4,[],2019-05-07 23:23:45,0.0,0,0,7574702,2019-05-07 23:23:45,,0.0,0.0,0,,0.0,0.0,0.0,15
0,[],2,[],2019-01-20 23:23:38,0.0,0,0,6476906,2019-01-20 23:23:38,,0.0,0.0,0,,0.0,0.0,0.0,18
1,[],4,[],2019-05-07 23:23:48,32223.72110092,0.00001398,0.0000000008290223880000001,7574703,2019-05-07 23:23:48,btc,1.1048046648861816,0.0,0.00001398,btc,13883.78349451,0.02370804,0.1137156937141613,18
1,[],10,[],2019-05-07 23:23:50,169601.37499293,0.00001374,0.0000000008147902440000002,7574704,2019-05-07 23:23:50,btc,15.878675683600127,3274.96854483,0.00001374,btc,33515.03117907,0.0,0.5199551903279148,18
1,[],12,[],2019-05-07 23:23:52,221159.42461672,0.0000132300000000000003859933206395993465775973163545131683349609375,0.0000000007845469380000001,7574705,2019-05-07 23:23:52,btc,33215.319586576596,0.0,0.0000132300000000000003859933206395993465775973163545131683349609375,btc,1188.00796627,0.0013630529406321,0.0146563441401315,18
0,[],17,[],2019-05-03 00:53:39,0.0,0,0,7558882,2019-05-03 00:53:39,btc,0.0,0.0,0,btc,0.0,0.0,0.0,18
0,[],2,[],2019-01-20 23:24:19,0.0,0,0,6476924,2019-01-20 23:24:19,,0.0,0.0,0,,0.0,0.0,0.0,19
1,[],3,[],2019-05-07 23:23:53,152841.73540757335,0.000011610000000000000649883792613881183797275298275053501129150390625,0.0000000006884799660000001,7574706,2019-05-07 23:23:53,btc,0.26460614174032976,877.51601513,0.000011610000000000000649883792613881183797275298275053501129150390625,btc,7252.566877867577,0.0,0.0412305748145904,19
1,[],4,[],2019-05-07 23:23:54,398996.20886396,0.00001344,0.0000000007970000640000001,7574707,2019-05-07 23:23:54,btc,3.646711369679834,0.0,0.00001344,btc,122508.55529712,0.79871942,0.7349053287689711,19
1,[],5,[],2019-05-07 23:23:56,0.0,0,0,7574708,2019-05-07 23:23:56,btc,0.0,0.00082205,0,btc,0.0,0.0,0.0,19
1,[],12,[],2019-05-07 23:23:58,192124.73152778,0.00001506999999999999970980678332121982521130121313035488128662109375,0.0000000008936600420000001,7574709,2019-05-07 23:23:58,btc,0.2818430462027945,0.0,0.00001506999999999999970980678332121982521130121313035488128662109375,btc,2598.19959321,0.0040244630469571,0.0917098277495384,19
0,[],27,[],2019-05-07 23:24:12,0.0,0,0,7574710,2019-05-07 23:24:12,,0.0,0.0,0,btc,0.0,0.0,0.0,19
1,[],4,[],2019-05-07 23:24:14,1889069.11944487,0.00000011,0.0000000000065230660000000005,7574711,2019-05-07 23:24:14,btc,5.280175126319464,0.0,0.00000011,btc,2275880.8131896,0.00032894,0.0662675897814302,20
1,[],4,[],2019-05-07 23:24:15,75243220.55118358,0.00000001,0.000000000000593006,7574712,2019-05-07 23:24:15,btc,39323.776860112484,0.0,0.00000001,btc,54599650.93904999,0.00850144,0.7524322055118358,21
1,[],12,[],2019-05-07 23:24:16,3839997.0,0.00000001,0.000000000000593006,7574713,2019-05-07 23:24:16,btc,2895.6620719393504,0.0,0.00000001,btc,7239572.2247751895,0.0001935264735264,0.03839997,21
0,[],17,[],2019-05-03 00:53:51,0.0,0,0,7558891,2019-05-03 00:53:51,btc,0.0,0.0,0,btc,0.0,0.0,0.0,21
1,[],12,[],2019-05-07 23:24:17,8292020082.808,0.0000000005,0.0000000000000296503,7574714,2019-05-07 23:24:17,btc,311119401330.6406,0.0,0.0000000005,btc,2886801333.732672,0.27688296676009694,1.982834157204,23
0.0000000002934878,[],27,[],2019-05-07 23:24:31,5890161.0,5.869756e-18,3.4808005265360007e-22,7574715,2019-05-07 23:24:31,eth,10182.629540686012,492922007.65999997,0.00000002,eth,4620346.3444,2.89333191105517e-09,1.8925475671538e-11,23
1,[],4,[],2019-05-07 23:24:32,878577.52726466,0.00000031,0.000000000018383186000000003,7574716,2019-05-07 23:24:32,btc,13.963345622431827,0.0,0.00000031,btc,2178147.85953884,0.01603334,0.0826751805179988,24
1,[],22,[],2019-05-07 23:24:35,1021.76,0.00000100,0.0000000000593006,7574717,2019-05-07 23:24:35,BTC,7.415e-05,0.0,0.00000100,BTC,23.919354838709676,0.0,0.00011186,24
0.0,[],25,[],2019-05-07 23:24:37,0.0,0,0,7574718,2019-05-07 23:24:37,,0.0,0.0,0.0,btc,0.0,0.0,0.0,24
0,[],2,[],2019-01-20 23:25:56,0.0,0,0,6476976,2019-01-20 23:25:56,,0.0,0.0,0,,0.0,0.0,0.0,26
1,[],4,[],2019-05-07 23:24:38,26967217.38933378,0.00000571,0.000000000338606426,7574719,2019-05-07 23:24:38,btc,13.879087214921997,0.0,0.00000571,btc,315725.56004949,0.1485093,0.5999727262899431,26
1,[],10,[],2019-05-07 23:24:40,117765.51335104,0.00000852,0.0000000005052411120000001,7574720,2019-05-07 23:24:40,btc,25.639428310934026,2316.55197051,0.00000852,btc,19575.29097609,0.0,0.0694008771710725,26
1,[],11,[],2019-04-30 04:16:17,7094566.83690364,0.00000006,0.000000000003115554,7518027,2019-04-30 04:16:17,btc,67504.138725751,6116.07566417,0.00000006,btc,6591680.7351637,0.0,0.38529422037817224,27
1,[],5,[],2019-04-26 09:47:06,0.0,0,0,7465326,2019-04-26 09:47:06,btc,0.0,0.0,0,btc,0.0,0.0,0.0,27
1,[],3,[],2019-04-28 02:38:55,141621.60361514,0.00000001,0.0000000000005253330000000001,7491060,2019-04-28 02:38:55,btc,2.501704004580372,921815.184511,0.00000001,btc,21091882.2176418,0.0,0.0014162160361513999,27
1,[],4,[],2019-05-07 23:24:41,1550010713.9899154,0.00000001,0.000000000000593006,7574721,2019-05-07 23:24:41,btc,4.912444861472915,0.0,0.00000001,"btc,ltc",270218101.90044385,0.81957304,9.813616033499228,29
1,[],7,[],2019-05-07 23:24:43,106858448.2164338,0.00000001,0.000000000000593006,7574722,2019-05-07 23:24:43,btc,46550610.69061938,12833158.3776,0.00000001,btc,42839748.19438539,0.25666317,1.068584482164338,29
0,[],17,[],2019-05-03 01:11:25,0.0,0,0,7559066,2019-05-03 01:11:25,btc,0.0,0.0,0,btc,0.0,0.0,0.0,30
1,[],4,[],2019-05-07 23:24:44,1593755.6680723,0.00000012,0.000000000007116072,7574723,2019-05-07 23:24:44,btc,2.546252420581489,0.0,0.00000012,btc,1908205.59239979,0.04336635,0.0454520213646502,30
1,[],4,[],2019-05-07 23:24:45,179176.2671523,0.00006093,0.000000003613185558,7574724,2019-05-07 23:24:45,btc,6.517724260813608,0.0,0.00006093,btc,63467.91989314,1.13672535,0.7704935453547244,31
1,[],21,[],2019-05-07 23:24:46,84399.0016689,0.00006140000000000000166845703919,0.0000000036410568400000002,7574725,2019-05-07 23:24:46,btc,2.131580088284846,235233.80574813,0.00006140000000000000166845703919449306340538896620273590087890625,btc,31307.68878228,14.72269695,4.6447807982615315,31
0,[],2,[],2019-01-20 23:28:43,0.0,0,0,6477009,2019-01-20 23:28:43,,0.0,0.0,0,,0.0,0.0,0.0,32
0,[],4,[],2019-05-07 23:12:33,0.0,0,0,7574573,2019-05-07 23:12:33,,0.0,0.0,0,,0.0,0.0,0.0,33
1,[],12,[],2019-03-30 07:55:10,40641173.964,0.00000003,0.000000000001228359,7108785,2019-03-30 07:55:10,btc,4233210.82356125,0.0,0.00000003,btc,28378394.68333462,0.0126927883965248,0.90752895892,33
0,[],4,[],2019-05-07 23:24:47,0.0,0,0,7574726,2019-05-07 23:24:47,,3.9084836464957062,0.0,0,,153369676.02373788,0.0,0.0,34
1,[],5,[],2019-05-07 23:24:48,0.0,0,0,7574727,2019-05-07 23:24:48,btc,0.0,0.01487576,0,btc,0.0,0.0,0.0,34
0.000000000133684,[],4,[],2019-05-02 18:17:45,3384239970.6360936,1.3368400000000002e-18,7.293946092400001e-23,7556428,2019-05-02 18:17:45,ltc,5.381102735485169e-08,0.0,0.00000001,ltc,6862894551.7408495,0.0,4.524187362345155e-09,36
1,[],5,[],2019-05-02 18:17:46,0.0,0,0,7556429,2019-05-02 18:17:46,btc,0.0,0.0,0,btc,0.0,0.0,0.0,36
0.0000000002926451,[],17,[],2019-05-02 18:17:47,200000.0,2.9264510000000002e-18,1.596703856561e-22,7556430,2019-05-02 18:17:47,eth,0.20942468735267253,0.0,0.00000001,"btc,eth",1018272.20243647,0.0,5.852902e-13,36
0.000000000133684,[],27,[],2019-05-02 18:17:55,7883196.008,1.3368400000000002e-18,7.293946092400001e-23,7556431,2019-05-02 18:17:55,ltc,25567.4086131264,0.0,0.00000001,"ltc,eth",21753551.64,0.0,1.0538571751334722e-11,36
1,[],17,[],2019-05-03 01:11:36,211752.74075282,0.00000025,0.000000000013700074999999998,7559074,2019-05-03 01:11:36,btc,0.055484923955058496,0.0,0.00000025,"btc,eth",1387.19918473,0.0,0.0005381851887916605,37
1,[],4,[],2019-05-07 23:24:49,343272.74978059,0.00000024,0.000000000014232144,7574728,2019-05-07 23:24:49,btc,19772.8935060651,0.0,0.00000024,btc,1000029.66975724,0.01354577,0.0353716318400049,37
1,[],12,[],2019-05-07 23:24:50,1097088.56380036,0.00000025,0.00000000001482515,7574729,2019-05-07 23:24:50,btc,61604.977090707354,0.0,0.00000025,btc,590860.59250793,0.0275897057647524,0.11495979357949081,37
1,[],27,[],2019-05-07 23:25:00,1600.0,0.00000015,0.00000000000889509,7574730,2019-05-07 23:25:00,btc,24.12824334291843,0.0,0.00000015,btc,5839.49448498,0.0,3e-05,37
1,[],5,[],2019-05-07 23:25:02,0.0,0,0,7574731,2019-05-07 23:25:02,btc,0.0,0.12872966,0,btc,0.0,0.0,0.0,42
1,[],12,[],2019-05-07 23:25:03,368476.66112429,0.000002489999999999999876734886605778029888824676163494586944580078125,0.000000000147658494,7574732,2019-05-07 23:25:03,btc,1222251.0491691781,0.0,0.000002489999999999999876734886605778029888824676163494586944580078125,btc,37858.25905111,0.3419947985287826,0.0804464489998662,42
1,[],27,[],2019-05-07 23:25:16,3256.0,0.00000015,0.00000000000889509,7574733,2019-05-07 23:25:16,btc,1.8179904929696,0.0,0.00000015,"btc,eth",2428.82344975,0.0,0.0002475000006065219,42
1,[],12,[],2019-03-13 09:13:29,1112112.0,0.00000001,0.000000000000386531,6919902,2019-03-13 09:13:29,btc,29058.00478931866,0.0,0.00000001,btc,5967681.93306694,9.99000999e-07,0.01112112,43
1,[],5,[],2019-04-26 22:38:52,0.0,0,0,7474154,2019-04-26 22:38:52,btc,0.0,0.02638891,0,btc,0.0,0.0,0.0,43
0,[],17,[],2019-04-26 22:38:53,0.0,0,0,7474155,2019-04-26 22:38:53,btc,0.0,0.0,0,btc,0.0,0.0,0.0,43
1,[],12,[],2019-03-05 01:54:08,639326.02,0.00000004,0.000000000001486676,6845775,2019-03-05 01:54:08,btc,11116042.728239931,0.0,0.00000004,btc,1103841.4595604,0.0003330765234764,0.014975410599999999,44
1,[],4,[],2019-05-07 23:25:18,132640849.73332849,0.00000001,0.000000000000593006,7574734,2019-05-07 23:25:18,btc,436.7834182090052,0.0,0.00000001,"btc,ltc",23104644.59584506,0.00190427,0.2982144773868065,49
0.0000000001274877,[],4,[],2019-05-07 23:25:19,132018594.23111093,7.9042374e-17,4.6872602036244e-21,7574735,2019-05-07 23:25:19,ltc,21614.644294850877,0.0,0.00000062,ltc,97378956.4901506,0.04123626,1.740759624434703e-09,52
0,[],22,[],2019-05-07 23:25:22,0.0,0,0,7574736,2019-05-07 23:25:22,,10304.87709543,0.0,0,,310505736.4566013,0.0,0.0,57
0.0000000002934878,[],27,[],2019-05-07 23:25:33,10000.0,2.934878e-18,1.7404002632680004e-22,7574737,2019-05-07 23:25:33,eth,0.0,0.0,0.00000001,"btc,eth",0.0,0.0,2.934878e-14,57
1,[],17,[],2019-05-03 01:12:09,1200000.0,0.0000000001,0.00000000000000548003,7559085,2019-05-03 01:12:09,btc,1e+24,0.0,0.0000000001,"btc,eth",39516342.31952568,0.0,0.00010000000058666061,58
0.0000000001274877,[],4,[],2019-05-07 23:25:34,1137495462.4045448,1.274877e-18,7.56009710262e-23,7574738,2019-05-07 23:25:34,ltc,19.111263058462185,0.0,0.00000001,ltc,5679709113.001969,0.0,1.4501668026239188e-09,58
1,[],12,[],2019-05-07 23:25:35,1569878319.0,0.0000000001,0.000000000000005930060000000001,7574739,2019-05-07 23:25:35,btc,11897178.367275469,0.0,0.0000000001,btc,4312724427.038961,0.000807125212087916,0.1569878319,58
0.00000000011186369999999999,[],22,[],2019-05-07 23:25:39,137438.0,1.118637e-18,6.633584528220001e-23,7574740,2019-05-07 23:25:39,XMR,69.17854956,0.0,0.00000001,XMR,9877516.6,1.16857295568e-13,0.00137438,58
1,[],5,[],2019-05-07 23:25:40,0.0,0,0,7574741,2019-05-07 23:25:40,btc,0.0,0.03074657,0,btc,0.0,0.0,0.0,61
1,[],22,[],2019-05-07 23:25:43,13613.833333333334,0.00000012,0.000000000007116072,7574742,2019-05-07 23:25:43,BTC,1002.29626883,0.0,0.00000012,BTC,15392.180177125656,0.0,0.00153269,61
1,[],26,[],2019-05-07 23:25:43,0.0,0.00000100,0.0000000000593006,7574743,2019-05-07 23:25:43,btc,0.0,0.0,0.00000100,btc,0.0,0.0,0.0,61
0.0000000002934878,[],27,[],2019-05-07 23:25:52,100000.0,2.934878e-18,1.7404002632680004e-22,7574744,2019-05-07 23:25:52,eth,1.9482732497246655,0.0,0.00000001,"btc,eth",13266.51663696,0.0,2.9348780000000004e-13,61
1,[],28,[],2019-05-07 23:25:54,1039.304,0.00000008,0.000000000004744048,7574745,2019-05-07 23:25:54,btc,2.056501795415105,667.0,0.00000008,btc,10022.46650005,0.0,2.439304e-05,61
1,[],4,[],2019-05-07 23:25:55,1275634.67428563,0.00000105,0.00000000006226563,7574746,2019-05-07 23:25:55,btc,1.0983973170729937,0.0,0.00000105,btc,443914.79230966,0.04127496,0.8547321137895063,67
0.0,[],25,[],2019-05-07 23:25:58,0.0,0,0,7574747,2019-05-07 23:25:58,,0.0,0.0,0.0,btc,0.0,0.0,0.0,67
1,[],12,[],2019-05-07 23:26:00,735523.33333333,0.00000016,0.000000000009488096,7574748,2019-05-07 23:26:00,btc,55556348.25467431,0.0,0.00000016,btc,1495933.9400843,0.007035026293706,0.0243660299999996,71
,[],5,[],2018-11-20 23:02:39,1.5e-07,0.00000005,0.000000000002128045,4862160,2018-11-20 23:02:39,btc,2.84511358,0.0,,btc,0.00036572,0.0,0.07381892,74
1,[],5,[],2019-05-07 23:26:02,0.0,0,0,7574749,2019-05-07 23:26:02,btc,0.0,0.02596588,0,btc,0.0,0.0,0.0,75
0,[],20,[],2019-01-25 09:30:31,0.0,0,0,6495923,2019-01-25 09:30:31,btc,0.0,0.0,0,btc,0.0,0.0,0.0,81
0,[],4,[],2019-05-07 23:26:03,0.0,0,0,7574750,2019-05-07 23:26:03,,133703.4206350529,0.0,0,,35139929.46753003,0.0,0.0,81
1,[],4,[],2019-05-07 23:26:06,30911.85377746,0.00006789,0.000000004025917734,7574751,2019-05-07 23:26:06,btc,18.60308251967313,0.0,0.00006789,btc,25085.38731477,0.27892139,0.5908000666925028,82
1,[],21,[],2019-05-07 23:26:07,332927.42523588,0.00006540999999999999885060691929,0.000000003878852246000001,7574752,2019-05-07 23:26:07,btc,3.902295125202925,7014.32478052,0.000065409999999999998850606919287287155384547077119350433349609375,btc,52464.30307462,0.47554789,2.0331528739299434,82
0,[],17,[],2019-03-25 22:42:34,0.0,0,0,7038780,2019-03-25 22:42:34,btc,0.0445064681804024,0.0,0,btc,995513.18476001,0.0,0.0,84
0.00000000013644,[],4,[],2019-05-01 19:17:39,299701867.376,1.3644e-18,7.259508504e-23,7542161,2019-05-01 19:17:39,ltc,1.6769037726995486,0.0,0.00000001,ltc,427823536.87452894,0.00010978,4.089132278478144e-10,85
,[],22,[],2018-11-20 23:09:34,3408.1,0.0000001,0.0000000000041895,4862324,2018-11-20 23:09:34,BTC,0.04624735,0.0,,BTC,4990.0,0.0,0.00033081,86
1,[],22,[],2019-05-07 23:26:11,89999.0,0.00000001,0.000000000000593006,7574753,2019-05-07 23:26:11,BTC,3.66432991,0.0,0.00000001,BTC,332904.29736842104,0.0,0.00089999,87
1,[],27,[],2019-05-07 23:26:21,10674.0,0.00000001,0.000000000000593006,7574754,2019-05-07 23:26:21,btc,4.960707720736,0.0,0.00000001,btc,10175.62841,0.0,0.00010674,87
,[],2,[],2018-11-20 23:10:47,0.0,0,0,4862359,2018-11-20 23:10:47,,0.0,0.0,,,0.0,0.0,0.0,88
1,[],11,[],2019-05-07 23:26:23,77541.72600212,0.00012999999999999998861154038021226142518571577966213226318359375,0.000000007709078,7574755,2019-05-07 23:26:23,btc,170.37146511111342,14938.9729463,0.00012999999999999998861154038021226142518571577966213226318359375,btc,168400.8600931,0.0,4.200953172268729,89
0,[],2,[],2019-01-20 23:31:45,0.0,0,0,6477083,2019-01-20 23:31:45,,0.0,0.0,0,,0.0,0.0,0.0,91
0,[],17,[],2019-05-03 01:12:26,0.0,0,0,7559096,2019-05-03 01:12:26,btc,0.0,0.0,0,btc,0.0,0.0,0.0,91
1,[],12,[],2019-05-07 23:26:25,383865.34367247,0.00000075,0.00000000004447545000000001,7574756,2019-05-07 23:26:25,btc,73.20073446588945,0.0,0.00000075,btc,150594.39829331,0.0025789699810138,0.0397487711999577,91
1,[],22,[],2019-05-07 23:28:26,66014.0,0.0000008,0.000000000047440480000000005,7574757,2019-05-07 23:28:26,BTC,0.1,0.0,0.0000008,"BTC,LTC",1.0,0.0,0.0007135,91
1,[],22,[],2019-04-09 20:17:52,374949.73333333334,0.00000015,0.000000000007771935,7235704,2019-04-09 20:17:52,BTC,6.87372503,0.0,0.00000015,"BTC,LTC",159980.01196797504,1.1e-05,0.80510266,95
0,[],17,[],2019-05-03 01:12:32,0.0,0,0,7559100,2019-05-03 01:12:32,btc,0.0,0.0,0,btc,0.0,0.0,0.0,96
0.0000000001274877,[],4,[],2019-05-07 23:28:28,552696013.7942014,8.5416759e-17,5.0652650587554004e-21,7574758,2019-05-07 23:28:28,ltc,11.266967214048217,0.0,0.00000067,ltc,126715550.97532152,0.07206314,1.8551437392611259e-09,96
0,[],12,[],2019-05-07 23:28:29,0.0,0,0,7574759,2019-05-07 23:28:29,btc,25054.263518130076,0.0,0,btc,6821705.82664734,0.0,0.0,96
1,[],4,[],2019-04-14 03:32:46,1039404.33283278,0.00000038,0.000000000019245518,7293458,2019-04-14 03:32:46,btc,4.170086055365747,0.0,0.00000038,btc,3097704.34561074,0.06260606,0.1859928211030784,99
0,[],2,[],2019-01-20 23:23:55,0.0,0,0,6476914,2019-01-20 23:23:55,,0.0,0.0,0,,0.0,0.0,0.0,100
1,[],4,[],2019-05-07 23:28:31,356515.74931461,0.00003541,0.000000002099834246,7574760,2019-05-07 23:28:31,btc,6.640849738658452,0.0,0.00003541,btc,114429.24042491,0.27877882,0.4864693373048865,100
1,[],22,[],2019-05-07 23:28:34,130000.0,0.00000001,0.000000000000593006,7574761,2019-05-07 23:28:34,BTC,24.83526409,0.0,0.00000001,BTC,11187.719,0.0,0.0013,101
1,[],4,[],2019-05-07 23:28:35,574568.59574197,0.00000580,0.00000000034394348000000005,7574762,2019-05-07 23:28:35,btc,250.5162336608823,0.0,0.00000580,btc,308937.76522009,3.9529155,0.5159882585083115,103
1,[],12,[],2019-05-07 23:28:38,116166640.51292,0.000000005,0.000000000000296503,7574763,2019-05-07 23:28:38,btc,468525102.2317133,0.0,0.000000005,btc,107952949.11563428,0.00243603897602412,0.24191699671276,105
1,[],27,[],2019-05-07 23:28:47,11976.0,0.00000001,0.000000000000593006,7574764,2019-05-07 23:28:47,btc,0.0689357688051137,0.0,0.00000001,btc,864584.59450753,0.0,0.00011976,105
1,[],22,[],2019-04-21 00:17:26,21333.0,0.00000001,0.000000000000532493,7385819,2019-04-21 00:17:26,BTC,51.38182867,0.0,0.00000001,BTC,470435.0,0.0,0.00021333,107
1,[],26,[],2019-04-21 00:17:26,0.0,0.00000000,0,7385820,2019-04-21 00:17:26,btc,0.0,0.0,0.00000000,btc,0.0,0.0,0.0,107
1,[],5,[],2019-05-07 23:28:48,0.0,0,0,7574765,2019-05-07 23:28:48,btc,0.0,0.0,0,btc,0.0,0.0,0.0,112
0,[],22,[],2019-05-07 23:28:51,0.0,0,0,7574766,2019-05-07 23:28:51,,2.79003697,0.0,0,,1380942.0833333333,0.0,0.0,112
1,[],27,[],2019-05-07 23:29:02,1.0,0.00000001,0.000000000000593006,7574767,2019-05-07 23:29:02,btc,1.25032588,0.0,0.00000001,"btc,eth",1819.0,0.0,1e-08,112
1,[],4,[],2019-05-07 23:29:03,359906.23285052,0.00000161,0.00000000009547396600000001,7574768,2019-05-07 23:29:03,btc,4.779749023396617,0.0,0.00000161,btc,518080.06276468,0.05712997,0.2384767809218337,113
1,[],5,[],2019-05-07 23:29:05,0.0,0,0,7574769,2019-05-07 23:29:05,btc,0.0,0.0,0,btc,0.0,0.0,0.0,113
1,[],17,[],2019-04-26 02:17:47,162738.278,0.00000004,0.0000000000021069000000000002,7461287,2019-04-26 02:17:47,btc,1.3331140273775473,0.0,0.00000004,btc,51796.221,0.0,0.00230953112,116
0,[],27,[],2019-04-26 02:19:51,0.0,0,0,7461288,2019-04-26 02:19:51,,0.0,0.0,0,,0.0,0.0,0.0,116
1,[],4,[],2019-05-07 20:09:28,131822.85721655,0.00001022,0.00000000060230548,7572994,2019-05-07 20:09:28,btc,132.18460413545117,0.0,0.00001022,btc,268070.13193351,0.06918336,1.0489745103085106,120
1,[],7,[],2019-05-07 20:09:30,9501.79941055,0.000011699999999999999788190263583231853772304020822048187255859375,0.0000000006895277999999999,7572995,2019-05-07 20:09:30,btc,231185.88817567716,62.23644451,0.000011699999999999999788190263583231853772304020822048187255859375,btc,4076.97424313,0.00072692,0.018013380795019,120
1,[],20,[],2019-04-07 18:42:29,1914137.0852,0.000000035,0.0000000000017871910000000002,7211992,2019-04-07 18:42:29,btc,32.2497668025648,25528.85,0.000000035,btc,1001975.4986,0.00089350975,0.0152723574729,125
1,[],22,[],2019-05-07 23:29:08,110000.0,0.00000001,0.000000000000593006,7574770,2019-05-07 23:29:08,BTC,0.032061,0.0,0.00000001,BTC,299316.7611111111,0.0,0.0011,126
1,[],4,[],2019-05-07 23:15:40,1860171.81314291,0.00000958,0.000000000568396728,7574619,2019-05-07 23:15:40,btc,3.7085162521100177,0.0,0.00000958,btc,167737.90880325,0.07661236,0.5024398764679251,131
0,[],2,[],2019-01-20 23:25:46,0.0,0,0,6476969,2019-01-20 23:25:46,,0.0,0.0,0,,0.0,0.0,0.0,131
1,[],17,[],2019-05-03 01:13:10,10000.0,0.00000001,0.000000000000548003,7559115,2019-05-03 01:13:10,btc,0.0953976503951408,0.0,0.00000001,btc,5037.62507334,0.0,0.0001,131
1,[],4,[],2019-05-07 23:29:09,4709.54843682,0.00012809,0.000000007595813854,7574771,2019-05-07 23:29:09,btc,6.011528332365781,0.0,0.00012809,btc,191.61415747,0.0,0.0079468379605937,135
1,[],3,[],2019-05-07 23:29:11,530498.0,0.00000001,0.000000000000593006,7574772,2019-05-07 23:29:11,btc,0.0934057631805504,129896.5,0.00000001,btc,1024104.34967245,0.0,0.00530498,136
1,[],4,[],2019-05-07 23:29:12,3497887.12621631,0.00000211,0.00000000012512426600000002,7574773,2019-05-07 23:29:12,btc,319.5748358597772,0.0,0.00000211,btc,513200.62055023,0.10699591,0.7505715238163803,137
1,[],12,[],2019-05-07 23:29:14,331396.36734559,0.00000206000000000000018206681821897330308956952649168670177459716796875,0.00000000012215923600000002,7574774,2019-05-07 23:29:14,btc,48520.51753562043,0.0,0.00000206000000000000018206681821897330308956952649168670177459716796875,btc,43308.24229997,0.0035884185414225,0.0376385899999285,137
1,[],17,[],2019-05-03 01:13:16,32967.38636364,0.00000088,0.000000000048224264,7559122,2019-05-03 01:13:16,btc,20.06976206696776,0.0,0.00000088,btc,2746.079105,0.0,0.0105613000000032,142
1,[],4,[],2019-05-07 23:29:15,45439.59827382,0.00003433,0.000000002035789598,7574775,2019-05-07 23:29:15,btc,5.11468944602672,0.0,0.00003433,btc,69631.37149801,0.42197758,0.1485723175526632,142
1,[],5,[],2019-05-07 23:29:17,0.0,0,0,7574776,2019-05-07 23:29:17,btc,0.0,0.09804458,0,btc,0.0,0.0,0.0,142
1,[],20,[],2019-05-07 23:29:20,167398.6047,0.00003401,0.000000002016813406,7574777,2019-05-07 23:29:20,btc,1.7086003245498,0.0,0.00003401,btc,8215.5399,0.0,0.059860779991,142
1,[],22,[],2019-05-07 23:29:23,1370.0,0.00000200,0.0000000001186012,7574778,2019-05-07 23:29:23,BTC,3.2756588,0.0,0.00000200,BTC,1135.5948275773155,0.0,0.0003632,142
0.0,[],25,[],2019-05-07 23:29:24,0.0,0,0,7574779,2019-05-07 23:29:24,,0.0,0.0,0.0,btc,0.0,0.0,0.0,142
1,[],28,[],2019-05-07 23:29:26,79102.0,0.00003311,0.000000001963442866,7574780,2019-05-07 23:29:26,btc,0.0632226924,240726.2875,0.00003311,btc,611.87303,0.0,0.07347342,142
0,[],22,[],2019-05-07 23:29:29,0.0,0,0,7574781,2019-05-07 23:29:29,,66.66505393,0.0,0,,938775805.8,0.0,0.0,143
0,[],22,[],2019-02-25 15:42:22,0.0,0,0,6783783,2019-02-25 15:42:22,,4.2131946,0.0,0,,2322156.0,0.0,0.0,146
,[],22,[],2018-11-20 23:01:11,0.0,0,0,4862114,2018-11-20 23:01:11,,2.56807021,0.0,,,61828.4988236,0.0,0.0,147
1,[],12,[],2019-04-21 06:38:04,193091.5971266,0.00000071,0.000000000037635183,7388679,2019-04-21 06:38:04,btc,2.301232411611175,0.0,0.00000071,btc,9957.48302385,0.00023528,0.0313308199999888,148
1,[],4,[],2019-03-19 21:31:25,255810.0415942,0.00000029,0.000000000011615747,6982695,2019-03-19 21:31:25,btc,218.94922712414143,0.0,0.00000029,btc,793529.37642722,0.00117,0.0608347789473395,152
0,[],22,[],2019-03-19 21:31:27,0.0,0,0,6982696,2019-03-19 21:31:27,,0.0,0.0,0,,0.0,0.0,0.0,152
1,[],5,[],2019-04-26 09:36:59,0.0,0,0,7465040,2019-04-26 09:36:59,btc,0.0,0.0,0,btc,0.0,0.0,0.0,153
,[],16,[],2019-01-11 15:38:59,0.0,0,0,6366141,2019-01-11 15:38:59,btc,0.0,0.0,,btc,0.0,0.0,0.0,155
0,[],23,[],2019-01-20 23:24:29,0.0,0,0,6476932,2019-01-20 23:24:29,,0.0,0.0,0,,0.0,0.0,0.0,156
0,[],22,[],2019-05-07 23:29:32,0.0,0,0,7574782,2019-05-07 23:29:32,,6.80191271,0.0,0,,4673448.342592592,0.0,0.0,156
1,[],22,[],2019-05-07 23:29:35,7066.0,0.00000800,0.0000000004744048,7574783,2019-05-07 23:29:35,BTC,1.79802465,0.0,0.00000800,BTC,802.6461988741639,0.0,0.00062996,157
0,[],22,[],2019-05-07 22:25:46,0.0,0,0,7574238,2019-05-07 22:25:46,,50234.60468402,0.0,0,,54786159.03179465,0.0,0.0,158
,[],17,[],2018-11-20 22:56:10,0.0,0,0,4861976,2018-11-20 22:56:10,btc,1.1265625,0.0,,btc,1000.0,0.0,0.0,159
,[],20,[],2018-11-20 22:56:12,0.0,0,0,4861977,2018-11-20 22:56:12,btc,11912.7940471,0.0,,btc,34413894.3617,0.0,0.0,159
1,[],12,[],2019-05-07 23:29:37,263227.79917926,0.000003719999999999999958717918080441933170732227154076099395751953125,0.000000000220598232,7574784,2019-05-07 23:29:37,btc,13.563117019145482,0.0,0.000003719999999999999958717918080441933170732227154076099395751953125,btc,11473.94438736,0.0044741876328583,0.0478878292629797,168
1,[],17,[],2019-05-03 01:13:36,42852.0,0.00000002,0.000000000001096006,7559132,2019-05-03 01:13:36,btc,0.04279856251542,0.0,0.00000002,btc,274.46171372,0.0,0.00052852,168
1,[],22,[],2019-05-07 03:57:18,743122.0,0.00000001,0.000000000000593596,7562020,2019-05-07 03:57:18,BTC,41.40912107,0.0,0.00000001,BTC,1593401.2737547632,0.00342649,0.00743122,169
1,[],22,[],2019-05-07 23:29:41,193990.0,0.00000002,0.000000000001186012,7574785,2019-05-07 23:29:41,BTC,30.18907168,0.0,0.00000002,BTC,442417.35474695155,9.25e-06,0.0019408,171
1,[],22,[],2019-05-07 23:29:45,195000.0,0.0000001,0.000000000005930060000000001,7574786,2019-05-07 23:29:45,BTC,22.16509548,0.0,0.0000001,"BTC,LTC",655710.8764972081,0.00151561,0.008886,173
1,[],5,[],2019-05-06 19:49:32,0.0,0,0,7559281,2019-05-06 19:49:32,btc,0.0,0.00023336,0,btc,0.0,0.0,0.0,175
1,[],22,[],2019-05-07 23:29:49,90671.0,0.00000001,0.000000000000593006,7574787,2019-05-07 23:29:49,BTC,394.0276142,0.0,0.00000001,BTC,136275.61833431243,3.68e-05,0.00090671,176
1,[],7,[],2019-05-07 23:29:51,0.0,0,0,7574788,2019-05-07 23:29:51,btc,520269.76967434323,999.000999,0,btc,19435629.03422542,9.99e-06,0.0,178
0,[],22,[],2019-05-07 23:29:54,0.0,0,0,7574789,2019-05-07 23:29:54,,1.00242428,0.0,0,,57512.0,0.0,0.0,178
0,[],2,[],2019-01-20 23:28:34,0.0,0,0,6477001,2019-01-20 23:28:34,,0.0,0.0,0,,0.0,0.0,0.0,178
1,[],5,[],2019-05-07 23:29:56,0.0,0,0,7574790,2019-05-07 23:29:56,btc,0.0,0.1077418,0,btc,0.0,0.0,0.0,179
1,[],22,[],2019-05-07 23:29:59,3038615.0,0.00000001,0.000000000000593006,7574791,2019-05-07 23:29:59,BTC,5.33210563,0.0,0.00000001,BTC,13997968.411946677,0.008462,0.03038615,179
0,[],23,[],2019-01-20 23:25:08,0.0,0,0,6476952,2019-01-20 23:25:08,,0.0,0.0,0,,0.0,0.0,0.0,179
1,[],22,[],2019-05-07 23:30:06,641258.971048321,0.0000008,0.000000000047440480000000005,7574792,2019-05-07 23:30:06,BTC,39.28291866,0.0,0.0000008,"BTC,LTC",153547.80311938145,5.886e-05,0.55417964,180
1,[],26,[],2019-05-07 23:30:06,0.0,0.00000120,0.00000000007116072,7574793,2019-05-07 23:30:06,btc,0.0,50.0,0.00000120,btc,0.0,0.0,0.0,180
1,[],17,[],2019-05-03 01:13:56,20504.725000000002,0.0000001,0.00000000000548003,7559141,2019-05-03 01:13:56,btc,5.2010695838400265,0.0,0.0000001,btc,5033.45945,0.0,0.0011504725,180
,[],7,[],2018-11-20 22:58:01,562227.975654,0.00000085,0.000000000036176765,4862015,2018-11-20 22:58:01,btc,21836.6059674,2491.87645172,,btc,749999.041456,0.00211021,0.127565380455,183
,[],5,[],2019-01-10 08:11:41,0.0,0,0,6347036,2019-01-10 08:11:41,btc,82.15055501,0.00261,,btc,1.19002445,0.0,0.0,187
1,[],24,[],2019-04-30 17:34:05,0.0,0.000000000014,7.396256000000001e-16,7526291,2019-04-30 17:34:05,btc,0.0,0.0,0.000000000014,btc,0.0,0.0,0.0,187
,[],17,[],2018-11-16 20:58:10,4062536.27273,0.00000001,0.000000000000550501,4708775,2018-11-16 20:58:10,btc,3.36492563466,0.195460381006,,"btc,eth",110697919.549,0.0,0.0157628953496,187
0,[],22,[],2019-04-25 02:54:07,0.0,0,0,7447896,2019-04-25 02:54:07,,7.54794454,0.0,0,,76361.7243344055,0.0,0.0,191
0,[],22,[],2019-05-07 23:30:11,0.0,0,0,7574794,2019-05-07 23:30:11,,0.0,0.0,0,,0.0,0.0,0.0,197
0.0000000001274877,[],22,[],2019-05-07 23:30:15,54734331.0,2.549754e-18,1.512019420524e-22,7574795,2019-05-07 23:30:15,LTC,18.75578347,0.0,0.00000002,LTC,35255414.0,0.0,0.64068281,199
1,[],26,[],2019-05-07 23:30:15,0.0,0.00000000,0,7574796,2019-05-07 23:30:15,btc,0.0,0.0,0.00000000,btc,0.0,0.0,0.0,199
0,[],23,[],2019-01-20 23:31:41,0.0,0,0,6477079,2019-01-20 23:31:41,,0.0,0.0,0,,0.0,0.0,0.0,199
0,[],2,[],2019-01-20 23:30:49,0.0,0,0,6477059,2019-01-20 23:30:49,,0.0,0.0,0,,0.0,0.0,0.0,201
1,[],4,[],2019-01-25 15:51:35,2084389.58565343,0.00000936,0.000000000333526752,6499557,2019-01-25 15:51:35,btc,2.0092503037378524,0.0,0.00000936,btc,160195.80207885,0.19272417,1.242687955921835,211
1,[],7,[],2019-05-07 23:30:19,16784025.12713384,0.00000089,0.000000000052777534,7574797,2019-05-07 23:30:19,btc,15559126.120186113,303730.655322,0.00000089,btc,12018992.60821989,0.0,1.883069636532818,212
1,[],5,[],2019-05-07 13:02:51,0.0,0,0,7566706,2019-05-07 13:02:51,btc,0.0,0.43032184,0,btc,0.0,0.0,0.0,213
1,[],24,[],2019-05-07 13:02:52,0.0,0.000000050000,0.000000000002968865,7566707,2019-05-07 13:02:52,btc,0.0,0.0,0.000000050000,btc,0.0,0.0,0.0,213
1,[],26,[],2019-05-07 13:02:52,0.0,0.00000040,0.00000000002375092,7566708,2019-05-07 13:02:52,btc,0.0,0.0,0.00000040,btc,0.0,0.0,0.0,213
1,[],12,[],2019-01-25 02:44:32,207462.42853209,0.000001080000000000000035831255497387193287295303889550268650054931640625,0.000000000038610756000000006,6493050,2019-01-25 02:44:32,btc,85023.03793723314,0.0,0.000001080000000000000035831255497387193287295303889550268650054931640625,btc,43675.73520027,0.000146250909087,0.0348620860622024,213
0,[],22,[],2019-05-07 23:30:23,0.0,0,0,7574798,2019-05-07 23:30:23,,11.27092232,0.0,0,,2240817.2040649247,0.0,0.0,216
1,[],27,[],2019-05-07 23:30:34,30596.0,0.00000001,0.000000000000593006,7574799,2019-05-07 23:30:34,btc,61.55971639203932,5500.0,0.00000001,"btc,ltc",215976.557308,5.5e-05,0.00030596,216
1,[],22,[],2019-05-07 23:30:37,313632.9044117647,0.00000136,0.000000000080648816,7574800,2019-05-07 23:30:37,BTC,12055.02916347,0.0,0.00000136,BTC,450055.81036799186,0.01635531,0.08877702,217
1,[],7,[],2019-05-07 23:30:40,0.0,0,0,7574801,2019-05-07 23:30:40,btc,111302.56967336107,0.0,0,btc,137382971.78428552,0.0,0.0,219
0,[],27,[],2019-05-07 23:30:48,0.0,0,0,7574802,2019-05-07 23:30:48,,0.01810337,0.0,0,btc,1580037.0,0.0,0.0,219
0.0000000000000043000000000000005,[],28,[],2019-05-07 23:30:49,489172109.014,2.580043e-18,1.5299809792580003e-22,7574803,2019-05-07 23:30:49,doge,3650128.9693764625,17704.15,0.00060001,"btc,doge",44730760.5033,0.0,2.7641976786462748e-11,219
1,[],22,[],2019-05-07 23:30:53,398200.0,0.00000004,0.000000000002372024,7574804,2019-05-07 23:30:53,BTC,56.8288224,0.0,0.00000004,BTC,148582.84827387411,0.00101065,0.012982,221
1,[],24,[],2019-05-07 23:30:53,0.0,0.000000010000,0.000000000000593006,7574805,2019-05-07 23:30:53,btc,0.0,0.0,0.000000010000,btc,0.0,0.0,0.0,221
1,[],20,[],2019-05-07 23:30:55,12166794.498,0.000000011,0.0000000000006523066,7574806,2019-05-07 23:30:55,btc,100092.89424664243,0.0,0.000000011,btc,22929825.5625,0.0,0.053329530791,224
0,[],22,[],2019-05-07 23:30:58,0.0,0,0,7574807,2019-05-07 23:30:58,,0.0,0.0,0,,0.0,0.0,0.0,224
1,[],26,[],2019-05-07 23:30:59,0.0,0.00000026,0.000000000015418156000000002,7574808,2019-05-07 23:30:59,btc,0.0,0.0,0.00000026,btc,0.0,0.0,0.0,231
1,[],26,[],2019-05-07 23:30:59,0.0,0.00000005,0.0000000000029650300000000003,7574809,2019-05-07 23:30:59,btc,0.0,0.0,0.00000005,btc,0.0,0.0,0.0,234
0.0000000002934878,[],27,[],2019-05-07 23:31:10,10000.0,2.934878e-18,1.7404002632680004e-22,7574810,2019-05-07 23:31:10,eth,0.01134836604,0.0,0.00000001,"btc,eth",11462.996,0.0,2.934878e-14,234
1,[],4,[],2019-04-29 21:02:20,217188.93193785,0.00000080,0.00000000004151584,7514327,2019-04-29 21:02:20,btc,5.239800103892936,0.0,0.00000080,btc,797346.30008933,0.0,0.0590549781555679,236
1,[],24,[],2019-04-29 21:02:20,0.0,0.000000100000,0.00000000000518948,7514328,2019-04-29 21:02:20,btc,0.0,0.0,0.000000100000,btc,0.0,0.0,0.0,236
1,[],5,[],2019-05-06 20:53:15,0.0,0,0,7559637,2019-05-06 20:53:15,btc,0.0,0.20253514,0,btc,0.0,0.0,0.0,237
1,[],20,[],2019-05-06 20:53:18,38173217.6136,0.000000083,0.0000000000047460728,7559638,2019-05-06 20:53:18,btc,21342.514614200165,8832375.7238,0.000000083,btc,27701499.3386,0.7554403456107,1.3621107610479,237
1,[],22,[],2019-05-06 20:53:20,343938.0,0.00000009,0.000000000005146344,7559639,2019-05-06 20:53:20,BTC,1.20267422,0.0,0.00000009,BTC,17930.94871794872,0.0,0.01017442,237
1,[],4,[],2019-05-07 23:31:11,36713872.97006597,0.00000013,0.000000000007709078000000001,7574811,2019-05-07 23:31:11,btc,3.262909051489307,0.0,0.00000013,btc,9237697.16956691,1.27821314,1.0973122764001424,238
1,[],5,[],2019-05-07 23:31:13,0.0,0,0,7574812,2019-05-07 23:31:13,btc,0.0,0.06377648,0,btc,0.0,0.0,0.0,238
0,[],22,[],2019-03-12 16:49:32,0.0,0,0,6914458,2019-03-12 16:49:32,,0.40415746,0.0,0,,526736.5639027493,0.0,0.0,249
0,[],22,[],2019-05-07 23:31:16,0.0,0,0,7574813,2019-05-07 23:31:16,,3.31610872,0.0,0,,28317807.771216933,0.0,0.0,252
1,[],28,[],2019-05-07 23:31:18,41561158.199,0.00000035,0.000000000020755210000000002,7574814,2019-05-07 23:31:18,btc,3.337543618419,195344.3492,0.00000035,btc,2878906.2029,0.0,0.6037740771,256
1,[],22,[],2019-05-07 23:31:21,1088993.5,0.00000002,0.000000000001186012,7574815,2019-05-07 23:31:21,BTC,21.88116616,0.0,0.00000002,BTC,522884.63333384093,2.75e-06,0.01124633,258
1,[],22,[],2019-03-13 00:07:30,47146.0,0.00000001,0.000000000000387233,6917028,2019-03-13 00:07:30,BTC,2.415167,0.0,0.00000001,BTC,157.0,0.0,0.00047146,259
1,[],5,[],2019-05-07 23:31:23,0.0,0,0,7574816,2019-05-07 23:31:23,btc,0.0,0.38296979,0,btc,0.0,0.0,0.0,264
1,[],20,[],2019-05-07 23:31:24,1263378.5676,0.000001066,0.00000000006321443960000001,7574817,2019-05-07 23:31:24,btc,4.8269570006036,59572.9743,0.000001066,btc,95751.7266,0.0758448377062,0.0202970885515,264
0,[],22,[],2019-04-12 17:57:27,0.0,0,0,7278186,2019-04-12 17:57:27,,66.37522201,0.0,0,,677842.4169881374,0.0,0.0,271
0,[],22,[],2019-05-07 23:31:27,0.0,0,0,7574818,2019-05-07 23:31:27,,33051802.3172899,0.0,0,,15696307799.7,0.0,0.0,272
0.0000000000000043000000000000005,[],28,[],2019-05-07 23:31:29,400736115975.5,1.032e-21,6.119821920000001e-26,7574819,2019-05-07 23:31:29,doge,26831809.841179468,1026597853.07,0.00000024,doge,353980979136.509,0.0,2.21294859105847e-10,272
1,[],22,[],2019-05-07 23:31:33,168039.7,0.00000013,0.000000000007709078000000001,7574820,2019-05-07 23:31:33,BTC,427.42495672,0.0,0.00000013,BTC,249705.37764460206,0.0,0.00918978,281
1,[],22,[],2019-05-07 23:31:39,109871.1,0.00000002,0.000000000001186012,7574821,2019-05-07 23:31:39,BTC,536.90453142,0.0,0.00000002,"BTC,LTC",590775.6256135202,0.00111538,0.00734874,286
0,[],22,[],2019-05-07 23:31:42,0.0,0,0,7574822,2019-05-07 23:31:42,,7337883.38050348,0.0,0,,1307674043.2797825,0.0,0.0,294
