pairValue,buyBook,exchangeId,sellBook,updated,buyTotal,satoshiPrice,usdPrice,exchangeLogId,created,bestPair,sellTotalBtc,volume,pairPrice,activePairs,sellTotal,volumeBtc,buyTotalBtc,coinId
1,[],10,[],2019-07-13 08:58:05,251434.9725798,0.00271069,0.00000031407274150500003,7812232,2019-07-13 08:58:05,btc,6515.317158446701,1686.04548878,0.00271069,btc,2002.66956917,0.0,1.2639712180673435,1
1,[],3,[],2019-08-01 05:19:03,32176.78083909098,0.00804390999999999960212715421903340029530227184295654296875,0.000000802945509373,7861904,2019-08-01 05:19:03,btc,9.149043986044472,81.3714975242,0.00804390999999999960212715421903340029530227184295654296875,btc,23.218980801752,0.0,0.3473120696515942,1
1,[],4,[],2019-08-01 05:19:03,25435.98241797,0.00797882,0.0000007964482060460001,7861905,2019-08-01 05:19:03,btc,11.170263830573326,0.0,0.00797882,btc,447.78460869,1.18636536,0.7776500231301303,1
1,[],12,[],2019-08-01 05:19:08,81.9256187,0.00804000000000000027144952952085077413357794284820556640625,0.0000008025552120000001,7861906,2019-08-01 05:19:08,btc,0.3079429523278,0.0,0.00804000000000000027144952952085077413357794284820556640625,btc,29.538623870000002,0.908464921437,0.1479174069395,1
1,[],20,[],2019-08-01 05:19:11,931.0577,0.00795,0.0000007935713850000001,7861907,2019-08-01 05:19:11,btc,0.2354871025917,2.3662,0.00795,btc,20.0536,0.0189930178188,0.1260594885843,1
1,[],21,[],2019-08-01 05:19:11,2510.04698156,0.008058390000000000344404504915,0.0000008043909073170001,7861908,2019-08-01 05:19:11,btc,11.117435451531076,1625.49476135,0.00805839000000000034440450491501906071789562702178955078125,"btc,eth",1796.80172438,12.39710854711435,16.885503500591042,1
1,[],22,[],2019-08-01 05:19:15,1.1199,0.00200000,0.0000001996406,7861909,2019-08-01 05:19:15,BTC,0.01700354,0.0,0.00200000,BTC,0.28368882389874633,0.0,0.00197189,1
1,[],24,[],2019-08-01 05:19:16,0.0,0.000000000000,0,7861910,2019-08-01 05:19:16,btc,0.0,0.0,0.000000000000,btc,0.0,0.0,0.0,1
0.0,[],25,[],2019-08-01 05:19:22,0.0,0,0,7861911,2019-08-01 05:19:22,btc,13.88189999926866,14255.43957629,0.0,btc,1643.05688277,116.604,0.0,1
1,[],26,[],2019-08-01 05:19:25,0.0,0,0,7861912,2019-08-01 05:19:25,,0.0,0.0,0,,0.0,0.0,0.0,1
1,[],28,[],2019-08-01 05:19:44,1059.021,0.008160000000,0.0000008145336480000001,7861913,2019-08-01 05:19:44,btc,0.369430365,2493.0,0.008160000000,btc,22.3803,0.0,0.421330036,1
1,[],5,[],2019-07-06 00:27:44,0.0,0,0,7800775,2019-07-06 00:27:44,btc,0.0,0.00190933,0,btc,0.0,0.0,0.0,1
0,[],2,[],2019-01-20 23:28:45,0.0,0,0,6477011,2019-01-20 23:28:45,,0.0,0.0,0,,0.0,0.0,0.0,1
1,[],22,[],2019-08-01 05:19:49,11550.3,0.0000002,0.000000000019964060000000002,7861914,2019-08-01 05:19:49,BTC,21.00878619,0.0,0.0000002,"BTC,XMR",19931.59287795317,0.0,0.00143681,2
1,[],5,[],2019-07-06 00:28:14,0.0,0,0,7800785,2019-07-06 00:28:14,btc,0.0,0.00208797,0,btc,0.0,0.0,0.0,2
1,[],12,[],2019-08-01 05:19:50,4442481.71649998,0.000000064,0.000000000006388499200000001,7861915,2019-08-01 05:19:50,btc,42924.0051837489,0.0,0.000000064,btc,7669753.7559124,0.116045234105,0.2098779567453988,3
0,[],28,[],2019-08-01 05:19:52,0.0,0,0,7861916,2019-08-01 05:19:52,,0.0,0.0,0,,0.0,0.0,0.0,3
1,[],5,[],2019-06-03 14:48:58,0.0,0,0,7731126,2019-06-03 14:48:58,btc,0.0,0.05905545,0,btc,0.0,0.0,0.0,3
0,[],2,[],2019-01-20 23:31:32,0.0,0,0,6477077,2019-01-20 23:31:32,,0.0,0.0,0,,0.0,0.0,0.0,4
1,[],4,[],2019-07-23 19:39:19,5194762.69889617,0.00000005,0.00000000000508272,7830176,2019-07-23 19:39:19,btc,51.370046856622295,0.0,0.00000005,btc,1310172.08039262,0.0,0.0608782288383904,4
0,[],12,[],2019-07-10 21:32:46,0.0,0,0,7800866,2019-07-10 21:32:46,btc,641.7517620215584,0.0,0,btc,1208658.0779220702,0.0,0.0,5
0,[],2,[],2019-01-20 23:31:51,0.0,0,0,6477087,2019-01-20 23:31:51,,0.0,0.0,0,,0.0,0.0,0.0,6
1,[],11,[],2019-08-01 05:19:54,5642836.0,0.00000001,0.000000000000998203,7861917,2019-08-01 05:19:54,btc,9582.831145734168,10070.0,0.00000001,btc,77725724.08354719,0.0,0.056428360000000004,6
1,[],3,[],2019-08-01 05:19:54,12178.68605473378,0.00005276000000000000307587288972399619524367153644561767578125,0.000000005266519028000001,7861918,2019-08-01 05:19:54,btc,1026.3246118349336,18380.5365145,0.00005276000000000000307587288972399619524367153644561767578125,btc,553.951179802911,0.0,0.02510216721674883,7
1,[],4,[],2019-08-01 05:19:55,319608.82983973,0.00011827,0.000000011805746881,7861919,2019-08-01 05:19:55,btc,15.51238321938695,0.0,0.00011827,btc,78373.39049997,6.57051628,4.129928827594491,7
1,[],5,[],2019-07-06 00:28:21,0.0,0,0,7800789,2019-07-06 00:28:21,btc,0.0,0.38662001,0,btc,0.0,0.0,0.0,7
1,[],20,[],2019-04-07 22:06:50,3201475.0482,0.000000001,0.000000000000051590000000000004,7213932,2019-04-07 22:06:50,btc,30.8005781811902,0.0,0.000000001,btc,23077405.3926,0.0,0.0032014750482,8
1,[],4,[],2019-02-17 11:22:43,4341674.27126056,0.00000002,0.0000000000007272960000000001,6696112,2019-02-17 11:22:43,btc,0.1997230937751353,0.0,0.00000002,btc,4109766.79808031,0.00215132,0.0479381022052112,10
1,[],5,[],2019-07-05 17:50:59,0.0,0,0,7799863,2019-07-05 17:50:59,btc,0.0,0.04857279,0,btc,0.0,0.0,0.0,12
0,[],2,[],2019-01-20 23:23:08,0.0,0,0,6476890,2019-01-20 23:23:08,,0.0,0.0,0,,0.0,0.0,0.0,12
1,[],4,[],2019-08-01 05:19:56,26663540.12089062,0.00000026,0.000000000025953278000000004,7861920,2019-08-01 05:19:56,btc,6.570347819180709,0.0,0.00000026,btc,12368640.83081253,0.36233926,2.391002635570373,12
0.0,[],25,[],2019-08-01 05:19:59,0.0,0,0,7861921,2019-08-01 05:19:59,,0.0,0.0,0.0,btc,0.0,0.0,0.0,12
1,[],4,[],2019-08-01 05:20:00,716964.26041042,0.00000225,0.00000000022459567500000002,7861922,2019-08-01 05:20:00,btc,3.4645059111253285,0.0,0.00000225,btc,696772.40737944,0.87240032,0.4789832984124875,13
1,[],10,[],2019-08-01 05:20:02,683337.0780045,0.00000212,0.00000000021161903600000003,7861923,2019-08-01 05:20:02,btc,666798.0661348165,15353.5938493,0.00000212,btc,1077458.36990308,0.0,0.1386239817496914,13
1,[],21,[],2019-08-01 05:20:04,6396340.76326235,0.000002269999999999999865514478323,0.000000000226592081,7861924,2019-08-01 05:20:04,btc,3.749460471290671,1159889.57231709,0.00000226999999999999986551447832272554450128154712729156017303466796875,btc,1171735.12445398,2.7169584,3.818897094601829,13
1,[],4,[],2019-08-01 05:20:04,1691807.60355763,0.00000167,0.00000000016669990100000002,7861925,2019-08-01 05:20:04,btc,1704.1607248569733,0.0,0.00000167,btc,1173005.93155322,0.96141104,1.0263850271035844,14
1,[],12,[],2019-08-01 05:20:05,227457.97759833,0.00000191999999999999982841307998027158276954651228152215480804443359375,0.000000000191654976,7861926,2019-08-01 05:20:05,btc,753.5945201711943,0.0,0.00000191999999999999982841307998027158276954651228152215480804443359375,btc,24870.44908938,0.021882915881,0.031142209999905898,14
1,[],26,[],2019-08-01 05:22:05,0.0,0,0,7861927,2019-08-01 05:22:05,,0.0,0.0,0,,0.0,0.0,0.0,14
0,[],17,[],2019-05-03 00:53:32,0.0,0,0,7558876,2019-05-03 00:53:32,btc,0.0,0.0,0,btc,0.0,0.0,0.0,14
0,[],4,[],2019-08-01 05:22:06,0.0,0,0,7861928,2019-08-01 05:22:06,,0.0,0.0,0,,0.0,0.0,0.0,15
,[],12,[],2018-12-01 15:15:48,204241.84496,0.00000489,0.000000000202473384,5260204,2018-12-01 15:15:48,btc,49.5475654835,0.0,,btc,35763.2193806,0.0163153972027625,0.0203389899998,15
0,[],2,[],2019-01-20 23:23:38,0.0,0,0,6476906,2019-01-20 23:23:38,,0.0,0.0,0,,0.0,0.0,0.0,18
1,[],4,[],2019-08-01 05:22:07,236983.40573592,0.00000801,0.0000000007995606030000001,7861929,2019-08-01 05:22:07,btc,2.395584927481572,0.0,0.00000801,btc,18783.59001294,0.03054902,0.0825108051003812,18
1,[],10,[],2019-08-01 05:22:09,405244.20653455,0.00000791,0.0000000007895785730000002,7861930,2019-08-01 05:22:09,btc,15.261285489236975,2895.25991088,0.00000791,btc,25502.13733885,0.0,0.2865564561121581,18
1,[],12,[],2019-08-01 05:22:11,5797.39183731,0.000008149999999999999895894907397941864246604382060468196868896484375,0.000000000813535445,7861931,2019-08-01 05:22:11,btc,0.5672446710787467,0.0,0.000008149999999999999895894907397941864246604382060468196868896484375,btc,1953.14411323,2.0375e-07,0.0193939679234009,18
0,[],17,[],2019-05-03 00:53:39,0.0,0,0,7558882,2019-05-03 00:53:39,btc,0.0,0.0,0,btc,0.0,0.0,0.0,18
0,[],2,[],2019-01-20 23:24:19,0.0,0,0,6476924,2019-01-20 23:24:19,,0.0,0.0,0,,0.0,0.0,0.0,19
1,[],3,[],2019-08-01 05:24:11,159944.1048673459,0.00000973000000000000001497933721505972926024696789681911468505859375,0.0000000009712515190000001,7861932,2019-08-01 05:24:11,btc,190.7036852388632,40744.7687697,0.00000973000000000000001497933721505972926024696789681911468505859375,btc,26152.364925704245,0.0,0.0964994026255394,19
1,[],4,[],2019-08-01 05:24:12,163972.86344686,0.00000882,0.000000000880415046,7861933,2019-08-01 05:24:12,btc,5.797728360410926,0.0,0.00000882,btc,234035.63525256,1.27915042,0.6219242441940901,19
1,[],12,[],2019-08-01 05:24:13,128633.25530905,0.00001209999999999999934657303468643618771238834597170352935791015625,0.0000000012078256300000001,7861934,2019-08-01 05:24:13,btc,0.9059274212258778,0.0,0.00001209999999999999934657303468643618771238834597170352935791015625,btc,2900.99332371,0.007943067329,0.0259983336296488,19
0,[],27,[],2019-08-01 05:24:17,0.0,0,0,7861935,2019-08-01 05:24:17,,0.0,0.0,0,btc,0.0,0.0,0.0,19
1,[],5,[],2019-07-06 02:01:19,0.0,0,0,7800799,2019-07-06 02:01:19,btc,0.0,0.0,0,btc,0.0,0.0,0.0,19
1,[],4,[],2019-07-29 19:25:49,10353657.19200168,0.00000004,0.00000000000380056,7852644,2019-07-29 19:25:49,btc,5.05391839687648,0.0,0.00000004,btc,2198660.28976956,0.00463032,0.119113600254017,20
0,[],4,[],2019-08-01 05:24:18,0.0,0,0,7861936,2019-08-01 05:24:18,,35227.98690783205,0.0,0,,166253695.09376922,0.01361696,0.0,21
0,[],12,[],2019-08-01 05:24:20,0.0,0,0,7861937,2019-08-01 05:24:20,btc,2619.3272872092507,0.0,0,btc,8436912.72327668,0.000270489511,0.0,21
0,[],17,[],2019-05-03 00:53:51,0.0,0,0,7558891,2019-05-03 00:53:51,btc,0.0,0.0,0,btc,0.0,0.0,0.0,21
1,[],12,[],2019-07-29 17:23:56,4684730557.784245,0.0000000048,0.000000000000458592,7852363,2019-07-29 17:23:56,btc,1437886092868.7854,0.0,0.0000000048,btc,1474718993.5766203,5.708113699736,5.142962750966216,23
0.0000000002204393,[],27,[],2019-07-29 17:24:02,79794022.5,8.5971327e-17,8.21370058158e-21,7852364,2019-07-29 17:24:02,eth,1253.5830452782222,787155.0,0.00000039,eth,2317982.66147653,6.7672759904685e-11,2.1948587434632156e-09,23
1,[],4,[],2019-08-01 05:26:21,6521818.20390989,0.00000085,0.00000000008484725500000001,7861938,2019-08-01 05:26:21,btc,43.03143673382491,0.0,0.00000085,btc,1745719.43372896,0.48795285,0.3729866625336758,24
0,[],22,[],2019-08-01 05:26:24,0.0,0,0,7861939,2019-08-01 05:26:24,,0.0,0.0,0,,0.0,0.0,0.0,24
0.0,[],25,[],2019-08-01 05:26:29,0.0,0,0,7861940,2019-08-01 05:26:29,,0.0,0.0,0.0,btc,0.0,0.0,0.0,24
0,[],2,[],2019-01-20 23:25:56,0.0,0,0,6476976,2019-01-20 23:25:56,,0.0,0.0,0,,0.0,0.0,0.0,26
1,[],4,[],2019-08-01 05:26:30,26982680.75432628,0.00000429,0.00000000042822908700000003,7861941,2019-08-01 05:26:30,btc,13.069114685246552,0.0,0.00000429,btc,211809.46634965,0.17745795,0.5629321133000162,26
1,[],10,[],2019-08-01 05:26:32,229943.65838636,0.00000423,0.00000000042223986900000003,7861942,2019-08-01 05:26:32,btc,25.7659965873692,5482.44632564,0.00000423,btc,18685.65262273,0.0,0.0550732648337312,26
1,[],5,[],2019-04-26 09:47:06,0.0,0,0,7465326,2019-04-26 09:47:06,btc,0.0,0.0,0,btc,0.0,0.0,0.0,27
1,[],3,[],2019-06-17 14:30:26,13571825.64059417,0.00000001,0.00000000000092914,7740112,2019-06-17 14:30:26,btc,3.485049956644059,4264730.43754,0.00000001,btc,23500048.28518193,0.0,0.1357182564059417,27
1,[],11,[],2019-07-15 06:07:59,993045.80216525,0.00000001,0.000000000001021634,7819506,2019-07-15 06:07:59,btc,67502.92060589766,178.77941309,0.00000001,btc,6487362.95640949,0.0,0.0099304580216525,27
0.0000000000971036,[],4,[],2019-08-01 05:26:33,443916000.56095535,7.6711844e-17,7.6573992816332e-21,7861943,2019-08-01 05:26:33,ltc,12.056931721493209,0.0,0.00000079,ltc,819217313.862019,0.0016605,8.533034616011109e-09,29
1,[],7,[],2019-08-01 05:26:35,0.0,0,0,7861944,2019-08-01 05:26:35,btc,1236880.7869894267,0.0,0,btc,38248145.446311764,0.0,0.0,29
0,[],17,[],2019-05-03 01:11:25,0.0,0,0,7559066,2019-05-03 01:11:25,btc,0.0,0.0,0,btc,0.0,0.0,0.0,30
1,[],4,[],2019-08-01 05:26:36,15793988.63529171,0.00000014,0.000000000013974842000000001,7861945,2019-08-01 05:26:36,btc,2.59947374871558,0.0,0.00000014,btc,2047544.77932279,0.01020205,0.2152693787137868,30
1,[],4,[],2019-08-01 05:28:37,209362.43229371,0.00003735,0.000000003728288205,7861946,2019-08-01 05:28:37,btc,5.079258764028366,0.0,0.00003735,btc,72868.95532839,1.36094191,0.7641012154378592,31
1,[],21,[],2019-08-01 05:28:38,82262.71365515,0.00003703999999999999773094699895,0.000000003697343912,7861947,2019-08-01 05:28:38,btc,4.79185943075634,257688.46953877,0.000037039999999999997730946998952816784367314539849758148193359375,btc,102612.33062311,10.28111469,2.7361745091610667,31
0,[],2,[],2019-01-20 23:28:43,0.0,0,0,6477009,2019-01-20 23:28:43,,0.0,0.0,0,,0.0,0.0,0.0,32
1,[],12,[],2019-03-30 07:55:10,40641173.964,0.00000003,0.000000000001228359,7108785,2019-03-30 07:55:10,btc,4233210.82356125,0.0,0.00000003,btc,28378394.68333462,0.0126927883965248,0.90752895892,33
0,[],4,[],2019-08-01 05:28:39,0.0,0,0,7861948,2019-08-01 05:28:39,,0.0,0.0,0,,0.0,0.0,0.0,33
0.0000000000971036,[],4,[],2019-08-01 05:28:40,33057538.62430892,4.0783512e-17,4.0710224028936006e-21,7861949,2019-08-01 05:28:40,ltc,5.424046711526488,0.0,0.00000042,ltc,164672267.75893766,0.00798412,4.896466813862086e-10,34
1,[],5,[],2019-07-06 02:03:46,0.0,0,0,7800811,2019-07-06 02:03:46,btc,0.0,0.0,0,btc,0.0,0.0,0.0,34
0,[],4,[],2019-07-11 00:07:02,0.0,0,0,7801420,2019-07-11 00:07:02,,3.68295914902898e-08,0.0,0,,6667385825.224262,0.0,0.0,36
0.0000000002385992,[],27,[],2019-07-11 00:09:09,11642390.307056,6.9193768e-17,8.4302504017872e-21,7801421,2019-07-11 00:09:09,eth,1120.18186,0.0,0.00000029,"ltc,eth",2270631.0,0.0,1.3601704595377105e-10,36
0.0000000002926451,[],17,[],2019-05-02 18:17:47,200000.0,2.9264510000000002e-18,1.596703856561e-22,7556430,2019-05-02 18:17:47,eth,0.20942468735267253,0.0,0.00000001,"btc,eth",1018272.20243647,0.0,5.852902e-13,36
1,[],5,[],2019-05-31 13:28:21,0.0,0,0,7717484,2019-05-31 13:28:21,btc,0.0,0.0,0,btc,0.0,0.0,0.0,36
1,[],17,[],2019-05-03 01:11:36,211752.74075282,0.00000025,0.000000000013700074999999998,7559074,2019-05-03 01:11:36,btc,0.055484923955058496,0.0,0.00000025,"btc,eth",1387.19918473,0.0,0.0005381851887916605,37
1,[],4,[],2019-08-01 05:28:42,11481165.05392467,0.00000020,0.000000000019964060000000002,7861950,2019-08-01 05:28:42,btc,19772.79687786678,0.0,0.00000020,btc,1288044.87820498,0.18161421,0.2608935085176881,37
1,[],12,[],2019-08-01 05:28:43,10322263.52689789,0.00000018,0.000000000017967654,7861951,2019-08-01 05:28:43,btc,1699.9246606862228,0.0,0.00000018,btc,2010899.00329792,0.115426856462,0.4023939911111029,37
1,[],27,[],2019-08-01 05:30:46,6255.0,0.00000019,0.000000000018965857000000003,7861952,2019-08-01 05:30:46,btc,22.61101824371233,0.0,0.00000019,btc,4198.924835,0.0,0.00091445,37
1,[],12,[],2019-08-01 05:30:48,211318.67770333,0.0000011500000000000000008998878031629686802261858247220516204833984375,0.00000000011479334500000001,7861953,2019-08-01 05:30:48,btc,563.7671431317234,0.0,0.0000011500000000000000008998878031629686802261858247220516204833984375,btc,158330.38978322,0.035934951105,0.0525509837222041,42
0.0000000002135838,[],27,[],2019-08-01 05:31:03,3000.0,2.135838e-17,2.1319998991140003e-21,7861954,2019-08-01 05:31:03,eth,0.001005,0.0,0.0000001,"btc,eth",3.0,0.0,6.407514e-14,42
1,[],5,[],2019-07-06 02:03:47,0.0,0,0,7800812,2019-07-06 02:03:47,btc,0.0,0.14382058,0,btc,0.0,0.0,0.0,42
1,[],12,[],2019-03-13 09:13:29,1112112.0,0.00000001,0.000000000000386531,6919902,2019-03-13 09:13:29,btc,29058.00478931866,0.0,0.00000001,btc,5967681.93306694,9.99000999e-07,0.01112112,43
1,[],5,[],2019-04-26 22:38:52,0.0,0,0,7474154,2019-04-26 22:38:52,btc,0.0,0.02638891,0,btc,0.0,0.0,0.0,43
0,[],17,[],2019-04-26 22:38:53,0.0,0,0,7474155,2019-04-26 22:38:53,btc,0.0,0.0,0,btc,0.0,0.0,0.0,43
1,[],12,[],2019-03-05 01:54:08,639326.02,0.00000004,0.000000000001486676,6845775,2019-03-05 01:54:08,btc,11116042.728239931,0.0,0.00000004,btc,1103841.4595604,0.0003330765234764,0.014975410599999999,44
0.0000000000971036,[],4,[],2019-08-01 05:31:04,102300462.87274429,3.1073152e-17,3.1017313545856e-21,7861955,2019-08-01 05:31:04,ltc,1982.638412718327,0.0,0.00000032,ltc,28731035.87397031,0.0,4.2088056104681905e-10,49
0.0000000000971036,[],4,[],2019-08-01 05:31:05,308899031.3446491,2.42759e-17,2.42322762077e-21,7861956,2019-08-01 05:31:05,ltc,31828.54304878928,0.0,0.00000025,ltc,215672769.77765155,0.0,1.7015777988947212e-09,52
0,[],22,[],2019-08-01 05:31:08,0.0,0,0,7861957,2019-08-01 05:31:08,,10289.74058841,0.0,0,,278058119.4566013,0.0,0.0,57
0,[],27,[],2019-08-01 05:31:13,0.0,0,0,7861958,2019-08-01 05:31:13,,0.0,0.0,0,"btc,eth",0.0,0.0,0.0,57
1,[],17,[],2019-05-03 01:12:09,1200000.0,0.0000000001,0.00000000000000548003,7559085,2019-05-03 01:12:09,btc,1e+24,0.0,0.0000000001,"btc,eth",39516342.31952568,0.0,0.00010000000058666061,58
0.0000000000971036,[],4,[],2019-08-01 05:31:14,867558645.6370946,9.71036e-19,9.69291048308e-23,7861959,2019-08-01 05:31:14,ltc,19.774202963209323,0.0,0.00000001,ltc,5448196439.18511,0.0,8.424306770248618e-10,58
1,[],12,[],2019-08-01 05:31:15,1542119966.2145119,0.0000000001,0.000000000000009982030000000001,7861960,2019-08-01 05:31:15,btc,70374269.90602127,0.0,0.0000000001,btc,4647178563.381655,0.012087692457,0.1542119966214512,58
0.0000000000803691,[],22,[],2019-08-01 05:33:18,126877.0,8.03691e-19,8.02246767273e-23,7861961,2019-08-01 05:33:18,XMR,68.17454206,0.0,0.00000001,XMR,9626402.6,0.0,0.00126877,58
0,[],22,[],2019-07-29 19:34:48,0.0,0,0,7852671,2019-07-29 19:34:48,,1000.95208651,0.0,0,,9038.133510458989,0.0,0.0,61
1,[],26,[],2019-07-29 19:34:48,0.0,0,0,7852672,2019-07-29 19:34:48,,0.0,0.0,0,,0.0,0.0,0.0,61
0,[],27,[],2019-07-29 19:34:56,0.0,0,0,7852673,2019-07-29 19:34:56,,1.97314195,0.0,0,"btc,eth",10936.9,0.0,0.0,61
1,[],28,[],2019-07-29 19:35:03,40000.0,0.00000004,0.00000000000380056,7852674,2019-07-29 19:35:03,btc,0.242343945415105,418.0,0.00000004,btc,8016.46650005,0.0,0.001,61
1,[],5,[],2019-06-17 14:31:27,0.0,0,0,7740135,2019-06-17 14:31:27,btc,0.0,0.00079154,0,btc,0.0,0.0,0.0,61
1,[],4,[],2019-08-01 05:04:52,1503973.92785444,0.00000106,0.00000000010542526800000001,7861855,2019-08-01 05:04:52,btc,5.9323240631791565,0.0,0.00000106,btc,1462137.89312357,0.10174594,0.5498721266411977,67
0.0,[],25,[],2019-08-01 05:04:53,0.0,0,0,7861856,2019-08-01 05:04:53,,0.0,0.0,0.0,btc,0.0,0.0,0.0,67
1,[],12,[],2019-06-02 06:23:14,910048.355,0.00000006,0.000000000005154929999999999,7725270,2019-06-02 06:23:14,btc,5.167005424215783,0.0,0.00000006,btc,738530.60239759,0.003159757462,0.0187188113,71
,[],5,[],2018-11-20 23:02:39,1.5e-07,0.00000005,0.000000000002128045,4862160,2018-11-20 23:02:39,btc,2.84511358,0.0,,btc,0.00036572,0.0,0.07381892,74
1,[],5,[],2019-07-06 00:15:01,0.0,0,0,7800749,2019-07-06 00:15:01,btc,0.0,0.01883861,0,btc,0.0,0.0,0.0,75
0,[],4,[],2019-07-10 21:51:38,0.0,0,0,7800925,2019-07-10 21:51:38,,581890.2410093442,0.0,0,,38279594.33970312,0.0,0.0,81
0,[],20,[],2019-01-25 09:30:31,0.0,0,0,6495923,2019-01-25 09:30:31,btc,0.0,0.0,0,btc,0.0,0.0,0.0,81
1,[],4,[],2019-08-01 05:33:20,160967.34640831,0.00006666,0.000000006654021198,7861962,2019-08-01 05:33:20,btc,58.48905397124371,0.0,0.00006666,btc,124744.98467828,0.00114347,0.1353179189208856,82
1,[],21,[],2019-08-01 05:33:21,341456.71470755,0.00006504999999999999552111745738,0.000000006493310515,7861963,2019-08-01 05:33:21,btc,4.593492043732665,2517.93204497,0.000065049999999999995521117457375481762937852181494235992431640625,btc,46763.89640713,0.16438002,2.13184899050365,82
0,[],17,[],2019-03-25 22:42:34,0.0,0,0,7038780,2019-03-25 22:42:34,btc,0.0445064681804024,0.0,0,btc,995513.18476001,0.0,0.0,84
0,[],4,[],2019-07-23 20:51:52,0.0,0,0,7830376,2019-07-23 20:51:52,,1.6413985531662756,0.0,0,,620289065.5915176,0.0,0.0,85
,[],22,[],2018-11-20 23:09:34,3408.1,0.0000001,0.0000000000041895,4862324,2018-11-20 23:09:34,BTC,0.04624735,0.0,,BTC,4990.0,0.0,0.00033081,86
1,[],22,[],2019-08-01 05:33:25,10000.0,0.00000001,0.000000000000998203,7861964,2019-08-01 05:33:25,BTC,1.89641177,0.0,0.00000001,BTC,814782.447368421,0.0,0.0001,87
1,[],27,[],2019-08-01 05:33:28,1000.0,0.00000005,0.000000000004991015000000001,7861965,2019-08-01 05:33:28,btc,4.778968650774,0.0,0.00000005,btc,276906.89336,0.0,4e-05,87
,[],2,[],2018-11-20 23:10:47,0.0,0,0,4862359,2018-11-20 23:10:47,,0.0,0.0,,,0.0,0.0,0.0,88
1,[],11,[],2019-07-13 06:40:01,299353.97557583,0.0000369999999999999981139219007442164866006351076066493988037109375,0.0000000043049315,7811813,2019-07-13 06:40:01,btc,156.70253706438987,1923.2,0.0000369999999999999981139219007442164866006351076066493988037109375,btc,146186.36192325,0.0,0.8075395878505254,89
0,[],2,[],2019-01-20 23:31:45,0.0,0,0,6477083,2019-01-20 23:31:45,,0.0,0.0,0,,0.0,0.0,0.0,91
1,[],12,[],2019-07-29 19:37:20,363887.60323923,0.0000004,0.0000000000380056,7852681,2019-07-29 19:37:20,btc,434.49795557380435,0.0,0.0000004,btc,256704.51785259,0.005208319156,0.022326455808262,91
1,[],22,[],2019-07-29 19:39:29,50200.0,0.00000002,0.00000000000190028,7852682,2019-07-29 19:39:29,BTC,1.05335,0.0,0.00000002,"BTC,LTC",1839.95,1.836e-05,0.001804,91
0,[],17,[],2019-05-03 01:12:26,0.0,0,0,7559096,2019-05-03 01:12:26,btc,0.0,0.0,0,btc,0.0,0.0,0.0,91
1,[],22,[],2019-07-10 21:56:00,91614.0,0.00000002,0.000000000002352202,7800934,2019-07-10 21:56:00,BTC,11.8980079,0.0,0.00000002,"BTC,LTC",347503.789747713,0.0,0.06622228,95
0,[],17,[],2019-05-03 01:12:32,0.0,0,0,7559100,2019-05-03 01:12:32,btc,0.0,0.0,0,btc,0.0,0.0,0.0,96
0.0000000000971036,[],4,[],2019-08-01 05:33:29,556295242.7887609,1.2623468e-17,1.2600783628004002e-21,7861966,2019-08-01 05:33:29,ltc,11.638177914860234,0.0,0.00000013,ltc,189380298.1693766,0.0,6.972564160878644e-10,96
0,[],12,[],2019-08-01 05:33:31,0.0,0,0,7861967,2019-08-01 05:33:31,btc,48.50912581563436,0.0,0,btc,13461024.563436551,0.0,0.0,96
0,[],2,[],2019-01-20 23:23:55,0.0,0,0,6476914,2019-01-20 23:23:55,,0.0,0.0,0,,0.0,0.0,0.0,100
1,[],4,[],2019-08-01 05:35:31,131182.38804282,0.00002026,0.0000000020223592780000003,7861968,2019-08-01 05:35:31,btc,8.278442205300609,0.0,0.00002026,btc,162953.77137055,0.21098874,0.5441031469469437,100
1,[],22,[],2019-08-01 05:35:35,146000.0,0.00000002,0.000000000001996406,7861969,2019-08-01 05:35:35,BTC,26.50623849,0.0,0.00000002,BTC,10383.92,0.0,0.00162,101
1,[],4,[],2019-07-16 14:33:47,547933.05083038,0.00000126,0.000000000131120388,7825334,2019-07-16 14:33:47,btc,634.8524452924697,0.0,0.00000126,btc,812393.56021757,0.00301441,0.079245871140487,103
1,[],12,[],2019-08-01 05:35:37,66112446.0,0.000000003,0.00000000000029946090000000003,7861970,2019-08-01 05:35:37,btc,342104.99328971794,0.0,0.000000003,btc,114773211.46941218,0.000225065428,0.123403514,105
0,[],27,[],2019-08-01 05:35:40,0.0,0,0,7861971,2019-08-01 05:35:40,,206.701126188587,0.0,0,btc,2061826.91301344,0.0,0.0,105
1,[],22,[],2019-07-10 21:58:18,21333.0,0.00000001,0.000000000001176101,7800942,2019-07-10 21:58:18,BTC,51.38182867,0.0,0.00000001,BTC,470435.0,0.0,0.00021333,107
1,[],26,[],2019-07-10 21:58:18,0.0,0.00000000,0,7800943,2019-07-10 21:58:18,btc,0.0,0.0,0.00000000,btc,0.0,0.0,0.0,107
1,[],5,[],2019-07-06 00:19:31,0.0,0,0,7800761,2019-07-06 00:19:31,btc,0.0,0.0,0,btc,0.0,0.0,0.0,112
0,[],22,[],2019-08-01 05:35:44,0.0,0,0,7861972,2019-08-01 05:35:44,,6.79500102,0.0,0,,3375892.0833333335,0.0,0.0,112
1,[],27,[],2019-08-01 05:35:48,1.0,0.00000001,0.000000000000998203,7861973,2019-08-01 05:35:48,btc,0.0,0.0,0.00000001,"btc,eth",0.0,0.0,1e-08,112
1,[],5,[],2019-07-06 00:19:43,0.0,0,0,7800765,2019-07-06 00:19:43,btc,0.0,0.0,0,btc,0.0,0.0,0.0,113
1,[],4,[],2019-08-01 05:35:48,796303.83058692,0.00000120,0.00000000011978436,7861974,2019-08-01 05:35:48,btc,10.063020665100732,0.0,0.00000120,btc,1511513.07057076,0.37399101,0.3512326206860557,113
1,[],17,[],2019-04-26 02:17:47,162738.278,0.00000004,0.0000000000021069000000000002,7461287,2019-04-26 02:17:47,btc,1.3331140273775473,0.0,0.00000004,btc,51796.221,0.0,0.00230953112,116
1,[],27,[],2019-08-01 05:37:52,95525.16595526,0.00000001,0.000000000000998203,7861975,2019-08-01 05:37:52,btc,3918.96487209,0.0,0.00000001,btc,88497.69,0.0,0.0009552516595526,116
1,[],4,[],2019-07-18 16:30:54,1315571.55655546,0.00000231,0.000000000240609138,7830151,2019-07-18 16:30:54,btc,97.45214423295644,0.0,0.00000231,btc,453338.25653217,0.02253203,0.1939949889478389,120
1,[],7,[],2019-07-18 16:30:55,3748.91566159,0.0000075000000000000001900064307280846520598061033524572849273681640625,0.0000000007811985,7830152,2019-07-18 16:30:55,btc,231231.56046533308,193.90926286,0.0000075000000000000001900064307280846520598061033524572849273681640625,btc,4437.92755754,0.00147798,0.008882383768671,120
1,[],20,[],2019-04-07 18:42:29,1914137.0852,0.000000035,0.0000000000017871910000000002,7211992,2019-04-07 18:42:29,btc,32.2497668025648,25528.85,0.000000035,btc,1001975.4986,0.00089350975,0.0152723574729,125
1,[],22,[],2019-06-17 14:32:38,10000.0,0.00000001,0.00000000000092914,7740161,2019-06-17 14:32:38,BTC,0.032061,0.0,0.00000001,BTC,299316.7611111111,0.0,0.0001,126
0,[],2,[],2019-01-20 23:25:46,0.0,0,0,6476969,2019-01-20 23:25:46,,0.0,0.0,0,,0.0,0.0,0.0,131
1,[],17,[],2019-05-03 01:13:10,10000.0,0.00000001,0.000000000000548003,7559115,2019-05-03 01:13:10,btc,0.0953976503951408,0.0,0.00000001,btc,5037.62507334,0.0,0.0001,131
1,[],4,[],2019-08-01 05:37:53,265724.28138484,0.00000480,0.00000000047913744,7861976,2019-08-01 05:37:53,btc,3.1829742310115514,0.0,0.00000480,btc,235951.46300387,0.90251881,0.3322978858804499,131
1,[],4,[],2019-08-01 05:11:29,40142.7919693,0.00001669,0.000000001659950682,7861872,2019-08-01 05:11:29,btc,0.2898064209606153,0.0,0.00001669,btc,246.3137803,0.00012154,0.3480432008998699,135
1,[],3,[],2019-07-13 16:51:20,187.26592867,0.00000001,0.000000000001140965,7813490,2019-07-13 16:51:20,btc,419.77407087449336,1935513.62324,0.00000001,btc,3179086.72005867,0.0,1.8726592866999999e-06,136
1,[],4,[],2019-08-01 05:11:30,569948.2560218,0.00000533,0.000000000530110074,7861873,2019-08-01 05:11:30,btc,23.174111376229334,0.0,0.00000533,btc,607315.18311476,2.14750894,1.0693208268547687,137
1,[],12,[],2019-08-01 05:11:32,130106.64837363,0.0000053999999999999999673980406733608816693958942778408527374267578125,0.00000000053707212,7861874,2019-08-01 05:11:32,btc,46.37178403,0.0,0.0000053999999999999999673980406733608816693958942778408527374267578125,btc,63862.0,0.001164922927,0.0166607499996955,137
1,[],4,[],2019-08-01 05:11:32,377697.82841427,0.00005109,0.000000005081299002000001,7861875,2019-08-01 05:11:32,btc,300.3439523153927,0.0,0.00005109,btc,79575.96464147,4.07384559,4.160563666601429,142
1,[],20,[],2019-08-01 05:13:35,111672.4594,0.000043103,0.000000004286929553400001,7861876,2019-08-01 05:13:35,btc,1.0417929308238,0.0,0.000043103,btc,89.9913,0.0,0.0335564774238,142
1,[],22,[],2019-08-01 05:13:38,10619.88,0.00000200,0.00000000019891560000000002,7861877,2019-08-01 05:13:38,BTC,1.55898515,0.0,0.00000200,BTC,835.8398331062671,0.0,0.00416696,142
0.0,[],25,[],2019-08-01 05:13:39,0.0,0,0,7861878,2019-08-01 05:13:39,,0.0,0.0,0.0,btc,0.0,0.0,0.0,142
1,[],28,[],2019-08-01 05:15:01,10098461.0,0.000062000000,0.0000000061663836,7861879,2019-08-01 05:15:01,btc,0.52673002,3980.41,0.000062000000,btc,1558.485,0.0,1.5555572,142
1,[],17,[],2019-05-03 01:13:16,32967.38636364,0.00000088,0.000000000048224264,7559122,2019-05-03 01:13:16,btc,20.06976206696776,0.0,0.00000088,btc,2746.079105,0.0,0.0105613000000032,142
1,[],5,[],2019-07-06 02:06:10,0.0,0,0,7800822,2019-07-06 02:06:10,btc,0.0,0.00140707,0,btc,0.0,0.0,0.0,142
0,[],22,[],2019-08-01 05:15:06,0.0,0,0,7861880,2019-08-01 05:15:06,,68.35849183,0.0,0,,759882689.3744589,0.0,0.0,143
0,[],22,[],2019-02-25 15:42:22,0.0,0,0,6783783,2019-02-25 15:42:22,,4.2131946,0.0,0,,2322156.0,0.0,0.0,146
,[],22,[],2018-11-20 23:01:11,0.0,0,0,4862114,2018-11-20 23:01:11,,2.56807021,0.0,,,61828.4988236,0.0,0.0,147
1,[],12,[],2019-04-21 06:38:04,193091.5971266,0.00000071,0.000000000037635183,7388679,2019-04-21 06:38:04,btc,2.301232411611175,0.0,0.00000071,btc,9957.48302385,0.00023528,0.0313308199999888,148
1,[],4,[],2019-03-19 21:31:25,255810.0415942,0.00000029,0.000000000011615747,6982695,2019-03-19 21:31:25,btc,218.94922712414143,0.0,0.00000029,btc,793529.37642722,0.00117,0.0608347789473395,152
0,[],22,[],2019-03-19 21:31:27,0.0,0,0,6982696,2019-03-19 21:31:27,,0.0,0.0,0,,0.0,0.0,0.0,152
1,[],5,[],2019-04-26 09:36:59,0.0,0,0,7465040,2019-04-26 09:36:59,btc,0.0,0.0,0,btc,0.0,0.0,0.0,153
,[],16,[],2019-01-11 15:38:59,0.0,0,0,6366141,2019-01-11 15:38:59,btc,0.0,0.0,,btc,0.0,0.0,0.0,155
0,[],22,[],2019-08-01 05:15:11,0.0,0,0,7861881,2019-08-01 05:15:11,,7.42843365,0.0,0,,5840816.592592592,0.0,0.0,156
0,[],23,[],2019-01-20 23:24:29,0.0,0,0,6476932,2019-01-20 23:24:29,,0.0,0.0,0,,0.0,0.0,0.0,156
1,[],22,[],2019-08-01 05:15:13,6996.0,0.00000001,0.000000000000994578,7861882,2019-08-01 05:15:13,BTC,1.7543039,0.0,0.00000001,BTC,57.0,0.0,6.996e-05,157
0,[],22,[],2019-07-23 20:07:56,0.0,0,0,7830260,2019-07-23 20:07:56,,50234.60468402,0.0,0,,54786159.03179465,0.0,0.0,158
,[],17,[],2018-11-20 22:56:10,0.0,0,0,4861976,2018-11-20 22:56:10,btc,1.1265625,0.0,,btc,1000.0,0.0,0.0,159
,[],20,[],2018-11-20 22:56:12,0.0,0,0,4861977,2018-11-20 22:56:12,btc,11912.7940471,0.0,,btc,34413894.3617,0.0,0.0,159
1,[],12,[],2019-07-10 22:05:17,232905.70345548,0.0000063199999999999996293047720141711209862478426657617092132568359375,0.000000000743295832,7800964,2019-07-10 22:05:17,btc,9.923963040252861,0.0,0.0000063199999999999996293047720141711209862478426657617092132568359375,btc,15215.45465465,0.0062861,0.033379940599723996,168
1,[],17,[],2019-05-03 01:13:36,42852.0,0.00000002,0.000000000001096006,7559132,2019-05-03 01:13:36,btc,0.04279856251542,0.0,0.00000002,btc,274.46171372,0.0,0.00052852,168
1,[],22,[],2019-05-17 03:01:52,10.0,0.00000001,0.000000000000778341,7642059,2019-05-17 03:01:52,BTC,41.95893009,0.0,0.00000001,BTC,1753972.7737547632,0.0,1e-07,169
1,[],22,[],2019-08-01 05:15:17,71174.0,0.00000001,0.000000000000994578,7861883,2019-08-01 05:15:17,BTC,27.84317016,0.0,0.00000001,"BTC,LTC",289238.8494737184,0.0,0.00090174,171
1,[],22,[],2019-07-30 10:12:34,339113.0,0.00000001,0.00000000000094793,7854865,2019-07-30 10:12:34,BTC,21.25940355,0.0,0.00000001,"BTC,LTC",1435750.3536050986,0.00010646,0.01335315,173
1,[],5,[],2019-07-06 02:08:45,0.0,0,0,7800830,2019-07-06 02:08:45,btc,0.0,0.00700197,0,btc,0.0,0.0,0.0,175
1,[],22,[],2019-07-25 12:34:58,8535.0,0.00000001,0.000000000001008706,7836984,2019-07-25 12:34:58,BTC,393.97654772,0.0,0.00000001,BTC,136275.61833431243,1.465e-05,8.535e-05,176
1,[],7,[],2019-07-01 10:15:32,0.0,0,0,7783526,2019-07-01 10:15:32,btc,521516.2326888725,0.0,0,btc,26809253.73522063,0.0,0.0,178
0,[],22,[],2019-08-01 05:15:21,0.0,0,0,7861884,2019-08-01 05:15:21,,1.01388185,0.0,0,,362798.0,0.0,0.0,178
0,[],2,[],2019-01-20 23:28:34,0.0,0,0,6477001,2019-01-20 23:28:34,,0.0,0.0,0,,0.0,0.0,0.0,178
1,[],5,[],2019-07-06 02:08:50,0.0,0,0,7800832,2019-07-06 02:08:50,btc,0.0,6.904e-05,0,btc,0.0,0.0,0.0,179
0,[],22,[],2019-08-01 05:15:25,0.0,0,0,7861885,2019-08-01 05:15:25,,10.34102533,0.0,0,,15171590.651946677,0.0,0.0,179
0,[],23,[],2019-01-20 23:25:08,0.0,0,0,6476952,2019-01-20 23:25:08,,0.0,0.0,0,,0.0,0.0,0.0,179
1,[],22,[],2019-08-01 05:17:29,780237.0843228201,0.0000006,0.00000000005967468,7861886,2019-08-01 05:17:29,BTC,2.96751127,0.0,0.0000006,"BTC,LTC",234323.1289599423,0.00249916,0.60362979,180
1,[],26,[],2019-08-01 05:17:29,0.0,0,0,7861887,2019-08-01 05:17:29,,0.0,0.0,0,,0.0,0.0,0.0,180
1,[],17,[],2019-05-03 01:13:56,20504.725000000002,0.0000001,0.00000000000548003,7559141,2019-05-03 01:13:56,btc,5.2010695838400265,0.0,0.0000001,btc,5033.45945,0.0,0.0011504725,180
,[],7,[],2018-11-20 22:58:01,562227.975654,0.00000085,0.000000000036176765,4862015,2018-11-20 22:58:01,btc,21836.6059674,2491.87645172,,btc,749999.041456,0.00211021,0.127565380455,183
,[],5,[],2019-01-10 08:11:41,0.0,0,0,6347036,2019-01-10 08:11:41,btc,82.15055501,0.00261,,btc,1.19002445,0.0,0.0,187
,[],17,[],2018-11-16 20:58:10,4062536.27273,0.00000001,0.000000000000550501,4708775,2018-11-16 20:58:10,btc,3.36492563466,0.195460381006,,"btc,eth",110697919.549,0.0,0.0157628953496,187
1,[],24,[],2019-05-22 21:04:52,0.0,0.000000000014,0.0000000000000010960978,7670219,2019-05-22 21:04:52,btc,0.0,0.0,0.000000000014,btc,0.0,0.0,0.0,187
0,[],22,[],2019-07-13 22:02:15,0.0,0,0,7814314,2019-07-13 22:02:15,,7.54794454,0.0,0,,76361.7243344055,0.0,0.0,191
0,[],22,[],2019-06-17 14:33:34,0.0,0,0,7740182,2019-06-17 14:33:34,,0.0,0.0,0,,0.0,0.0,0.0,197
0,[],23,[],2019-01-20 23:31:41,0.0,0,0,6477079,2019-01-20 23:31:41,,0.0,0.0,0,,0.0,0.0,0.0,199
0,[],22,[],2019-08-01 05:17:32,0.0,0,0,7861888,2019-08-01 05:17:32,,12.82588123,0.0,0,,106829450.5,0.0,0.0,199
1,[],26,[],2019-08-01 05:17:32,0.0,0,0,7861889,2019-08-01 05:17:32,,0.0,0.0,0,,0.0,0.0,0.0,199
0,[],2,[],2019-01-20 23:30:49,0.0,0,0,6477059,2019-01-20 23:30:49,,0.0,0.0,0,,0.0,0.0,0.0,201
1,[],4,[],2019-01-25 15:51:35,2084389.58565343,0.00000936,0.000000000333526752,6499557,2019-01-25 15:51:35,btc,2.0092503037378524,0.0,0.00000936,btc,160195.80207885,0.19272417,1.242687955921835,211
1,[],7,[],2019-07-01 02:21:28,1170054124.6898527,0.00000018,0.000000000019815389999999997,7782694,2019-07-01 02:21:28,btc,1346735.6331920293,0.0,0.00000018,btc,5516233.71348162,0.0,11.954344045954047,212
1,[],12,[],2019-01-25 02:44:32,207462.42853209,0.000001080000000000000035831255497387193287295303889550268650054931640625,0.000000000038610756000000006,6493050,2019-01-25 02:44:32,btc,85023.03793723314,0.0,0.000001080000000000000035831255497387193287295303889550268650054931640625,btc,43675.73520027,0.000146250909087,0.0348620860622024,213
1,[],24,[],2019-07-14 17:01:36,0.0,0.000000200000,0.00000000002082346,7817375,2019-07-14 17:01:36,btc,0.0,0.0,0.000000200000,btc,0.0,0.0,0.0,213
1,[],26,[],2019-07-14 17:01:36,0.0,0.00000040,0.00000000004164692,7817376,2019-07-14 17:01:36,btc,0.0,0.0,0.00000040,btc,0.0,0.0,0.0,213
1,[],5,[],2019-05-30 00:07:46,0.0,0,0,7709357,2019-05-30 00:07:46,btc,0.0,0.06425239,0,btc,0.0,0.0,0.0,213
0,[],22,[],2019-08-01 05:17:36,0.0,0,0,7861890,2019-08-01 05:17:36,,9.54552254,0.0,0,,3658585.214064925,0.0,0.0,216
0,[],27,[],2019-08-01 05:17:41,0.0,0,0,7861891,2019-08-01 05:17:41,,174.0227896140976,0.0,0,"btc,ltc",454707.12534794,0.0,0.0,216
1,[],22,[],2019-08-01 05:17:44,1192849.4444444445,0.00000014,0.000000000013924092,7861892,2019-08-01 05:17:44,BTC,12055.79404754,0.0,0.00000014,BTC,535190.5703298954,3e-05,0.03765581,217
1,[],27,[],2019-07-29 11:18:17,500.0,0.00000002,0.000000000001901348,7851312,2019-07-29 11:18:17,btc,250.20903224,3797208.85,0.00000002,btc,46758.85,1.48091145,1e-05,219
0,[],28,[],2019-07-29 11:18:30,0.0,0,0,7851313,2019-07-29 11:18:30,,0.0,0.0,0,,0.0,0.0,0.0,219
1,[],7,[],2019-06-27 19:02:35,0.0,0,0,7772298,2019-06-27 19:02:35,btc,2123800.2774640615,0.0,0,btc,82333746.4752352,0.0,0.0,219
0,[],22,[],2019-07-23 20:11:38,0.0,0,0,7830275,2019-07-23 20:11:38,,57.73116496,0.0,0,,182427.70709740353,0.0,0.0,221
1,[],24,[],2019-07-23 20:11:38,0.0,0.000000010000,0.0000000000010165440000000001,7830276,2019-07-23 20:11:38,btc,0.0,0.0,0.000000010000,btc,0.0,0.0,0.0,221
1,[],20,[],2019-06-17 14:34:11,26882155.8301,0.000000003,0.000000000000278742,7740192,2019-06-17 14:34:11,btc,100050.81956632523,233521.3529,0.000000003,btc,38769742.8604,0.0007925640587,0.0306863532672,224
0,[],22,[],2019-06-17 14:34:13,0.0,0,0,7740193,2019-06-17 14:34:13,,0.0,0.0,0,,0.0,0.0,0.0,224
1,[],26,[],2019-08-01 05:17:45,0.0,0,0,7861893,2019-08-01 05:17:45,,0.0,0.0,0,,0.0,0.0,0.0,231
1,[],26,[],2019-08-01 05:17:45,0.0,0,0,7861894,2019-08-01 05:17:45,,0.0,0.0,0,,0.0,0.0,0.0,234
0.0000000002137948,[],27,[],2019-08-01 05:17:48,100.0,2.137948e-18,2.126356045944e-22,7861895,2019-08-01 05:17:48,eth,0.0,0.0,0.00000001,"btc,eth",0.0,0.0,2.137948e-16,234
1,[],5,[],2019-07-06 02:11:21,0.0,0,0,7800842,2019-07-06 02:11:21,btc,0.0,0.10652887,0,btc,0.0,0.0,0.0,237
1,[],20,[],2019-08-01 05:17:51,63597262.9407,0.000000041,0.0000000000040777698000000006,7861896,2019-08-01 05:17:51,btc,517.9389114148045,18600212.8377,0.000000041,btc,39843568.0075,0.8447334334985,0.4609682142401,237
1,[],22,[],2019-08-01 05:17:55,2167435.0,0.00000004,0.000000000003978312,7861897,2019-08-01 05:17:55,BTC,1.20112355,0.0,0.00000004,"BTC,LTC",14836.448717948719,0.0,0.02728438,237
1,[],5,[],2019-07-06 02:11:32,0.0,0,0,7800846,2019-07-06 02:11:32,btc,0.0,0.05525444,0,btc,0.0,0.0,0.0,238
1,[],4,[],2019-08-01 05:17:55,34260473.16309514,0.00000009,0.000000000008951202000000001,7861898,2019-08-01 05:17:55,btc,3.422996813896292,0.0,0.00000009,btc,13871602.12164198,0.58697794,1.0453766531491082,238
0.0000000000932996,[],22,[],2019-07-27 07:06:26,419253.0,9.32996e-19,9.392106863560001e-23,7844096,2019-07-27 07:06:26,LTC,0.40427224,0.0,0.00000001,LTC,496363.0639027493,0.0,0.00419253,249
0,[],22,[],2019-08-01 05:17:58,0.0,0,0,7861899,2019-08-01 05:17:58,,13.44711564,0.0,0,,43776457.3426455,0.0,0.0,252
1,[],28,[],2019-08-01 05:18:23,1840270.081,0.00000016,0.000000000015913248,7861900,2019-08-01 05:18:23,btc,164901.82179993181,196169.349,0.00000016,btc,3398058.1934,0.0,0.13688782671,256
0.0000000000916764,[],22,[],2019-07-23 20:12:22,1517.0,9.16764e-19,9.31930943616e-23,7830286,2019-07-23 20:12:22,LTC,31474.63788373,0.0,0.00000001,LTC,1024398.9185893413,0.0,1.517e-05,258
1,[],22,[],2019-05-19 18:12:02,400.0,0.00000001,0.0000000000007957800000000001,7653905,2019-05-19 18:12:02,BTC,2.415167,0.0,0.00000001,BTC,157.0,0.0,4e-06,259
1,[],5,[],2019-07-02 14:44:15,0.0,0,0,7788374,2019-07-02 14:44:15,btc,0.0,0.02775788,0,btc,0.0,0.0,0.0,264
1,[],20,[],2019-08-01 05:18:26,1045871.1143,0.000000261,0.0000000000259584858,7861901,2019-08-01 05:18:26,btc,0.5285678587292,7537.196,0.000000261,btc,83388.7954,0.0021234476639,0.0079283773993,264
0,[],22,[],2019-04-12 17:57:27,0.0,0,0,7278186,2019-04-12 17:57:27,,66.37522201,0.0,0,,677842.4169881374,0.0,0.0,271
0,[],22,[],2019-08-01 05:18:29,0.0,0,0,7861902,2019-08-01 05:18:29,,33050469.74148113,0.0,0,,14261527780.7,0.0,0.0,272
0.000000000000002858,[],28,[],2019-08-01 05:18:42,277664640122.875,2.2863999999999997e-22,2.2740031392e-26,7861903,2019-08-01 05:18:42,doge,159824356312.89114,14700004865.0,0.00000008,doge,111620577493.435,0.0,4.660059192263493e-11,272
1,[],22,[],2019-05-23 07:12:29,219930.0,0.00000004,0.000000000003048688,7671985,2019-05-23 07:12:29,BTC,426.77835217,0.0,0.00000004,BTC,248664.3325962929,0.0,0.00739728,281
1,[],22,[],2019-07-23 20:12:52,672850.9,0.00000002,0.0000000000020330880000000002,7830290,2019-07-23 20:12:52,BTC,26.73750817,0.0,0.00000002,"BTC,LTC",1207871.5684827343,0.0004207,0.01909618,286
0,[],22,[],2019-07-12 21:46:03,0.0,0,0,7810176,2019-07-12 21:46:03,,7337942.20855518,0.0,0,,2077158967.6797826,0.0,0.0,294
