pairValue,buyBook,exchangeId,sellBook,updated,buyTotal,satoshiPrice,usdPrice,exchangeLogId,created,bestPair,sellTotalBtc,volume,pairPrice,activePairs,sellTotal,volumeBtc,buyTotalBtc,coinId
1,[],3,[],2019-02-10 20:29:11,130.789697286791,0.0129912099999999995636468241855254746042191982269287109375,0.000000472530580451,6627455,2019-02-10 20:29:11,btc,107.09600069986796,0.06923177,0.0129912099999999995636468241855254746042191982269287109375,btc,23.634669061300002,0.0,0.28579665716281544,1
1,[],4,[],2019-02-10 20:29:12,100001.82871245,0.01306424,0.000000475186907944,6627456,2019-02-10 20:29:12,btc,1.1529593737043824,0.0,0.01306424,btc,84.5995746,1.20776642,1.467145951050429,1
1,[],5,[],2019-02-10 20:29:14,0.31904841,0.01300001,0.000000472850663731,6627457,2019-02-10 20:29:14,btc,14577.92981707,0.26277817,0.01300001,btc,35555556.08983265,0.0,2.6144794,1
1,[],10,[],2019-02-10 20:29:16,414606.54145223,0.01196722,0.00000043528488978200005,6627458,2019-02-10 20:29:16,btc,6531.890540734559,1189.99695361,0.01196722,btc,931.10394422,0.0,4.304643556828371,1
1,[],12,[],2019-02-10 20:29:18,10436.55538019,0.01302999999999999991562305012848810292780399322509765625,0.000000473941493,6627459,2019-02-10 20:29:18,btc,0.3832078443179,0.0,0.01302999999999999991562305012848810292780399322509765625,btc,22.09568884,0.2265171670002,0.3607467602303,1
1,[],20,[],2019-02-10 20:29:20,1149.1164,0.010400104,0.0000003782840228024,6627460,2019-02-10 20:29:20,btc,0.0573537536243,0.218,0.010400104,btc,2.5253,0.0025453551741,0.0832233683099,1
1,[],21,[],2019-02-10 20:29:21,2982.05986673,0.01306003000000000024982682589,0.00000047503377719300003,6627461,2019-02-10 20:29:21,btc,15.466957238088222,1452.90922956,0.01306003000000000024982682589325122535228729248046875,"btc,eth",1642.15855618,12.869711223031016,22.43552445433024,1
1,[],22,[],2019-02-10 20:29:25,0.0261076,0.01350000,0.00000049103685,6627462,2019-02-10 20:29:25,BTC,0.3139634,0.0,0.01350000,BTC,0.10070366666666666,1.62e-05,0.00034034,1
1,[],24,[],2019-02-10 20:29:26,0.0,0.000000000000,0,6627463,2019-02-10 20:29:26,btc,0.0,0.0,0.000000000000,btc,0.0,0.0,0.0,1
0.0,[],25,[],2019-02-10 20:29:26,0.0,0,0,6627464,2019-02-10 20:29:26,btc,26.611599997524873,156.21616531,0.0,btc,1983.61943897,2.0535,0.0,1
1,[],26,[],2019-02-10 20:29:36,0.0,0,0,6627465,2019-02-10 20:29:36,,0.0,0.0,0,,0.0,0.0,0.0,1
1,[],28,[],2019-02-10 20:29:38,992.968,0.01231000,0.000000447752861,6627466,2019-02-10 20:29:38,btc,0.163517306,14308.6,0.01231000,btc,8.95,0.0,0.086870176,1
0,[],2,[],2019-01-20 23:28:45,0.0,0,0,6477011,2019-01-20 23:28:45,,0.0,0.0,0,,0.0,0.0,0.0,1
1,[],5,[],2019-02-10 20:20:14,1.656e-05,0.00000063,0.000000000022939623,6627268,2019-02-10 20:20:14,btc,0.1330915,0.00022344,0.00000063,btc,6.579e-05,0.0,0.43780546,2
1,[],22,[],2019-02-10 20:20:19,1348.0,0.00000018,0.000000000006554178,6627269,2019-02-10 20:20:19,BTC,4.22139106,0.0,0.00000018,"BTC,XMR",14654.709143333333,0.0,0.00091235,2
1,[],5,[],2019-02-10 20:20:20,1.25e-06,0.00000016,0.000000000005825936,6627270,2019-02-10 20:20:20,btc,4.32166289,0.33698144,0.00000016,btc,2.213e-05,0.0,2.90041724,3
1,[],12,[],2019-02-10 20:20:23,12338319.77369769,0.000000169,0.0000000000061536449,6627271,2019-02-10 20:20:23,btc,923317.5200164168,0.0,0.000000169,btc,8586539.97695925,0.1100696181854085,0.5213616798316895,3
0,[],28,[],2019-02-10 20:20:24,0.0,0,0,6627272,2019-02-10 20:20:24,,0.0,0.0,0,,0.0,0.0,0.0,3
0,[],2,[],2019-01-20 23:31:32,0.0,0,0,6477077,2019-01-20 23:31:32,,0.0,0.0,0,,0.0,0.0,0.0,4
1,[],4,[],2019-02-10 20:20:25,420847.18251972,0.00000034,0.000000000012380114,6627273,2019-02-10 20:20:25,btc,0.3493891472186136,0.0,0.00000034,btc,323210.64460672,0.01398777,0.0608818189307861,4
1,[],12,[],2019-02-10 20:29:39,1590035.5219999999,0.00000004,0.0000000000014549240000000001,6627467,2019-02-10 20:29:39,btc,11113878.380060028,0.0,0.00000004,btc,991299.42728296,0.0026033439760245,0.02748425044,5
0,[],2,[],2019-01-20 23:31:51,0.0,0,0,6477087,2019-01-20 23:31:51,,0.0,0.0,0,,0.0,0.0,0.0,6
1,[],11,[],2019-02-10 20:20:29,1662188.4999525,0.00000002,0.0000000000007282420000000001,6627275,2019-02-10 20:20:29,btc,9433.336777231096,110000.0,0.00000002,btc,40265329.09502706,0.0,0.02455346499905,6
1,[],3,[],2019-02-10 20:29:40,1074.273146428111,0.00014521000000000000053346216333238771767355501651763916015625,0.000000005281737851,6627468,2019-02-10 20:29:40,btc,28.399990609446498,0.0,0.00014521000000000000053346216333238771767355501651763916015625,btc,235.145665820227,0.0,0.031531977816658056,7
1,[],4,[],2019-02-10 20:29:41,25866.59715586,0.00019075,0.000000006938168825,6627469,2019-02-10 20:29:41,btc,1.6040686965592608,0.0,0.00019075,btc,7366.99308473,2.33536393,4.238394697961674,7
1,[],5,[],2019-02-10 20:29:43,0.00588621,0.00018500,0.0000000067290235,6627470,2019-02-10 20:29:43,btc,1.46010057,0.28125107,0.00018500,btc,0.01213575,0.0,1.60356998,7
1,[],20,[],2019-02-10 20:29:44,59395762.1499,0.000000001,0.0000000000000363731,6627471,2019-02-10 20:29:44,btc,116.5916532606651,1743206.7423,0.000000001,btc,33312875.6586,0.0017432067423,0.0593957621499,8
0,[],2,[],2019-01-20 23:22:42,0.0,0,0,6476876,2019-01-20 23:22:42,,0.0,0.0,0,,0.0,0.0,0.0,9
0,[],23,[],2019-01-20 23:22:48,0.0,0,0,6476878,2019-01-20 23:22:48,,0.0,0.0,0,,0.0,0.0,0.0,9
1,[],1,[],2019-02-10 20:20:36,1164685.73,0.00000197000000000000019672739999532229404621830326505005359649658203125,0.00000000007173183700000001,6627280,2019-02-10 20:20:36,btc,6.3418005334,7734997.13,0.00000197000000000000019672739999532229404621830326505005359649658203125,btc,3154670.13,15.34748351,2.2665033917,9
1,[],4,[],2019-02-10 20:20:36,404455.02585281,0.00000196,0.00000000007136771600000001,6627281,2019-02-10 20:20:36,btc,0.8243561385581654,0.0,0.00000196,btc,411450.13649511,1.68909194,0.7567074617233075,9
1,[],28,[],2019-02-10 20:20:38,34500.0,0.00000165,0.000000000060079965,6627282,2019-02-10 20:20:38,btc,2708.76119522,2879665.12,0.00000165,btc,11732.68,0.0,0.02854,9
1,[],4,[],2019-02-10 09:54:02,5828483.02026053,0.00000002,0.000000000000726692,6623074,2019-02-10 09:54:02,btc,0.2014004865591215,0.0,0.00000002,btc,4198675.28035349,0.00021932,0.0653957035452106,10
0,[],2,[],2019-01-20 23:23:08,0.0,0,0,6476890,2019-01-20 23:23:08,,0.0,0.0,0,,0.0,0.0,0.0,12
1,[],4,[],2019-02-10 20:29:45,2273463.6476422,0.00000145,0.000000000052740995,6627472,2019-02-10 20:29:45,btc,1.410842331912323,0.0,0.00000145,btc,918941.81338152,0.81436453,3.094050399921568,12
1,[],5,[],2019-02-10 20:29:46,1.971e-05,0.00000140,0.00000000005092234,6627473,2019-02-10 20:29:46,btc,0.54705097,0.22211304,0.00000140,btc,0.00010736,0.0,0.09454422,12
0.0,[],25,[],2019-02-10 20:29:48,0.0,0,0,6627474,2019-02-10 20:29:48,,0.0,0.0,0.0,btc,0.0,0.0,0.0,12
1,[],4,[],2019-02-10 20:29:48,1336203.27200913,0.00000639,0.000000000232424109,6627475,2019-02-10 20:29:48,btc,0.7784842281407115,0.0,0.00000639,btc,109721.16428244,0.33408503,1.456920893273952,13
1,[],10,[],2019-02-10 20:29:51,423786.09629107,0.0000053,0.00000000019277743,6627476,2019-02-10 20:29:51,btc,666806.5088515596,4386.26246668,0.0000053,btc,758544.02352562,0.0,0.247174358810583,13
1,[],21,[],2019-02-10 20:29:52,732545.69756033,0.000006420000000000000365933412044,0.00000000023351530200000003,6627477,2019-02-10 20:29:52,btc,3.538061205819666,1043878.48597531,0.0000064200000000000003659334120442725435395914246328175067901611328125,btc,480824.84502392,6.7970042,4.242731508121973,13
1,[],4,[],2019-02-10 20:20:47,1072870.80478031,0.00000137,0.000000000049884577,6627288,2019-02-10 20:20:47,btc,0.1482319772929814,0.0,0.00000137,btc,84813.22245175,0.00322214,0.4676952433717314,14
1,[],12,[],2019-02-10 20:20:48,89022.14285714,0.000001300000000000000047051663780439678674838432925753295421600341796875,0.000000000047335730000000005,6627289,2019-02-10 20:20:48,btc,1.7677581806991556,0.0,0.000001300000000000000047051663780439678674838432925753295421600341796875,btc,29145.33636749,0.0013951297619303,0.0108986999999964,14
0,[],17,[],2019-02-10 20:20:50,0.0,0,0,6627290,2019-02-10 20:20:50,btc,0.0,0.0,0,btc,0.0,0.0,0.0,14
1,[],26,[],2019-02-10 20:20:50,0.0,0.00000049,0.000000000017841929000000002,6627291,2019-02-10 20:20:50,btc,0.0,0.0,0.00000049,btc,0.0,0.0,0.0,14
0,[],4,[],2019-02-10 20:29:53,0.0,0,0,6627478,2019-02-10 20:29:53,,0.0,0.0,0,,0.0,0.0,0.0,15
,[],12,[],2018-12-01 15:15:48,204241.84496,0.00000489,0.000000000202473384,5260204,2018-12-01 15:15:48,btc,49.5475654835,0.0,,btc,35763.2193806,0.0163153972027625,0.0203389899998,15
0,[],2,[],2019-01-20 23:23:38,0.0,0,0,6476906,2019-01-20 23:23:38,,0.0,0.0,0,,0.0,0.0,0.0,18
1,[],4,[],2019-02-10 20:20:52,23341.86276955,0.00001745,0.000000000635391145,6627293,2019-02-10 20:20:52,btc,2.282002076760425,0.0,0.00001745,btc,10797.94270107,0.00884239,0.0364448481156446,18
1,[],10,[],2019-02-10 20:20:55,789787.54040605,0.00001841,0.0000000006703467610000001,6627294,2019-02-10 20:20:55,btc,15.543213218735819,131.3,0.00001841,btc,10730.36055816,0.0,0.3102988797444249,18
1,[],12,[],2019-02-10 20:20:56,204872.42849428,0.0000176800000000000001316828590613994265368091873824596405029296875,0.000000000643765928,6627295,2019-02-10 20:20:56,btc,2.9924942434061292,0.0,0.0000176800000000000001316828590613994265368091873824596405029296875,btc,1818.9997345699999,5.88633251068e-05,0.0445291094569141,18
0,[],17,[],2019-02-10 20:20:57,0.0,0,0,6627296,2019-02-10 20:20:57,btc,0.0,0.0,0,btc,0.0,0.0,0.0,18
0,[],2,[],2019-01-20 23:24:19,0.0,0,0,6476924,2019-01-20 23:24:19,,0.0,0.0,0,,0.0,0.0,0.0,19
1,[],3,[],2019-02-10 20:29:54,129582.55226371602,0.00002209000000000000026034729927459920872934162616729736328125,0.000000000803481779,6627479,2019-02-10 20:29:54,btc,0.4672449630434957,1.085,0.00002209000000000000026034729927459920872934162616729736328125,btc,5018.393100515442,0.0,0.09802697493167183,19
1,[],4,[],2019-02-10 20:29:55,212870.42032544,0.00002873,0.000000001044999163,6627480,2019-02-10 20:29:55,btc,0.309245415447179,0.0,0.00002873,btc,9396.92925374,0.53972414,2.771247177720699,19
1,[],5,[],2019-02-10 20:29:56,0.00025551,0.00002509,0.000000000912601079,6627481,2019-02-10 20:29:56,btc,0.2714879,0.00534173,0.00002509,btc,0.00304101,0.0,0.08520329,19
1,[],12,[],2019-02-10 20:29:57,134819.02324034,0.0000230700000000000010418575724369105728328577242791652679443359375,0.000000000839127417,6627482,2019-02-10 20:29:57,btc,0.0306639826982926,0.0,0.0000230700000000000010418575724369105728328577242791652679443359375,btc,320.93289017,0.0013944999999996,0.031822406154643795,19
0,[],27,[],2019-02-10 20:31:58,0.0,0,0,6627483,2019-02-10 20:31:58,,0.0,0.0,0,,0.0,0.0,0.0,19
1,[],4,[],2019-02-10 20:21:05,8040491.87071517,0.00000013,0.0000000000047335730000000005,6627302,2019-02-10 20:21:05,btc,0.8077290695288579,0.0,0.00000013,btc,1591355.35416982,0.0,0.2548659998750338,20
1,[],4,[],2019-02-10 20:21:05,112935810.78755699,0.00000002,0.000000000000728242,6627303,2019-02-10 20:21:05,btc,0.5789365373918433,0.0,0.00000002,btc,15604377.47567108,0.00618449,1.3268834199609802,21
1,[],12,[],2019-02-10 20:21:07,18999837.0,0.00000002,0.0000000000007282420000000001,6627304,2019-02-10 20:21:07,btc,669.4758355491022,0.0,0.00000002,btc,8564579.84915351,0.0,0.25303702,21
0,[],17,[],2019-02-10 20:21:08,0.0,0,0,6627305,2019-02-10 20:21:08,btc,0.0,0.0,0,btc,0.0,0.0,0.0,21
1,[],12,[],2019-02-10 20:31:59,2734882920.043896,0.0000000002,0.00000000000000727462,6627484,2019-02-10 20:31:59,btc,825864718656.4723,0.0,0.0000000002,btc,4276372580.041162,0.006819707272728041,0.29966387155558977,23
0,[],27,[],2019-02-10 20:32:01,0.0,0,0,6627485,2019-02-10 20:32:01,,0.426429,0.0,0,eth,426429.0,0.0,0.0,23
1,[],4,[],2019-02-10 20:21:11,380511.54807676,0.00000067,0.000000000024396107,6627308,2019-02-10 20:21:11,btc,0.1220587045554883,0.0,0.00000067,btc,112017.72076619,0.00588327,0.1918583921783997,24
1,[],22,[],2019-02-10 20:21:14,11.76,0.00000100,0.000000000036412100000000004,6627309,2019-02-10 20:21:14,BTC,7.415e-05,0.0,0.00000100,BTC,23.919354838709676,0.0,1.176e-05,24
0.0,[],25,[],2019-02-10 20:21:16,0.0,0,0,6627310,2019-02-10 20:21:16,,0.0,0.0,0.0,btc,0.0,0.0,0.0,24
1,[],4,[],2019-02-10 20:32:02,27836049.14141559,0.00000613,0.000000000222967103,6627486,2019-02-10 20:32:02,btc,0.4115026133606958,0.0,0.00000613,btc,34442.4289175,0.0557231,0.4239714199049354,26
1,[],10,[],2019-02-10 20:32:04,725894.80417281,0.00000601,0.000000000218602331,6627487,2019-02-10 20:32:04,btc,25.915477367594814,0.0,0.00000601,btc,13160.96477388,0.0,0.2082263667259784,26
0,[],2,[],2019-01-20 23:25:56,0.0,0,0,6476976,2019-01-20 23:25:56,,0.0,0.0,0,,0.0,0.0,0.0,26
1,[],3,[],2019-02-10 20:32:05,6073886.94941962,0.00000001,0.00000000000036373100000000003,6627488,2019-02-10 20:32:05,btc,2.510428969376103,5042.08943181,0.00000001,btc,16082144.50261569,0.0,0.060738869494196206,27
1,[],5,[],2019-02-10 20:32:07,1e-08,0.00000001,0.000000000000363731,6627489,2019-02-10 20:32:07,btc,1.55088787,0.0,0.00000001,btc,4.577e-05,0.0,0.10808531,27
1,[],11,[],2019-02-10 20:32:09,10064996.7912115,0.00000005,0.000000000001818655,6627490,2019-02-10 20:32:09,btc,370.63310344475406,219.9,0.00000005,btc,8170877.7193934005,0.0,0.4661206184459823,27
1,[],4,[],2019-02-10 20:21:24,548607271.0166415,0.00000002,0.000000000000728242,6627316,2019-02-10 20:21:24,btc,0.32225744333922557,0.0,0.00000002,"btc,ltc",78565996.03977561,0.11836299,7.040805512214398,29
1,[],7,[],2019-02-10 20:21:25,28831916.775896247,0.00000002,0.0000000000007282420000000001,6627317,2019-02-10 20:21:25,btc,44465206.22744077,21766.4056943,0.00000002,btc,52537926.44092949,0.00064561,0.42184037210866027,29
1,[],4,[],2019-02-10 20:21:26,1519491.90899813,0.00000030,0.00000000001092363,6627318,2019-02-10 20:21:26,btc,0.2404051218487471,0.0,0.00000030,btc,460686.20005491,0.01394592,0.1193097037510564,30
0,[],17,[],2019-02-10 20:21:28,0.0,0,0,6627319,2019-02-10 20:21:28,btc,0.0,0.0,0,btc,0.0,0.0,0.0,30
1,[],4,[],2019-02-10 20:21:29,1756334.83209815,0.00006400,0.0000000023303744000000003,6627320,2019-02-10 20:21:29,btc,1.0319061773410911,0.0,0.00006400,btc,14111.67771393,0.4229373,2.2211227248260808,31
1,[],21,[],2019-02-10 20:21:30,81782.14182945,0.00006320000000000000476337719268,0.00000000230124472,6627321,2019-02-10 20:21:30,btc,2.169209038745238,63338.80647327,0.000063200000000000004763377192684714600545703433454036712646484375,btc,31090.368887829998,4.01491831,4.843663555199749,31
0,[],2,[],2019-01-20 23:28:43,0.0,0,0,6477009,2019-01-20 23:28:43,,0.0,0.0,0,,0.0,0.0,0.0,32
1,[],4,[],2019-02-10 20:21:31,133512703.48006973,0.00000004,0.000000000001456484,6627322,2019-02-10 20:21:31,btc,2.2013187933202265,0.0,0.00000004,"btc,ltc",48479630.89513392,0.60263608,1.8535453672314246,33
1,[],12,[],2019-02-10 20:21:32,13357534.0,0.00000005,0.0000000000018206049999999998,6627323,2019-02-10 20:21:32,btc,34509089.51253681,0.0,0.00000005,btc,89191113.32367615,0.0505071198301702,0.43179137,33
1,[],4,[],2019-02-10 20:21:33,124379371.32015793,0.00000002,0.000000000000728242,6627324,2019-02-10 20:21:33,btc,0.7473777285911442,0.0,0.00000002,btc,24912590.95303814,0.12105128,1.3156705108115794,34
1,[],5,[],2019-02-10 20:21:34,3e-08,0.00000002,0.000000000000728242,6627325,2019-02-10 20:21:34,btc,4.1771661,0.01255898,0.00000002,btc,1.394e-05,0.0,0.81751983,34
0,[],17,[],2019-02-10 20:21:38,0.0,0,0,6627328,2019-02-10 20:21:38,btc,0.07464582779946033,0.00018553,0,btc,4105386.20243647,0.0,0.0,36
0.0000000001269759,[],27,[],2019-02-10 20:21:41,1000000.0,2.539518e-18,9.24691833678e-23,6627329,2019-02-10 20:21:41,ltc,252.8263276744,0.0,0.00000002,"ltc,eth",3711879.06,0.0,2.539518e-12,36
0.0000000001269759,[],4,[],2019-02-10 20:21:35,774472131.1461179,3.809277e-18,1.387037750517e-22,6627326,2019-02-10 20:21:35,ltc,1.124725979780098e-08,0.0,0.00000003,ltc,1873812775.5147543,0.0,1.6495964032153274e-09,36
1,[],5,[],2019-02-10 20:21:37,0.0,0,0,6627327,2019-02-10 20:21:37,btc,197.40695608,0.0,0,btc,1.325e-05,0.0,0.0,36
1,[],4,[],2019-02-10 20:21:42,316222.13403203,0.00000138,0.000000000050248698,6627330,2019-02-10 20:21:42,btc,0.5079264171874407,0.0,0.00000138,btc,292792.36313031,0.0211612,0.234073211101779,37
1,[],12,[],2019-02-10 20:21:43,427967.55061399,0.000001349999999999999991849510168340220417348973569460213184356689453125,0.000000000049156335,6627331,2019-02-10 20:21:43,btc,1341.3034352214693,0.0,0.000001349999999999999991849510168340220417348973569460213184356689453125,btc,779883.35514416,0.1113652075524556,0.2245966500000039,37
1,[],17,[],2019-02-10 20:21:45,1752.74075282,0.00000025,0.000000000009103025,6627332,2019-02-10 20:21:45,btc,0.0554849239741997,0.0,0.00000025,btc,1387.19918473,0.0,0.00043818518820499993,37
1,[],27,[],2019-02-10 20:21:47,16422.0,0.00000052,0.000000000018934292000000002,6627333,2019-02-10 20:21:47,btc,51.75602025030353,0.0,0.00000052,btc,29579.81438508,0.0,0.00569662,37
1,[],5,[],2019-02-10 20:21:48,1.506e-05,0.00000088,0.000000000032042648000000003,6627334,2019-02-10 20:21:48,btc,0.09028972,0.04995844,0.00000088,btc,8.58e-05,0.0,0.0384276,42
1,[],12,[],2019-02-10 20:21:49,127473.34169279,0.00000101000000000000007076262319161141789436442195437848567962646484375,0.000000000036776221000000004,6627335,2019-02-10 20:21:49,btc,96.19034757883097,0.0,0.00000101000000000000007076262319161141789436442195437848567962646484375,btc,100431.50827537,0.005066557932062,0.046699569999999996,42
0,[],27,[],2019-02-10 20:21:51,0.0,0,0,6627336,2019-02-10 20:21:51,,0.00315028,0.0,0,"btc,eth",11.007,0.0,0.0,42
1,[],5,[],2019-02-10 20:21:53,6e-08,0.00000003,0.0000000000010923630000000001,6627337,2019-02-10 20:21:53,btc,6.25851383,4.568e-05,0.00000003,btc,1.425e-05,0.0,0.55218916,43
1,[],12,[],2019-02-10 20:21:55,3951770.0,0.00000002,0.0000000000007282420000000001,6627338,2019-02-10 20:21:55,btc,20007456.474078905,0.0,0.00000002,btc,38925609.19920079,0.0011514066733267,0.03951777,43
0,[],17,[],2019-02-10 20:21:57,0.0,0,0,6627339,2019-02-10 20:21:57,btc,0.0,0.0,0,btc,0.0,0.0,0.0,43
1,[],12,[],2019-02-10 20:21:59,810654.0,0.00000006,0.000000000002184726,6627340,2019-02-10 20:21:59,btc,11115166.9713617,0.0,0.00000006,btc,1032498.14385612,0.00016296,0.02405118,44
1,[],4,[],2019-02-10 20:22:00,225955853.92262703,0.00000002,0.000000000000728242,6627341,2019-02-10 20:22:00,btc,0.18496804674060335,0.0,0.00000002,"btc,ltc",4397528.20334147,0.00191703,0.43168716597356427,49
0.0000000001269759,[],4,[],2019-02-10 20:22:01,2677275785.8462186,1.269759e-18,4.62345916839e-23,6627342,2019-02-10 20:22:01,ltc,4.645173507915492,0.0,0.00000001,ltc,3079478023.7118206,0.0,3.399495024560309e-09,52
0,[],22,[],2019-02-10 20:22:05,0.0,0,0,6627343,2019-02-10 20:22:05,,3933.30196955,0.0,0,,263411682.90882352,0.0,0.0,57
0,[],27,[],2019-02-10 20:22:06,0.0,0,0,6627344,2019-02-10 20:22:06,,0.0,0.0,0,"btc,eth",0.0,0.0,0.0,57
0.0000000001269759,[],4,[],2019-02-10 20:22:08,1174250269.2547166,6.348795e-18,2.311729584195e-22,6627345,2019-02-10 20:22:08,ltc,3.2796441958502074,0.0,0.00000005,ltc,918754234.7944552,0.0,3.964978680204271e-09,58
1,[],12,[],2019-02-10 20:22:09,1949222110.843957,0.0000000005,0.000000000000018206050000000003,6627346,2019-02-10 20:22:09,btc,224005489681.71786,0.0,0.0000000005,btc,3367442019.639665,0.002093650363136846,0.6896636760011392,58
0,[],17,[],2019-02-10 20:22:11,0.0,0,0,6627347,2019-02-10 20:22:11,btc,1e+24,0.0,0,btc,41481695.95832568,0.0,0.0,58
0.000000000129135,[],22,[],2019-02-10 20:22:15,137438.0,1.29135e-18,4.7020765335e-23,6627348,2019-02-10 20:22:15,XMR,69.8835922,0.0,0.00000001,XMR,9887963.0,0.0,0.00137438,58
1,[],5,[],2019-02-10 20:22:16,1.3e-05,0.00000077,0.000000000028037317,6627349,2019-02-10 20:22:16,btc,0.21755766,0.00269803,0.00000077,btc,0.0001155,0.0,0.07657705,61
1,[],22,[],2019-02-10 20:22:20,5111.5,0.00000011,0.0000000000040053310000000004,6627350,2019-02-10 20:22:20,BTC,1002.29598212,0.0,0.00000011,BTC,14957.700278135757,0.0,0.00051178,61
1,[],26,[],2019-02-10 20:22:20,0.0,0.00000800,0.00000000029129680000000003,6627351,2019-02-10 20:22:20,btc,0.0,0.0,0.00000800,btc,0.0,0.0,0.0,61
1,[],27,[],2019-02-10 20:22:22,7833.3559,0.00000059,0.000000000021483139,6627352,2019-02-10 20:22:22,btc,10.767073998344424,571.78870423,0.00000059,"btc,eth",15593.90688085,0.000943580016244,0.0013141799909156624,61
1,[],28,[],2019-02-10 20:22:25,19904.304,0.00000101,0.000000000036776221000000004,6627353,2019-02-10 20:22:25,btc,2.056400593700105,687.0,0.00000101,btc,9787.52450005,0.0,0.00994531304,61
1,[],4,[],2019-02-10 20:22:26,476161.61590058,0.00000253,0.000000000092122613,6627354,2019-02-10 20:22:26,btc,1.2918728964787303,0.0,0.00000253,btc,310382.14519294,0.15407623,0.7345260386175511,67
0.0,[],25,[],2019-02-10 20:22:27,0.0,0,0,6627355,2019-02-10 20:22:27,,0.0,0.0,0.0,btc,0.0,0.0,0.0,67
1,[],12,[],2019-02-10 20:22:28,2867614.17820728,0.00000025,0.000000000009103025,6627356,2019-02-10 20:22:28,btc,11115896.563569136,0.0,0.00000025,btc,2054236.69010289,0.0353180663289431,0.1266501155320193,71
,[],5,[],2018-11-20 23:02:39,1.5e-07,0.00000005,0.000000000002128045,4862160,2018-11-20 23:02:39,btc,2.84511358,0.0,,btc,0.00036572,0.0,0.07381892,74
1,[],5,[],2019-01-25 15:53:51,3.303e-05,0.00000156,0.000000000055588884,6499610,2019-01-25 15:53:51,btc,1.42844212,0.0,0.00000156,btc,0.00015937,0.0,0.49487621,75
1,[],4,[],2019-02-10 20:22:30,52395090.43692337,0.00000001,0.000000000000364121,6627357,2019-02-10 20:22:30,btc,0.7681855482047844,0.0,0.00000001,btc,14661592.68425178,0.0,0.5239509043692337,81
0,[],20,[],2019-01-25 09:30:31,0.0,0,0,6495923,2019-01-25 09:30:31,btc,0.0,0.0,0,btc,0.0,0.0,0.0,81
1,[],4,[],2019-02-10 20:22:32,23940.8862426,0.00007444,0.000000002710516724,6627358,2019-02-10 20:22:32,btc,1.1634334050522157,0.0,0.00007444,btc,10084.38137627,0.01418535,0.0978220239348463,82
1,[],21,[],2019-02-10 20:22:32,68640.51637227999,0.00007532999999999999874052136750,0.000000002742923493,6627359,2019-02-10 20:22:32,btc,3.4542475163321873,1941.476279,0.00007532999999999999874052136750179897717316634953022003173828125,btc,39873.61097475,0.14823773,3.2334975817480722,82
0,[],17,[],2019-02-07 10:02:39,0.0,0,0,6611495,2019-02-07 10:02:39,btc,0.0447233088476774,0.0,0,btc,999127.19588126,0.0,0.0,84
0.0000000001269759,[],4,[],2019-02-10 20:22:33,158420521.08107656,1.269759e-17,4.62345916839e-22,6627360,2019-02-10 20:22:33,ltc,0.19569063253974955,0.0,0.0000001,ltc,76005201.96591936,0.0,8.462774874446104e-10,85
,[],22,[],2018-11-20 23:09:34,3408.1,0.0000001,0.0000000000041895,4862324,2018-11-20 23:09:34,BTC,0.04624735,0.0,,BTC,4990.0,0.0,0.00033081,86
0,[],22,[],2019-02-10 20:22:37,0.0,0,0,6627361,2019-02-10 20:22:37,,2.0760781,0.0,0,,140622.94736842104,0.0,0.0,87
0,[],27,[],2019-02-10 20:22:38,0.0,0,0,6627362,2019-02-10 20:22:38,,0.0,0.0,0,btc,0.0,0.0,0.0,87
,[],2,[],2018-11-20 23:10:47,0.0,0,0,4862359,2018-11-20 23:10:47,,0.0,0.0,,,0.0,0.0,0.0,88
1,[],11,[],2019-02-10 20:22:40,95871.19879434,0.00015604000000000000356915885735276106061064638197422027587890625,0.0000000056817440840000004,6627363,2019-02-10 20:22:40,btc,702.2581406044865,266.04282736,0.00015604000000000000356915885735276106061064638197422027587890625,btc,187333.40335665,0.0,6.466649425199866,89
0,[],2,[],2019-01-20 23:31:45,0.0,0,0,6477083,2019-01-20 23:31:45,,0.0,0.0,0,,0.0,0.0,0.0,91
1,[],12,[],2019-02-10 20:22:41,445518.62224965,0.000003019999999999999884515121395534009707262157462537288665771484375,0.000000000109964542,6627364,2019-02-10 20:22:41,btc,1115.117692309452,0.0,0.000003019999999999999884515121395534009707262157462537288665771484375,btc,40878.17755152,0.00043913822678,0.0842199835000014,91
0,[],17,[],2019-02-10 20:22:43,0.0,0,0,6627365,2019-02-10 20:22:43,btc,0.0,0.0,0,btc,0.0,0.0,0.0,91
0.0000000001269759,[],22,[],2019-02-10 20:22:48,20461496.5,7.618554e-18,2.774075501034e-22,6627366,2019-02-10 20:22:48,LTC,8.58305775,0.0,0.00000006,LTC,72090734.1,5.491179455256e-12,0.98611431,95
1,[],4,[],2019-02-10 20:22:49,133539413.44215848,0.00000001,0.000000000000364121,6627367,2019-02-10 20:22:49,btc,0.9563106710343645,0.0,0.00000001,"btc,ltc",48376719.2665661,0.0027272,0.018576518297393447,96
1,[],12,[],2019-02-10 20:22:50,815022.0,0.00000001,0.00000000000036412100000000004,6627368,2019-02-10 20:22:50,btc,255063.4736351099,0.0,0.00000001,btc,8812348.54676297,0.00076803992008,0.00815022,96
0,[],17,[],2019-02-10 20:22:52,0.0,0,0,6627369,2019-02-10 20:22:52,btc,0.0,0.0,0,btc,0.0,0.0,0.0,96
1,[],4,[],2019-02-10 20:22:53,1871523.24863555,0.00000032,0.000000000011651872,6627370,2019-02-10 20:22:53,btc,0.118620276994993,0.0,0.00000032,btc,265473.94706217,0.00531414,0.2422389842422972,99
1,[],4,[],2019-02-10 20:22:54,231528.19192673,0.00004074,0.000000001483428954,6627371,2019-02-10 20:22:54,btc,1.3370329555856566,0.0,0.00004074,btc,29516.75857111,0.49131264,2.072622587617131,100
0,[],2,[],2019-01-20 23:23:55,0.0,0,0,6476914,2019-01-20 23:23:55,,0.0,0.0,0,,0.0,0.0,0.0,100
1,[],22,[],2019-02-10 20:22:58,50000.0,0.00000001,0.000000000000364121,6627372,2019-02-10 20:22:58,BTC,23.50383609,0.0,0.00000001,BTC,11277.22,0.0,0.0005,101
1,[],4,[],2019-02-10 20:22:59,134157.08345854,0.00000104,0.000000000037868584000000004,6627373,2019-02-10 20:22:59,btc,0.4194887506255428,0.0,0.00000104,btc,153631.91788727,0.00366058,0.0846457821767981,103
1,[],12,[],2019-02-10 20:23:02,55485486.4663887,0.000000016,0.0000000000005825936000000001,6627374,2019-02-10 20:23:02,btc,137278792.09850147,0.0,0.000000016,btc,128995876.90118147,0.02450689439987254,0.3566555714622192,105
1,[],27,[],2019-02-10 20:23:04,4209342.89,0.00000001,0.000000000000364121,6627375,2019-02-10 20:23:04,btc,1.62008275136923,0.0,0.00000001,btc,575169.42860553,0.0,0.0420934289,105
0,[],22,[],2019-02-10 20:23:07,0.0,0,0,6627376,2019-02-10 20:23:07,,1.07253299,0.0,0,,94300.0,0.0,0.0,107
1,[],26,[],2019-02-10 20:23:07,0.0,0.00000000,0,6627377,2019-02-10 20:23:07,btc,0.0,0.0,0.00000000,btc,0.0,0.0,0.0,107
1,[],5,[],2019-02-10 20:23:08,1e-08,0.00000001,0.000000000000364121,6627378,2019-02-10 20:23:08,btc,2.896083,0.01895837,0.00000001,btc,1.571e-05,0.0,0.08617563,112
1,[],22,[],2019-02-10 20:23:12,189099.0,0.00000002,0.000000000000728242,6627379,2019-02-10 20:23:12,BTC,2.81183288,0.0,0.00000002,BTC,808524.0833333334,0.0,0.00189105,112
0.00000000032488,[],27,[],2019-02-10 20:23:14,500000.0,3.2488000000000004e-18,1.1829563048000002e-22,6627380,2019-02-10 20:23:14,eth,1.35132491849924,0.0,0.00000001,"btc,eth",1328.641654,0.0,1.6244000000000002e-12,112
1,[],4,[],2019-02-10 20:23:15,461247.83353918,0.00000339,0.000000000123437019,6627381,2019-02-10 20:23:15,btc,0.259594684652248,0.0,0.00000339,btc,58213.57075901,0.08086238,0.2464173225435455,113
1,[],5,[],2019-02-10 20:23:17,1.222e-05,0.00000310,0.00000000011287751,6627382,2019-02-10 20:23:17,btc,0.89720273,0.0,0.00000310,btc,0.00181315,0.0,0.22697172,113
1,[],17,[],2019-02-10 20:23:19,174538.724,0.00000004,0.0000000000014564840000000002,6627383,2019-02-10 20:23:19,btc,1.3373630274375312,0.0,0.00000004,btc,60896.221,0.0,0.00308154896,116
0,[],27,[],2019-02-10 20:23:20,0.0,0,0,6627384,2019-02-10 20:23:20,,0.0,0.0,0,btc,0.0,0.0,0.0,116
1,[],4,[],2019-02-10 20:23:21,22311.87792746,0.00002838,0.000000001033375398,6627385,2019-02-10 20:23:21,btc,0.5798254185985976,0.0,0.00002838,btc,17653.25241402,10.04995162,0.4528516830446494,120
1,[],7,[],2019-02-10 20:23:22,6397.6087849,0.00002894999999999999895465563337637604490737430751323699951171875,0.000000001054130295,6627386,2019-02-10 20:23:22,btc,115647.27268376788,371.77206022,0.00002894999999999999895465563337637604490737430751323699951171875,btc,29046.308765640002,0.01249657,0.057304848270373604,120
1,[],20,[],2019-02-10 20:15:50,1539391.8094,0.000000014,0.0000000000005098954,6627179,2019-02-10 20:15:50,btc,33.8688103501599,0.0,0.000000014,btc,1140882.3764,0.0,0.0079606482167,125
1,[],22,[],2019-02-10 20:23:28,3053.0,0.00000001,0.000000000000364121,6627387,2019-02-10 20:23:28,BTC,0.01444889,0.0,0.00000001,BTC,296264.5111111111,0.0,3.053e-05,126
1,[],4,[],2019-02-10 20:23:28,142702.19588893,0.00001432,0.000000000521421272,6627388,2019-02-10 20:23:28,btc,0.6190841376891661,0.0,0.00001432,btc,33569.23487741,0.20427685,0.629444258579757,131
0,[],17,[],2019-02-10 20:23:30,0.0,0,0,6627389,2019-02-10 20:23:30,btc,0.0009561751951600001,0.0,0,btc,35.42829368,0.0,0.0,131
0,[],2,[],2019-01-20 23:25:46,0.0,0,0,6476969,2019-01-20 23:25:46,,0.0,0.0,0,,0.0,0.0,0.0,131
1,[],4,[],2019-02-10 20:23:31,4637.34407689,0.00016596,0.000000006042952116,6627390,2019-02-10 20:23:31,btc,1.6397450704738545,0.0,0.00016596,btc,295.92689166,0.0,0.0113827788878568,135
1,[],3,[],2019-02-10 20:23:32,1920941.19227397,0.00000006,0.000000000002184726,6627391,2019-02-10 20:23:32,btc,0.1224068728888415,27800.0,0.00000006,btc,405121.48228202,0.0,0.0718900394414789,136
1,[],4,[],2019-02-10 20:23:33,51621.91558208,0.00000169,0.000000000061536449,6627392,2019-02-10 20:23:33,btc,0.0616811150875292,0.0,0.00000169,btc,29481.38215114,0.06464736,0.059745707308392,137
1,[],12,[],2019-02-10 20:23:34,297223.82630974,0.000001790000000000000014290326734445191192435231641866266727447509765625,0.000000000065177659,6627393,2019-02-10 20:23:34,btc,11982.946614062677,0.0,0.000001790000000000000014290326734445191192435231641866266727447509765625,btc,158168.90843158,0.052547338253871,0.02840325165848,137
1,[],4,[],2019-02-10 20:23:35,2050.48796666,0.00005903,0.0000000021494062630000003,6627394,2019-02-10 20:23:35,btc,1.225857296219111,0.0,0.00005903,btc,16409.81352713,1.07559136,0.0755558715957954,142
1,[],5,[],2019-02-10 20:25:35,0.0,0,0,6627395,2019-02-10 20:25:35,btc,0.0,2.44052287,0,btc,0.0,0.0,0.0,142
1,[],17,[],2019-02-10 20:25:37,22967.386363640002,0.00000088,0.000000000032042648000000003,6627396,2019-02-10 20:25:37,btc,20.069913352456712,0.0,0.00000088,btc,2746.079105,0.0,0.0104613000000032,142
1,[],20,[],2019-02-10 20:25:39,138414.4412,0.00003,0.000000001092363,6627397,2019-02-10 20:25:39,btc,0.378957855353,1000.0,0.00003,btc,3009.7438,0.025255633087,0.2529618403877,142
1,[],22,[],2019-02-10 20:25:43,1116.4,0.00001020,0.00000000037140342,6627398,2019-02-10 20:25:43,BTC,3.0087007,0.0,0.00001020,BTC,897.0985020382753,0.0,0.00092537,142
0.0,[],25,[],2019-02-10 20:25:44,0.0,0,0,6627399,2019-02-10 20:25:44,,0.0,0.0,0.0,btc,0.0,0.0,0.0,142
1,[],28,[],2019-02-10 20:25:46,78956.0,0.00004500,0.0000000016385445,6627400,2019-02-10 20:25:46,btc,0.040983914489,730.79939,0.00004500,btc,168.785,0.0,0.0535187,142
0,[],22,[],2019-02-10 20:25:49,0.0,0,0,6627401,2019-02-10 20:25:49,,68.47300197,0.0,0,,888991225.8,0.0,0.0,143
1,[],21,[],2019-02-10 20:16:20,44045706.29629445,0.00000029,0.000000000010562119,6627195,2019-02-10 20:16:20,btc,39.977959539740496,8170199.6886713,0.00000029,btc,77227373.90517004,2.38961947,8.061295275679557,145
0,[],22,[],2019-02-10 17:04:30,0.0,0,0,6625727,2019-02-10 17:04:30,,4.25427726,0.0,0,,2259598.0,0.0,0.0,146
,[],22,[],2018-11-20 23:01:11,0.0,0,0,4862114,2018-11-20 23:01:11,,2.56807021,0.0,,,61828.4988236,0.0,0.0,147
1,[],12,[],2019-02-10 20:25:50,8685724.94901322,0.000003340000000000000208847696081537748113987618125975131988525390625,0.000000000121616414,6627402,2019-02-10 20:25:50,btc,16.545529571886423,0.0,0.000003340000000000000208847696081537748113987618125975131988525390625,btc,118516.82679514,0.0005241924875503,0.1294325664900039,148
1,[],4,[],2019-02-10 20:25:51,438722.41140979,0.00000045,0.000000000016385445000000002,6627403,2019-02-10 20:25:51,btc,0.7857861198787901,0.0,0.00000045,btc,582236.73225651,0.00100539,0.1248513484770732,152
0,[],22,[],2019-02-10 20:25:54,0.0,0,0,6627404,2019-02-10 20:25:54,,0.0,0.0,0,,0.0,0.0,0.0,152
1,[],5,[],2019-02-10 20:25:55,0.0,0,0,6627405,2019-02-10 20:25:55,btc,4.35601725,0.0,0,btc,0.0021126,0.0,0.0,153
,[],16,[],2019-01-11 15:38:59,0.0,0,0,6366141,2019-01-11 15:38:59,btc,0.0,0.0,,btc,0.0,0.0,0.0,155
0,[],22,[],2019-02-10 20:25:58,0.0,0,0,6627406,2019-02-10 20:25:58,,6.74578916,0.0,0,,4614557.242592593,0.0,0.0,156
0,[],23,[],2019-01-20 23:24:29,0.0,0,0,6476932,2019-01-20 23:24:29,,0.0,0.0,0,,0.0,0.0,0.0,156
1,[],22,[],2019-02-10 20:26:02,7906.0,0.00000801,0.000000000291660921,6627407,2019-02-10 20:26:02,BTC,43.78801181,0.0,0.00000801,BTC,1067.5805334758436,0.0,0.00743836,157
0,[],22,[],2019-02-10 20:26:15,0.0,0,0,6627408,2019-02-10 20:26:15,,50175.67558609,0.0,0,,54029136.04179466,0.0,0.0,158
,[],17,[],2018-11-20 22:56:10,0.0,0,0,4861976,2018-11-20 22:56:10,btc,1.1265625,0.0,,btc,1000.0,0.0,0.0,159
,[],20,[],2018-11-20 22:56:12,0.0,0,0,4861977,2018-11-20 22:56:12,btc,11912.7940471,0.0,,btc,34413894.3617,0.0,0.0,159
1,[],12,[],2019-02-10 20:26:17,178970.93310956,0.00000740000000000000030041073795228356857478502206504344940185546875,0.00000000026944954,6627409,2019-02-10 20:26:17,btc,6.662267338419551,0.0,0.00000740000000000000030041073795228356857478502206504344940185546875,btc,14799.17016046,0.0,0.0849153589000423,168
1,[],17,[],2019-02-10 20:26:19,29784.95,0.000001,0.0000000000364121,6627410,2019-02-10 20:26:19,btc,0.03026736251542,0.0,0.000001,btc,144.46171372,0.0,0.00716147,168
0,[],22,[],2019-02-10 20:26:36,0.0,0,0,6627411,2019-02-10 20:26:36,,1.14776715,0.0,0,,721548.0900917595,0.0,0.0,169
1,[],22,[],2019-02-10 20:26:39,224971.05555555556,0.00000018,0.000000000006554178,6627412,2019-02-10 20:26:39,BTC,11.33139556,0.0,0.00000018,BTC,130310.77145587197,5.21e-06,0.02159479,171
1,[],22,[],2019-02-10 20:26:43,230377.04554865425,0.00000023,0.000000000008374783000000001,6627413,2019-02-10 20:26:43,BTC,2.65328659,0.0,0.00000023,BTC,232477.99513371603,0.00234255,0.01861125,173
1,[],5,[],2019-02-10 20:26:44,2.054e-05,0.00000327,0.000000000119067567,6627414,2019-02-10 20:26:44,btc,0.3234568,0.00773436,0.00000327,btc,0.00028382,0.0,0.70800506,175
1,[],22,[],2019-02-10 20:26:48,56573.32380952381,0.00000062,0.000000000022575502,6627415,2019-02-10 20:26:48,BTC,0.50040603,0.0,0.00000062,BTC,127676.46882822087,0.0,0.02080614,176
1,[],7,[],2019-02-10 20:26:49,0.0,0,0,6627416,2019-02-10 20:26:49,btc,410973.9169089935,0.0,0,btc,115465110.28145695,0.0,0.0,178
0,[],22,[],2019-02-10 20:26:52,0.0,0,0,6627417,2019-02-10 20:26:52,,1.00242428,0.0,0,,57512.0,0.0,0.0,178
0,[],2,[],2019-01-20 23:28:34,0.0,0,0,6477001,2019-01-20 23:28:34,,0.0,0.0,0,,0.0,0.0,0.0,178
1,[],5,[],2019-02-10 20:26:53,3e-08,0.00000002,0.000000000000728242,6627418,2019-02-10 20:26:53,btc,26.46554227,0.01381622,0.00000002,btc,2.088e-05,0.0,0.93856466,179
1,[],22,[],2019-02-10 20:26:58,7820284.0,0.00000002,0.000000000000728242,6627419,2019-02-10 20:26:58,BTC,5.4773134,0.0,0.00000002,"BTC,LTC",17835443.468656633,0.0,0.38366552,179
0,[],23,[],2019-01-20 23:25:08,0.0,0,0,6476952,2019-01-20 23:25:08,,0.0,0.0,0,,0.0,0.0,0.0,179
1,[],17,[],2019-02-10 20:26:59,10504.725,0.0000001,0.0000000000036412099999999996,6627420,2019-02-10 20:26:59,btc,5.206166879878453,0.0,0.0000001,btc,6755.0074587,0.0,0.0010504725,180
1,[],22,[],2019-02-10 20:27:05,18001.705263157895,0.00000095,0.000000000034591495000000004,6627421,2019-02-10 20:27:05,BTC,0.09351697,0.0,0.00000095,"BTC,LTC",13932.175478042325,0.00024006,0.00599538,180
1,[],26,[],2019-02-10 20:27:05,0.0,0.00000010,0.00000000000364121,6627422,2019-02-10 20:27:05,btc,0.0,100.0,0.00000010,btc,0.0,0.0,0.0,180
,[],7,[],2018-11-20 22:58:01,562227.975654,0.00000085,0.000000000036176765,4862015,2018-11-20 22:58:01,btc,21836.6059674,2491.87645172,,btc,749999.041456,0.00211021,0.127565380455,183
,[],5,[],2019-01-10 08:11:41,0.0,0,0,6347036,2019-01-10 08:11:41,btc,82.15055501,0.00261,,btc,1.19002445,0.0,0.0,187
1,[],24,[],2019-02-10 20:27:05,0.0,0.000000000001,3.64121e-17,6627423,2019-02-10 20:27:05,btc,0.0,0.0,0.000000000001,btc,0.0,0.0,0.0,187
,[],17,[],2018-11-16 20:58:10,4062536.27273,0.00000001,0.000000000000550501,4708775,2018-11-16 20:58:10,btc,3.36492563466,0.195460381006,,"btc,eth",110697919.549,0.0,0.0157628953496,187
0,[],22,[],2019-02-10 20:27:08,0.0,0,0,6627424,2019-02-10 20:27:08,,1.19383767,0.0,0,,14406.036201072173,0.0,0.0,191
0,[],22,[],2019-02-10 20:17:29,0.0,0,0,6627219,2019-02-10 20:17:29,,0.0,0.0,0,,0.0,0.0,0.0,197
0,[],23,[],2019-01-20 23:31:41,0.0,0,0,6477079,2019-01-20 23:31:41,,0.0,0.0,0,,0.0,0.0,0.0,199
1,[],26,[],2019-02-10 20:27:08,0.0,0.00000000,0,6627425,2019-02-10 20:27:08,btc,0.0,996768.0,0.00000000,btc,0.0,0.0,0.0,199
0,[],17,[],2019-01-30 16:32:01,0.0,0,0,6540827,2019-01-30 16:32:01,btc,6.802544163788159,0.0,0,btc,105897.55575295,0.0,0.0,200
0,[],2,[],2019-01-20 23:30:49,0.0,0,0,6477059,2019-01-20 23:30:49,,0.0,0.0,0,,0.0,0.0,0.0,201
1,[],4,[],2019-01-25 15:51:35,2084389.58565343,0.00000936,0.000000000333526752,6499557,2019-01-25 15:51:35,btc,2.0092503037378524,0.0,0.00000936,btc,160195.80207885,0.19272417,1.242687955921835,211
1,[],7,[],2019-02-10 20:27:11,5004094.09936426,0.00000163999999999999996813855075716848119782298454083502292633056640625,0.00000000005971584400000001,6627426,2019-02-10 20:27:11,btc,16567792.227733562,1108038.8165,0.00000163999999999999996813855075716848119782298454083502292633056640625,btc,12131171.00664902,0.0,4.153831137579573,212
1,[],5,[],2019-02-10 20:27:13,4.62e-06,0.00000035,0.000000000012744235,6627427,2019-02-10 20:27:13,btc,1.10311179,0.14200579,0.00000035,btc,3.209e-05,0.0,0.37552118,213
1,[],24,[],2019-02-10 20:27:13,0.0,0.000000050000,0.000000000001820605,6627428,2019-02-10 20:27:13,btc,0.0,0.0,0.000000050000,btc,0.0,0.0,0.0,213
1,[],26,[],2019-02-10 20:27:13,0.0,0.00000009,0.000000000003277089,6627429,2019-02-10 20:27:13,btc,0.0,0.0,0.00000009,btc,0.0,0.0,0.0,213
1,[],12,[],2019-01-25 02:44:32,207462.42853209,0.000001080000000000000035831255497387193287295303889550268650054931640625,0.000000000038610756000000006,6493050,2019-01-25 02:44:32,btc,85023.03793723314,0.0,0.000001080000000000000035831255497387193287295303889550268650054931640625,btc,43675.73520027,0.000146250909087,0.0348620860622024,213
1,[],22,[],2019-02-10 20:17:38,271180.0,0.00000002,0.0000000000007284220000000001,6627225,2019-02-10 20:17:38,BTC,2.20539348,0.0,0.00000002,BTC,253902.63137942314,0.0,0.0046096,216
1,[],27,[],2019-02-10 20:17:41,5081157.5555,0.00000004,0.0000000000014568440000000002,6627226,2019-02-10 20:17:41,btc,363.57727336756,0.0,0.00000004,"btc,ltc",271023.369,0.0,0.05225726222,216
1,[],22,[],2019-02-10 20:27:16,310512.84398074955,0.00000260,0.00000000009467146,6627430,2019-02-10 20:27:16,BTC,12676.976798,0.0,0.00000260,BTC,384883.6605220196,0.00734235,0.45498242,217
1,[],7,[],2019-02-10 20:27:18,0.0,0,0,6627431,2019-02-10 20:27:18,btc,77970.05582791512,0.0,0,btc,137091858.32140028,0.0,0.0,219
0,[],27,[],2019-02-10 20:27:20,0.0,0,0,6627432,2019-02-10 20:27:20,,5.3418937883169715,0.0,0,btc,1605140.99226592,0.0,0.0,219
0.0000000000000053,[],28,[],2019-02-10 20:27:22,204273030.74,6.678e-18,2.4316000380000003e-22,6627433,2019-02-10 20:27:22,doge,88584.0309717675,11470.0,0.00126000,"btc,doge",4974437.69751,0.0,2.448864346380802e-11,219
1,[],22,[],2019-02-10 20:17:54,212583.57777777777,0.0000009,0.00000000003277899,6627231,2019-02-10 20:17:54,BTC,3.02036719,0.0,0.0000009,BTC,73858.84955994174,0.03370445,0.0282382,221
1,[],24,[],2019-02-10 20:17:54,0.0,0.000000610000,0.000000000022216871000000002,6627232,2019-02-10 20:17:54,btc,0.0,0.0,0.000000610000,btc,0.0,0.0,0.0,221
1,[],20,[],2019-02-10 20:27:24,8914482.9382,0.000000003,0.00000000000010923630000000001,6627434,2019-02-10 20:27:24,btc,49.838118797829,507771.9322,0.000000003,btc,9705469.6446,0.0019582261146,0.0213992983146,224
0,[],22,[],2019-02-10 20:27:37,0.0,0,0,6627435,2019-02-10 20:27:37,,0.0,0.0,0,,0.0,0.0,0.0,224
1,[],26,[],2019-02-10 20:27:37,0.0,0.00000045,0.000000000016385445000000002,6627436,2019-02-10 20:27:37,btc,0.0,0.0,0.00000045,btc,0.0,0.0,0.0,231
1,[],26,[],2019-02-10 20:27:38,0.0,0.00000005,0.000000000001820605,6627437,2019-02-10 20:27:38,btc,0.0,100.0,0.00000005,btc,0.0,0.0,0.0,234
0,[],27,[],2019-02-10 20:27:40,0.0,0,0,6627438,2019-02-10 20:27:40,,0.0113483662182,0.0,0,"btc,eth",11462.99618,0.0,0.0,234
0,[],22,[],2019-02-10 20:27:43,0.0,0,0,6627439,2019-02-10 20:27:43,,3.06868068,0.0,0,,103318217.06349206,0.0,0.0,235
1,[],4,[],2019-02-10 20:27:44,898955.28928878,0.00000063,0.000000000022939623,6627440,2019-02-10 20:27:44,btc,0.1067382521115224,0.0,0.00000063,btc,112487.95186133,0.13658748,0.2102364046416413,236
1,[],24,[],2019-02-10 20:27:44,0.0,0.000000020000,0.000000000000728242,6627441,2019-02-10 20:27:44,btc,0.0,0.0,0.000000020000,btc,0.0,0.0,0.0,236
1,[],20,[],2019-02-10 20:27:46,16557629.593,0.000000067,0.0000000000024396107,6627442,2019-02-10 20:27:46,btc,14.6236836033101,23085279.3521,0.000000067,btc,27823332.8908,1.399552616135,0.1620351160999,237
0.0000000001269759,[],22,[],2019-02-10 20:27:59,14400.0,1.269759e-17,4.62345916839e-22,6627443,2019-02-10 20:27:59,LTC,0.04083605,0.0,0.0000001,LTC,4179.0,0.0,0.00144,237
1,[],4,[],2019-02-10 20:28:00,4093045.48421051,0.00000032,0.000000000011651872,6627444,2019-02-10 20:28:00,btc,0.7266077020406027,0.0,0.00000032,btc,1930758.41139887,0.22586082,1.2230226826240076,238
1,[],5,[],2019-02-10 20:28:01,4.25e-06,0.00000033,0.000000000012015993,6627445,2019-02-10 20:28:01,btc,0.73978638,0.00019851,0.00000033,btc,2.957e-05,0.0,0.28593656,238
0,[],22,[],2019-02-10 20:18:30,0.0,0,0,6627245,2019-02-10 20:18:30,,15.41678688,0.0,0,,370860.0639027493,0.0,0.0,249
0.0000000001269838,[],22,[],2019-02-10 20:18:35,7124354.333333333,3.8095140000000005e-18,1.3874669034540002e-22,6627246,2019-02-10 20:18:35,LTC,0.41525367,0.0,0.00000003,LTC,12556015.69,2.39151130216e-12,0.21273365,252
1,[],28,[],2019-02-10 20:28:04,3429079.286,0.00000012,0.0000000000043694520000000005,6627446,2019-02-10 20:28:04,btc,164693.4935367203,270342.908,0.00000012,btc,505324.17,0.0,0.2043536763,256
1,[],22,[],2019-02-10 20:28:08,114807.0,0.00000001,0.000000000000364121,6627447,2019-02-10 20:28:08,BTC,30.20524227,0.0,0.00000001,BTC,445890.0289327789,0.0,0.00114807,258
1,[],22,[],2019-01-26 20:58:41,368451.0,0.00000001,0.000000000000356135,6510120,2019-01-26 20:58:41,BTC,2.642917,0.0,0.00000001,"BTC,LTC",1862.0,0.0,0.02488451,259
1,[],22,[],2019-02-10 20:28:13,13337.0,0.00000876,0.000000000318969996,6627448,2019-02-10 20:28:13,BTC,1293.13626811,0.0,0.00000876,"BTC,LTC",13026.899367752667,0.00025865,0.02799538,262
1,[],5,[],2019-02-10 20:28:15,5.802e-05,0.00000264,0.000000000096127944,6627449,2019-02-10 20:28:15,btc,0.67617328,0.09473281,0.00000264,btc,0.00034083,0.0,0.1810584,264
1,[],20,[],2019-02-10 20:28:16,1167316.9369,0.00000263,0.000000000095763823,6627450,2019-02-10 20:28:16,btc,5.0515422219245,45607.6668,0.00000263,btc,104984.2808,0.1426899964942,0.0240676679884,264
1,[],22,[],2019-02-10 20:28:21,95356.5,0.00000002,0.000000000000728242,6627451,2019-02-10 20:28:21,BTC,9.1788482,0.0,0.00000002,BTC,371756.0417119935,0.0,0.0014095,271
0,[],22,[],2019-02-10 20:28:42,0.0,0,0,6627452,2019-02-10 20:28:42,,384.77798703,0.0,0,,15106717515.9,0.0,0.0,272
0.0000000000000053,[],28,[],2019-02-10 20:28:45,192943917356.13,5.3e-21,1.9298413000000002e-25,6627453,2019-02-10 20:28:45,doge,375564313.42311454,28484704502.9999,0.00000100,doge,212061553061.35678,0.0,5.053042185034188e-10,272
1,[],22,[],2019-02-10 20:28:50,13524.0,0.00002000,0.000000000728242,6627454,2019-02-10 20:28:50,BTC,74.1076649,0.0,0.00002000,"BTC,LTC",1036.0626333333332,0.00320209,0.03209357,281
