pairValue,buyBook,exchangeId,sellBook,updated,buyTotal,satoshiPrice,usdPrice,exchangeLogId,created,bestPair,sellTotalBtc,volume,pairPrice,activePairs,sellTotal,volumeBtc,buyTotalBtc,coinId
1,[],3,[],2019-03-09 05:59:36,30543.0099435388,0.0126606600000000006633893434582205372862517833709716796875,0.0000004920312295800001,6885004,2019-03-09 05:59:36,btc,61.08646765117244,0.0,0.0126606600000000006633893434582205372862517833709716796875,btc,23.114004923765002,0.0,0.2886383303591943,1
1,[],4,[],2019-03-09 05:59:38,207919.54695086,0.01277344,0.00000049641419872,6885005,2019-03-09 05:59:38,btc,10.029731714904283,0.0,0.01277344,btc,321.66704247,0.62447743,3.189988224631318,1
1,[],5,[],2019-03-09 05:59:40,0.0,0,0,6885006,2019-03-09 05:59:40,btc,0.0,0.06129071,0,btc,0.0,0.0,0.0,1
1,[],10,[],2019-03-09 05:59:41,413930.51518136,0.0108,0.0000004197204000000001,6885007,2019-03-09 05:59:41,btc,6522.303343072969,539.40765909,0.0108,btc,1113.08448118,0.0,5.048372879941741,1
1,[],12,[],2019-03-09 05:59:45,115.01415514,0.01272000000000000040356606945124440244399011135101318359375,0.0000004943373600000001,6885008,2019-03-09 05:59:45,btc,0.3106925352511,0.0,0.01272000000000000040356606945124440244399011135101318359375,btc,23.23550608,0.1031399384149,0.443332249519,1
1,[],20,[],2019-03-09 05:59:47,1152.4789,0.010500222,0.000000408070127586,6885009,2019-03-09 05:59:47,btc,0.055456485683,0.3915,0.010500222,btc,2.4799,0.0046697723592,0.0959956109747,1
1,[],21,[],2019-03-09 05:59:48,1697.23386643,0.01278253000000000028091307058,0.0000004967674633900001,6885010,2019-03-09 05:59:48,btc,27.299792664277188,9496.86701806,0.01278253000000000028091307058275560848414897918701171875,"btc,eth",3203.38331226,115.5828653155184,16.36195541936541,1
1,[],22,[],2019-03-09 05:59:52,0.0059712,0.01250000,0.0000004857875,6885011,2019-03-09 05:59:52,BTC,0.31439419,0.0,0.01250000,BTC,0.12751438772928525,5.14e-06,7.464e-05,1
1,[],24,[],2019-03-09 05:59:52,0.0,0.000000000000,0,6885012,2019-03-09 05:59:52,btc,0.0,0.0,0.000000000000,btc,0.0,0.0,0.0,1
0.0,[],25,[],2019-03-09 05:59:53,0.0,0,0,6885013,2019-03-09 05:59:53,btc,18.25469999819765,171.43560263,0.0,btc,1393.50709611,2.2168,0.0,1
1,[],26,[],2019-03-09 06:00:08,0.0,0,0,6885014,2019-03-09 06:00:08,,0.0,0.0,0,,0.0,0.0,0.0,1
1,[],28,[],2019-03-09 06:00:11,993.142,0.01323000,0.00000051415749,6885015,2019-03-09 06:00:11,btc,0.147901439075,17956.7,0.01323000,btc,7.9421,0.0,0.089302756,1
0,[],2,[],2019-01-20 23:28:45,0.0,0,0,6477011,2019-01-20 23:28:45,,0.0,0.0,0,,0.0,0.0,0.0,1
1,[],5,[],2019-03-09 06:00:13,0.0,0,0,6885016,2019-03-09 06:00:13,btc,0.0,0.01897272,0,btc,0.0,0.0,0.0,2
0.0000000001253217,[],22,[],2019-03-09 06:00:17,1148.0,1.3785387e-16,5.357414949810001e-21,6885017,2019-03-09 06:00:17,XMR,21.01373823,0.0,0.00000110,XMR,14319.12581,0.0,0.00087635,2
1,[],5,[],2019-03-09 06:00:18,0.0,0,0,6885018,2019-03-09 06:00:18,btc,0.0,0.07928825,0,btc,0.0,0.0,0.0,3
1,[],12,[],2019-03-09 06:00:20,1866453.9266000001,0.000000176,0.000000000006839888,6885019,2019-03-09 06:00:20,btc,22810.24230509883,0.0,0.000000176,btc,1014316.89791328,0.02985089283241635,0.2689928688816,3
0,[],28,[],2019-03-09 06:00:21,0.0,0,0,6885020,2019-03-09 06:00:21,,0.0,0.0,0,,0.0,0.0,0.0,3
0,[],2,[],2019-01-20 23:31:32,0.0,0,0,6477077,2019-01-20 23:31:32,,0.0,0.0,0,,0.0,0.0,0.0,4
1,[],4,[],2019-03-09 06:00:24,397545.0422569,0.00000033,0.000000000012824790000000002,6885021,2019-03-09 06:00:24,btc,32.1722760577187,0.0,0.00000033,btc,710397.77475616,0.0,0.0487085946536438,4
1,[],12,[],2019-03-09 06:00:25,374807.0,0.00000002,0.0000000000007772600000000001,6885022,2019-03-09 06:00:25,btc,1111742.62478137,0.0,0.00000002,btc,539026.0,3e-07,0.00485588,5
0,[],2,[],2019-01-20 23:31:51,0.0,0,0,6477087,2019-01-20 23:31:51,,0.0,0.0,0,,0.0,0.0,0.0,6
1,[],11,[],2019-03-09 06:00:28,4785062.5,0.00000002,0.0000000000007772600000000001,6885023,2019-03-09 06:00:28,btc,9568.13038637766,68382.0,0.00000002,btc,42683320.90271394,0.0,0.063176085,6
1,[],3,[],2019-03-09 06:00:29,1083.916168846546,0.00015322999999999999489776192351797590163187123835086822509765625,0.00000000595497749,6885024,2019-03-09 06:00:29,btc,29.634085403952064,0.0,0.00015322999999999999489776192351797590163187123835086822509765625,btc,239.122414578101,0.0,0.03372921910873305,7
1,[],4,[],2019-03-09 06:00:30,102305.29633509,0.00025334,0.00000000984555242,6885025,2019-03-09 06:00:30,btc,14.62022939739929,0.0,0.00025334,btc,40811.47988205,7.33579362,7.512399147674771,7
1,[],5,[],2019-03-09 06:00:31,0.0,0,0,6885026,2019-03-09 06:00:31,btc,0.0,0.25152702,0,btc,0.0,0.0,0.0,7
1,[],20,[],2019-02-20 02:16:17,39399275.8418,0.000000001,0.0000000000000390183,6728586,2019-02-20 02:16:17,btc,116.9737569154545,525.0,0.000000001,btc,56932965.8895,5.25e-07,0.0393992758418,8
0,[],2,[],2019-01-20 23:22:42,0.0,0,0,6476876,2019-01-20 23:22:42,,0.0,0.0,0,,0.0,0.0,0.0,9
0,[],23,[],2019-01-20 23:22:48,0.0,0,0,6476878,2019-01-20 23:22:48,,0.0,0.0,0,,0.0,0.0,0.0,9
1,[],4,[],2019-03-09 06:00:34,1278753.32955035,0.00000156,0.00000000006062628,6885027,2019-03-09 06:00:34,btc,5.476104426441734,0.0,0.00000156,btc,2754227.86107927,2.24456621,1.138080982819596,9
1,[],28,[],2019-03-09 06:00:36,38863.15,0.00000166,0.00000000006451258000000001,6885028,2019-03-09 06:00:36,btc,2708.761281370583,3510920.0,0.00000166,btc,11954.1497,0.0,0.035782829,9
1,[],1,[],2019-02-17 23:31:42,1822507.21,0.00000181000000000000003456111265232042484285557293333113193511962890625,0.000000000066086901,6701244,2019-02-17 23:31:42,btc,3.6990969245,17153386.5,0.00000181000000000000003456111265232042484285557293333113193511962890625,btc,1997391.71,31.11772986,3.2610482446,9
1,[],4,[],2019-02-17 11:22:43,4341674.27126056,0.00000002,0.0000000000007272960000000001,6696112,2019-02-17 11:22:43,btc,0.1997230937751353,0.0,0.00000002,btc,4109766.79808031,0.00215132,0.0479381022052112,10
0,[],2,[],2019-01-20 23:23:08,0.0,0,0,6476890,2019-01-20 23:23:08,,0.0,0.0,0,,0.0,0.0,0.0,12
1,[],4,[],2019-03-09 06:00:37,6531408.17870817,0.00000122,0.000000000047412860000000004,6885029,2019-03-09 06:00:37,btc,10.411369588439063,0.0,0.00000122,btc,5580956.06133042,1.6156347,4.066910553703107,12
1,[],5,[],2019-03-09 06:00:38,0.0,0,0,6885030,2019-03-09 06:00:38,btc,0.0,0.43024969,0,btc,0.0,0.0,0.0,12
0.0,[],25,[],2019-03-09 06:00:40,0.0,0,0,6885031,2019-03-09 06:00:40,,0.0,0.0,0.0,btc,0.0,0.0,0.0,12
1,[],4,[],2019-03-09 06:00:41,32042574.09268608,0.00000592,0.00000000023006896,6885032,2019-03-09 06:00:41,btc,3.0741347574465623,0.0,0.00000592,btc,416811.84254871,0.86645429,1.412690053305727,13
1,[],21,[],2019-03-09 06:00:45,810170.5057211301,0.000005929999999999999975178275463,0.00000000023045759000000002,6885033,2019-03-09 06:00:45,btc,4.5698505481034095,366909.75530211,0.0000059299999999999999751782754631168614878333755768835544586181640625,btc,685732.19555222,2.20343681,4.436253333755719,13
1,[],10,[],2019-03-09 05:51:03,393676.01347272,0.00000587,0.000000000227653862,6884833,2019-03-09 05:51:03,btc,666801.3126334362,6148.76568035,0.00000587,btc,715336.16848458,0.0,0.2389273297282452,13
1,[],4,[],2019-03-09 06:00:45,700408.33915832,0.00000132,0.000000000051299160000000006,6885034,2019-03-09 06:00:45,btc,6.393916245484618,0.0,0.00000132,btc,874241.76844604,0.00410131,0.1427903150843593,14
1,[],12,[],2019-03-09 06:00:46,267448.0,0.0000015000000000000000380012861456169304119612206704914569854736328125,0.0000000000582945,6885035,2019-03-09 06:00:46,btc,0.1041790314977054,0.0,0.0000015000000000000000380012861456169304119612206704914569854736328125,btc,8593.92589871,0.0009988959999905,0.03537274,14
1,[],26,[],2019-03-09 06:00:58,0.0,0.00000050,0.0000000000194315,6885036,2019-03-09 06:00:58,btc,0.0,0.0,0.00000050,btc,0.0,0.0,0.0,14
0,[],17,[],2019-03-09 05:51:19,0.0,0,0,6884837,2019-03-09 05:51:19,btc,0.0,0.0,0,btc,0.0,0.0,0.0,14
,[],12,[],2018-12-01 15:15:48,204241.84496,0.00000489,0.000000000202473384,5260204,2018-12-01 15:15:48,btc,49.5475654835,0.0,,btc,35763.2193806,0.0163153972027625,0.0203389899998,15
0,[],4,[],2019-03-09 06:00:59,0.0,0,0,6885037,2019-03-09 06:00:59,,0.0,0.0,0,,0.0,0.0,0.0,15
0,[],2,[],2019-01-20 23:23:38,0.0,0,0,6476906,2019-01-20 23:23:38,,0.0,0.0,0,,0.0,0.0,0.0,18
1,[],4,[],2019-03-09 06:01:00,34959.17430844,0.00001559,0.0000000006058741700000001,6885038,2019-03-09 06:01:00,btc,4.192754667664933,0.0,0.00001559,btc,18834.12998033,0.04428557,0.0795578774034166,18
1,[],10,[],2019-03-09 06:01:02,785588.37237287,0.00001669,0.0000000006486234700000001,6885039,2019-03-09 06:01:02,btc,15.363201701718024,21101.6570698,0.00001669,btc,12001.16548778,0.0,0.167369048842808,18
1,[],12,[],2019-03-09 06:01:03,374571.85789796,0.00001626000000000000017476471658728343072652933187782764434814453125,0.0000000006319123800000001,6885040,2019-03-09 06:01:03,btc,33008.93118532171,0.0,0.00001626000000000000017476471658728343072652933187782764434814453125,btc,446.12849950000003,0.0034003682661494,0.0246676558378739,18
0,[],17,[],2019-03-09 06:01:05,0.0,0,0,6885041,2019-03-09 06:01:05,btc,0.0,0.0,0,btc,0.0,0.0,0.0,18
0,[],2,[],2019-01-20 23:24:19,0.0,0,0,6476924,2019-01-20 23:24:19,,0.0,0.0,0,,0.0,0.0,0.0,19
1,[],3,[],2019-03-09 06:01:06,117240.89502717878,0.00002163999999999999948661726090204382444426300935447216033935546875,0.00000000084099532,6885042,2019-03-09 06:01:06,btc,0.4855477259798244,0.0,0.00002163999999999999948661726090204382444426300935447216033935546875,btc,8612.829000750957,0.0,0.015044087205629837,19
1,[],4,[],2019-03-09 06:01:07,278692.72401455,0.00001974,0.0000000007671556200000001,6885043,2019-03-09 06:01:07,btc,2.3407843918996387,0.0,0.00001974,btc,81951.88050073,0.78001268,2.715443341878118,19
1,[],5,[],2019-03-09 06:01:08,0.0,0,0,6885044,2019-03-09 06:01:08,btc,0.0,0.00107427,0,btc,0.0,0.0,0.0,19
1,[],12,[],2019-03-09 06:01:09,170068.10699588,0.000012160000000000000466176576507937312499052495695650577545166015625,0.00000000047257408,6885045,2019-03-09 06:01:09,btc,0.2234953569878837,0.0,0.000012160000000000000466176576507937312499052495695650577545166015625,btc,365.56200924,0.0,0.037374109999942,19
0,[],27,[],2019-03-09 06:01:12,0.0,0,0,6885046,2019-03-09 06:01:12,,0.0,0.0,0,btc,0.0,0.0,0.0,19
1,[],4,[],2019-03-09 06:01:13,2769884.31529761,0.00000012,0.00000000000466356,6885047,2019-03-09 06:01:13,btc,7.383042289760813,0.0,0.00000012,btc,2876583.25385408,0.0,0.0767587845068285,20
0,[],17,[],2019-03-09 04:08:50,0.0,0,0,6884359,2019-03-09 04:08:50,btc,0.0,0.0,0,btc,0.0,0.0,0.0,21
1,[],4,[],2019-03-09 06:01:14,103815793.72147027,0.00000002,0.0000000000007772600000000001,6885048,2019-03-09 06:01:14,btc,1847.863256175191,0.0,0.00000002,btc,54908384.6818267,0.0,1.1630563175500457,21
1,[],12,[],2019-03-09 06:01:15,1225236.0,0.00000001,0.00000000000038863000000000003,6885049,2019-03-09 06:01:15,btc,1248.0057461495405,0.0,0.00000001,btc,2415596.97702298,0.0,0.01225236,21
1,[],12,[],2019-03-09 06:01:27,2423019680.0,0.0000000001,0.0000000000000038863,6885050,2019-03-09 06:01:27,btc,11160.563224136815,0.0,0.0000000001,btc,1365372129.0733156,0.005149744221278718,0.242301968,23
0,[],27,[],2019-03-09 06:01:29,0.0,0,0,6885051,2019-03-09 06:01:29,,13.51825636659341,0.0,0,eth,2066931.35514486,0.0,0.0,23
1,[],4,[],2019-03-09 06:01:30,608308.16793154,0.00000046,0.000000000017876980000000002,6885052,2019-03-09 06:01:30,btc,9.681110669024989,0.0,0.00000046,btc,1616767.83759451,0.00778591,0.1644778566591929,24
1,[],22,[],2019-03-09 06:01:33,11.76,0.00000100,0.000000000038863,6885053,2019-03-09 06:01:33,BTC,7.415e-05,0.0,0.00000100,BTC,23.919354838709676,0.0,1.176e-05,24
0.0,[],25,[],2019-03-09 06:01:35,0.0,0,0,6885054,2019-03-09 06:01:35,,0.0,0.0,0.0,btc,0.0,0.0,0.0,24
0,[],2,[],2019-01-20 23:25:56,0.0,0,0,6476976,2019-01-20 23:25:56,,0.0,0.0,0,,0.0,0.0,0.0,26
1,[],4,[],2019-03-09 06:01:36,26581590.93477859,0.00000641,0.00000000024911183,6885055,2019-03-09 06:01:36,btc,136.5222382768495,0.0,0.00000641,btc,252091.63676826,0.14319128,0.4609460652345377,26
1,[],10,[],2019-03-09 06:01:38,686373.25195325,0.00000603,0.00000000023434389,6885056,2019-03-09 06:01:38,btc,26.12663786336817,4397.40939121,0.00000603,btc,13967.98878667,0.0,0.2146124961445439,26
1,[],3,[],2019-03-09 06:01:40,8437129.19501412,0.00000001,0.00000000000038863000000000003,6885057,2019-03-09 06:01:40,btc,2.269633654538198,36329.6863216,0.00000001,btc,17615192.95706705,0.0,0.08437129195014119,27
1,[],5,[],2019-03-09 06:01:42,0.0,0,0,6885058,2019-03-09 06:01:42,btc,0.0,0.00018026,0,btc,0.0,0.0,0.0,27
1,[],11,[],2019-03-09 06:01:43,9461840.38103613,0.00000005,0.00000000000194315,6885059,2019-03-09 06:01:43,btc,67506.32843704063,170.63047893,0.00000005,btc,7972152.75036371,0.0,0.44099231334143857,27
1,[],4,[],2019-03-09 06:01:44,2163607215.1852484,0.00000001,0.00000000000038863000000000003,6885060,2019-03-09 06:01:44,btc,3.324839422812017,0.0,0.00000001,"btc,ltc",217457623.2749058,0.45089444,9.697808560192437,29
1,[],7,[],2019-03-09 06:01:46,35570600.71560571,0.00000001,0.00000000000038863000000000003,6885061,2019-03-09 06:01:46,btc,44461616.561897375,1997124.71702,0.00000001,btc,46518105.94663774,0.03994249,0.35570600715605716,29
0,[],17,[],2019-03-09 05:52:22,0.0,0,0,6884864,2019-03-09 05:52:22,btc,0.0,0.0,0,btc,0.0,0.0,0.0,30
1,[],4,[],2019-03-09 05:52:21,2297766.52732763,0.00000021,0.000000000008144346,6884863,2019-03-09 05:52:21,btc,2.6471411265749425,0.0,0.00000021,btc,2014421.37033034,0.01599343,0.0929166803793862,30
1,[],4,[],2019-03-09 06:01:47,182609.1679553,0.00005655,0.00000000219770265,6885062,2019-03-09 06:01:47,btc,9.68893474706807,0.0,0.00005655,btc,112902.18865534,2.45342349,2.1378007255479896,31
1,[],21,[],2019-03-09 06:01:48,91517.77908960001,0.00005396999999999999996121158308,0.00000000209743611,6885063,2019-03-09 06:01:48,btc,3.9096220212246102,490751.34730342,0.00005396999999999999996121158307715859336894936859607696533203125,btc,63439.57513394,27.28277765,4.659069359336024,31
0,[],2,[],2019-01-20 23:28:43,0.0,0,0,6477009,2019-01-20 23:28:43,,0.0,0.0,0,,0.0,0.0,0.0,32
1,[],4,[],2019-03-09 06:01:48,414837800.1784721,0.00000004,0.0000000000015545200000000001,6885064,2019-03-09 06:01:48,btc,10.679489909222697,0.0,0.00000004,"btc,ltc",199792938.91454148,0.74873716,9.88833478593265,33
1,[],12,[],2019-03-09 06:01:50,23407299.54000004,0.00000004,0.0000000000015545200000000001,6885065,2019-03-09 06:01:50,btc,1311776.494492856,0.0,0.00000004,btc,15305121.92307688,0.012674189010989,0.5613348819600016,33
1,[],4,[],2019-03-09 06:01:51,112607735.3000919,0.00000001,0.00000000000038863000000000003,6885066,2019-03-09 06:01:51,btc,3.555356611988936,0.0,0.00000001,btc,101244081.34520847,0.0382,1.126077353000919,34
1,[],5,[],2019-03-09 06:01:53,0.0,0,0,6885067,2019-03-09 06:01:53,btc,0.0,0.0688563,0,btc,0.0,0.0,0.0,34
0.0000000001470489,[],4,[],2019-03-09 06:01:54,1525383931.6693335,1.470489e-18,5.714761400700001e-23,6885068,2019-03-09 06:01:54,ltc,4.2885874640598574e-08,0.0,0.00000001,ltc,6670896531.903277,0.0,2.2430602922965062e-09,36
1,[],5,[],2019-03-09 06:01:56,0.0,0,0,6885069,2019-03-09 06:01:56,btc,0.0,0.0,0,btc,0.0,0.0,0.0,36
0,[],17,[],2019-03-09 06:01:58,0.0,0,0,6885070,2019-03-09 06:01:58,btc,0.07464582811942293,0.0,0,btc,4105386.20243647,0.0,0.0,36
0.00000000034796470000000006,[],27,[],2019-03-09 06:02:00,1090000.0,3.4796470000000005e-18,1.3522952136100002e-22,6885071,2019-03-09 06:02:00,eth,222.5593939951224,0.0,0.00000001,"ltc,eth",11165410.31026039,0.0,1.739195336e-12,36
1,[],17,[],2019-03-09 03:58:48,1752.74075282,0.00000025,0.000000000009694199999999999,6884186,2019-03-09 03:58:48,btc,0.05548492398753454,0.0,0.00000025,btc,1387.19918473,0.0,0.00043818518820499993,37
1,[],4,[],2019-03-09 06:02:01,255315.44620007,0.00000059,0.00000000002292917,6885072,2019-03-09 06:02:01,btc,19772.4782739229,0.0,0.00000059,btc,559659.52687993,0.02706363,0.1114321980520257,37
1,[],12,[],2019-03-09 06:02:02,403333.78579824,0.00000063,0.000000000024483690000000003,6885073,2019-03-09 06:02:02,btc,11.310824363277806,0.0,0.00000063,btc,366260.05731096,0.0620798057725962,0.1221591103902019,37
1,[],27,[],2019-03-09 06:02:16,34685.567,0.00000045,0.00000000001748835,6885074,2019-03-09 06:02:16,btc,25.74903392619233,0.0,0.00000045,btc,6518.38138508,0.0,0.00520032515,37
1,[],5,[],2019-03-09 06:02:18,0.0,0,0,6885075,2019-03-09 06:02:18,btc,0.0,0.1226076,0,btc,0.0,0.0,0.0,42
1,[],12,[],2019-03-09 06:02:19,262526.30299305,0.000001080000000000000035831255497387193287295303889550268650054931640625,0.000000000041972040000000006,6885076,2019-03-09 06:02:19,btc,0.3042888182355815,0.0,0.000001080000000000000035831255497387193287295303889550268650054931640625,btc,38975.66648688,0.049473561790909,0.0273282338799883,42
0.00000000034796470000000006,[],27,[],2019-03-09 06:02:21,2000.0,3.4796470000000005e-18,1.3522952136100002e-22,6885077,2019-03-09 06:02:21,eth,0.00315028,0.0,0.00000001,"btc,eth",11.007,0.0,6.959294e-15,42
0,[],17,[],2019-03-09 04:09:39,0.0,0,0,6884391,2019-03-09 04:09:39,btc,0.0,0.0,0,btc,0.0,0.0,0.0,43
1,[],5,[],2019-03-09 06:02:23,0.0,0,0,6885078,2019-03-09 06:02:23,btc,0.0,0.0028864,0,btc,0.0,0.0,0.0,43
1,[],12,[],2019-03-09 06:02:24,1021242.0,0.00000001,0.00000000000038863000000000003,6885079,2019-03-09 06:02:24,btc,2.32521442999001,0.0,0.00000001,btc,4460308.4995005,0.0,0.01021242,43
1,[],12,[],2019-03-05 01:54:08,639326.02,0.00000004,0.000000000001486676,6845775,2019-03-05 01:54:08,btc,11116042.728239931,0.0,0.00000004,btc,1103841.4595604,0.0003330765234764,0.014975410599999999,44
1,[],4,[],2019-03-09 06:02:26,298819383.59427077,0.00000003,0.00000000000116589,6885080,2019-03-09 06:02:26,btc,473.6842436517251,0.0,0.00000003,"btc,ltc",10561089.99196766,0.15082215,0.2821694587332767,49
0,[],4,[],2019-03-09 06:02:27,0.0,0,0,6885081,2019-03-09 06:02:27,,25.808545412670743,0.0,0,,9740025998.04817,0.0,0.0,52
0.0000000001253217,[],22,[],2019-03-09 06:02:30,80845862.0,1.253217e-18,4.8703772271000005e-23,6885082,2019-03-09 06:02:30,XMR,4366.97466637,0.0,0.00000001,XMR,255820234.67882353,0.0,0.80845862,57
0.00000000034796470000000006,[],27,[],2019-03-09 06:02:33,2000.0,3.4796470000000005e-18,1.3522952136100002e-22,6885083,2019-03-09 06:02:33,eth,0.0,0.0,0.00000001,"btc,eth",0.0,0.0,6.959294e-15,57
0.0000000001470489,[],4,[],2019-03-09 06:02:34,595367341.3145349,2.940978e-18,1.1429522801400002e-22,6885084,2019-03-09 06:02:34,ltc,18.807189673025253,0.0,0.00000002,ltc,4766856848.959154,0.0,1.3008729749780549e-09,58
1,[],12,[],2019-03-09 06:02:36,371172110.0,0.0000000004,0.0000000000000155452,6885085,2019-03-09 06:02:36,btc,1121627.3071779453,0.0,0.0000000004,btc,1301536172.898102,0.003739457654345655,0.1026999889,58
0,[],17,[],2019-03-09 06:02:37,0.0,0,0,6885086,2019-03-09 06:02:37,btc,1e+24,0.0,0,btc,49306342.21952568,0.0,0.0,58
0.0000000001253217,[],22,[],2019-03-09 06:02:41,137438.0,1.253217e-18,4.8703772271000005e-23,6885087,2019-03-09 06:02:41,XMR,69.8835922,0.0,0.00000001,XMR,9887963.0,0.0,0.00137438,58
1,[],5,[],2019-03-09 06:02:43,0.0,0,0,6885088,2019-03-09 06:02:43,btc,0.0,0.00067114,0,btc,0.0,0.0,0.0,61
1,[],22,[],2019-03-09 06:02:46,13757.0,0.00000012,0.00000000000466356,6885089,2019-03-09 06:02:46,BTC,1002.2960049,0.0,0.00000012,BTC,14976.68361146909,0.0,0.00154987,61
1,[],26,[],2019-03-09 06:02:47,0.0,0.00000800,0.000000000310904,6885090,2019-03-09 06:02:47,btc,0.0,0.0,0.00000800,btc,0.0,0.0,0.0,61
1,[],27,[],2019-03-09 06:02:49,4411.22008,0.00000047,0.00000000001826561,6885091,2019-03-09 06:02:49,btc,2.8990263703141324,0.0,0.00000047,"btc,eth",19485.01257617,0.0,0.001243759959526795,61
1,[],28,[],2019-03-09 06:02:51,13880.304,0.0000005,0.0000000000194315,6885092,2019-03-09 06:02:51,btc,2.056312978300105,731.0,0.0000005,btc,9730.59500005,0.0,0.00566391304,61
1,[],4,[],2019-03-09 06:02:52,1345239.43313526,0.00000250,0.00000000009715750000000001,6885093,2019-03-09 06:02:52,btc,8.927209385720603,0.0,0.00000250,btc,741509.85220855,0.09160275,1.0085052653941622,67
0.0,[],25,[],2019-03-09 06:02:53,0.0,0,0,6885094,2019-03-09 06:02:53,,0.0,0.0,0.0,btc,0.0,0.0,0.0,67
1,[],12,[],2019-03-09 06:02:54,291983.67820427,0.00000028,0.000000000010881640000000002,6885095,2019-03-09 06:02:54,btc,15940.53817032851,0.0,0.00000028,btc,1045587.94198393,0.0467768771153249,0.0575787199344009,71
,[],5,[],2018-11-20 23:02:39,1.5e-07,0.00000005,0.000000000002128045,4862160,2018-11-20 23:02:39,btc,2.84511358,0.0,,btc,0.00036572,0.0,0.07381892,74
1,[],5,[],2019-03-09 06:02:55,0.0,0,0,6885096,2019-03-09 06:02:55,btc,0.0,0.0,0,btc,0.0,0.0,0.0,75
0,[],20,[],2019-01-25 09:30:31,0.0,0,0,6495923,2019-01-25 09:30:31,btc,0.0,0.0,0,btc,0.0,0.0,0.0,81
1,[],4,[],2019-03-09 06:02:58,13147768.81424166,0.00000001,0.00000000000038863000000000003,6885097,2019-03-09 06:02:58,btc,11388.985544584346,0.0,0.00000001,btc,40019471.49932191,0.0,0.1314776881424166,81
1,[],4,[],2019-03-09 06:03:00,24044.49430567,0.00007556,0.0000000029364882800000003,6885098,2019-03-09 06:03:00,btc,18.131066498930338,0.0,0.00007556,btc,12437.49225742,0.04732266,0.1049287305237173,82
1,[],21,[],2019-03-09 06:03:01,765952.20331377,0.00007566000000000000405130790027,0.0000000029403745800000004,6885099,2019-03-09 06:03:01,btc,3.570692189538836,8808.72650604,0.000075660000000000004051307900265754824431496672332286834716796875,btc,42593.97159673,0.66045932,2.959202547718959,82
0,[],17,[],2019-03-09 06:03:02,0.0,0,0,6885100,2019-03-09 06:03:02,btc,0.0447233088476774,0.0,0,btc,999127.19588126,0.0,0.0,84
0.0000000001470489,[],4,[],2019-03-09 06:03:03,107018780.12775661,2.940978e-18,1.1429522801400002e-22,6885101,2019-03-09 06:03:03,ltc,1.7493646963322496,0.0,0.00000002,ltc,423082561.3383544,0.0,2.0543263656945745e-10,85
,[],22,[],2018-11-20 23:09:34,3408.1,0.0000001,0.0000000000041895,4862324,2018-11-20 23:09:34,BTC,0.04624735,0.0,,BTC,4990.0,0.0,0.00033081,86
1,[],22,[],2019-03-09 06:03:07,122000.0,0.00000003,0.00000000000116589,6885102,2019-03-09 06:03:07,BTC,2.078122,0.0,0.00000003,BTC,169918.94736842104,0.0,0.00186,87
0,[],27,[],2019-03-09 06:03:09,0.0,0,0,6885103,2019-03-09 06:03:09,,0.0,0.0,0,btc,0.0,0.0,0.0,87
,[],2,[],2018-11-20 23:10:47,0.0,0,0,4862359,2018-11-20 23:10:47,,0.0,0.0,,,0.0,0.0,0.0,88
1,[],11,[],2019-03-09 06:03:11,94738.62910995,0.00014645000000000000899003094190220508608035743236541748046875,0.000000005691486350000001,6885104,2019-03-09 06:03:11,btc,606.8414411056223,57.0,0.00014645000000000000899003094190220508608035743236541748046875,btc,94373.05746696,0.0,6.522022777179208,89
0,[],2,[],2019-01-20 23:31:45,0.0,0,0,6477083,2019-01-20 23:31:45,,0.0,0.0,0,,0.0,0.0,0.0,91
1,[],12,[],2019-03-09 06:03:12,248596.66372552,0.000001260000000000000006510091944689211373997750342823565006256103515625,0.000000000048967380000000006,6885105,2019-03-09 06:03:12,btc,61.50656759857173,0.0,0.000001260000000000000006510091944689211373997750342823565006256103515625,btc,115997.2142805,0.0121844561230169,0.0371075998999441,91
0,[],17,[],2019-03-09 06:03:13,0.0,0,0,6885106,2019-03-09 06:03:13,btc,0.0,0.0,0,btc,0.0,0.0,0.0,91
1,[],22,[],2019-03-09 06:03:25,65900.0,0.00000001,0.00000000000038863000000000003,6885107,2019-03-09 06:03:25,BTC,3e-06,0.0,0.00000001,BTC,1.0,0.0,0.000659,91
0,[],22,[],2019-03-09 06:03:29,0.0,0,0,6885108,2019-03-09 06:03:29,,7.50272737,0.0,0,,70590195.95714286,0.0,0.0,95
0.0000000001470489,[],4,[],2019-03-09 06:03:30,647261470.0381,9.5581785e-17,3.714594910455e-21,6885109,2019-03-09 06:03:30,ltc,11.894632776399323,0.0,0.00000065,ltc,136320665.26165134,0.0,1.86650689619609e-09,96
1,[],12,[],2019-03-09 06:03:31,19433.0,0.00000001,0.00000000000038863000000000003,6885110,2019-03-09 06:03:31,btc,10.58031048,0.0,0.00000001,btc,2084201.0,1.27e-06,0.00019433,96
0,[],17,[],2019-03-09 06:03:42,0.0,0,0,6885111,2019-03-09 06:03:42,btc,0.0,0.0,0,btc,0.0,0.0,0.0,96
1,[],4,[],2019-03-09 06:03:44,1604068.01135994,0.00000021,0.00000000000816123,6885112,2019-03-09 06:03:44,btc,2.574394411422095,0.0,0.00000021,btc,2576167.90397024,0.01823752,0.1283940228594511,99
0,[],2,[],2019-01-20 23:23:55,0.0,0,0,6476914,2019-01-20 23:23:55,,0.0,0.0,0,,0.0,0.0,0.0,100
1,[],4,[],2019-03-09 06:03:46,286255.41534746,0.00003940,0.0000000015312022000000001,6885113,2019-03-09 06:03:46,btc,11.217317709147736,0.0,0.00003940,btc,158946.3104848,0.49708256,1.595348108354249,100
1,[],22,[],2019-03-09 06:03:50,50000.0,0.00000001,0.00000000000038863000000000003,6885114,2019-03-09 06:03:50,BTC,23.49896609,0.0,0.00000001,BTC,10277.22,0.0,0.0005,101
1,[],4,[],2019-03-09 06:03:51,436850.95244762,0.00000087,0.00000000003381081,6885115,2019-03-09 06:03:51,btc,308.0285008424298,0.0,0.00000087,btc,484559.03319235,0.00692703,0.2147008455233416,103
1,[],12,[],2019-03-09 06:03:54,23045063.887000002,0.000000009,0.000000000000349767,6885116,2019-03-09 06:03:54,btc,3553840.542396822,0.0,0.000000009,btc,61004905.02401889,0.0393982923806199,0.06292545198300001,105
1,[],27,[],2019-03-09 06:03:55,229397.89,0.00000001,0.00000000000038863000000000003,6885117,2019-03-09 06:03:55,btc,36.60593030491341,0.0,0.00000001,btc,1302440.23571724,0.0,0.0022939789,105
1,[],22,[],2019-03-09 06:04:00,9328.0,0.00000001,0.00000000000038863000000000003,6885118,2019-03-09 06:04:00,BTC,51.10837004,0.0,0.00000001,BTC,470435.0,0.0,9.328e-05,107
1,[],26,[],2019-03-09 06:04:00,0.0,0.00000000,0,6885119,2019-03-09 06:04:00,btc,0.0,0.0,0.00000000,btc,0.0,0.0,0.0,107
1,[],5,[],2019-03-09 06:04:03,0.0,0,0,6885120,2019-03-09 06:04:03,btc,0.0,0.00056425,0,btc,0.0,0.0,0.0,112
1,[],22,[],2019-03-09 06:04:06,1966.0,0.00000001,0.00000000000038863000000000003,6885121,2019-03-09 06:04:06,BTC,2.7975128,0.0,0.00000001,BTC,826524.0833333334,0.0,1.966e-05,112
0.00000000034796470000000006,[],27,[],2019-03-09 06:04:09,2000.0,3.4796470000000005e-18,1.3522952136100002e-22,6885122,2019-03-09 06:04:09,eth,1.24892491849924,0.0,0.00000001,"btc,eth",1288.641654,0.0,6.959294e-15,112
1,[],4,[],2019-03-09 06:04:10,1310547.60361227,0.00000208,0.00000000008083504000000001,6885123,2019-03-09 06:04:10,btc,4.903311032076256,0.0,0.00000208,btc,327985.94227522,0.05717367,1.0073290294397392,113
1,[],5,[],2019-03-09 06:04:12,0.0,0,0,6885124,2019-03-09 06:04:12,btc,0.0,0.0,0,btc,0.0,0.0,0.0,113
0,[],27,[],2019-03-09 06:04:25,0.0,0,0,6885125,2019-03-09 06:04:25,,0.0,0.0,0,btc,0.0,0.0,0.0,116
1,[],17,[],2019-03-09 05:55:20,152738.278,0.00000004,0.0000000000015513040000000002,6884926,2019-03-09 05:55:20,btc,1.336803027484043,0.0,0.00000004,btc,51896.221,0.0,0.0022095311199999998,116
1,[],4,[],2019-03-09 06:04:26,76897.2264888,0.00002449,0.0000000009517548700000001,6885126,2019-03-09 06:04:26,btc,30.803182811849002,0.0,0.00002449,btc,91480.48136818,0.11916268,1.117291528089667,120
1,[],7,[],2019-03-09 06:04:28,20847.49641925,0.0000212500000000000015265566588595902430824935436248779296875,0.0000000008258387500000001,6885127,2019-03-09 06:04:28,btc,115647.31600148382,2.90290374,0.0000212500000000000015265566588595902430824935436248779296875,btc,36705.9616105,7.388e-05,0.0521525193138337,120
1,[],20,[],2019-03-09 06:04:31,2944419.8305,0.000000034,0.000000000001321342,6885128,2019-03-09 06:04:31,btc,33.6156363984428,57925.55,0.000000034,btc,1008323.7699,0.0019826180668,0.0386576303376,125
1,[],22,[],2019-03-09 06:04:35,3053.0,0.00000001,0.00000000000038863000000000003,6885129,2019-03-09 06:04:35,BTC,0.01444887,0.0,0.00000001,BTC,296263.5111111111,0.0,3.053e-05,126
1,[],4,[],2019-03-09 06:04:37,142659.17315112,0.00001304,0.0000000005067735200000001,6885130,2019-03-09 06:04:37,btc,3.618065039076086,0.0,0.00001304,btc,122150.37103396,0.14277964,0.6044283949403584,131
0,[],2,[],2019-01-20 23:25:46,0.0,0,0,6476969,2019-01-20 23:25:46,,0.0,0.0,0,,0.0,0.0,0.0,131
0,[],17,[],2019-03-09 04:52:27,0.0,0,0,6884595,2019-03-09 04:52:27,btc,0.0009561751951600001,0.0,0,btc,35.42829368,0.0,0.0,131
1,[],4,[],2019-03-09 06:04:48,4547.64625073,0.00016000,0.0000000062180800000000005,6885131,2019-03-09 06:04:48,btc,1.6193986698370344,0.0,0.00016000,btc,239.25503526,0.0,0.0068661669237786,135
1,[],3,[],2019-03-07 00:20:44,877702.73244099,0.00000004,0.00000000000154846,6863392,2019-03-07 00:20:44,btc,0.119366241821405,0.0,0.00000004,btc,760637.99421222,0.0,0.023771231960604298,136
1,[],4,[],2019-03-09 06:04:49,62976.92388988,0.00000153,0.00000000005946039,6885132,2019-03-09 06:04:49,btc,38.679983547334345,0.0,0.00000153,btc,521819.82328938,0.09718017,0.0624315400116169,137
1,[],12,[],2019-03-09 06:04:50,188914.04194457,0.000001619999999999999947867764839293247547402643249370157718658447265625,0.00000000006295806,6885133,2019-03-09 06:04:50,btc,5.05830808845917,0.0,0.000001619999999999999947867764839293247547402643249370157718658447265625,btc,3069.87217548,0.0034405867953705,0.0071014899998823,137
1,[],4,[],2019-03-09 06:04:51,17667.48248682,0.00003645,0.0000000014165563500000002,6885134,2019-03-09 06:04:51,btc,28.590144452731586,0.0,0.00003645,btc,48048.60927806,0.18956824,0.4206550912455355,142
1,[],5,[],2019-03-09 06:04:52,0.0,0,0,6885135,2019-03-09 06:04:52,btc,0.0,0.10675371,0,btc,0.0,0.0,0.0,142
1,[],17,[],2019-03-09 06:04:54,22967.386363640002,0.00000088,0.00000000003419944,6885136,2019-03-09 06:04:54,btc,20.0699133484,0.0,0.00000088,btc,405.079105,0.0,0.0104613000000032,142
1,[],20,[],2019-03-09 06:04:56,135551.4845,0.00004001,0.00000000155490863,6885137,2019-03-09 06:04:56,btc,0.3321796187412,308.0405,0.00004001,btc,2131.2459,0.01377397342,0.3067112134271,142
1,[],22,[],2019-03-09 06:04:59,1470.8988921568628,0.00004000,0.0000000015545200000000001,6885138,2019-03-09 06:04:59,BTC,3.00385504,0.0,0.00004000,BTC,891.218,0.0,0.0012358,142
0.0,[],25,[],2019-03-09 06:05:00,0.0,0,0,6885139,2019-03-09 06:05:00,,0.0,0.0,0.0,btc,0.0,0.0,0.0,142
1,[],28,[],2019-03-09 06:05:02,76201.664,0.00001500,0.000000000582945,6885140,2019-03-09 06:05:02,btc,0.067100461059305,1587.0,0.00001500,btc,552.61077999,0.0,0.00546896,142
0,[],22,[],2019-03-09 06:05:06,0.0,0,0,6885141,2019-03-09 06:05:06,,62.13631169,0.0,0,,837691921.3,0.0,0.0,143
0,[],22,[],2019-02-25 15:42:22,0.0,0,0,6783783,2019-02-25 15:42:22,,4.2131946,0.0,0,,2322156.0,0.0,0.0,146
,[],22,[],2018-11-20 23:01:11,0.0,0,0,4862114,2018-11-20 23:01:11,,2.56807021,0.0,,,61828.4988236,0.0,0.0,147
1,[],12,[],2019-03-09 06:05:07,326308.4030497,0.00000181000000000000003456111265232042484285557293333113193511962890625,0.00000000007034203000000001,6885142,2019-03-09 06:05:07,btc,1.7120267086747016,0.0,0.00000181000000000000003456111265232042484285557293333113193511962890625,btc,28058.32742472,0.0013273414637386,0.0265733199999729,148
1,[],4,[],2019-03-09 06:05:08,251126.58754815,0.00000029,0.000000000011270270000000001,6885143,2019-03-09 06:05:08,btc,219.9986534589578,0.0,0.00000029,btc,840518.27277364,0.0,0.0596702236434461,152
0,[],22,[],2019-03-09 06:05:10,0.0,0,0,6885144,2019-03-09 06:05:10,,0.0,0.0,0,,0.0,0.0,0.0,152
1,[],5,[],2019-03-09 06:05:12,0.0,0,0,6885145,2019-03-09 06:05:12,btc,0.0,0.0,0,btc,0.0,0.0,0.0,153
,[],16,[],2019-01-11 15:38:59,0.0,0,0,6366141,2019-01-11 15:38:59,btc,0.0,0.0,,btc,0.0,0.0,0.0,155
0,[],22,[],2019-03-09 06:05:15,0.0,0,0,6885146,2019-03-09 06:05:15,,6.7463881,0.0,0,,4674397.242592593,0.0,0.0,156
0,[],23,[],2019-01-20 23:24:29,0.0,0,0,6476932,2019-01-20 23:24:29,,0.0,0.0,0,,0.0,0.0,0.0,156
1,[],22,[],2019-03-09 06:05:18,7073.8,0.00005300,0.0000000020597390000000003,6885147,2019-03-09 06:05:18,BTC,1.80343699,0.0,0.00005300,BTC,899.6422341958436,0.0,0.00104336,157
0,[],22,[],2019-03-09 06:05:21,0.0,0,0,6885148,2019-03-09 06:05:21,,50175.67608608,0.0,0,,54079135.04179466,0.0,0.0,158
,[],17,[],2018-11-20 22:56:10,0.0,0,0,4861976,2018-11-20 22:56:10,btc,1.1265625,0.0,,btc,1000.0,0.0,0.0,159
,[],20,[],2018-11-20 22:56:12,0.0,0,0,4861977,2018-11-20 22:56:12,btc,11912.7940471,0.0,,btc,34413894.3617,0.0,0.0,159
1,[],12,[],2019-03-09 06:05:22,218489.34680394,0.0000067900000000000002115473594910266541546661756001412868499755859375,0.00000000026387977000000003,6885149,2019-03-09 06:05:22,btc,0.7744220634534429,0.0,0.0000067900000000000002115473594910266541546661756001412868499755859375,btc,8090.8075441,0.0012295923,0.094863008839354,168
1,[],17,[],2019-03-09 05:56:35,29784.95,0.000001,0.0000000000387826,6884952,2019-03-09 05:56:35,btc,0.03026736251542,0.0,0.000001,btc,144.46171372,0.0,0.00716147,168
0,[],22,[],2019-03-07 13:06:36,0.0,0,0,6867364,2019-03-07 13:06:36,,1.1339604,0.0,0,,520283.17470714403,0.0,0.0,169
1,[],22,[],2019-03-09 06:05:25,314467.6666666667,0.00000007,0.00000000000272041,6885150,2019-03-09 06:05:25,BTC,14.35051537,0.0,0.00000007,BTC,156321.50757046542,3.718e-05,0.00822229,171
1,[],22,[],2019-03-09 06:05:30,912527.1083333333,0.0000001,0.0000000000038863000000000005,6885151,2019-03-09 06:05:30,BTC,2.20746423,0.0,0.0000001,"BTC,LTC",270701.823835574,0.0,0.02940863,173
1,[],5,[],2019-03-05 01:59:40,0.0,0,0,6845846,2019-03-05 01:59:40,btc,0.0,0.00384852,0,btc,0.0,0.0,0.0,175
1,[],22,[],2019-03-09 06:05:33,35500.0,0.00000012,0.00000000000466356,6885152,2019-03-09 06:05:33,BTC,0.54559973,0.0,0.00000012,BTC,137776.41444619838,0.00021,0.00206,176
1,[],7,[],2019-03-09 06:05:35,0.0,0,0,6885153,2019-03-09 06:05:35,btc,410914.8908230077,3347.65234765,0,btc,116641456.03800051,3.348e-05,0.0,178
0,[],22,[],2019-03-09 06:05:38,0.0,0,0,6885154,2019-03-09 06:05:38,,1.00242438,0.0,0,,57522.0,0.0,0.0,178
0,[],2,[],2019-01-20 23:28:34,0.0,0,0,6477001,2019-01-20 23:28:34,,0.0,0.0,0,,0.0,0.0,0.0,178
1,[],5,[],2019-03-09 06:05:40,0.0,0,0,6885155,2019-03-09 06:05:40,btc,0.0,0.09871755,0,btc,0.0,0.0,0.0,179
1,[],22,[],2019-03-09 06:05:45,6875818.5,0.00000002,0.0000000000007772600000000001,6885156,2019-03-09 06:05:45,BTC,5.65182896,0.0,0.00000002,"BTC,LTC",17774331.756535422,0.04554511,0.37245709,179
0,[],23,[],2019-01-20 23:25:08,0.0,0,0,6476952,2019-01-20 23:25:08,,0.0,0.0,0,,0.0,0.0,0.0,179
1,[],22,[],2019-03-09 06:06:00,658016.7090909091,0.0000009,0.0000000000349767,6885157,2019-03-09 06:06:00,BTC,0.25425778,0.0,0.0000009,"BTC,LTC",89609.82843797935,0.00046761,0.56235298,180
1,[],26,[],2019-03-09 06:06:00,0.0,0.00000125,0.000000000048578750000000004,6885158,2019-03-09 06:06:00,btc,0.0,100.0,0.00000125,btc,0.0,0.0,0.0,180
1,[],17,[],2019-03-09 05:56:59,10504.725,0.0000001,0.00000000000387826,6884960,2019-03-09 05:56:59,btc,5.2010695838443075,0.0,0.0000001,btc,5033.45945,0.0,0.0010504725,180
,[],7,[],2018-11-20 22:58:01,562227.975654,0.00000085,0.000000000036176765,4862015,2018-11-20 22:58:01,btc,21836.6059674,2491.87645172,,btc,749999.041456,0.00211021,0.127565380455,183
,[],5,[],2019-01-10 08:11:41,0.0,0,0,6347036,2019-01-10 08:11:41,btc,82.15055501,0.00261,,btc,1.19002445,0.0,0.0,187
1,[],24,[],2019-03-09 06:06:01,0.0,0.000000000001,3.8863e-17,6885159,2019-03-09 06:06:01,btc,0.0,0.0,0.000000000001,btc,0.0,0.0,0.0,187
,[],17,[],2018-11-16 20:58:10,4062536.27273,0.00000001,0.000000000000550501,4708775,2018-11-16 20:58:10,btc,3.36492563466,0.195460381006,,"btc,eth",110697919.549,0.0,0.0157628953496,187
0,[],22,[],2019-03-09 06:06:05,0.0,0,0,6885160,2019-03-09 06:06:05,,7.54802454,0.0,0,,79361.7243344055,0.0,0.0,191
0,[],22,[],2019-03-09 05:57:13,0.0,0,0,6884965,2019-03-09 05:57:13,,0.0,0.0,0,,0.0,0.0,0.0,197
0,[],23,[],2019-01-20 23:31:41,0.0,0,0,6477079,2019-01-20 23:31:41,,0.0,0.0,0,,0.0,0.0,0.0,199
0,[],22,[],2019-03-09 05:57:17,0.0,0,0,6884966,2019-03-09 05:57:17,,5.19077022,0.0,0,,21057953.0,0.0,0.0,199
1,[],26,[],2019-03-09 05:57:17,0.0,0.00000000,0,6884967,2019-03-09 05:57:17,btc,0.0,128682.0,0.00000000,btc,0.0,0.0,0.0,199
0,[],17,[],2019-01-30 16:32:01,0.0,0,0,6540827,2019-01-30 16:32:01,btc,6.802544163788159,0.0,0,btc,105897.55575295,0.0,0.0,200
0,[],2,[],2019-01-20 23:30:49,0.0,0,0,6477059,2019-01-20 23:30:49,,0.0,0.0,0,,0.0,0.0,0.0,201
1,[],4,[],2019-01-25 15:51:35,2084389.58565343,0.00000936,0.000000000333526752,6499557,2019-01-25 15:51:35,btc,2.0092503037378524,0.0,0.00000936,btc,160195.80207885,0.19272417,1.242687955921835,211
1,[],7,[],2019-03-09 06:06:08,1651084.0311545199,0.00000110999999999999996035831596741250137938550324179232120513916015625,0.00000000004313793,6885161,2019-03-09 06:06:08,btc,15476652.33396521,979593.487845,0.00000110999999999999996035831596741250137938550324179232120513916015625,btc,12307953.33058085,0.0,1.3692341842637152,212
1,[],5,[],2019-03-09 05:57:22,0.0,0,0,6884969,2019-03-09 05:57:22,btc,0.0,0.1549634,0,btc,0.0,0.0,0.0,213
1,[],24,[],2019-03-09 05:57:22,0.0,0.000000120000,0.000000000004653912,6884970,2019-03-09 05:57:22,btc,0.0,0.0,0.000000120000,btc,0.0,0.0,0.0,213
1,[],26,[],2019-03-09 05:57:22,0.0,0.00000010,0.00000000000387826,6884971,2019-03-09 05:57:22,btc,0.0,0.0,0.00000010,btc,0.0,0.0,0.0,213
1,[],12,[],2019-01-25 02:44:32,207462.42853209,0.000001080000000000000035831255497387193287295303889550268650054931640625,0.000000000038610756000000006,6493050,2019-01-25 02:44:32,btc,85023.03793723314,0.0,0.000001080000000000000035831255497387193287295303889550268650054931640625,btc,43675.73520027,0.000146250909087,0.0348620860622024,213
1,[],22,[],2019-03-09 06:06:19,72085.0,0.00000002,0.0000000000007772600000000001,6885162,2019-03-09 06:06:19,BTC,2.28062382,0.0,0.00000002,BTC,675757.3963726171,0.00104052,0.00115085,216
1,[],27,[],2019-03-09 06:06:21,1298602.0,0.00000003,0.00000000000116589,6885163,2019-03-09 06:06:21,btc,317.9840374547724,0.0,0.00000003,"btc,ltc",240563.990324,0.0,0.03377204000026469,216
1,[],22,[],2019-03-09 06:06:25,165947.52409638555,0.00000175,0.00000000006801025000000001,6885164,2019-03-09 06:06:25,BTC,12673.55565502,0.0,0.00000175,BTC,423981.8882930359,0.05170062,0.18155327,217
1,[],7,[],2019-03-09 06:06:26,0.0,0,0,6885165,2019-03-09 06:06:26,btc,77969.39208756006,1000.0,0,btc,136250682.11617482,1e-05,0.0,219
0,[],27,[],2019-03-09 06:06:27,0.0,0,0,6885166,2019-03-09 06:06:27,,0.04027288,0.0,0,btc,2037233.0,0.0,0.0,219
0.0000000000000051,[],28,[],2019-03-09 06:06:29,168878802.075,5.661051e-18,2.2000542501300003e-22,6885167,2019-03-09 06:06:29,doge,84451.8501148375,19298.0,0.00111001,"btc,doge",3563815.34751,0.0,1.595349280066466e-11,219
1,[],22,[],2019-03-09 06:06:33,536035.5,0.00000006,0.00000000000233178,6885168,2019-03-09 06:06:33,BTC,2.76264714,0.0,0.00000006,BTC,89545.24541875876,0.00034515,0.02515133,221
1,[],24,[],2019-03-09 06:06:33,0.0,0.000000200000,0.000000000007772600000000001,6885169,2019-03-09 06:06:33,btc,0.0,0.0,0.000000200000,btc,0.0,0.0,0.0,221
1,[],20,[],2019-03-09 06:06:35,39105329.5253,0.000000001,0.000000000000038863,6885170,2019-03-09 06:06:35,btc,48.4407362759203,172770.0,0.000000001,btc,15649766.8029,0.00034554,0.0391053295253,224
0,[],22,[],2019-03-09 06:06:38,0.0,0,0,6885171,2019-03-09 06:06:38,,0.0,0.0,0,,0.0,0.0,0.0,224
1,[],26,[],2019-03-09 06:06:38,0.0,0.00000035,0.000000000013602050000000001,6885172,2019-03-09 06:06:38,btc,0.0,0.0,0.00000035,btc,0.0,0.0,0.0,231
1,[],26,[],2019-03-09 06:06:38,0.0,0.00000005,0.0000000000019431500000000003,6885173,2019-03-09 06:06:38,btc,0.0,200.0,0.00000005,btc,0.0,0.0,0.0,234
0.00000000034796470000000006,[],27,[],2019-03-09 06:06:41,2000.0,3.4796470000000005e-18,1.3522952136100002e-22,6885174,2019-03-09 06:06:41,eth,0.01134836604,0.0,0.00000001,"btc,eth",11462.996,0.0,6.959294e-15,234
1,[],4,[],2019-03-09 06:06:42,815293.02535206,0.00000077,0.000000000029924510000000004,6885175,2019-03-09 06:06:42,btc,4.338724403623578,0.0,0.00000077,btc,1218874.18288926,0.01090223,0.2251924309795488,236
1,[],24,[],2019-03-09 06:06:42,0.0,0.000000300000,0.000000000011658900000000002,6885176,2019-03-09 06:06:42,btc,0.0,0.0,0.000000300000,btc,0.0,0.0,0.0,236
1,[],20,[],2019-03-09 06:06:44,199937831.9634,0.000000056,0.0000000000021763280000000003,6885177,2019-03-09 06:06:44,btc,13.7601518261443,16919550.1179,0.000000056,btc,39208605.7029,0.9659154165564,0.3702394991567,237
0.0000000001470489,[],22,[],2019-03-09 06:06:48,751594.9,2.4998313000000002e-17,9.715094381190001e-22,6885178,2019-03-09 06:06:48,LTC,0.0405823,0.0,0.00000017,LTC,3164.0,0.0,0.12541949,237
1,[],4,[],2019-03-09 06:06:49,9766860.16667099,0.00000038,0.00000000001476794,6885179,2019-03-09 06:06:49,btc,9.002033509403017,0.0,0.00000038,btc,10523465.23631852,0.4480641,2.581144583412208,238
1,[],5,[],2019-03-09 06:06:50,0.0,0,0,6885180,2019-03-09 06:06:50,btc,0.0,0.0890436,0,btc,0.0,0.0,0.0,238
0,[],22,[],2019-03-09 06:06:53,0.0,0,0,6885181,2019-03-09 06:06:53,,0.40360177,0.0,0,,471585.5639027493,0.0,0.0,249
0.0000000001470489,[],22,[],2019-03-09 06:06:57,49087200.666666664,5.881956e-18,2.2859045602800004e-22,6885182,2019-03-09 06:06:57,LTC,0.7794662,0.0,0.00000004,LTC,15866867.753636364,2.3527824e-17,1.18162413,252
1,[],28,[],2019-03-09 06:06:59,2806323.713,0.00000038,0.00000000001476794,6885183,2019-03-09 06:06:59,btc,164734.2957509808,230690.1,0.00000038,btc,3009939.4027,0.0,0.57997390182,256
1,[],22,[],2019-03-09 06:07:03,1368658.8333333333,0.00000004,0.0000000000015545200000000001,6885184,2019-03-09 06:07:03,BTC,31.45964425,0.0,0.00000004,BTC,708727.8568978057,0.00110541,0.02030077,258
1,[],22,[],2019-03-09 05:58:47,48751.0,0.00000001,0.00000000000038782600000000004,6884995,2019-03-09 05:58:47,BTC,2.4175745,0.0,0.00000001,BTC,1762.0,0.0,0.00048751,259
1,[],5,[],2019-03-09 05:58:49,0.0,0,0,6884996,2019-03-09 05:58:49,btc,0.0,0.09935639,0,btc,0.0,0.0,0.0,264
1,[],20,[],2019-03-09 05:58:51,1252581.0074,0.00000191,0.00000000007407476600000001,6884997,2019-03-09 05:58:51,btc,7.4604637317036,67624.2333,0.00000191,btc,102141.3361,0.1293359189158,0.018284052283,264
0,[],22,[],2019-03-09 06:07:06,0.0,0,0,6885185,2019-03-09 06:07:06,,8.45833143,0.0,0,,464287.34411321935,0.0,0.0,271
0,[],22,[],2019-03-09 06:07:09,0.0,0,0,6885186,2019-03-09 06:07:09,,266.24197304,0.0,0,,13936792767.692,0.0,0.0,272
0.0000000000000051,[],28,[],2019-03-09 06:07:16,243764763312.905,4.845e-21,1.8829123500000002e-25,6885187,2019-03-09 06:07:16,doge,37038608.17065604,40850256985.3007,0.00000095,doge,225194084364.8329,0.0,7.184186814787215e-10,272
1,[],22,[],2019-03-09 05:59:06,166671.74,0.00000120,0.000000000046539120000000004,6885001,2019-03-09 05:59:06,BTC,177.92728749,0.0,0.00000120,"BTC,LTC",29718.48778575859,0.0618471,0.07165192,281
1,[],22,[],2019-03-09 06:07:20,227110.32081447964,0.00000021,0.00000000000816123,6885188,2019-03-09 06:07:20,BTC,1.53475066,0.0,0.00000021,BTC,155957.81269227882,0.01335073,0.03523347,286
0,[],22,[],2019-03-09 05:59:14,0.0,0,0,6885003,2019-03-09 05:59:14,,43638.82491513,0.0,0,,700126356.0,0.0,0.0,294
