pairValue,buyBook,exchangeId,sellBook,updated,buyTotal,satoshiPrice,usdPrice,exchangeLogId,created,bestPair,sellTotalBtc,volume,pairPrice,activePairs,sellTotal,volumeBtc,buyTotalBtc,coinId
1,[],3,[],2019-02-05 10:08:14,121.104790432321,0.0123216100000000002012701116882453789003193378448486328125,0.00000042872056266200005,6588777,2019-02-05 10:08:14,btc,107.0963197439911,0.31692584,0.0123216100000000002012701116882453789003193378448486328125,btc,24.393298445772,0.0,0.2744212216371203,1
1,[],4,[],2019-02-05 10:08:15,120229.7298913,0.01246239,0.000000433618890138,6588778,2019-02-05 10:08:15,btc,0.9278746141570118,0.0,0.01246239,btc,71.07563292,1.48928833,2.554584564204601,1
1,[],5,[],2019-02-05 10:08:18,0.23825221,0.01220015,0.00000042449445913,6588779,2019-02-05 10:08:18,btc,14578.05211532,0.95952823,0.01220015,btc,35555556.10390104,0.0,1.53113266,1
1,[],10,[],2019-02-05 10:08:21,415006.95722897,0.0121503,0.00000042275996826,6588780,2019-02-05 10:08:21,btc,6532.84986618782,1193.81087327,0.0121503,btc,1011.18830801,0.0,4.214858048226552,1
1,[],12,[],2019-02-05 10:08:22,10424.75270545,0.0123599999999999994593213870075487648136913776397705078125,0.000000430056312,6588781,2019-02-05 10:08:22,btc,0.346297715665,0.0,0.0123599999999999994593213870075487648136913776397705078125,btc,21.69040278,1.0155539589409,0.20761924524380002,1
1,[],20,[],2019-02-05 10:08:24,1149.1772,0.01200001,0.000000417530747942,6588782,2019-02-05 10:08:24,btc,0.0580330504203,0.0,0.01200001,btc,2.5989,0.0,0.0843085388377,1
1,[],21,[],2019-02-05 10:08:25,2562.7903634,0.01237262000000000083943518803,0.00000043049541480400006,6588783,2019-02-05 10:08:25,btc,20.43741511803593,2981.96735277,0.012372620000000000839435188026982359588146209716796875,"btc,eth",2239.73204066,34.82587109990909,24.67988919089266,1
1,[],22,[],2019-02-05 10:08:29,0.0263776,0.01350000,0.0000004697217,6588784,2019-02-05 10:08:29,BTC,0.31397231,0.0,0.01350000,BTC,0.10124366666666666,0.0,0.00034472,1
1,[],24,[],2019-02-05 10:08:31,0.0,0.000000000000,0,6588785,2019-02-05 10:08:31,btc,0.0,0.0,0.000000000000,btc,0.0,0.0,0.0,1
0.0,[],25,[],2019-02-05 10:08:31,0.0,0,0,6588786,2019-02-05 10:08:31,btc,10.703399998539657,1864.8895675,0.0,btc,812.5380417,23.2003,0.0,1
1,[],26,[],2019-02-05 10:08:41,0.0,0,0,6588787,2019-02-05 10:08:41,,0.0,0.0,0,,0.0,0.0,0.0,1
1,[],28,[],2019-02-05 10:08:42,987.9,0.01131000,0.000000393522402,6588788,2019-02-05 10:08:42,btc,0.162839806,11198.0,0.01131000,btc,8.9,0.0,0.024551096,1
0,[],2,[],2019-01-20 23:28:45,0.0,0,0,6477011,2019-01-20 23:28:45,,0.0,0.0,0,,0.0,0.0,0.0,1
1,[],5,[],2019-02-05 10:08:44,2.073e-05,0.00000072,0.000000000025051824,6588789,2019-02-05 10:08:44,btc,0.16002744,0.00631093,0.00000072,btc,7.025e-05,0.0,0.45796896,2
0,[],22,[],2019-02-05 10:08:50,0.0,0,0,6588790,2019-02-05 10:08:50,,0.0,0.0,0,,0.0,0.0,0.0,2
1,[],5,[],2019-02-05 10:08:51,1.25e-06,0.00000016,0.000000000005567072,6588791,2019-02-05 10:08:51,btc,3.62144755,1.12128301,0.00000016,btc,2.204e-05,0.0,3.03620479,3
1,[],12,[],2019-02-05 10:08:53,12415143.25041982,0.000000168,0.0000000000058454256,6588792,2019-02-05 10:08:53,btc,921361.519216626,0.0,0.000000168,btc,8093923.95973079,0.08430046527131287,0.5322176981271748,3
0,[],28,[],2019-02-05 10:08:54,0.0,0,0,6588793,2019-02-05 10:08:54,,0.0,0.0,0,,0.0,0.0,0.0,3
0,[],2,[],2019-01-20 23:31:32,0.0,0,0,6477077,2019-01-20 23:31:32,,0.0,0.0,0,,0.0,0.0,0.0,4
1,[],4,[],2019-02-05 10:08:55,359751.31010758,0.00000031,0.000000000010786202,6588794,2019-02-05 10:08:55,btc,0.3275396641411276,0.0,0.00000031,btc,333566.61586634,0.00022455,0.0400242231999018,4
1,[],12,[],2019-02-05 10:08:56,1387852.5219999999,0.00000005,0.00000000000173971,6588795,2019-02-05 10:08:56,btc,11013878.260906916,0.0,0.00000005,btc,907526.39031991,0.0018816659240752,0.02693419044,5
0,[],2,[],2019-01-20 23:31:51,0.0,0,0,6477087,2019-01-20 23:31:51,,0.0,0.0,0,,0.0,0.0,0.0,6
1,[],11,[],2019-02-05 10:08:57,11214209.4999525,0.00000002,0.000000000000695884,6588796,2019-02-05 10:08:57,btc,9433.341960784097,37900.0,0.00000002,btc,41366268.85169307,0.0,0.18784467499905,6
1,[],3,[],2019-02-05 10:08:58,1069.652384675756,0.000150559999999999995050348200464895853656344115734100341796875,0.000000005238614752,6588797,2019-02-05 10:08:58,btc,28.510202753279106,0.0,0.000150559999999999995050348200464895853656344115734100341796875,btc,234.145665820227,0.0,0.030997767816609203,7
1,[],4,[],2019-02-05 10:08:59,23315.29587185,0.00020024,0.000000006967190608,6588798,2019-02-05 10:08:59,btc,3.191695724445765,0.0,0.00020024,btc,14156.58918577,2.18286844,4.030790203712995,7
1,[],5,[],2019-02-05 10:09:00,0.00683352,0.00020894,0.000000007269900148,6588799,2019-02-05 10:09:00,btc,1.19445141,0.31432693,0.00020894,btc,0.01231539,0.0,1.46691842,7
1,[],20,[],2019-02-05 10:09:02,66461509.91,0.000000001,0.000000000000034794200000000004,6588800,2019-02-05 10:09:02,btc,116.1315013062774,0.0,0.000000001,btc,28812144.5195,0.0,0.06646150991,8
0,[],2,[],2019-01-20 23:22:42,0.0,0,0,6476876,2019-01-20 23:22:42,,0.0,0.0,0,,0.0,0.0,0.0,9
0,[],23,[],2019-01-20 23:22:48,0.0,0,0,6476878,2019-01-20 23:22:48,,0.0,0.0,0,,0.0,0.0,0.0,9
1,[],1,[],2019-02-05 10:09:03,2632740.1799999997,0.000001879999999999999999629744958096200235786454868502914905548095703125,0.000000000065413096,6588801,2019-02-05 10:09:03,btc,0.655222886,16503799.72,0.000001879999999999999999629744958096200235786454868502914905548095703125,btc,343686.37,32.02966868,4.8793874172,9
1,[],4,[],2019-02-05 10:09:04,346431.07097879,0.00000191,0.000000000066456922,6588802,2019-02-05 10:09:04,btc,0.9518454731788983,0.0,0.00000191,btc,469374.93675575,1.49834135,0.6223226377263311,9
1,[],28,[],2019-02-05 10:09:06,34500.0,0.00000165,0.00000000005741043,6588803,2019-02-05 10:09:06,btc,2708.7727197804,2252505.0,0.00000165,btc,15427.14,0.0,0.02854,9
1,[],4,[],2019-02-04 22:10:59,7341799.37826053,0.00000002,0.000000000000693444,6584299,2019-02-04 22:10:59,btc,0.1999615409270056,0.0,0.00000002,btc,4135980.29534268,0.00062922,0.0786653918652106,10
0,[],2,[],2019-01-20 23:23:08,0.0,0,0,6476890,2019-01-20 23:23:08,,0.0,0.0,0,,0.0,0.0,0.0,12
1,[],4,[],2019-02-05 10:09:06,3050231.86606925,0.00000146,0.000000000050799532,6588804,2019-02-05 10:09:06,btc,0.9233928422261678,0.0,0.00000146,btc,585155.05779193,3.64034125,4.165635350163798,12
1,[],5,[],2019-02-05 10:09:08,2.061e-05,0.00000141,0.000000000049059822000000004,6588805,2019-02-05 10:09:08,btc,0.49748331,1.28648632,0.00000141,btc,0.00011799,0.0,0.10507103,12
0.0,[],25,[],2019-02-05 10:09:09,0.0,0,0,6588806,2019-02-05 10:09:09,,0.0,0.0,0.0,btc,0.0,0.0,0.0,12
1,[],4,[],2019-02-05 10:09:09,1239124.94656418,0.00000604,0.000000000210156968,6588807,2019-02-05 10:09:09,btc,0.2985567786376933,0.0,0.00000604,btc,45753.24671603,0.46113398,0.9426040827506298,13
1,[],10,[],2019-02-05 10:09:12,589813.98294692,0.00000613,0.000000000213288446,6588808,2019-02-05 10:09:12,btc,666809.6245309834,8309.87957429,0.00000613,btc,735190.07870296,0.0,0.8378387090562862,13
1,[],21,[],2019-02-05 10:09:13,1155444.0518889201,0.000006150000000000000409915157373,0.00000000021398433000000003,6588809,2019-02-05 10:09:13,btc,4.3720772920098225,730243.03403603,0.000006150000000000000409915157373319516409537754952907562255859375,btc,636077.48772485,4.49542857,6.0074180587586765,13
1,[],4,[],2019-02-05 10:09:13,1125043.4088099,0.00000144,0.000000000050103648,6588810,2019-02-05 10:09:13,btc,0.1820844858602442,0.0,0.00000144,btc,88739.47797291,0.03948423,0.4183358824273013,14
1,[],12,[],2019-02-05 10:09:15,89434.77777778001,0.0000011500000000000000008998878031629686802261858247220516204833984375,0.00000000004001333,6588811,2019-02-05 10:09:15,btc,1.766651378738171,0.0,0.0000011500000000000000008998878031629686802261858247220516204833984375,btc,30155.56233445,0.0130261618559099,0.0080200600000004,14
0,[],17,[],2019-02-05 10:09:16,0.0,0,0,6588812,2019-02-05 10:09:16,btc,0.0,0.0,0,btc,0.0,0.0,0.0,14
1,[],26,[],2019-02-05 10:09:16,0.0,0.00000049,0.000000000017049158,6588813,2019-02-05 10:09:16,btc,0.0,0.0,0.00000049,btc,0.0,0.0,0.0,14
0,[],4,[],2019-02-05 10:09:17,0.0,0,0,6588814,2019-02-05 10:09:17,,0.0,0.0,0,,0.0,0.0,0.0,15
,[],12,[],2018-12-01 15:15:48,204241.84496,0.00000489,0.000000000202473384,5260204,2018-12-01 15:15:48,btc,49.5475654835,0.0,,btc,35763.2193806,0.0163153972027625,0.0203389899998,15
0,[],2,[],2019-01-20 23:23:38,0.0,0,0,6476906,2019-01-20 23:23:38,,0.0,0.0,0,,0.0,0.0,0.0,18
1,[],4,[],2019-02-05 10:09:19,26916.8840734,0.00001856,0.000000000645780352,6588815,2019-02-05 10:09:19,btc,2.221255345074695,0.0,0.00001856,btc,7718.52701052,0.01516195,0.1144551168422715,18
1,[],10,[],2019-02-05 10:09:21,789842.47698045,0.00001756,0.0000000006109861520000001,6588816,2019-02-05 10:09:21,btc,15.59431853050439,759.82740085,0.00001756,btc,12855.30260837,0.0,0.3180879710320366,18
1,[],12,[],2019-02-05 10:09:22,200613.67771111,0.0000163300000000000011986245329609346299548633396625518798828125,0.000000000568189286,6588817,2019-02-05 10:09:22,btc,0.18569353204663192,0.0,0.0000163300000000000011986245329609346299548633396625518798828125,btc,1708.32700711,0.0005030595725961,0.0135194399366127,18
0,[],17,[],2019-02-05 10:09:23,0.0,0,0,6588818,2019-02-05 10:09:23,btc,0.0,0.0,0,btc,0.0,0.0,0.0,18
0,[],2,[],2019-01-20 23:24:19,0.0,0,0,6476924,2019-01-20 23:24:19,,0.0,0.0,0,,0.0,0.0,0.0,19
1,[],3,[],2019-02-05 10:09:24,108940.0980672952,0.000028500000000000001569057384021022016895585693418979644775390625,0.0000000009916347,6588819,2019-02-05 10:09:24,btc,0.5025593102081524,5457.65554568,0.000028500000000000001569057384021022016895585693418979644775390625,btc,5464.127474885226,0.0,0.09507350199322114,19
1,[],4,[],2019-02-05 10:09:25,266055.7034548,0.00002915,0.00000000101425093,6588820,2019-02-05 10:09:25,btc,0.351908510555296,0.0,0.00002915,btc,10528.73408196,2.50677652,2.7443784514647707,19
1,[],5,[],2019-02-05 10:09:26,0.00023016,0.00002561,0.0000000008910794620000001,6588821,2019-02-05 10:09:26,btc,0.27529662,0.01517019,0.00002561,btc,0.00314045,0.0,0.18260554,19
1,[],12,[],2019-02-05 10:09:27,135094.8265128,0.0000235400000000000016241001599137661060012760572135448455810546875,0.0000000008190554680000001,6588822,2019-02-05 10:09:27,btc,1.9953001846123828,0.0,0.0000235400000000000016241001599137661060012760572135448455810546875,btc,517.40106483,0.00023009,0.033518176111312,19
0,[],27,[],2019-02-05 10:09:29,0.0,0,0,6588823,2019-02-05 10:09:29,,0.0,0.0,0,btc,0.0,0.0,0.0,19
1,[],4,[],2019-02-05 10:09:29,8006180.3054235,0.00000013,0.000000000004523246,6588824,2019-02-05 10:09:29,btc,0.8115519375916198,0.0,0.00000013,btc,1594753.31171721,0.00011984,0.2554230874915714,20
1,[],4,[],2019-02-05 10:09:30,122562117.80022223,0.00000002,0.000000000000695884,6588825,2019-02-05 10:09:30,btc,0.6356172807258483,0.0,0.00000002,btc,15848246.40329118,0.00729487,1.4608199402142852,21
1,[],12,[],2019-02-05 10:09:31,19029287.0,0.00000002,0.000000000000695884,6588826,2019-02-05 10:09:31,btc,669.5295375847564,0.0,0.00000002,btc,8554888.70429836,0.0,0.25352031,21
0,[],17,[],2019-02-05 10:09:33,0.0,0,0,6588827,2019-02-05 10:09:33,btc,0.0,0.0,0,btc,0.0,0.0,0.0,21
1,[],12,[],2019-02-05 10:09:34,2143773554.5458817,0.0000000002,0.000000000000006958840000000001,6588828,2019-02-05 10:09:34,btc,1729404717684.5317,0.0,0.0000000002,btc,4137369996.37484,0.008713568319081027,0.21758913415598685,23
0,[],27,[],2019-02-05 10:09:36,0.0,0,0,6588829,2019-02-05 10:09:36,,0.735147,0.0,0,eth,812759.0,0.0,0.0,23
1,[],4,[],2019-02-05 10:09:36,3110956.95880959,0.00000080,0.00000000002783536,6588830,2019-02-05 10:09:36,btc,0.079280820470194,0.0,0.00000080,btc,72593.67220237,0.00162522,0.2744211862285823,24
1,[],22,[],2019-02-05 10:09:39,11.76,0.00000100,0.000000000034794200000000005,6588831,2019-02-05 10:09:39,BTC,7.415e-05,0.0,0.00000100,BTC,23.919354838709676,0.0,1.176e-05,24
0.0,[],25,[],2019-02-05 10:09:41,0.0,0,0,6588832,2019-02-05 10:09:41,,0.0,0.0,0.0,btc,0.0,0.0,0.0,24
1,[],4,[],2019-02-05 10:09:42,27843238.25086771,0.00000695,0.00000000024181969,6588833,2019-02-05 10:09:42,btc,0.464454612178998,0.0,0.00000695,btc,38777.39247174,0.07191397,0.477940897398269,26
1,[],10,[],2019-02-05 10:09:44,731063.84399312,0.00000589,0.00000000020493783800000002,6588834,2019-02-05 10:09:44,btc,25.97613034045574,13.78445605,0.00000589,btc,13168.35640704,0.0,0.2083750833237135,26
0,[],2,[],2019-01-20 23:25:56,0.0,0,0,6476976,2019-01-20 23:25:56,,0.0,0.0,0,,0.0,0.0,0.0,26
1,[],3,[],2019-02-05 10:09:44,6740528.65301474,0.00000002,0.000000000000695884,6588835,2019-02-05 10:09:44,btc,2.5129598956170263,236123.992684,0.00000002,btc,16144663.1649197,0.0,0.0793470926717805,27
1,[],5,[],2019-02-05 10:09:45,1e-08,0.00000001,0.000000000000347942,6588836,2019-02-05 10:09:45,btc,1.1816894,0.00121476,0.00000001,btc,4.362e-05,0.0,0.12620773,27
1,[],11,[],2019-02-05 10:09:47,10065216.691211501,0.00000005,0.00000000000173971,6588837,2019-02-05 10:09:47,btc,370.63310344475406,550157.720616,0.00000005,btc,8170877.7193934005,0.0,0.4661316134459823,27
1,[],4,[],2019-02-05 10:09:47,376649102.49850327,0.00000003,0.0000000000010438260000000001,6588838,2019-02-05 10:09:47,btc,3.904899990818772,0.0,0.00000003,"btc,ltc",114092420.96687087,1.14676199,2.763707609903483,29
1,[],7,[],2019-02-05 10:09:49,39719077.159493834,0.00000003,0.000000000001043826,6588839,2019-02-05 10:09:49,btc,44465206.20568725,45971.4501498,0.00000003,btc,40680943.63295754,0.00183886,0.7239339086346178,29
1,[],4,[],2019-02-05 10:09:51,1386223.18132726,0.00000029,0.000000000010090318,6588840,2019-02-05 10:09:51,btc,0.2543206856711463,0.0,0.00000029,btc,542528.49309604,0.00923794,0.0853805093702465,30
0,[],17,[],2019-02-05 10:09:52,0.0,0,0,6588841,2019-02-05 10:09:52,btc,0.0,0.0,0,btc,0.0,0.0,0.0,30
1,[],4,[],2019-02-05 10:09:53,2140227.21887924,0.00006885,0.00000000239558067,6588842,2019-02-05 10:09:53,btc,1.5597251824930467,0.0,0.00006885,btc,18808.90340404,1.05301483,2.309240643254568,31
1,[],21,[],2019-02-05 10:09:54,46675.658390799996,0.00006893000000000000580639702985,0.000000002398364206,6588843,2019-02-05 10:09:54,btc,2.273109592514731,222939.77560694,0.00006893000000000000580639702985052963413181714713573455810546875,btc,29727.94777593,15.3238146,2.9141124174699633,31
0,[],2,[],2019-01-20 23:28:43,0.0,0,0,6477009,2019-01-20 23:28:43,,0.0,0.0,0,,0.0,0.0,0.0,32
1,[],4,[],2019-02-05 10:09:55,166072856.12978017,0.00000005,0.00000000000173971,6588844,2019-02-05 10:09:55,btc,1.4010381006623585,0.0,0.00000005,"btc,ltc",28710620.87425509,0.89700036,3.503228928962841,33
1,[],12,[],2019-02-05 10:09:55,18187008.0,0.00000006,0.000000000002087652,6588845,2019-02-05 10:09:55,btc,17261782.27602957,0.0,0.00000006,btc,89574962.76823159,0.0430187932534267,0.6709217199999999,33
1,[],4,[],2019-02-05 10:09:56,110169964.06915793,0.00000001,0.000000000000347942,6588846,2019-02-05 10:09:56,btc,0.7817806946924846,0.0,0.00000001,btc,26082054.22308282,2.39565507,1.1016996406915793,34
1,[],5,[],2019-02-05 10:09:58,3e-08,0.00000002,0.000000000000695884,6588847,2019-02-05 10:09:58,btc,3.79432919,0.76736978,0.00000002,btc,1.394e-05,0.0,0.80683976,34
0.00000000009910139999999999,[],4,[],2019-02-05 10:09:59,1161341009.3483331,2.9730419999999998e-18,1.034446179564e-22,6588848,2019-02-05 10:09:59,ltc,8.028588972548221e-09,0.0,0.00000003,ltc,1590377371.533352,0.0,2.3549031672096283e-09,36
1,[],5,[],2019-02-05 10:10:00,0.0,0,0,6588849,2019-02-05 10:10:00,btc,204.66919748,0.0,0,btc,1.295e-05,0.0,0.0,36
0,[],17,[],2019-02-05 10:10:02,0.0,0,0,6588850,2019-02-05 10:10:02,btc,0.07494043760605543,0.0,0,btc,4134847.20243647,0.0,0.0,36
0.00000000009910139999999999,[],27,[],2019-02-05 10:10:04,1000000.0,1.982028e-18,6.89630786376e-23,6588851,2019-02-05 10:10:04,ltc,447.7307979714,0.0,0.00000002,"ltc,eth",3711879.16,0.0,1.982028e-12,36
1,[],4,[],2019-02-05 10:10:05,411792.22309163,0.00000142,0.000000000049407764,6588852,2019-02-05 10:10:05,btc,0.3892118839817838,0.0,0.00000142,btc,207331.3848407,0.0979102,0.3620959731361136,37
1,[],12,[],2019-02-05 10:10:06,321711.37886943,0.000001390000000000000032391082004090687718189656152389943599700927734375,0.000000000048363938,6588853,2019-02-05 10:10:06,btc,1339.0054535977615,0.0,0.000001390000000000000032391082004090687718189656152389943599700927734375,btc,875146.86023962,0.4809674597569281,0.1584661500000015,37
1,[],17,[],2019-02-05 10:10:07,1752.74075282,0.00000025,0.00000000000869855,6588854,2019-02-05 10:10:07,btc,0.05548492396573393,0.0,0.00000025,btc,1387.19918473,0.0,0.00043818518820499993,37
1,[],27,[],2019-02-05 10:10:09,16943.0,0.0000005,0.000000000017397100000000002,6588855,2019-02-05 10:10:09,btc,43.30929497030353,0.0,0.0000005,btc,29579.81438508,0.0,0.00566124,37
1,[],5,[],2019-02-05 10:10:11,1.719e-05,0.00000104,0.000000000036185968,6588856,2019-02-05 10:10:11,btc,0.1062146,0.0220709,0.00000104,btc,0.00011867,0.0,0.04332755,42
1,[],12,[],2019-02-05 10:10:12,149703.25533683,0.000001089999999999999940087530049537267728965161950327455997467041015625,0.000000000037925678,6588857,2019-02-05 10:10:12,btc,85.0698493824985,0.0,0.000001089999999999999940087530049537267728965161950327455997467041015625,btc,97744.87222977,0.0155190838269436,0.050920681437719696,42
0,[],27,[],2019-02-05 10:10:15,0.0,0,0,6588858,2019-02-05 10:10:15,,0.00315028,0.0,0,"btc,eth",11.007,0.0,0.0,42
1,[],5,[],2019-02-05 10:10:16,3e-08,0.00000002,0.000000000000695884,6588859,2019-02-05 10:10:16,btc,6.09448901,0.00703062,0.00000002,btc,1.425e-05,0.0,0.52728241,43
1,[],12,[],2019-02-05 10:10:18,6502141.0,0.00000002,0.000000000000695884,6588860,2019-02-05 10:10:18,btc,20007456.464672454,0.0,0.00000002,btc,38833161.74765234,0.0,0.06502156,43
0,[],17,[],2019-02-05 10:10:19,0.0,0,0,6588861,2019-02-05 10:10:19,btc,0.0,0.0,0,btc,0.0,0.0,0.0,43
1,[],12,[],2019-02-05 10:10:20,846523.0,0.00000006,0.000000000002087652,6588862,2019-02-05 10:10:20,btc,11115166.023060698,0.0,0.00000006,btc,1004414.37862139,0.0026751502996983,0.024442079999999998,44
1,[],4,[],2019-02-05 10:10:21,234631898.33245036,0.00000002,0.000000000000695884,6588863,2019-02-05 10:10:21,btc,0.18899034487742564,0.0,0.00000002,"btc,ltc",8495519.51947867,0.00495018,0.5349265788737182,49
0.00000000009910139999999999,[],4,[],2019-02-05 10:10:22,4933068352.008763,1.982028e-18,6.89630786376e-23,6588864,2019-02-05 10:10:22,ltc,4.645173504003867,0.0,0.00000002,ltc,1723745475.8975837,0.0,5.327559817245821e-09,52
0,[],22,[],2019-02-05 10:10:25,0.0,0,0,6588865,2019-02-05 10:10:25,,3693.1548887,0.0,0,,247203597.90882352,0.0,0.0,57
0,[],27,[],2019-02-05 10:10:27,0.0,0,0,6588866,2019-02-05 10:10:27,,0.0,0.0,0,"btc,eth",0.0,0.0,0.0,57
0.00000000009910139999999999,[],4,[],2019-02-05 10:10:28,1615081428.9059076,4.95507e-18,1.72407696594e-22,6588867,2019-02-05 10:10:28,ltc,3.2880747413719957,0.0,0.00000005,ltc,1101166584.3093684,0.0001346,5.241644426922222e-09,58
1,[],12,[],2019-02-05 10:10:29,2066578331.843957,0.0000000005,0.000000000000017397100000000002,6588868,2019-02-05 10:10:29,btc,625182683192.4414,0.0,0.0000000005,btc,3374770748.7603393,0.0054469022637363,0.7479887297011392,58
0,[],17,[],2019-02-05 10:10:30,0.0,0,0,6588869,2019-02-05 10:10:30,btc,1e+24,0.0,0,btc,41616695.95832568,0.0,0.0,58
0.000000000123608,[],22,[],2019-02-05 09:15:14,137438.0,1.23608e-18,4.2849207632000004e-23,6588616,2019-02-05 09:15:14,XMR,69.8835922,0.0,0.00000001,XMR,9887963.0,0.0,0.00137438,58
1,[],5,[],2019-02-05 09:15:15,7.63e-06,0.00000064,0.000000000022185856,6588617,2019-02-05 09:15:15,btc,0.32799609,0.00407477,0.00000064,btc,0.00014898,0.0,0.0478686,61
1,[],22,[],2019-02-05 09:15:18,5111.5,0.00000011,0.000000000003813194,6588618,2019-02-05 09:15:18,BTC,1002.29606732,0.0,0.00000011,BTC,15028.700278135757,0.0,0.00051178,61
1,[],26,[],2019-02-05 09:15:18,0.0,0.00000800,0.0000000002773232,6588619,2019-02-05 09:15:18,btc,0.0,0.0,0.00000800,btc,0.0,0.0,0.0,61
1,[],27,[],2019-02-05 09:15:20,100.0,0.00000032,0.000000000011092928,6588620,2019-02-05 09:15:20,btc,0.129872,4.0,0.00000032,"btc,eth",154.84,0.0024,3.1e-05,61
1,[],28,[],2019-02-05 09:15:21,6884.304,0.0000006,0.00000000002079924,6588621,2019-02-05 09:15:21,btc,2.064613633700105,461.0,0.0000006,btc,11345.10450005,0.0,0.00216611304,61
1,[],4,[],2019-02-05 09:15:22,1424073.54412717,0.00000186,0.000000000064477644,6588622,2019-02-05 09:15:22,btc,0.6441274721648267,0.0,0.00000186,btc,242310.22088338,0.09811256,1.1797096973792252,67
0.0,[],25,[],2019-02-05 09:15:23,0.0,0,0,6588623,2019-02-05 09:15:23,,0.0,0.0,0.0,btc,0.0,0.0,0.0,67
1,[],12,[],2019-02-05 09:15:24,2638145.66344444,0.00000015,0.00000000000519981,6588624,2019-02-05 09:15:24,btc,11115995.65647676,0.0,0.00000015,btc,2439857.50065488,0.0442753301798213,0.0855282464411108,71
,[],5,[],2018-11-20 23:02:39,1.5e-07,0.00000005,0.000000000002128045,4862160,2018-11-20 23:02:39,btc,2.84511358,0.0,,btc,0.00036572,0.0,0.07381892,74
1,[],5,[],2019-01-25 15:53:51,3.303e-05,0.00000156,0.000000000055588884,6499610,2019-01-25 15:53:51,btc,1.42844212,0.0,0.00000156,btc,0.00015937,0.0,0.49487621,75
0,[],20,[],2019-01-25 09:30:31,0.0,0,0,6495923,2019-01-25 09:30:31,btc,0.0,0.0,0,btc,0.0,0.0,0.0,81
1,[],4,[],2019-02-05 09:15:25,71007797.82492337,0.00000001,0.000000000000346654,6588625,2019-02-05 09:15:25,btc,0.8140611123105091,0.0,0.00000001,btc,15190754.69973608,0.00234377,0.7100779782492337,81
1,[],4,[],2019-02-05 10:05:44,23815.99582155,0.00007102,0.000000002469493236,6588716,2019-02-05 10:05:44,btc,0.7105705697866251,0.0,0.00007102,btc,6756.81089804,0.02325782,0.0894471455038042,82
1,[],21,[],2019-02-05 10:05:44,84174.23343202,0.00007584000000000000571605263122,0.000000002637093312,6588717,2019-02-05 10:05:44,btc,3.5612810627098854,3444.08966866,0.00007584000000000000571605263122165752065484412014484405517578125,btc,40468.6302591,0.25991798,4.277628691059618,82
0,[],17,[],2019-02-05 09:15:27,0.0,0,0,6588626,2019-02-05 09:15:27,btc,0.0447233088476774,0.0,0,btc,999127.19588126,0.0,0.0,84
0.0000000000990647,[],4,[],2019-02-05 09:08:58,334193027.582892,1.1887764000000001e-17,4.118503950036e-22,6588431,2019-02-05 09:08:58,ltc,0.1956906322629997,0.0,0.00000012,ltc,69196376.83457308,0.0001,1.3268541141761728e-09,85
,[],22,[],2018-11-20 23:09:34,3408.1,0.0000001,0.0000000000041895,4862324,2018-11-20 23:09:34,BTC,0.04624735,0.0,,BTC,4990.0,0.0,0.00033081,86
0,[],22,[],2019-02-05 09:15:30,0.0,0,0,6588627,2019-02-05 09:15:30,,2.07810912,0.0,0,,154826.94736842104,0.0,0.0,87
0,[],27,[],2019-02-05 09:15:31,0.0,0,0,6588628,2019-02-05 09:15:31,,0.0,0.0,0,btc,0.0,0.0,0.0,87
,[],2,[],2018-11-20 23:10:47,0.0,0,0,4862359,2018-11-20 23:10:47,,0.0,0.0,,,0.0,0.0,0.0,88
1,[],11,[],2019-02-05 09:09:03,101294.88363244,0.0001771300000000000066276151233779501126264221966266632080078125,0.000000006136651137,6588434,2019-02-05 09:09:03,btc,245.81709790049268,776.64278175,0.0001771300000000000066276151233779501126264221966266632080078125,btc,183719.91047277,0.0,7.376070138445132,89
0,[],2,[],2019-01-20 23:31:45,0.0,0,0,6477083,2019-01-20 23:31:45,,0.0,0.0,0,,0.0,0.0,0.0,91
1,[],12,[],2019-02-05 09:15:32,462880.60145971,0.000003530000000000000083782807080989840642359922640025615692138671875,0.00000000012236886200000001,6588629,2019-02-05 09:15:32,btc,1115.4422137368856,0.0,0.000003530000000000000083782807080989840642359922640025615692138671875,btc,36137.4763252,0.0063996156396057,0.120801543699881,91
0,[],17,[],2019-02-05 09:15:34,0.0,0,0,6588630,2019-02-05 09:15:34,btc,0.0,0.0,0,btc,0.0,0.0,0.0,91
0.00000000009901149999999999,[],22,[],2019-02-05 10:05:48,29102392.0,5.94069e-18,2.0656848454199997e-22,6588718,2019-02-05 10:05:48,LTC,8.80658359,0.0,0.00000006,LTC,76329729.6,0.0,1.20422058,95
1,[],4,[],2019-02-05 09:15:37,132203597.61898606,0.00000001,0.000000000000346654,6588632,2019-02-05 09:15:37,btc,0.9260694651386372,0.0,0.00000001,"btc,ltc",46316806.94975399,0.24576408,0.0011089283704696067,96
1,[],12,[],2019-02-05 09:15:38,222840.0,0.00000001,0.00000000000034665400000000003,6588633,2019-02-05 09:15:38,btc,255063.42240367562,0.0,0.00000001,btc,8968846.33297676,2.138e-05,0.0022284,96
0,[],17,[],2019-02-05 09:15:39,0.0,0,0,6588634,2019-02-05 09:15:39,btc,0.0,0.0,0,btc,0.0,0.0,0.0,96
1,[],4,[],2019-02-05 09:09:13,1443019.12202086,0.00000031,0.000000000010739919,6588441,2019-02-05 09:09:13,btc,0.1855794590322999,0.0,0.00000031,btc,350677.29160942,0.0988928,0.1156393962996668,99
0,[],2,[],2019-01-20 23:23:55,0.0,0,0,6476914,2019-01-20 23:23:55,,0.0,0.0,0,,0.0,0.0,0.0,100
1,[],4,[],2019-02-05 09:15:40,66234.01917142,0.00004350,0.0000000015079449,6588635,2019-02-05 09:15:40,btc,1.5275437873511175,0.0,0.00004350,btc,31895.51930686,0.57397464,2.5969060117504426,100
1,[],22,[],2019-02-05 09:15:43,50000.0,0.00000001,0.000000000000346654,6588636,2019-02-05 09:15:43,BTC,23.50383609,0.0,0.00000001,BTC,11277.22,0.0,0.0005,101
1,[],4,[],2019-02-05 09:09:18,162355.27760069,0.00000100,0.0000000000346449,6588444,2019-02-05 09:09:18,btc,0.3902882878775591,0.0,0.00000100,btc,145696.19842265,0.02612792,0.1114820986082575,103
1,[],12,[],2019-02-05 09:15:44,87283919.5303887,0.000000016,0.0000000000005546464,6588637,2019-02-05 09:15:44,btc,138278909.961935,0.0,0.000000016,btc,132370910.73276009,0.13773399688610824,0.6523965554862192,105
1,[],27,[],2019-02-05 09:15:46,10159100.89,0.00000001,0.000000000000346654,6588638,2019-02-05 09:15:46,btc,0.620832568896094,2305.0,0.00000001,btc,708411.74181977,2.305e-05,0.1015910089,105
0,[],22,[],2019-02-05 10:05:51,0.0,0,0,6588719,2019-02-05 10:05:51,,1.07253299,0.0,0,,94300.0,0.0,0.0,107
1,[],26,[],2019-02-05 10:05:51,0.0,0.00000000,0,6588720,2019-02-05 10:05:51,btc,0.0,0.0,0.00000000,btc,0.0,0.0,0.0,107
1,[],5,[],2019-02-05 09:09:28,3e-08,0.00000002,0.000000000000692898,6588449,2019-02-05 09:09:28,btc,2.88743368,0.00645752,0.00000002,btc,1.649e-05,0.0,0.12640165,112
1,[],22,[],2019-02-05 09:09:35,2229188.0,0.00000002,0.000000000000692898,6588450,2019-02-05 09:09:35,BTC,2.81683288,0.0,0.00000002,BTC,808529.0833333334,0.0,0.02960411,112
0.0000000003105157,[],27,[],2019-02-05 09:09:37,500000.0,3.105157e-18,1.075778537493e-22,6588451,2019-02-05 09:09:37,eth,1.25132491849924,0.0,0.00000001,"btc,eth",1327.641654,0.0,1.5525785e-12,112
1,[],4,[],2019-02-05 09:15:49,502514.91582062,0.00000441,0.000000000152874414,6588641,2019-02-05 09:15:49,btc,0.5818368561948869,0.0,0.00000441,btc,98153.12281834,0.1912331,0.3958620374292614,113
1,[],5,[],2019-02-05 09:15:50,2.471e-05,0.00000391,0.000000000135541714,6588642,2019-02-05 09:15:50,btc,2.18906302,0.00010668,0.00000391,btc,0.00334045,0.0,0.2048707,113
1,[],17,[],2019-02-05 09:15:52,174538.724,0.00000004,0.0000000000013866160000000001,6588643,2019-02-05 09:15:52,btc,1.3368030274085663,0.0,0.00000004,btc,51896.221,0.0,0.00308154896,116
0,[],27,[],2019-02-05 09:15:53,0.0,0,0,6588644,2019-02-05 09:15:53,,0.0,0.0,0,btc,0.0,0.0,0.0,116
1,[],7,[],2019-02-05 08:13:32,15051.97047385,0.0000180700000000000014798752501210543641718686558306217193603515625,0.0000000006265826710000001,6588269,2019-02-05 08:13:32,btc,88979.21846582482,0.0,0.0000180700000000000014798752501210543641718686558306217193603515625,btc,29529.24485471,0.0,0.1346069904500852,120
1,[],4,[],2019-02-05 09:15:54,41695.05583146,0.00002608,0.000000000904073632,6588645,2019-02-05 09:15:54,btc,0.5353626283841441,0.0,0.00002608,btc,17282.50624798,0.48069545,0.7828409772236063,120
1,[],20,[],2019-02-05 09:09:47,1617028.1906,0.000000014,0.0000000000004850286,6588457,2019-02-05 09:09:47,btc,33.7487591931607,0.0,0.000000014,btc,1063782.1766,0.0,0.0089722132172,125
1,[],22,[],2019-02-05 09:16:01,3053.0,0.00000001,0.000000000000346654,6588646,2019-02-05 09:16:01,BTC,0.01444889,0.0,0.00000001,BTC,296264.5111111111,0.0,3.053e-05,126
0,[],2,[],2019-01-20 23:25:46,0.0,0,0,6476969,2019-01-20 23:25:46,,0.0,0.0,0,,0.0,0.0,0.0,131
1,[],4,[],2019-02-05 09:16:02,88512.10484408,0.00001702,0.000000000590005108,6588647,2019-02-05 09:16:02,btc,0.4977885966071807,0.0,0.00001702,btc,25211.84472738,0.41546882,0.58917413392302,131
0,[],17,[],2019-02-05 09:16:04,0.0,0,0,6588648,2019-02-05 09:16:04,btc,0.0009561751951600001,0.0,0,btc,35.42829368,0.0,0.0,131
1,[],4,[],2019-02-05 09:09:52,4608.06721171,0.00016000,0.0000000055431839999999995,6588461,2019-02-05 09:09:52,btc,1.640817562435384,0.0,0.00016000,btc,302.35845559,0.0,0.0113649733344177,135
1,[],3,[],2019-02-05 09:09:53,1872383.33745658,0.00000007,0.000000000002425143,6588462,2019-02-05 09:09:53,btc,0.1427313167232042,72463.2284975,0.00000007,btc,435892.26562585,0.0,0.0700289114460393,136
1,[],4,[],2019-02-05 10:05:52,139842.90083808,0.00000181,0.00000000006293695799999999,6588721,2019-02-05 10:05:52,btc,0.0949532565317276,0.0,0.00000181,btc,41577.38009387,0.02389436,0.2125126242359323,137
1,[],12,[],2019-02-05 10:05:52,301514.16103216,0.000001610000000000000043611490287143173105732785188592970371246337890625,0.000000000055982598,6588722,2019-02-05 10:05:52,btc,11982.843924681452,0.0,0.000001610000000000000043611490287143173105732785188592970371246337890625,btc,123662.09369316,0.0107772859611203,0.0331263843350907,137
1,[],5,[],2019-02-05 10:05:54,0.00156211,0.00004132,0.000000001436770776,6588723,2019-02-05 10:05:54,btc,3.69294479,4.64163511,0.00004132,btc,0.0033703,0.0,2.02688961,142
1,[],17,[],2019-02-05 10:05:55,12500.0,0.0000001,0.00000000000347718,6588724,2019-02-05 10:05:55,btc,20.2610215790127,0.0,0.0000001,btc,5931.99821453,0.0,0.00125,142
1,[],20,[],2019-02-05 10:05:57,150281.2493,0.00004058,0.000000001411039644,6588725,2019-02-05 10:05:57,btc,2.51826764758,6857.6259,0.00004058,btc,5189.8419,0.294382142967,0.2719870802783,142
1,[],22,[],2019-02-05 10:06:05,962.0,0.00001800,0.0000000006258923999999999,6588726,2019-02-05 10:06:05,BTC,3.00449528,0.0,0.00001800,BTC,899.098,0.0,0.0001637,142
0.0,[],25,[],2019-02-05 10:06:06,0.0,0,0,6588727,2019-02-05 10:06:06,,0.0,0.0,0.0,btc,0.0,0.0,0.0,142
1,[],28,[],2019-02-05 10:06:08,78705.0,0.00002600,0.0000000009040668,6588728,2019-02-05 10:06:08,btc,0.0404216555,1492.001,0.00002600,btc,805.999,0.0,0.0350237,142
0,[],22,[],2019-02-05 09:10:12,0.0,0,0,6588471,2019-02-05 09:10:12,,60.27052098,0.0,0,,806457049.8,0.0,0.0,143
1,[],21,[],2019-02-05 09:10:13,28550801.08546226,0.00000026,0.000000000009007674,6588472,2019-02-05 09:10:13,btc,54.52690318591818,3898176.85590705,0.00000026,btc,95241568.9694315,1.02748449,3.593657650994111,145
0,[],22,[],2019-02-05 09:10:15,0.0,0,0,6588473,2019-02-05 09:10:15,,3.05486829,0.0,0,,1890927.5,0.0,0.0,146
,[],22,[],2018-11-20 23:01:11,0.0,0,0,4862114,2018-11-20 23:01:11,,2.56807021,0.0,,,61828.4988236,0.0,0.0,147
1,[],12,[],2019-02-05 09:10:16,8688235.85394019,0.00000349000000000000004324123524523937334151924005709588527679443359375,0.00000000012091070099999998,6588474,2019-02-05 09:10:16,btc,16.51016036944463,0.0,0.00000349000000000000004324123524523937334151924005709588527679443359375,btc,113496.59564471,0.0146640572743451,0.1254283499996828,148
1,[],4,[],2019-02-05 09:10:17,317137.35193244,0.00000040,0.00000000001385796,6588475,2019-02-05 09:10:17,btc,0.6849271965223368,0.0,0.00000040,btc,496866.15536978,0.0,0.0708327082589355,152
0,[],22,[],2019-02-05 09:10:20,0.0,0,0,6588476,2019-02-05 09:10:20,,0.0,0.0,0,,0.0,0.0,0.0,152
1,[],5,[],2019-02-05 09:10:22,0.0,0,0,6588477,2019-02-05 09:10:22,btc,4.41744381,0.0,0,btc,0.00161275,0.0,0.0,153
,[],16,[],2019-01-11 15:38:59,0.0,0,0,6366141,2019-01-11 15:38:59,btc,0.0,0.0,,btc,0.0,0.0,0.0,155
0,[],23,[],2019-01-20 23:24:29,0.0,0,0,6476932,2019-01-20 23:24:29,,0.0,0.0,0,,0.0,0.0,0.0,156
0,[],22,[],2019-02-05 09:16:24,0.0,0,0,6588657,2019-02-05 09:16:24,,6.73312347,0.0,0,,4564272.742592593,0.0,0.0,156
1,[],22,[],2019-02-05 10:06:11,7906.0,0.00000801,0.000000000278522118,6588729,2019-02-05 10:06:11,BTC,43.78801181,0.0,0.00000801,BTC,1067.5805334758436,0.0,0.00743836,157
0,[],22,[],2019-02-05 09:10:30,0.0,0,0,6588480,2019-02-05 09:10:30,,50175.6753658,0.0,0,,54007107.04179466,0.0,0.0,158
,[],17,[],2018-11-20 22:56:10,0.0,0,0,4861976,2018-11-20 22:56:10,btc,1.1265625,0.0,,btc,1000.0,0.0,0.0,159
,[],20,[],2018-11-20 22:56:12,0.0,0,0,4861977,2018-11-20 22:56:12,btc,11912.7940471,0.0,,btc,34413894.3617,0.0,0.0,159
1,[],12,[],2019-02-05 09:16:28,198736.96389083,0.000007900000000000000595422149085589325068212929181754589080810546875,0.00000000027385666000000003,6588659,2019-02-05 09:16:28,btc,6.686990704771787,0.0,0.000007900000000000000595422149085589325068212929181754589080810546875,btc,14825.29828389,0.0045363137097304,0.0867941657146783,168
1,[],17,[],2019-02-05 09:16:30,29784.95,0.000001,0.000000000034665399999999996,6588660,2019-02-05 09:16:30,btc,0.03026736251542,0.0,0.000001,btc,144.46171372,0.0,0.00716147,168
0,[],22,[],2019-02-05 09:16:33,0.0,0,0,6588661,2019-02-05 09:16:33,,1.14681919,0.0,0,,721558.1900917594,0.0,0.0,169
1,[],22,[],2019-02-05 09:10:42,200406.64375,0.00000032,0.000000000011086368,6588484,2019-02-05 09:10:42,BTC,10.32587447,0.0,0.00000032,BTC,113598.16108235919,0.00430534,0.02453933,171
1,[],22,[],2019-02-05 09:10:45,243145.52380952382,0.0000003,0.000000000010393469999999999,6588485,2019-02-05 09:10:45,BTC,2.66686514,0.0,0.0000003,BTC,218459.91098947864,0.00661402,0.02285534,173
1,[],5,[],2019-02-05 09:16:35,2.04e-05,0.00000314,0.00000000010884935600000001,6588662,2019-02-05 09:16:35,btc,0.3539329,0.09307521,0.00000314,btc,0.00030271,0.0,0.71463642,175
1,[],22,[],2019-02-05 10:06:14,52249.25714285715,0.0000005,0.0000000000173859,6588730,2019-02-05 10:06:14,BTC,0.63358303,0.0,0.0000005,BTC,155090.40184992214,0.0,0.01803557,176
1,[],7,[],2019-02-05 10:06:15,0.0,0,0,6588731,2019-02-05 10:06:15,btc,233187.8026514405,0.0,0,btc,115099540.36229606,0.0,0.0,178
0,[],22,[],2019-02-05 10:06:17,0.0,0,0,6588732,2019-02-05 10:06:17,,1.00242428,0.0,0,,57512.0,0.0,0.0,178
0,[],2,[],2019-01-20 23:28:34,0.0,0,0,6477001,2019-01-20 23:28:34,,0.0,0.0,0,,0.0,0.0,0.0,178
1,[],5,[],2019-02-05 10:06:19,3e-08,0.00000002,0.000000000000695436,6588733,2019-02-05 10:06:19,btc,16.84938521,0.08688123,0.00000002,btc,2.088e-05,0.0,1.26227809,179
1,[],22,[],2019-02-05 10:06:23,8340773.0,0.00000002,0.000000000000695436,6588734,2019-02-05 10:06:23,BTC,5.51393082,0.0,0.00000002,"BTC,LTC",18589483.068656635,7.558537909999999e-13,0.3940753,179
0,[],23,[],2019-01-20 23:25:08,0.0,0,0,6476952,2019-01-20 23:25:08,,0.0,0.0,0,,0.0,0.0,0.0,179
1,[],17,[],2019-02-05 10:06:25,10504.725,0.0000001,0.00000000000347718,6588735,2019-02-05 10:06:25,btc,5.206166879877362,0.0,0.0000001,btc,6755.0074587,0.0,0.0010504725,180
1,[],22,[],2019-02-05 10:06:29,39521.94545454546,0.00000011,0.000000000003824898,6588736,2019-02-05 10:06:29,BTC,0.09618191,0.0,0.00000011,"BTC,LTC",16812.39315481,3.08e-06,0.00413387,180
1,[],26,[],2019-02-05 10:06:29,0.0,0.00000010,0.00000000000347718,6588737,2019-02-05 10:06:29,btc,0.0,0.0,0.00000010,btc,0.0,0.0,0.0,180
,[],7,[],2018-11-20 22:58:01,562227.975654,0.00000085,0.000000000036176765,4862015,2018-11-20 22:58:01,btc,21836.6059674,2491.87645172,,btc,749999.041456,0.00211021,0.127565380455,183
,[],5,[],2019-01-10 08:11:41,0.0,0,0,6347036,2019-01-10 08:11:41,btc,82.15055501,0.00261,,btc,1.19002445,0.0,0.0,187
1,[],24,[],2019-02-05 10:06:30,0.0,0.000000000001,3.47718e-17,6588738,2019-02-05 10:06:30,btc,0.0,0.0,0.000000000001,btc,0.0,0.0,0.0,187
,[],17,[],2018-11-16 20:58:10,4062536.27273,0.00000001,0.000000000000550501,4708775,2018-11-16 20:58:10,btc,3.36492563466,0.195460381006,,"btc,eth",110697919.549,0.0,0.0157628953496,187
0,[],22,[],2019-02-05 10:06:32,0.0,0,0,6588739,2019-02-05 10:06:32,,1.19382741,0.0,0,,13380.036201072173,0.0,0.0,191
0,[],22,[],2019-02-05 10:06:42,0.0,0,0,6588740,2019-02-05 10:06:42,,0.0,0.0,0,,0.0,0.0,0.0,197
0,[],23,[],2019-01-20 23:31:41,0.0,0,0,6477079,2019-01-20 23:31:41,,0.0,0.0,0,,0.0,0.0,0.0,199
1,[],26,[],2019-02-05 10:06:43,0.0,0.00000000,0,6588741,2019-02-05 10:06:43,btc,0.0,619460.0,0.00000000,btc,0.0,0.0,0.0,199
0,[],17,[],2019-01-30 16:32:01,0.0,0,0,6540827,2019-01-30 16:32:01,btc,6.802544163788159,0.0,0,btc,105897.55575295,0.0,0.0,200
0,[],2,[],2019-01-20 23:30:49,0.0,0,0,6477059,2019-01-20 23:30:49,,0.0,0.0,0,,0.0,0.0,0.0,201
1,[],4,[],2019-01-25 15:51:35,2084389.58565343,0.00000936,0.000000000333526752,6499557,2019-01-25 15:51:35,btc,2.0092503037378524,0.0,0.00000936,btc,160195.80207885,0.19272417,1.242687955921835,211
1,[],7,[],2019-02-05 10:06:46,16461146.42649183,0.0000015000000000000000380012861456169304119612206704914569854736328125,0.0000000000521577,6588742,2019-02-05 10:06:46,btc,16567795.279516166,299966.313158,0.0000015000000000000000380012861456169304119612206704914569854736328125,btc,12640177.23253004,0.0,8.472978748447394,212
1,[],5,[],2019-02-05 10:06:48,5.01e-06,0.00000035,0.000000000012170129999999999,6588743,2019-02-05 10:06:48,btc,1.10687276,0.06781821,0.00000035,btc,3.209e-05,0.0,0.20782568,213
1,[],24,[],2019-02-05 10:06:48,0.0,0.000000050000,0.00000000000173859,6588744,2019-02-05 10:06:48,btc,0.0,0.0,0.000000050000,btc,0.0,0.0,0.0,213
1,[],26,[],2019-02-05 10:06:48,0.0,0.00000009,0.000000000003129462,6588745,2019-02-05 10:06:48,btc,0.0,0.0,0.00000009,btc,0.0,0.0,0.0,213
1,[],12,[],2019-01-25 02:44:32,207462.42853209,0.000001080000000000000035831255497387193287295303889550268650054931640625,0.000000000038610756000000006,6493050,2019-01-25 02:44:32,btc,85023.03793723314,0.0,0.000001080000000000000035831255497387193287295303889550268650054931640625,btc,43675.73520027,0.000146250909087,0.0348620860622024,213
1,[],22,[],2019-02-05 10:06:51,276400.0,0.00000002,0.000000000000695436,6588746,2019-02-05 10:06:51,BTC,70.20492877,0.0,0.00000002,BTC,291693.63137942314,0.0,0.004714,216
1,[],27,[],2019-02-05 10:06:54,5054765.0,0.00000016,0.000000000005563488,6588747,2019-02-05 10:06:54,btc,313.98413255276,18000.0,0.00000016,"btc,ltc",287278.49411,0.00666,0.0516927,216
1,[],22,[],2019-02-05 10:06:57,245073.48250399102,0.00000233,0.00000000008101829399999999,6588748,2019-02-05 10:06:57,BTC,12677.87066174,0.0,0.00000233,BTC,474696.09578270046,0.00556574,0.30747406,217
1,[],7,[],2019-02-05 10:06:58,0.0,0,0,6588749,2019-02-05 10:06:58,btc,77970.02600413912,0.0,0,btc,134531561.1214003,0.0,0.0,219
0,[],27,[],2019-02-05 10:07:00,0.0,0,0,6588750,2019-02-05 10:07:00,,5.3418937883169715,0.0,0,btc,1605140.99226592,0.0,0.0,219
0.0000000000000055,[],28,[],2019-02-05 10:07:02,205554034.567,6.1325e-18,2.132380635e-22,6588751,2019-02-05 10:07:02,doge,88554.0318717675,8679.0,0.00111500,"btc,doge",4969437.84751,0.0,2.9397062286559605e-11,219
1,[],22,[],2019-02-05 10:07:05,217031.0,0.00000056,0.000000000019472208,6588752,2019-02-05 10:07:05,BTC,2.99954627,0.0,0.00000056,BTC,32610.55212317522,0.00289422,0.02772918,221
1,[],24,[],2019-02-05 10:07:05,0.0,0.000000550000,0.000000000019124489999999998,6588753,2019-02-05 10:07:05,btc,0.0,0.0,0.000000550000,btc,0.0,0.0,0.0,221
1,[],20,[],2019-02-05 10:07:07,5676875.7901,0.000000008,0.0000000000002781744,6588754,2019-02-05 10:07:07,btc,5.6328668588862,632405.1002,0.000000008,btc,6933449.2286,0.0069167812978,0.0138706566564,224
0,[],22,[],2019-02-05 10:07:09,0.0,0,0,6588755,2019-02-05 10:07:09,,0.0,0.0,0,,0.0,0.0,0.0,224
1,[],26,[],2019-02-05 10:07:09,0.0,0.00000022,0.000000000007649796,6588756,2019-02-05 10:07:09,btc,0.0,0.0,0.00000022,btc,0.0,0.0,0.0,231
1,[],26,[],2019-02-05 10:07:10,0.0,0.00000005,0.00000000000173859,6588757,2019-02-05 10:07:10,btc,0.0,0.0,0.00000005,btc,0.0,0.0,0.0,234
0,[],27,[],2019-02-05 10:07:12,0.0,0,0,6588758,2019-02-05 10:07:12,,0.0113483662182,0.0,0,"btc,eth",11462.99618,0.0,0.0,234
0.00000000009901149999999999,[],22,[],2019-02-05 10:07:15,4900000.0,9.90115e-19,3.4428080757e-23,6588759,2019-02-05 10:07:15,LTC,2.75368762,0.0,0.00000001,LTC,97895703.81349206,1.9802299999999998e-14,0.049,235
1,[],4,[],2019-02-05 10:07:15,823853.79486988,0.00000057,0.000000000019819926,6588760,2019-02-05 10:07:15,btc,0.1403542211839726,0.0,0.00000057,btc,130172.44184189,0.03951499,0.1738510748328228,236
1,[],24,[],2019-02-05 10:07:15,0.0,0.000000010000,0.000000000000347718,6588761,2019-02-05 10:07:15,btc,0.0,0.0,0.000000010000,btc,0.0,0.0,0.0,236
1,[],20,[],2019-02-05 10:07:17,20510839.9951,0.000000059,0.0000000000020515361999999998,6588762,2019-02-05 10:07:17,btc,16.2980803994014,13718586.4823,0.000000059,btc,26759917.5782,0.8309215227655,0.3650727731997,237
1,[],22,[],2019-02-05 10:07:20,10000.0,0.00000001,0.000000000000347718,6588763,2019-02-05 10:07:20,BTC,0.04083605,0.0,0.00000001,BTC,4179.0,0.0,0.0001,237
1,[],4,[],2019-02-05 10:07:21,4191126.02349034,0.00000033,0.000000000011474693999999999,6588764,2019-02-05 10:07:21,btc,0.5007040100711236,0.0,0.00000033,btc,1243669.30170173,0.60325345,1.291256718548452,238
1,[],5,[],2019-02-05 10:07:22,4.29e-06,0.00000033,0.000000000011474693999999999,6588765,2019-02-05 10:07:22,btc,0.72568933,0.00274094,0.00000033,btc,2.957e-05,0.0,0.31580648,238
1,[],22,[],2019-02-05 10:07:25,171072.33333333334,0.00000003,0.000000000001043154,6588766,2019-02-05 10:07:25,BTC,15.41409429,0.0,0.00000003,BTC,305045.3139027493,0.00086735,0.00513217,249
0.00000000009901149999999999,[],22,[],2019-02-05 10:07:28,1311049.0,2.970345e-18,1.0328424227099999e-22,6588767,2019-02-05 10:07:28,LTC,0.44674863,0.0,0.00000003,LTC,14147150.89,0.0,0.03833449,252
1,[],28,[],2019-02-05 10:07:30,2320788.578,0.00000009,0.000000000003129462,6588768,2019-02-05 10:07:30,btc,164692.29902255893,51332.011,0.00000009,btc,674053.1485,0.0,0.07894288099,256
1,[],22,[],2019-02-05 10:07:33,116442.0,0.00000001,0.000000000000347718,6588769,2019-02-05 10:07:33,BTC,30.20656659,0.0,0.00000001,BTC,456125.98909895687,0.0004346,0.00116442,258
1,[],22,[],2019-01-26 20:58:41,368451.0,0.00000001,0.000000000000356135,6510120,2019-01-26 20:58:41,BTC,2.642917,0.0,0.00000001,"BTC,LTC",1862.0,0.0,0.02488451,259
1,[],22,[],2019-02-05 10:07:41,19934.094285714287,0.00000700,0.0000000002434026,6588770,2019-02-05 10:07:41,BTC,4.70995114,0.0,0.00000700,BTC,8478.439143195397,0.0,0.089659,262
1,[],5,[],2019-02-05 10:07:43,6.213e-05,0.00000321,0.000000000111617478,6588771,2019-02-05 10:07:43,btc,0.88357926,0.009402,0.00000321,btc,0.0005746,0.0,0.2191362,264
1,[],20,[],2019-02-05 10:07:44,1167118.7123,0.00000257,0.000000000089363526,6588772,2019-02-05 10:07:44,btc,4.9983563189625,9471.6716,0.00000257,btc,94802.494,0.040319138115,0.0239886680304,264
1,[],22,[],2019-02-05 10:07:48,129217.0,0.00000002,0.000000000000695436,6588773,2019-02-05 10:07:48,BTC,8.52098902,0.0,0.00000002,BTC,337937.0984647885,0.000116,0.00208671,271
0,[],22,[],2019-02-05 10:07:51,0.0,0,0,6588774,2019-02-05 10:07:51,,369.26513139,0.0,0,,14581807828.9,0.0,0.0,272
0.0000000000000055,[],28,[],2019-02-05 10:07:52,254269668996.792,6.6e-21,2.2949388e-25,6588775,2019-02-05 10:07:52,doge,299028345.1856907,1129640228.0,0.00000120,doge,158440537338.041,0.0,8.950905489650234e-10,272
0,[],22,[],2019-02-05 10:07:55,0.0,0,0,6588776,2019-02-05 10:07:55,,0.0,0.0,0,,0.0,0.0,0.0,281
