pairValue,buyBook,exchangeId,sellBook,updated,buyTotal,satoshiPrice,usdPrice,exchangeLogId,created,bestPair,sellTotalBtc,volume,pairPrice,activePairs,sellTotal,volumeBtc,buyTotalBtc,coinId
1,[],3,[],2019-06-27 20:05:54,31397.010908119733,0.00843575000000000053967941227028859429992735385894775390625,0.0000009278548911000001,7772431,2019-06-27 20:05:54,btc,9.427378295099464,62.7135152932,0.00843575000000000053967941227028859429992735385894775390625,btc,49.042936250989,0.0,0.28928653442704044,1
1,[],4,[],2019-06-27 20:05:54,207813.57745595,0.00840263,0.000000924211995804,7772432,2019-06-27 20:05:54,btc,9.150129310716572,0.0,0.00840263,btc,428.58099128,9.77700467,0.7146947775172795,1
1,[],5,[],2019-06-27 20:05:56,0.0,0,0,7772433,2019-06-27 20:05:56,btc,0.0,0.35771099,0,btc,0.0,0.0,0.0,1
1,[],10,[],2019-06-27 20:05:59,248739.67535585,0.00440001,0.0000004839606199080001,7772434,2019-06-27 20:05:59,btc,6520.91337782586,1802.99051589,0.00440001,btc,1106.65916051,0.0,1.6587849596796098,1
1,[],12,[],2019-06-27 20:06:00,91.56641053,0.00864000000000000011046719095020307577215135097503662109375,0.000000950320512,7772435,2019-06-27 20:06:00,btc,0.646843024651,0.0,0.00864000000000000011046719095020307577215135097503662109375,btc,26.99922256,1.963547827038,0.1079460912204,1
1,[],20,[],2019-06-27 20:06:02,928.1655,0.008010185,0.000000881046656298,7772436,2019-06-27 20:06:02,btc,0.1435864011191,0.7472,0.008010185,btc,10.6197,0.0077402859933,0.1258563937606,1
1,[],21,[],2019-06-27 20:06:03,2214.82400034,0.008652969999999999411999240806,0.0000009517470926759999,7772437,2019-06-27 20:06:03,btc,13.479253701068851,17057.91065398,0.0086529699999999994119992408059260924346745014190673828125,"btc,eth",1993.03350308,119.0651305843882,13.623120648821613,1
1,[],22,[],2019-06-27 20:06:07,0.0469,0.00850000,0.0000009349218,7772438,2019-06-27 20:06:07,BTC,0.01666796,0.0,0.00850000,BTC,0.25318100557485945,0.0,0.00025139,1
1,[],24,[],2019-06-27 20:06:08,0.0,0.000000000000,0,7772439,2019-06-27 20:06:08,btc,0.0,0.0,0.000000000000,btc,0.0,0.0,0.0,1
0.0,[],25,[],2019-06-27 20:06:09,0.0,0,0,7772440,2019-06-27 20:06:09,btc,45.27039999899053,30022.11209892,0.0,btc,5021.15090593,243.8,0.0,1
1,[],26,[],2019-06-27 20:06:17,0.0,0,0,7772441,2019-06-27 20:06:17,,0.0,0.0,0,,0.0,0.0,0.0,1
0,[],28,[],2019-06-27 20:06:18,0.0,0,0,7772442,2019-06-27 20:06:18,,0.0,0.0,0,,0.0,0.0,0.0,1
0,[],2,[],2019-01-20 23:28:45,0.0,0,0,6477011,2019-01-20 23:28:45,,0.0,0.0,0,,0.0,0.0,0.0,1
1,[],5,[],2019-06-17 14:29:02,0.0,0,0,7740076,2019-06-17 14:29:02,btc,0.0,2.72e-05,0,btc,0.0,0.0,0.0,2
1,[],22,[],2019-06-17 14:29:06,11550.3,0.0000002,0.0000000000185828,7740077,2019-06-17 14:29:06,BTC,21.00897301,0.0,0.0000002,"BTC,XMR",20678.87287795317,1.754e-05,0.00143681,2
1,[],5,[],2019-06-03 14:48:58,0.0,0,0,7731126,2019-06-03 14:48:58,btc,0.0,0.05905545,0,btc,0.0,0.0,0.0,3
1,[],12,[],2019-06-03 14:48:59,3468623.70302,0.000000116,0.000000000009823402000000002,7731127,2019-06-03 14:48:59,btc,169531.0336573751,0.0,0.000000116,btc,2361209.62379607,0.041350953071,0.33764769154428,3
0,[],28,[],2019-06-03 14:49:00,0.0,0,0,7731128,2019-06-03 14:49:00,,0.0,0.0,0,,0.0,0.0,0.0,3
0,[],2,[],2019-01-20 23:31:32,0.0,0,0,6477077,2019-01-20 23:31:32,,0.0,0.0,0,,0.0,0.0,0.0,4
1,[],4,[],2019-05-18 21:29:50,562734.9206932,0.00000010,0.000000000007298720000000001,7650946,2019-05-18 21:29:50,btc,41.9347137769675,0.0,0.00000010,btc,1123702.32192634,0.00052462,0.029254593370966,4
0,[],12,[],2019-06-02 05:03:43,0.0,0,0,7724919,2019-06-02 05:03:43,btc,625.901992874995,0.0,0,btc,1211362.4995005,0.0,0.0,5
1,[],11,[],2019-06-27 20:06:20,6351847.276736,0.00000001,0.000000000001099908,7772443,2019-06-27 20:06:20,btc,9583.568469362632,300000.0,0.00000001,btc,76378844.64770687,0.0,0.06351847276736,6
0,[],2,[],2019-01-20 23:31:51,0.0,0,0,6477087,2019-01-20 23:31:51,,0.0,0.0,0,,0.0,0.0,0.0,6
1,[],3,[],2019-06-27 20:06:21,12588.764114935666,0.00005302999999999999879672640812344752703211270272731781005859375,0.000000005832812124,7772444,2019-06-27 20:06:21,btc,1026.2930235895321,627.29874475,0.00005302999999999999879672640812344752703211270272731781005859375,btc,398.863465343096,0.0,0.018223804374500163,7
1,[],4,[],2019-06-27 20:06:23,322896.89663636,0.00006456,0.000000007101006048,7772445,2019-06-27 20:06:23,btc,6.7301867772168515,0.0,0.00006456,btc,52632.14364532,0.91116241,2.165721592843441,7
1,[],5,[],2019-06-27 20:06:24,0.0,0,0,7772446,2019-06-27 20:06:24,btc,0.0,0.04481525,0,btc,0.0,0.0,0.0,7
1,[],20,[],2019-04-07 22:06:50,3201475.0482,0.000000001,0.000000000000051590000000000004,7213932,2019-04-07 22:06:50,btc,30.8005781811902,0.0,0.000000001,btc,23077405.3926,0.0,0.0032014750482,8
1,[],4,[],2019-06-27 20:06:28,1960585.83982357,0.00000041,0.000000000045096228,7772447,2019-06-27 20:06:28,btc,2.9060059436667167,0.0,0.00000041,btc,3039666.25810497,0.38849786,0.3654907087822939,9
0,[],28,[],2019-06-27 20:06:30,0.0,0,0,7772448,2019-06-27 20:06:30,,0.0,0.0,0,,0.0,0.0,0.0,9
0,[],2,[],2019-01-20 23:22:42,0.0,0,0,6476876,2019-01-20 23:22:42,,0.0,0.0,0,,0.0,0.0,0.0,9
0,[],23,[],2019-01-20 23:22:48,0.0,0,0,6476878,2019-01-20 23:22:48,,0.0,0.0,0,,0.0,0.0,0.0,9
1,[],1,[],2019-02-17 23:31:42,1822507.21,0.00000181000000000000003456111265232042484285557293333113193511962890625,0.000000000066086901,6701244,2019-02-17 23:31:42,btc,3.6990969245,17153386.5,0.00000181000000000000003456111265232042484285557293333113193511962890625,btc,1997391.71,31.11772986,3.2610482446,9
1,[],4,[],2019-02-17 11:22:43,4341674.27126056,0.00000002,0.0000000000007272960000000001,6696112,2019-02-17 11:22:43,btc,0.1997230937751353,0.0,0.00000002,btc,4109766.79808031,0.00215132,0.0479381022052112,10
1,[],4,[],2019-06-27 20:06:31,39158788.0297989,0.00000026,0.000000000028597608,7772449,2019-06-27 20:06:31,btc,7.199521508188001,0.0,0.00000026,btc,8721756.26586803,0.70865853,1.323938925618851,12
1,[],5,[],2019-06-27 20:06:32,0.0,0,0,7772450,2019-06-27 20:06:32,btc,0.0,0.0304728,0,btc,0.0,0.0,0.0,12
0.0,[],25,[],2019-06-27 20:06:34,0.0,0,0,7772451,2019-06-27 20:06:34,,0.0,0.0,0.0,btc,0.0,0.0,0.0,12
0,[],2,[],2019-01-20 23:23:08,0.0,0,0,6476890,2019-01-20 23:23:08,,0.0,0.0,0,,0.0,0.0,0.0,12
1,[],4,[],2019-06-27 20:06:35,453745.32909181,0.00000255,0.00000000028047654,7772452,2019-06-27 20:06:35,btc,2.222763598478146,0.0,0.00000255,btc,389381.62851806,0.39001192,0.2208299580310291,13
1,[],10,[],2019-06-27 20:06:37,606845.48713292,0.00000247,0.000000000271677276,7772453,2019-06-27 20:06:37,btc,666797.6447631916,41882.4257533,0.00000247,btc,869967.38546936,0.0,0.2442922185720391,13
1,[],21,[],2019-06-27 20:06:39,5682939.48739358,0.000002500000000000000204507634785,0.00000000027497700000000004,7772454,2019-06-27 20:06:39,btc,3.2917383535962466,1632070.67452783,0.00000250000000000000020450763478507827386465578456409275531768798828125,btc,960536.51431809,4.16379981,3.166971662098269,13
1,[],4,[],2019-06-27 20:06:39,1007956.64858487,0.00000039,0.000000000042896412,7772455,2019-06-27 20:06:39,btc,3.7958737332317782,0.0,0.00000039,btc,1556137.518979,0.01805102,0.0949993817000093,14
1,[],12,[],2019-06-27 20:06:41,222369.0,0.00000045,0.00000000004949586,7772456,2019-06-27 20:06:41,btc,193.4830085768183,0.0,0.00000045,btc,40432.02846445,0.002539904106,0.00935234,14
1,[],26,[],2019-06-27 20:08:41,0.0,0.00000050,0.0000000000549954,7772457,2019-06-27 20:08:41,btc,0.0,0.0,0.00000050,btc,0.0,0.0,0.0,14
0,[],17,[],2019-05-03 00:53:32,0.0,0,0,7558876,2019-05-03 00:53:32,btc,0.0,0.0,0,btc,0.0,0.0,0.0,14
0,[],4,[],2019-06-27 20:08:42,0.0,0,0,7772458,2019-06-27 20:08:42,,0.0,0.0,0,,0.0,0.0,0.0,15
,[],12,[],2018-12-01 15:15:48,204241.84496,0.00000489,0.000000000202473384,5260204,2018-12-01 15:15:48,btc,49.5475654835,0.0,,btc,35763.2193806,0.0163153972027625,0.0203389899998,15
1,[],4,[],2019-06-27 20:08:44,30262.33631505,0.00000809,0.000000000889825572,7772459,2019-06-27 20:08:44,btc,2.352520712495461,0.0,0.00000809,btc,15387.40592313,0.04227956,0.0330973577644838,18
1,[],10,[],2019-06-27 20:08:46,398472.14568194,0.00000756,0.000000000831530448,7772460,2019-06-27 20:08:46,btc,14.898248194513458,29120.8007948,0.00000756,btc,11291.89714762,0.0,0.2960823827281183,18
1,[],12,[],2019-06-27 20:08:47,954.45117114,0.000008509999999999999837252580292545900420009274967014789581298828125,0.000000000936021708,7772461,2019-06-27 20:08:47,btc,0.5224400786987197,0.0,0.000008509999999999999837252580292545900420009274967014789581298828125,btc,1928.78278592,7.2335e-07,0.0037248641479814,18
0,[],2,[],2019-01-20 23:23:38,0.0,0,0,6476906,2019-01-20 23:23:38,,0.0,0.0,0,,0.0,0.0,0.0,18
0,[],17,[],2019-05-03 00:53:39,0.0,0,0,7558882,2019-05-03 00:53:39,btc,0.0,0.0,0,btc,0.0,0.0,0.0,18
1,[],3,[],2019-06-27 20:10:48,153281.46739315556,0.000006520000000000000255529104820073627024612505920231342315673828125,0.0000000007171400160000001,7772462,2019-06-27 20:10:48,btc,190.3062547910544,17008.6379468,0.000006520000000000000255529104820073627024612505920231342315673828125,btc,17829.003712360685,0.0,0.0510665658558225,19
1,[],4,[],2019-06-27 20:10:49,239629.39984752,0.00000655,0.00000000072043974,7772463,2019-06-27 20:10:49,btc,4.374576671334269,0.0,0.00000655,btc,246314.68406478,0.38108354,0.9570687463106857,19
1,[],5,[],2019-06-27 20:10:50,0.0,0,0,7772464,2019-06-27 20:10:50,btc,0.0,0.00246935,0,btc,0.0,0.0,0.0,19
1,[],12,[],2019-06-27 20:10:52,107180.72964463,0.0000060599999999999995775427918953681682978640310466289520263671875,0.000000000666544248,7772465,2019-06-27 20:10:52,btc,1.2050974081831438,0.0,0.0000060599999999999995775427918953681682978640310466289520263671875,btc,3008.56634116,0.0,0.0096525499997273,19
0,[],27,[],2019-06-27 20:10:58,0.0,0,0,7772466,2019-06-27 20:10:58,,0.0,0.0,0,btc,0.0,0.0,0.0,19
0,[],2,[],2019-01-20 23:24:19,0.0,0,0,6476924,2019-01-20 23:24:19,,0.0,0.0,0,,0.0,0.0,0.0,19
1,[],4,[],2019-06-27 20:10:59,9961191.09278478,0.00000005,0.00000000000549954,7772467,2019-06-27 20:10:59,btc,5.165016677550609,0.0,0.00000005,btc,2227203.78226973,0.00332511,0.1113794166205056,20
0,[],4,[],2019-06-27 20:11:00,0.0,0,0,7772468,2019-06-27 20:11:00,,13881.931497766385,0.0,0,,81729842.85940409,0.0,0.0,21
0,[],12,[],2019-06-27 20:11:02,0.0,0,0,7772469,2019-06-27 20:11:02,btc,2602.953865236953,0.0,0,btc,8123562.49350646,0.0,0.0,21
0,[],17,[],2019-05-03 00:53:51,0.0,0,0,7558891,2019-05-03 00:53:51,btc,0.0,0.0,0,btc,0.0,0.0,0.0,21
1,[],12,[],2019-06-27 20:13:03,5883719985.277,0.0000000004,0.00000000000004399632,7772470,2019-06-27 20:13:03,btc,1426620276044.7554,0.0,0.0000000004,btc,2885770326.3540797,0.007180284026,1.4660070615108003,23
0.000000000265438,[],27,[],2019-06-27 20:13:09,42993735.03796204,7.96314e-18,8.75872139112e-22,7772471,2019-06-27 20:13:09,eth,1071.81454600082,10000.0,0.00000003,eth,5896298.756,7.96314e-14,1.9491978494423705e-10,23
1,[],4,[],2019-06-22 05:45:29,6100414.07522138,0.00000017,0.00000000001823352,7751732,2019-06-22 05:45:29,btc,10.22685272773715,0.0,0.00000017,btc,1790815.48208265,0.0,0.1345450262400025,24
0,[],22,[],2019-06-22 05:45:31,0.0,0,0,7751733,2019-06-22 05:45:31,,6.22e-05,0.0,0,,517.4264705882352,0.0,0.0,24
0.0,[],25,[],2019-06-22 05:45:32,0.0,0,0,7751734,2019-06-22 05:45:32,,0.0,0.0,0.0,btc,0.0,0.0,0.0,24
1,[],4,[],2019-06-27 20:13:10,26924712.60841064,0.00000343,0.000000000377268444,7772472,2019-06-27 20:13:10,btc,6.492349151673276,0.0,0.00000343,btc,204775.21250651,0.15762434,0.3403996832487627,26
1,[],10,[],2019-06-27 20:13:12,128647.4316678,0.00000426,0.000000000468560808,7772473,2019-06-27 20:13:12,btc,25.134820587623054,5004.87552075,0.00000426,btc,20537.75135159,0.0,0.0470538778128391,26
0,[],2,[],2019-01-20 23:25:56,0.0,0,0,6476976,2019-01-20 23:25:56,,0.0,0.0,0,,0.0,0.0,0.0,26
1,[],5,[],2019-04-26 09:47:06,0.0,0,0,7465326,2019-04-26 09:47:06,btc,0.0,0.0,0,btc,0.0,0.0,0.0,27
1,[],3,[],2019-06-17 14:30:26,13571825.64059417,0.00000001,0.00000000000092914,7740112,2019-06-17 14:30:26,btc,3.485049956644059,4264730.43754,0.00000001,btc,23500048.28518193,0.0,0.1357182564059417,27
1,[],11,[],2019-06-17 14:30:28,2031833.58157834,0.00000001,0.00000000000092914,7740113,2019-06-17 14:30:28,btc,67502.92060589766,32677.9652116,0.00000001,btc,6487362.95640949,0.0,0.0203183358157834,27
0.0000000001056885,[],4,[],2019-06-27 20:13:14,404881914.4004784,9.723341999999999e-17,1.0694781652536e-20,7772474,2019-06-27 20:13:14,ltc,10.293417647456458,0.0,0.00000092,ltc,648375117.6497362,0.43717696,9.7288184338695e-09,29
1,[],7,[],2019-06-27 20:13:16,61825576.80977819,0.00000001,0.000000000001099908,7772475,2019-06-27 20:13:16,btc,46548272.29380822,4022976.31435,0.00000001,btc,41081423.12659095,0.04022976,0.6182557680977819,29
1,[],4,[],2019-06-27 20:13:17,15532901.4650687,0.00000003,0.000000000003299724,7772476,2019-06-27 20:13:17,btc,2.575153738706477,0.0,0.00000003,btc,2265516.21969631,0.00047048,0.1640680086667236,30
0,[],17,[],2019-05-03 01:11:25,0.0,0,0,7559066,2019-05-03 01:11:25,btc,0.0,0.0,0,btc,0.0,0.0,0.0,30
1,[],4,[],2019-06-27 20:15:18,220611.45689574,0.00002684,0.000000002952153072,7772477,2019-06-27 20:15:18,btc,3.236615090292384,0.0,0.00002684,btc,52552.89526858,0.37424797,0.3296006290300591,31
1,[],21,[],2019-06-27 20:15:19,732012.28276036,0.00002900000000000000017000290065,0.0000000031897332,7772478,2019-06-27 20:15:19,btc,8.726972996061097,319485.39086438,0.0000290000000000000001700029006457270952523685991764068603515625,btc,220082.61513052,9.22941115,3.3155520861659133,31
0,[],2,[],2019-01-20 23:28:43,0.0,0,0,6477009,2019-01-20 23:28:43,,0.0,0.0,0,,0.0,0.0,0.0,32
1,[],12,[],2019-03-30 07:55:10,40641173.964,0.00000003,0.000000000001228359,7108785,2019-03-30 07:55:10,btc,4233210.82356125,0.0,0.00000003,btc,28378394.68333462,0.0126927883965248,0.90752895892,33
0,[],4,[],2019-06-27 19:50:59,0.0,0,0,7772364,2019-06-27 19:50:59,,0.0,0.0,0,,0.0,0.0,0.0,33
0.0000000001056885,[],4,[],2019-06-27 20:15:20,150601536.04967546,5.918555999999999e-17,6.509867092848e-21,7772479,2019-06-27 20:15:20,ltc,4.52386001848414,0.0,0.00000056,ltc,165082576.83587012,0.0,7.348512220288885e-10,34
1,[],5,[],2019-06-27 20:15:21,0.0,0,0,7772480,2019-06-27 20:15:21,btc,0.0,0.002,0,btc,0.0,0.0,0.0,34
0.0000000002926451,[],17,[],2019-05-02 18:17:47,200000.0,2.9264510000000002e-18,1.596703856561e-22,7556430,2019-05-02 18:17:47,eth,0.20942468735267253,0.0,0.00000001,"btc,eth",1018272.20243647,0.0,5.852902e-13,36
0.0000000001311821,[],4,[],2019-05-31 13:28:19,2417517744.0607657,1.311821e-18,1.105058333085e-22,7717483,2019-05-31 13:28:19,ltc,5.019900492391546e-08,0.0,0.00000001,ltc,7102398142.262129,0.0,3.171350544531538e-09,36
1,[],5,[],2019-05-31 13:28:21,0.0,0,0,7717484,2019-05-31 13:28:21,btc,0.0,0.0,0,btc,0.0,0.0,0.0,36
0.0000000003108179,[],27,[],2019-05-31 13:30:34,10388811.226876,6.216358000000001e-18,5.236566733830001e-22,7717485,2019-05-31 13:30:34,eth,1569.8708019850988,761866.634299,0.00000002,"ltc,eth",5084024.2511555,4.736034912207001e-12,3.3251980286483705e-11,36
1,[],4,[],2019-06-25 10:05:55,10747826.61931615,0.00000014,0.000000000015920562,7762320,2019-06-25 10:05:55,btc,19773.05513423956,0.0,0.00000014,btc,682946.14349671,0.0006293,0.1362851255028938,37
1,[],12,[],2019-06-25 10:05:57,4167862.54235103,0.00000013,0.000000000014783379,7762321,2019-06-25 10:05:57,btc,7.381091518261743,0.0,0.00000013,btc,1713444.53926904,0.016313049979,0.1478110147956336,37
1,[],27,[],2019-06-25 10:08:02,10970.0,0.00000019,0.000000000021606477,7762322,2019-06-25 10:08:02,btc,22.62970013895233,0.0,0.00000019,btc,4298.824295,0.0,0.00167419,37
1,[],17,[],2019-05-03 01:11:36,211752.74075282,0.00000025,0.000000000013700074999999998,7559074,2019-05-03 01:11:36,btc,0.055484923955058496,0.0,0.00000025,"btc,eth",1387.19918473,0.0,0.0005381851887916605,37
1,[],5,[],2019-06-27 20:15:22,0.0,0,0,7772481,2019-06-27 20:15:22,btc,0.0,0.26001907,0,btc,0.0,0.0,0.0,42
1,[],12,[],2019-06-27 20:15:23,2026425.82402671,0.00000128000000000000002678087786256444502441809163428843021392822265625,0.000000000140788224,7772482,2019-06-27 20:15:23,btc,524.5597015513108,0.0,0.00000128000000000000002678087786256444502441809163428843021392822265625,btc,136678.27300575,0.094504023555,0.0633569099999272,42
1,[],27,[],2019-06-27 20:15:31,683.0,0.00000140,0.00000000015398712,7772483,2019-06-27 20:15:31,btc,0.07600425,0.0,0.00000140,"btc,eth",18.0,0.0,0.0005422,42
1,[],12,[],2019-03-13 09:13:29,1112112.0,0.00000001,0.000000000000386531,6919902,2019-03-13 09:13:29,btc,29058.00478931866,0.0,0.00000001,btc,5967681.93306694,9.99000999e-07,0.01112112,43
1,[],5,[],2019-04-26 22:38:52,0.0,0,0,7474154,2019-04-26 22:38:52,btc,0.0,0.02638891,0,btc,0.0,0.0,0.0,43
0,[],17,[],2019-04-26 22:38:53,0.0,0,0,7474155,2019-04-26 22:38:53,btc,0.0,0.0,0,btc,0.0,0.0,0.0,43
1,[],12,[],2019-03-05 01:54:08,639326.02,0.00000004,0.000000000001486676,6845775,2019-03-05 01:54:08,btc,11116042.728239931,0.0,0.00000004,btc,1103841.4595604,0.0003330765234764,0.014975410599999999,44
0.0000000001056885,[],4,[],2019-06-27 20:15:32,108351376.9511354,4.438917e-17,4.882400319636e-21,7772484,2019-06-27 20:15:32,ltc,2762.20923765423,0.0,0.00000042,ltc,26152413.39496898,0.0,4.980695291304678e-10,49
0.0000000001056885,[],4,[],2019-06-27 20:15:33,317796134.70541924,2.1137699999999998e-17,2.32495253316e-21,7772485,2019-06-27 20:15:33,ltc,28232.10660177114,0.0,0.0000002,ltc,195520906.9866262,0.0,1.95118558067752e-09,52
0,[],22,[],2019-06-27 15:51:08,0.0,0,0,7771544,2019-06-27 15:51:08,,10289.80784133,0.0,0,,287058287.4566013,0.0,0.0,57
0,[],27,[],2019-06-27 15:51:16,0.0,0,0,7771545,2019-06-27 15:51:16,,0.0,0.0,0,"btc,eth",0.0,0.0,0.0,57
0,[],4,[],2019-06-27 20:15:34,0.0,0,0,7772486,2019-06-27 20:15:34,,19.719363244609355,0.0,0,,6085129995.992692,0.0,0.0,58
0,[],12,[],2019-06-27 20:15:36,0.0,0,0,7772487,2019-06-27 20:15:36,btc,53986674.25359442,0.0,0,btc,3409392032.970986,0.040074414981,0.0,58
0.000000000086135,[],22,[],2019-06-27 20:17:39,126877.0,8.613499999999999e-19,9.474057558e-23,7772488,2019-06-27 20:17:39,XMR,68.17454206,0.0,0.00000001,XMR,9626402.6,0.0,0.00126877,58
1,[],17,[],2019-05-03 01:12:09,1200000.0,0.0000000001,0.00000000000000548003,7559085,2019-05-03 01:12:09,btc,1e+24,0.0,0.0000000001,"btc,eth",39516342.31952568,0.0,0.00010000000058666061,58
1,[],5,[],2019-06-17 14:31:27,0.0,0,0,7740135,2019-06-17 14:31:27,btc,0.0,0.00079154,0,btc,0.0,0.0,0.0,61
1,[],22,[],2019-06-17 14:31:30,13612.833333333334,0.00000012,0.00000000001114968,7740136,2019-06-17 14:31:30,BTC,1002.29123003,0.0,0.00000012,BTC,15014.200177125656,0.0,0.00153257,61
1,[],26,[],2019-06-17 14:31:30,0.0,0.00000050,0.000000000046457,7740137,2019-06-17 14:31:30,btc,0.0,0.0,0.00000050,btc,0.0,0.0,0.0,61
1,[],27,[],2019-06-17 14:31:36,8400.0,0.00000018,0.00000000001672452,7740138,2019-06-17 14:31:36,btc,1.9742539297246655,0.0,0.00000018,"btc,eth",10953.51663696,0.0,0.001512,61
0,[],28,[],2019-06-17 14:31:38,0.0,0,0,7740139,2019-06-17 14:31:38,,0.0,0.0,0,,0.0,0.0,0.0,61
1,[],4,[],2019-06-27 19:55:17,330522.86209046,0.00000067,0.00000000007334356,7772375,2019-06-27 19:55:17,btc,3.4620415320139704,0.0,0.00000067,btc,1269295.80599521,0.06493063,0.1599193363357336,67
0.0,[],25,[],2019-06-27 19:55:18,0.0,0,0,7772376,2019-06-27 19:55:18,,0.0,0.0,0.0,btc,0.0,0.0,0.0,67
1,[],12,[],2019-06-02 06:23:14,910048.355,0.00000006,0.000000000005154929999999999,7725270,2019-06-02 06:23:14,btc,5.167005424215783,0.0,0.00000006,btc,738530.60239759,0.003159757462,0.0187188113,71
,[],5,[],2018-11-20 23:02:39,1.5e-07,0.00000005,0.000000000002128045,4862160,2018-11-20 23:02:39,btc,2.84511358,0.0,,btc,0.00036572,0.0,0.07381892,74
1,[],5,[],2019-06-27 20:17:41,0.0,0,0,7772489,2019-06-27 20:17:41,btc,0.0,0.00129308,0,btc,0.0,0.0,0.0,75
1,[],4,[],2019-06-04 03:25:15,715281.46076168,0.00000001,0.000000000000803619,7734085,2019-06-04 03:25:15,btc,581089.6218469425,0.0,0.00000001,btc,37692563.61091116,0.0,0.0071528146076168,81
0,[],20,[],2019-01-25 09:30:31,0.0,0,0,6495923,2019-01-25 09:30:31,btc,0.0,0.0,0,btc,0.0,0.0,0.0,81
1,[],4,[],2019-06-27 19:55:20,347886.67041179,0.00007250,0.000000007936429999999999,7772378,2019-06-27 19:55:20,btc,58.45287499948841,0.0,0.00007250,btc,118909.79623252,0.46436424,0.1201220890637996,82
1,[],21,[],2019-06-27 19:55:21,308327.379414,0.00006206999999999999355956153968,0.000000006794678759999999,7772379,2019-06-27 19:55:21,btc,4.50835689157898,72448.7132347,0.000062069999999999993559561539679947372860624454915523529052734375,btc,55272.295343469996,4.67190655,2.8438594396686363,82
0,[],17,[],2019-03-25 22:42:34,0.0,0,0,7038780,2019-03-25 22:42:34,btc,0.0445064681804024,0.0,0,btc,995513.18476001,0.0,0.0,84
0.0000000001161485,[],4,[],2019-05-20 13:09:39,216715621.0206096,1.161485e-18,9.0533806701e-23,7657228,2019-05-20 13:09:39,ltc,1.6511566870244727,0.0,0.00000001,ltc,471032407.9048656,0.0,2.5171194308112273e-10,85
,[],22,[],2018-11-20 23:09:34,3408.1,0.0000001,0.0000000000041895,4862324,2018-11-20 23:09:34,BTC,0.04624735,0.0,,BTC,4990.0,0.0,0.00033081,86
1,[],22,[],2019-06-26 09:07:19,62694.0,0.00000005,0.0000000000063518149999999994,7766682,2019-06-26 09:07:19,BTC,1.85249053,0.0,0.00000005,BTC,287024.94736842107,0.0003,0.00062846,87
1,[],27,[],2019-06-26 09:07:25,361781.0,0.0000002,0.000000000025407259999999998,7766683,2019-06-26 09:07:25,btc,19.86923154858,99950.0,0.0000002,btc,548343.482,0.01999,0.01237888,87
,[],2,[],2018-11-20 23:10:47,0.0,0,0,4862359,2018-11-20 23:10:47,,0.0,0.0,,,0.0,0.0,0.0,88
1,[],11,[],2019-06-17 14:31:59,193715.3529613,0.000073310000000000001140094962881477158589405007660388946533203125,0.00000000681152534,7740147,2019-06-17 14:31:59,btc,168.35454702024953,5791.70569014,0.000073310000000000001140094962881477158589405007660388946533203125,btc,196971.41170107,0.0,1.1996165759440112,89
0,[],2,[],2019-01-20 23:31:45,0.0,0,0,6477083,2019-01-20 23:31:45,,0.0,0.0,0,,0.0,0.0,0.0,91
1,[],12,[],2019-06-18 02:35:48,427715.74,0.00000015,0.000000000013911045000000001,7746087,2019-06-18 02:35:48,btc,116.61022144471085,0.0,0.00000015,btc,193315.55943968,0.000180759303,0.0129558314,91
1,[],22,[],2019-06-20 20:27:07,75910.0,0.00000002,0.000000000001914908,7746207,2019-06-20 20:27:07,BTC,0.49565371,0.0,0.00000002,"BTC,LTC",6.384990670617935,0.0,0.0016592,91
0,[],17,[],2019-05-03 01:12:26,0.0,0,0,7559096,2019-05-03 01:12:26,btc,0.0,0.0,0,btc,0.0,0.0,0.0,91
1,[],22,[],2019-06-27 20:17:45,105655.66666666667,0.00000003,0.000000000003299724,7772490,2019-06-27 20:17:45,BTC,11.44483916,0.0,0.00000003,"BTC,LTC",321272.4683191416,0.0,0.06677967,95
0.0000000001056885,[],4,[],2019-06-27 20:17:45,540002603.7094265,4.2275399999999996e-17,4.64990506632e-21,7772491,2019-06-27 20:17:45,ltc,10.925358710324572,0.0,0.0000004,ltc,154256371.5071718,0.0,7.762769674906683e-10,96
0,[],12,[],2019-06-27 20:17:47,0.0,0,0,7772492,2019-06-27 20:17:47,btc,36.63288118448551,0.0,0,btc,9955295.448551439,0.0,0.0,96
0,[],17,[],2019-05-03 01:12:32,0.0,0,0,7559100,2019-05-03 01:12:32,btc,0.0,0.0,0,btc,0.0,0.0,0.0,96
1,[],4,[],2019-04-14 03:32:46,1039404.33283278,0.00000038,0.000000000019245518,7293458,2019-04-14 03:32:46,btc,4.170086055365747,0.0,0.00000038,btc,3097704.34561074,0.06260606,0.1859928211030784,99
1,[],4,[],2019-06-27 20:19:48,198493.43285848,0.00001295,0.0000000014243808600000001,7772493,2019-06-27 20:19:48,btc,7.920472930168484,0.0,0.00001295,btc,172938.3904651,0.61304049,0.495078007264411,100
0,[],2,[],2019-01-20 23:23:55,0.0,0,0,6476914,2019-01-20 23:23:55,,0.0,0.0,0,,0.0,0.0,0.0,100
1,[],22,[],2019-06-05 06:30:35,150000.0,0.00000002,0.000000000001558192,7740007,2019-06-05 06:30:35,BTC,28.56386409,0.0,0.00000002,BTC,12787.719,0.0,0.0017,101
1,[],4,[],2019-06-27 19:57:31,439225.97834677,0.00000153,0.00000000016748604,7772384,2019-06-27 19:57:31,btc,882.8614972819018,0.0,0.00000153,btc,750463.10845981,0.00327978,0.0812640027736799,103
1,[],12,[],2019-06-17 14:32:14,179201505.10870332,0.000000005,0.00000000000046457,7740154,2019-06-17 14:32:14,btc,113577.79366343976,0.0,0.000000005,btc,79148141.67831126,0.019059029059,0.27280986350611003,105
1,[],27,[],2019-06-17 14:32:19,18306828.03496503,0.00000002,0.00000000000185828,7740155,2019-06-17 14:32:19,btc,180.7198218385489,1083.96503497,0.00000002,btc,276513.60142659,7.588e-05,0.3661365606993006,105
1,[],22,[],2019-04-21 00:17:26,21333.0,0.00000001,0.000000000000532493,7385819,2019-04-21 00:17:26,BTC,51.38182867,0.0,0.00000001,BTC,470435.0,0.0,0.00021333,107
1,[],26,[],2019-04-21 00:17:26,0.0,0.00000000,0,7385820,2019-04-21 00:17:26,btc,0.0,0.0,0.00000000,btc,0.0,0.0,0.0,107
1,[],5,[],2019-06-27 20:19:49,0.0,0,0,7772494,2019-06-27 20:19:49,btc,0.0,0.0,0,btc,0.0,0.0,0.0,112
0,[],22,[],2019-06-27 20:19:52,0.0,0,0,7772495,2019-06-27 20:19:52,,6.79500102,0.0,0,,3375892.0833333335,0.0,0.0,112
1,[],27,[],2019-06-27 20:19:59,1.0,0.00000001,0.000000000001099908,7772496,2019-06-27 20:19:59,btc,0.0,0.0,0.00000001,"btc,eth",0.0,0.0,1e-08,112
1,[],4,[],2019-06-27 20:20:00,926876.87152912,0.00000044,0.000000000048395952,7772497,2019-06-27 20:20:00,btc,6.595833503830444,0.0,0.00000044,btc,1005779.39093471,0.0366749,0.10297804927867,113
1,[],5,[],2019-06-27 20:20:01,0.0,0,0,7772498,2019-06-27 20:20:01,btc,0.0,6e-07,0,btc,0.0,0.0,0.0,113
1,[],17,[],2019-04-26 02:17:47,162738.278,0.00000004,0.0000000000021069000000000002,7461287,2019-04-26 02:17:47,btc,1.3331140273775473,0.0,0.00000004,btc,51796.221,0.0,0.00230953112,116
1,[],27,[],2019-05-22 05:13:01,210000.0,0.00000001,0.00000000000079145,7666372,2019-05-22 05:13:01,btc,3919.0005001478,0.0,0.00000001,btc,128660.871,0.0,0.0021,116
1,[],4,[],2019-05-21 22:31:11,138169.03963019,0.00000701,0.000000000558364025,7664793,2019-05-21 22:31:11,btc,150.95388250938234,0.0,0.00000701,btc,344631.17141974,0.07552974,0.4288357684941946,120
1,[],7,[],2019-05-21 22:31:12,3901.07750076,0.000010679999999999999389654892212320191902108490467071533203125,0.0000000008506887,7664794,2019-05-21 22:31:12,btc,231188.94669936574,0.0,0.000010679999999999999389654892212320191902108490467071533203125,btc,4133.83151364,0.0,0.0113888422364489,120
1,[],20,[],2019-04-07 18:42:29,1914137.0852,0.000000035,0.0000000000017871910000000002,7211992,2019-04-07 18:42:29,btc,32.2497668025648,25528.85,0.000000035,btc,1001975.4986,0.00089350975,0.0152723574729,125
1,[],22,[],2019-06-17 14:32:38,10000.0,0.00000001,0.00000000000092914,7740161,2019-06-17 14:32:38,BTC,0.032061,0.0,0.00000001,BTC,299316.7611111111,0.0,0.0001,126
1,[],4,[],2019-06-27 20:20:02,1189973.36429999,0.00000269,0.000000000295875252,7772499,2019-06-27 20:20:02,btc,2.3857690531313334,0.0,0.00000269,btc,174605.83689739,0.04192417,0.6590010185757204,131
0,[],2,[],2019-01-20 23:25:46,0.0,0,0,6476969,2019-01-20 23:25:46,,0.0,0.0,0,,0.0,0.0,0.0,131
1,[],17,[],2019-05-03 01:13:10,10000.0,0.00000001,0.000000000000548003,7559115,2019-05-03 01:13:10,btc,0.0953976503951408,0.0,0.00000001,btc,5037.62507334,0.0,0.0001,131
1,[],4,[],2019-06-17 14:32:42,4848.49465417,0.00007919,0.00000000735785966,7740163,2019-06-17 14:32:42,btc,0.9905723729472744,0.0,0.00007919,btc,202.13055914,0.0,0.0061509344290166,135
1,[],3,[],2019-06-05 06:33:11,40600.27748212,0.00000001,0.000000000000779096,7740019,2019-06-05 06:33:11,btc,0.2308097808993716,2146378.52189,0.00000001,btc,2477992.76904676,0.0,0.0004060027748212,136
1,[],4,[],2019-06-27 19:59:50,243463.80846653,0.00000135,0.00000000014778179999999998,7772391,2019-06-27 19:59:50,btc,112.43279297822774,0.0,0.00000135,btc,502037.63158922,0.0444704,0.278232271285616,137
1,[],12,[],2019-06-27 19:59:51,62839.04501025,0.0000015000000000000000380012861456169304119612206704914569854736328125,0.000000000164202,7772392,2019-06-27 19:59:51,btc,80.24170049311712,0.0,0.0000015000000000000000380012861456169304119612206704914569854736328125,btc,83236.92097078,0.00013315,0.0092566099999799,137
1,[],17,[],2019-05-03 01:13:16,32967.38636364,0.00000088,0.000000000048224264,7559122,2019-05-03 01:13:16,btc,20.06976206696776,0.0,0.00000088,btc,2746.079105,0.0,0.0105613000000032,142
1,[],4,[],2019-06-27 19:59:52,418595.37158246,0.00001089,0.00000000119210652,7772393,2019-06-27 19:59:52,btc,5.942300588447946,0.0,0.00001089,btc,168486.38244748,0.30673425,0.1562848593789851,142
1,[],5,[],2019-06-27 19:59:53,0.0,0,0,7772394,2019-06-27 19:59:53,btc,0.0,0.05066131,0,btc,0.0,0.0,0.0,142
1,[],20,[],2019-06-27 20:01:55,274422.2336,0.000010133,0.0000000011092392439999999,7772395,2019-06-27 20:01:55,btc,1.6081608300567,0.0,0.000010133,btc,10009.3204,0.0,0.0068022774644,142
1,[],22,[],2019-06-27 20:01:58,10820.0,0.00000600,0.000000000656808,7772396,2019-06-27 20:01:58,BTC,2.99759384,0.0,0.00000600,BTC,835.7198755539798,0.0,0.0053672,142
0.0,[],25,[],2019-06-27 20:02:02,0.0,0,0,7772397,2019-06-27 20:02:02,,0.0,0.0,0.0,btc,0.0,0.0,0.0,142
0,[],28,[],2019-06-27 20:02:04,0.0,0,0,7772398,2019-06-27 20:02:04,,0.0,0.0,0,,0.0,0.0,0.0,142
0,[],22,[],2019-06-27 20:02:07,0.0,0,0,7772399,2019-06-27 20:02:07,,1635.10917276,0.0,0,,700749355.3,0.0,0.0,143
0,[],22,[],2019-02-25 15:42:22,0.0,0,0,6783783,2019-02-25 15:42:22,,4.2131946,0.0,0,,2322156.0,0.0,0.0,146
,[],22,[],2018-11-20 23:01:11,0.0,0,0,4862114,2018-11-20 23:01:11,,2.56807021,0.0,,,61828.4988236,0.0,0.0,147
1,[],12,[],2019-04-21 06:38:04,193091.5971266,0.00000071,0.000000000037635183,7388679,2019-04-21 06:38:04,btc,2.301232411611175,0.0,0.00000071,btc,9957.48302385,0.00023528,0.0313308199999888,148
1,[],4,[],2019-03-19 21:31:25,255810.0415942,0.00000029,0.000000000011615747,6982695,2019-03-19 21:31:25,btc,218.94922712414143,0.0,0.00000029,btc,793529.37642722,0.00117,0.0608347789473395,152
0,[],22,[],2019-03-19 21:31:27,0.0,0,0,6982696,2019-03-19 21:31:27,,0.0,0.0,0,,0.0,0.0,0.0,152
1,[],5,[],2019-04-26 09:36:59,0.0,0,0,7465040,2019-04-26 09:36:59,btc,0.0,0.0,0,btc,0.0,0.0,0.0,153
,[],16,[],2019-01-11 15:38:59,0.0,0,0,6366141,2019-01-11 15:38:59,btc,0.0,0.0,,btc,0.0,0.0,0.0,155
0,[],23,[],2019-01-20 23:24:29,0.0,0,0,6476932,2019-01-20 23:24:29,,0.0,0.0,0,,0.0,0.0,0.0,156
0,[],22,[],2019-06-04 06:02:09,0.0,0,0,7734688,2019-06-04 06:02:09,,7.43375324,0.0,0,,5955762.942592593,0.0,0.0,156
1,[],22,[],2019-06-27 20:02:10,6996.0,0.00000001,0.00000000000109468,7772400,2019-06-27 20:02:10,BTC,1.7543039,0.0,0.00000001,BTC,57.0,0.0,6.996e-05,157
0,[],22,[],2019-05-21 23:40:32,0.0,0,0,7665049,2019-05-21 23:40:32,,50234.60468402,0.0,0,,54786159.03179465,0.0,0.0,158
,[],17,[],2018-11-20 22:56:10,0.0,0,0,4861976,2018-11-20 22:56:10,btc,1.1265625,0.0,,btc,1000.0,0.0,0.0,159
,[],20,[],2018-11-20 22:56:12,0.0,0,0,4861977,2018-11-20 22:56:12,btc,11912.7940471,0.0,,btc,34413894.3617,0.0,0.0,159
1,[],12,[],2019-05-24 02:51:20,9178.522006449999,0.00000191999999999999982841307998027158276954651228152215480804443359375,0.000000000151222656,7676256,2019-05-24 02:51:20,btc,149.80414728631675,0.0,0.00000191999999999999982841307998027158276954651228152215480804443359375,btc,1115.7451448499999,0.01783167678326,0.0120075778999181,168
1,[],17,[],2019-05-03 01:13:36,42852.0,0.00000002,0.000000000001096006,7559132,2019-05-03 01:13:36,btc,0.04279856251542,0.0,0.00000002,btc,274.46171372,0.0,0.00052852,168
1,[],22,[],2019-05-17 03:01:52,10.0,0.00000001,0.000000000000778341,7642059,2019-05-17 03:01:52,BTC,41.95893009,0.0,0.00000001,BTC,1753972.7737547632,0.0,1e-07,169
1,[],22,[],2019-05-30 08:38:18,202834.0,0.00000002,0.0000000000017416160000000001,7711049,2019-05-30 08:38:18,BTC,27.87002826,0.0,0.00000002,BTC,462189.5410507793,0.0,0.00211768,171
1,[],22,[],2019-05-29 08:05:18,349870.0,0.00000002,0.000000000001705894,7705265,2019-05-29 08:05:18,BTC,24.05907723,0.0,0.00000002,"BTC,LTC",1224285.4355616204,0.0,0.0039847,173
1,[],5,[],2019-06-27 20:02:11,0.0,0,0,7772401,2019-06-27 20:02:11,btc,0.0,0.00105249,0,btc,0.0,0.0,0.0,175
1,[],22,[],2019-06-17 14:33:12,90671.0,0.00000001,0.00000000000092914,7740175,2019-06-17 14:33:12,BTC,394.35459412,0.0,0.00000001,BTC,136275.61833431243,0.0,0.00090671,176
0,[],2,[],2019-01-20 23:28:34,0.0,0,0,6477001,2019-01-20 23:28:34,,0.0,0.0,0,,0.0,0.0,0.0,178
1,[],7,[],2019-06-27 20:02:12,0.0,0,0,7772402,2019-06-27 20:02:12,btc,521516.243407432,0.0,0,btc,27713522.85351229,0.0,0.0,178
0,[],22,[],2019-06-27 20:02:15,0.0,0,0,7772403,2019-06-27 20:02:15,,1.00242428,0.0,0,,57512.0,0.0,0.0,178
0,[],23,[],2019-01-20 23:25:08,0.0,0,0,6476952,2019-01-20 23:25:08,,0.0,0.0,0,,0.0,0.0,0.0,179
1,[],5,[],2019-06-27 20:02:17,0.0,0,0,7772404,2019-06-27 20:02:17,btc,0.0,0.00073997,0,btc,0.0,0.0,0.0,179
0,[],22,[],2019-06-27 20:02:19,0.0,0,0,7772405,2019-06-27 20:02:19,,9.34623917,0.0,0,,14491075.311946675,0.0,0.0,179
1,[],17,[],2019-05-03 01:13:56,20504.725000000002,0.0000001,0.00000000000548003,7559141,2019-05-03 01:13:56,btc,5.2010695838400265,0.0,0.0000001,btc,5033.45945,0.0,0.0011504725,180
1,[],22,[],2019-06-27 20:04:23,702008.7363636363,0.0000004,0.0000000000437872,7772406,2019-06-27 20:04:23,BTC,40.60632326,0.0,0.0000004,"BTC,LTC",161189.44444646587,0.00102035,0.56780697,180
1,[],26,[],2019-06-27 20:04:23,0.0,0.00000010,0.0000000000109468,7772407,2019-06-27 20:04:23,btc,0.0,0.0,0.00000010,btc,0.0,0.0,0.0,180
,[],7,[],2018-11-20 22:58:01,562227.975654,0.00000085,0.000000000036176765,4862015,2018-11-20 22:58:01,btc,21836.6059674,2491.87645172,,btc,749999.041456,0.00211021,0.127565380455,183
,[],5,[],2019-01-10 08:11:41,0.0,0,0,6347036,2019-01-10 08:11:41,btc,82.15055501,0.00261,,btc,1.19002445,0.0,0.0,187
,[],17,[],2018-11-16 20:58:10,4062536.27273,0.00000001,0.000000000000550501,4708775,2018-11-16 20:58:10,btc,3.36492563466,0.195460381006,,"btc,eth",110697919.549,0.0,0.0157628953496,187
1,[],24,[],2019-05-22 21:04:52,0.0,0.000000000014,0.0000000000000010960978,7670219,2019-05-22 21:04:52,btc,0.0,0.0,0.000000000014,btc,0.0,0.0,0.0,187
0,[],22,[],2019-04-25 02:54:07,0.0,0,0,7447896,2019-04-25 02:54:07,,7.54794454,0.0,0,,76361.7243344055,0.0,0.0,191
0,[],22,[],2019-06-17 14:33:34,0.0,0,0,7740182,2019-06-17 14:33:34,,0.0,0.0,0,,0.0,0.0,0.0,197
0,[],23,[],2019-01-20 23:31:41,0.0,0,0,6477079,2019-01-20 23:31:41,,0.0,0.0,0,,0.0,0.0,0.0,199
0,[],22,[],2019-06-27 20:04:26,0.0,0,0,7772408,2019-06-27 20:04:26,,10.58263174,0.0,0,,84280969.0,0.0,0.0,199
1,[],26,[],2019-06-27 20:04:26,0.0,0.00000000,0,7772409,2019-06-27 20:04:26,btc,0.0,0.0,0.00000000,btc,0.0,0.0,0.0,199
0,[],2,[],2019-01-20 23:30:49,0.0,0,0,6477059,2019-01-20 23:30:49,,0.0,0.0,0,,0.0,0.0,0.0,201
1,[],4,[],2019-01-25 15:51:35,2084389.58565343,0.00000936,0.000000000333526752,6499557,2019-01-25 15:51:35,btc,2.0092503037378524,0.0,0.00000936,btc,160195.80207885,0.19272417,1.242687955921835,211
1,[],7,[],2019-06-27 20:04:30,1170054124.6898527,0.00000018,0.00000000001970424,7772410,2019-06-27 20:04:30,btc,1346838.6258339162,0.0,0.00000018,btc,5739479.26464841,0.0,11.954344045954047,212
1,[],12,[],2019-01-25 02:44:32,207462.42853209,0.000001080000000000000035831255497387193287295303889550268650054931640625,0.000000000038610756000000006,6493050,2019-01-25 02:44:32,btc,85023.03793723314,0.0,0.000001080000000000000035831255497387193287295303889550268650054931640625,btc,43675.73520027,0.000146250909087,0.0348620860622024,213
1,[],5,[],2019-05-30 00:07:46,0.0,0,0,7709357,2019-05-30 00:07:46,btc,0.0,0.06425239,0,btc,0.0,0.0,0.0,213
1,[],24,[],2019-05-30 00:07:46,0.0,0.000000399202,0.0000000000344859829346,7709358,2019-05-30 00:07:46,btc,0.0,0.0,0.000000399202,btc,0.0,0.0,0.0,213
1,[],26,[],2019-05-30 00:07:47,0.0,0.00000040,0.000000000034554919999999996,7709359,2019-05-30 00:07:47,btc,0.0,0.0,0.00000040,btc,0.0,0.0,0.0,213
0,[],22,[],2019-06-27 20:04:32,0.0,0,0,7772411,2019-06-27 20:04:32,,9.56923849,0.0,0,,3661587.2040649247,0.0,0.0,216
0,[],27,[],2019-06-27 20:04:42,0.0,0,0,7772412,2019-06-27 20:04:42,,1949.4789598191976,0.0,0,"btc,ltc",458700.29534794,0.0,0.0,216
1,[],22,[],2019-06-27 20:04:46,911796.619047619,0.00000024,0.00000000002627232,7772413,2019-06-27 20:04:46,BTC,12055.85416074,0.0,0.00000024,BTC,535200.7178421671,0.00510216,0.02987671,217
1,[],7,[],2019-06-27 19:02:35,0.0,0,0,7772298,2019-06-27 19:02:35,btc,2123800.2774640615,0.0,0,btc,82333746.4752352,0.0,0.0,219
0,[],27,[],2019-06-27 20:04:54,0.0,0,0,7772414,2019-06-27 20:04:54,,250.21442758069674,0.0,0,btc,146772.535837,0.0,0.0,219
0,[],28,[],2019-06-27 20:04:56,0.0,0,0,7772415,2019-06-27 20:04:56,,0.0,0.0,0,,0.0,0.0,0.0,219
0,[],22,[],2019-06-26 23:36:41,0.0,0,0,7769178,2019-06-26 23:36:41,,56.75439223,0.0,0,,184664.6482738741,0.0,0.0,221
1,[],24,[],2019-06-26 23:36:41,0.0,0.000000030000,0.000000000003835668,7769179,2019-06-26 23:36:41,btc,0.0,0.0,0.000000030000,btc,0.0,0.0,0.0,221
1,[],20,[],2019-06-17 14:34:11,26882155.8301,0.000000003,0.000000000000278742,7740192,2019-06-17 14:34:11,btc,100050.81956632523,233521.3529,0.000000003,btc,38769742.8604,0.0007925640587,0.0306863532672,224
0,[],22,[],2019-06-17 14:34:13,0.0,0,0,7740193,2019-06-17 14:34:13,,0.0,0.0,0,,0.0,0.0,0.0,224
1,[],26,[],2019-06-27 20:04:56,0.0,0.00000022,0.00000000002408296,7772416,2019-06-27 20:04:56,btc,0.0,0.0,0.00000022,btc,0.0,0.0,0.0,231
1,[],26,[],2019-06-27 20:04:56,0.0,0.00000005,0.0000000000054734,7772417,2019-06-27 20:04:56,btc,0.0,0.0,0.00000005,btc,0.0,0.0,0.0,234
0.0000000002662332,[],27,[],2019-06-27 20:05:07,100.0,2.662332e-18,2.91440159376e-22,7772418,2019-06-27 20:05:07,eth,0.0,0.0,0.00000001,"btc,eth",0.0,0.0,2.662332e-16,234
1,[],4,[],2019-05-22 17:06:12,91780.56053785,0.00000078,0.000000000061977552,7669277,2019-05-22 17:06:12,btc,5.573372450018177,0.0,0.00000078,btc,729173.93529783,0.0,0.0307060663355679,236
1,[],24,[],2019-05-22 17:06:12,0.0,0.000000010000,0.000000000000794584,7669278,2019-05-22 17:06:12,btc,0.0,0.0,0.000000010000,btc,0.0,0.0,0.0,236
1,[],5,[],2019-06-27 20:05:08,0.0,0,0,7772419,2019-06-27 20:05:08,btc,0.0,0.71147492,0,btc,0.0,0.0,0.0,237
1,[],20,[],2019-06-27 20:05:11,123671659.2361,0.000000063,0.000000000006896484,7772420,2019-06-27 20:05:11,btc,8172548.817931799,19236894.4828,0.000000063,btc,45726794.1969,1.2593864941952,0.6185560047454,237
1,[],22,[],2019-06-27 20:05:15,2084614.0,0.00000004,0.00000000000437872,7772421,2019-06-27 20:05:15,BTC,1.20112188,0.0,0.00000004,"BTC,LTC",14507.148717948718,0.0,0.02587451,237
1,[],4,[],2019-06-27 20:05:16,31900535.68710012,0.00000006,0.00000000000656808,7772422,2019-06-27 20:05:16,btc,2.518998637267642,0.0,0.00000006,btc,10798866.62225726,0.05477325,0.5557600903383241,238
1,[],5,[],2019-06-27 20:05:17,0.0,0,0,7772423,2019-06-27 20:05:17,btc,0.0,0.0160438,0,btc,0.0,0.0,0.0,238
0,[],22,[],2019-03-12 16:49:32,0.0,0,0,6914458,2019-03-12 16:49:32,,0.40415746,0.0,0,,526736.5639027493,0.0,0.0,249
0,[],22,[],2019-05-28 23:53:45,0.0,0,0,7703643,2019-05-28 23:53:45,,13.44714864,0.0,0,,43777534.3426455,0.0,0.0,252
0,[],28,[],2019-06-27 20:05:19,0.0,0,0,7772424,2019-06-27 20:05:19,,0.0,0.0,0,,0.0,0.0,0.0,256
1,[],22,[],2019-06-27 20:05:24,532932.0,0.00000001,0.00000000000109468,7772425,2019-06-27 20:05:24,BTC,31464.57209997,0.0,0.00000001,"BTC,LTC",1031955.2230878276,0.00016262,0.00772932,258
1,[],22,[],2019-05-19 18:12:02,400.0,0.00000001,0.0000000000007957800000000001,7653905,2019-05-19 18:12:02,BTC,2.415167,0.0,0.00000001,BTC,157.0,0.0,4e-06,259
1,[],5,[],2019-06-27 20:05:25,0.0,0,0,7772426,2019-06-27 20:05:25,btc,0.0,0.00067481,0,btc,0.0,0.0,0.0,264
1,[],20,[],2019-06-27 20:05:27,933169.8188,0.000000175,0.0000000000191569,7772427,2019-06-27 20:05:27,btc,1.0498039366657,444.8728,0.000000175,btc,33665.6188,7.785274e-05,0.0053670801894,264
0,[],22,[],2019-04-12 17:57:27,0.0,0,0,7278186,2019-04-12 17:57:27,,66.37522201,0.0,0,,677842.4169881374,0.0,0.0,271
0,[],22,[],2019-06-27 20:05:29,0.0,0,0,7772428,2019-06-27 20:05:29,,33050469.74148113,0.0,0,,14261527780.7,0.0,0.0,272
0,[],28,[],2019-06-27 20:05:31,0.0,0,0,7772429,2019-06-27 20:05:31,,0.0,0.0,0,,0.0,0.0,0.0,272
1,[],22,[],2019-05-23 07:12:29,219930.0,0.00000004,0.000000000003048688,7671985,2019-05-23 07:12:29,BTC,426.77835217,0.0,0.00000004,BTC,248664.3325962929,0.0,0.00739728,281
0.000000000106251,[],22,[],2019-06-27 20:05:34,4541.1,1.06251e-16,1.1631084468e-20,7772430,2019-06-27 20:05:34,LTC,4.68209303,0.0,0.00000100,LTC,1115887.7657646376,0.0,0.0045411,286
0,[],22,[],2019-06-17 14:34:53,0.0,0,0,7740207,2019-06-17 14:34:53,,7337915.80475575,0.0,0,,2078527309.6797826,0.0,0.0,294
