pairValue,buyBook,exchangeId,sellBook,updated,buyTotal,satoshiPrice,usdPrice,exchangeLogId,created,bestPair,sellTotalBtc,volume,pairPrice,activePairs,sellTotal,volumeBtc,buyTotalBtc,coinId
0,[],2,[],2019-01-20 23:28:45,0.0,0,0,6477011,2019-01-20 23:28:45,,0.0,0.0,0,,0.0,0.0,0.0,1
1,[],3,[],2019-03-10 20:15:01,30543.44470772085,0.012539450000000000595701266092873993329703807830810546875,0.00000048881785568,6897110,2019-03-10 20:15:01,btc,61.14075631712065,0.0,0.012539450000000000595701266092873993329703807830810546875,btc,27.396964593765,0.0,0.293409443787616,1
1,[],4,[],2019-03-10 20:15:01,207747.40416738,0.01294439,0.000000504603388736,6897111,2019-03-10 20:15:01,btc,10.008905138810517,0.0,0.01294439,btc,330.36048727,0.53261199,1.047034799887176,1
1,[],5,[],2019-03-10 20:15:05,0.0,0,0,6897112,2019-03-10 20:15:05,btc,0.0,0.01727223,0,btc,0.0,0.0,0.0,1
1,[],10,[],2019-03-10 20:15:07,413918.7326906,0.01051976,0.000000410085492224,6897113,2019-03-10 20:15:07,btc,6521.963286087049,1996.52867922,0.01051976,btc,1078.38779991,0.0,5.003573674426146,1
1,[],12,[],2019-03-10 20:15:11,108.08210504,0.01254000000000000079880546621780013083480298519134521484375,0.000000488839296,6897114,2019-03-10 20:15:11,btc,0.30072739795270004,0.0,0.01254000000000000079880546621780013083480298519134521484375,btc,22.559597370000002,0.084648038183,0.3666875887347,1
1,[],20,[],2019-03-10 20:15:13,1152.475,0.010500222,0.0000004093238540928,6897115,2019-03-10 20:15:13,btc,0.0554564832443,0.0,0.010500222,btc,2.4799,0.0,0.0959563103421,1
1,[],21,[],2019-03-10 20:15:14,2426.51437585,0.01258626000000000015599521674,0.000000490642621824,6897116,2019-03-10 20:15:14,btc,25.077821548998298,1844.48373035,0.01258626000000000015599521674403149518184363842010498046875,"btc,eth",2794.15381435,21.382706008538186,22.574865303770096,1
1,[],22,[],2019-03-10 20:15:19,0.0059712,0.01250000,0.00000048728,6897117,2019-03-10 20:15:19,BTC,0.31439419,0.0,0.01250000,BTC,0.12751438772928525,0.0,7.464e-05,1
1,[],24,[],2019-03-10 20:15:19,0.0,0.000000000000,0,6897118,2019-03-10 20:15:19,btc,0.0,0.0,0.000000000000,btc,0.0,0.0,0.0,1
0.0,[],25,[],2019-03-10 20:15:20,0.0,0,0,6897119,2019-03-10 20:15:20,btc,16.404699998799536,35.2695474,0.0,btc,1261.94323677,0.4525,0.0,1
1,[],26,[],2019-03-10 20:15:38,0.0,0,0,6897120,2019-03-10 20:15:38,,0.0,0.0,0,,0.0,0.0,0.0,1
1,[],28,[],2019-03-10 20:15:44,992.9,0.01231000,0.000000479873344,6897121,2019-03-10 20:15:44,btc,0.147901439075,17698.4549,0.01231000,btc,7.9421,0.0,0.086101096,1
1,[],5,[],2019-03-10 19:19:57,0.0,0,0,6896929,2019-03-10 19:19:57,btc,0.0,0.00530856,0,btc,0.0,0.0,0.0,2
0,[],22,[],2019-03-10 19:20:00,0.0,0,0,6896930,2019-03-10 19:20:00,,0.0,0.0,0,,0.0,0.0,0.0,2
1,[],5,[],2019-03-10 19:20:02,0.0,0,0,6896931,2019-03-10 19:20:02,btc,0.0,0.74671476,0,btc,0.0,0.0,0.0,3
1,[],12,[],2019-03-10 19:20:03,1953635.35597,0.00000018,0.000000000007025058,6896932,2019-03-10 19:20:03,btc,22810.260673286506,0.0,0.00000018,btc,989165.29532495,0.04277742042704068,0.2844057400746,3
0,[],28,[],2019-03-10 19:20:09,0.0,0,0,6896933,2019-03-10 19:20:09,,0.0,0.0,0,,0.0,0.0,0.0,3
0,[],2,[],2019-01-20 23:31:32,0.0,0,0,6477077,2019-01-20 23:31:32,,0.0,0.0,0,,0.0,0.0,0.0,4
1,[],4,[],2019-03-09 19:03:36,394362.28616607,0.00000032,0.000000000012569280000000001,6889097,2019-03-09 19:03:36,btc,32.15548375957025,0.0,0.00000032,btc,707361.31512647,0.00109114,0.0476374485302292,4
1,[],12,[],2019-03-10 20:15:46,463807.0,0.00000002,0.000000000000779648,6897122,2019-03-10 20:15:46,btc,1111742.13442763,0.0,0.00000002,btc,570645.0,0.0,0.0067358800000000005,5
0,[],2,[],2019-01-20 23:31:51,0.0,0,0,6477087,2019-01-20 23:31:51,,0.0,0.0,0,,0.0,0.0,0.0,6
1,[],11,[],2019-03-10 20:15:48,4629050.6305,0.00000002,0.000000000000779648,6897123,2019-03-10 20:15:48,btc,9568.121153241884,132928.0,0.00000002,btc,42498801.853213936,0.0,0.06005584761,6
1,[],3,[],2019-03-10 20:15:49,1088.783394367546,0.0001545100000000000097476193783307962803519330918788909912109375,0.0000000060231706240000005,6897124,2019-03-10 20:15:49,btc,29.634085403952064,0.0,0.0001545100000000000097476193783307962803519330918788909912109375,btc,239.122414578101,0.0,0.03449805818649177,7
1,[],4,[],2019-03-10 20:15:50,95483.00414418,0.00023993,0.000000009353047232,6897125,2019-03-10 20:15:50,btc,10.562581868496174,0.0,0.00023993,btc,35921.93587787,5.47454826,5.915311686676882,7
1,[],5,[],2019-03-10 20:15:52,0.0,0,0,6897126,2019-03-10 20:15:52,btc,0.0,0.68483939,0,btc,0.0,0.0,0.0,7
1,[],20,[],2019-02-20 02:16:17,39399275.8418,0.000000001,0.0000000000000390183,6728586,2019-02-20 02:16:17,btc,116.9737569154545,525.0,0.000000001,btc,56932965.8895,5.25e-07,0.0393992758418,8
0,[],2,[],2019-01-20 23:22:42,0.0,0,0,6476876,2019-01-20 23:22:42,,0.0,0.0,0,,0.0,0.0,0.0,9
0,[],23,[],2019-01-20 23:22:48,0.0,0,0,6476878,2019-01-20 23:22:48,,0.0,0.0,0,,0.0,0.0,0.0,9
1,[],1,[],2019-02-17 23:31:42,1822507.21,0.00000181000000000000003456111265232042484285557293333113193511962890625,0.000000000066086901,6701244,2019-02-17 23:31:42,btc,3.6990969245,17153386.5,0.00000181000000000000003456111265232042484285557293333113193511962890625,btc,1997391.71,31.11772986,3.2610482446,9
1,[],4,[],2019-03-10 20:15:53,1185016.28233475,0.00000142,0.000000000055355008,6897127,2019-03-10 20:15:53,btc,5.386630616374602,0.0,0.00000142,btc,2870495.3906094,0.90562778,0.8807091558810427,9
1,[],28,[],2019-03-10 20:16:01,37353.0,0.00000165,0.00000000006432096,6897128,2019-03-10 20:16:01,btc,2708.782203270583,3585193.71,0.00000165,btc,24261.1497,0.0,0.0328195,9
1,[],4,[],2019-02-17 11:22:43,4341674.27126056,0.00000002,0.0000000000007272960000000001,6696112,2019-02-17 11:22:43,btc,0.1997230937751353,0.0,0.00000002,btc,4109766.79808031,0.00215132,0.0479381022052112,10
0,[],2,[],2019-01-20 23:23:08,0.0,0,0,6476890,2019-01-20 23:23:08,,0.0,0.0,0,,0.0,0.0,0.0,12
1,[],4,[],2019-03-10 20:16:02,5712783.29731213,0.00000120,0.00000000004677888,6897129,2019-03-10 20:16:02,btc,8.564919591084836,0.0,0.00000120,btc,4857194.03463126,0.65632421,3.2085128275598724,12
1,[],5,[],2019-03-10 20:16:04,0.0,0,0,6897130,2019-03-10 20:16:04,btc,0.0,0.17579594,0,btc,0.0,0.0,0.0,12
0.0,[],25,[],2019-03-10 20:16:05,0.0,0,0,6897131,2019-03-10 20:16:05,,0.0,0.0,0.0,btc,0.0,0.0,0.0,12
1,[],10,[],2019-03-10 19:20:35,393816.94681559,0.00000593,0.000000000231436633,6896945,2019-03-10 19:20:35,btc,666801.3198169095,11097.2202882,0.00000593,btc,716793.02367248,0.0,0.2422226369546624,13
1,[],4,[],2019-03-10 20:16:06,32062607.87266978,0.00000600,0.0000000002338944,6897132,2019-03-10 20:16:06,btc,2.768551724745922,0.0,0.00000600,btc,374802.06672747,0.31867301,1.4693579510859978,13
1,[],21,[],2019-03-10 20:16:10,826225.2644065,0.000006029999999999999864773968239,0.00000000023506387199999997,6897133,2019-03-10 20:16:10,btc,5.951090239813782,672376.09843142,0.000006029999999999999864773968238917944972854456864297389984130859375,btc,886276.42546242,4.01983017,4.510576251909417,13
1,[],4,[],2019-03-10 20:16:11,730785.26779667,0.00000135,0.00000000005262624,6897134,2019-03-10 20:16:11,btc,6.494935634779975,0.0,0.00000135,btc,868147.20964226,0.00987832,0.151530657538085,14
1,[],12,[],2019-03-10 20:16:13,269837.0,0.000001300000000000000047051663780439678674838432925753295421600341796875,0.00000000005067712,6897135,2019-03-10 20:16:13,btc,0.1049371757335292,0.0,0.000001300000000000000047051663780439678674838432925753295421600341796875,btc,8933.3993133,8.44215784215e-05,0.03003106,14
0,[],17,[],2019-03-10 20:16:15,0.0,0,0,6897136,2019-03-10 20:16:15,btc,0.0,0.0,0,btc,0.0,0.0,0.0,14
1,[],26,[],2019-03-10 20:16:15,0.0,0.00000050,0.0000000000194912,6897137,2019-03-10 20:16:15,btc,0.0,0.0,0.00000050,btc,0.0,0.0,0.0,14
,[],12,[],2018-12-01 15:15:48,204241.84496,0.00000489,0.000000000202473384,5260204,2018-12-01 15:15:48,btc,49.5475654835,0.0,,btc,35763.2193806,0.0163153972027625,0.0203389899998,15
0,[],4,[],2019-03-10 20:16:16,0.0,0,0,6897138,2019-03-10 20:16:16,,0.0,0.0,0,,0.0,0.0,0.0,15
0,[],2,[],2019-01-20 23:23:38,0.0,0,0,6476906,2019-01-20 23:23:38,,0.0,0.0,0,,0.0,0.0,0.0,18
1,[],4,[],2019-03-10 20:16:17,36437.09725856,0.00001699,0.000000000662310976,6897139,2019-03-10 20:16:17,btc,4.1727682656323255,0.0,0.00001699,btc,17720.74366647,0.04497904,0.1435862015847688,18
1,[],10,[],2019-03-10 20:16:19,792016.06732005,0.00001713,0.000000000667768512,6897140,2019-03-10 20:16:19,btc,15.319298404661867,1989.76889379,0.00001713,btc,9746.18083521,0.0,0.2666932819136935,18
1,[],12,[],2019-03-10 20:16:21,367321.07689252,0.00001709999999999999890855535700229239637337741442024707794189453125,0.0000000006665990399999999,6897141,2019-03-10 20:16:21,btc,33214.722642562054,0.0,0.00001709999999999999890855535700229239637337741442024707794189453125,btc,566.95104119,0.0063240057666738,0.0397133024508126,18
0,[],17,[],2019-03-10 20:16:22,0.0,0,0,6897142,2019-03-10 20:16:22,btc,0.0,0.0,0,btc,0.0,0.0,0.0,18
0,[],2,[],2019-01-20 23:24:19,0.0,0,0,6476924,2019-01-20 23:24:19,,0.0,0.0,0,,0.0,0.0,0.0,19
1,[],3,[],2019-03-10 20:16:23,117275.26001736578,0.00001817000000000000052243799564255510858856723643839359283447265625,0.000000000708310208,6897143,2019-03-10 20:16:23,btc,0.5176006915835822,10.8220858896,0.00001817000000000000052243799564255510858856723643839359283447265625,btc,9394.208834904759,0.0,0.015714367498846176,19
1,[],4,[],2019-03-10 20:16:24,241641.80939802,0.00002089,0.000000000814342336,6897144,2019-03-10 20:16:24,btc,3.0579173100642816,0.0,0.00002089,btc,90396.72326467,0.33875519,2.599430260795748,19
1,[],5,[],2019-03-10 20:16:25,0.0,0,0,6897145,2019-03-10 20:16:25,btc,0.0,0.00223967,0,btc,0.0,0.0,0.0,19
1,[],12,[],2019-03-10 20:16:26,170999.38152573,0.00001646999999999999985821237669103567213824135251343250274658203125,0.000000000642040128,6897146,2019-03-10 20:16:26,btc,0.2086312063880158,0.0,0.00001646999999999999985821237669103567213824135251343250274658203125,btc,362.56500624,6.35364636e-05,0.0293093499998577,19
0,[],27,[],2019-03-10 20:16:30,0.0,0,0,6897147,2019-03-10 20:16:30,,0.0,0.0,0,btc,0.0,0.0,0.0,19
1,[],4,[],2019-03-10 20:16:31,2769050.98210011,0.00000012,0.000000000004677888,6897148,2019-03-10 20:16:31,btc,7.383042289760813,0.0,0.00000012,btc,2876583.25385408,0.00047882,0.0766587845231285,20
0,[],17,[],2019-03-10 19:21:19,0.0,0,0,6896963,2019-03-10 19:21:19,btc,0.0,0.0,0,btc,0.0,0.0,0.0,21
1,[],4,[],2019-03-10 20:16:32,103616191.22647026,0.00000002,0.000000000000779648,6897149,2019-03-10 20:16:32,btc,1858.133179109871,0.0,0.00000002,btc,54105420.3328267,0.00399204,1.1590642676500456,21
1,[],12,[],2019-03-10 20:16:33,1409508.0,0.00000001,0.000000000000389824,6897150,2019-03-10 20:16:33,btc,1247.5223031695405,0.0,0.00000001,btc,2699034.97702298,0.0004995,0.014095080000000001,21
0,[],27,[],2019-03-10 20:16:42,0.0,0,0,6897152,2019-03-10 20:16:42,,13.821146136593411,0.0,0,eth,4599354.35514486,0.0,0.0,23
1,[],12,[],2019-03-10 20:16:39,2439571426.0,0.0000000001,0.00000000000000389824,6897151,2019-03-10 20:16:39,btc,1933666.2124240887,0.0,0.0000000001,btc,1678032203.6357532,0.01586252860409591,0.2439571426,23
1,[],4,[],2019-03-10 20:16:43,583504.58471711,0.00000046,0.000000000017931904,6897153,2019-03-10 20:16:43,btc,9.648872305460706,0.0,0.00000046,btc,1623403.20431167,0.01035634,0.153965691484653,24
1,[],22,[],2019-03-10 20:16:48,11.76,0.00000100,0.0000000000389824,6897154,2019-03-10 20:16:48,BTC,7.415e-05,0.0,0.00000100,BTC,23.919354838709676,0.0,1.176e-05,24
0.0,[],25,[],2019-03-10 20:16:49,0.0,0,0,6897155,2019-03-10 20:16:49,,0.0,0.0,0.0,btc,0.0,0.0,0.0,24
1,[],4,[],2019-03-10 20:16:50,26582101.04490688,0.00000630,0.00000000024558912,6897156,2019-03-10 20:16:50,btc,112.02438914968859,0.0,0.00000630,btc,253000.43121204,0.1775114,0.4681794387332815,26
1,[],10,[],2019-03-10 20:16:52,686097.89861326,0.00000601,0.000000000234284224,6897157,2019-03-10 20:16:52,btc,26.127612156556978,4348.44222429,0.00000601,btc,14082.23878667,0.0,0.2137617411445378,26
0,[],2,[],2019-01-20 23:25:56,0.0,0,0,6476976,2019-01-20 23:25:56,,0.0,0.0,0,,0.0,0.0,0.0,26
1,[],3,[],2019-03-10 20:16:54,8416897.19501412,0.00000001,0.000000000000389824,6897158,2019-03-10 20:16:54,btc,2.2773748531082942,21686.0,0.00000001,btc,18000589.55057187,0.0,0.0841689719501412,27
1,[],5,[],2019-03-10 20:16:56,0.0,0,0,6897159,2019-03-10 20:16:56,btc,0.0,0.00012686,0,btc,0.0,0.0,0.0,27
1,[],11,[],2019-03-10 20:16:57,9461840.38103613,0.00000005,0.0000000000019491199999999997,6897160,2019-03-10 20:16:57,btc,67506.32843704063,170.63047893,0.00000005,btc,7972152.75036371,0.0,0.44099231334143857,27
1,[],4,[],2019-03-10 20:16:58,2249601550.9903107,0.00000001,0.000000000000389824,6897161,2019-03-10 20:16:58,btc,3.2480355141969603,0.0,0.00000001,"btc,ltc",222636381.85629824,0.30388483,10.400837646705112,29
1,[],7,[],2019-03-10 20:16:59,35581800.51580551,0.00000001,0.000000000000389824,6897162,2019-03-10 20:16:59,btc,44461616.564258456,10442.6147705,0.00000001,btc,46767755.62435615,0.0,0.3558180051580551,29
1,[],4,[],2019-03-10 20:17:00,2367794.2291919,0.00000023,0.000000000008965952,6897163,2019-03-10 20:17:00,btc,2.643994077946437,0.0,0.00000023,btc,1982223.01792593,0.00866531,0.107556504369962,30
0,[],17,[],2019-03-10 19:21:41,0.0,0,0,6896977,2019-03-10 19:21:41,btc,0.0,0.0,0,btc,0.0,0.0,0.0,30
1,[],4,[],2019-03-10 20:17:02,182444.07817571,0.00005785,0.0000000022551318399999998,6897164,2019-03-10 20:17:02,btc,10.33344254225307,0.0,0.00005785,btc,125585.97227393,0.94617847,1.8800886029591513,31
1,[],21,[],2019-03-10 20:17:03,110768.0141253,0.00005796000000000000072298070308,0.0000000022594199039999998,6897165,2019-03-10 20:17:03,btc,4.625287172493986,200748.16990139,0.0000579600000000000007229807030828538927380577661097049713134765625,btc,71627.78524428,11.50285509,6.024839694953381,31
0,[],2,[],2019-01-20 23:28:43,0.0,0,0,6477009,2019-01-20 23:28:43,,0.0,0.0,0,,0.0,0.0,0.0,32
1,[],4,[],2019-03-10 20:17:04,422452231.04776233,0.00000004,0.000000000001559296,6897166,2019-03-10 20:17:04,btc,9.571455619126741,0.0,0.00000004,"btc,ltc",184685528.2745366,0.13331528,10.129049250122062,33
1,[],12,[],2019-03-10 20:17:05,25648830.961,0.00000004,0.000000000001559296,6897167,2019-03-10 20:17:05,btc,2432944.449953978,0.0,0.00000004,btc,16016825.9580419,0.031470098401599,0.5929965688,33
1,[],4,[],2019-03-10 20:17:05,110745612.84842524,0.00000001,0.000000000000389824,6897168,2019-03-10 20:17:05,btc,3.400758206366073,0.0,0.00000001,btc,96373574.88757707,0.04700236,1.1074561284842523,34
1,[],5,[],2019-03-10 20:17:06,0.0,0,0,6897169,2019-03-10 20:17:06,btc,0.0,0.05057416,0,btc,0.0,0.0,0.0,34
0.000000000144061,[],4,[],2019-03-10 20:17:07,3506140144.0370126,1.44061e-18,5.6158435264e-23,6897170,2019-03-10 20:17:07,ltc,4.17984104808591e-08,0.0,0.00000001,ltc,6362397395.062313,0.0,5.050980552901161e-09,36
1,[],5,[],2019-03-10 20:17:09,0.0,0,0,6897171,2019-03-10 20:17:09,btc,0.0,0.0,0,btc,0.0,0.0,0.0,36
0.0000000003450433,[],27,[],2019-03-10 20:17:23,1088163.16325,3.4504330000000002e-18,1.345061593792e-22,6897172,2019-03-10 20:17:23,eth,222.5593908357632,1836.83675,0.00000001,"ltc,eth",11165406.63658689,6.338445421e-15,1.6976015638621872e-12,36
0,[],17,[],2019-03-10 18:27:19,0.0,0,0,6896806,2019-03-10 18:27:19,btc,0.0746458232965017,0.0,0,btc,4103573.70243647,0.0,0.0,36
1,[],4,[],2019-03-10 20:17:24,244585.68407836,0.00000059,0.000000000022999616,6897173,2019-03-10 20:17:24,btc,19772.48363013499,0.0,0.00000059,btc,569619.69391943,0.00573245,0.1050934873625088,37
1,[],12,[],2019-03-10 20:17:25,457085.1577959,0.0000006,0.00000000002338944,6897174,2019-03-10 20:17:25,btc,9.752694921154413,0.0,0.0000006,btc,298128.79694709,0.0562453375380005,0.107394039999991,37
1,[],17,[],2019-03-10 20:17:36,1752.74075282,0.00000025,0.0000000000097456,6897175,2019-03-10 20:17:36,btc,0.055484923777095005,0.0,0.00000025,btc,1319.19918473,0.0,0.00043818518820499993,37
1,[],27,[],2019-03-10 20:17:38,14685.567,0.00000045,0.00000000001754208,6897176,2019-03-10 20:17:38,btc,24.25536383611233,0.0,0.00000045,btc,6518.38138508,0.0,0.00480032515,37
1,[],5,[],2019-03-10 20:17:40,0.0,0,0,6897177,2019-03-10 20:17:40,btc,0.0,0.08020274,0,btc,0.0,0.0,0.0,42
1,[],12,[],2019-03-10 20:17:41,255261.14159855,0.00000091,0.000000000035473984,6897178,2019-03-10 20:17:41,btc,5.3425289603248425,0.0,0.00000091,btc,34418.95081055,0.0136773612861254,0.0194689999999451,42
0.0000000003450433,[],27,[],2019-03-10 20:17:44,2000.0,3.4504330000000002e-18,1.345061593792e-22,6897179,2019-03-10 20:17:44,eth,0.00315028,0.0,0.00000001,"btc,eth",11.007,0.0,6.900866e-15,42
1,[],5,[],2019-03-10 20:17:45,0.0,0,0,6897180,2019-03-10 20:17:45,btc,0.0,0.01156911,0,btc,0.0,0.0,0.0,43
1,[],12,[],2019-03-10 20:17:47,1721333.0,0.00000001,0.000000000000389824,6897181,2019-03-10 20:17:47,btc,1.8637358696003998,0.0,0.00000001,btc,4605824.98001999,2.498401598e-07,0.01721333,43
0,[],17,[],2019-03-10 18:27:38,0.0,0,0,6896817,2019-03-10 18:27:38,btc,0.0,0.0,0,btc,0.0,0.0,0.0,43
1,[],12,[],2019-03-05 01:54:08,639326.02,0.00000004,0.000000000001486676,6845775,2019-03-05 01:54:08,btc,11116042.728239931,0.0,0.00000004,btc,1103841.4595604,0.0003330765234764,0.014975410599999999,44
1,[],4,[],2019-03-10 20:17:59,297760856.1007947,0.00000002,0.000000000000779648,6897182,2019-03-10 20:17:59,btc,473.7545894298343,0.0,0.00000002,"btc,ltc",12072963.31117067,0.08610245,0.261619791260524,49
0.000000000144061,[],4,[],2019-03-10 20:18:00,670582856.852098,1.44061e-18,5.6158435264e-23,6897183,2019-03-10 20:18:00,ltc,25.93605946661743,0.0,0.00000001,ltc,10702171841.490736,0.0,9.66048369409701e-10,52
0.000000000123641,[],22,[],2019-03-10 20:18:05,80666418.0,9.89128e-18,3.85585833472e-22,6897184,2019-03-10 20:18:05,XMR,4367.73467263,0.0,0.00000008,XMR,265338878.67882353,2.6144136732e-13,0.8080541,57
0.0000000003450433,[],27,[],2019-03-10 20:18:08,2000.0,3.4504330000000002e-18,1.345061593792e-22,6897185,2019-03-10 20:18:08,eth,0.0,0.0,0.00000001,"btc,eth",0.0,0.0,6.900866e-15,57
0.000000000144061,[],4,[],2019-03-10 20:18:09,483217789.30196166,2.88122e-18,1.12316870528e-22,6897186,2019-03-10 20:18:09,ltc,18.807189046966023,0.0,0.00000002,ltc,4752527074.700396,0.0,8.630672358977849e-10,58
1,[],12,[],2019-03-10 20:18:10,1183019042.0,0.0000000003,0.00000000000001169472,6897187,2019-03-10 20:18:10,btc,2911896.6760502197,0.0,0.0000000003,btc,1808313688.6273725,0.025515263389610396,0.3036268315,58
0,[],17,[],2019-03-10 20:18:12,0.0,0,0,6897188,2019-03-10 20:18:12,btc,1e+24,0.0,0,btc,49306342.21952568,0.0,0.0,58
0.000000000123641,[],22,[],2019-03-10 20:18:16,137438.0,1.23641e-18,4.8198229184e-23,6897189,2019-03-10 20:18:16,XMR,69.8835922,0.0,0.00000001,XMR,9887963.0,0.0,0.00137438,58
1,[],5,[],2019-03-10 20:18:19,0.0,0,0,6897190,2019-03-10 20:18:19,btc,0.0,0.00238889,0,btc,0.0,0.0,0.0,61
1,[],22,[],2019-03-10 20:18:23,13757.0,0.00000012,0.000000000004677888,6897191,2019-03-10 20:18:23,BTC,1002.2960049,0.0,0.00000012,BTC,14976.68361146909,0.0,0.00154987,61
1,[],26,[],2019-03-10 20:18:23,0.0,0.00000800,0.0000000003118592,6897192,2019-03-10 20:18:23,btc,0.0,0.0,0.00000800,btc,0.0,0.0,0.0,61
1,[],27,[],2019-03-10 20:18:26,4411.22008,0.00000047,0.000000000018321728,6897193,2019-03-10 20:18:26,btc,2.8990263703141324,0.0,0.00000047,"btc,eth",19485.01257617,0.0,0.0012437599595022223,61
1,[],28,[],2019-03-10 20:18:32,13880.304,0.0000005,0.0000000000194912,6897194,2019-03-10 20:18:32,btc,2.056312978300105,2328.2744,0.0000005,btc,9730.59500005,0.0,0.00566391304,61
1,[],4,[],2019-03-10 20:18:33,1311735.64817587,0.00000210,0.00000000008186304,6897195,2019-03-10 20:18:33,btc,9.085936857195106,0.0,0.00000210,btc,771083.38738384,0.15189662,1.0173418421185032,67
0.0,[],25,[],2019-03-10 20:18:34,0.0,0,0,6897196,2019-03-10 20:18:34,,0.0,0.0,0.0,btc,0.0,0.0,0.0,67
1,[],12,[],2019-03-10 20:18:36,281925.74686102,0.00000027,0.000000000010525248,6897197,2019-03-10 20:18:36,btc,1111115.6534235745,0.0,0.00000027,btc,1113646.73967002,0.0029793863306276,0.0575638391883982,71
,[],5,[],2018-11-20 23:02:39,1.5e-07,0.00000005,0.000000000002128045,4862160,2018-11-20 23:02:39,btc,2.84511358,0.0,,btc,0.00036572,0.0,0.07381892,74
1,[],5,[],2019-03-10 20:18:38,0.0,0,0,6897198,2019-03-10 20:18:38,btc,0.0,0.0,0,btc,0.0,0.0,0.0,75
1,[],4,[],2019-03-10 20:18:39,13147768.81424166,0.00000001,0.000000000000389824,6897199,2019-03-10 20:18:39,btc,11388.985544584346,0.0,0.00000001,btc,40019471.49932191,0.0,0.1314776881424166,81
0,[],20,[],2019-01-25 09:30:31,0.0,0,0,6495923,2019-01-25 09:30:31,btc,0.0,0.0,0,btc,0.0,0.0,0.0,81
1,[],4,[],2019-03-10 20:18:41,24081.25969464,0.00007724,0.000000003011000576,6897200,2019-03-10 20:18:41,btc,18.131983680556917,0.0,0.00007724,btc,12450.40128716,0.01574337,0.1088932966952916,82
1,[],21,[],2019-03-10 20:18:42,760849.58795799,0.00007449999999999999482878931811,0.0000000029041887999999997,6897201,2019-03-10 20:18:42,btc,3.743888162528586,4043.36273641,0.00007449999999999999482878931811313805155805312097072601318359375,btc,45115.28350191,0.30133186,2.5824439781159954,82
0,[],17,[],2019-03-10 20:18:44,0.0,0,0,6897202,2019-03-10 20:18:44,btc,0.0447233088476774,0.0,0,btc,999127.19588126,0.0,0.0,84
0.000000000144061,[],4,[],2019-03-10 20:18:45,191834482.33212548,4.32183e-18,1.6847530579199998e-22,6897203,2019-03-10 20:18:45,ltc,1.6956429240722186,0.0,0.00000003,ltc,386785756.47306526,0.0,4.477454304600005e-10,85
,[],22,[],2018-11-20 23:09:34,3408.1,0.0000001,0.0000000000041895,4862324,2018-11-20 23:09:34,BTC,0.04624735,0.0,,BTC,4990.0,0.0,0.00033081,86
1,[],22,[],2019-03-10 20:19:06,123370.0,0.00000005,0.00000000000194912,6897204,2019-03-10 20:19:06,BTC,2.07772327,0.0,0.00000005,BTC,161407.94736842104,0.00045053,0.0019285,87
0,[],27,[],2019-03-10 20:19:09,0.0,0,0,6897205,2019-03-10 20:19:09,,0.0,0.0,0,btc,0.0,0.0,0.0,87
,[],2,[],2018-11-20 23:10:47,0.0,0,0,4862359,2018-11-20 23:10:47,,0.0,0.0,,,0.0,0.0,0.0,88
1,[],11,[],2019-03-10 20:19:11,96575.18146885,0.00014999999999999998685946966947568625982967205345630645751953125,0.000000005847359999999999,6897206,2019-03-10 20:19:11,btc,611.5552492348096,1125.80120606,0.00014999999999999998685946966947568625982967205345630645751953125,btc,97989.8015443,0.0,6.802533787075656,89
0,[],17,[],2019-03-10 18:19:59,0.0,0,0,6896660,2019-03-10 18:19:59,btc,0.0,0.0,0,btc,0.0,0.0,0.0,91
0,[],2,[],2019-01-20 23:31:45,0.0,0,0,6477083,2019-01-20 23:31:45,,0.0,0.0,0,,0.0,0.0,0.0,91
1,[],12,[],2019-03-10 20:19:12,248006.08915898,0.00000098,0.000000000038202751999999994,6897207,2019-03-10 20:19:12,btc,61.09561864714379,0.0,0.00000098,btc,118096.71363931,0.006309652796998,0.0336263864999656,91
1,[],22,[],2019-03-10 20:19:17,65900.0,0.00000001,0.000000000000389824,6897208,2019-03-10 20:19:17,BTC,3e-06,0.0,0.00000001,BTC,1.0,0.0,0.000659,91
0,[],22,[],2019-03-10 20:19:19,0.0,0,0,6897209,2019-03-10 20:19:19,,7.50307462,0.0,0,,70597140.95714286,0.0,0.0,95
0.000000000144061,[],4,[],2019-03-10 20:19:20,646849596.8276336,7.491172e-17,2.920238633728e-21,6897210,2019-03-10 20:19:20,ltc,11.893811362895656,0.0,0.00000052,ltc,136343529.56165135,0.0,1.8032649274394319e-09,96
0,[],12,[],2019-03-10 20:19:22,0.0,0,0,6897211,2019-03-10 20:19:22,btc,10.189514,0.0,0,btc,3026256.0,0.00069907,0.0,96
0,[],17,[],2019-03-10 19:23:39,0.0,0,0,6897025,2019-03-10 19:23:39,btc,0.0,0.0,0,btc,0.0,0.0,0.0,96
1,[],4,[],2019-03-10 20:19:23,1586320.73734391,0.00000022,0.000000000008576128,6897212,2019-03-10 20:19:23,btc,2.46957140348135,0.0,0.00000022,btc,2547870.65001981,0.00935986,0.1247512219589886,99
1,[],4,[],2019-03-10 20:19:24,281750.87733921,0.00003802,0.000000001482110848,6897213,2019-03-10 20:19:24,btc,11.254804402040564,0.0,0.00003802,btc,164264.85557483,1.91798823,1.4266199004814508,100
0,[],2,[],2019-01-20 23:23:55,0.0,0,0,6476914,2019-01-20 23:23:55,,0.0,0.0,0,,0.0,0.0,0.0,100
1,[],22,[],2019-03-10 20:19:28,50000.0,0.00000001,0.000000000000389824,6897214,2019-03-10 20:19:28,BTC,23.49896609,0.0,0.00000001,BTC,10277.22,0.0,0.0005,101
1,[],4,[],2019-03-10 20:19:29,369490.18585188,0.00000085,0.00000000003313504,6897215,2019-03-10 20:19:29,btc,308.06500486224166,0.0,0.00000085,btc,499438.8164034,0.00366413,0.1978159010802497,103
1,[],12,[],2019-03-10 20:19:32,23626788.0,0.000000008,0.0000000000003118592,6897216,2019-03-10 20:19:32,btc,3859732.611702833,0.0,0.000000008,btc,72802810.91912377,0.01354705666740873,0.06327521800000001,105
1,[],27,[],2019-03-10 20:19:33,223920.39,0.00000001,0.000000000000389824,6897217,2019-03-10 20:19:33,btc,36.60591030491341,0.0,0.00000001,btc,1301440.23571724,0.0,0.0022392039,105
1,[],22,[],2019-03-10 20:19:37,9328.0,0.00000001,0.000000000000389824,6897218,2019-03-10 20:19:37,BTC,51.10837004,0.0,0.00000001,BTC,470435.0,0.0,9.328e-05,107
1,[],26,[],2019-03-10 20:19:37,0.0,0.00000000,0,6897219,2019-03-10 20:19:37,btc,0.0,0.0,0.00000000,btc,0.0,0.0,0.0,107
1,[],5,[],2019-03-10 20:19:40,0.0,0,0,6897220,2019-03-10 20:19:40,btc,0.0,0.00053644,0,btc,0.0,0.0,0.0,112
1,[],22,[],2019-03-10 20:19:45,1966.0,0.00000001,0.000000000000389824,6897221,2019-03-10 20:19:45,BTC,2.7975128,0.0,0.00000001,BTC,826524.0833333334,0.0,1.966e-05,112
0.0000000003450433,[],27,[],2019-03-10 20:19:48,2000.0,3.4504330000000002e-18,1.345061593792e-22,6897222,2019-03-10 20:19:48,eth,1.24996908,0.0,0.00000001,"btc,eth",1289.0,0.0,6.900866e-15,112
1,[],4,[],2019-03-10 20:19:49,1304591.62722847,0.00000194,0.000000000075625856,6897223,2019-03-10 20:19:49,btc,72.06514493510102,0.0,0.00000194,btc,371909.68826665,0.01131453,1.001396331925971,113
1,[],5,[],2019-03-10 20:19:51,0.0,0,0,6897224,2019-03-10 20:19:51,btc,0.0,0.0,0,btc,0.0,0.0,0.0,113
0,[],27,[],2019-03-10 20:20:04,0.0,0,0,6897225,2019-03-10 20:20:04,,0.0,0.0,0,btc,0.0,0.0,0.0,116
1,[],17,[],2019-03-09 23:08:14,152738.278,0.00000004,0.0000000000015702200000000001,6890671,2019-03-09 23:08:14,btc,1.3368030274857574,0.0,0.00000004,btc,51896.221,0.0,0.0022095311199999998,116
1,[],4,[],2019-03-10 20:20:06,74853.47765521,0.00002469,0.000000000962475456,6897226,2019-03-10 20:20:06,btc,93.78817963650245,0.0,0.00002469,btc,88092.67730441,2.14056448,0.9939788167817564,120
1,[],7,[],2019-03-10 20:20:08,20847.06907152,0.0000212500000000000015265566588595902430824935436248779296875,0.0000000008283760000000001,6897227,2019-03-10 20:20:08,btc,115648.89480684382,0.0,0.0000212500000000000015265566588595902430824935436248779296875,btc,36709.119221220004,0.0,0.0521476900138631,120
1,[],20,[],2019-03-10 20:20:11,2948267.9662,0.000000034,0.0000000000013254016,6897228,2019-03-10 20:20:11,btc,33.6158441131568,1866.15,0.000000034,btc,1013150.979,6.34491e-05,0.0387656098086,125
1,[],22,[],2019-03-10 20:20:15,3053.0,0.00000001,0.000000000000389824,6897229,2019-03-10 20:20:15,BTC,0.01444887,0.0,0.00000001,BTC,296263.5111111111,0.0,3.053e-05,126
0,[],17,[],2019-03-10 16:27:01,0.0,0,0,6896144,2019-03-10 16:27:01,btc,0.0009561751951600001,0.0,0,btc,35.42829368,0.0,0.0,131
1,[],4,[],2019-03-10 20:20:17,141132.22445315,0.00001302,0.0000000005075508479999999,6897230,2019-03-10 20:20:17,btc,3.5141522923116435,0.0,0.00001302,btc,120980.91421945,0.10398617,0.5936135312806684,131
0,[],2,[],2019-01-20 23:25:46,0.0,0,0,6476969,2019-01-20 23:25:46,,0.0,0.0,0,,0.0,0.0,0.0,131
1,[],4,[],2019-03-10 20:20:29,4546.96553275,0.00016000,0.000000006237184,6897231,2019-03-10 20:20:29,btc,1.6191124583286427,0.0,0.00016000,btc,239.25503526,0.0,0.0067661669214821,135
1,[],3,[],2019-03-07 00:20:44,877702.73244099,0.00000004,0.00000000000154846,6863392,2019-03-07 00:20:44,btc,0.119366241821405,0.0,0.00000004,btc,760637.99421222,0.0,0.023771231960604298,136
1,[],4,[],2019-03-10 20:20:30,269460.6963643,0.00000154,0.000000000060032896,6897232,2019-03-10 20:20:30,btc,38.56233143695463,0.0,0.00000154,btc,523010.11300786,0.00301421,0.0579467275749434,137
1,[],12,[],2019-03-10 20:20:31,179328.36409204,0.00000145000000000000009320343975771638866945068002678453922271728515625,0.000000000056524480000000004,6897233,2019-03-10 20:20:31,btc,5.061166407987036,0.0,0.00000145000000000000009320343975771638866945068002678453922271728515625,btc,4354.92328094,0.00041300998838,0.007008059999989,137
1,[],4,[],2019-03-10 20:20:32,10177.60820165,0.00003251,0.000000001267317824,6897234,2019-03-10 20:20:32,btc,28.6200279216406,0.0,0.00003251,btc,51217.39533236,0.29558931,0.2050392920006322,142
1,[],5,[],2019-03-10 20:20:33,0.0,0,0,6897235,2019-03-10 20:20:33,btc,0.0,0.29732215,0,btc,0.0,0.0,0.0,142
1,[],20,[],2019-03-10 20:20:47,139543.0321,0.000033,0.0000000012864192,6897236,2019-03-10 20:20:47,btc,0.3361559661272,71.7423,0.000033,btc,2245.1771,0.002401456244,0.3036848877259,142
1,[],22,[],2019-03-10 20:20:50,1470.8988921568628,0.00004000,0.000000001559296,6897237,2019-03-10 20:20:50,BTC,3.00385504,0.0,0.00004000,BTC,891.218,0.0,0.0012358,142
0.0,[],25,[],2019-03-10 20:20:52,0.0,0,0,6897238,2019-03-10 20:20:52,,0.0,0.0,0.0,btc,0.0,0.0,0.0,142
1,[],28,[],2019-03-10 20:21:00,76677.664,0.00002270,0.00000000088490048,6897239,2019-03-10 20:21:00,btc,0.067100461059305,1650.0,0.00002270,btc,552.61077999,0.0,0.01662216,142
1,[],17,[],2019-03-10 19:24:38,22967.386363640002,0.00000088,0.000000000034344728000000003,6897050,2019-03-10 19:24:38,btc,20.06991335270186,0.0,0.00000088,btc,2746.079105,0.0,0.0104613000000032,142
0,[],22,[],2019-03-10 20:21:03,0.0,0,0,6897240,2019-03-10 20:21:03,,65.61831169,0.0,0,,1037691921.3,0.0,0.0,143
0,[],22,[],2019-02-25 15:42:22,0.0,0,0,6783783,2019-02-25 15:42:22,,4.2131946,0.0,0,,2322156.0,0.0,0.0,146
,[],22,[],2018-11-20 23:01:11,0.0,0,0,4862114,2018-11-20 23:01:11,,2.56807021,0.0,,,61828.4988236,0.0,0.0,147
1,[],12,[],2019-03-10 20:21:05,336229.54694598,0.00000225000000000000005700192921842539561794183100573718547821044921875,0.0000000000877104,6897241,2019-03-10 20:21:05,btc,7.9003923115852155,0.0,0.00000225000000000000005700192921842539561794183100573718547821044921875,btc,91393.32942272,5.63436564e-06,0.028085589999945,148
1,[],4,[],2019-03-10 20:21:06,251299.00134438,0.00000029,0.000000000011304896,6897242,2019-03-10 20:21:06,btc,219.99891695668288,0.0,0.00000029,btc,841123.35189129,0.0,0.0597202236443528,152
0,[],22,[],2019-03-10 20:21:09,0.0,0,0,6897243,2019-03-10 20:21:09,,0.0,0.0,0,,0.0,0.0,0.0,152
1,[],5,[],2019-03-10 20:21:11,0.0,0,0,6897244,2019-03-10 20:21:11,btc,0.0,0.0,0,btc,0.0,0.0,0.0,153
,[],16,[],2019-01-11 15:38:59,0.0,0,0,6366141,2019-01-11 15:38:59,btc,0.0,0.0,,btc,0.0,0.0,0.0,155
0,[],22,[],2019-03-10 20:21:15,0.0,0,0,6897245,2019-03-10 20:21:15,,6.7463781,0.0,0,,4673397.242592593,0.0,0.0,156
0,[],23,[],2019-01-20 23:24:29,0.0,0,0,6476932,2019-01-20 23:24:29,,0.0,0.0,0,,0.0,0.0,0.0,156
1,[],22,[],2019-03-10 20:21:20,7073.8,0.00005300,0.0000000020660672,6897246,2019-03-10 20:21:20,BTC,1.79802465,0.0,0.00005300,BTC,802.6461988741639,0.0035259,0.00104336,157
0,[],22,[],2019-03-10 20:21:23,0.0,0,0,6897247,2019-03-10 20:21:23,,50175.67608608,0.0,0,,54079135.04179466,0.0,0.0,158
,[],17,[],2018-11-20 22:56:10,0.0,0,0,4861976,2018-11-20 22:56:10,btc,1.1265625,0.0,,btc,1000.0,0.0,0.0,159
,[],20,[],2018-11-20 22:56:12,0.0,0,0,4861977,2018-11-20 22:56:12,btc,11912.7940471,0.0,,btc,34413894.3617,0.0,0.0,159
1,[],12,[],2019-03-10 20:21:24,212408.68343267,0.000007250000000000000042500725161431773813092149794101715087890625,0.0000000002826224,6897248,2019-03-10 20:21:24,btc,0.776097489082793,0.0,0.000007250000000000000042500725161431773813092149794101715087890625,btc,8298.5162069,0.0033032380550168,0.0993034554993891,168
1,[],17,[],2019-03-10 20:21:26,29784.95,0.000001,0.0000000000389824,6897249,2019-03-10 20:21:26,btc,0.03026736251542,0.0,0.000001,btc,144.46171372,0.0,0.00716147,168
0,[],22,[],2019-03-10 20:21:29,0.0,0,0,6897250,2019-03-10 20:21:29,,1.1339604,0.0,0,,520283.17470714403,0.0,0.0,169
1,[],22,[],2019-03-10 20:21:33,221518.16666666666,0.00000012,0.000000000004677888,6897251,2019-03-10 20:21:33,BTC,14.35054906,0.0,0.00000012,BTC,156459.90863998415,2.542e-05,0.00289518,171
1,[],22,[],2019-03-10 20:21:38,886503.3333333334,0.00000005,0.00000000000194912,6897252,2019-03-10 20:21:38,BTC,2.20740302,0.0,0.00000005,"BTC,LTC",289143.80960434285,0.00794581,0.0253796,173
1,[],5,[],2019-03-05 01:59:40,0.0,0,0,6845846,2019-03-05 01:59:40,btc,0.0,0.00384852,0,btc,0.0,0.0,0.0,175
1,[],22,[],2019-03-10 20:21:43,35500.0,0.00000012,0.000000000004677888,6897253,2019-03-10 20:21:43,BTC,0.54559973,0.0,0.00000012,BTC,137776.41444619838,0.0,0.00206,176
1,[],7,[],2019-03-10 20:21:44,0.0,0,0,6897254,2019-03-10 20:21:44,btc,408082.77918085374,1000.0,0,btc,115663731.27961002,1e-05,0.0,178
0,[],22,[],2019-03-10 20:21:46,0.0,0,0,6897255,2019-03-10 20:21:46,,1.00242438,0.0,0,,57522.0,0.0,0.0,178
0,[],2,[],2019-01-20 23:28:34,0.0,0,0,6477001,2019-01-20 23:28:34,,0.0,0.0,0,,0.0,0.0,0.0,178
1,[],5,[],2019-03-10 20:21:47,0.0,0,0,6897256,2019-03-10 20:21:47,btc,0.0,0.02994332,0,btc,0.0,0.0,0.0,179
1,[],22,[],2019-03-10 20:21:52,6868442.5,0.00000002,0.000000000000779648,6897257,2019-03-10 20:21:52,BTC,5.65174896,0.0,0.00000002,"BTC,LTC",17774331.756535422,0.00014766,0.37230957,179
0,[],23,[],2019-01-20 23:25:08,0.0,0,0,6476952,2019-01-20 23:25:08,,0.0,0.0,0,,0.0,0.0,0.0,179
1,[],22,[],2019-03-10 20:23:55,27500.0,0.00000178,0.000000000069388672,6897258,2019-03-10 20:23:55,BTC,0.20952313,0.0,0.00000178,"BTC,LTC",59060.756131308655,0.00778656,0.02066,180
1,[],26,[],2019-03-10 20:23:55,0.0,0.00000125,0.000000000048728,6897259,2019-03-10 20:23:55,btc,0.0,100.0,0.00000125,btc,0.0,0.0,0.0,180
1,[],17,[],2019-03-10 18:30:06,10504.725,0.0000001,0.00000000000390193,6896869,2019-03-10 18:30:06,btc,5.2010695838170005,0.0,0.0000001,btc,4994.45945,0.0,0.0010504725,180
,[],7,[],2018-11-20 22:58:01,562227.975654,0.00000085,0.000000000036176765,4862015,2018-11-20 22:58:01,btc,21836.6059674,2491.87645172,,btc,749999.041456,0.00211021,0.127565380455,183
,[],5,[],2019-01-10 08:11:41,0.0,0,0,6347036,2019-01-10 08:11:41,btc,82.15055501,0.00261,,btc,1.19002445,0.0,0.0,187
1,[],24,[],2019-03-10 20:23:55,0.0,0.000000000001,3.89824e-17,6897260,2019-03-10 20:23:55,btc,0.0,0.0,0.000000000001,btc,0.0,0.0,0.0,187
,[],17,[],2018-11-16 20:58:10,4062536.27273,0.00000001,0.000000000000550501,4708775,2018-11-16 20:58:10,btc,3.36492563466,0.195460381006,,"btc,eth",110697919.549,0.0,0.0157628953496,187
0,[],22,[],2019-03-10 20:23:58,0.0,0,0,6897261,2019-03-10 20:23:58,,7.54797454,0.0,0,,79361.7243344055,0.0,0.0,191
0,[],22,[],2019-03-10 20:24:03,0.0,0,0,6897262,2019-03-10 20:24:03,,0.0,0.0,0,,0.0,0.0,0.0,197
0,[],23,[],2019-01-20 23:31:41,0.0,0,0,6477079,2019-01-20 23:31:41,,0.0,0.0,0,,0.0,0.0,0.0,199
0,[],22,[],2019-03-10 20:24:06,0.0,0,0,6897263,2019-03-10 20:24:06,,5.19076992,0.0,0,,21057923.0,0.0,0.0,199
1,[],26,[],2019-03-10 20:24:07,0.0,0.00000000,0,6897264,2019-03-10 20:24:07,btc,0.0,128024.0,0.00000000,btc,0.0,0.0,0.0,199
0,[],17,[],2019-01-30 16:32:01,0.0,0,0,6540827,2019-01-30 16:32:01,btc,6.802544163788159,0.0,0,btc,105897.55575295,0.0,0.0,200
0,[],2,[],2019-01-20 23:30:49,0.0,0,0,6477059,2019-01-20 23:30:49,,0.0,0.0,0,,0.0,0.0,0.0,201
1,[],4,[],2019-01-25 15:51:35,2084389.58565343,0.00000936,0.000000000333526752,6499557,2019-01-25 15:51:35,btc,2.0092503037378524,0.0,0.00000936,btc,160195.80207885,0.19272417,1.242687955921835,211
1,[],7,[],2019-03-10 20:24:10,2856071.70656284,0.00000101000000000000007076262319161141789436442195437848567962646484375,0.000000000039372224,6897265,2019-03-10 20:24:10,btc,15476653.371572323,572349.799196,0.00000101000000000000007076262319161141789436442195437848567962646484375,btc,13386832.81940646,0.0,1.3105718662158758,212
1,[],5,[],2019-03-10 20:24:11,0.0,0,0,6897266,2019-03-10 20:24:11,btc,0.0,0.31772528,0,btc,0.0,0.0,0.0,213
1,[],24,[],2019-03-10 20:24:12,0.0,0.000000120000,0.000000000004677888,6897267,2019-03-10 20:24:12,btc,0.0,0.0,0.000000120000,btc,0.0,0.0,0.0,213
1,[],26,[],2019-03-10 20:24:12,0.0,0.00000010,0.00000000000389824,6897268,2019-03-10 20:24:12,btc,0.0,0.0,0.00000010,btc,0.0,0.0,0.0,213
1,[],12,[],2019-01-25 02:44:32,207462.42853209,0.000001080000000000000035831255497387193287295303889550268650054931640625,0.000000000038610756000000006,6493050,2019-01-25 02:44:32,btc,85023.03793723314,0.0,0.000001080000000000000035831255497387193287295303889550268650054931640625,btc,43675.73520027,0.000146250909087,0.0348620860622024,213
1,[],22,[],2019-03-10 20:24:16,25000.0,0.00000001,0.000000000000389824,6897269,2019-03-10 20:24:16,BTC,2.28062382,0.0,0.00000001,BTC,675757.3963726171,0.0,0.00025,216
1,[],27,[],2019-03-10 20:24:19,1298122.0,0.00000003,0.000000000001169472,6897270,2019-03-10 20:24:19,btc,317.9840526547724,10.0,0.00000003,"btc,ltc",240753.990324,8e-07,0.03375764000025931,216
1,[],22,[],2019-03-10 20:24:22,164248.0481927711,0.00000167,0.000000000065100608,6897271,2019-03-10 20:24:22,BTC,12673.59846094,0.0,0.00000167,BTC,428991.1852717484,0.03670937,0.17216066,217
1,[],7,[],2019-03-10 20:24:23,0.0,0,0,6897272,2019-03-10 20:24:23,btc,77971.86473761009,1000.0,0,btc,136014037.11822966,1e-05,0.0,219
0,[],27,[],2019-03-10 20:24:25,0.0,0,0,6897273,2019-03-10 20:24:25,,0.0404796,0.0,0,btc,2057905.0,0.0,0.0,219
0.0000000000000051,[],28,[],2019-03-10 20:24:33,168493275.591,8.925e-18,3.4791792e-22,6897274,2019-03-10 20:24:33,doge,85122.4333648375,14688.962,0.00175000,"btc,doge",3763918.34751,0.0,1.631601065422737e-11,219
1,[],22,[],2019-03-10 20:24:46,438339.0,0.00000007,0.000000000002728768,6897275,2019-03-10 20:24:46,BTC,18.06922081,0.0,0.00000007,BTC,99852.24541875876,0.00061694,0.02057961,221
1,[],24,[],2019-03-10 20:24:46,0.0,0.000000200000,0.00000000000779648,6897276,2019-03-10 20:24:46,btc,0.0,0.0,0.000000200000,btc,0.0,0.0,0.0,221
1,[],20,[],2019-03-10 20:24:49,39105329.5253,0.000000001,0.0000000000000389824,6897277,2019-03-10 20:24:49,btc,48.4442602981303,876385.0963,0.000000001,btc,16017729.9079,0.0017527701926,0.0391053295253,224
0,[],22,[],2019-03-10 20:24:51,0.0,0,0,6897278,2019-03-10 20:24:51,,0.0,0.0,0,,0.0,0.0,0.0,224
1,[],26,[],2019-03-10 20:24:52,0.0,0.00000035,0.00000000001364384,6897279,2019-03-10 20:24:52,btc,0.0,0.0,0.00000035,btc,0.0,0.0,0.0,231
1,[],26,[],2019-03-10 20:24:52,0.0,0.00000005,0.00000000000194912,6897280,2019-03-10 20:24:52,btc,0.0,100.0,0.00000005,btc,0.0,0.0,0.0,234
0.0000000003450433,[],27,[],2019-03-10 20:24:55,2000.0,3.4504330000000002e-18,1.345061593792e-22,6897281,2019-03-10 20:24:55,eth,0.01134836604,0.0,0.00000001,"btc,eth",11462.996,0.0,6.900866e-15,234
1,[],4,[],2019-03-10 20:24:56,770062.13101397,0.00000072,0.000000000028067328,6897282,2019-03-10 20:24:56,btc,4.397969858091724,0.0,0.00000072,btc,1234804.57886789,0.04041704,0.1913258904906876,236
1,[],24,[],2019-03-10 20:24:56,0.0,0.000000500000,0.0000000000194912,6897283,2019-03-10 20:24:56,btc,0.0,0.0,0.000000500000,btc,0.0,0.0,0.0,236
1,[],20,[],2019-03-10 20:24:58,198162584.0918,0.000000054,0.0000000000021050496,6897284,2019-03-10 20:24:58,btc,13.4928163110239,23325335.4533,0.000000054,btc,37584496.2856,1.2922825453724,0.2736308457873,237
0.000000000144061,[],22,[],2019-03-10 20:25:05,751594.9,2.449037e-17,9.54693399488e-22,6897285,2019-03-10 20:25:05,LTC,0.0405823,0.0,0.00000017,LTC,3164.0,0.0,0.12541949,237
1,[],4,[],2019-03-10 20:25:07,8681992.84457871,0.00000034,0.000000000013254016,6897286,2019-03-10 20:25:07,btc,9.555885084862576,0.0,0.00000034,btc,11835357.15081916,0.77638351,2.1920012249598737,238
1,[],5,[],2019-03-10 20:25:09,0.0,0,0,6897287,2019-03-10 20:25:09,btc,0.0,0.0112269,0,btc,0.0,0.0,0.0,238
0,[],22,[],2019-03-10 20:25:12,0.0,0,0,6897288,2019-03-10 20:25:12,,0.40415746,0.0,0,,526736.5639027493,0.0,0.0,249
0.000000000144061,[],22,[],2019-03-10 20:25:18,49087200.666666664,5.76244e-18,2.24633741056e-22,6897289,2019-03-10 20:25:18,LTC,0.90188236,0.0,0.00000004,LTC,17061399.253636364,0.0,1.18162413,252
1,[],28,[],2019-03-10 20:25:28,2789501.713,0.00000037,0.000000000014423488,6897290,2019-03-10 20:25:28,btc,164793.1271892888,16234.7,0.00000037,btc,3222555.8177,0.0,0.57357034182,256
1,[],22,[],2019-03-10 20:25:50,1370927.6666666667,0.00000004,0.000000000001559296,6897291,2019-03-10 20:25:50,BTC,31.45927906,0.0,0.00000004,BTC,704666.3568978057,0.00017976,0.02036077,258
1,[],22,[],2019-03-10 20:25:53,47146.0,0.00000001,0.000000000000389824,6897292,2019-03-10 20:25:53,BTC,2.415167,0.0,0.00000001,BTC,157.0,1.605e-05,0.00047146,259
1,[],5,[],2019-03-10 20:25:57,0.0,0,0,6897293,2019-03-10 20:25:57,btc,0.0,0.00723048,0,btc,0.0,0.0,0.0,264
1,[],20,[],2019-03-10 20:25:59,1216510.8264,0.0000017,0.00000000006627008,6897294,2019-03-10 20:25:59,btc,7.4645451426902,1029.4552,0.0000017,btc,105152.9435,0.0019868614332,0.0172255972623,264
0,[],22,[],2019-03-10 20:26:03,0.0,0,0,6897295,2019-03-10 20:26:03,,8.75643939,0.0,0,,466495.2241309945,0.0,0.0,271
0,[],22,[],2019-03-10 20:26:05,0.0,0,0,6897296,2019-03-10 20:26:05,,266.36893303,0.0,0,,13949488766.692,0.0,0.0,272
0.0000000000000051,[],28,[],2019-03-10 20:26:11,219865356712.905,5.151e-21,2.0079834239999999e-25,6897297,2019-03-10 20:26:11,doge,39462432.07716604,13556253497.4014,0.00000101,doge,206131551182.47388,0.0,6.160934894443215e-10,272
1,[],22,[],2019-03-10 20:26:15,161796.74,0.0000007,0.00000000002728768,6897298,2019-03-10 20:26:15,BTC,177.40780727,0.0,0.0000007,"BTC,LTC",30567.405119091924,0.01690074,0.05600942,281
1,[],22,[],2019-03-10 20:26:19,864193.0,0.00000004,0.000000000001559296,6897299,2019-03-10 20:26:19,BTC,1.34823416,0.0,0.00000004,BTC,297907.60394965275,0.00017055,0.02567175,286
0,[],22,[],2019-03-10 20:26:22,0.0,0,0,6897300,2019-03-10 20:26:22,,43638.82491513,0.0,0,,700126356.0,0.0,0.0,294
