pairValue,buyBook,exchangeId,sellBook,updated,buyTotal,satoshiPrice,usdPrice,exchangeLogId,created,bestPair,sellTotalBtc,volume,pairPrice,activePairs,sellTotal,volumeBtc,buyTotalBtc,coinId
1,[],3,[],2019-02-03 04:14:14,118.411013365021,0.012345609999999999917275061989130335859954357147216796875,0.000000430242039378,6569294,2019-02-03 04:14:14,btc,106.9622545520586,19.6217624066,0.012345609999999999917275061989130335859954357147216796875,btc,13.756554687064002,0.0,0.059648606521381466,1
1,[],4,[],2019-02-03 04:14:16,25062.30743385,0.01238425,0.00000043158863565,6569295,2019-02-03 04:14:16,btc,0.9180812485666303,0.0,0.01238425,btc,69.98752472,0.3766108,0.948795165612539,1
1,[],5,[],2019-02-03 04:14:17,0.16091079,0.01220000,0.00000042516756000000003,6569296,2019-02-03 04:14:17,btc,14578.46391755,0.43545732,0.01220000,btc,35555556.30222435,0.0,1.14866614,1
1,[],10,[],2019-02-03 04:14:19,272734.1798361,0.0121903,0.00000042482951693999997,6569297,2019-02-03 04:14:19,btc,6538.3655565788695,799.16125393,0.0121903,btc,1084.58266898,0.0,4.759098105259455,1
1,[],12,[],2019-02-03 04:14:22,10424.22370973,0.01230000000000000016930901125533637241460382938385009765625,0.00000042865254,6569298,2019-02-03 04:14:22,btc,0.4807858265679,0.0,0.01230000000000000016930901125533637241460382938385009765625,btc,32.55175434,0.0391947527814,0.2002334075002,1
1,[],20,[],2019-02-03 04:14:24,1350.353,0.010520006,0.00000036662010509880003,6569299,2019-02-03 04:14:24,btc,0.0571053524203,0.06,0.010520006,btc,2.5234,0.00075174,0.1066875078835,1
1,[],21,[],2019-02-03 04:14:25,1954.39185189,0.01232939000000000083490103719,0.00000042967677562200003,6569300,2019-02-03 04:14:25,btc,16.366193595438638,11289.51218807,0.01232939000000000083490103719441322027705609798431396484375,"btc,eth",1943.57154898,130.9175480915722,16.462359746284207,1
1,[],22,[],2019-02-03 04:14:44,0.0263776,0.01350000,0.00000047047230000000004,6569301,2019-02-03 04:14:44,BTC,0.31397231,0.0,0.01350000,BTC,0.10124366666666666,0.0,0.00034472,1
1,[],24,[],2019-02-03 04:14:48,0.0,0.000000000000,0,6569302,2019-02-03 04:14:48,btc,0.0,0.0,0.000000000000,btc,0.0,0.0,0.0,1
0.0,[],25,[],2019-02-03 04:14:49,0.0,0,0,6569303,2019-02-03 04:14:49,btc,15.103399998334908,1286.26925966,0.0,btc,1164.00483103,15.8895,0.0,1
1,[],26,[],2019-02-03 04:16:16,0.0,0,0,6569304,2019-02-03 04:16:16,,0.0,0.0,0,,0.0,0.0,0.0,1
1,[],28,[],2019-02-03 04:16:28,987.9,0.01131000,0.000000394151238,6569305,2019-02-03 04:16:28,btc,0.162839806,17620.5,0.01131000,btc,8.9,0.0,0.024551096,1
0,[],2,[],2019-01-20 23:28:45,0.0,0,0,6477011,2019-01-20 23:28:45,,0.0,0.0,0,,0.0,0.0,0.0,1
1,[],5,[],2019-02-03 04:16:29,1.923e-05,0.00000068,0.000000000023697864,6569306,2019-02-03 04:16:29,btc,0.1458597,0.00130154,0.00000068,btc,7.012e-05,0.0,0.493435,2
1,[],22,[],2019-02-03 04:16:36,1648.0,0.0000004,0.00000000001393992,6569307,2019-02-03 04:16:36,BTC,0.0231601,0.0,0.0000004,"BTC,XMR",14562.72385,0.0,0.00107635,2
1,[],5,[],2019-02-03 04:16:38,1.25e-06,0.00000016,0.000000000005575968,6569308,2019-02-03 04:16:38,btc,3.86624668,0.00505038,0.00000016,btc,2.204e-05,0.0,2.94658187,3
1,[],12,[],2019-02-03 04:16:39,12548837.71704546,0.000000166,0.000000000005785066800000001,6569309,2019-02-03 04:16:39,btc,921349.4221345742,0.0,0.000000166,btc,8326927.60696466,0.04331955253206012,0.5561641900012808,3
0,[],28,[],2019-02-03 04:16:46,0.0,0,0,6569310,2019-02-03 04:16:46,,0.0,0.0,0,,0.0,0.0,0.0,3
0,[],2,[],2019-01-20 23:31:32,0.0,0,0,6477077,2019-01-20 23:31:32,,0.0,0.0,0,,0.0,0.0,0.0,4
1,[],4,[],2019-02-03 04:16:47,373245.05862038,0.00000030,0.00000000001045494,6569311,2019-02-03 04:16:47,btc,0.3727543190357732,0.0,0.00000030,btc,344005.14063882,0.01690415,0.0394531651199042,4
1,[],12,[],2019-02-03 04:16:48,1632107.85533333,0.00000006,0.000000000002090988,6569312,2019-02-03 04:16:48,btc,11014980.033653079,0.0,0.00000006,btc,847927.05698658,0.0054496025738804,0.0332157804399998,5
0,[],2,[],2019-01-20 23:31:51,0.0,0,0,6477087,2019-01-20 23:31:51,,0.0,0.0,0,,0.0,0.0,0.0,6
1,[],11,[],2019-02-03 04:16:50,7655951.5,0.00000002,0.0000000000006969960000000001,6569313,2019-02-03 04:16:50,btc,9433.369001181367,597000.0,0.00000002,btc,41221552.76067939,0.0,0.116679515,6
1,[],3,[],2019-02-03 04:16:50,1069.652384675756,0.000150559999999999995050348200464895853656344115734100341796875,0.000000005246985888,6569314,2019-02-03 04:16:50,btc,28.510202753279106,0.0,0.000150559999999999995050348200464895853656344115734100341796875,btc,234.145665820227,0.0,0.030997767816609203,7
1,[],4,[],2019-02-03 04:16:51,26336.77451167,0.00018550,0.0000000064646379,6569315,2019-02-03 04:16:51,btc,2.8089111723742652,0.0,0.00018550,btc,13667.57463849,1.97204436,4.237107475931123,7
1,[],5,[],2019-02-03 04:16:53,0.00549994,0.00017220,0.00000000600113556,6569316,2019-02-03 04:16:53,btc,1.27937874,0.24966414,0.00017220,btc,0.01165647,0.0,1.59899229,7
1,[],20,[],2019-02-03 04:16:56,65771509.91,0.000000001,0.0000000000000348498,6569317,2019-02-03 04:16:56,btc,136.3892062542774,0.0,0.000000001,btc,29825029.7669,0.0,0.06577150991,8
0,[],2,[],2019-01-20 23:22:42,0.0,0,0,6476876,2019-01-20 23:22:42,,0.0,0.0,0,,0.0,0.0,0.0,9
0,[],23,[],2019-01-20 23:22:48,0.0,0,0,6476878,2019-01-20 23:22:48,,0.0,0.0,0,,0.0,0.0,0.0,9
1,[],1,[],2019-02-03 04:16:58,3413255.11,0.00000198000000000000010098367454747236848788816132582724094390869140625,0.00000000006900260400000001,6569318,2019-02-03 04:16:58,btc,6.7257644824,26895141.45,0.00000198000000000000010098367454747236848788816132582724094390869140625,btc,3325687.93,54.19939487,6.6620049682,9
1,[],4,[],2019-02-03 04:16:59,316749.00319101,0.00000196,0.000000000068305608,6569319,2019-02-03 04:16:59,btc,0.7481188928982495,0.0,0.00000196,btc,357192.17375315,2.16343076,0.5709524641599933,9
1,[],28,[],2019-02-03 04:17:06,34500.0,0.00000165,0.00000000005750217,6569320,2019-02-03 04:17:06,btc,2708.760711888,3635324.0,0.00000165,btc,10874.28,0.0,0.02854,9
1,[],4,[],2019-02-03 04:17:06,7404102.37826053,0.00000002,0.000000000000696996,6569321,2019-02-03 04:17:06,btc,0.2035971882340986,0.0,0.00000002,btc,4100158.16841361,0.00222668,0.0799114518652106,10
0,[],2,[],2019-01-20 23:23:08,0.0,0,0,6476890,2019-01-20 23:23:08,,0.0,0.0,0,,0.0,0.0,0.0,12
1,[],4,[],2019-02-03 04:17:07,3738888.70882359,0.00000137,0.000000000047744226,6569322,2019-02-03 04:17:07,btc,0.873490915931947,0.0,0.00000137,btc,605391.00671155,2.24444389,2.9854610537298227,12
1,[],5,[],2019-02-03 04:17:08,1.567e-05,0.00000134,0.000000000046698732,6569323,2019-02-03 04:17:08,btc,0.70038314,0.70861181,0.00000134,btc,0.00011476,0.0,0.41175402,12
0.0,[],25,[],2019-02-03 04:17:10,0.0,0,0,6569324,2019-02-03 04:17:10,,0.0,0.0,0.0,btc,0.0,0.0,0.0,12
1,[],4,[],2019-02-03 04:17:11,313566.20590494,0.00000613,0.000000000213629274,6569325,2019-02-03 04:17:11,btc,0.543045752196004,0.0,0.00000613,btc,79997.95446083,0.68960203,1.3574911448360787,13
1,[],10,[],2019-02-03 04:17:13,610414.66104969,0.00000621,0.000000000216417258,6569326,2019-02-03 04:17:13,btc,666809.647991443,4206.5878641,0.00000621,btc,737860.47227262,0.0,0.7941841760910395,13
1,[],21,[],2019-02-03 04:17:18,998894.93591395,0.000006170000000000000218427706478,0.000000000215023266,6569327,2019-02-03 04:17:18,btc,5.399386748007268,391894.07358679,0.00000617000000000000021842770647761966529287747107446193695068359375,btc,791847.56484696,2.41953835,4.897168344415553,13
1,[],4,[],2019-02-03 04:17:19,1139267.85075155,0.00000166,0.000000000057850668000000004,6569328,2019-02-03 04:17:19,btc,0.1250838699518545,0.0,0.00000166,btc,57581.71516025,0.00606368,0.4348273488899156,14
1,[],12,[],2019-02-03 04:17:20,87159.04830438,0.000001560000000000000098813643899242631363222244544886052608489990234375,0.00000000005436568800000001,6569329,2019-02-03 04:17:20,btc,1.7849938377191792,0.0,0.000001560000000000000098813643899242631363222244544886052608489990234375,btc,37457.01291797,1.8283544823e-06,0.011193449999994099,14
0,[],17,[],2019-02-03 04:17:24,0.0,0,0,6569330,2019-02-03 04:17:24,btc,0.0,0.0,0,btc,0.0,0.0,0.0,14
1,[],26,[],2019-02-03 04:17:24,0.0,0,0,6569331,2019-02-03 04:17:24,,0.0,0.0,0,,0.0,0.0,0.0,14
0,[],4,[],2019-02-03 04:17:26,0.0,0,0,6569332,2019-02-03 04:17:26,,0.0,0.0,0,,0.0,0.0,0.0,15
,[],12,[],2018-12-01 15:15:48,204241.84496,0.00000489,0.000000000202473384,5260204,2018-12-01 15:15:48,btc,49.5475654835,0.0,,btc,35763.2193806,0.0163153972027625,0.0203389899998,15
0,[],2,[],2019-01-20 23:23:38,0.0,0,0,6476906,2019-01-20 23:23:38,,0.0,0.0,0,,0.0,0.0,0.0,18
1,[],4,[],2019-02-03 04:17:28,23806.04999692,0.00001780,0.00000000062032644,6569333,2019-02-03 04:17:28,btc,1.230562965192142,0.0,0.00001780,btc,7578.83998127,0.0345884,0.0593856093881592,18
1,[],10,[],2019-02-03 04:17:29,402308.3918038,0.00001861,0.000000000648554778,6569334,2019-02-03 04:17:29,btc,15.55651530741615,14506.5114782,0.00001861,btc,10891.17826474,0.0,0.3864387549181584,18
1,[],12,[],2019-02-03 04:17:31,200761.27362956,0.00001777999999999999917424560458290017095350776799023151397705078125,0.000000000619629444,6569335,2019-02-03 04:17:31,btc,0.1835915026040905,0.0,0.00001777999999999999917424560458290017095350776799023151397705078125,btc,1599.72865824,0.0,0.0170590828234615,18
0,[],17,[],2019-02-03 04:17:33,0.0,0,0,6569336,2019-02-03 04:17:33,btc,0.0,0.0,0,btc,0.0,0.0,0.0,18
1,[],3,[],2019-02-03 04:17:34,108529.71520384692,0.0000260299999999999998067691520109434577534557320177555084228515625,0.0000000009071402940000001,6569337,2019-02-03 04:17:34,btc,0.4508620196872659,0.0,0.0000260299999999999998067691520109434577534557320177555084228515625,btc,5170.719121372528,0.0,0.09825596493175827,19
1,[],4,[],2019-02-03 04:17:34,74744.89197583,0.00002990,0.00000000104200902,6569338,2019-02-03 04:17:34,btc,0.4214601685810408,0.0,0.00002990,btc,12158.51793527,0.38389288,1.4683124524555424,19
1,[],5,[],2019-02-03 04:17:36,0.00034857,0.00003156,0.000000001099859688,6569339,2019-02-03 04:17:36,btc,0.28833063,0.00090523,0.00003156,btc,0.00311694,0.0,0.19168276,19
1,[],12,[],2019-02-03 04:17:37,133626.75428571,0.000026250000000000001088538981175446451743482612073421478271484375,0.00000000091480725,6569340,2019-02-03 04:17:37,btc,1.992263642063816,0.0,0.000026250000000000001088538981175446451743482612073421478271484375,btc,470.27457877,0.0,0.0326569499998875,19
0,[],2,[],2019-01-20 23:24:19,0.0,0,0,6476924,2019-01-20 23:24:19,,0.0,0.0,0,,0.0,0.0,0.0,19
0,[],27,[],2019-02-03 04:17:41,0.0,0,0,6569341,2019-02-03 04:17:41,,0.0,0.0,0,btc,0.0,0.0,0.0,19
1,[],4,[],2019-02-03 04:17:42,9032893.40167756,0.00000014,0.0000000000048789720000000005,6569342,2019-02-03 04:17:42,btc,0.8116717874116198,0.0,0.00000014,btc,1595552.31051721,0.00029465,0.3475363817115696,20
1,[],4,[],2019-02-03 04:17:43,122616432.60622224,0.00000003,0.0000000000010454940000000001,6569343,2019-02-03 04:17:43,btc,0.7483916416912767,0.0,0.00000003,btc,16393372.56438166,0.11675221,1.4623106489542852,21
1,[],12,[],2019-02-03 04:17:44,19030494.0,0.00000002,0.0000000000006969960000000001,6569344,2019-02-03 04:17:44,btc,668.544642243258,0.0,0.00000002,btc,8531814.65434831,0.0009093702697303,0.25354996,21
0,[],17,[],2019-02-03 04:17:46,0.0,0,0,6569345,2019-02-03 04:17:46,btc,0.0,0.0,0,btc,0.0,0.0,0.0,21
1,[],12,[],2019-02-03 04:17:47,2283240417.531895,0.0000000001,0.00000000000000348498,6569346,2019-02-03 04:17:47,btc,1729404717463.789,0.0,0.0000000001,btc,5078740576.609619,0.003819286699301182,0.22832404175318952,23
0,[],27,[],2019-02-03 04:17:49,0.0,0,0,6569347,2019-02-03 04:17:49,,0.424699,0.0,0,eth,424699.0,0.0,0.0,23
1,[],4,[],2019-02-03 04:17:51,916785.91773094,0.00000082,0.000000000028576836000000002,6569348,2019-02-03 04:17:51,btc,0.0767834324963779,0.0,0.00000082,btc,69533.49647836,0.01427123,0.4012033397542441,24
1,[],22,[],2019-02-03 04:17:54,11.76,0.00000100,0.0000000000348498,6569349,2019-02-03 04:17:54,BTC,7.415e-05,0.0,0.00000100,BTC,23.919354838709676,0.0,1.176e-05,24
0.0,[],25,[],2019-02-03 04:17:56,0.0,0,0,6569350,2019-02-03 04:17:56,,0.0,0.0,0.0,btc,0.0,0.0,0.0,24
1,[],4,[],2019-02-03 04:17:58,27116529.25449721,0.00000644,0.000000000224432712,6569351,2019-02-03 04:17:58,btc,0.4587745014141259,0.0,0.00000644,btc,38219.93211432,0.11372979,0.4302398887101425,26
1,[],10,[],2019-02-03 04:18:00,725860.70874179,0.00000588,0.000000000204916824,6569352,2019-02-03 04:18:00,btc,25.975774463061523,615.04844863,0.00000588,btc,13118.16646401,0.0,0.2069460833237116,26
0,[],2,[],2019-01-20 23:25:56,0.0,0,0,6476976,2019-01-20 23:25:56,,0.0,0.0,0,,0.0,0.0,0.0,26
1,[],3,[],2019-02-03 04:18:00,9442582.93283504,0.00000002,0.0000000000006969960000000001,6569353,2019-02-03 04:18:00,btc,2.280887203521768,80103.3881346,0.00000002,btc,15506394.93222337,0.0,0.1133830782681865,27
1,[],5,[],2019-02-03 04:18:02,3e-08,0.00000002,0.000000000000696996,6569354,2019-02-03 04:18:02,btc,1.52458241,0.00462468,0.00000002,btc,4.69e-05,0.0,0.09976989,27
1,[],11,[],2019-02-03 04:18:03,10615374.41182718,0.00000005,0.00000000000174249,6569355,2019-02-03 04:18:03,btc,370.6426334117441,1000.0,0.00000005,btc,8221035.4403934,0.0,0.4936394994767663,27
1,[],4,[],2019-02-03 04:18:04,308641278.1122829,0.00000003,0.0000000000010454940000000001,6569356,2019-02-03 04:18:04,btc,4.21338802133872,0.0,0.00000003,"btc,ltc",118598240.94918661,1.26912556,4.321515386602064,29
1,[],7,[],2019-02-03 04:18:05,40877385.1234477,0.00000003,0.000000000001045494,6569357,2019-02-03 04:18:05,btc,44465206.20443952,8725.65341392,0.00000003,btc,40561959.34575318,0.00033216,0.7582762566814423,29
1,[],4,[],2019-02-03 04:18:06,1444668.42841895,0.00000030,0.00000000001045494,6569358,2019-02-03 04:18:06,btc,0.2734098315431551,0.0,0.00000030,btc,559772.9617604,0.01014463,0.0872005037722465,30
0,[],17,[],2019-02-03 04:18:07,0.0,0,0,6569359,2019-02-03 04:18:07,btc,0.0,0.0,0,btc,0.0,0.0,0.0,30
1,[],4,[],2019-02-03 04:18:08,1134880.44549661,0.00007229,0.000000002519292042,6569360,2019-02-03 04:18:08,btc,1.6041924498706228,0.0,0.00007229,btc,19117.80976409,1.69069245,1.8472528535340558,31
1,[],21,[],2019-02-03 04:18:10,75169.0715629,0.00007148999999999999484853047127,0.000000002491412202,6569361,2019-02-03 04:18:10,btc,0.8652827144544117,111814.22214755,0.000071489999999999994848530471269754116292460821568965911865234375,btc,11506.30388659,8.18231531,4.934300183400186,31
0,[],2,[],2019-01-20 23:28:43,0.0,0,0,6477009,2019-01-20 23:28:43,,0.0,0.0,0,,0.0,0.0,0.0,32
1,[],4,[],2019-02-03 04:18:12,135768505.76901293,0.00000005,0.00000000000174249,6569362,2019-02-03 04:18:12,btc,3.6231534902529594,0.0,0.00000005,"btc,ltc",58352345.99410643,0.11792787,2.0289037414615034,33
1,[],12,[],2019-02-03 04:18:13,19061095.278,0.00000006,0.000000000002090988,6569363,2019-02-03 04:18:13,btc,17261782.270031586,0.0,0.00000006,btc,89466155.45354629,0.055289066713287,0.7160661766799999,33
1,[],4,[],2019-02-03 04:18:14,111246271.87515794,0.00000002,0.000000000000696996,6569364,2019-02-03 04:18:14,btc,0.7718564331524844,0.0,0.00000002,btc,25728547.77174948,0.0093429,1.1125131177515792,34
1,[],5,[],2019-02-03 04:18:16,1e-08,0.00000001,0.000000000000348498,6569365,2019-02-03 04:18:16,btc,3.91224237,0.0256637,0.00000001,btc,1.343e-05,0.0,0.72909176,34
0.0000000000983925,[],4,[],2019-02-03 04:18:17,1394224761.8817065,3.9357000000000006e-18,1.3715835786000002e-22,6569366,2019-02-03 04:18:17,ltc,8.175668802461627e-09,0.0,0.00000004,ltc,1619376321.0646732,0.0,2.645540463917381e-09,36
1,[],5,[],2019-02-03 04:18:19,0.0,0,0,6569367,2019-02-03 04:18:19,btc,202.3675558,0.0,0,btc,1.295e-05,0.0,0.0,36
0,[],17,[],2019-02-03 04:18:21,0.0,0,0,6569368,2019-02-03 04:18:21,btc,0.07494043766957892,0.0,0,btc,4134847.20243647,0.0,0.0,36
0.0000000000983925,[],27,[],2019-02-03 04:18:24,1000000.0,1.9678500000000003e-18,6.857917893000001e-23,6569369,2019-02-03 04:18:24,ltc,447.7307979714,0.0,0.00000002,"ltc,eth",3711879.16,0.0,1.9678500000000003e-12,36
1,[],4,[],2019-02-03 04:18:25,559346.47669567,0.00000151,0.000000000052623198,6569370,2019-02-03 04:18:25,btc,0.42173462624353,0.0,0.00000151,btc,220207.58839196,0.07741361,0.5773275100592499,37
1,[],12,[],2019-02-03 04:18:26,454161.36185185,0.00000154999999999999998279913253351747215447176131419837474822998046875,0.00000000005401719,6569371,2019-02-03 04:18:26,btc,1331.0193504698973,0.0,0.00000154999999999999998279913253351747215447176131419837474822998046875,btc,742738.24409993,0.1729595088764382,0.3534130653999975,37
1,[],17,[],2019-02-03 04:18:27,2198.29156809,0.0000015000000000000000380012861456169304119612206704914569854736328125,0.0000000000522747,6569372,2019-02-03 04:18:27,btc,0.05547900019141949,8.31377709e-06,0.0000015000000000000000380012861456169304119612206704914569854736328125,btc,1383.25,0.0,0.00110651141111,37
1,[],27,[],2019-02-03 04:18:30,16843.0,0.00000046,0.000000000016030908,6569373,2019-02-03 04:18:30,btc,24.45584702489649,0.0,0.00000046,btc,5279.81438508,0.0,0.00561124,37
1,[],5,[],2019-02-03 04:18:32,1.307e-05,0.00000093,0.000000000032410314,6569374,2019-02-03 04:18:32,btc,0.10739889,0.12003363,0.00000093,btc,0.00010306,0.0,0.05793986,42
1,[],12,[],2019-02-03 04:18:33,155132.44395695,0.000001120000000000000076372827333137660588135986472479999065399169921875,0.000000000039031776000000004,6569375,2019-02-03 04:18:33,btc,196.05338504000684,0.0,0.000001120000000000000076372827333137660588135986472479999065399169921875,btc,80685.41894452,0.0453977168624139,0.0563996800000067,42
0,[],27,[],2019-02-03 04:18:35,0.0,0,0,6569376,2019-02-03 04:18:35,,0.00315028,0.0,0,"btc,eth",11.007,0.0,0.0,42
1,[],5,[],2019-02-03 04:18:38,6e-08,0.00000003,0.0000000000010454940000000001,6569377,2019-02-03 04:18:38,btc,6.10271066,0.0,0.00000003,btc,1.425e-05,0.0,0.53368313,43
1,[],12,[],2019-02-03 04:18:39,6512129.0,0.00000002,0.0000000000006969960000000001,6569378,2019-02-03 04:18:39,btc,20007456.464662522,0.0,0.00000002,btc,38831663.74765234,0.00036916,0.06512143000000001,43
0,[],17,[],2019-02-03 04:18:40,0.0,0,0,6569379,2019-02-03 04:18:40,btc,0.0,0.0,0,btc,0.0,0.0,0.0,43
1,[],12,[],2019-02-03 04:18:41,917508.0,0.00000008,0.0000000000027879840000000003,6569380,2019-02-03 04:18:41,btc,11115205.988853987,0.0,0.00000008,btc,1007191.39860139,0.00096904992008,0.0291802,44
1,[],4,[],2019-02-03 04:20:41,51274767.01705483,0.00000002,0.000000000000696996,6569381,2019-02-03 04:20:41,btc,0.1839805044262652,0.0,0.00000002,btc,3895361.99709467,0.00515185,0.5430027650084052,49
0.0000000000983925,[],4,[],2019-02-03 04:20:42,4315421344.153138,9.839250000000001e-19,3.4289589465000006e-23,6569382,2019-02-03 04:20:42,ltc,4.994394635519654,0.0,0.00000001,ltc,2860983709.3246784,0.0,4.2460509460458775e-09,52
0,[],22,[],2019-02-03 04:20:47,0.0,0,0,6569383,2019-02-03 04:20:47,,3693.67822752,0.0,0,,258485157.90882352,0.0,0.0,57
0,[],27,[],2019-02-03 04:20:51,0.0,0,0,6569384,2019-02-03 04:20:51,,0.0,0.0,0,"btc,eth",0.0,0.0,0.0,57
0.0000000000983925,[],4,[],2019-02-03 04:20:52,1325727940.7110546,5.9035500000000005e-18,2.0573753679000002e-22,6569385,2019-02-03 04:20:52,ltc,3.3101653429974975,0.0,0.00000006,ltc,1297769093.8479986,0.0,5.59945546268229e-09,58
1,[],12,[],2019-02-03 04:20:54,2202906269.282997,0.0000000006,0.00000000000002090988,6569386,2019-02-03 04:20:54,btc,625179814392.0764,0.0,0.0000000006,btc,3081129981.326773,0.030325906316083926,0.8351682485645632,58
0,[],17,[],2019-02-03 04:20:56,0.0,0,0,6569387,2019-02-03 04:20:56,btc,1e+24,0.0,0,btc,41616695.95832568,0.0,0.0,58
0.0000000001216275,[],22,[],2019-02-03 04:21:03,137438.0,1.2162750000000001e-18,4.2386940495e-23,6569388,2019-02-03 04:21:03,XMR,69.8835922,0.0,0.00000001,XMR,9887963.0,0.0,0.00137438,58
1,[],22,[],2019-02-03 03:29:20,5111.5,0.00000011,0.000000000003825668,6569248,2019-02-03 03:29:20,BTC,1002.29606732,0.0,0.00000011,BTC,15028.700278135757,0.0,0.00051178,61
1,[],26,[],2019-02-03 03:29:20,0.0,0,0,6569249,2019-02-03 03:29:20,,0.0,0.0,0,,0.0,0.0,0.0,61
0,[],27,[],2019-02-03 03:29:22,0.0,0,0,6569250,2019-02-03 03:29:22,,0.1550356,0.0,0,"btc,eth",155.72848,0.0,0.0,61
1,[],28,[],2019-02-03 03:29:32,6898.304,0.00000130,0.000000000045212440000000004,6569251,2019-02-03 03:29:32,btc,2.064506118300105,778.0,0.00000130,btc,11238.17500005,0.0,0.00218011304,61
1,[],5,[],2019-02-03 04:21:07,7.33e-06,0.00000052,0.000000000018121896,6569389,2019-02-03 04:21:07,btc,0.35474208,0.05102865,0.00000052,btc,0.00012614,0.0,0.06985372,61
1,[],4,[],2019-02-03 03:18:18,1265672.19339851,0.00000171,0.000000000059550921,6569052,2019-02-03 03:18:18,btc,0.7008018172538781,0.0,0.00000171,btc,253646.05858357,0.11232663,0.894062296657043,67
0.0,[],25,[],2019-02-03 03:18:19,0.0,0,0,6569053,2019-02-03 03:18:19,,0.0,0.0,0.0,btc,0.0,0.0,0.0,67
1,[],12,[],2019-02-03 03:29:33,3098130.68300001,0.0000001,0.00000000000347788,6569252,2019-02-03 03:29:33,btc,16893709.42495523,0.0,0.0000001,btc,2485165.58001995,0.0003108202697308,0.0847245128411122,71
,[],5,[],2018-11-20 23:02:39,1.5e-07,0.00000005,0.000000000002128045,4862160,2018-11-20 23:02:39,btc,2.84511358,0.0,,btc,0.00036572,0.0,0.07381892,74
1,[],5,[],2019-01-25 15:53:51,3.303e-05,0.00000156,0.000000000055588884,6499610,2019-01-25 15:53:51,btc,1.42844212,0.0,0.00000156,btc,0.00015937,0.0,0.49487621,75
1,[],4,[],2019-02-03 03:29:35,70997797.82492337,0.00000001,0.00000000000034778800000000003,6569253,2019-02-03 03:29:35,btc,0.8164048853705091,0.0,0.00000001,btc,15307943.35273608,0.0,0.7099779782492337,81
0,[],20,[],2019-01-25 09:30:31,0.0,0,0,6495923,2019-01-25 09:30:31,btc,0.0,0.0,0,btc,0.0,0.0,0.0,81
1,[],4,[],2019-02-03 03:29:37,23677.09159277,0.00007500,0.00000000260841,6569254,2019-02-03 03:29:37,btc,1.2719731001568837,0.0,0.00007500,btc,11165.34377058,0.01298528,0.0817395255899236,82
1,[],21,[],2019-02-03 03:29:38,87469.16030861,0.00007524999999999999950647117108,0.0000000026171047000000002,6569255,2019-02-03 03:29:38,btc,3.542614665379455,3722.37026738,0.000075249999999999999506471171084598381639807485044002532958984375,btc,40675.48258853,0.28397065,4.531101438972253,82
0,[],17,[],2019-02-03 03:29:39,0.0,0,0,6569256,2019-02-03 03:29:39,btc,0.0447233088476774,0.0,0,btc,999127.19588126,0.0,0.0,84
0.00000000009842280000000001,[],4,[],2019-02-03 03:18:34,352936474.5258405,1.2794964e-17,4.455859007964001e-22,6569059,2019-02-03 03:18:34,ltc,0.19754182496494443,0.0,0.00000013,ltc,74885995.86556941,0.0,1.5387385424231105e-09,85
,[],22,[],2018-11-20 23:09:34,3408.1,0.0000001,0.0000000000041895,4862324,2018-11-20 23:09:34,BTC,0.04624735,0.0,,BTC,4990.0,0.0,0.00033081,86
0,[],22,[],2019-02-03 03:29:43,0.0,0,0,6569257,2019-02-03 03:29:43,,2.07810912,0.0,0,,154826.94736842104,0.0,0.0,87
0,[],27,[],2019-02-03 03:29:45,0.0,0,0,6569258,2019-02-03 03:29:45,,0.0,0.0,0,btc,0.0,0.0,0.0,87
,[],2,[],2018-11-20 23:10:47,0.0,0,0,4862359,2018-11-20 23:10:47,,0.0,0.0,,,0.0,0.0,0.0,88
1,[],11,[],2019-02-03 03:18:47,102971.84129343,0.00018548999999999998757223285128503675878164358437061309814453125,0.000000006459707799,6569062,2019-02-03 03:18:47,btc,236.4227010154482,196.4,0.00018548999999999998757223285128503675878164358437061309814453125,btc,185293.21320232,0.0,7.700181020383388,89
0,[],2,[],2019-01-20 23:31:45,0.0,0,0,6477083,2019-01-20 23:31:45,,0.0,0.0,0,,0.0,0.0,0.0,91
1,[],12,[],2019-02-03 03:18:48,520561.90759694,0.00000288999999999999985863413133613253336307025165297091007232666015625,0.000000000100644539,6569063,2019-02-03 03:18:48,btc,3.6573591054466283,0.0,0.00000288999999999999985863413133613253336307025165297091007232666015625,btc,28760.95415164,3.731e-05,0.154510437100006,91
0,[],17,[],2019-02-03 03:18:50,0.0,0,0,6569064,2019-02-03 03:18:50,btc,0.0,0.0,0,btc,0.0,0.0,0.0,91
0.00000000009842280000000001,[],22,[],2019-02-03 03:19:00,37704795.571428575,6.889596e-18,2.399308696596e-22,6569065,2019-02-03 03:19:00,LTC,8.80622787,0.0,0.00000007,LTC,76324658.1,0.0,1.72417449,95
0.00000000009819970000000002,[],4,[],2019-02-03 03:29:46,132591615.14604858,1.0016369400000001e-16,3.4835730808872004e-21,6569259,2019-02-03 03:29:46,ltc,1.1891094845511165,0.0,0.00000102,ltc,70810890.68285362,0.0,7.12136666141236e-10,96
1,[],12,[],2019-02-03 03:29:48,327026.0,0.00000001,0.00000000000034778800000000003,6569260,2019-02-03 03:29:48,btc,255063.40165946563,0.0,0.00000001,btc,7929371.33297676,4.523e-05,0.00327026,96
0,[],17,[],2019-02-03 03:29:50,0.0,0,0,6569261,2019-02-03 03:29:50,btc,0.0,0.0,0,btc,0.0,0.0,0.0,96
1,[],4,[],2019-01-28 01:29:03,1472892.19429314,0.00000039,0.000000000013841295,6517118,2019-01-28 01:29:03,btc,0.30363706505258,0.0,0.00000039,btc,473598.41813208,0.02260545,0.1322524391209234,99
1,[],4,[],2019-02-03 03:19:03,84019.12300461,0.00004562,0.0000000015887210620000001,6569069,2019-02-03 03:19:03,btc,3.8100315158045177,0.0,0.00004562,btc,70371.47320747,1.75562732,3.3940456687087104,100
0,[],2,[],2019-01-20 23:23:55,0.0,0,0,6476914,2019-01-20 23:23:55,,0.0,0.0,0,,0.0,0.0,0.0,100
1,[],22,[],2019-02-03 03:29:54,50000.0,0.00000001,0.00000000000034778800000000003,6569262,2019-02-03 03:29:54,BTC,23.50383609,0.0,0.00000001,BTC,11277.22,0.0,0.0005,101
1,[],4,[],2019-02-03 03:19:07,110429.85189636,0.00000093,0.000000000032387343,6569071,2019-02-03 03:19:07,btc,0.4002972714419982,0.0,0.00000093,btc,151703.2244379,0.028331,0.062155384276991,103
1,[],12,[],2019-02-03 03:29:56,94468378.0,0.000000016,0.0000000000005564608000000001,6569263,2019-02-03 03:29:56,btc,138278963.55695418,0.0,0.000000016,btc,147337391.6378538,0.05064020604695008,0.574699765,105
1,[],27,[],2019-02-03 03:29:59,10127001.89,0.00000001,0.00000000000034778800000000003,6569264,2019-02-03 03:29:59,btc,0.6930127791760939,8200.0,0.00000001,btc,708867.82781977,0.000164,0.1012700189,105
0,[],22,[],2019-02-03 03:19:15,0.0,0,0,6569074,2019-02-03 03:19:15,,1.07253299,0.0,0,,94300.0,0.0,0.0,107
1,[],26,[],2019-02-03 03:19:15,0.0,0,0,6569075,2019-02-03 03:19:15,,0.0,0.0,0,,0.0,0.0,0.0,107
1,[],5,[],2019-02-03 03:19:16,6e-08,0.00000003,0.000000000001044753,6569076,2019-02-03 03:19:16,btc,2.99141778,0.21714115,0.00000003,btc,1.666e-05,0.0,0.11282298,112
1,[],22,[],2019-02-03 03:19:23,1966.0,0.00000001,0.00000000000034825100000000003,6569077,2019-02-03 03:19:23,BTC,2.84203449,0.0,0.00000001,BTC,957103.5833333334,0.0,1.966e-05,112
0.0000000003156808,[],27,[],2019-02-03 03:19:25,500000.0,3.156808e-18,1.099361542808e-22,6569078,2019-02-03 03:19:25,eth,1.25356065,0.0,0.00000001,"btc,eth",1328.0,0.0,1.578404e-12,112
1,[],4,[],2019-02-03 03:29:59,513520.0769373,0.00000364,0.000000000126594832,6569265,2019-02-03 03:29:59,btc,0.5179620292443587,0.0,0.00000364,btc,96688.01103298,0.07795931,0.4083487271119609,113
1,[],5,[],2019-02-03 03:30:01,2.352e-05,0.00000373,0.00000000012972492400000002,6569266,2019-02-03 03:30:01,btc,2.43122524,0.03133645,0.00000373,btc,0.0038077,0.0,0.21629346,113
1,[],17,[],2019-02-03 03:30:02,212548.72400000002,0.00000004,0.0000000000013911520000000001,6569267,2019-02-03 03:30:02,btc,1.3368030274183522,0.0,0.00000004,btc,51896.221,0.0,0.00460194896,116
0,[],27,[],2019-02-03 03:30:05,0.0,0,0,6569268,2019-02-03 03:30:05,,0.0,0.0,0,btc,0.0,0.0,0.0,116
1,[],4,[],2019-02-03 03:30:06,48070.33192393,0.00002281,0.000000000793304428,6569269,2019-02-03 03:30:06,btc,0.8123007102918366,0.0,0.00002281,btc,29079.85642928,0.3747086,0.8362853154739754,120
1,[],7,[],2019-02-03 03:30:07,11042.55341515,0.00001796000000000000083899033553880286717685521580278873443603515625,0.0000000006246272480000001,6569270,2019-02-03 03:30:07,btc,88979.01471860244,31.45000271,0.00001796000000000000083899033553880286717685521580278873443603515625,btc,23649.8457715,0.00113348,0.09836809566750801,120
1,[],20,[],2019-02-03 03:30:08,1607028.1906,0.000000013,0.0000000000004521244,6569271,2019-02-03 03:30:08,btc,33.7489442370083,222.819,0.000000013,btc,1074422.3317,2.896647e-06,0.0088322132172,125
1,[],22,[],2019-02-03 03:30:12,3053.0,0.00000001,0.00000000000034778800000000003,6569272,2019-02-03 03:30:12,BTC,0.01444889,0.0,0.00000001,BTC,296264.5111111111,0.0,3.053e-05,126
1,[],4,[],2019-02-03 03:30:13,91298.04517319,0.00001510,0.0000000005251598800000001,6569273,2019-02-03 03:30:13,btc,0.5146776366472108,0.0,0.00001510,btc,26555.84570027,0.28154471,0.5838569036668294,131
0,[],17,[],2019-02-03 03:30:14,0.0,0,0,6569274,2019-02-03 03:30:14,btc,0.0008451375975800001,0.0,0,btc,30.89614684,0.0,0.0,131
0,[],2,[],2019-01-20 23:25:46,0.0,0,0,6476969,2019-01-20 23:25:46,,0.0,0.0,0,,0.0,0.0,0.0,131
1,[],4,[],2019-02-03 03:19:43,4615.00847171,0.00016004,0.000000005573409004000001,6569089,2019-02-03 03:19:43,btc,1.6408939746337952,0.0,0.00016004,btc,302.35845559,0.0,0.0120659733427441,135
1,[],3,[],2019-02-03 03:19:44,1776991.66354937,0.00000007,0.000000000002437757,6569090,2019-02-03 03:19:44,btc,0.1527888503264862,10821.1866357,0.00000007,btc,396436.80852494,0.0,0.0652342942725346,136
1,[],4,[],2019-02-03 03:30:15,94639.56645342,0.00000184,0.000000000063992992,6569275,2019-02-03 03:30:15,btc,0.43844534693384,0.0,0.00000184,btc,168774.35094303,0.13864202,0.1313747298341304,137
1,[],12,[],2019-02-03 03:30:16,296948.75324676,0.000001830000000000000054831898570195658493275914224795997142791748046875,0.000000000063645204,6569276,2019-02-03 03:30:16,btc,11982.852290062143,0.0,0.000001830000000000000054831898570195658493275914224795997142791748046875,btc,127637.75747667,0.1077022599617155,0.0273694300000104,137
1,[],5,[],2019-02-03 03:19:47,0.00132655,0.00003958,0.0000000013783774580000001,6569093,2019-02-03 03:19:47,btc,3.78162818,1.51055525,0.00003958,btc,0.00342645,0.0,1.53661588,142
1,[],17,[],2019-02-03 03:19:50,12500.0,0.0000001,0.0000000000034825100000000003,6569094,2019-02-03 03:19:50,btc,20.2610215790715,0.0001070700002253,0.0000001,btc,5931.99821453,0.0,0.00125,142
1,[],20,[],2019-02-03 03:19:52,149665.6766,0.000025423,0.0000000008853585173,6569095,2019-02-03 03:19:52,btc,4.1948682814,165.568,0.000025423,btc,11036.5296,0.0068356928796,0.2471364743976,142
1,[],22,[],2019-02-03 03:19:55,962.0,0.00001800,0.0000000006268518,6569096,2019-02-03 03:19:55,BTC,3.00449528,0.0,0.00001800,BTC,899.098,0.0,0.0001637,142
0.0,[],25,[],2019-02-03 03:19:56,0.0,0,0,6569097,2019-02-03 03:19:56,,0.0,0.0,0.0,btc,0.0,0.0,0.0,142
1,[],28,[],2019-02-03 03:20:04,78705.0,0.00002500,0.0000000008706275000000001,6569098,2019-02-03 03:20:04,btc,0.0367822,1479.665,0.00002500,btc,730.0,0.0,0.0312237,142
0,[],22,[],2019-01-28 18:33:43,0.0,0,0,6521842,2019-01-28 18:33:43,,61.27958297,0.0,0,,815366265.8,0.0,0.0,143
1,[],21,[],2019-02-03 03:20:05,32630975.23183883,0.00000027,0.000000000009402777000000002,6569099,2019-02-03 03:20:05,btc,51.209306876897976,2445704.89107726,0.00000027,btc,87525709.79763336,0.66710591,4.6391939637367825,145
0,[],22,[],2019-02-03 03:20:08,0.0,0,0,6569100,2019-02-03 03:20:08,,4.58953651,0.0,0,,1925123.5,0.0,0.0,146
,[],22,[],2018-11-20 23:01:11,0.0,0,0,4862114,2018-11-20 23:01:11,,2.56807021,0.0,,,61828.4988236,0.0,0.0,147
1,[],12,[],2019-02-03 03:20:11,8691012.11814649,0.00000371000000000000005446164352829185872906236909329891204833984375,0.00000000012920112100000002,6569101,2019-02-03 03:20:11,btc,16.56565392746627,0.0,0.00000371000000000000005446164352829185872906236909329891204833984375,btc,112319.49663261,9.048e-05,0.1236417500000105,148
1,[],4,[],2019-02-03 03:20:13,306042.43277379,0.00000037,0.000000000012885287000000002,6569102,2019-02-03 03:20:13,btc,0.6875961683770753,0.0,0.00000037,btc,502571.3208287,0.00040399,0.0678840162441816,152
0,[],22,[],2019-02-03 03:20:15,0.0,0,0,6569103,2019-02-03 03:20:15,,0.0,0.0,0,,0.0,0.0,0.0,152
1,[],5,[],2019-02-03 03:20:17,0.0,0,0,6569104,2019-02-03 03:20:17,btc,4.41264381,0.0,0,btc,0.00161275,0.0,0.0,153
,[],16,[],2019-01-11 15:38:59,0.0,0,0,6366141,2019-01-11 15:38:59,btc,0.0,0.0,,btc,0.0,0.0,0.0,155
0,[],22,[],2019-02-03 03:30:26,0.0,0,0,6569277,2019-02-03 03:30:26,,6.73312347,0.0,0,,4564272.742592593,0.0,0.0,156
0,[],23,[],2019-01-20 23:24:29,0.0,0,0,6476932,2019-01-20 23:24:29,,0.0,0.0,0,,0.0,0.0,0.0,156
1,[],22,[],2019-02-03 03:20:23,7906.0,0.00000801,0.000000000278949051,6569106,2019-02-03 03:20:23,BTC,43.78801181,0.0,0.00000801,BTC,1067.5805334758436,0.0,0.00743836,157
0,[],22,[],2019-02-03 03:20:27,0.0,0,0,6569107,2019-02-03 03:20:27,,50175.6753658,0.0,0,,54007107.04179466,0.0,0.0,158
,[],17,[],2018-11-20 22:56:10,0.0,0,0,4861976,2018-11-20 22:56:10,btc,1.1265625,0.0,,btc,1000.0,0.0,0.0,159
,[],20,[],2018-11-20 22:56:12,0.0,0,0,4861977,2018-11-20 22:56:12,btc,11912.7940471,0.0,,btc,34413894.3617,0.0,0.0,159
1,[],12,[],2019-02-03 03:30:27,189236.03023961,0.00000802999999999999935075371826354029280992108397185802459716796875,0.000000000279273764,6569278,2019-02-03 03:30:27,btc,6.686023301452936,0.0,0.00000802999999999999935075371826354029280992108397185802459716796875,btc,14746.68124826,0.0041553858,0.08804248429999689,168
1,[],17,[],2019-02-03 03:30:28,29784.95,0.000001,0.0000000000347788,6569279,2019-02-03 03:30:28,btc,0.03026736251542,0.0,0.000001,btc,144.46171372,0.0,0.00716147,168
1,[],22,[],2019-02-03 03:20:32,3800.0,0.00000001,0.00000000000034825100000000003,6569110,2019-02-03 03:20:32,BTC,1.13102814,0.0,0.00000001,BTC,689102.4758060451,0.0,3.8e-05,169
1,[],22,[],2019-02-03 03:20:36,70848.4129032258,0.00000031,0.000000000010795781000000002,6569111,2019-02-03 03:20:36,BTC,10.3233424,0.0,0.00000031,BTC,109239.49798317606,0.00271843,0.01171261,171
1,[],22,[],2019-02-03 03:20:40,476139.78205128206,0.00000013,0.000000000004527263,6569112,2019-02-03 03:20:40,BTC,2.63950555,0.0,0.00000013,BTC,245666.90387703563,0.0,0.03640804,173
1,[],5,[],2019-02-03 03:20:42,3.619e-05,0.00000380,0.00000000013233538,6569113,2019-02-03 03:20:42,btc,0.36057723,0.00097025,0.00000380,btc,0.00032137,0.0,0.68170748,175
1,[],22,[],2019-02-03 03:30:32,49549.25714285715,0.0000004,0.00000000001391152,6569280,2019-02-03 03:30:32,BTC,0.6257983,0.0,0.0000004,BTC,161300.17417750834,5.28e-05,0.01679357,176
1,[],7,[],2019-02-03 03:20:46,0.0,0,0,6569115,2019-02-03 03:20:46,btc,233208.59190894547,1248.75124875,0,btc,116200784.21566916,1.249e-05,0.0,178
0,[],22,[],2019-02-03 03:20:49,0.0,0,0,6569116,2019-02-03 03:20:49,,1.00242428,0.0,0,,57512.0,0.0,0.0,178
0,[],2,[],2019-01-20 23:28:34,0.0,0,0,6477001,2019-01-20 23:28:34,,0.0,0.0,0,,0.0,0.0,0.0,178
1,[],5,[],2019-02-03 03:30:33,3e-08,0.00000002,0.0000000000006955760000000001,6569281,2019-02-03 03:30:33,btc,16.84438259,0.01253362,0.00000002,btc,2.088e-05,0.0,1.32027786,179
1,[],22,[],2019-02-03 03:30:38,7842183.0,0.00000003,0.000000000001043364,6569282,2019-02-03 03:30:38,BTC,5.52741121,0.0,0.00000003,"BTC,LTC",18415229.401989967,4.4e-07,0.38978517,179
0,[],23,[],2019-01-20 23:25:08,0.0,0,0,6476952,2019-01-20 23:25:08,,0.0,0.0,0,,0.0,0.0,0.0,179
1,[],17,[],2019-02-03 03:30:39,10504.725,0.0000001,0.00000000000347788,6569283,2019-02-03 03:30:39,btc,5.20616687987771,0.0,0.0000001,btc,6755.0074587,0.0,0.0010504725,180
1,[],22,[],2019-02-03 03:30:44,21043.945454545454,0.00000011,0.000000000003825668,6569284,2019-02-03 03:30:44,BTC,0.09767868,0.0,0.00000011,"BTC,LTC",18223.735742087763,7.697e-05,0.00222968,180
1,[],26,[],2019-02-03 03:30:44,0.0,0,0,6569285,2019-02-03 03:30:44,,0.0,0.0,0,,0.0,0.0,0.0,180
,[],7,[],2018-11-20 22:58:01,562227.975654,0.00000085,0.000000000036176765,4862015,2018-11-20 22:58:01,btc,21836.6059674,2491.87645172,,btc,749999.041456,0.00211021,0.127565380455,183
,[],5,[],2019-01-10 08:11:41,0.0,0,0,6347036,2019-01-10 08:11:41,btc,82.15055501,0.00261,,btc,1.19002445,0.0,0.0,187
1,[],24,[],2019-02-03 03:30:45,0.0,0.000000000001,3.47788e-17,6569286,2019-02-03 03:30:45,btc,0.0,0.0,0.000000000001,btc,0.0,0.0,0.0,187
,[],17,[],2018-11-16 20:58:10,4062536.27273,0.00000001,0.000000000000550501,4708775,2018-11-16 20:58:10,btc,3.36492563466,0.195460381006,,"btc,eth",110697919.549,0.0,0.0157628953496,187
0,[],22,[],2019-02-03 03:21:08,0.0,0,0,6569123,2019-02-03 03:21:08,,1.19382741,0.0,0,,13380.036201072173,0.0,0.0,191
0,[],22,[],2019-01-29 02:57:02,0.0,0,0,6524994,2019-01-29 02:57:02,,0.0,0.0,0,,0.0,0.0,0.0,197
0,[],23,[],2019-01-20 23:31:41,0.0,0,0,6477079,2019-01-20 23:31:41,,0.0,0.0,0,,0.0,0.0,0.0,199
1,[],26,[],2019-02-03 03:21:08,0.0,0,0,6569124,2019-02-03 03:21:08,,0.0,0.0,0,,0.0,0.0,0.0,199
0,[],17,[],2019-01-30 16:32:01,0.0,0,0,6540827,2019-01-30 16:32:01,btc,6.802544163788159,0.0,0,btc,105897.55575295,0.0,0.0,200
0,[],2,[],2019-01-20 23:30:49,0.0,0,0,6477059,2019-01-20 23:30:49,,0.0,0.0,0,,0.0,0.0,0.0,201
1,[],4,[],2019-01-25 15:51:35,2084389.58565343,0.00000936,0.000000000333526752,6499557,2019-01-25 15:51:35,btc,2.0092503037378524,0.0,0.00000936,btc,160195.80207885,0.19272417,1.242687955921835,211
1,[],7,[],2019-02-03 03:21:11,17243506.21598881,0.000001390000000000000032391082004090687718189656152389943599700927734375,0.000000000048406889000000005,6569125,2019-02-03 03:21:11,btc,16567796.001604747,2084710.97516,0.000001390000000000000032391082004090687718189656152389943599700927734375,btc,12609442.10433424,0.0,8.836236989962774,212
1,[],12,[],2019-01-25 02:44:32,207462.42853209,0.000001080000000000000035831255497387193287295303889550268650054931640625,0.000000000038610756000000006,6493050,2019-01-25 02:44:32,btc,85023.03793723314,0.0,0.000001080000000000000035831255497387193287295303889550268650054931640625,btc,43675.73520027,0.000146250909087,0.0348620860622024,213
1,[],5,[],2019-02-03 03:21:12,5.29e-06,0.00000035,0.000000000012188785000000002,6569126,2019-02-03 03:21:12,btc,1.16066346,0.01435124,0.00000035,btc,3.171e-05,0.0,0.40856568,213
1,[],24,[],2019-02-03 03:21:12,0.0,0.000000050000,0.0000000000017412550000000001,6569127,2019-02-03 03:21:12,btc,0.0,0.0,0.000000050000,btc,0.0,0.0,0.0,213
1,[],26,[],2019-02-03 03:21:12,0.0,0,0,6569128,2019-02-03 03:21:12,,0.0,0.0,0,,0.0,0.0,0.0,213
1,[],22,[],2019-02-03 03:30:57,276400.0,0.00000002,0.0000000000006955760000000001,6569287,2019-02-03 03:30:57,BTC,70.20492877,0.0,0.00000002,BTC,291693.63137942314,0.0,0.004714,216
1,[],27,[],2019-02-03 03:31:00,5050645.0,0.0000001,0.00000000000347788,6569288,2019-02-03 03:31:00,btc,313.98413178316,0.0,0.0000001,"btc,ltc",287018.13411,0.0,0.0510735,216
1,[],22,[],2019-02-03 03:21:29,248412.03569548036,0.00000235,0.000000000081838985,6569131,2019-02-03 03:21:29,BTC,12677.89638353,0.0,0.00000235,BTC,481315.35445181513,0.14090382,0.31956458,217
1,[],7,[],2019-02-03 03:31:01,0.0,0,0,6569289,2019-02-03 03:31:01,btc,77970.02600413912,0.0,0,btc,134531561.1214003,0.0,0.0,219
0,[],27,[],2019-02-03 03:31:03,0.0,0,0,6569290,2019-02-03 03:31:03,,0.0741038339680918,0.0,0,btc,1542429.2070951,0.0,0.0,219
0.0000000000000056,[],28,[],2019-02-03 03:31:11,205135012.733,6.16e-18,2.14237408e-22,6569291,2019-02-03 03:31:11,doge,88554.0318717675,14180.0,0.00110000,"btc,doge",4969437.84751,0.0,3.063889635311647e-11,219
1,[],22,[],2019-02-03 03:21:45,203201.0,0.00000038,0.000000000013233538000000001,6569135,2019-02-03 03:21:45,BTC,2.38800089,0.0,0.00000038,BTC,31842.55212317522,0.000165,0.02039238,221
1,[],24,[],2019-02-03 03:21:45,0.0,0.000000100000,0.0000000000034825100000000003,6569136,2019-02-03 03:21:45,btc,0.0,0.0,0.000000100000,btc,0.0,0.0,0.0,221
1,[],20,[],2019-02-03 03:21:48,2530030.4813,0.000000005,0.00000000000017412550000000001,6569137,2019-02-03 03:21:48,btc,2.3597566076658,1713435.4972,0.000000005,btc,5517662.4944,0.0156281110734,0.0039117939252,224
0,[],22,[],2019-02-03 03:22:25,0.0,0,0,6569138,2019-02-03 03:22:25,,0.0,0.0,0,,0.0,0.0,0.0,224
1,[],26,[],2019-02-03 03:31:12,0.0,0,0,6569292,2019-02-03 03:31:12,,0.0,0.0,0,,0.0,0.0,0.0,231
1,[],26,[],2019-02-03 03:22:25,0.0,0,0,6569140,2019-02-03 03:22:25,,0.0,0.0,0,,0.0,0.0,0.0,234
0,[],27,[],2019-02-03 03:22:28,0.0,0,0,6569141,2019-02-03 03:22:28,,0.0113483662182,0.0,0,"btc,eth",11462.99618,0.0,0.0,234
0.00000000009842280000000001,[],22,[],2019-02-03 03:22:32,8720000.0,9.84228e-19,3.42758385228e-23,6569142,2019-02-03 03:22:32,LTC,3.66946696,0.0,0.00000001,LTC,99030043.93217893,0.0,0.0872,235
1,[],4,[],2019-02-03 03:22:33,807774.97022455,0.00000070,0.000000000024377570000000004,6569143,2019-02-03 03:22:33,btc,0.1761479936149057,0.0,0.00000070,btc,149516.20171649,0.04781589,0.1767003994610097,236
1,[],24,[],2019-02-03 03:22:33,0.0,0.000000010000,0.00000000000034825100000000003,6569144,2019-02-03 03:22:33,btc,0.0,0.0,0.000000010000,btc,0.0,0.0,0.0,236
1,[],20,[],2019-02-03 03:22:35,13077091.3776,0.000000065,0.0000000000022636315,6569145,2019-02-03 03:22:35,btc,14.4135714473088,15278655.5968,0.000000065,btc,25600642.3041,0.9775908157845,0.3955309438807,237
1,[],22,[],2019-02-03 03:22:40,10000.0,0.00000001,0.00000000000034825100000000003,6569146,2019-02-03 03:22:40,BTC,0.04103605,0.0,0.00000001,BTC,6179.0,0.0,0.0001,237
1,[],4,[],2019-02-03 03:22:41,3220500.0213761,0.00000032,0.000000000011144032000000001,6569147,2019-02-03 03:22:41,btc,0.8838826611445103,0.0,0.00000032,btc,2572647.95784362,0.36556863,0.9354246673683583,238
1,[],5,[],2019-02-03 03:22:42,3.64e-06,0.00000031,0.000000000010795781000000002,6569148,2019-02-03 03:22:42,btc,0.76163506,0.08019026,0.00000031,btc,2.906e-05,0.0,0.27111219,238
1,[],22,[],2019-02-03 03:22:48,249752.25,0.00000004,0.0000000000013930040000000001,6569149,2019-02-03 03:22:48,BTC,15.41538995,0.0,0.00000004,BTC,305689.9139027493,0.00030863,0.00799021,249
0.00000000009819970000000002,[],22,[],2019-02-03 03:31:15,4179658.0,3.927988000000001e-18,1.3661070905440003e-22,6569293,2019-02-03 03:31:15,LTC,0.78482199,0.0,0.00000004,LTC,14362861.015,0.0,0.12455864,252
1,[],28,[],2019-02-03 03:22:55,2353106.872,0.00000009,0.0000000000031342590000000002,6569151,2019-02-03 03:22:55,btc,164692.27472170623,207969.9816,0.00000009,btc,718339.3995,0.0,0.0817353362,256
1,[],22,[],2019-02-03 03:22:59,101597.57142857143,0.00000007,0.000000000002437757,6569152,2019-02-03 03:22:59,BTC,35605.56384387,0.0,0.00000007,BTC,505617.34188300685,0.00069222,0.00249905,258
1,[],22,[],2019-01-26 20:58:41,368451.0,0.00000001,0.000000000000356135,6510120,2019-01-26 20:58:41,BTC,2.642917,0.0,0.00000001,"BTC,LTC",1862.0,0.0,0.02488451,259
1,[],22,[],2019-02-03 03:23:06,1874.5321847690386,0.00000810,0.00000000028208331000000003,6569153,2019-02-03 03:23:06,BTC,4.68960145,0.0,0.00000810,BTC,6366.988399675977,0.0,0.01502652,262
1,[],5,[],2019-02-03 03:23:07,7.642e-05,0.00000312,0.00000000010865431200000002,6569154,2019-02-03 03:23:07,btc,1.22936326,0.17834724,0.00000312,btc,0.0010091,0.0,0.2795863,264
1,[],20,[],2019-02-03 03:23:09,1180846.8123,0.00000239,0.00000000008323198900000001,6569155,2019-02-03 03:23:09,btc,4.9979805664334,4435.7203,0.00000239,btc,93186.1154,0.0196579543509,0.0464840801244,264
1,[],22,[],2019-02-03 03:23:13,139217.0,0.00000002,0.0000000000006965020000000001,6569156,2019-02-03 03:23:13,BTC,8.66233915,0.0,0.00000002,BTC,334094.0934647885,9.658e-05,0.00228671,271
0,[],22,[],2019-02-03 03:23:16,0.0,0,0,6569157,2019-02-03 03:23:16,,368.98163014,0.0,0,,14553457703.9,0.0,0.0,272
0.0000000000000056,[],28,[],2019-02-03 03:23:19,221560773280.48,5.8800000000000005e-21,2.0477158800000003e-25,6569158,2019-02-03 03:23:19,doge,299053866.77510875,1057298777.9,0.00000105,doge,195659357818.1598,0.0,7.112757359050669e-10,272
0,[],22,[],2019-02-03 03:23:23,0.0,0,0,6569159,2019-02-03 03:23:23,,0.0,0.0,0,,0.0,0.0,0.0,281
