pairValue,buyBook,exchangeId,sellBook,updated,buyTotal,satoshiPrice,usdPrice,exchangeLogId,created,bestPair,sellTotalBtc,volume,pairPrice,activePairs,sellTotal,volumeBtc,buyTotalBtc,coinId
1,[],20,[],2019-07-15 18:13:23,924.9472,0.007798054,0.0000008167229472468001,7821930,2019-07-15 18:13:23,btc,0.2228340303345,1.0823,0.007798054,btc,18.1445,0.0090521071597,0.1185074427878,1
1,[],10,[],2019-07-13 08:58:05,251434.9725798,0.00271069,0.00000031407274150500003,7812232,2019-07-13 08:58:05,btc,6515.317158446701,1686.04548878,0.00271069,btc,2002.66956917,0.0,1.2639712180673435,1
1,[],3,[],2019-07-15 18:32:18,32160.604396090785,0.0078563399999999998513100507580020348541438579559326171875,0.000000848817828816,7821993,2019-07-15 18:32:18,btc,9.275211258077128,71.6010642636,0.0078563399999999998513100507580020348541438579559326171875,btc,35.087794654339,0.0,0.2126739876002146,1
1,[],4,[],2019-07-15 18:32:19,208215.43053438,0.00771001,0.000000833007984424,7821994,2019-07-15 18:32:19,btc,11.600313782130963,0.0,0.00771001,btc,528.4571874,0.76035562,0.5411100483134477,1
1,[],12,[],2019-07-15 18:32:24,86.77613937,0.007749999999999999944488848768742172978818416595458984375,0.0000008373286,7821995,2019-07-15 18:32:24,btc,0.6263871709055999,0.0,0.007749999999999999944488848768742172978818416595458984375,btc,26.566401329999998,0.907056093358,0.164953294458,1
1,[],21,[],2019-07-15 18:32:26,3078.2209187,0.007798509999999999817155149628,0.000000842569736824,7821996,2019-07-15 18:32:26,btc,5.280793174455963,4937.65861886,0.00779850999999999981715514962843371904455125331878662109375,"btc,eth",780.57596134,37.10603417087153,20.005667966423037,1
1,[],22,[],2019-07-15 18:32:31,1.1399,0.00800000,0.0000008643392,7821997,2019-07-15 18:32:31,BTC,0.01739824,0.0,0.00800000,BTC,0.3195712944891207,0.0,0.00213189,1
1,[],24,[],2019-07-15 18:32:32,0.0,0.000000000000,0,7821998,2019-07-15 18:32:32,btc,0.0,0.0,0.000000000000,btc,0.0,0.0,0.0,1
0.0,[],25,[],2019-07-15 18:32:32,0.0,0,0,7821999,2019-07-15 18:32:32,btc,6.799999999794259,12949.12387938,0.0,btc,848.08977578,103.0,0.0,1
1,[],26,[],2019-07-15 18:32:35,0.0,0,0,7822000,2019-07-15 18:32:35,,0.0,0.0,0,,0.0,0.0,0.0,1
1,[],28,[],2019-07-15 18:32:37,1041.4,0.008120000000,0.000000877304288,7822001,2019-07-15 18:32:37,btc,0.364618146,22151.8,0.008120000000,btc,23.2792,0.0,0.280306096,1
1,[],5,[],2019-07-06 00:27:44,0.0,0,0,7800775,2019-07-06 00:27:44,btc,0.0,0.00190933,0,btc,0.0,0.0,0.0,1
0,[],2,[],2019-01-20 23:28:45,0.0,0,0,6477011,2019-01-20 23:28:45,,0.0,0.0,0,,0.0,0.0,0.0,1
1,[],22,[],2019-07-15 18:32:41,11550.3,0.0000002,0.00000000002160848,7822002,2019-07-15 18:32:41,BTC,21.00878619,0.0,0.0000002,"BTC,XMR",19931.59287795317,0.0,0.00143681,2
1,[],5,[],2019-07-06 00:28:14,0.0,0,0,7800785,2019-07-06 00:28:14,btc,0.0,0.00208797,0,btc,0.0,0.0,0.0,2
1,[],12,[],2019-07-15 18:32:43,3301342.2598,0.000000069,0.000000000007454925599999999,7822003,2019-07-15 18:32:43,btc,6944.611558862818,0.0,0.000000069,btc,6829647.52588363,0.039101890538,0.1547241689262,3
0,[],28,[],2019-07-15 18:32:44,0.0,0,0,7822004,2019-07-15 18:32:44,,0.0,0.0,0,,0.0,0.0,0.0,3
1,[],5,[],2019-06-03 14:48:58,0.0,0,0,7731126,2019-06-03 14:48:58,btc,0.0,0.05905545,0,btc,0.0,0.0,0.0,3
0,[],2,[],2019-01-20 23:31:32,0.0,0,0,6477077,2019-01-20 23:31:32,,0.0,0.0,0,,0.0,0.0,0.0,4
1,[],4,[],2019-07-15 18:32:45,4524663.6443914,0.00000001,0.000000000001080424,7822005,2019-07-15 18:32:45,btc,51.8726787398384,0.0,0.00000001,btc,1306572.57573822,0.0,0.045246636443914,4
0,[],12,[],2019-07-10 21:32:46,0.0,0,0,7800866,2019-07-10 21:32:46,btc,641.7517620215584,0.0,0,btc,1208658.0779220702,0.0,0.0,5
0,[],2,[],2019-01-20 23:31:51,0.0,0,0,6477087,2019-01-20 23:31:51,,0.0,0.0,0,,0.0,0.0,0.0,6
1,[],11,[],2019-07-15 18:32:47,2069748.67673599,0.00000001,0.000000000001080424,7822006,2019-07-15 18:32:47,btc,9583.559593810252,420000.0,0.00000001,btc,78408032.80704153,0.0,0.0206974867673599,6
1,[],3,[],2019-07-15 18:32:48,12940.257187498166,0.000108640000000000003384757751856426466474658809602260589599609375,0.000000011737726336,7822007,2019-07-15 18:32:48,btc,2027.6425065207493,804.920324277,0.000108640000000000003384757751856426466474658809602260589599609375,btc,386.769788161607,0.0,0.04575112267240665,7
1,[],4,[],2019-07-15 18:32:49,331455.31489014,0.00011117,0.000000012011073608,7822008,2019-07-15 18:32:49,btc,12.513051961348507,0.0,0.00011117,btc,61923.69721807,1.54997471,4.127252396502962,7
1,[],5,[],2019-07-06 00:28:21,0.0,0,0,7800789,2019-07-06 00:28:21,btc,0.0,0.38662001,0,btc,0.0,0.0,0.0,7
1,[],20,[],2019-04-07 22:06:50,3201475.0482,0.000000001,0.000000000000051590000000000004,7213932,2019-04-07 22:06:50,btc,30.8005781811902,0.0,0.000000001,btc,23077405.3926,0.0,0.0032014750482,8
0,[],2,[],2019-01-20 23:22:42,0.0,0,0,6476876,2019-01-20 23:22:42,,0.0,0.0,0,,0.0,0.0,0.0,9
0,[],23,[],2019-01-20 23:22:48,0.0,0,0,6476878,2019-01-20 23:22:48,,0.0,0.0,0,,0.0,0.0,0.0,9
1,[],4,[],2019-07-15 18:32:51,2596154.05637793,0.00000056,0.000000000060503744,7822009,2019-07-15 18:32:51,btc,3.4015552176957278,0.0,0.00000056,btc,2625069.53857563,0.25946347,0.6597575359533656,9
1,[],28,[],2019-07-15 18:32:52,144734.809,0.00000049,0.000000000052940776,7822010,2019-07-15 18:32:52,btc,2708.7852197151,55374.0,0.00000049,btc,37061.367,0.0,0.03740016978,9
1,[],1,[],2019-02-17 23:31:42,1822507.21,0.00000181000000000000003456111265232042484285557293333113193511962890625,0.000000000066086901,6701244,2019-02-17 23:31:42,btc,3.6990969245,17153386.5,0.00000181000000000000003456111265232042484285557293333113193511962890625,btc,1997391.71,31.11772986,3.2610482446,9
1,[],4,[],2019-02-17 11:22:43,4341674.27126056,0.00000002,0.0000000000007272960000000001,6696112,2019-02-17 11:22:43,btc,0.1997230937751353,0.0,0.00000002,btc,4109766.79808031,0.00215132,0.0479381022052112,10
1,[],5,[],2019-07-05 17:50:59,0.0,0,0,7799863,2019-07-05 17:50:59,btc,0.0,0.04857279,0,btc,0.0,0.0,0.0,12
0,[],2,[],2019-01-20 23:23:08,0.0,0,0,6476890,2019-01-20 23:23:08,,0.0,0.0,0,,0.0,0.0,0.0,12
1,[],4,[],2019-07-15 18:32:53,24776622.32989687,0.00000032,0.000000000034573568,7822011,2019-07-15 18:32:53,btc,5.676619565539454,0.0,0.00000032,btc,7356765.01699311,0.79172619,2.119018698652889,12
0.0,[],25,[],2019-07-15 18:32:55,0.0,0,0,7822012,2019-07-15 18:32:55,,0.0,0.0,0.0,btc,0.0,0.0,0.0,12
1,[],4,[],2019-07-15 18:32:56,625268.13002635,0.00000208,0.000000000224728192,7822013,2019-07-15 18:32:56,btc,1.8316676103766514,0.0,0.00000208,btc,385898.38316036,0.25266064,0.364666905157751,13
1,[],10,[],2019-07-15 18:32:59,664565.3470748,0.0000019,0.00000000020528056,7822014,2019-07-15 18:32:59,btc,666797.966810471,13188.6791909,0.0000019,btc,1052072.8674208,0.0,0.1130664472043698,13
1,[],21,[],2019-07-15 18:32:59,10713147.82206189,0.000002110000000000000126864664607,0.00000000022796946400000002,7822015,2019-07-15 18:32:59,btc,3.2793656702228393,1400225.60561244,0.000002110000000000000126864664606873844832080067135393619537353515625,btc,1189522.95658557,2.81194431,6.144265074412526,13
1,[],4,[],2019-07-15 18:33:00,1051125.65985785,0.00000060,0.00000000006482544,7822016,2019-07-15 18:33:00,btc,7.159803612566676,0.0,0.00000060,btc,2009550.41368586,0.12620993,0.1090434166623944,14
1,[],12,[],2019-07-15 18:33:01,238598.01793443,0.00000051,0.000000000055101623999999996,7822017,2019-07-15 18:33:01,btc,189.70650233196523,0.0,0.00000051,btc,60767.85612207,0.005461553619,0.0157676288602417,14
1,[],26,[],2019-07-15 18:35:01,0.0,0.00000050,0.0000000000540212,7822018,2019-07-15 18:35:01,btc,0.0,0.0,0.00000050,btc,0.0,0.0,0.0,14
0,[],17,[],2019-05-03 00:53:32,0.0,0,0,7558876,2019-05-03 00:53:32,btc,0.0,0.0,0,btc,0.0,0.0,0.0,14
,[],12,[],2018-12-01 15:15:48,204241.84496,0.00000489,0.000000000202473384,5260204,2018-12-01 15:15:48,btc,49.5475654835,0.0,,btc,35763.2193806,0.0163153972027625,0.0203389899998,15
0,[],4,[],2019-07-15 18:35:02,0.0,0,0,7822019,2019-07-15 18:35:02,,0.0,0.0,0,,0.0,0.0,0.0,15
0,[],2,[],2019-01-20 23:23:38,0.0,0,0,6476906,2019-01-20 23:23:38,,0.0,0.0,0,,0.0,0.0,0.0,18
1,[],4,[],2019-07-15 18:35:03,31883.87632819,0.00000775,0.0000000008373286,7822020,2019-07-15 18:35:03,btc,2.3894771461911937,0.0,0.00000775,btc,18584.05788407,0.05381237,0.0403241215049386,18
1,[],10,[],2019-07-15 18:35:05,371732.81533532,0.00000803,0.0000000008675804719999999,7822021,2019-07-15 18:35:05,btc,15.234422127160675,2035.41588408,0.00000803,btc,24884.52209998,0.0,0.1300220897186597,18
1,[],12,[],2019-07-15 18:35:07,3915.02390873,0.0000070099999999999997992512941469289700080480542965233325958251953125,0.000000000757377224,7822022,2019-07-15 18:35:07,btc,0.5288798338232498,0.0,0.0000070099999999999997992512941469289700080480542965233325958251953125,btc,2017.45230919,6.7219862e-05,0.0094624070756543,18
0,[],17,[],2019-05-03 00:53:39,0.0,0,0,7558882,2019-05-03 00:53:39,btc,0.0,0.0,0,btc,0.0,0.0,0.0,18
0,[],2,[],2019-01-20 23:24:19,0.0,0,0,6476924,2019-01-20 23:24:19,,0.0,0.0,0,,0.0,0.0,0.0,19
1,[],3,[],2019-07-15 18:37:07,159629.86716260613,0.000007920000000000000403934698189889473951552645303308963775634765625,0.000000000855695808,7822023,2019-07-15 18:37:07,btc,190.32967714728792,16672.454221,0.000007920000000000000403934698189889473951552645303308963775634765625,btc,18377.965188570633,0.0,0.09193489441274987,19
1,[],4,[],2019-07-15 18:37:08,318429.45241512,0.00000594,0.000000000641771856,7822024,2019-07-15 18:37:08,btc,2.5771646111386173,0.0,0.00000594,btc,198719.12862651,1.1410265,0.5849243239568349,19
1,[],12,[],2019-07-15 18:37:09,107016.6405899,0.000004269999999999999775010701974498061872509424574673175811767578125,0.00000000046134104799999997,7822025,2019-07-15 18:37:09,btc,0.368033704173704,0.0,0.000004269999999999999775010701974498061872509424574673175811767578125,btc,3017.42994847,0.0,0.0089818999997749,19
0,[],27,[],2019-07-15 18:37:12,0.0,0,0,7822026,2019-07-15 18:37:12,,0.0,0.0,0,btc,0.0,0.0,0.0,19
1,[],5,[],2019-07-06 02:01:19,0.0,0,0,7800799,2019-07-06 02:01:19,btc,0.0,0.0,0,btc,0.0,0.0,0.0,19
1,[],4,[],2019-07-15 18:37:13,10109815.20478478,0.00000005,0.00000000000540212,7822027,2019-07-15 18:37:13,btc,5.154892367544921,0.0,0.00000005,btc,2212540.08702876,0.0,0.1126456577405056,20
0,[],4,[],2019-07-15 18:37:14,0.0,0,0,7822028,2019-07-15 18:37:14,,54631.37727076294,0.0,0,,164576489.71072474,0.0,0.0,21
0,[],12,[],2019-07-15 18:37:16,0.0,0,0,7822029,2019-07-15 18:37:16,btc,2615.5409620323076,0.0,0,btc,11238504.02897099,9.190809e-06,0.0,21
0,[],17,[],2019-05-03 00:53:51,0.0,0,0,7558891,2019-05-03 00:53:51,btc,0.0,0.0,0,btc,0.0,0.0,0.0,21
1,[],12,[],2019-07-15 18:39:17,5714077744.242567,0.0000000011,0.00000000000011884664,7822030,2019-07-15 18:39:17,btc,1555660809037.8418,0.0,0.0000000011,btc,2728566821.399114,1.700876864158,2.318455071005484,23
0.00000000021628370000000002,[],27,[],2019-07-15 18:39:23,78150398.33966026,4.5419577000000005e-17,4.907240106064801e-21,7822031,2019-07-15 18:39:23,eth,1056.5213814896158,511606.05,0.00000021,eth,1516165.8012028,2.2130409887277002e-11,1.9307807256449635e-09,23
1,[],4,[],2019-07-15 18:39:24,5860870.86689822,0.00000018,0.000000000019447632,7822032,2019-07-15 18:39:24,btc,11.141710552052276,0.0,0.00000018,btc,1621174.2622087,0.01303549,0.1000461393141248,24
0,[],22,[],2019-07-15 18:39:26,0.0,0,0,7822033,2019-07-15 18:39:26,,0.0,0.0,0,,0.0,0.0,0.0,24
0.0,[],25,[],2019-07-15 18:39:33,0.0,0,0,7822034,2019-07-15 18:39:33,,0.0,0.0,0.0,btc,0.0,0.0,0.0,24
0,[],2,[],2019-01-20 23:25:56,0.0,0,0,6476976,2019-01-20 23:25:56,,0.0,0.0,0,,0.0,0.0,0.0,26
1,[],4,[],2019-07-15 18:39:33,26947823.13962978,0.00000290,0.00000000031332296,7822035,2019-07-15 18:39:33,btc,9.807815867970207,0.0,0.00000290,btc,205481.41431102,0.05929217,0.3911511017352962,26
1,[],10,[],2019-07-15 18:39:35,231680.47741932,0.00000251,0.000000000271186424,7822036,2019-07-15 18:39:35,btc,26.266435111879485,11184.5346234,0.00000251,btc,21820.63135168,0.0,0.0477797350676015,26
1,[],5,[],2019-04-26 09:47:06,0.0,0,0,7465326,2019-04-26 09:47:06,btc,0.0,0.0,0,btc,0.0,0.0,0.0,27
1,[],3,[],2019-06-17 14:30:26,13571825.64059417,0.00000001,0.00000000000092914,7740112,2019-06-17 14:30:26,btc,3.485049956644059,4264730.43754,0.00000001,btc,23500048.28518193,0.0,0.1357182564059417,27
1,[],11,[],2019-07-15 06:07:59,993045.80216525,0.00000001,0.000000000001021634,7819506,2019-07-15 06:07:59,btc,67502.92060589766,178.77941309,0.00000001,btc,6487362.95640949,0.0,0.0099304580216525,27
0.00000000008550030000000001,[],4,[],2019-07-15 18:39:36,593458875.5149738,9.319532700000001e-17,1.00690467978648e-20,7822037,2019-07-15 18:39:36,ltc,11.356668998492419,0.0,0.00000109,ltc,642760305.1532815,0.08693753,1.416384237551282e-08,29
1,[],7,[],2019-07-15 18:39:37,0.0,0,0,7822038,2019-07-15 18:39:37,btc,1236880.8397321948,0.0,0,btc,37049176.81848421,0.0,0.0,29
0,[],17,[],2019-05-03 01:11:25,0.0,0,0,7559066,2019-05-03 01:11:25,btc,0.0,0.0,0,btc,0.0,0.0,0.0,30
1,[],4,[],2019-07-15 18:39:38,15135841.72757379,0.00000006,0.000000000006482544,7822039,2019-07-15 18:39:38,btc,2.5708026539239883,0.0,0.00000006,btc,2188514.9831277,0.00039541,0.1645777272776771,30
1,[],4,[],2019-07-15 18:41:38,228473.1491687,0.00002600,0.0000000028091024,7822040,2019-07-15 18:41:38,btc,3.0591379935523335,0.0,0.00002600,btc,55606.17180865,0.14880925,0.3387272978461174,31
1,[],21,[],2019-07-15 18:41:39,706655.4313091,0.00002760000000000000002159730728,0.00000000298197024,7822041,2019-07-15 18:41:39,btc,6.158597481750232,43926.76806069,0.0000276000000000000000215973072759112483254284597933292388916015625,btc,165485.71976092,1.18600321,2.720175161629723,31
0,[],2,[],2019-01-20 23:28:43,0.0,0,0,6477009,2019-01-20 23:28:43,,0.0,0.0,0,,0.0,0.0,0.0,32
1,[],12,[],2019-03-30 07:55:10,40641173.964,0.00000003,0.000000000001228359,7108785,2019-03-30 07:55:10,btc,4233210.82356125,0.0,0.00000003,btc,28378394.68333462,0.0126927883965248,0.90752895892,33
0,[],4,[],2019-07-15 18:41:41,0.0,0,0,7822042,2019-07-15 18:41:41,,0.0,0.0,0,,0.0,0.0,0.0,33
0.00000000008550030000000001,[],4,[],2019-07-15 18:41:42,65849570.59920902,2.9925105e-17,3.2331801644520003e-21,7822043,2019-07-15 18:41:42,ltc,4.148870735931538,0.0,0.00000035,ltc,170984508.32729155,0.0,6.647071220338389e-10,34
1,[],5,[],2019-07-06 02:03:46,0.0,0,0,7800811,2019-07-06 02:03:46,btc,0.0,0.0,0,btc,0.0,0.0,0.0,34
0,[],4,[],2019-07-11 00:07:02,0.0,0,0,7801420,2019-07-11 00:07:02,,3.68295914902898e-08,0.0,0,,6667385825.224262,0.0,0.0,36
0.0000000002385992,[],27,[],2019-07-11 00:09:09,11642390.307056,6.9193768e-17,8.4302504017872e-21,7801421,2019-07-11 00:09:09,eth,1120.18186,0.0,0.00000029,"ltc,eth",2270631.0,0.0,1.3601704595377105e-10,36
0.0000000002926451,[],17,[],2019-05-02 18:17:47,200000.0,2.9264510000000002e-18,1.596703856561e-22,7556430,2019-05-02 18:17:47,eth,0.20942468735267253,0.0,0.00000001,"btc,eth",1018272.20243647,0.0,5.852902e-13,36
1,[],5,[],2019-05-31 13:28:21,0.0,0,0,7717484,2019-05-31 13:28:21,btc,0.0,0.0,0,btc,0.0,0.0,0.0,36
1,[],17,[],2019-05-03 01:11:36,211752.74075282,0.00000025,0.000000000013700074999999998,7559074,2019-05-03 01:11:36,btc,0.055484923955058496,0.0,0.00000025,"btc,eth",1387.19918473,0.0,0.0005381851887916605,37
1,[],4,[],2019-07-15 18:41:44,11078474.15630034,0.00000006,0.000000000006482544,7822044,2019-07-15 18:41:44,btc,19772.143130320343,0.0,0.00000006,btc,752506.25626014,0.0,0.1290730582088021,37
1,[],12,[],2019-07-15 18:41:45,9392442.18957402,0.00000005,0.00000000000540212,7822045,2019-07-15 18:41:45,btc,135.9295107428641,0.0,0.00000005,btc,2965712.68782087,0.011975255702,0.197422319478701,37
1,[],27,[],2019-07-15 18:43:49,10792.0,0.00000019,0.000000000020528056,7822046,2019-07-15 18:43:49,btc,22.62000024371233,0.0,0.00000019,btc,4248.824835,0.0,0.00164037,37
1,[],12,[],2019-07-15 18:43:51,190783.69511852,0.000001049999999999999899545958213786800428124479367397725582122802734375,0.00000000011344451999999998,7822047,2019-07-15 18:43:51,btc,650.095051756283,0.0,0.000001049999999999999899545958213786800428124479367397725582122802734375,btc,144721.65012836,0.04047842428,0.041359609270421996,42
1,[],27,[],2019-07-15 18:43:55,11.0,0.00000003,0.000000000003241272,7822048,2019-07-15 18:43:55,btc,0.07600425,0.0,0.00000003,"btc,eth",18.0,0.0,3.3e-07,42
1,[],5,[],2019-07-06 02:03:47,0.0,0,0,7800812,2019-07-06 02:03:47,btc,0.0,0.14382058,0,btc,0.0,0.0,0.0,42
1,[],12,[],2019-03-13 09:13:29,1112112.0,0.00000001,0.000000000000386531,6919902,2019-03-13 09:13:29,btc,29058.00478931866,0.0,0.00000001,btc,5967681.93306694,9.99000999e-07,0.01112112,43
1,[],5,[],2019-04-26 22:38:52,0.0,0,0,7474154,2019-04-26 22:38:52,btc,0.0,0.02638891,0,btc,0.0,0.0,0.0,43
0,[],17,[],2019-04-26 22:38:53,0.0,0,0,7474155,2019-04-26 22:38:53,btc,0.0,0.0,0,btc,0.0,0.0,0.0,43
1,[],12,[],2019-03-05 01:54:08,639326.02,0.00000004,0.000000000001486676,6845775,2019-03-05 01:54:08,btc,11116042.728239931,0.0,0.00000004,btc,1103841.4595604,0.0003330765234764,0.014975410599999999,44
0.00000000008550030000000001,[],4,[],2019-07-15 18:45:57,117857605.6649515,2.0520072e-17,2.2170378270528e-21,7822049,2019-07-15 18:45:57,ltc,4098.49923565684,0.0,0.00000024,ltc,27513649.7673703,0.0001,4.4270635260147914e-10,49
0.00000000008550030000000001,[],4,[],2019-07-15 18:45:58,307490665.6859812,1.710006e-17,1.8475315225440002e-21,7822050,2019-07-15 18:45:58,ltc,28621.062874592433,0.0,0.0000002,ltc,241233339.26013157,0.0,1.4802445171601226e-09,52
0,[],22,[],2019-07-15 18:46:01,0.0,0,0,7822051,2019-07-15 18:46:01,,10289.83185391,0.0,0,,287184669.4566013,0.0,0.0,57
0,[],27,[],2019-07-15 18:46:05,0.0,0,0,7822052,2019-07-15 18:46:05,,0.0,0.0,0,"btc,eth",0.0,0.0,0.0,57
1,[],17,[],2019-05-03 01:12:09,1200000.0,0.0000000001,0.00000000000000548003,7559085,2019-05-03 01:12:09,btc,1e+24,0.0,0.0000000001,"btc,eth",39516342.31952568,0.0,0.00010000000058666061,58
0,[],4,[],2019-07-15 18:46:06,0.0,0,0,7822053,2019-07-15 18:46:06,,19.722312032988377,0.0,0,,5976677562.44014,0.00088001,0.0,58
0,[],12,[],2019-07-15 18:46:07,0.0,0,0,7822054,2019-07-15 18:46:07,btc,671217818.3056461,0.0,0,btc,3553545412.204792,0.042583596302,0.0,58
0.0000000000784941,[],22,[],2019-07-15 18:48:10,126877.0,7.84941e-19,8.480690949839999e-23,7822055,2019-07-15 18:48:10,XMR,68.17454206,0.0,0.00000001,XMR,9626402.6,0.0,0.00126877,58
1,[],5,[],2019-06-17 14:31:27,0.0,0,0,7740135,2019-06-17 14:31:27,btc,0.0,0.00079154,0,btc,0.0,0.0,0.0,61
0,[],22,[],2019-07-15 18:48:13,0.0,0,0,7822056,2019-07-15 18:48:13,,1000.95215461,0.0,0,,8934.866843792322,0.0,0.0,61
1,[],26,[],2019-07-15 18:48:13,0.0,0.00000013,0.000000000014045512,7822057,2019-07-15 18:48:13,btc,0.0,0.0,0.00000013,btc,0.0,0.0,0.0,61
1,[],27,[],2019-07-15 18:48:18,8400.0,0.00000018,0.000000000019447632,7822058,2019-07-15 18:48:18,btc,1.97314195,0.0,0.00000018,"btc,eth",10936.9,0.0,0.001512,61
1,[],28,[],2019-07-15 18:48:29,40101.0,0.00000004,0.000000000004321696,7822059,2019-07-15 18:48:29,btc,0.242436445415105,88.0,0.00000004,btc,9316.46650005,0.0,0.00100202,61
1,[],4,[],2019-07-15 18:48:32,4332771.6275052,0.00000039,0.000000000042136536,7822060,2019-07-15 18:48:32,btc,3.5058446712331106,0.0,0.00000039,btc,1398827.52426394,0.02572774,1.4358152902301269,67
0.0,[],25,[],2019-07-15 18:48:34,0.0,0,0,7822061,2019-07-15 18:48:34,,0.0,0.0,0.0,btc,0.0,0.0,0.0,67
1,[],12,[],2019-06-02 06:23:14,910048.355,0.00000006,0.000000000005154929999999999,7725270,2019-06-02 06:23:14,btc,5.167005424215783,0.0,0.00000006,btc,738530.60239759,0.003159757462,0.0187188113,71
,[],5,[],2018-11-20 23:02:39,1.5e-07,0.00000005,0.000000000002128045,4862160,2018-11-20 23:02:39,btc,2.84511358,0.0,,btc,0.00036572,0.0,0.07381892,74
1,[],5,[],2019-07-06 00:15:01,0.0,0,0,7800749,2019-07-06 00:15:01,btc,0.0,0.01883861,0,btc,0.0,0.0,0.0,75
0,[],4,[],2019-07-10 21:51:38,0.0,0,0,7800925,2019-07-10 21:51:38,,581890.2410093442,0.0,0,,38279594.33970312,0.0,0.0,81
0,[],20,[],2019-01-25 09:30:31,0.0,0,0,6495923,2019-01-25 09:30:31,btc,0.0,0.0,0,btc,0.0,0.0,0.0,81
1,[],4,[],2019-07-15 18:48:36,164603.7341446,0.00005935,0.00000000641231644,7822062,2019-07-15 18:48:36,btc,58.392404506761714,0.0,0.00005935,btc,124578.93975804,0.57215476,0.2524723140786998,82
1,[],21,[],2019-07-15 18:48:37,293038.5313024,0.00006017000000000000158647400772,0.000000006500911208,7822063,2019-07-15 18:48:37,btc,5.081805272105994,8111.49610271,0.000060170000000000001586474007719829160123481415212154388427734375,btc,55765.89856804,0.5024621,1.7357214196062742,82
0,[],17,[],2019-03-25 22:42:34,0.0,0,0,7038780,2019-03-25 22:42:34,btc,0.0445064681804024,0.0,0,btc,995513.18476001,0.0,0.0,84
0,[],4,[],2019-07-15 18:48:38,0.0,0,0,7822064,2019-07-15 18:48:38,,1.6446423658028553,0.0,0,,602241241.4764446,0.0,0.0,85
,[],22,[],2018-11-20 23:09:34,3408.1,0.0000001,0.0000000000041895,4862324,2018-11-20 23:09:34,BTC,0.04624735,0.0,,BTC,4990.0,0.0,0.00033081,86
0,[],22,[],2019-07-15 18:48:40,0.0,0,0,7822065,2019-07-15 18:48:40,,1.87802138,0.0,0,,616186.447368421,0.0,0.0,87
1,[],27,[],2019-07-15 18:48:44,17841.0,0.00000005,0.00000000000540212,7822066,2019-07-15 18:48:44,btc,6.250621422774,0.0,0.00000005,btc,300278.29336,0.0,0.00049205,87
,[],2,[],2018-11-20 23:10:47,0.0,0,0,4862359,2018-11-20 23:10:47,,0.0,0.0,,,0.0,0.0,0.0,88
1,[],11,[],2019-07-13 06:40:01,299353.97557583,0.0000369999999999999981139219007442164866006351076066493988037109375,0.0000000043049315,7811813,2019-07-13 06:40:01,btc,156.70253706438987,1923.2,0.0000369999999999999981139219007442164866006351076066493988037109375,btc,146186.36192325,0.0,0.8075395878505254,89
0,[],2,[],2019-01-20 23:31:45,0.0,0,0,6477083,2019-01-20 23:31:45,,0.0,0.0,0,,0.0,0.0,0.0,91
0,[],17,[],2019-05-03 01:12:26,0.0,0,0,7559096,2019-05-03 01:12:26,btc,0.0,0.0,0,btc,0.0,0.0,0.0,91
1,[],12,[],2019-07-15 18:48:45,442358.94761227,0.00000045,0.000000000048619079999999995,7822067,2019-07-15 18:48:45,btc,415.0012841307958,0.0,0.00000045,btc,236671.85584967,4.155844e-06,0.0391261500954658,91
1,[],22,[],2019-07-15 18:50:50,75900.0,0.00000001,0.000000000001080424,7822068,2019-07-15 18:50:50,BTC,0.495,0.0,0.00000001,"BTC,LTC",4.95,0.0,0.001659,91
1,[],22,[],2019-07-10 21:56:00,91614.0,0.00000002,0.000000000002352202,7800934,2019-07-10 21:56:00,BTC,11.8980079,0.0,0.00000002,"BTC,LTC",347503.789747713,0.0,0.06622228,95
0,[],17,[],2019-05-03 01:12:32,0.0,0,0,7559100,2019-05-03 01:12:32,btc,0.0,0.0,0,btc,0.0,0.0,0.0,96
0.00000000008550030000000001,[],4,[],2019-07-15 18:50:51,562365937.677794,1.8810066e-17,2.0322846747984e-21,7822069,2019-07-15 18:50:51,ltc,11.650809873462117,0.0,0.00000022,ltc,174621950.29646632,0.0,6.162226657921535e-10,96
0,[],12,[],2019-07-15 18:50:51,0.0,0,0,7822070,2019-07-15 18:50:51,btc,38.02633287751249,0.0,0,btc,10917432.75124874,0.0,0.0,96
1,[],4,[],2019-04-14 03:32:46,1039404.33283278,0.00000038,0.000000000019245518,7293458,2019-04-14 03:32:46,btc,4.170086055365747,0.0,0.00000038,btc,3097704.34561074,0.06260606,0.1859928211030784,99
0,[],2,[],2019-01-20 23:23:55,0.0,0,0,6476914,2019-01-20 23:23:55,,0.0,0.0,0,,0.0,0.0,0.0,100
1,[],4,[],2019-07-15 18:52:53,205186.67308486,0.00001412,0.000000001525558688,7822071,2019-07-15 18:52:53,btc,8.59555653245716,0.0,0.00001412,btc,170382.08461486,0.12771271,0.6869200924123956,100
1,[],22,[],2019-07-15 18:52:57,146000.0,0.00000002,0.000000000002160848,7822072,2019-07-15 18:52:57,BTC,26.50623849,0.0,0.00000002,BTC,10383.92,0.0,0.00162,101
1,[],4,[],2019-07-15 18:52:57,537350.58761196,0.00000125,0.000000000135053,7822073,2019-07-15 18:52:57,btc,617.211240788714,0.0,0.00000125,btc,788667.26543919,0.0038471,0.0724424035666084,103
1,[],12,[],2019-07-15 18:52:59,62346214.05301303,0.000000004,0.00000000000043216960000000004,7822074,2019-07-15 18:52:59,btc,349456.3942671807,0.0,0.000000004,btc,111908163.6957143,0.004921059457,0.11787955821205214,105
1,[],27,[],2019-07-15 18:53:07,131091.90050008,0.00000003,0.000000000003241272,7822075,2019-07-15 18:53:07,btc,208.9479291019637,0.0,0.00000003,btc,646360.44359946,0.0,0.0020906345150027,105
1,[],22,[],2019-07-10 21:58:18,21333.0,0.00000001,0.000000000001176101,7800942,2019-07-10 21:58:18,BTC,51.38182867,0.0,0.00000001,BTC,470435.0,0.0,0.00021333,107
1,[],26,[],2019-07-10 21:58:18,0.0,0.00000000,0,7800943,2019-07-10 21:58:18,btc,0.0,0.0,0.00000000,btc,0.0,0.0,0.0,107
1,[],5,[],2019-07-06 00:19:31,0.0,0,0,7800761,2019-07-06 00:19:31,btc,0.0,0.0,0,btc,0.0,0.0,0.0,112
0,[],22,[],2019-07-15 18:53:10,0.0,0,0,7822076,2019-07-15 18:53:10,,6.79500102,0.0,0,,3375892.0833333335,0.0,0.0,112
1,[],27,[],2019-07-15 18:53:17,1.0,0.00000001,0.000000000001080424,7822077,2019-07-15 18:53:17,btc,0.0,0.0,0.00000001,"btc,eth",0.0,0.0,1e-08,112
1,[],5,[],2019-07-06 00:19:43,0.0,0,0,7800765,2019-07-06 00:19:43,btc,0.0,0.0,0,btc,0.0,0.0,0.0,113
1,[],4,[],2019-07-15 18:53:18,1123114.57717021,0.00000038,0.000000000041056112,7822078,2019-07-15 18:53:18,btc,6.666373504011009,0.0,0.00000038,btc,1033142.84821111,0.00587448,0.0955232632852504,113
1,[],17,[],2019-04-26 02:17:47,162738.278,0.00000004,0.0000000000021069000000000002,7461287,2019-04-26 02:17:47,btc,1.3331140273775473,0.0,0.00000004,btc,51796.221,0.0,0.00230953112,116
1,[],27,[],2019-07-15 18:55:23,95525.16595526,0.00000001,0.000000000001080424,7822079,2019-07-15 18:55:23,btc,3918.96611809,0.0,0.00000001,btc,99557.69,0.0,0.0009552516595526,116
1,[],4,[],2019-07-15 18:55:24,1167926.67560776,0.00000215,0.00000000023229116,7822080,2019-07-15 18:55:24,btc,87.61892674801973,0.0,0.00000215,btc,449693.37521418,0.34067994,0.1689476883092616,120
1,[],7,[],2019-07-15 18:55:24,3808.78747321,0.000007580000000000000271089574399585586661487468518316745758056640625,0.000000000818961392,7822081,2019-07-15 18:55:24,btc,231250.45396384224,6.88637696,0.000007580000000000000271089574399585586661487468518316745758056640625,btc,4245.08238999,5.171e-05,0.0094275445054934,120
1,[],20,[],2019-04-07 18:42:29,1914137.0852,0.000000035,0.0000000000017871910000000002,7211992,2019-04-07 18:42:29,btc,32.2497668025648,25528.85,0.000000035,btc,1001975.4986,0.00089350975,0.0152723574729,125
1,[],22,[],2019-06-17 14:32:38,10000.0,0.00000001,0.00000000000092914,7740161,2019-06-17 14:32:38,BTC,0.032061,0.0,0.00000001,BTC,299316.7611111111,0.0,0.0001,126
1,[],4,[],2019-07-15 18:55:26,330253.71595776,0.00000281,0.000000000303599144,7822082,2019-07-15 18:55:26,btc,2.587802523682172,0.0,0.00000281,btc,240326.89985732,0.1522725,0.1856838243307529,131
0,[],2,[],2019-01-20 23:25:46,0.0,0,0,6476969,2019-01-20 23:25:46,,0.0,0.0,0,,0.0,0.0,0.0,131
1,[],17,[],2019-05-03 01:13:10,10000.0,0.00000001,0.000000000000548003,7559115,2019-05-03 01:13:10,btc,0.0953976503951408,0.0,0.00000001,btc,5037.62507334,0.0,0.0001,131
1,[],4,[],2019-07-15 18:57:27,4107.55134913,0.00007009,0.000000007572691816,7822083,2019-07-15 18:57:27,btc,0.5135738028725937,0.0,0.00007009,btc,259.27955961,0.0,0.0051523046069081,135
1,[],3,[],2019-07-13 16:51:20,187.26592867,0.00000001,0.000000000001140965,7813490,2019-07-13 16:51:20,btc,419.77407087449336,1935513.62324,0.00000001,btc,3179086.72005867,0.0,1.8726592866999999e-06,136
1,[],4,[],2019-07-15 18:57:28,734564.53459898,0.00000101,0.000000000109122824,7822084,2019-07-15 18:57:28,btc,20.511131432730412,0.0,0.00000101,btc,595381.1674176,0.01740307,0.0748109016095454,137
1,[],12,[],2019-07-15 18:57:29,31794.68865219,0.00000096,0.00000000010372070399999998,7822085,2019-07-15 18:57:29,btc,25.49482367479253,0.0,0.00000096,btc,76587.01351402,0.000903995475,0.0050422219999863,137
1,[],4,[],2019-07-15 18:57:30,299966.9211611,0.00000709,0.000000000766020616,7822086,2019-07-15 18:57:30,btc,2.607729561075846,0.0,0.00000709,btc,132850.51732778,0.16984,0.2595926951765842,142
1,[],20,[],2019-07-15 18:59:32,115486.3225,0.000005961,0.0000000006440407464,7822087,2019-07-15 18:59:32,btc,1.5858218355917,219.3397,0.000005961,btc,9885.6594,0.0013108094341,0.0025961553224,142
1,[],22,[],2019-07-15 18:59:35,10619.88,0.00000200,0.0000000002160848,7822088,2019-07-15 18:59:35,BTC,2.99759384,0.0,0.00000200,BTC,835.7198755539798,0.0,0.00416696,142
0.0,[],25,[],2019-07-15 18:59:40,0.0,0,0,7822089,2019-07-15 18:59:40,,0.0,0.0,0.0,btc,0.0,0.0,0.0,142
0,[],28,[],2019-07-15 18:59:42,0.0,0,0,7822090,2019-07-15 18:59:42,,0.0,0.0,0,,0.0,0.0,0.0,142
1,[],17,[],2019-05-03 01:13:16,32967.38636364,0.00000088,0.000000000048224264,7559122,2019-05-03 01:13:16,btc,20.06976206696776,0.0,0.00000088,btc,2746.079105,0.0,0.0105613000000032,142
1,[],5,[],2019-07-06 02:06:10,0.0,0,0,7800822,2019-07-06 02:06:10,btc,0.0,0.00140707,0,btc,0.0,0.0,0.0,142
0,[],22,[],2019-07-15 18:59:45,0.0,0,0,7822091,2019-07-15 18:59:45,,68.37063373,0.0,0,,760031684.3744589,0.0,0.0,143
0,[],22,[],2019-02-25 15:42:22,0.0,0,0,6783783,2019-02-25 15:42:22,,4.2131946,0.0,0,,2322156.0,0.0,0.0,146
,[],22,[],2018-11-20 23:01:11,0.0,0,0,4862114,2018-11-20 23:01:11,,2.56807021,0.0,,,61828.4988236,0.0,0.0,147
1,[],12,[],2019-04-21 06:38:04,193091.5971266,0.00000071,0.000000000037635183,7388679,2019-04-21 06:38:04,btc,2.301232411611175,0.0,0.00000071,btc,9957.48302385,0.00023528,0.0313308199999888,148
1,[],4,[],2019-03-19 21:31:25,255810.0415942,0.00000029,0.000000000011615747,6982695,2019-03-19 21:31:25,btc,218.94922712414143,0.0,0.00000029,btc,793529.37642722,0.00117,0.0608347789473395,152
0,[],22,[],2019-03-19 21:31:27,0.0,0,0,6982696,2019-03-19 21:31:27,,0.0,0.0,0,,0.0,0.0,0.0,152
1,[],5,[],2019-04-26 09:36:59,0.0,0,0,7465040,2019-04-26 09:36:59,btc,0.0,0.0,0,btc,0.0,0.0,0.0,153
,[],16,[],2019-01-11 15:38:59,0.0,0,0,6366141,2019-01-11 15:38:59,btc,0.0,0.0,,btc,0.0,0.0,0.0,155
0,[],22,[],2019-07-15 18:59:50,0.0,0,0,7822092,2019-07-15 18:59:50,,7.42843365,0.0,0,,5840816.592592592,0.0,0.0,156
0,[],23,[],2019-01-20 23:24:29,0.0,0,0,6476932,2019-01-20 23:24:29,,0.0,0.0,0,,0.0,0.0,0.0,156
1,[],22,[],2019-07-15 18:59:53,6996.0,0.00000001,0.000000000001080424,7822093,2019-07-15 18:59:53,BTC,1.7543039,0.0,0.00000001,BTC,57.0,0.0,6.996e-05,157
0,[],22,[],2019-07-15 18:59:56,0.0,0,0,7822094,2019-07-15 18:59:56,,50234.60468402,0.0,0,,54786159.03179465,0.0,0.0,158
,[],17,[],2018-11-20 22:56:10,0.0,0,0,4861976,2018-11-20 22:56:10,btc,1.1265625,0.0,,btc,1000.0,0.0,0.0,159
,[],20,[],2018-11-20 22:56:12,0.0,0,0,4861977,2018-11-20 22:56:12,btc,11912.7940471,0.0,,btc,34413894.3617,0.0,0.0,159
1,[],12,[],2019-07-10 22:05:17,232905.70345548,0.0000063199999999999996293047720141711209862478426657617092132568359375,0.000000000743295832,7800964,2019-07-10 22:05:17,btc,9.923963040252861,0.0,0.0000063199999999999996293047720141711209862478426657617092132568359375,btc,15215.45465465,0.0062861,0.033379940599723996,168
1,[],17,[],2019-05-03 01:13:36,42852.0,0.00000002,0.000000000001096006,7559132,2019-05-03 01:13:36,btc,0.04279856251542,0.0,0.00000002,btc,274.46171372,0.0,0.00052852,168
1,[],22,[],2019-05-17 03:01:52,10.0,0.00000001,0.000000000000778341,7642059,2019-05-17 03:01:52,BTC,41.95893009,0.0,0.00000001,BTC,1753972.7737547632,0.0,1e-07,169
1,[],22,[],2019-07-15 19:00:00,71275.0,0.00000001,0.000000000001080424,7822095,2019-07-15 19:00:00,BTC,27.84034651,0.0,0.00000001,"BTC,LTC",254921.94947371836,3.018e-05,0.00090275,171
1,[],22,[],2019-07-15 19:00:10,442093.0,0.00000001,0.000000000001080424,7822096,2019-07-15 19:00:10,BTC,21.25995863,0.0,0.00000001,"BTC,LTC",1441168.2469384319,0.00011724,0.00738295,173
1,[],5,[],2019-07-06 02:08:45,0.0,0,0,7800830,2019-07-06 02:08:45,btc,0.0,0.00700197,0,btc,0.0,0.0,0.0,175
1,[],22,[],2019-07-15 19:00:14,10000.0,0.00000001,0.000000000001080424,7822097,2019-07-15 19:00:14,BTC,393.97654772,0.0,0.00000001,BTC,136275.61833431243,0.0,0.0001,176
1,[],22,[],2019-07-15 19:00:18,30.0,0.00000001,0.000000000001080424,7822098,2019-07-15 19:00:18,BTC,1.00242428,0.0,0.00000001,BTC,57512.0,0.0,3e-07,178
1,[],7,[],2019-07-01 10:15:32,0.0,0,0,7783526,2019-07-01 10:15:32,btc,521516.2326888725,0.0,0,btc,26809253.73522063,0.0,0.0,178
0,[],2,[],2019-01-20 23:28:34,0.0,0,0,6477001,2019-01-20 23:28:34,,0.0,0.0,0,,0.0,0.0,0.0,178
1,[],5,[],2019-07-06 02:08:50,0.0,0,0,7800832,2019-07-06 02:08:50,btc,0.0,6.904e-05,0,btc,0.0,0.0,0.0,179
0,[],22,[],2019-07-15 19:00:21,0.0,0,0,7822099,2019-07-15 19:00:21,,9.35473504,0.0,0,,14838900.311946675,0.0,0.0,179
0,[],23,[],2019-01-20 23:25:08,0.0,0,0,6476952,2019-01-20 23:25:08,,0.0,0.0,0,,0.0,0.0,0.0,179
1,[],22,[],2019-07-15 19:02:25,728963.5988636364,0.00000038,0.000000000041056112,7822100,2019-07-15 19:02:25,BTC,40.59988188,0.0,0.00000038,"BTC,LTC",156049.4107012939,0.00503231,0.58016243,180
1,[],26,[],2019-07-15 19:02:25,0.0,0.00000010,0.00000000001080424,7822101,2019-07-15 19:02:25,btc,0.0,0.0,0.00000010,btc,0.0,0.0,0.0,180
1,[],17,[],2019-05-03 01:13:56,20504.725000000002,0.0000001,0.00000000000548003,7559141,2019-05-03 01:13:56,btc,5.2010695838400265,0.0,0.0000001,btc,5033.45945,0.0,0.0011504725,180
,[],7,[],2018-11-20 22:58:01,562227.975654,0.00000085,0.000000000036176765,4862015,2018-11-20 22:58:01,btc,21836.6059674,2491.87645172,,btc,749999.041456,0.00211021,0.127565380455,183
,[],5,[],2019-01-10 08:11:41,0.0,0,0,6347036,2019-01-10 08:11:41,btc,82.15055501,0.00261,,btc,1.19002445,0.0,0.0,187
,[],17,[],2018-11-16 20:58:10,4062536.27273,0.00000001,0.000000000000550501,4708775,2018-11-16 20:58:10,btc,3.36492563466,0.195460381006,,"btc,eth",110697919.549,0.0,0.0157628953496,187
1,[],24,[],2019-05-22 21:04:52,0.0,0.000000000014,0.0000000000000010960978,7670219,2019-05-22 21:04:52,btc,0.0,0.0,0.000000000014,btc,0.0,0.0,0.0,187
0,[],22,[],2019-07-13 22:02:15,0.0,0,0,7814314,2019-07-13 22:02:15,,7.54794454,0.0,0,,76361.7243344055,0.0,0.0,191
0,[],22,[],2019-06-17 14:33:34,0.0,0,0,7740182,2019-06-17 14:33:34,,0.0,0.0,0,,0.0,0.0,0.0,197
0,[],22,[],2019-07-15 19:02:29,0.0,0,0,7822102,2019-07-15 19:02:29,,10.5844317,0.0,0,,84460965.0,0.0,0.0,199
1,[],26,[],2019-07-15 19:02:29,0.0,0.00000000,0,7822103,2019-07-15 19:02:29,btc,0.0,0.0,0.00000000,btc,0.0,0.0,0.0,199
0,[],23,[],2019-01-20 23:31:41,0.0,0,0,6477079,2019-01-20 23:31:41,,0.0,0.0,0,,0.0,0.0,0.0,199
0,[],2,[],2019-01-20 23:30:49,0.0,0,0,6477059,2019-01-20 23:30:49,,0.0,0.0,0,,0.0,0.0,0.0,201
1,[],4,[],2019-01-25 15:51:35,2084389.58565343,0.00000936,0.000000000333526752,6499557,2019-01-25 15:51:35,btc,2.0092503037378524,0.0,0.00000936,btc,160195.80207885,0.19272417,1.242687955921835,211
1,[],7,[],2019-07-01 02:21:28,1170054124.6898527,0.00000018,0.000000000019815389999999997,7782694,2019-07-01 02:21:28,btc,1346735.6331920293,0.0,0.00000018,btc,5516233.71348162,0.0,11.954344045954047,212
1,[],12,[],2019-01-25 02:44:32,207462.42853209,0.000001080000000000000035831255497387193287295303889550268650054931640625,0.000000000038610756000000006,6493050,2019-01-25 02:44:32,btc,85023.03793723314,0.0,0.000001080000000000000035831255497387193287295303889550268650054931640625,btc,43675.73520027,0.000146250909087,0.0348620860622024,213
1,[],24,[],2019-07-14 17:01:36,0.0,0.000000200000,0.00000000002082346,7817375,2019-07-14 17:01:36,btc,0.0,0.0,0.000000200000,btc,0.0,0.0,0.0,213
1,[],26,[],2019-07-14 17:01:36,0.0,0.00000040,0.00000000004164692,7817376,2019-07-14 17:01:36,btc,0.0,0.0,0.00000040,btc,0.0,0.0,0.0,213
1,[],5,[],2019-05-30 00:07:46,0.0,0,0,7709357,2019-05-30 00:07:46,btc,0.0,0.06425239,0,btc,0.0,0.0,0.0,213
0,[],22,[],2019-07-15 19:02:34,0.0,0,0,7822104,2019-07-15 19:02:34,,9.54552254,0.0,0,,3658585.214064925,0.0,0.0,216
0,[],27,[],2019-07-15 19:02:40,0.0,0,0,7822105,2019-07-15 19:02:40,,174.1455070140976,0.0,0,"btc,ltc",469967.12534794,0.0,0.0,216
1,[],22,[],2019-07-15 19:02:43,1062857.0,0.00000005,0.00000000000540212,7822106,2019-07-15 19:02:43,BTC,12055.84531524,0.0,0.00000005,BTC,624125.9750633198,9.29e-06,0.02542626,217
0,[],27,[],2019-07-15 19:02:46,0.0,0,0,7822107,2019-07-15 19:02:46,,250.20642758069673,0.0,0,btc,46772.535837,0.0,0.0,219
0,[],28,[],2019-07-15 19:02:48,0.0,0,0,7822108,2019-07-15 19:02:48,,0.0,0.0,0,,0.0,0.0,0.0,219
1,[],7,[],2019-06-27 19:02:35,0.0,0,0,7772298,2019-06-27 19:02:35,btc,2123800.2774640615,0.0,0,btc,82333746.4752352,0.0,0.0,219
0,[],22,[],2019-07-15 19:02:50,0.0,0,0,7822109,2019-07-15 19:02:50,,57.73116496,0.0,0,,182427.70709740353,0.0,0.0,221
1,[],24,[],2019-07-15 19:02:50,0.0,0.000000010000,0.000000000001080424,7822110,2019-07-15 19:02:50,btc,0.0,0.0,0.000000010000,btc,0.0,0.0,0.0,221
1,[],20,[],2019-06-17 14:34:11,26882155.8301,0.000000003,0.000000000000278742,7740192,2019-06-17 14:34:11,btc,100050.81956632523,233521.3529,0.000000003,btc,38769742.8604,0.0007925640587,0.0306863532672,224
0,[],22,[],2019-06-17 14:34:13,0.0,0,0,7740193,2019-06-17 14:34:13,,0.0,0.0,0,,0.0,0.0,0.0,224
1,[],26,[],2019-07-15 19:02:51,0.0,0.00000022,0.000000000023769328,7822111,2019-07-15 19:02:51,btc,0.0,0.0,0.00000022,btc,0.0,0.0,0.0,231
1,[],26,[],2019-07-15 19:02:51,0.0,0.00000005,0.00000000000540212,7822112,2019-07-15 19:02:51,btc,0.0,0.0,0.00000005,btc,0.0,0.0,0.0,234
0.00000000021628370000000002,[],27,[],2019-07-15 19:02:56,100.0,2.1628370000000002e-18,2.336781002888e-22,7822113,2019-07-15 19:02:56,eth,0.0,0.0,0.00000001,"btc,eth",0.0,0.0,2.162837e-16,234
1,[],4,[],2019-05-22 17:06:12,91780.56053785,0.00000078,0.000000000061977552,7669277,2019-05-22 17:06:12,btc,5.573372450018177,0.0,0.00000078,btc,729173.93529783,0.0,0.0307060663355679,236
1,[],24,[],2019-05-22 17:06:12,0.0,0.000000010000,0.000000000000794584,7669278,2019-05-22 17:06:12,btc,0.0,0.0,0.000000010000,btc,0.0,0.0,0.0,236
1,[],5,[],2019-07-06 02:11:21,0.0,0,0,7800842,2019-07-06 02:11:21,btc,0.0,0.10652887,0,btc,0.0,0.0,0.0,237
1,[],20,[],2019-07-15 19:02:58,141719013.9784,0.000000048,0.0000000000051860352,7822114,2019-07-15 19:02:58,btc,540.3037242851073,9378769.1019,0.000000048,btc,33890157.1601,0.4736924337135,0.7346400912994,237
1,[],22,[],2019-07-15 19:03:02,2131868.0,0.00000004,0.000000000004321696,7822115,2019-07-15 19:03:02,BTC,1.20109922,0.0,0.00000004,"BTC,LTC",14430.948717948719,0.0,0.0281597,237
1,[],5,[],2019-07-06 02:11:32,0.0,0,0,7800846,2019-07-06 02:11:32,btc,0.0,0.05525444,0,btc,0.0,0.0,0.0,238
1,[],4,[],2019-07-15 19:03:03,23960857.3398878,0.00000004,0.000000000004321696,7822116,2019-07-15 19:03:03,btc,2.7033863217795253,0.0,0.00000004,btc,13374780.22645708,0.04667231,0.3632715478355117,238
0.00000000008550030000000001,[],22,[],2019-07-15 19:03:06,419253.0,8.550030000000001e-19,9.23765761272e-23,7822117,2019-07-15 19:03:06,LTC,0.40428224,0.0,0.00000001,LTC,497363.0639027493,0.0,0.00419253,249
0,[],22,[],2019-07-15 19:03:09,0.0,0,0,7822118,2019-07-15 19:03:09,,13.44711564,0.0,0,,43776457.3426455,0.0,0.0,252
1,[],28,[],2019-07-15 19:03:10,1466626.0,0.00000003,0.000000000003241272,7822119,2019-07-15 19:03:10,btc,205.777381380793,370.66,0.00000003,btc,5436356.242,0.0,0.02441806,256
0.00000000008550030000000001,[],22,[],2019-07-15 19:03:13,1517.0,8.550030000000001e-19,9.23765761272e-23,7822120,2019-07-15 19:03:13,LTC,31472.74811374,0.0,0.00000001,LTC,783636.028948892,0.0,1.517e-05,258
1,[],22,[],2019-05-19 18:12:02,400.0,0.00000001,0.0000000000007957800000000001,7653905,2019-05-19 18:12:02,BTC,2.415167,0.0,0.00000001,BTC,157.0,0.0,4e-06,259
1,[],20,[],2019-07-15 19:03:16,992883.0478,0.000000147,0.0000000000158822328,7822121,2019-07-15 19:03:16,btc,0.526035716172,2551.8235,0.000000147,btc,43174.7213,0.0012586330823,0.0063214523871,264
1,[],5,[],2019-07-02 14:44:15,0.0,0,0,7788374,2019-07-02 14:44:15,btc,0.0,0.02775788,0,btc,0.0,0.0,0.0,264
0,[],22,[],2019-04-12 17:57:27,0.0,0,0,7278186,2019-04-12 17:57:27,,66.37522201,0.0,0,,677842.4169881374,0.0,0.0,271
0,[],22,[],2019-07-15 19:03:18,0.0,0,0,7822122,2019-07-15 19:03:18,,33050469.74148113,0.0,0,,14261527780.7,0.0,0.0,272
0,[],28,[],2019-07-15 19:03:19,0.0,0,0,7822123,2019-07-15 19:03:19,,0.0,0.0,0,,0.0,0.0,0.0,272
1,[],22,[],2019-05-23 07:12:29,219930.0,0.00000004,0.000000000003048688,7671985,2019-05-23 07:12:29,BTC,426.77835217,0.0,0.00000004,BTC,248664.3325962929,0.0,0.00739728,281
1,[],22,[],2019-07-15 19:03:23,940697.9,0.00000002,0.000000000002160848,7822124,2019-07-15 19:03:23,BTC,6.83879134,0.0,0.00000002,"BTC,LTC",1148577.7620311212,0.00034666,0.02445312,286
0,[],22,[],2019-07-12 21:46:03,0.0,0,0,7810176,2019-07-12 21:46:03,,7337942.20855518,0.0,0,,2077158967.6797826,0.0,0.0,294
