pairValue,buyBook,exchangeId,sellBook,updated,buyTotal,satoshiPrice,usdPrice,exchangeLogId,created,bestPair,sellTotalBtc,volume,pairPrice,activePairs,sellTotal,volumeBtc,buyTotalBtc,coinId
1,[],3,[],2019-02-03 06:15:46,118.411013365021,0.012345609999999999917275061989130335859954357147216796875,0.000000429949448421,6569887,2019-02-03 06:15:46,btc,106.9622545520586,19.6217624066,0.012345609999999999917275061989130335859954357147216796875,btc,13.756554687064002,0.0,0.059648606521381466,1
1,[],4,[],2019-02-03 06:15:46,25062.39019796,0.01226130,0.00000042701325993,6569888,2019-02-03 06:15:46,btc,0.8872064092789363,0.0,0.01226130,btc,67.47842943,0.395873,0.9495842689197623,1
1,[],5,[],2019-02-03 06:15:49,0.16091079,0.01220000,0.00000042487842,6569889,2019-02-03 06:15:49,btc,14578.46391755,0.43545732,0.01220000,btc,35555556.30222437,0.0,1.14829174,1
1,[],10,[],2019-02-03 06:15:51,272771.69792352,0.012162,0.0000004235550282,6569890,2019-02-03 06:15:51,btc,6538.364700035387,799.16125393,0.012162,btc,1084.55056077,0.0,4.968413953514387,1
1,[],12,[],2019-02-03 06:15:54,10424.41472076,0.012330000000000000681676937119846115820109844207763671875,0.00000042940581300000004,6569891,2019-02-03 06:15:54,btc,0.5298246896157,0.0,0.012330000000000000681676937119846115820109844207763671875,btc,36.22730968,0.0393633601295,0.2028394442631,1
1,[],20,[],2019-02-03 06:15:56,1150.353,0.010520007,0.0000003663708157827,6569892,2019-02-03 06:15:56,btc,0.0571053524203,0.06,0.010520007,btc,2.5234,0.00075174,0.0963135111835,1
1,[],21,[],2019-02-03 06:15:57,1806.02988378,0.01233396999999999965602626162,0.000000429544072617,6569893,2019-02-03 06:15:57,btc,18.677212033310408,11344.227118840001,0.0123339699999999996560262616185355000197887420654296875,"btc,eth",2063.2835154,131.08377955664378,14.838781330177076,1
1,[],22,[],2019-02-03 06:16:05,0.0263776,0.01350000,0.00000047015235,6569894,2019-02-03 06:16:05,BTC,0.31397231,0.0,0.01350000,BTC,0.10124366666666666,0.0,0.00034472,1
1,[],24,[],2019-02-03 06:16:06,0.0,0.000000000000,0,6569895,2019-02-03 06:16:06,btc,0.0,0.0,0.000000000000,btc,0.0,0.0,0.0,1
0.0,[],25,[],2019-02-03 06:16:07,0.0,0,0,6569896,2019-02-03 06:16:07,btc,14.66339999846361,1191.41102242,0.0,btc,1128.97022346,14.6795,0.0,1
1,[],26,[],2019-02-03 06:16:16,0.0,0,0,6569897,2019-02-03 06:16:16,,0.0,0.0,0,,0.0,0.0,0.0,1
1,[],28,[],2019-02-03 06:16:19,987.9,0.01131000,0.000000393883191,6569898,2019-02-03 06:16:19,btc,0.162839806,17538.15,0.01131000,btc,8.9,0.0,0.024551096,1
0,[],2,[],2019-01-20 23:28:45,0.0,0,0,6477011,2019-01-20 23:28:45,,0.0,0.0,0,,0.0,0.0,0.0,1
1,[],5,[],2019-02-03 06:16:20,1.923e-05,0.00000068,0.000000000023681748,6569899,2019-02-03 06:16:20,btc,0.1458597,0.00130154,0.00000068,btc,7.012e-05,0.0,0.493435,2
0,[],22,[],2019-02-03 06:16:49,0.0,0,0,6569900,2019-02-03 06:16:49,,0.0,0.0,0,,0.0,0.0,0.0,2
1,[],5,[],2019-02-03 06:16:50,1.25e-06,0.00000016,0.000000000005572176000000001,6569901,2019-02-03 06:16:50,btc,3.86624668,0.00449102,0.00000016,btc,2.204e-05,0.0,2.94658187,3
1,[],12,[],2019-02-03 06:16:51,12623828.63934546,0.000000168,0.0000000000058507848,6569902,2019-02-03 06:16:51,btc,921349.4166748078,0.0,0.000000168,btc,8296740.42272466,0.04966616493245228,0.5687130682362808,3
0,[],28,[],2019-02-03 06:16:53,0.0,0,0,6569903,2019-02-03 06:16:53,,0.0,0.0,0,,0.0,0.0,0.0,3
0,[],2,[],2019-01-20 23:31:32,0.0,0,0,6477077,2019-01-20 23:31:32,,0.0,0.0,0,,0.0,0.0,0.0,4
1,[],4,[],2019-02-03 06:16:54,375839.17626743,0.00000034,0.000000000011840874,6569904,2019-02-03 06:16:54,btc,0.3691155017610815,0.0,0.00000034,btc,343007.58799285,0.01690415,0.0402751651199012,4
1,[],12,[],2019-02-03 06:16:55,1633774.5219999999,0.00000006,0.000000000002089566,6569905,2019-02-03 06:16:55,btc,11014980.033362938,0.0,0.00000006,btc,847927.05698658,0.0054496025738804,0.03321578044,5
0,[],2,[],2019-01-20 23:31:51,0.0,0,0,6477087,2019-01-20 23:31:51,,0.0,0.0,0,,0.0,0.0,0.0,6
1,[],11,[],2019-02-03 06:16:56,7655951.5,0.00000002,0.0000000000006965220000000001,6569906,2019-02-03 06:16:56,btc,9433.369001181367,597000.0,0.00000002,btc,41221552.76067939,0.0,0.116679515,6
1,[],3,[],2019-02-03 06:16:57,1069.652384675756,0.000150559999999999995050348200464895853656344115734100341796875,0.000000005243417616,6569907,2019-02-03 06:16:57,btc,28.510202753279106,0.0,0.000150559999999999995050348200464895853656344115734100341796875,btc,234.145665820227,0.0,0.030997767816609203,7
1,[],4,[],2019-02-03 06:16:58,25871.9256335,0.00018206,0.000000006340439766,6569908,2019-02-03 06:16:58,btc,2.695019532263409,0.0,0.00018206,btc,13082.1256216,1.98083038,4.141665967057375,7
1,[],5,[],2019-02-03 06:16:59,0.00566711,0.00017507,0.000000006097005327000001,6569909,2019-02-03 06:16:59,btc,1.27937874,0.2308403,0.00017507,btc,0.01165647,0.0,1.60229525,7
1,[],20,[],2019-02-03 06:17:00,65771509.91,0.000000001,0.000000000000034826100000000003,6569910,2019-02-03 06:17:00,btc,136.3892062542774,0.0,0.000000001,btc,29825029.7669,0.0,0.06577150991,8
0,[],2,[],2019-01-20 23:22:42,0.0,0,0,6476876,2019-01-20 23:22:42,,0.0,0.0,0,,0.0,0.0,0.0,9
0,[],23,[],2019-01-20 23:22:48,0.0,0,0,6476878,2019-01-20 23:22:48,,0.0,0.0,0,,0.0,0.0,0.0,9
1,[],1,[],2019-02-03 06:17:01,2209342.59,0.00000199000000000000000523994909962244292955801938660442829132080078125,0.000000000069303939,6569911,2019-02-03 06:17:01,btc,8.3658523791,25825528.73,0.00000199000000000000000523994909962244292955801938660442829132080078125,btc,4119824.76,52.09462309,4.3325726367,9
1,[],4,[],2019-02-03 06:17:02,321065.5249112,0.00000195,0.00000000006791089500000001,6569912,2019-02-03 06:17:02,btc,0.7333504809256346,0.0,0.00000195,btc,349201.10211251,2.01359151,0.5773064722680994,9
1,[],28,[],2019-02-03 06:17:04,34500.0,0.00000165,0.000000000057463065000000006,6569913,2019-02-03 06:17:04,btc,2708.760711888,3608084.0,0.00000165,btc,10874.28,0.0,0.02854,9
1,[],4,[],2019-02-03 06:17:05,7404102.37826053,0.00000002,0.0000000000006965220000000001,6569914,2019-02-03 06:17:05,btc,0.2035971882340986,0.0,0.00000002,btc,4100158.16841361,0.00222668,0.0799114518652106,10
0,[],2,[],2019-01-20 23:23:08,0.0,0,0,6476890,2019-01-20 23:23:08,,0.0,0.0,0,,0.0,0.0,0.0,12
1,[],4,[],2019-02-03 06:17:06,3687935.65677653,0.00000137,0.000000000047711757,6569915,2019-02-03 06:17:06,btc,1.3393457538639582,0.0,0.00000137,btc,938528.23244344,2.234471,3.04753994727329,12
1,[],5,[],2019-02-03 06:17:07,1.433e-05,0.00000133,0.000000000046318713,6569916,2019-02-03 06:17:07,btc,0.70615972,0.67609255,0.00000133,btc,0.00011278,0.0,0.28332101,12
0.0,[],25,[],2019-02-03 06:17:08,0.0,0,0,6569917,2019-02-03 06:17:08,,0.0,0.0,0.0,btc,0.0,0.0,0.0,12
1,[],10,[],2019-02-03 04:17:13,610414.66104969,0.00000621,0.000000000216417258,6569326,2019-02-03 04:17:13,btc,666809.647991443,4206.5878641,0.00000621,btc,737860.47227262,0.0,0.7941841760910395,13
1,[],4,[],2019-02-03 06:17:09,309449.31404175,0.00000616,0.00000000021452877600000002,6569918,2019-02-03 06:17:09,btc,0.633484908297054,0.0,0.00000616,btc,92753.27505483,0.68180983,1.3343898816533486,13
1,[],21,[],2019-02-03 06:17:12,1275698.28193699,0.000006209999999999999835452804686,0.000000000216270081,6569919,2019-02-03 06:17:12,btc,5.23075195581764,407781.55176058,0.00000620999999999999983545280468621996305955690331757068634033203125,btc,764096.34143559,2.51808661,6.631297786497398,13
1,[],4,[],2019-02-03 06:17:12,1138646.14804886,0.00000167,0.000000000058159587000000003,6569920,2019-02-03 06:17:12,btc,0.1251836365179241,0.0,0.00000167,btc,57653.72938799,0.0054432,0.433829348884278,14
1,[],12,[],2019-02-03 06:17:13,87365.72577519,0.00000128999999999999993103715241471451946608794969506561756134033203125,0.000000000044925669,6569921,2019-02-03 06:17:13,btc,1.7849938377191792,0.0,0.00000128999999999999993103715241471451946608794969506561756134033203125,btc,37457.01291797,1.8283544823e-06,0.0111970999999951,14
0,[],17,[],2019-02-03 06:17:15,0.0,0,0,6569922,2019-02-03 06:17:15,btc,0.0,0.0,0,btc,0.0,0.0,0.0,14
1,[],26,[],2019-02-03 06:17:15,0.0,0.00000049,0.000000000017064789000000002,6569923,2019-02-03 06:17:15,btc,0.0,0.0,0.00000049,btc,0.0,0.0,0.0,14
,[],12,[],2018-12-01 15:15:48,204241.84496,0.00000489,0.000000000202473384,5260204,2018-12-01 15:15:48,btc,49.5475654835,0.0,,btc,35763.2193806,0.0163153972027625,0.0203389899998,15
0,[],4,[],2019-02-03 06:17:16,0.0,0,0,6569924,2019-02-03 06:17:16,,0.0,0.0,0,,0.0,0.0,0.0,15
0,[],2,[],2019-01-20 23:23:38,0.0,0,0,6476906,2019-01-20 23:23:38,,0.0,0.0,0,,0.0,0.0,0.0,18
1,[],4,[],2019-02-03 06:17:17,23835.19739268,0.00001780,0.00000000061990458,6569925,2019-02-03 06:17:17,btc,1.2302641888028965,0.0,0.00001780,btc,7578.83998127,0.03170385,0.0598928728199876,18
1,[],10,[],2019-02-03 06:17:20,403014.9640405,0.00001786,0.0000000006219941459999999,6569926,2019-02-03 06:17:20,btc,15.58382697398408,16281.4719635,0.00001786,btc,12299.06906819,0.0,0.3986588205214276,18
1,[],12,[],2019-02-03 06:17:21,200877.49747373,0.00001769999999999999994019540816569957542014890350401401519775390625,0.00000000061642197,6569927,2019-02-03 06:17:21,btc,0.1835915026040905,0.0,0.00001769999999999999994019540816569957542014890350401401519775390625,btc,1599.72865824,0.0,0.0190273593844252,18
0,[],17,[],2019-02-03 06:17:22,0.0,0,0,6569928,2019-02-03 06:17:22,btc,0.0,0.0,0,btc,0.0,0.0,0.0,18
0,[],2,[],2019-01-20 23:24:19,0.0,0,0,6476924,2019-01-20 23:24:19,,0.0,0.0,0,,0.0,0.0,0.0,19
1,[],3,[],2019-02-03 06:17:24,111845.12520012693,0.0000400000000000000032721221565612523818344925530254840850830078125,0.0000000013930440000000002,6569929,2019-02-03 06:17:24,btc,0.4507666114699239,11.97840172,0.0000400000000000000032721221565612523818344925530254840850830078125,btc,5170.719121372528,0.0,0.2309507588628983,19
1,[],4,[],2019-02-03 06:17:25,74548.23070256,0.00002990,0.00000000104130039,6569930,2019-02-03 06:17:25,btc,0.4169938708851849,0.0,0.00002990,btc,12056.58342852,0.38492788,1.4645596350269616,19
1,[],5,[],2019-02-03 06:17:26,0.00034857,0.00003156,0.000000001099111716,6569931,2019-02-03 06:17:26,btc,0.28928779,0.00090523,0.00003156,btc,0.00316504,0.0,0.19168276,19
1,[],12,[],2019-02-03 06:17:27,133638.38792142,0.00002724000000000000008023963438130721215202356688678264617919921875,0.000000000948662964,6569932,2019-02-03 06:17:27,btc,1.9942665259029506,0.0,0.00002724000000000000008023963438130721215202356688678264617919921875,btc,483.27357977,0.0004832863635273,0.0330241738322168,19
0,[],27,[],2019-02-03 06:19:28,0.0,0,0,6569933,2019-02-03 06:19:28,,0.0,0.0,0,,0.0,0.0,0.0,19
1,[],4,[],2019-02-03 06:19:29,9033548.33782042,0.00000014,0.0000000000048756540000000004,6569934,2019-02-03 06:19:29,btc,0.8116717874116198,0.0,0.00000014,btc,1595552.31051721,0.00029465,0.34762807277157,20
1,[],4,[],2019-02-03 06:19:30,122616432.60622224,0.00000003,0.000000000001044783,6569935,2019-02-03 06:19:30,btc,0.7483916416912767,0.0,0.00000003,btc,16393372.56438166,0.11675221,1.4623106489542852,21
1,[],12,[],2019-02-03 06:19:30,19028564.0,0.00000002,0.0000000000006965220000000001,6569936,2019-02-03 06:19:30,btc,668.544642243258,0.0,0.00000002,btc,8531814.65434831,0.0008940102697303,0.25351136,21
0,[],17,[],2019-02-03 06:19:32,0.0,0,0,6569937,2019-02-03 06:19:32,btc,0.0,0.0,0,btc,0.0,0.0,0.0,21
1,[],12,[],2019-02-03 06:19:33,2283238115.531895,0.0000000001,0.0000000000000034826100000000004,6569938,2019-02-03 06:19:33,btc,1729404717463.8264,0.0,0.0000000001,btc,5078734583.091138,0.003819678333966512,0.22832381155318954,23
0,[],27,[],2019-02-03 06:19:35,0.0,0,0,6569939,2019-02-03 06:19:35,,0.424699,0.0,0,eth,424699.0,0.0,0.0,23
1,[],4,[],2019-02-03 06:19:36,916032.18082668,0.00000082,0.000000000028557402000000002,6569940,2019-02-03 06:19:36,btc,0.0844836332413219,0.0,0.00000082,btc,73854.52879762,0.01443301,0.4005852754927509,24
1,[],22,[],2019-02-03 06:19:39,11.76,0.00000100,0.0000000000348261,6569941,2019-02-03 06:19:39,BTC,7.415e-05,0.0,0.00000100,BTC,23.919354838709676,0.0,1.176e-05,24
0.0,[],25,[],2019-02-03 06:19:40,0.0,0,0,6569942,2019-02-03 06:19:40,,0.0,0.0,0.0,btc,0.0,0.0,0.0,24
0,[],2,[],2019-01-20 23:25:56,0.0,0,0,6476976,2019-01-20 23:25:56,,0.0,0.0,0,,0.0,0.0,0.0,26
1,[],4,[],2019-02-03 06:19:41,27066972.60528611,0.00000700,0.0000000002437827,6569943,2019-02-03 06:19:41,btc,0.2825813238380223,0.0,0.00000700,btc,27343.19623299,0.11380912,0.4304922559330693,26
1,[],10,[],2019-02-03 06:19:43,725860.70874179,0.00000588,0.000000000204777468,6569944,2019-02-03 06:19:43,btc,25.975774463061523,420.59338693,0.00000588,btc,13118.16646401,0.0,0.2069460833237116,26
1,[],3,[],2019-02-03 06:19:44,9442582.93283504,0.00000002,0.0000000000006965220000000001,6569945,2019-02-03 06:19:44,btc,2.280887203521768,80103.3881346,0.00000002,btc,15506394.93222337,0.0,0.1133830782681865,27
1,[],5,[],2019-02-03 06:19:45,3e-08,0.00000002,0.0000000000006965220000000001,6569946,2019-02-03 06:19:45,btc,1.52458241,0.00462468,0.00000002,btc,4.69e-05,0.0,0.09960989,27
1,[],11,[],2019-02-03 06:19:47,10615374.41182718,0.00000005,0.0000000000017413050000000001,6569947,2019-02-03 06:19:47,btc,370.6426334117441,1000.0,0.00000005,btc,8221035.4403934,0.0,0.4936394994767663,27
1,[],4,[],2019-02-03 06:19:48,314578260.04851335,0.00000003,0.000000000001044783,6569948,2019-02-03 06:19:48,btc,4.2136021020689505,0.0,0.00000003,"btc,ltc",120670111.79827967,1.27504396,4.316751284606118,29
1,[],7,[],2019-02-03 06:19:49,40877244.81356095,0.00000003,0.000000000001044783,6569949,2019-02-03 06:19:49,btc,44465206.20443952,2373.65341392,0.00000003,btc,40561959.34575318,7.808e-05,0.7582748535825747,29
1,[],4,[],2019-02-03 06:19:49,1444668.42841895,0.00000030,0.000000000010447830000000001,6569950,2019-02-03 06:19:49,btc,0.2735082230289937,0.0,0.00000030,btc,560288.59975286,0.01014463,0.0872005037722465,30
0,[],17,[],2019-02-03 06:19:51,0.0,0,0,6569951,2019-02-03 06:19:51,btc,0.0,0.0,0,btc,0.0,0.0,0.0,30
1,[],4,[],2019-02-03 06:19:52,1131505.43173607,0.00007006,0.000000002439916566,6569952,2019-02-03 06:19:52,btc,1.8321841585027194,0.0,0.00007006,btc,22320.77364308,1.51348883,1.5910261627723385,31
1,[],21,[],2019-02-03 06:19:52,76474.78475624,0.00007163000000000000367251368205,0.0000000024945935430000003,6569953,2019-02-03 06:19:52,btc,0.9417545859904783,106637.83264498,0.000071630000000000003672513682051459227295708842575550079345703125,btc,12588.21044606,7.79566658,5.031290646068404,31
0,[],2,[],2019-01-20 23:28:43,0.0,0,0,6477009,2019-01-20 23:28:43,,0.0,0.0,0,,0.0,0.0,0.0,32
1,[],4,[],2019-02-03 06:19:53,141087106.005972,0.00000005,0.0000000000017413050000000001,6569954,2019-02-03 06:19:53,btc,3.5642013902852345,0.0,0.00000005,"btc,ltc",57367315.99410643,0.15669422,2.294833753322548,33
1,[],12,[],2019-02-03 06:19:55,19061095.278,0.00000006,0.000000000002089566,6569955,2019-02-03 06:19:55,btc,17261782.270031586,0.0,0.00000006,btc,89466155.45354629,0.007775666713287,0.7160661766799999,33
1,[],4,[],2019-02-03 06:19:56,111246271.87515794,0.00000002,0.0000000000006965220000000001,6569956,2019-02-03 06:19:56,btc,0.7718564331524844,0.0,0.00000002,btc,25728547.77174948,0.0093429,1.1125131177515792,34
1,[],5,[],2019-02-03 06:19:57,1e-08,0.00000001,0.00000000000034826100000000004,6569957,2019-02-03 06:19:57,btc,3.91224237,0.0256638,0.00000001,btc,1.343e-05,0.0,0.72909166,34
0.00000000009899830000000001,[],4,[],2019-02-03 06:19:58,1394224761.8817065,3.959932e-18,1.379089878252e-22,6569958,2019-02-03 06:19:58,ltc,8.226006177368567e-09,0.0,0.00000004,ltc,1619376321.0646732,0.0,2.6618289860409282e-09,36
1,[],5,[],2019-02-03 06:20:00,0.0,0,0,6569959,2019-02-03 06:20:00,btc,202.3675558,0.0,0,btc,1.295e-05,0.0,0.0,36
0,[],17,[],2019-02-03 06:20:02,0.0,0,0,6569960,2019-02-03 06:20:02,btc,0.1418527084178852,0.0,0,btc,10826074.27743647,0.0,0.0,36
0.00000000009899830000000001,[],27,[],2019-02-03 06:20:04,1000000.0,1.979966e-18,6.89544939126e-23,6569961,2019-02-03 06:20:04,ltc,447.7307979714,0.0,0.00000002,"ltc,eth",3711879.16,0.0,1.9799660000000002e-12,36
1,[],4,[],2019-02-03 06:20:05,507897.28263985,0.00000151,0.000000000052587411,6569962,2019-02-03 06:20:05,btc,0.42173462624353,0.0,0.00000151,btc,220207.58839196,0.07741361,0.5058348020072283,37
1,[],12,[],2019-02-03 06:20:06,408379.27051069,0.000001529999999999999962528346615642238504051420022733509540557861328125,0.000000000053283933000000004,6569963,2019-02-03 06:20:06,btc,1331.0263311996368,0.0,0.000001529999999999999962528346615642238504051420022733509540557861328125,btc,747251.88046356,0.2413774819933182,0.2827484272146899,37
1,[],17,[],2019-02-03 06:20:08,2198.29156809,0.0000015000000000000000380012861456169304119612206704914569854736328125,0.000000000052239150000000006,6569964,2019-02-03 06:20:08,btc,0.05547900019134536,8.31377709e-06,0.0000015000000000000000380012861456169304119612206704914569854736328125,btc,1383.25,0.0,0.00110651141111,37
1,[],27,[],2019-02-03 06:20:10,16843.0,0.00000046,0.000000000016020006,6569965,2019-02-03 06:20:10,btc,24.45584702489649,0.0,0.00000046,btc,5279.81438508,0.0,0.00561124,37
1,[],5,[],2019-02-03 06:20:13,1.307e-05,0.00000093,0.000000000032388273,6569966,2019-02-03 06:20:13,btc,0.10739889,0.12209383,0.00000093,btc,0.00010306,0.0,0.05793131,42
1,[],12,[],2019-02-03 06:20:14,158082.65359856,0.00000110999999999999996035831596741250137938550324179232120513916015625,0.000000000038656971,6569967,2019-02-03 06:20:14,btc,196.05338504000684,0.0,0.00000110999999999999996035831596741250137938550324179232120513916015625,btc,80685.41894452,0.0453977168624139,0.0593251800000082,42
0,[],27,[],2019-02-03 06:20:16,0.0,0,0,6569968,2019-02-03 06:20:16,,0.00315028,0.0,0,"btc,eth",11.007,0.0,0.0,42
1,[],5,[],2019-02-03 06:20:19,6e-08,0.00000003,0.000000000001044783,6569969,2019-02-03 06:20:19,btc,6.10271066,0.0,0.00000003,btc,1.425e-05,0.0,0.53368313,43
1,[],12,[],2019-02-03 06:20:20,6512129.0,0.00000002,0.0000000000006965220000000001,6569970,2019-02-03 06:20:20,btc,20007456.464722443,0.0,0.00000002,btc,38833161.74765234,0.00036916,0.06512143000000001,43
0,[],17,[],2019-02-03 06:20:22,0.0,0,0,6569971,2019-02-03 06:20:22,btc,0.0,0.0,0,btc,0.0,0.0,0.0,43
1,[],12,[],2019-02-03 06:20:23,917488.0,0.00000008,0.0000000000027860880000000004,6569972,2019-02-03 06:20:23,btc,11115205.991265818,0.0,0.00000008,btc,1007691.39860139,0.00078875982018,0.0291786,44
1,[],4,[],2019-02-03 06:20:24,235546228.59611797,0.00000002,0.0000000000006965220000000001,6569973,2019-02-03 06:20:24,btc,0.1840201054935467,0.0,0.00000002,"btc,ltc",8189482.18161888,0.00515185,0.5430027653980475,49
0.00000000009899830000000001,[],4,[],2019-02-03 06:20:25,4315421344.153138,9.89983e-19,3.44772469563e-23,6569974,2019-02-03 06:20:25,ltc,4.9943946335275005,0.0,0.00000001,ltc,1733302342.4236784,0.0,4.272193768548757e-09,52
0,[],22,[],2019-02-03 06:20:29,0.0,0,0,6569975,2019-02-03 06:20:29,,3693.67822752,0.0,0,,258485157.90882352,0.0,0.0,57
0,[],27,[],2019-02-03 06:20:30,0.0,0,0,6569976,2019-02-03 06:20:30,,0.0,0.0,0,"btc,eth",0.0,0.0,0.0,57
0.00000000009899830000000001,[],4,[],2019-02-03 06:20:31,1325369133.7423878,5.9398980000000005e-18,2.0686348173780002e-22,6569977,2019-02-03 06:20:31,ltc,3.3101653430802154,0.0,0.00000006,ltc,1302915013.0479987,0.0,5.631799883925625e-09,58
1,[],12,[],2019-02-03 06:20:32,2202689296.282997,0.0000000006,0.00000000000002089566,6569978,2019-02-03 06:20:32,btc,625179814392.0815,0.0,0.0000000006,btc,3081461624.326773,0.028630065275524485,0.8350380647645631,58
0,[],17,[],2019-02-03 06:20:34,0.0,0,0,6569979,2019-02-03 06:20:34,btc,1e+24,0.0,0,btc,41616695.95832568,0.0,0.0,58
0.0000000001222717,[],22,[],2019-02-03 06:20:37,137438.0,1.222717e-18,4.2582464513700003e-23,6569980,2019-02-03 06:20:37,XMR,69.8835922,0.0,0.00000001,XMR,9887963.0,0.0,0.00137438,58
0,[],27,[],2019-02-03 06:20:44,0.0,0,0,6569984,2019-02-03 06:20:44,,0.1550356,0.0,0,"btc,eth",155.72848,0.0,0.0,61
1,[],28,[],2019-02-03 06:20:49,6888.304,0.0000008,0.000000000027860880000000002,6569985,2019-02-03 06:20:49,btc,2.064690685900105,743.0,0.0000008,btc,11329.09500005,0.0,0.00216911304,61
1,[],5,[],2019-02-03 06:20:38,6.93e-06,0.00000053,0.000000000018457833,6569981,2019-02-03 06:20:38,btc,0.34408053,0.05074401,0.00000053,btc,0.00012123,0.0,0.07036254,61
1,[],22,[],2019-02-03 06:20:41,5111.5,0.00000011,0.000000000003830871,6569982,2019-02-03 06:20:41,BTC,1002.29606732,0.0,0.00000011,BTC,15028.700278135757,0.0,0.00051178,61
1,[],26,[],2019-02-03 06:20:41,0.0,0.00000800,0.0000000002786088,6569983,2019-02-03 06:20:41,btc,0.0,0.0,0.00000800,btc,0.0,0.0,0.0,61
1,[],4,[],2019-02-03 06:20:49,1295976.02348588,0.00000170,0.00000000005920437,6569986,2019-02-03 06:20:49,btc,0.67674297058303,0.0,0.00000170,btc,248170.56672486,0.11212182,0.9458792937169826,67
0.0,[],25,[],2019-02-03 06:20:50,0.0,0,0,6569987,2019-02-03 06:20:50,,0.0,0.0,0.0,btc,0.0,0.0,0.0,67
1,[],12,[],2019-02-03 06:20:52,3098147.68300001,0.0000001,0.0000000000034826100000000002,6569988,2019-02-03 06:20:52,btc,16893709.42495523,0.0,0.0000001,btc,2485165.58001995,0.0003068202697308,0.0847262128411122,71
,[],5,[],2018-11-20 23:02:39,1.5e-07,0.00000005,0.000000000002128045,4862160,2018-11-20 23:02:39,btc,2.84511358,0.0,,btc,0.00036572,0.0,0.07381892,74
1,[],5,[],2019-01-25 15:53:51,3.303e-05,0.00000156,0.000000000055588884,6499610,2019-01-25 15:53:51,btc,1.42844212,0.0,0.00000156,btc,0.00015937,0.0,0.49487621,75
1,[],4,[],2019-02-03 06:20:53,70997797.82492337,0.00000001,0.00000000000034826100000000004,6569989,2019-02-03 06:20:53,btc,0.8164048853705091,0.0,0.00000001,btc,15307943.35273608,0.0,0.7099779782492337,81
0,[],20,[],2019-01-25 09:30:31,0.0,0,0,6495923,2019-01-25 09:30:31,btc,0.0,0.0,0,btc,0.0,0.0,0.0,81
1,[],4,[],2019-02-03 06:20:54,23166.00948197,0.00006953,0.000000002421458733,6569990,2019-02-03 06:20:54,btc,0.8726752144515132,0.0,0.00006953,btc,8140.41998876,0.04299588,0.0455026570829066,82
1,[],21,[],2019-02-03 06:20:55,87468.40734132,0.00007524999999999999950647117108,0.000000002620664025,6569991,2019-02-03 06:20:55,btc,3.5426473347694634,3722.37026738,0.000075249999999999999506471171084598381639807485044002532958984375,btc,40675.36611383,0.28397065,4.531040263880871,82
0,[],17,[],2019-02-03 06:20:56,0.0,0,0,6569992,2019-02-03 06:20:56,btc,0.0447233088476774,0.0,0,btc,999127.19588126,0.0,0.0,84
0.00000000009899830000000001,[],4,[],2019-02-03 06:20:57,352810829.77768904,1.2869779e-17,4.482042104319e-22,6569993,2019-02-03 06:20:57,ltc,0.19754182484688096,0.0,0.00000013,ltc,68955219.26088625,0.0,1.5461188687419025e-09,85
,[],22,[],2018-11-20 23:09:34,3408.1,0.0000001,0.0000000000041895,4862324,2018-11-20 23:09:34,BTC,0.04624735,0.0,,BTC,4990.0,0.0,0.00033081,86
0,[],22,[],2019-02-03 06:21:01,0.0,0,0,6569994,2019-02-03 06:21:01,,2.07810912,0.0,0,,154826.94736842104,0.0,0.0,87
0,[],27,[],2019-02-03 06:21:04,0.0,0,0,6569995,2019-02-03 06:21:04,,0.0,0.0,0,btc,0.0,0.0,0.0,87
,[],2,[],2018-11-20 23:10:47,0.0,0,0,4862359,2018-11-20 23:10:47,,0.0,0.0,,,0.0,0.0,0.0,88
1,[],11,[],2019-02-03 06:21:06,102894.64229343,0.00018548999999999998757223285128503675878164358437061309814453125,0.0000000064598932889999995,6569996,2019-02-03 06:21:06,btc,236.47690658665914,273.599,0.00018548999999999998757223285128503675878164358437061309814453125,btc,185566.37398745,0.0,7.685861377873388,89
1,[],12,[],2019-02-03 06:21:08,518655.12839713,0.000002849999999999999818092559500382066062229569070041179656982421875,0.000000000099254385,6569997,2019-02-03 06:21:08,btc,3.6557495028724145,0.0,0.000002849999999999999818092559500382066062229569070041179656982421875,btc,28876.29415164,0.0054819634,0.1490645488000135,91
0,[],17,[],2019-02-03 06:21:09,0.0,0,0,6569998,2019-02-03 06:21:09,btc,0.0,0.0,0,btc,0.0,0.0,0.0,91
0,[],2,[],2019-01-20 23:31:45,0.0,0,0,6477083,2019-01-20 23:31:45,,0.0,0.0,0,,0.0,0.0,0.0,91
0.00000000009899830000000001,[],22,[],2019-02-03 06:21:15,37704795.571428575,6.9298810000000004e-18,2.413407286941e-22,6569999,2019-02-03 06:21:15,LTC,8.80622787,0.0,0.00000007,LTC,76324658.1,0.0,1.72417449,95
0.00000000009899830000000001,[],4,[],2019-02-03 06:21:16,132581285.14604858,1.00978266e-16,3.5166791895426004e-21,6570000,2019-02-03 06:21:16,ltc,1.1891094844690109,0.0,0.00000102,ltc,70720442.78285363,0.0,7.168849463866138e-10,96
1,[],12,[],2019-02-03 06:21:17,327026.0,0.00000001,0.00000000000034826100000000004,6570001,2019-02-03 06:21:17,btc,255063.40215946562,0.0,0.00000001,btc,7954371.33297676,4.498e-05,0.00327026,96
0,[],17,[],2019-02-03 06:21:18,0.0,0,0,6570002,2019-02-03 06:21:18,btc,0.0,0.0,0,btc,0.0,0.0,0.0,96
1,[],4,[],2019-01-28 01:29:03,1472892.19429314,0.00000039,0.000000000013841295,6517118,2019-01-28 01:29:03,btc,0.30363706505258,0.0,0.00000039,btc,473598.41813208,0.02260545,0.1322524391209234,99
1,[],4,[],2019-02-03 06:21:19,82893.85452586,0.00004554,0.000000001585980594,6570003,2019-02-03 06:21:19,btc,4.066100017002795,0.0,0.00004554,btc,74703.05009522,1.75600616,3.3324103470448776,100
0,[],2,[],2019-01-20 23:23:55,0.0,0,0,6476914,2019-01-20 23:23:55,,0.0,0.0,0,,0.0,0.0,0.0,100
1,[],22,[],2019-02-03 06:21:24,50000.0,0.00000001,0.00000000000034826100000000004,6570004,2019-02-03 06:21:24,BTC,23.50383609,0.0,0.00000001,BTC,11277.22,0.0,0.0005,101
1,[],4,[],2019-02-03 06:21:25,110442.68095886,0.00000093,0.000000000032388273,6570005,2019-02-03 06:21:25,btc,0.4005279627463378,0.0,0.00000093,btc,151703.2244379,0.028331,0.0621553842952243,103
1,[],12,[],2019-02-03 06:21:29,94455059.0,0.000000016,0.0000000000005572176000000001,6570006,2019-02-03 06:21:29,btc,138278963.57071227,0.0,0.000000016,btc,148010741.83166,0.04774958444455249,0.574486141,105
1,[],27,[],2019-02-03 06:21:31,10158052.89,0.00000001,0.00000000000034826100000000004,6570007,2019-02-03 06:21:31,btc,0.6930127791760939,8200.0,0.00000001,btc,708867.82781977,0.000164,0.1015805289,105
0,[],22,[],2019-02-03 06:21:34,0.0,0,0,6570008,2019-02-03 06:21:34,,1.07253299,0.0,0,,94300.0,0.0,0.0,107
1,[],26,[],2019-02-03 06:21:34,0.0,0.00000000,0,6570009,2019-02-03 06:21:34,btc,0.0,0.0,0.00000000,btc,0.0,0.0,0.0,107
1,[],5,[],2019-02-03 06:21:36,6e-08,0.00000003,0.000000000001044783,6570010,2019-02-03 06:21:36,btc,2.99221715,0.22044859,0.00000003,btc,1.773e-05,0.0,0.11683363,112
1,[],22,[],2019-02-03 06:21:40,1966.0,0.00000001,0.00000000000034826100000000004,6570011,2019-02-03 06:21:40,BTC,2.84203449,0.0,0.00000001,BTC,957103.5833333334,0.0,1.966e-05,112
0.0000000003153871,[],27,[],2019-02-03 06:21:43,500000.0,3.1538709999999997e-18,1.098370268331e-22,6570012,2019-02-03 06:21:43,eth,1.25356065,0.0,0.00000001,"btc,eth",1328.0,0.0,1.5769355e-12,112
1,[],4,[],2019-02-03 06:21:43,530348.76631182,0.00000369,0.000000000128508309,6570013,2019-02-03 06:21:43,btc,0.4907819543389734,0.0,0.00000369,btc,92677.97008582,0.07740664,0.4695770007137319,113
1,[],5,[],2019-02-03 06:21:45,2.352e-05,0.00000373,0.000000000129901353,6570014,2019-02-03 06:21:45,btc,2.43122524,0.00358621,0.00000373,btc,0.0038077,0.0,0.21629346,113
1,[],17,[],2019-02-03 06:21:47,212548.72400000002,0.00000004,0.0000000000013930440000000002,6570015,2019-02-03 06:21:47,btc,1.3368030274183182,0.0,0.00000004,btc,51896.221,0.0,0.00460194896,116
0,[],27,[],2019-02-03 06:21:48,0.0,0,0,6570016,2019-02-03 06:21:48,,0.0,0.0,0,btc,0.0,0.0,0.0,116
1,[],4,[],2019-02-03 06:21:50,48524.28174756,0.00002244,0.000000000781497684,6570017,2019-02-03 06:21:50,btc,0.8344952081946776,0.0,0.00002244,btc,28787.03769328,0.39239831,0.8466361997021956,120
1,[],7,[],2019-02-03 06:21:54,11042.47608396,0.00001796000000000000083899033553880286717685521580278873443603515625,0.0000000006254767560000001,6570018,2019-02-03 06:21:54,btc,88979.01926025498,31.45000271,0.00001796000000000000083899033553880286717685521580278873443603515625,btc,23774.851171950002,0.00113348,0.0983671800662184,120
1,[],20,[],2019-02-03 06:21:55,1607028.1906,0.000000013,0.00000000000045273930000000005,6570019,2019-02-03 06:21:55,btc,33.7489442370083,222.819,0.000000013,btc,1074422.3317,2.896647e-06,0.0088322132172,125
1,[],22,[],2019-02-03 06:22:07,3053.0,0.00000001,0.00000000000034826100000000004,6570020,2019-02-03 06:22:07,BTC,0.01444889,0.0,0.00000001,BTC,296264.5111111111,0.0,3.053e-05,126
1,[],4,[],2019-02-03 06:22:07,91273.55922562,0.00001498,0.0000000005216949780000001,6570021,2019-02-03 06:22:07,btc,0.5162804309556788,0.0,0.00001498,btc,26627.44794937,0.28091415,0.5834469635327763,131
0,[],17,[],2019-02-03 06:22:09,0.0,0,0,6570022,2019-02-03 06:22:09,btc,0.0008451375975800001,0.0,0,btc,30.89614684,0.0,0.0,131
0,[],2,[],2019-01-20 23:25:46,0.0,0,0,6476969,2019-01-20 23:25:46,,0.0,0.0,0,,0.0,0.0,0.0,131
1,[],4,[],2019-02-03 06:22:10,4614.89551806,0.00016007,0.000000005574613827,6570023,2019-02-03 06:22:10,btc,1.6408875198314736,0.0,0.00016007,btc,302.35845559,0.0,0.0120659733761151,135
1,[],3,[],2019-02-03 06:22:10,1794991.66354937,0.00000007,0.0000000000024378270000000002,6570024,2019-02-03 06:22:10,btc,0.1404218955014911,10821.1866357,0.00000007,btc,396442.79552494,0.0,0.0661342942725346,136
1,[],4,[],2019-02-03 06:22:11,91915.26331853,0.00000180,0.00000000006268698000000001,6570025,2019-02-03 06:22:11,btc,0.4346485525034598,0.0,0.00000180,btc,167483.44641031,0.14286069,0.1264536687477033,137
1,[],12,[],2019-02-03 05:30:49,296946.03016339,0.000001830000000000000054831898570195658493275914224795997142791748046875,0.000000000063623061,6569834,2019-02-03 05:30:49,btc,11982.848251968491,0.0,0.000001830000000000000054831898570195658493275914224795997142791748046875,btc,125906.5496324,0.1103212573626328,0.0273694300000077,137
1,[],5,[],2019-02-03 06:24:13,0.00113997,0.00003770,0.0000000013129439700000001,6570026,2019-02-03 06:24:13,btc,4.00949851,1.64295579,0.00003770,btc,0.00327759,0.0,1.3265578,142
1,[],17,[],2019-02-03 06:24:14,12500.0,0.0000001,0.0000000000034826100000000002,6570027,2019-02-03 06:24:14,btc,20.26102157906783,0.0001070700002253,0.0000001,btc,5931.99821453,0.0,0.00125,142
1,[],20,[],2019-02-03 06:24:16,149665.6766,0.000025423,0.0000000008853839403000001,6570028,2019-02-03 06:24:16,btc,4.1908266424,165.568,0.000025423,btc,10940.3001,0.0068356928796,0.2471364743976,142
1,[],22,[],2019-02-03 06:24:19,962.0,0.00001800,0.0000000006268698000000001,6570029,2019-02-03 06:24:19,BTC,3.00449528,0.0,0.00001800,BTC,899.098,0.0,0.0001637,142
0.0,[],25,[],2019-02-03 06:24:20,0.0,0,0,6570030,2019-02-03 06:24:20,,0.0,0.0,0.0,btc,0.0,0.0,0.0,142
1,[],28,[],2019-02-03 06:24:25,78705.0,0.00002500,0.0000000008706525000000001,6570031,2019-02-03 06:24:25,btc,0.0367822,1479.665,0.00002500,btc,730.0,0.0,0.0312237,142
0,[],22,[],2019-01-28 18:33:43,0.0,0,0,6521842,2019-01-28 18:33:43,,61.27958297,0.0,0,,815366265.8,0.0,0.0,143
1,[],21,[],2019-02-03 06:24:26,30221590.04599769,0.00000027,0.000000000009403047,6570032,2019-02-03 06:24:26,btc,51.59577129511146,2964739.62404878,0.00000027,btc,88123079.96395896,0.80724525,4.024056864271899,145
0,[],22,[],2019-02-03 06:24:29,0.0,0,0,6570033,2019-02-03 06:24:29,,4.58989651,0.0,0,,1927123.5,0.0,0.0,146
,[],22,[],2018-11-20 23:01:11,0.0,0,0,4862114,2018-11-20 23:01:11,,2.56807021,0.0,,,61828.4988236,0.0,0.0,147
1,[],12,[],2019-02-03 06:24:30,8691166.43406725,0.0000032899999999999998405333760664870368373158271424472332000732421875,0.000000000114577869,6570034,2019-02-03 06:24:30,btc,16.56565192746627,0.0,0.0000032899999999999998405333760664870368373158271424472332000732421875,btc,112319.49663261,0.0,0.1239664699999946,148
1,[],4,[],2019-02-03 06:24:32,306042.43277379,0.00000037,0.000000000012885657,6570035,2019-02-03 06:24:32,btc,0.6875961683770753,0.0,0.00000037,btc,502571.3208287,0.00040399,0.0678840162441816,152
0,[],22,[],2019-02-03 06:24:34,0.0,0,0,6570036,2019-02-03 06:24:34,,0.0,0.0,0,,0.0,0.0,0.0,152
1,[],5,[],2019-02-03 06:24:36,0.0,0,0,6570037,2019-02-03 06:24:36,btc,4.41264381,0.0,0,btc,0.00161275,0.0,0.0,153
,[],16,[],2019-01-11 15:38:59,0.0,0,0,6366141,2019-01-11 15:38:59,btc,0.0,0.0,,btc,0.0,0.0,0.0,155
0,[],22,[],2019-02-03 06:24:46,0.0,0,0,6570038,2019-02-03 06:24:46,,6.73312347,0.0,0,,4564272.742592593,0.0,0.0,156
0,[],23,[],2019-01-20 23:24:29,0.0,0,0,6476932,2019-01-20 23:24:29,,0.0,0.0,0,,0.0,0.0,0.0,156
1,[],22,[],2019-02-03 06:24:49,7906.0,0.00000801,0.000000000278957061,6570039,2019-02-03 06:24:49,BTC,43.78801181,0.0,0.00000801,BTC,1067.5805334758436,0.0,0.00743836,157
0,[],22,[],2019-02-03 06:24:51,0.0,0,0,6570040,2019-02-03 06:24:51,,50175.6753658,0.0,0,,54007107.04179466,0.0,0.0,158
,[],17,[],2018-11-20 22:56:10,0.0,0,0,4861976,2018-11-20 22:56:10,btc,1.1265625,0.0,,btc,1000.0,0.0,0.0,159
,[],20,[],2018-11-20 22:56:12,0.0,0,0,4861977,2018-11-20 22:56:12,btc,11912.7940471,0.0,,btc,34413894.3617,0.0,0.0,159
1,[],12,[],2019-02-03 06:24:53,189547.89901153,0.00000802999999999999935075371826354029280992108397185802459716796875,0.000000000279653583,6570041,2019-02-03 06:24:53,btc,6.6889439888734366,0.0,0.00000802999999999999935075371826354029280992108397185802459716796875,btc,15055.45460886,0.0041553858,0.0905467905385145,168
1,[],17,[],2019-02-03 06:24:54,29784.95,0.000001,0.0000000000348261,6570042,2019-02-03 06:24:54,btc,0.03026736251542,0.0,0.000001,btc,144.46171372,0.0,0.00716147,168
1,[],22,[],2019-02-03 06:25:07,3800.0,0.00000001,0.00000000000034826100000000004,6570043,2019-02-03 06:25:07,BTC,1.13102814,0.0,0.00000001,BTC,689102.4758060451,0.0,3.8e-05,169
1,[],22,[],2019-02-03 06:25:10,70848.4129032258,0.00000031,0.000000000010796091000000001,6570044,2019-02-03 06:25:10,BTC,10.32535322,0.0,0.00000031,BTC,112201.08025662598,0.00271843,0.01171261,171
1,[],22,[],2019-02-03 06:25:14,476139.78205128206,0.00000013,0.000000000004527393,6570045,2019-02-03 06:25:14,BTC,2.63950555,0.0,0.00000013,BTC,245666.90387703563,0.0,0.03640804,173
1,[],5,[],2019-02-03 06:25:16,4.004e-05,0.00000385,0.000000000134080485,6570046,2019-02-03 06:25:16,btc,0.36056989,0.00069073,0.00000385,btc,0.00032135,0.0,0.69653578,175
1,[],22,[],2019-02-03 06:25:19,49549.25714285715,0.0000004,0.000000000013930440000000001,6570047,2019-02-03 06:25:19,BTC,0.6257983,0.0,0.0000004,BTC,161300.17417750834,5.28e-05,0.01679357,176
1,[],7,[],2019-02-03 06:25:21,0.0,0,0,6570048,2019-02-03 06:25:21,btc,233208.59190894547,1248.75124875,0,btc,116200784.21566916,1.249e-05,0.0,178
0,[],22,[],2019-02-03 06:25:23,0.0,0,0,6570049,2019-02-03 06:25:23,,1.00242428,0.0,0,,57512.0,0.0,0.0,178
0,[],2,[],2019-01-20 23:28:34,0.0,0,0,6477001,2019-01-20 23:28:34,,0.0,0.0,0,,0.0,0.0,0.0,178
1,[],5,[],2019-02-03 06:25:25,3e-08,0.00000002,0.0000000000006965220000000001,6570050,2019-02-03 06:25:25,btc,16.8546231,0.01689687,0.00000002,btc,2.088e-05,0.0,1.315609,179
1,[],22,[],2019-02-03 06:25:30,7842183.0,0.00000003,0.000000000001044783,6570051,2019-02-03 06:25:30,BTC,5.52741121,0.0,0.00000003,"BTC,LTC",18415229.401989967,4.4e-07,0.38978517,179
0,[],23,[],2019-01-20 23:25:08,0.0,0,0,6476952,2019-01-20 23:25:08,,0.0,0.0,0,,0.0,0.0,0.0,179
1,[],17,[],2019-02-03 06:25:31,10504.725,0.0000001,0.0000000000034826100000000002,6570052,2019-02-03 06:25:31,btc,5.206166879877708,0.0,0.0000001,btc,6755.0074587,0.0,0.0010504725,180
1,[],22,[],2019-02-03 06:25:35,33882.94545454546,0.00000011,0.000000000003830871,6570053,2019-02-03 06:25:35,BTC,0.09806895,0.0,0.00000011,"BTC,LTC",18638.916593151593,7.697e-05,0.00351358,180
1,[],26,[],2019-02-03 06:25:35,0.0,0.00000010,0.0000000000034826100000000002,6570054,2019-02-03 06:25:35,btc,0.0,0.0,0.00000010,btc,0.0,0.0,0.0,180
,[],7,[],2018-11-20 22:58:01,562227.975654,0.00000085,0.000000000036176765,4862015,2018-11-20 22:58:01,btc,21836.6059674,2491.87645172,,btc,749999.041456,0.00211021,0.127565380455,183
,[],5,[],2019-01-10 08:11:41,0.0,0,0,6347036,2019-01-10 08:11:41,btc,82.15055501,0.00261,,btc,1.19002445,0.0,0.0,187
1,[],24,[],2019-02-03 06:25:36,0.0,0.000000000001,3.48261e-17,6570055,2019-02-03 06:25:36,btc,0.0,0.0,0.000000000001,btc,0.0,0.0,0.0,187
,[],17,[],2018-11-16 20:58:10,4062536.27273,0.00000001,0.000000000000550501,4708775,2018-11-16 20:58:10,btc,3.36492563466,0.195460381006,,"btc,eth",110697919.549,0.0,0.0157628953496,187
0,[],22,[],2019-02-03 06:25:39,0.0,0,0,6570056,2019-02-03 06:25:39,,1.19382741,0.0,0,,13380.036201072173,0.0,0.0,191
0,[],22,[],2019-01-29 02:57:02,0.0,0,0,6524994,2019-01-29 02:57:02,,0.0,0.0,0,,0.0,0.0,0.0,197
0,[],23,[],2019-01-20 23:31:41,0.0,0,0,6477079,2019-01-20 23:31:41,,0.0,0.0,0,,0.0,0.0,0.0,199
1,[],26,[],2019-02-03 06:25:40,0.0,0.00000000,0,6570057,2019-02-03 06:25:40,btc,0.0,769172.0,0.00000000,btc,0.0,0.0,0.0,199
0,[],17,[],2019-01-30 16:32:01,0.0,0,0,6540827,2019-01-30 16:32:01,btc,6.802544163788159,0.0,0,btc,105897.55575295,0.0,0.0,200
0,[],2,[],2019-01-20 23:30:49,0.0,0,0,6477059,2019-01-20 23:30:49,,0.0,0.0,0,,0.0,0.0,0.0,201
1,[],4,[],2019-01-25 15:51:35,2084389.58565343,0.00000936,0.000000000333526752,6499557,2019-01-25 15:51:35,btc,2.0092503037378524,0.0,0.00000936,btc,160195.80207885,0.19272417,1.242687955921835,211
1,[],7,[],2019-02-03 06:25:43,17282666.45602545,0.0000015000000000000000380012861456169304119612206704914569854736328125,0.000000000052239150000000006,6570058,2019-02-03 06:25:43,btc,16567795.791444158,482920.501716,0.0000015000000000000000380012861456169304119612206704914569854736328125,btc,12472799.35405574,0.0,8.897074522219285,212
1,[],5,[],2019-02-03 06:25:45,5.65e-06,0.00000036,0.000000000012537396,6570059,2019-02-03 06:25:45,btc,1.15227032,0.01449981,0.00000036,btc,3.228e-05,0.0,0.38014372,213
1,[],24,[],2019-02-03 06:25:45,0.0,0.000000050000,0.0000000000017413050000000001,6570060,2019-02-03 06:25:45,btc,0.0,0.0,0.000000050000,btc,0.0,0.0,0.0,213
1,[],26,[],2019-02-03 06:25:46,0.0,0.00000009,0.000000000003134349,6570061,2019-02-03 06:25:46,btc,0.0,0.0,0.00000009,btc,0.0,0.0,0.0,213
1,[],12,[],2019-01-25 02:44:32,207462.42853209,0.000001080000000000000035831255497387193287295303889550268650054931640625,0.000000000038610756000000006,6493050,2019-01-25 02:44:32,btc,85023.03793723314,0.0,0.000001080000000000000035831255497387193287295303889550268650054931640625,btc,43675.73520027,0.000146250909087,0.0348620860622024,213
1,[],22,[],2019-02-03 06:25:50,276400.0,0.00000002,0.0000000000006965220000000001,6570062,2019-02-03 06:25:50,BTC,70.20492877,0.0,0.00000002,BTC,291693.63137942314,0.0,0.004714,216
1,[],27,[],2019-02-03 06:25:52,5050645.0,0.0000001,0.0000000000034826100000000002,6570063,2019-02-03 06:25:52,btc,313.98413178316,0.0,0.0000001,"btc,ltc",287018.13411,0.0,0.0510735,216
1,[],22,[],2019-02-03 06:25:56,249491.07761164804,0.00000235,0.000000000081841335,6570064,2019-02-03 06:25:56,BTC,12677.89638353,0.0,0.00000235,BTC,481315.35445181513,0.14090382,0.32136658,217
1,[],7,[],2019-02-03 06:25:58,0.0,0,0,6570065,2019-02-03 06:25:58,btc,77970.02600413912,0.0,0,btc,134531561.1214003,0.0,0.0,219
0,[],27,[],2019-02-03 06:26:00,0.0,0,0,6570066,2019-02-03 06:26:00,,0.0741038339680918,0.0,0,btc,1542429.2070951,0.0,0.0,219
0.0000000000000055,[],28,[],2019-02-03 06:26:06,205135012.733,6.05e-18,2.1069790500000004e-22,6570067,2019-02-03 06:26:06,doge,88554.0318717675,14298.0,0.00110000,"btc,doge",4969437.84751,0.0,3.009177320395367e-11,219
1,[],22,[],2019-02-03 06:26:09,203201.0,0.00000038,0.000000000013233918,6570068,2019-02-03 06:26:09,BTC,2.38800089,0.0,0.00000038,BTC,31842.55212317522,0.000165,0.02039238,221
1,[],24,[],2019-02-03 06:26:09,0.0,0.000000100000,0.0000000000034826100000000002,6570069,2019-02-03 06:26:09,btc,0.0,0.0,0.000000100000,btc,0.0,0.0,0.0,221
1,[],20,[],2019-02-03 06:26:12,7367007.9295,0.000000005,0.00000000000017413050000000002,6570070,2019-02-03 06:26:12,btc,2.3587891632218,1469086.5621,0.000000005,btc,5573752.4944,0.0143695243338,0.0087087713734,224
0,[],22,[],2019-02-03 06:26:14,0.0,0,0,6570071,2019-02-03 06:26:14,,0.0,0.0,0,,0.0,0.0,0.0,224
1,[],26,[],2019-02-03 06:26:15,0.0,0.00000002,0.0000000000006965220000000001,6570072,2019-02-03 06:26:15,btc,0.0,4497.844,0.00000002,btc,0.0,0.0,0.0,231
1,[],26,[],2019-02-03 06:26:15,0.0,0.00000004,0.0000000000013930440000000002,6570073,2019-02-03 06:26:15,btc,0.0,2654.0,0.00000004,btc,0.0,0.0,0.0,234
0,[],27,[],2019-02-03 06:26:17,0.0,0,0,6570074,2019-02-03 06:26:17,,0.0113483662182,0.0,0,"btc,eth",11462.99618,0.0,0.0,234
0.00000000009899830000000001,[],22,[],2019-02-03 06:26:21,8720000.0,9.89983e-19,3.44772469563e-23,6570075,2019-02-03 06:26:21,LTC,3.62791965,0.0,0.00000001,LTC,99030043.76551227,0.0,0.0872,235
1,[],4,[],2019-02-03 06:26:22,810584.97022455,0.00000071,0.000000000024726531000000002,6570076,2019-02-03 06:26:22,btc,0.1667991613515849,0.0,0.00000071,btc,142516.20171649,0.04933102,0.1787196829225483,236
1,[],24,[],2019-02-03 06:26:22,0.0,0.000000010000,0.00000000000034826100000000004,6570077,2019-02-03 06:26:22,btc,0.0,0.0,0.000000010000,btc,0.0,0.0,0.0,236
1,[],20,[],2019-02-03 06:26:24,13077091.3776,0.000000065,0.0000000000022636965,6570078,2019-02-03 06:26:24,btc,14.4135714473088,13427513.9791,0.000000065,btc,25600642.3041,0.8674576260754,0.3955309438807,237
1,[],22,[],2019-02-03 06:26:27,10000.0,0.00000001,0.00000000000034826100000000004,6570079,2019-02-03 06:26:27,BTC,0.04103605,0.0,0.00000001,BTC,6179.0,0.0,0.0001,237
1,[],4,[],2019-02-03 06:26:28,3186360.83662115,0.00000032,0.000000000011144352000000001,6570080,2019-02-03 06:26:28,btc,0.8838826611445103,0.0,0.00000032,btc,2572647.95784362,0.29065794,0.9245001282467743,238
1,[],5,[],2019-02-03 06:26:29,3.64e-06,0.00000031,0.000000000010796091000000001,6570081,2019-02-03 06:26:29,btc,0.76186419,0.03905982,0.00000031,btc,2.906e-05,0.0,0.27111219,238
1,[],22,[],2019-02-03 06:26:32,249752.25,0.00000004,0.0000000000013930440000000002,6570082,2019-02-03 06:26:32,BTC,15.41538995,0.0,0.00000004,BTC,305689.9139027493,0.00030863,0.00799021,249
0.00000000009899830000000001,[],22,[],2019-02-03 06:26:36,4179658.0,3.959932e-18,1.379089878252e-22,6570083,2019-02-03 06:26:36,LTC,0.78482199,0.0,0.00000004,LTC,14362861.015,0.0,0.12455864,252
1,[],28,[],2019-02-03 06:26:38,2353106.872,0.00000009,0.000000000003134349,6570084,2019-02-03 06:26:38,btc,164692.27472170623,210919.9816,0.00000009,btc,718339.3995,0.0,0.0817353362,256
1,[],22,[],2019-02-03 06:26:41,101597.57142857143,0.00000007,0.0000000000024378270000000002,6570085,2019-02-03 06:26:41,BTC,35605.56384387,0.0,0.00000007,BTC,505617.34188300685,0.00069222,0.00249905,258
1,[],22,[],2019-01-26 20:58:41,368451.0,0.00000001,0.000000000000356135,6510120,2019-01-26 20:58:41,BTC,2.642917,0.0,0.00000001,"BTC,LTC",1862.0,0.0,0.02488451,259
1,[],22,[],2019-02-03 06:26:44,1874.5321847690386,0.00000810,0.00000000028209141000000003,6570086,2019-02-03 06:26:44,BTC,4.68960145,0.0,0.00000810,BTC,6366.988399675977,0.0,0.01502652,262
1,[],5,[],2019-02-03 06:26:46,7.205e-05,0.00000310,0.00000000010796091,6570087,2019-02-03 06:26:46,btc,1.24066831,0.12469471,0.00000310,btc,0.00100932,0.0,0.2576542,264
1,[],20,[],2019-02-03 06:26:48,1180846.8123,0.00000239,0.00000000008323437900000001,6570088,2019-02-03 06:26:48,btc,5.0038473665634,4435.7203,0.00000239,btc,94492.7524,0.0196579543509,0.0464840801244,264
1,[],22,[],2019-02-03 06:26:51,139217.0,0.00000002,0.0000000000006965220000000001,6570089,2019-02-03 06:26:51,BTC,8.66233915,0.0,0.00000002,BTC,334094.0934647885,9.658e-05,0.00228671,271
0,[],22,[],2019-02-03 06:26:54,0.0,0,0,6570090,2019-02-03 06:26:54,,368.98163014,0.0,0,,14553457703.9,0.0,0.0,272
0.0000000000000055,[],28,[],2019-02-03 06:26:56,221560773280.48,5.775000000000001e-21,2.0112072750000002e-25,6570091,2019-02-03 06:26:56,doge,299053878.57510877,2248192269.9,0.00000105,doge,195714357818.1598,0.0,6.985743834781907e-10,272
0,[],22,[],2019-02-03 06:27:00,0.0,0,0,6570092,2019-02-03 06:27:00,,0.0,0.0,0,,0.0,0.0,0.0,281
