pairValue,buyBook,exchangeId,sellBook,updated,buyTotal,satoshiPrice,usdPrice,exchangeLogId,created,bestPair,sellTotalBtc,volume,pairPrice,activePairs,sellTotal,volumeBtc,buyTotalBtc,coinId
1,[],3,[],2019-05-09 13:44:26,32374.755576538377,0.01121351999999999939083838995657060877420008182525634765625,0.000000677400893736,7595192,2019-05-09 13:44:26,btc,3.5150931400537178,11.9059579382,0.01121351999999999939083838995657060877420008182525634765625,btc,26.061334532503,0.0,0.5785823734258118,1
1,[],4,[],2019-05-09 13:44:27,207761.88483777,0.01114600,0.0000006733220578,7595193,2019-05-09 13:44:27,btc,8.962110306494715,0.0,0.01114600,btc,406.97044522,5.85886764,0.5119986302315015,1
1,[],5,[],2019-05-09 13:44:30,0.0,0,0,7595194,2019-05-09 13:44:30,btc,0.0,0.46416746,0,btc,0.0,0.0,0.0,1
1,[],10,[],2019-05-09 13:44:32,184880.54057877,0.00918117,0.0000005546280528810001,7595195,2019-05-09 13:44:32,btc,6525.136734574978,1109.0269211,0.00918117,btc,1459.06003786,0.0,3.8354380522871176,1
1,[],12,[],2019-05-09 13:46:34,73.23864507,0.01101000000000000068889338677990963333286345005035400390625,0.0000006651063930000001,7595196,2019-05-09 13:46:34,btc,0.1477943789658,0.0,0.01101000000000000068889338677990963333286345005035400390625,btc,9.91851301,0.0893236232737,0.292485024019,1
1,[],20,[],2019-05-09 13:46:35,975.4211,0.010710031,0.0000006469854756883001,7595197,2019-05-09 13:46:35,btc,0.1206274483437,0.0,0.010710031,btc,8.708,0.0,0.1760883543421,1
1,[],21,[],2019-05-09 13:46:37,1972.27380446,0.01101270000000000026663116159,0.00000066526949811,7595198,2019-05-09 13:46:37,btc,22.678912637963556,2712.4774940800003,0.01101270000000000026663116159397759474813938140869140625,"btc,eth",2402.16847713,27.219677011488578,14.895064825675231,1
0,[],22,[],2019-05-09 13:46:40,0.0,0,0,7595199,2019-05-09 13:46:40,,0.3163308,0.0,0,,0.2527518593615956,0.0,0.0,1
1,[],24,[],2019-05-09 13:46:40,0.0,0.000000000000,0,7595200,2019-05-09 13:46:40,btc,0.0,0.0,0.000000000000,btc,0.0,0.0,0.0,1
0.0,[],25,[],2019-05-09 13:46:41,0.0,0,0,7595201,2019-05-09 13:46:41,btc,33.54999999873542,656.88174668,0.0,btc,2982.66185607,7.432,0.0,1
1,[],26,[],2019-05-09 13:46:43,0.0,0,0,7595202,2019-05-09 13:46:43,,0.0,0.0,0,,0.0,0.0,0.0,1
0,[],28,[],2019-05-09 13:46:44,0.0,0,0,7595203,2019-05-09 13:46:44,,0.0,0.0,0,,0.0,0.0,0.0,1
0,[],2,[],2019-01-20 23:28:45,0.0,0,0,6477011,2019-01-20 23:28:45,,0.0,0.0,0,,0.0,0.0,0.0,1
1,[],5,[],2019-05-09 13:46:46,0.0,0,0,7595204,2019-05-09 13:46:46,btc,0.0,0.00097175,0,btc,0.0,0.0,0.0,2
1,[],22,[],2019-05-09 13:46:50,9148.0,0.00000001,0.000000000000604093,7595205,2019-05-09 13:46:50,BTC,21.00846647,0.0,0.00000001,"BTC,XMR",24148.96059725142,0.0,0.00095635,2
1,[],5,[],2019-05-09 13:46:52,0.0,0,0,7595206,2019-05-09 13:46:52,btc,0.0,0.51492274,0,btc,0.0,0.0,0.0,3
1,[],12,[],2019-05-09 13:46:53,2405569.10957685,0.000000147,0.0000000000088801671,7595207,2019-05-09 13:46:53,btc,2714596.6426108424,0.0,0.000000147,btc,4104711.42202334,0.068071005668423,0.25041016404005695,3
0,[],28,[],2019-05-09 13:46:55,0.0,0,0,7595208,2019-05-09 13:46:55,,0.0,0.0,0,,0.0,0.0,0.0,3
0,[],2,[],2019-01-20 23:31:32,0.0,0,0,6477077,2019-01-20 23:31:32,,0.0,0.0,0,,0.0,0.0,0.0,4
1,[],4,[],2019-04-26 19:14:12,610911.70993152,0.00000026,0.000000000013566046,7471614,2019-04-26 19:14:12,btc,31.457742656463164,0.0,0.00000026,btc,718733.71307795,0.00142695,0.0638464483338706,4
0,[],12,[],2019-04-25 23:08:22,0.0,0,0,7459310,2019-04-25 23:08:22,btc,1111851.94727753,0.0,0,btc,953412.0,0.0,0.0,5
0,[],2,[],2019-01-20 23:31:51,0.0,0,0,6477087,2019-01-20 23:31:51,,0.0,0.0,0,,0.0,0.0,0.0,6
1,[],11,[],2019-05-09 13:46:58,5042415.307535999,0.00000001,0.000000000000604093,7595209,2019-05-09 13:46:58,btc,9576.528282469495,105000.0,0.00000001,btc,47790888.75253575,0.0,0.05042415307536,6
1,[],3,[],2019-05-09 13:46:59,11075.2995006703,0.00017152000000000001121193415887233868488692678511142730712890625,0.000000010361403136,7595210,2019-05-09 13:46:59,btc,19.04428852562793,42.9438395808,0.00017152000000000001121193415887233868488692678511142730712890625,btc,314.713226454214,0.0,0.030104076619432825,7
1,[],4,[],2019-05-09 13:47:00,38595.28498717,0.00016729,0.000000010105871797000001,7595211,2019-05-09 13:47:00,btc,8.01655387740504,0.0,0.00016729,btc,35042.38097715,3.25767757,3.12834805643196,7
1,[],5,[],2019-05-09 13:47:01,0.0,0,0,7595212,2019-05-09 13:47:01,btc,0.0,0.60086673,0,btc,0.0,0.0,0.0,7
1,[],20,[],2019-04-07 22:06:50,3201475.0482,0.000000001,0.000000000000051590000000000004,7213932,2019-04-07 22:06:50,btc,30.8005781811902,0.0,0.000000001,btc,23077405.3926,0.0,0.0032014750482,8
0,[],2,[],2019-01-20 23:22:42,0.0,0,0,6476876,2019-01-20 23:22:42,,0.0,0.0,0,,0.0,0.0,0.0,9
0,[],23,[],2019-01-20 23:22:48,0.0,0,0,6476878,2019-01-20 23:22:48,,0.0,0.0,0,,0.0,0.0,0.0,9
1,[],1,[],2019-02-17 23:31:42,1822507.21,0.00000181000000000000003456111265232042484285557293333113193511962890625,0.000000000066086901,6701244,2019-02-17 23:31:42,btc,3.6990969245,17153386.5,0.00000181000000000000003456111265232042484285557293333113193511962890625,btc,1997391.71,31.11772986,3.2610482446,9
1,[],4,[],2019-05-09 13:47:03,21691639.70705032,0.00000080,0.000000000048327440000000005,7595213,2019-05-09 13:47:03,btc,4.063408261335349,0.0,0.00000080,btc,3219952.8845483,0.46386489,0.8265007213672942,9
0,[],28,[],2019-05-09 13:47:09,0.0,0,0,7595214,2019-05-09 13:47:09,,0.0,3643589.686,0,,0.0,0.0,0.0,9
1,[],4,[],2019-02-17 11:22:43,4341674.27126056,0.00000002,0.0000000000007272960000000001,6696112,2019-02-17 11:22:43,btc,0.1997230937751353,0.0,0.00000002,btc,4109766.79808031,0.00215132,0.0479381022052112,10
0,[],2,[],2019-01-20 23:23:08,0.0,0,0,6476890,2019-01-20 23:23:08,,0.0,0.0,0,,0.0,0.0,0.0,12
1,[],4,[],2019-05-09 13:47:10,8242564.53511744,0.00000086,0.000000000051951998,7595215,2019-05-09 13:47:10,btc,6.962113132745233,0.0,0.00000086,btc,4994580.8432605,1.04080129,3.052420887820912,12
1,[],5,[],2019-05-09 13:47:11,0.0,0,0,7595216,2019-05-09 13:47:11,btc,0.0,0.04168062,0,btc,0.0,0.0,0.0,12
0.0,[],25,[],2019-05-09 13:47:13,0.0,0,0,7595217,2019-05-09 13:47:13,,0.0,0.0,0.0,btc,0.0,0.0,0.0,12
1,[],10,[],2019-05-09 12:21:42,535056.79395579,0.00000607,0.000000000367395855,7594258,2019-05-09 12:21:42,btc,666793.5220601415,7750.53362206,0.00000607,btc,741984.76163999,0.0,0.4258070906047522,13
1,[],4,[],2019-05-09 13:47:14,31992802.08832047,0.00000609,0.00000000036789263700000005,7595218,2019-05-09 13:47:14,btc,2.346538353776736,0.0,0.00000609,btc,277231.93275772,0.90884259,0.8110036056938488,13
1,[],21,[],2019-05-09 13:47:17,4052123.14008151,0.000006109999999999999945857111910,0.000000000369100823,7595219,2019-05-09 13:47:17,btc,4.190423036568253,756752.27420622,0.0000061099999999999999458571119104188795745358220301568508148193359375,btc,584182.82184693,4.7560652,19.326242485897467,13
1,[],4,[],2019-05-09 13:47:18,1064896.43666172,0.00000091,0.000000000054972463000000005,7595220,2019-05-09 13:47:18,btc,6.350532971841714,0.0,0.00000091,btc,1275152.74432267,0.00697946,0.1918153862191564,14
1,[],12,[],2019-05-09 13:47:19,254986.73659296,0.00000085,0.000000000051347905,7595221,2019-05-09 13:47:19,btc,0.118233645051354,0.0,0.00000085,btc,14579.91059467,0.0011548468531507,0.0285128399999625,14
1,[],26,[],2019-05-09 13:47:21,0.0,0.00000050,0.00000000003020465,7595222,2019-05-09 13:47:21,btc,0.0,0.0,0.00000050,btc,0.0,0.0,0.0,14
0,[],17,[],2019-05-03 00:53:32,0.0,0,0,7558876,2019-05-03 00:53:32,btc,0.0,0.0,0,btc,0.0,0.0,0.0,14
,[],12,[],2018-12-01 15:15:48,204241.84496,0.00000489,0.000000000202473384,5260204,2018-12-01 15:15:48,btc,49.5475654835,0.0,,btc,35763.2193806,0.0163153972027625,0.0203389899998,15
0,[],4,[],2019-05-09 13:47:21,0.0,0,0,7595223,2019-05-09 13:47:21,,0.0,0.0,0,,0.0,0.0,0.0,15
1,[],4,[],2019-05-09 13:39:01,30039.94335112,0.00001264,0.0000000007620466400000001,7595077,2019-05-09 13:39:01,btc,1.108841517117309,0.0,0.00001264,btc,14202.75040513,0.02517148,0.0905489917938015,18
1,[],10,[],2019-05-09 13:39:03,168323.09750994,0.00001375,0.0000000008289668750000001,7595078,2019-05-09 13:39:03,btc,15.913436996962131,4338.32197141,0.00001375,btc,36551.64307479,0.0,0.502561900305034,18
1,[],12,[],2019-05-09 13:39:04,222116.33796639,0.000013410000000000000356672157086901364664299762807786464691162109375,0.0000000008084687850000001,7595079,2019-05-09 13:39:04,btc,33215.3198032356,0.0,0.000013410000000000000356672157086901364664299762807786464691162109375,btc,1201.04048086,4.023e-07,0.0127577832365319,18
0,[],2,[],2019-01-20 23:23:38,0.0,0,0,6476906,2019-01-20 23:23:38,,0.0,0.0,0,,0.0,0.0,0.0,18
0,[],17,[],2019-05-03 00:53:39,0.0,0,0,7558882,2019-05-03 00:53:39,btc,0.0,0.0,0,btc,0.0,0.0,0.0,18
0,[],2,[],2019-01-20 23:24:19,0.0,0,0,6476924,2019-01-20 23:24:19,,0.0,0.0,0,,0.0,0.0,0.0,19
1,[],3,[],2019-05-09 13:47:23,161728.45807903673,0.000012809999999999999325032105923494185617528273724019527435302734375,0.000000000773843133,7595224,2019-05-09 13:47:23,btc,0.26459652124669636,877.526669329,0.000012809999999999999325032105923494185617528273724019527435302734375,btc,7252.566877867577,0.0,0.09907263371458667,19
1,[],4,[],2019-05-09 13:47:24,477158.27640819,0.00001593,0.0000000009623201490000001,7595225,2019-05-09 13:47:24,btc,3.9687470847761817,0.0,0.00001593,btc,132369.69234197,0.28810806,1.3307744132887607,19
1,[],5,[],2019-05-09 13:47:25,0.0,0,0,7595226,2019-05-09 13:47:25,btc,0.0,0.00039159,0,btc,0.0,0.0,0.0,19
1,[],12,[],2019-05-09 13:47:26,199983.52083828,0.00001313999999999999955362095516164799846592359244823455810546875,0.0000000007937782020000001,7595227,2019-05-09 13:47:26,btc,0.2955749361728515,0.0,0.00001313999999999999955362095516164799846592359244823455810546875,btc,2936.49809387,0.0023411648104733,0.0922766999995669,19
1,[],27,[],2019-05-09 13:47:32,100.0,0.0000001,0.0000000000060409300000000006,7595228,2019-05-09 13:47:32,btc,0.0,0.0,0.0000001,btc,0.0,0.0,1e-05,19
1,[],4,[],2019-05-09 13:47:35,1836012.68511266,0.00000010,0.0000000000060409300000000006,7595229,2019-05-09 13:47:35,btc,5.279149685630553,0.0,0.00000010,btc,2278170.28595418,0.00084166,0.0609519463482092,20
1,[],4,[],2019-05-09 13:47:36,75202889.98118357,0.00000001,0.000000000000604093,7595230,2019-05-09 13:47:36,btc,39164.3925693245,0.0,0.00000001,btc,55373627.28986641,0.00098099,0.7520288998118358,21
1,[],12,[],2019-05-09 13:47:37,5289036.0,0.00000001,0.000000000000604093,7595231,2019-05-09 13:47:37,btc,2895.662019010819,0.0,0.00000001,btc,7236925.79820176,0.00050385001998,0.052890360000000004,21
0,[],17,[],2019-05-03 00:53:51,0.0,0,0,7558891,2019-05-03 00:53:51,btc,0.0,0.0,0,btc,0.0,0.0,0.0,21
1,[],12,[],2019-05-09 13:39:21,8775863160.808,0.0000000005,0.00000000000003014425,7595088,2019-05-09 13:39:21,btc,311119522174.0524,0.0,0.0000000005,btc,2858552363.339066,0.12574309412137868,2.216508321004,23
0.000000000280463,[],27,[],2019-05-09 13:39:27,12232594.0,5.60926e-18,3.3817387151000003e-22,7595089,2019-05-09 13:39:27,eth,10182.611327186512,985274381.0,0.00000002,eth,3870023.6944,5.52666017436806e-09,4.33365537877e-11,23
1,[],4,[],2019-05-09 13:47:39,787311.95415083,0.00000032,0.000000000019330976,7595232,2019-05-09 13:47:39,btc,14.057253346244753,0.0,0.00000032,btc,2105654.61468928,0.03785266,0.0832915523579964,24
1,[],22,[],2019-05-09 13:47:42,1021.76,0.00000100,0.0000000000604093,7595233,2019-05-09 13:47:42,BTC,7.415e-05,0.0,0.00000100,BTC,23.919354838709676,0.0,0.00011186,24
0.0,[],25,[],2019-05-09 13:47:44,0.0,0,0,7595234,2019-05-09 13:47:44,,0.0,0.0,0.0,btc,0.0,0.0,0.0,24
0,[],2,[],2019-01-20 23:25:56,0.0,0,0,6476976,2019-01-20 23:25:56,,0.0,0.0,0,,0.0,0.0,0.0,26
1,[],4,[],2019-05-09 13:47:45,26980560.55452251,0.00000484,0.000000000292381012,7595235,2019-05-09 13:47:45,btc,11.390405936288241,0.0,0.00000484,btc,321079.79516758,0.10380373,0.5467481045486741,26
1,[],10,[],2019-05-09 13:47:47,117439.40966466,0.00000852,0.000000000514687236,7595236,2019-05-09 13:47:47,btc,25.850221142113636,2928.04056481,0.00000852,btc,20006.96842861,0.0,0.0667620490146448,26
1,[],11,[],2019-04-30 04:16:17,7094566.83690364,0.00000006,0.000000000003115554,7518027,2019-04-30 04:16:17,btc,67504.138725751,6116.07566417,0.00000006,btc,6591680.7351637,0.0,0.38529422037817224,27
1,[],5,[],2019-04-26 09:47:06,0.0,0,0,7465326,2019-04-26 09:47:06,btc,0.0,0.0,0,btc,0.0,0.0,0.0,27
1,[],3,[],2019-04-28 02:38:55,141621.60361514,0.00000001,0.0000000000005253330000000001,7491060,2019-04-28 02:38:55,btc,2.501704004580372,921815.184511,0.00000001,btc,21091882.2176418,0.0,0.0014162160361513999,27
1,[],4,[],2019-05-09 13:47:48,1492044746.8976536,0.00000001,0.000000000000604093,7595237,2019-05-09 13:47:48,btc,5.242260610989818,0.0,0.00000001,"btc,ltc",295660438.6299951,0.43637677,9.274316198610284,29
1,[],7,[],2019-05-09 13:47:50,112859448.2164338,0.00000001,0.000000000000604093,7595238,2019-05-09 13:47:50,btc,46550610.55040742,352427.572428,0.00000001,btc,33596056.85117277,0.00704855,1.1285944821643379,29
0,[],17,[],2019-05-03 01:11:25,0.0,0,0,7559066,2019-05-03 01:11:25,btc,0.0,0.0,0,btc,0.0,0.0,0.0,30
1,[],4,[],2019-05-09 13:47:51,1681761.3809739,0.00000013,0.000000000007853209,7595239,2019-05-09 13:47:51,btc,2.8598006376534983,0.0,0.00000013,btc,2549119.44847338,0.00958754,0.0527331761446512,30
1,[],4,[],2019-05-09 13:47:52,246204.62533649,0.00005445,0.0000000032892863850000003,7595240,2019-05-09 13:47:52,btc,6.3115947612060745,0.0,0.00005445,btc,60461.80839196,0.84103056,0.6203862168870614,31
1,[],21,[],2019-05-09 13:47:53,93698.97674873,0.00005383999999999999951181411939,0.0000000032524367120000003,7595241,2019-05-09 13:47:53,btc,4.388635448242178,296477.19515541,0.000053839999999999999511814119390606947490596212446689605712890625,btc,73091.76791424,17.28402068,3.8077086472862556,31
0,[],2,[],2019-01-20 23:28:43,0.0,0,0,6477009,2019-01-20 23:28:43,,0.0,0.0,0,,0.0,0.0,0.0,32
1,[],12,[],2019-03-30 07:55:10,40641173.964,0.00000003,0.000000000001228359,7108785,2019-03-30 07:55:10,btc,4233210.82356125,0.0,0.00000003,btc,28378394.68333462,0.0126927883965248,0.90752895892,33
0,[],4,[],2019-05-09 13:47:54,0.0,0,0,7595242,2019-05-09 13:47:54,,0.0,0.0,0,,0.0,0.0,0.0,33
1,[],4,[],2019-05-09 13:47:55,10291.376,0.00000001,0.000000000000604093,7595243,2019-05-09 13:47:55,btc,3.9057967773295066,0.0,0.00000001,btc,153826162.21542788,0.0,0.00010291376,34
1,[],5,[],2019-05-09 13:47:57,0.0,0,0,7595244,2019-05-09 13:47:57,btc,0.0,0.00087826,0,btc,0.0,0.0,0.0,34
0.000000000133684,[],4,[],2019-05-02 18:17:45,3384239970.6360936,1.3368400000000002e-18,7.293946092400001e-23,7556428,2019-05-02 18:17:45,ltc,5.381102735485169e-08,0.0,0.00000001,ltc,6862894551.7408495,0.0,4.524187362345155e-09,36
1,[],5,[],2019-05-02 18:17:46,0.0,0,0,7556429,2019-05-02 18:17:46,btc,0.0,0.0,0,btc,0.0,0.0,0.0,36
0.0000000002926451,[],17,[],2019-05-02 18:17:47,200000.0,2.9264510000000002e-18,1.596703856561e-22,7556430,2019-05-02 18:17:47,eth,0.20942468735267253,0.0,0.00000001,"btc,eth",1018272.20243647,0.0,5.852902e-13,36
0.000000000133684,[],27,[],2019-05-02 18:17:55,7883196.008,1.3368400000000002e-18,7.293946092400001e-23,7556431,2019-05-02 18:17:55,ltc,25567.4086131264,0.0,0.00000001,"ltc,eth",21753551.64,0.0,1.0538571751334722e-11,36
1,[],17,[],2019-05-03 01:11:36,211752.74075282,0.00000025,0.000000000013700074999999998,7559074,2019-05-03 01:11:36,btc,0.055484923955058496,0.0,0.00000025,"btc,eth",1387.19918473,0.0,0.0005381851887916605,37
1,[],4,[],2019-05-09 13:47:58,394556.44730933,0.00000025,0.000000000015102325,7595245,2019-05-09 13:47:58,btc,19772.89001448577,0.0,0.00000025,btc,980178.14536836,0.00589006,0.0521120993970265,37
1,[],12,[],2019-05-09 13:47:58,1070319.72727271,0.00000025,0.000000000015102325,7595246,2019-05-09 13:47:58,btc,61604.961237269,0.0,0.00000025,btc,536144.80423552,0.0409305436688913,0.1084539799999963,37
1,[],27,[],2019-05-09 13:48:07,1600.0,0.00000015,0.000000000009061395000000001,7595247,2019-05-09 13:48:07,btc,24.12824334291843,0.0,0.00000015,btc,5839.49448498,0.0,3e-05,37
1,[],5,[],2019-05-09 13:48:09,0.0,0,0,7595248,2019-05-09 13:48:09,btc,0.0,0.04844937,0,btc,0.0,0.0,0.0,42
1,[],12,[],2019-05-09 13:48:10,393183.9253985,0.00000233000000000000013808507288992633021962319617159664630889892578125,0.00000000014075366900000002,7595249,2019-05-09 13:48:10,btc,1222239.0402664226,0.0,0.00000233000000000000013808507288992633021962319617159664630889892578125,btc,88006.2048085,0.3746956162760714,0.1267565398029679,42
1,[],27,[],2019-05-09 13:48:25,506.0,0.00000100,0.0000000000604093,7595250,2019-05-09 13:48:25,btc,1.26348481871465,0.0027843,0.00000100,"btc,eth",1337.32652545,7e-08,0.00010000000058003634,42
1,[],12,[],2019-03-13 09:13:29,1112112.0,0.00000001,0.000000000000386531,6919902,2019-03-13 09:13:29,btc,29058.00478931866,0.0,0.00000001,btc,5967681.93306694,9.99000999e-07,0.01112112,43
1,[],5,[],2019-04-26 22:38:52,0.0,0,0,7474154,2019-04-26 22:38:52,btc,0.0,0.02638891,0,btc,0.0,0.0,0.0,43
0,[],17,[],2019-04-26 22:38:53,0.0,0,0,7474155,2019-04-26 22:38:53,btc,0.0,0.0,0,btc,0.0,0.0,0.0,43
1,[],12,[],2019-03-05 01:54:08,639326.02,0.00000004,0.000000000001486676,6845775,2019-03-05 01:54:08,btc,11116042.728239931,0.0,0.00000004,btc,1103841.4595604,0.0003330765234764,0.014975410599999999,44
1,[],4,[],2019-05-09 13:48:26,131627836.57948934,0.00000001,0.000000000000604093,7595251,2019-05-09 13:48:26,btc,436.8395222916997,0.0,0.00000001,"btc,ltc",23260908.99584506,0.0012775,0.2875419000963799,49
0.000000000122425,[],4,[],2019-05-09 13:48:27,76497232.66969746,8.202475000000001e-17,4.955057730175e-21,7595252,2019-05-09 13:48:27,ltc,21614.606838274416,0.0,0.00000067,ltc,99206576.77547383,0.0,1.8115016064741298e-09,52
0,[],22,[],2019-05-09 09:14:26,0.0,0,0,7592425,2019-05-09 09:14:26,,10304.87709543,0.0,0,,310505736.4566013,0.0,0.0,57
0.00000000028145030000000004,[],27,[],2019-05-09 09:14:34,10000.0,2.8145030000000004e-18,1.707499865537e-22,7592426,2019-05-09 09:14:34,eth,0.0,0.0,0.00000001,"btc,eth",0.0,0.0,2.814503e-14,57
1,[],17,[],2019-05-03 01:12:09,1200000.0,0.0000000001,0.00000000000000548003,7559085,2019-05-03 01:12:09,btc,1e+24,0.0,0.0000000001,"btc,eth",39516342.31952568,0.0,0.00010000000058666061,58
0.000000000122425,[],4,[],2019-05-09 13:48:28,1071903079.1705447,1.22425e-18,7.3956085525e-23,7595253,2019-05-09 13:48:28,ltc,19.111262088797474,0.0,0.00000001,ltc,5659881293.76897,0.0,1.3122773446745394e-09,58
1,[],12,[],2019-05-09 13:48:28,1591158282.0,0.0000000001,0.000000000000006040930000000001,7595254,2019-05-09 13:48:28,btc,11897162.854571737,0.0,0.0000000001,btc,4383976130.522477,0.000271626900799194,0.1591158282,58
0.00000000010871429999999999,[],22,[],2019-05-09 13:48:32,137438.0,1.087143e-18,6.56735476299e-23,7595255,2019-05-09 13:48:32,XMR,69.17854956,0.0,0.00000001,XMR,9877516.6,0.0,0.00137438,58
1,[],5,[],2019-05-09 13:48:33,0.0,0,0,7595256,2019-05-09 13:48:33,btc,0.0,0.01411599,0,btc,0.0,0.0,0.0,61
1,[],22,[],2019-05-09 13:48:36,13613.833333333334,0.00000012,0.000000000007249116,7595257,2019-05-09 13:48:36,BTC,1002.29626883,0.0,0.00000012,BTC,15392.180177125656,0.0,0.00153269,61
1,[],26,[],2019-05-09 13:48:37,0.0,0.00000100,0.0000000000604093,7595258,2019-05-09 13:48:37,btc,0.0,0.0,0.00000100,btc,0.0,0.0,0.0,61
0.00000000028067180000000003,[],27,[],2019-05-09 13:48:49,100000.0,2.806718e-18,1.6955186967740003e-22,7595259,2019-05-09 13:48:49,eth,1.9482732497246655,0.0,0.00000001,"btc,eth",13266.51663696,0.0,2.8067180000000003e-13,61
0,[],28,[],2019-05-09 13:48:52,0.0,0,0,7595260,2019-05-09 13:48:52,,0.0,873.0,0,,0.0,0.0,0.0,61
1,[],4,[],2019-05-09 13:48:53,1340767.05666093,0.00000100,0.0000000000604093,7595261,2019-05-09 13:48:53,btc,2.0724493783112488,0.0,0.00000100,btc,664624.59315281,0.07178403,0.8965671421562769,67
0.0,[],25,[],2019-05-09 13:48:55,0.0,0,0,7595262,2019-05-09 13:48:55,,0.0,0.0,0.0,btc,0.0,0.0,0.0,67
1,[],12,[],2019-05-09 13:48:56,1439102.0,0.00000013,0.000000000007853209,7595263,2019-05-09 13:48:56,btc,55556348.25218183,0.0,0.00000013,btc,1508985.64238199,0.003814602773894,0.02201009,71
,[],5,[],2018-11-20 23:02:39,1.5e-07,0.00000005,0.000000000002128045,4862160,2018-11-20 23:02:39,btc,2.84511358,0.0,,btc,0.00036572,0.0,0.07381892,74
1,[],5,[],2019-05-09 13:48:58,0.0,0,0,7595264,2019-05-09 13:48:58,btc,0.0,0.00879787,0,btc,0.0,0.0,0.0,75
1,[],4,[],2019-05-09 13:48:59,78543.099,0.00000001,0.000000000000604093,7595265,2019-05-09 13:48:59,btc,133697.76764908098,0.0,0.00000001,btc,35132270.37523591,0.0001672,0.00078543099,81
0,[],20,[],2019-01-25 09:30:31,0.0,0,0,6495923,2019-01-25 09:30:31,btc,0.0,0.0,0,btc,0.0,0.0,0.0,81
1,[],4,[],2019-05-09 13:49:01,27789.6087169,0.00006791,0.000000004102395563,7595266,2019-05-09 13:49:01,btc,18.7986634177467,0.0,0.00006791,btc,27909.55766439,0.55234329,0.3175031324424412,82
1,[],21,[],2019-05-09 13:49:02,3256487.64789003,0.00006642999999999999924914229066,0.000000004012989799,7595267,2019-05-09 13:49:02,btc,3.209968445337258,17474.77755047,0.00006642999999999999924914229065819881725474260747432708740234375,btc,42184.10164123,1.15002797,1.964081274151883,82
0,[],17,[],2019-03-25 22:42:34,0.0,0,0,7038780,2019-03-25 22:42:34,btc,0.0445064681804024,0.0,0,btc,995513.18476001,0.0,0.0,84
0.00000000013644,[],4,[],2019-05-01 19:17:39,299701867.376,1.3644e-18,7.259508504e-23,7542161,2019-05-01 19:17:39,ltc,1.6769037726995486,0.0,0.00000001,ltc,427823536.87452894,0.00010978,4.089132278478144e-10,85
,[],22,[],2018-11-20 23:09:34,3408.1,0.0000001,0.0000000000041895,4862324,2018-11-20 23:09:34,BTC,0.04624735,0.0,,BTC,4990.0,0.0,0.00033081,86
1,[],22,[],2019-05-09 13:49:06,89999.0,0.00000001,0.000000000000604093,7595268,2019-05-09 13:49:06,BTC,3.66432991,0.0,0.00000001,BTC,332904.29736842104,0.0,0.00089999,87
1,[],27,[],2019-05-09 13:49:14,10674.0,0.00000001,0.000000000000604093,7595269,2019-05-09 13:49:14,btc,4.960708560736,0.0,0.00000001,btc,10217.62841,0.0,0.00010674,87
,[],2,[],2018-11-20 23:10:47,0.0,0,0,4862359,2018-11-20 23:10:47,,0.0,0.0,,,0.0,0.0,0.0,88
1,[],11,[],2019-05-09 13:49:16,87825.44592294,0.000145009999999999995672073094254983516293577849864959716796875,0.000000008759952593,7595270,2019-05-09 13:49:16,btc,171.5718599110268,160.09091872,0.000145009999999999995672073094254983516293577849864959716796875,btc,175517.36585249,0.0,5.8091048316574065,89
0,[],2,[],2019-01-20 23:31:45,0.0,0,0,6477083,2019-01-20 23:31:45,,0.0,0.0,0,,0.0,0.0,0.0,91
1,[],12,[],2019-05-09 13:41:12,429531.14326265,0.00000065,0.000000000039187525,7595129,2019-05-09 13:41:12,btc,89.71224531017373,0.0,0.00000065,btc,165396.82899308,0.0024407447843096,0.041211431199981,91
1,[],22,[],2019-05-09 13:41:16,76014.0,0.0000008,0.0000000000482308,7595130,2019-05-09 13:41:16,BTC,0.1,0.0,0.0000008,"BTC,LTC",1.0,0.0,0.0017135,91
0,[],17,[],2019-05-03 01:12:26,0.0,0,0,7559096,2019-05-03 01:12:26,btc,0.0,0.0,0,btc,0.0,0.0,0.0,91
1,[],22,[],2019-04-09 20:17:52,374949.73333333334,0.00000015,0.000000000007771935,7235704,2019-04-09 20:17:52,BTC,6.87372503,0.0,0.00000015,"BTC,LTC",159980.01196797504,1.1e-05,0.80510266,95
0.000000000122425,[],4,[],2019-05-09 13:49:17,553446643.0804448,8.692175e-17,5.250882072275001e-21,7595271,2019-05-09 13:49:17,ltc,11.34437973363257,0.0,0.00000071,ltc,134044330.97005849,0.01430417,1.767154941179498e-09,96
0,[],12,[],2019-05-09 13:49:19,0.0,0,0,7595272,2019-05-09 13:49:19,btc,25054.263254513615,0.0,0,btc,6795308.18081917,0.0010592883016983,0.0,96
0,[],17,[],2019-05-03 01:12:32,0.0,0,0,7559100,2019-05-03 01:12:32,btc,0.0,0.0,0,btc,0.0,0.0,0.0,96
1,[],4,[],2019-04-14 03:32:46,1039404.33283278,0.00000038,0.000000000019245518,7293458,2019-04-14 03:32:46,btc,4.170086055365747,0.0,0.00000038,btc,3097704.34561074,0.06260606,0.1859928211030784,99
1,[],4,[],2019-05-09 13:49:20,373676.86613424,0.00003450,0.0000000020841208500000003,7595273,2019-05-09 13:49:20,btc,7.110469573298975,0.0,0.00003450,btc,122708.24453097,0.40877951,1.0130162025662919,100
0,[],2,[],2019-01-20 23:23:55,0.0,0,0,6476914,2019-01-20 23:23:55,,0.0,0.0,0,,0.0,0.0,0.0,100
1,[],22,[],2019-05-09 13:41:25,130000.0,0.00000001,0.000000000000602885,7595134,2019-05-09 13:41:25,BTC,24.83526409,0.0,0.00000001,BTC,11187.719,0.0,0.0013,101
1,[],4,[],2019-05-09 13:41:26,597343.15537166,0.00000478,0.00000000028817903,7595135,2019-05-09 13:41:26,btc,252.04351381564373,0.0,0.00000478,btc,429647.08300019,3.4398505,0.6433814726718196,103
1,[],12,[],2019-05-09 13:49:22,108483064.51292,0.000000005,0.0000000000003020465,7595274,2019-05-09 13:49:22,btc,468525213.31422794,0.0,0.000000005,btc,109071151.4105934,0.03036870573149937,0.20449479871276002,105
1,[],27,[],2019-05-09 13:49:28,11865.0,0.00000001,0.000000000000604093,7595275,2019-05-09 13:49:28,btc,0.0689357688051137,111.0,0.00000001,btc,864584.59450753,1.11e-06,0.00011865,105
1,[],22,[],2019-04-21 00:17:26,21333.0,0.00000001,0.000000000000532493,7385819,2019-04-21 00:17:26,BTC,51.38182867,0.0,0.00000001,BTC,470435.0,0.0,0.00021333,107
1,[],26,[],2019-04-21 00:17:26,0.0,0.00000000,0,7385820,2019-04-21 00:17:26,btc,0.0,0.0,0.00000000,btc,0.0,0.0,0.0,107
1,[],5,[],2019-05-09 13:49:29,0.0,0,0,7595276,2019-05-09 13:49:29,btc,0.0,4e-07,0,btc,0.0,0.0,0.0,112
0,[],22,[],2019-05-09 13:49:32,0.0,0,0,7595277,2019-05-09 13:49:32,,2.79003697,0.0,0,,1380942.0833333333,0.0,0.0,112
1,[],27,[],2019-05-09 13:49:39,1.0,0.00000001,0.000000000000604093,7595278,2019-05-09 13:49:39,btc,1.25032588,0.0,0.00000001,"btc,eth",1819.0,0.0,1e-08,112
1,[],4,[],2019-05-09 13:49:40,339454.26937254,0.00000144,0.00000000008698939200000001,7595279,2019-05-09 13:49:40,btc,4.78412413510988,0.0,0.00000144,btc,521506.56331018,0.10271075,0.2071902934243656,113
1,[],5,[],2019-05-09 13:49:42,0.0,0,0,7595280,2019-05-09 13:49:42,btc,0.0,0.0,0,btc,0.0,0.0,0.0,113
1,[],17,[],2019-04-26 02:17:47,162738.278,0.00000004,0.0000000000021069000000000002,7461287,2019-04-26 02:17:47,btc,1.3331140273775473,0.0,0.00000004,btc,51796.221,0.0,0.00230953112,116
0,[],27,[],2019-04-26 02:19:51,0.0,0,0,7461288,2019-04-26 02:19:51,,0.0,0.0,0,,0.0,0.0,0.0,116
1,[],4,[],2019-05-07 20:09:28,131822.85721655,0.00001022,0.00000000060230548,7572994,2019-05-07 20:09:28,btc,132.18460413545117,0.0,0.00001022,btc,268070.13193351,0.06918336,1.0489745103085106,120
1,[],7,[],2019-05-07 20:09:30,9501.79941055,0.000011699999999999999788190263583231853772304020822048187255859375,0.0000000006895277999999999,7572995,2019-05-07 20:09:30,btc,231185.88817567716,62.23644451,0.000011699999999999999788190263583231853772304020822048187255859375,btc,4076.97424313,0.00072692,0.018013380795019,120
1,[],20,[],2019-04-07 18:42:29,1914137.0852,0.000000035,0.0000000000017871910000000002,7211992,2019-04-07 18:42:29,btc,32.2497668025648,25528.85,0.000000035,btc,1001975.4986,0.00089350975,0.0152723574729,125
1,[],22,[],2019-05-09 13:49:45,110000.0,0.00000001,0.000000000000604093,7595281,2019-05-09 13:49:45,BTC,0.032061,0.0,0.00000001,BTC,299316.7611111111,0.0,0.0011,126
1,[],4,[],2019-05-09 13:49:46,1861771.91628642,0.00000806,0.0000000004868989580000001,7595282,2019-05-09 13:49:46,btc,3.3432246731911106,0.0,0.00000806,btc,164060.80253234,0.15455052,0.4228458861942692,131
0,[],2,[],2019-01-20 23:25:46,0.0,0,0,6476969,2019-01-20 23:25:46,,0.0,0.0,0,,0.0,0.0,0.0,131
1,[],17,[],2019-05-03 01:13:10,10000.0,0.00000001,0.000000000000548003,7559115,2019-05-03 01:13:10,btc,0.0953976503951408,0.0,0.00000001,btc,5037.62507334,0.0,0.0001,131
1,[],4,[],2019-05-09 13:49:48,4705.37368335,0.00012927,0.000000007809110211000001,7595283,2019-05-09 13:49:48,btc,6.011527765212558,0.0,0.00012927,btc,191.61415747,0.0,0.007441737957697,135
1,[],3,[],2019-05-09 05:30:45,530498.0,0.00000001,0.000000000000609729,7590472,2019-05-09 05:30:45,btc,0.1029057631805504,129896.5,0.00000001,btc,1124104.34967245,0.0,0.00530498,136
1,[],4,[],2019-05-09 13:49:49,3525164.39305028,0.00000214,0.00000000012927590200000002,7595284,2019-05-09 13:49:49,btc,319.7690274484909,0.0,0.00000214,btc,536588.48566884,0.00877755,0.7047614994081179,137
1,[],12,[],2019-05-09 13:49:50,331024.78726375,0.00000207000000000000008632309277112337753123938455246388912200927734375,0.00000000012504725100000002,7595285,2019-05-09 13:49:50,btc,48520.49531939764,0.0,0.00000207000000000000008632309277112337753123938455246388912200927734375,btc,39041.21595661,0.0044450651928639,0.037493069999941,137
1,[],4,[],2019-05-09 13:49:51,71994.8689125,0.00003381,0.000000002042438433,7595286,2019-05-09 13:49:51,btc,5.021610014716243,0.0,0.00003381,btc,67795.10366613,0.44598981,0.330238546578613,142
1,[],5,[],2019-05-09 13:49:52,0.0,0,0,7595287,2019-05-09 13:49:52,btc,0.0,0.11175221,0,btc,0.0,0.0,0.0,142
1,[],20,[],2019-05-09 13:49:55,167392.7897,0.00003401,0.0000000020545202930000003,7595288,2019-05-09 13:49:55,btc,1.7087669988938,0.01,0.00003401,btc,8218.5398,3.401e-07,0.059670781478,142
1,[],22,[],2019-05-09 13:50:02,1370.0,0.00000200,0.0000000001208186,7595289,2019-05-09 13:50:02,BTC,3.2756588,0.0,0.00000200,BTC,1135.5948275773155,0.0,0.0003632,142
0.0,[],25,[],2019-05-09 13:50:03,0.0,0,0,7595290,2019-05-09 13:50:03,,0.0,0.0,0.0,btc,0.0,0.0,0.0,142
0,[],28,[],2019-05-09 13:50:05,0.0,0,0,7595291,2019-05-09 13:50:05,,0.0,0.0,0,,0.0,0.0,0.0,142
1,[],17,[],2019-05-03 01:13:16,32967.38636364,0.00000088,0.000000000048224264,7559122,2019-05-03 01:13:16,btc,20.06976206696776,0.0,0.00000088,btc,2746.079105,0.0,0.0105613000000032,142
0,[],22,[],2019-05-09 13:50:08,0.0,0,0,7595292,2019-05-09 13:50:08,,66.66505393,0.0,0,,938775805.8,0.0,0.0,143
0,[],22,[],2019-02-25 15:42:22,0.0,0,0,6783783,2019-02-25 15:42:22,,4.2131946,0.0,0,,2322156.0,0.0,0.0,146
,[],22,[],2018-11-20 23:01:11,0.0,0,0,4862114,2018-11-20 23:01:11,,2.56807021,0.0,,,61828.4988236,0.0,0.0,147
1,[],12,[],2019-04-21 06:38:04,193091.5971266,0.00000071,0.000000000037635183,7388679,2019-04-21 06:38:04,btc,2.301232411611175,0.0,0.00000071,btc,9957.48302385,0.00023528,0.0313308199999888,148
1,[],4,[],2019-03-19 21:31:25,255810.0415942,0.00000029,0.000000000011615747,6982695,2019-03-19 21:31:25,btc,218.94922712414143,0.0,0.00000029,btc,793529.37642722,0.00117,0.0608347789473395,152
0,[],22,[],2019-03-19 21:31:27,0.0,0,0,6982696,2019-03-19 21:31:27,,0.0,0.0,0,,0.0,0.0,0.0,152
1,[],5,[],2019-04-26 09:36:59,0.0,0,0,7465040,2019-04-26 09:36:59,btc,0.0,0.0,0,btc,0.0,0.0,0.0,153
,[],16,[],2019-01-11 15:38:59,0.0,0,0,6366141,2019-01-11 15:38:59,btc,0.0,0.0,,btc,0.0,0.0,0.0,155
0,[],22,[],2019-05-09 13:50:12,0.0,0,0,7595293,2019-05-09 13:50:12,,6.80191271,0.0,0,,4673448.342592592,0.0,0.0,156
0,[],23,[],2019-01-20 23:24:29,0.0,0,0,6476932,2019-01-20 23:24:29,,0.0,0.0,0,,0.0,0.0,0.0,156
1,[],22,[],2019-05-09 13:50:15,7066.0,0.00000800,0.0000000004832744,7595294,2019-05-09 13:50:15,BTC,1.79802465,0.0,0.00000800,BTC,802.6461988741639,0.0,0.00062996,157
0,[],22,[],2019-05-07 22:25:46,0.0,0,0,7574238,2019-05-07 22:25:46,,50234.60468402,0.0,0,,54786159.03179465,0.0,0.0,158
,[],17,[],2018-11-20 22:56:10,0.0,0,0,4861976,2018-11-20 22:56:10,btc,1.1265625,0.0,,btc,1000.0,0.0,0.0,159
,[],20,[],2018-11-20 22:56:12,0.0,0,0,4861977,2018-11-20 22:56:12,btc,11912.7940471,0.0,,btc,34413894.3617,0.0,0.0,159
1,[],12,[],2019-05-09 13:50:16,262875.44604866,0.000003899999999999999929396754527743951257434673607349395751953125,0.00000000023559627,7595295,2019-05-09 13:50:16,btc,23.169618497568173,0.0,0.000003899999999999999929396754527743951257434673607349395751953125,btc,11507.35731562,1.0424276847e-05,0.0467982438629891,168
1,[],17,[],2019-05-03 01:13:36,42852.0,0.00000002,0.000000000001096006,7559132,2019-05-03 01:13:36,btc,0.04279856251542,0.0,0.00000002,btc,274.46171372,0.0,0.00052852,168
1,[],22,[],2019-05-07 03:57:18,743122.0,0.00000001,0.000000000000593596,7562020,2019-05-07 03:57:18,BTC,41.40912107,0.0,0.00000001,BTC,1593401.2737547632,0.00342649,0.00743122,169
1,[],22,[],2019-05-09 13:50:20,223990.0,0.0000001,0.0000000000060409300000000006,7595296,2019-05-09 13:50:20,BTC,26.86512485,0.0,0.0000001,BTC,443023.58201967884,0.001234,0.0041408,171
1,[],22,[],2019-05-09 13:50:23,355923.2,0.0000001,0.0000000000060409300000000006,7595297,2019-05-09 13:50:23,BTC,823.66864624,0.0,0.0000001,"BTC,LTC",676062.8676736787,0.00016159,0.01373235,173
1,[],5,[],2019-05-06 19:49:32,0.0,0,0,7559281,2019-05-06 19:49:32,btc,0.0,0.00023336,0,btc,0.0,0.0,0.0,175
1,[],22,[],2019-05-09 13:50:27,90671.0,0.00000001,0.000000000000604093,7595298,2019-05-09 13:50:27,BTC,394.0276142,0.0,0.00000001,BTC,136275.61833431243,0.0,0.00090671,176
1,[],7,[],2019-05-09 13:50:28,0.0,0,0,7595299,2019-05-09 13:50:28,btc,520269.8385845969,3698.6013986,0,btc,26493269.09811364,0.0,0.0,178
0,[],22,[],2019-05-09 13:50:31,0.0,0,0,7595300,2019-05-09 13:50:31,,1.00242428,0.0,0,,57512.0,0.0,0.0,178
0,[],2,[],2019-01-20 23:28:34,0.0,0,0,6477001,2019-01-20 23:28:34,,0.0,0.0,0,,0.0,0.0,0.0,178
1,[],5,[],2019-05-09 13:50:33,0.0,0,0,7595301,2019-05-09 13:50:33,btc,0.0,0.02350937,0,btc,0.0,0.0,0.0,179
1,[],22,[],2019-05-09 13:50:36,3033618.0,0.00000001,0.000000000000604093,7595302,2019-05-09 13:50:36,BTC,5.33298661,0.0,0.00000001,BTC,14042017.411946677,5.87e-05,0.03033618,179
0,[],23,[],2019-01-20 23:25:08,0.0,0,0,6476952,2019-01-20 23:25:08,,0.0,0.0,0,,0.0,0.0,0.0,179
1,[],22,[],2019-05-09 13:50:42,647332.221048321,0.00000140,0.00000000008457302000000001,7595303,2019-05-09 13:50:42,BTC,39.27150861,0.0,0.00000140,"BTC,LTC",47406.35722652717,0.24905757,0.56315669,180
1,[],26,[],2019-05-09 13:50:42,0.0,0.00000120,0.00000000007249116000000001,7595304,2019-05-09 13:50:42,btc,0.0,0.0,0.00000120,btc,0.0,0.0,0.0,180
1,[],17,[],2019-05-03 01:13:56,20504.725000000002,0.0000001,0.00000000000548003,7559141,2019-05-03 01:13:56,btc,5.2010695838400265,0.0,0.0000001,btc,5033.45945,0.0,0.0011504725,180
,[],7,[],2018-11-20 22:58:01,562227.975654,0.00000085,0.000000000036176765,4862015,2018-11-20 22:58:01,btc,21836.6059674,2491.87645172,,btc,749999.041456,0.00211021,0.127565380455,183
,[],5,[],2019-01-10 08:11:41,0.0,0,0,6347036,2019-01-10 08:11:41,btc,82.15055501,0.00261,,btc,1.19002445,0.0,0.0,187
1,[],24,[],2019-04-30 17:34:05,0.0,0.000000000014,7.396256000000001e-16,7526291,2019-04-30 17:34:05,btc,0.0,0.0,0.000000000014,btc,0.0,0.0,0.0,187
,[],17,[],2018-11-16 20:58:10,4062536.27273,0.00000001,0.000000000000550501,4708775,2018-11-16 20:58:10,btc,3.36492563466,0.195460381006,,"btc,eth",110697919.549,0.0,0.0157628953496,187
0,[],22,[],2019-04-25 02:54:07,0.0,0,0,7447896,2019-04-25 02:54:07,,7.54794454,0.0,0,,76361.7243344055,0.0,0.0,191
0,[],22,[],2019-05-09 13:50:47,0.0,0,0,7595305,2019-05-09 13:50:47,,0.0,0.0,0,,0.0,0.0,0.0,197
0,[],23,[],2019-01-20 23:31:41,0.0,0,0,6477079,2019-01-20 23:31:41,,0.0,0.0,0,,0.0,0.0,0.0,199
0.0000000001222751,[],22,[],2019-05-09 09:26:22,54733331.0,2.445502e-18,1.485172928616e-22,7592633,2019-05-09 09:26:22,LTC,18.75588347,0.0,0.00000002,LTC,35265414.0,2.445502e-15,0.64066281,199
1,[],26,[],2019-05-09 09:26:22,0.0,0.00000000,0,7592634,2019-05-09 09:26:22,btc,0.0,0.0,0.00000000,btc,0.0,0.0,0.0,199
0,[],2,[],2019-01-20 23:30:49,0.0,0,0,6477059,2019-01-20 23:30:49,,0.0,0.0,0,,0.0,0.0,0.0,201
1,[],4,[],2019-01-25 15:51:35,2084389.58565343,0.00000936,0.000000000333526752,6499557,2019-01-25 15:51:35,btc,2.0092503037378524,0.0,0.00000936,btc,160195.80207885,0.19272417,1.242687955921835,211
1,[],7,[],2019-05-09 13:50:50,14370563.03901213,0.00000088,0.000000000053160184000000003,7595306,2019-05-09 13:50:50,btc,15559118.244829876,152095.047672,0.00000088,btc,11490687.89788299,0.0,1.5797468589428267,212
1,[],5,[],2019-05-07 13:02:51,0.0,0,0,7566706,2019-05-07 13:02:51,btc,0.0,0.43032184,0,btc,0.0,0.0,0.0,213
1,[],24,[],2019-05-07 13:02:52,0.0,0.000000050000,0.000000000002968865,7566707,2019-05-07 13:02:52,btc,0.0,0.0,0.000000050000,btc,0.0,0.0,0.0,213
1,[],26,[],2019-05-07 13:02:52,0.0,0.00000040,0.00000000002375092,7566708,2019-05-07 13:02:52,btc,0.0,0.0,0.00000040,btc,0.0,0.0,0.0,213
1,[],12,[],2019-01-25 02:44:32,207462.42853209,0.000001080000000000000035831255497387193287295303889550268650054931640625,0.000000000038610756000000006,6493050,2019-01-25 02:44:32,btc,85023.03793723314,0.0,0.000001080000000000000035831255497387193287295303889550268650054931640625,btc,43675.73520027,0.000146250909087,0.0348620860622024,213
0,[],22,[],2019-05-09 13:50:54,0.0,0,0,7595307,2019-05-09 13:50:54,,9.58044616,0.0,0,,2340817.094064925,0.0,0.0,216
1,[],27,[],2019-05-09 13:51:05,20000.0,0.00000001,0.000000000000604093,7595308,2019-05-09 13:51:05,btc,61.9194392844,10596.0,0.00000001,"btc,ltc",171368.275,0.00010596,0.0002,216
1,[],22,[],2019-05-09 13:51:09,301111.79110139067,0.00000132,0.000000000079740276,7595309,2019-05-09 13:51:09,BTC,12055.05380163,0.0,0.00000132,BTC,464489.78366136516,0.02171689,0.06685223,217
1,[],7,[],2019-05-09 13:51:11,0.0,0,0,7595310,2019-05-09 13:51:11,btc,111302.55957245249,0.0,0,btc,136863796.67828158,0.0,0.0,219
0,[],27,[],2019-05-09 13:51:22,0.0,0,0,7595311,2019-05-09 13:51:22,,0.05960067,0.0,0,btc,1692528.0,0.0,0.0,219
0,[],28,[],2019-05-09 13:51:23,0.0,0,0,7595312,2019-05-09 13:51:23,,0.0,0.0,0,,0.0,0.0,0.0,219
1,[],22,[],2019-05-09 13:51:27,381170.0,0.00000004,0.000000000002416372,7595313,2019-05-09 13:51:27,BTC,56.7649867,0.0,0.00000004,BTC,131552.84827387411,0.0006812,0.0123008,221
1,[],24,[],2019-05-09 13:51:28,0.0,0.000000010000,0.000000000000604093,7595314,2019-05-09 13:51:28,btc,0.0,0.0,0.000000010000,btc,0.0,0.0,0.0,221
1,[],20,[],2019-05-09 13:51:31,17121599.6171,0.000000009,0.0000000000005436837000000001,7595315,2019-05-09 13:51:31,btc,100092.86816326622,341887.8181,0.000000009,btc,23102075.9048,0.0032607659991,0.0905423812478,224
0,[],22,[],2019-05-09 13:51:33,0.0,0,0,7595316,2019-05-09 13:51:33,,0.0,0.0,0,,0.0,0.0,0.0,224
1,[],26,[],2019-05-09 13:51:35,0.0,0.00000026,0.000000000015706418,7595317,2019-05-09 13:51:35,btc,0.0,0.0,0.00000026,btc,0.0,0.0,0.0,231
1,[],26,[],2019-05-09 13:51:35,0.0,0.00000005,0.0000000000030204650000000003,7595318,2019-05-09 13:51:35,btc,0.0,0.0,0.00000005,btc,0.0,0.0,0.0,234
0.00000000028067180000000003,[],27,[],2019-05-09 13:51:43,10000.0,2.806718e-18,1.6955186967740003e-22,7595319,2019-05-09 13:51:43,eth,0.01134836604,0.0,0.00000001,"btc,eth",11462.996,0.0,2.806718e-14,234
1,[],4,[],2019-04-29 21:02:20,217188.93193785,0.00000080,0.00000000004151584,7514327,2019-04-29 21:02:20,btc,5.239800103892936,0.0,0.00000080,btc,797346.30008933,0.0,0.0590549781555679,236
1,[],24,[],2019-04-29 21:02:20,0.0,0.000000100000,0.00000000000518948,7514328,2019-04-29 21:02:20,btc,0.0,0.0,0.000000100000,btc,0.0,0.0,0.0,236
1,[],5,[],2019-05-06 20:53:15,0.0,0,0,7559637,2019-05-06 20:53:15,btc,0.0,0.20253514,0,btc,0.0,0.0,0.0,237
1,[],20,[],2019-05-06 20:53:18,38173217.6136,0.000000083,0.0000000000047460728,7559638,2019-05-06 20:53:18,btc,21342.514614200165,8832375.7238,0.000000083,btc,27701499.3386,0.7554403456107,1.3621107610479,237
1,[],22,[],2019-05-06 20:53:20,343938.0,0.00000009,0.000000000005146344,7559639,2019-05-06 20:53:20,BTC,1.20267422,0.0,0.00000009,BTC,17930.94871794872,0.0,0.01017442,237
1,[],4,[],2019-05-09 13:51:45,22716539.18640118,0.00000015,0.000000000009061395000000001,7595320,2019-05-09 13:51:45,btc,3.384711769787601,0.0,0.00000015,btc,9196645.74149585,0.16321868,0.995660348139596,238
1,[],5,[],2019-05-09 13:51:46,0.0,0,0,7595321,2019-05-09 13:51:46,btc,0.0,0.00162757,0,btc,0.0,0.0,0.0,238
0,[],22,[],2019-03-12 16:49:32,0.0,0,0,6914458,2019-03-12 16:49:32,,0.40415746,0.0,0,,526736.5639027493,0.0,0.0,249
0,[],22,[],2019-05-09 13:51:49,0.0,0,0,7595322,2019-05-09 13:51:49,,4.07185431,0.0,0,,34094948.41407407,0.0,0.0,252
0,[],28,[],2019-05-09 13:51:51,0.0,0,0,7595323,2019-05-09 13:51:51,,0.0,0.0,0,,0.0,0.0,0.0,256
1,[],22,[],2019-05-09 13:51:55,1088993.5,0.00000002,0.000000000001208186,7595324,2019-05-09 13:51:55,BTC,21.88116616,0.0,0.00000002,BTC,522884.63333384093,0.0,0.01124633,258
1,[],22,[],2019-03-13 00:07:30,47146.0,0.00000001,0.000000000000387233,6917028,2019-03-13 00:07:30,BTC,2.415167,0.0,0.00000001,BTC,157.0,0.0,0.00047146,259
1,[],5,[],2019-05-09 13:51:56,0.0,0,0,7595325,2019-05-09 13:51:56,btc,0.0,0.0318875,0,btc,0.0,0.0,0.0,264
1,[],20,[],2019-05-09 13:51:58,1290146.1033,0.0000006,0.000000000036245580000000005,7595326,2019-05-09 13:51:58,btc,4.9338388659269,67513.776,0.0000006,btc,88763.2842,0.0831061496523,0.0220675064366,264
0,[],22,[],2019-04-12 17:57:27,0.0,0,0,7278186,2019-04-12 17:57:27,,66.37522201,0.0,0,,677842.4169881374,0.0,0.0,271
0,[],22,[],2019-05-09 13:52:00,0.0,0,0,7595327,2019-05-09 13:52:00,,33051802.3172899,0.0,0,,15696307799.7,0.0,0.0,272
0,[],28,[],2019-05-09 13:52:02,0.0,0,0,7595328,2019-05-09 13:52:02,,0.0,0.0,0,,0.0,0.0,0.0,272
1,[],22,[],2019-05-09 13:52:06,131499.7,0.00000014,0.000000000008457302,7595329,2019-05-09 13:52:06,BTC,427.42495672,0.0,0.00000014,BTC,249705.37764460206,0.0,0.00447418,281
1,[],22,[],2019-05-09 13:52:10,610218.1,0.00000002,0.000000000001208186,7595330,2019-05-09 13:52:10,BTC,536.9115837,0.0,0.00000002,"BTC,LTC",606703.1256135202,0.00094072,0.01735568,286
0,[],22,[],2019-05-09 13:52:13,0.0,0,0,7595331,2019-05-09 13:52:13,,7337892.88344081,0.0,0,,1394927820.2797825,0.0,0.0,294
