pairValue,buyBook,exchangeId,sellBook,updated,buyTotal,satoshiPrice,usdPrice,exchangeLogId,created,bestPair,sellTotalBtc,volume,pairPrice,activePairs,sellTotal,volumeBtc,buyTotalBtc,coinId
1,[],3,[],2019-06-27 13:21:33,32170.181986891876,0.00791925999999999914724657656961426255293190479278564453125,0.000000935959125102,7771193,2019-06-27 13:21:33,btc,12.537215649982016,44.6466336891,0.00791925999999999914724657656961426255293190479278564453125,btc,48.717927295689,0.0,0.2945505981238331,1
1,[],4,[],2019-06-27 13:21:34,208053.80264898,0.00800000,0.0000009455016000000001,7771194,2019-06-27 13:21:34,btc,9.372825180258413,0.0,0.00800000,btc,453.51453499,8.3965233,2.6250627428857944,1
1,[],5,[],2019-06-27 13:21:35,0.0,0,0,7771195,2019-06-27 13:21:35,btc,0.0,0.20004782,0,btc,0.0,0.0,0.0,1
1,[],10,[],2019-06-27 13:21:38,249477.50690108,0.00246685,0.00000029155132774500003,7771196,2019-06-27 13:21:38,btc,6521.363512060492,1403.59337724,0.00246685,btc,1226.29096147,0.0,1.1347421555787696,1
1,[],12,[],2019-06-27 13:21:40,102.65861132,0.007810000000000000101862962509358112583868205547332763671875,0.0000009230459370000001,7771197,2019-06-27 13:21:40,btc,0.6510724606919,0.0,0.007810000000000000101862962509358112583868205547332763671875,btc,29.4113935,1.962336120182,0.1859331180418,1
1,[],20,[],2019-06-27 13:21:42,928.1436,0.008010108,0.0000009466962412716,7771198,2019-06-27 13:21:42,btc,0.1444656823873,0.6645,0.008010108,btc,10.7161,0.0068810924773,0.1256012204796,1
1,[],21,[],2019-06-27 13:21:42,2461.17877235,0.007822370000000000364592800395,0.0000009245079188490001,7771199,2019-06-27 13:21:42,btc,9.498787972916617,20707.5096932,0.00782237000000000036459280039480290724895894527435302734375,"btc,eth",1715.57637023,146.0725164751708,14.216704905977622,1
1,[],22,[],2019-06-27 13:21:47,0.0199,0.00110000,0.00000013000647000000002,7771200,2019-06-27 13:21:47,BTC,0.01666796,0.0,0.00110000,BTC,0.25318100557485945,0.0,2.189e-05,1
1,[],24,[],2019-06-27 13:21:48,0.0,0.000000000000,0,7771201,2019-06-27 13:21:48,btc,0.0,0.0,0.000000000000,btc,0.0,0.0,0.0,1
0.0,[],25,[],2019-06-27 13:21:49,0.0,0,0,7771202,2019-06-27 13:21:49,btc,45.184499998849404,29631.82087506,0.0,btc,5504.15639648,240.282,0.0,1
1,[],26,[],2019-06-27 13:21:51,0.0,0,0,7771203,2019-06-27 13:21:51,,0.0,0.0,0,,0.0,0.0,0.0,1
0,[],28,[],2019-06-27 13:21:52,0.0,0,0,7771204,2019-06-27 13:21:52,,0.0,0.0,0,,0.0,0.0,0.0,1
0,[],2,[],2019-01-20 23:28:45,0.0,0,0,6477011,2019-01-20 23:28:45,,0.0,0.0,0,,0.0,0.0,0.0,1
1,[],5,[],2019-06-17 14:29:02,0.0,0,0,7740076,2019-06-17 14:29:02,btc,0.0,2.72e-05,0,btc,0.0,0.0,0.0,2
1,[],22,[],2019-06-17 14:29:06,11550.3,0.0000002,0.0000000000185828,7740077,2019-06-17 14:29:06,BTC,21.00897301,0.0,0.0000002,"BTC,XMR",20678.87287795317,1.754e-05,0.00143681,2
1,[],5,[],2019-06-03 14:48:58,0.0,0,0,7731126,2019-06-03 14:48:58,btc,0.0,0.05905545,0,btc,0.0,0.0,0.0,3
1,[],12,[],2019-06-03 14:48:59,3468623.70302,0.000000116,0.000000000009823402000000002,7731127,2019-06-03 14:48:59,btc,169531.0336573751,0.0,0.000000116,btc,2361209.62379607,0.041350953071,0.33764769154428,3
0,[],28,[],2019-06-03 14:49:00,0.0,0,0,7731128,2019-06-03 14:49:00,,0.0,0.0,0,,0.0,0.0,0.0,3
0,[],2,[],2019-01-20 23:31:32,0.0,0,0,6477077,2019-01-20 23:31:32,,0.0,0.0,0,,0.0,0.0,0.0,4
1,[],4,[],2019-05-18 21:29:50,562734.9206932,0.00000010,0.000000000007298720000000001,7650946,2019-05-18 21:29:50,btc,41.9347137769675,0.0,0.00000010,btc,1123702.32192634,0.00052462,0.029254593370966,4
0,[],12,[],2019-06-02 05:03:43,0.0,0,0,7724919,2019-06-02 05:03:43,btc,625.901992874995,0.0,0,btc,1211362.4995005,0.0,0.0,5
0,[],2,[],2019-01-20 23:31:51,0.0,0,0,6477087,2019-01-20 23:31:51,,0.0,0.0,0,,0.0,0.0,0.0,6
1,[],11,[],2019-06-27 13:21:55,6351847.276736,0.00000001,0.000000000001181877,7771205,2019-06-27 13:21:55,btc,9583.568469362632,300000.0,0.00000001,btc,76378844.64770687,0.0,0.06351847276736,6
1,[],3,[],2019-06-27 13:21:55,12591.291066735666,0.0000523499999999999985310361605428397524519823491573333740234375,0.000000006187126095,7771206,2019-06-27 13:21:55,btc,1026.2802647068436,627.29874475,0.0000523499999999999985310361605428397524519823491573333740234375,btc,354.599335183096,0.0,0.018234886682513364,7
1,[],4,[],2019-06-27 13:21:56,322505.05102066,0.00006452,0.000000007625470404,7771207,2019-06-27 13:21:56,btc,6.844004760754628,0.0,0.00006452,btc,53706.17172305,0.88643795,2.136124893838447,7
1,[],5,[],2019-06-27 13:21:58,0.0,0,0,7771208,2019-06-27 13:21:58,btc,0.0,0.19394011,0,btc,0.0,0.0,0.0,7
1,[],20,[],2019-04-07 22:06:50,3201475.0482,0.000000001,0.000000000000051590000000000004,7213932,2019-04-07 22:06:50,btc,30.8005781811902,0.0,0.000000001,btc,23077405.3926,0.0,0.0032014750482,8
1,[],4,[],2019-06-27 13:21:59,2020210.91679859,0.00000038,0.000000000044911326,7771209,2019-06-27 13:21:59,btc,3.0167561262510403,0.0,0.00000038,btc,3347297.41464984,0.45042938,0.3860565650766593,9
0,[],28,[],2019-06-27 13:22:01,0.0,0,0,7771210,2019-06-27 13:22:01,,0.0,0.0,0,,0.0,0.0,0.0,9
0,[],2,[],2019-01-20 23:22:42,0.0,0,0,6476876,2019-01-20 23:22:42,,0.0,0.0,0,,0.0,0.0,0.0,9
0,[],23,[],2019-01-20 23:22:48,0.0,0,0,6476878,2019-01-20 23:22:48,,0.0,0.0,0,,0.0,0.0,0.0,9
1,[],1,[],2019-02-17 23:31:42,1822507.21,0.00000181000000000000003456111265232042484285557293333113193511962890625,0.000000000066086901,6701244,2019-02-17 23:31:42,btc,3.6990969245,17153386.5,0.00000181000000000000003456111265232042484285557293333113193511962890625,btc,1997391.71,31.11772986,3.2610482446,9
1,[],4,[],2019-02-17 11:22:43,4341674.27126056,0.00000002,0.0000000000007272960000000001,6696112,2019-02-17 11:22:43,btc,0.1997230937751353,0.0,0.00000002,btc,4109766.79808031,0.00215132,0.0479381022052112,10
1,[],4,[],2019-06-27 13:22:02,40372181.86799269,0.00000027,0.000000000031910679,7771211,2019-06-27 13:22:02,btc,7.263315779322557,0.0,0.00000027,btc,8768638.47061871,0.80703398,1.6184097711395296,12
1,[],5,[],2019-06-27 13:22:03,0.0,0,0,7771212,2019-06-27 13:22:03,btc,0.0,0.09601229,0,btc,0.0,0.0,0.0,12
0.0,[],25,[],2019-06-27 13:22:05,0.0,0,0,7771213,2019-06-27 13:22:05,,0.0,0.0,0.0,btc,0.0,0.0,0.0,12
0,[],2,[],2019-01-20 23:23:08,0.0,0,0,6476890,2019-01-20 23:23:08,,0.0,0.0,0,,0.0,0.0,0.0,12
1,[],4,[],2019-06-27 13:22:06,484953.79923091,0.00000262,0.000000000309651774,7771214,2019-06-27 13:22:06,btc,1.8159006205059751,0.0,0.00000262,btc,322755.67856999,0.26207784,0.2979462788857297,13
1,[],10,[],2019-06-27 13:22:08,610183.65994324,0.00000254,0.000000000300196758,7771215,2019-06-27 13:22:08,btc,666797.6730046229,97528.7817199,0.00000254,btc,880437.81811263,0.0,0.2567784764739786,13
1,[],21,[],2019-06-27 13:22:10,6146583.57575802,0.000002609999999999999998359602113,0.000000000308469897,7771216,2019-06-27 13:22:10,btc,3.308148550582239,1224602.43277798,0.00000260999999999999999835960211302943179134672391228377819061279296875,btc,933859.35656172,3.20830203,3.426954177917212,13
1,[],4,[],2019-06-27 13:22:11,993590.03792665,0.00000039,0.000000000046093203,7771217,2019-06-27 13:22:11,btc,3.763713594554342,0.0,0.00000039,btc,1538369.5344257,0.01681902,0.0918957114560089,14
1,[],12,[],2019-06-27 13:22:12,227459.33333333,0.00000049,0.000000000057911973,7771218,2019-06-27 13:22:12,btc,193.48147333260556,0.0,0.00000049,btc,37747.58920806,2.27e-05,0.0117478599999984,14
1,[],26,[],2019-06-27 13:24:12,0.0,0.00000050,0.00000000005909385,7771219,2019-06-27 13:24:12,btc,0.0,0.0,0.00000050,btc,0.0,0.0,0.0,14
0,[],17,[],2019-05-03 00:53:32,0.0,0,0,7558876,2019-05-03 00:53:32,btc,0.0,0.0,0,btc,0.0,0.0,0.0,14
0,[],4,[],2019-06-27 13:24:13,0.0,0,0,7771220,2019-06-27 13:24:13,,0.0,0.0,0,,0.0,0.0,0.0,15
,[],12,[],2018-12-01 15:15:48,204241.84496,0.00000489,0.000000000202473384,5260204,2018-12-01 15:15:48,btc,49.5475654835,0.0,,btc,35763.2193806,0.0163153972027625,0.0203389899998,15
0,[],2,[],2019-01-20 23:23:38,0.0,0,0,6476906,2019-01-20 23:23:38,,0.0,0.0,0,,0.0,0.0,0.0,18
1,[],4,[],2019-06-27 13:01:53,30868.55699095,0.00000806,0.000000000959206898,7771103,2019-06-27 13:01:53,btc,2.3658634052888035,0.0,0.00000806,btc,16949.89446374,0.02556885,0.0369068697929191,18
1,[],10,[],2019-06-27 13:01:56,398967.62337469,0.00000621,0.000000000739041543,7771104,2019-06-27 13:01:56,btc,14.90449429417625,21569.0411977,0.00000621,btc,12001.89959674,0.0,0.2943523925375245,18
1,[],12,[],2019-06-27 13:01:57,925.69178838,0.000008509999999999999837252580292545900420009274967014789581298828125,0.000000001012760633,7771105,2019-06-27 13:01:57,btc,0.5224659871584482,0.0,0.000008509999999999999837252580292545900420009274967014789581298828125,btc,1928.78278592,1.2765e-06,0.0035072137899038,18
0,[],17,[],2019-05-03 00:53:39,0.0,0,0,7558882,2019-05-03 00:53:39,btc,0.0,0.0,0,btc,0.0,0.0,0.0,18
1,[],3,[],2019-06-27 13:24:15,151847.64808358555,0.0000064699999999999998872147848050229157479407149367034435272216796875,0.000000000764674419,7771221,2019-06-27 13:24:15,btc,193.09539964732733,16784.9873264,0.0000064699999999999998872147848050229157479407149367034435272216796875,btc,18735.406047240685,0.0,0.0481888496250841,19
1,[],4,[],2019-06-27 13:24:15,219202.85326486,0.00000712,0.0000000008414964240000001,7771222,2019-06-27 13:24:15,btc,4.267961117052223,0.0,0.00000712,btc,226674.60075367,0.4484018,0.8526839662741748,19
1,[],5,[],2019-06-27 13:24:16,0.0,0,0,7771223,2019-06-27 13:24:16,btc,0.0,0.01282699,0,btc,0.0,0.0,0.0,19
1,[],12,[],2019-06-27 13:24:18,107171.74342362,0.0000060599999999999995775427918953681682978640310466289520263671875,0.000000000716217462,7771224,2019-06-27 13:24:18,btc,1.2053097535750728,0.0,0.0000060599999999999995775427918953681682978640310466289520263671875,btc,3008.56634116,3.03e-05,0.0096025499996701,19
0,[],27,[],2019-06-27 13:24:24,0.0,0,0,7771225,2019-06-27 13:24:24,,0.0,0.0,0,btc,0.0,0.0,0.0,19
0,[],2,[],2019-01-20 23:24:19,0.0,0,0,6476924,2019-01-20 23:24:19,,0.0,0.0,0,,0.0,0.0,0.0,19
1,[],4,[],2019-06-27 13:24:25,10071183.5721973,0.00000005,0.000000000005909385,7771226,2019-06-27 13:24:25,btc,5.167998863111745,0.0,0.00000005,btc,2252055.32861253,0.00297019,0.1164441385301316,20
0,[],4,[],2019-06-27 13:24:26,0.0,0,0,7771227,2019-06-27 13:24:26,,13881.931497766385,0.0,0,,81729842.85940409,0.0,0.0,21
0,[],12,[],2019-06-27 13:24:27,0.0,0,0,7771228,2019-06-27 13:24:27,btc,2602.952842246953,0.0,0,btc,8021263.49350646,0.0,0.0,21
0,[],17,[],2019-05-03 00:53:51,0.0,0,0,7558891,2019-05-03 00:53:51,btc,0.0,0.0,0,btc,0.0,0.0,0.0,21
1,[],12,[],2019-06-27 13:06:14,5886925427.277,0.0000000004,0.00000000000004760332,7771114,2019-06-27 13:06:14,btc,1426620275844.559,0.0,0.0000000004,btc,2854010405.8206134,0.019011738905,1.4672892383108003,23
0.000000000261607,[],27,[],2019-06-27 13:06:20,42993735.03796204,7.84821e-18,9.34002130143e-22,7771115,2019-06-27 13:06:20,eth,1071.81454600082,111129.96203796,0.00000003,eth,5896298.756,8.721715772999999e-13,1.9210655663434405e-10,23
1,[],4,[],2019-06-22 05:45:29,6100414.07522138,0.00000017,0.00000000001823352,7751732,2019-06-22 05:45:29,btc,10.22685272773715,0.0,0.00000017,btc,1790815.48208265,0.0,0.1345450262400025,24
0,[],22,[],2019-06-22 05:45:31,0.0,0,0,7751733,2019-06-22 05:45:31,,6.22e-05,0.0,0,,517.4264705882352,0.0,0.0,24
0.0,[],25,[],2019-06-22 05:45:32,0.0,0,0,7751734,2019-06-22 05:45:32,,0.0,0.0,0.0,btc,0.0,0.0,0.0,24
1,[],4,[],2019-06-27 13:26:29,26926955.34716439,0.00000327,0.000000000386473779,7771229,2019-06-27 13:26:29,btc,6.102238363499645,0.0,0.00000327,btc,200842.73968732,0.12152586,0.3495903795466265,26
1,[],10,[],2019-06-27 13:26:31,129829.96260321,0.00000405,0.0000000004786601850000001,7771230,2019-06-27 13:26:31,btc,25.362419108538813,5495.63452124,0.00000405,btc,20543.18211606,0.0,0.0476037507690698,26
0,[],2,[],2019-01-20 23:25:56,0.0,0,0,6476976,2019-01-20 23:25:56,,0.0,0.0,0,,0.0,0.0,0.0,26
1,[],5,[],2019-04-26 09:47:06,0.0,0,0,7465326,2019-04-26 09:47:06,btc,0.0,0.0,0,btc,0.0,0.0,0.0,27
1,[],3,[],2019-06-17 14:30:26,13571825.64059417,0.00000001,0.00000000000092914,7740112,2019-06-17 14:30:26,btc,3.485049956644059,4264730.43754,0.00000001,btc,23500048.28518193,0.0,0.1357182564059417,27
1,[],11,[],2019-06-17 14:30:28,2031833.58157834,0.00000001,0.00000000000092914,7740113,2019-06-17 14:30:28,btc,67502.92060589766,32677.9652116,0.00000001,btc,6487362.95640949,0.0,0.0203183358157834,27
1,[],4,[],2019-06-27 13:26:31,415538084.7677455,0.00000001,0.000000000001181877,7771231,2019-06-27 13:26:31,btc,10.23634003437471,0.0,0.00000001,"btc,ltc",579530753.969721,1.73331371,0.1490763279533908,29
1,[],7,[],2019-06-27 13:26:32,61830321.06552244,0.00000001,0.000000000001181877,7771232,2019-06-27 13:26:32,btc,46548272.26595506,4023522.13809,0.00000001,btc,40127975.287029654,0.04024068,0.6183032106552244,29
1,[],4,[],2019-06-27 13:26:33,15576391.6711687,0.00000003,0.0000000000035456310000000003,7771233,2019-06-27 13:26:33,btc,2.5706343373037144,0.0,0.00000003,btc,2216626.16605611,0.00260452,0.1649378127887236,30
0,[],17,[],2019-05-03 01:11:25,0.0,0,0,7559066,2019-05-03 01:11:25,btc,0.0,0.0,0,btc,0.0,0.0,0.0,30
1,[],4,[],2019-06-27 13:28:34,229287.20444845,0.00002585,0.000000003055152045,7771234,2019-06-27 13:28:34,btc,3.348568520328442,0.0,0.00002585,btc,54369.94337225,0.63838259,0.401636861748353,31
1,[],21,[],2019-06-27 13:28:35,786962.09950715,0.00002883999999999999831377071879,0.000000003408533268,7771235,2019-06-27 13:28:35,btc,8.77493777977386,524744.10979087,0.00002883999999999999831377071879412454791236086748540401458740234375,btc,225673.87564771,15.14574505,3.6508357802702225,31
0,[],2,[],2019-01-20 23:28:43,0.0,0,0,6477009,2019-01-20 23:28:43,,0.0,0.0,0,,0.0,0.0,0.0,32
0,[],4,[],2019-06-27 13:28:36,0.0,0,0,7771236,2019-06-27 13:28:36,,0.0,0.0,0,,0.0,0.0,0.0,33
1,[],12,[],2019-03-30 07:55:10,40641173.964,0.00000003,0.000000000001228359,7108785,2019-03-30 07:55:10,btc,4233210.82356125,0.0,0.00000003,btc,28378394.68333462,0.0126927883965248,0.90752895892,33
0.00000000009875170000000001,[],4,[],2019-06-27 13:28:37,148674780.297553,4.641329900000001e-17,5.4854810582223006e-21,7771237,2019-06-27 13:28:37,ltc,4.52386001669716,0.0,0.00000047,ltc,161918778.65408945,0.0,5.886846570148112e-10,34
1,[],5,[],2019-06-27 13:28:38,0.0,0,0,7771238,2019-06-27 13:28:38,btc,0.0,0.0447168,0,btc,0.0,0.0,0.0,34
0.0000000002926451,[],17,[],2019-05-02 18:17:47,200000.0,2.9264510000000002e-18,1.596703856561e-22,7556430,2019-05-02 18:17:47,eth,0.20942468735267253,0.0,0.00000001,"btc,eth",1018272.20243647,0.0,5.852902e-13,36
0.0000000001311821,[],4,[],2019-05-31 13:28:19,2417517744.0607657,1.311821e-18,1.105058333085e-22,7717483,2019-05-31 13:28:19,ltc,5.019900492391546e-08,0.0,0.00000001,ltc,7102398142.262129,0.0,3.171350544531538e-09,36
1,[],5,[],2019-05-31 13:28:21,0.0,0,0,7717484,2019-05-31 13:28:21,btc,0.0,0.0,0,btc,0.0,0.0,0.0,36
0.0000000003108179,[],27,[],2019-05-31 13:30:34,10388811.226876,6.216358000000001e-18,5.236566733830001e-22,7717485,2019-05-31 13:30:34,eth,1569.8708019850988,761866.634299,0.00000002,"ltc,eth",5084024.2511555,4.736034912207001e-12,3.3251980286483705e-11,36
1,[],4,[],2019-06-25 10:05:55,10747826.61931615,0.00000014,0.000000000015920562,7762320,2019-06-25 10:05:55,btc,19773.05513423956,0.0,0.00000014,btc,682946.14349671,0.0006293,0.1362851255028938,37
1,[],12,[],2019-06-25 10:05:57,4167862.54235103,0.00000013,0.000000000014783379,7762321,2019-06-25 10:05:57,btc,7.381091518261743,0.0,0.00000013,btc,1713444.53926904,0.016313049979,0.1478110147956336,37
1,[],27,[],2019-06-25 10:08:02,10970.0,0.00000019,0.000000000021606477,7762322,2019-06-25 10:08:02,btc,22.62970013895233,0.0,0.00000019,btc,4298.824295,0.0,0.00167419,37
1,[],17,[],2019-05-03 01:11:36,211752.74075282,0.00000025,0.000000000013700074999999998,7559074,2019-05-03 01:11:36,btc,0.055484923955058496,0.0,0.00000025,"btc,eth",1387.19918473,0.0,0.0005381851887916605,37
1,[],5,[],2019-06-27 13:28:39,0.0,0,0,7771239,2019-06-27 13:28:39,btc,0.0,0.31124301,0,btc,0.0,0.0,0.0,42
1,[],12,[],2019-06-27 13:28:40,2030105.7027303,0.000001480000000000000017730500227741696761540879379026591777801513671875,0.00000000017491779600000002,7771240,2019-06-27 13:28:40,btc,524.5587563993926,0.0,0.000001480000000000000017730500227741696761540879379026591777801513671875,btc,136152.3677927,0.131272892135,0.0663386052673679,42
1,[],27,[],2019-06-27 13:28:48,683.0,0.00000140,0.00000000016546278000000002,7771241,2019-06-27 13:28:48,btc,0.07600425,0.0,0.00000140,"btc,eth",18.0,0.0,0.0005422,42
1,[],12,[],2019-03-13 09:13:29,1112112.0,0.00000001,0.000000000000386531,6919902,2019-03-13 09:13:29,btc,29058.00478931866,0.0,0.00000001,btc,5967681.93306694,9.99000999e-07,0.01112112,43
1,[],5,[],2019-04-26 22:38:52,0.0,0,0,7474154,2019-04-26 22:38:52,btc,0.0,0.02638891,0,btc,0.0,0.0,0.0,43
0,[],17,[],2019-04-26 22:38:53,0.0,0,0,7474155,2019-04-26 22:38:53,btc,0.0,0.0,0,btc,0.0,0.0,0.0,43
1,[],12,[],2019-03-05 01:54:08,639326.02,0.00000004,0.000000000001486676,6845775,2019-03-05 01:54:08,btc,11116042.728239931,0.0,0.00000004,btc,1103841.4595604,0.0003330765234764,0.014975410599999999,44
0.00000000009875170000000001,[],4,[],2019-06-27 13:28:49,108351376.9511354,4.1475714000000004e-17,4.9019192435178006e-21,7771242,2019-06-27 13:28:49,ltc,2762.2092376331993,0.0,0.00000042,ltc,26152413.39496898,0.0,4.653790404805937e-10,49
0.00000000009875170000000001,[],4,[],2019-06-27 13:28:50,316747691.38699335,1.8762823000000003e-17,2.2175348958771002e-21,7771243,2019-06-27 13:28:50,ltc,28231.036152340457,0.0,0.00000019,ltc,196166611.66015875,0.0,1.8016672242573798e-09,52
0,[],22,[],2019-06-27 13:08:48,0.0,0,0,7771131,2019-06-27 13:08:48,,10289.80784133,0.0,0,,287058287.4566013,0.0,0.0,57
0,[],27,[],2019-06-27 13:08:58,0.0,0,0,7771132,2019-06-27 13:08:58,,0.0,0.0,0,"btc,eth",0.0,0.0,0.0,57
0,[],4,[],2019-06-27 13:28:51,0.0,0,0,7771244,2019-06-27 13:28:51,,19.71936148771743,0.0,0,,6040957533.3546915,0.0,0.0,58
0,[],12,[],2019-06-27 13:28:52,0.0,0,0,7771245,2019-06-27 13:28:52,btc,53905694.44932309,0.0,0,btc,3403646378.9779787,0.040046412783,0.0,58
0.000000000078574,[],22,[],2019-06-27 13:30:55,126877.0,7.857400000000001e-19,9.286480339800001e-23,7771246,2019-06-27 13:30:55,XMR,68.17454206,0.0,0.00000001,XMR,9626402.6,0.0,0.00126877,58
1,[],17,[],2019-05-03 01:12:09,1200000.0,0.0000000001,0.00000000000000548003,7559085,2019-05-03 01:12:09,btc,1e+24,0.0,0.0000000001,"btc,eth",39516342.31952568,0.0,0.00010000000058666061,58
1,[],5,[],2019-06-17 14:31:27,0.0,0,0,7740135,2019-06-17 14:31:27,btc,0.0,0.00079154,0,btc,0.0,0.0,0.0,61
1,[],22,[],2019-06-17 14:31:30,13612.833333333334,0.00000012,0.00000000001114968,7740136,2019-06-17 14:31:30,BTC,1002.29123003,0.0,0.00000012,BTC,15014.200177125656,0.0,0.00153257,61
1,[],26,[],2019-06-17 14:31:30,0.0,0.00000050,0.000000000046457,7740137,2019-06-17 14:31:30,btc,0.0,0.0,0.00000050,btc,0.0,0.0,0.0,61
1,[],27,[],2019-06-17 14:31:36,8400.0,0.00000018,0.00000000001672452,7740138,2019-06-17 14:31:36,btc,1.9742539297246655,0.0,0.00000018,"btc,eth",10953.51663696,0.0,0.001512,61
0,[],28,[],2019-06-17 14:31:38,0.0,0,0,7740139,2019-06-17 14:31:38,,0.0,0.0,0,,0.0,0.0,0.0,61
1,[],4,[],2019-06-27 13:11:05,329985.15203744,0.00000066,0.000000000078545478,7771136,2019-06-27 13:11:05,btc,3.473247573521388,0.0,0.00000066,btc,1304612.97162719,0.05893422,0.1595441586110203,67
0.0,[],25,[],2019-06-27 13:11:07,0.0,0,0,7771137,2019-06-27 13:11:07,,0.0,0.0,0.0,btc,0.0,0.0,0.0,67
1,[],12,[],2019-06-02 06:23:14,910048.355,0.00000006,0.000000000005154929999999999,7725270,2019-06-02 06:23:14,btc,5.167005424215783,0.0,0.00000006,btc,738530.60239759,0.003159757462,0.0187188113,71
,[],5,[],2018-11-20 23:02:39,1.5e-07,0.00000005,0.000000000002128045,4862160,2018-11-20 23:02:39,btc,2.84511358,0.0,,btc,0.00036572,0.0,0.07381892,74
1,[],5,[],2019-06-27 13:30:56,0.0,0,0,7771247,2019-06-27 13:30:56,btc,0.0,0.01044654,0,btc,0.0,0.0,0.0,75
1,[],4,[],2019-06-04 03:25:15,715281.46076168,0.00000001,0.000000000000803619,7734085,2019-06-04 03:25:15,btc,581089.6218469425,0.0,0.00000001,btc,37692563.61091116,0.0,0.0071528146076168,81
0,[],20,[],2019-01-25 09:30:31,0.0,0,0,6495923,2019-01-25 09:30:31,btc,0.0,0.0,0,btc,0.0,0.0,0.0,81
1,[],4,[],2019-06-27 13:11:08,352569.83755037,0.00007890,0.00000000938975487,7771139,2019-06-27 13:11:08,btc,58.55360858921975,0.0,0.00007890,btc,119976.60798053,0.26006528,0.1702161152609626,82
1,[],21,[],2019-06-27 13:11:09,298846.14103005,0.00007550000000000000558320750743,0.00000000898512665,7771140,2019-06-27 13:11:09,btc,4.607626858166476,56687.9115667,0.000075500000000000005583207507431353633364778943359851837158203125,btc,45979.15034234,4.32044841,2.4511879104478638,82
0,[],17,[],2019-03-25 22:42:34,0.0,0,0,7038780,2019-03-25 22:42:34,btc,0.0445064681804024,0.0,0,btc,995513.18476001,0.0,0.0,84
0.0000000001161485,[],4,[],2019-05-20 13:09:39,216715621.0206096,1.161485e-18,9.0533806701e-23,7657228,2019-05-20 13:09:39,ltc,1.6511566870244727,0.0,0.00000001,ltc,471032407.9048656,0.0,2.5171194308112273e-10,85
,[],22,[],2018-11-20 23:09:34,3408.1,0.0000001,0.0000000000041895,4862324,2018-11-20 23:09:34,BTC,0.04624735,0.0,,BTC,4990.0,0.0,0.00033081,86
1,[],22,[],2019-06-26 09:07:19,62694.0,0.00000005,0.0000000000063518149999999994,7766682,2019-06-26 09:07:19,BTC,1.85249053,0.0,0.00000005,BTC,287024.94736842107,0.0003,0.00062846,87
1,[],27,[],2019-06-26 09:07:25,361781.0,0.0000002,0.000000000025407259999999998,7766683,2019-06-26 09:07:25,btc,19.86923154858,99950.0,0.0000002,btc,548343.482,0.01999,0.01237888,87
,[],2,[],2018-11-20 23:10:47,0.0,0,0,4862359,2018-11-20 23:10:47,,0.0,0.0,,,0.0,0.0,0.0,88
1,[],11,[],2019-06-17 14:31:59,193715.3529613,0.000073310000000000001140094962881477158589405007660388946533203125,0.00000000681152534,7740147,2019-06-17 14:31:59,btc,168.35454702024953,5791.70569014,0.000073310000000000001140094962881477158589405007660388946533203125,btc,196971.41170107,0.0,1.1996165759440112,89
0,[],2,[],2019-01-20 23:31:45,0.0,0,0,6477083,2019-01-20 23:31:45,,0.0,0.0,0,,0.0,0.0,0.0,91
1,[],12,[],2019-06-18 02:35:48,427715.74,0.00000015,0.000000000013911045000000001,7746087,2019-06-18 02:35:48,btc,116.61022144471085,0.0,0.00000015,btc,193315.55943968,0.000180759303,0.0129558314,91
1,[],22,[],2019-06-20 20:27:07,75910.0,0.00000002,0.000000000001914908,7746207,2019-06-20 20:27:07,BTC,0.49565371,0.0,0.00000002,"BTC,LTC",6.384990670617935,0.0,0.0016592,91
0,[],17,[],2019-05-03 01:12:26,0.0,0,0,7559096,2019-05-03 01:12:26,btc,0.0,0.0,0,btc,0.0,0.0,0.0,91
1,[],22,[],2019-06-27 13:31:00,105655.66666666667,0.00000003,0.0000000000035456310000000003,7771248,2019-06-27 13:31:00,BTC,11.44466416,0.0,0.00000003,"BTC,LTC",318772.4683191416,0.0,0.06677967,95
0.0000000000983916,[],4,[],2019-06-27 13:11:14,538290939.798514,3.2469228e-17,3.8641076265924e-21,7771142,2019-06-27 13:11:14,ltc,10.925358709210338,0.0,0.00000033,ltc,154156371.5071718,0.0,6.689354350174353e-10,96
0,[],12,[],2019-06-27 13:11:16,0.0,0,0,7771143,2019-06-27 13:11:16,btc,36.38288093448551,0.0,0,btc,9955245.448551439,7.5644356e-05,0.0,96
0,[],17,[],2019-05-03 01:12:32,0.0,0,0,7559100,2019-05-03 01:12:32,btc,0.0,0.0,0,btc,0.0,0.0,0.0,96
1,[],4,[],2019-04-14 03:32:46,1039404.33283278,0.00000038,0.000000000019245518,7293458,2019-04-14 03:32:46,btc,4.170086055365747,0.0,0.00000038,btc,3097704.34561074,0.06260606,0.1859928211030784,99
1,[],4,[],2019-06-27 13:13:17,172347.51237599,0.00001279,0.000000001522116157,7771144,2019-06-27 13:13:17,btc,7.878323312573949,0.0,0.00001279,btc,171446.07959341,0.47583312,0.2059841591756455,100
0,[],2,[],2019-01-20 23:23:55,0.0,0,0,6476914,2019-01-20 23:23:55,,0.0,0.0,0,,0.0,0.0,0.0,100
1,[],22,[],2019-06-05 06:30:35,150000.0,0.00000002,0.000000000001558192,7740007,2019-06-05 06:30:35,BTC,28.56386409,0.0,0.00000002,BTC,12787.719,0.0,0.0017,101
1,[],4,[],2019-06-27 13:31:01,435850.74421084,0.00000149,0.000000000176099673,7771249,2019-06-27 13:31:01,btc,882.8584270627665,0.0,0.00000149,btc,748732.54418644,0.02421308,0.0738679664756603,103
1,[],12,[],2019-06-17 14:32:14,179201505.10870332,0.000000005,0.00000000000046457,7740154,2019-06-17 14:32:14,btc,113577.79366343976,0.0,0.000000005,btc,79148141.67831126,0.019059029059,0.27280986350611003,105
1,[],27,[],2019-06-17 14:32:19,18306828.03496503,0.00000002,0.00000000000185828,7740155,2019-06-17 14:32:19,btc,180.7198218385489,1083.96503497,0.00000002,btc,276513.60142659,7.588e-05,0.3661365606993006,105
1,[],22,[],2019-04-21 00:17:26,21333.0,0.00000001,0.000000000000532493,7385819,2019-04-21 00:17:26,BTC,51.38182867,0.0,0.00000001,BTC,470435.0,0.0,0.00021333,107
1,[],26,[],2019-04-21 00:17:26,0.0,0.00000000,0,7385820,2019-04-21 00:17:26,btc,0.0,0.0,0.00000000,btc,0.0,0.0,0.0,107
1,[],5,[],2019-06-27 13:31:03,0.0,0,0,7771250,2019-06-27 13:31:03,btc,0.0,0.0,0,btc,0.0,0.0,0.0,112
0,[],22,[],2019-06-27 13:31:06,0.0,0,0,7771251,2019-06-27 13:31:06,,6.79500102,0.0,0,,3375892.0833333335,0.0,0.0,112
1,[],27,[],2019-06-27 13:31:14,1.0,0.00000001,0.000000000001181877,7771252,2019-06-27 13:31:14,btc,0.0,0.0,0.00000001,"btc,eth",0.0,0.0,1e-08,112
1,[],4,[],2019-06-27 13:13:33,937731.05024086,0.00000044,0.000000000052363652,7771149,2019-06-27 13:13:33,btc,6.590073439547738,0.0,0.00000044,btc,1004051.08097203,0.03918143,0.1039046577386702,113
1,[],5,[],2019-06-27 13:13:34,0.0,0,0,7771150,2019-06-27 13:13:34,btc,0.0,0.0,0,btc,0.0,0.0,0.0,113
1,[],17,[],2019-04-26 02:17:47,162738.278,0.00000004,0.0000000000021069000000000002,7461287,2019-04-26 02:17:47,btc,1.3331140273775473,0.0,0.00000004,btc,51796.221,0.0,0.00230953112,116
1,[],27,[],2019-05-22 05:13:01,210000.0,0.00000001,0.00000000000079145,7666372,2019-05-22 05:13:01,btc,3919.0005001478,0.0,0.00000001,btc,128660.871,0.0,0.0021,116
1,[],4,[],2019-05-21 22:31:11,138169.03963019,0.00000701,0.000000000558364025,7664793,2019-05-21 22:31:11,btc,150.95388250938234,0.0,0.00000701,btc,344631.17141974,0.07552974,0.4288357684941946,120
1,[],7,[],2019-05-21 22:31:12,3901.07750076,0.000010679999999999999389654892212320191902108490467071533203125,0.0000000008506887,7664794,2019-05-21 22:31:12,btc,231188.94669936574,0.0,0.000010679999999999999389654892212320191902108490467071533203125,btc,4133.83151364,0.0,0.0113888422364489,120
1,[],20,[],2019-04-07 18:42:29,1914137.0852,0.000000035,0.0000000000017871910000000002,7211992,2019-04-07 18:42:29,btc,32.2497668025648,25528.85,0.000000035,btc,1001975.4986,0.00089350975,0.0152723574729,125
1,[],22,[],2019-06-17 14:32:38,10000.0,0.00000001,0.00000000000092914,7740161,2019-06-17 14:32:38,BTC,0.032061,0.0,0.00000001,BTC,299316.7611111111,0.0,0.0001,126
1,[],4,[],2019-06-27 13:13:35,1178055.79962667,0.00000262,0.000000000311801746,7771151,2019-06-27 13:13:35,btc,2.4001734019661334,0.0,0.00000262,btc,176582.90306765,0.06481857,0.6270634091043005,131
0,[],2,[],2019-01-20 23:25:46,0.0,0,0,6476969,2019-01-20 23:25:46,,0.0,0.0,0,,0.0,0.0,0.0,131
1,[],17,[],2019-05-03 01:13:10,10000.0,0.00000001,0.000000000000548003,7559115,2019-05-03 01:13:10,btc,0.0953976503951408,0.0,0.00000001,btc,5037.62507334,0.0,0.0001,131
1,[],4,[],2019-06-17 14:32:42,4848.49465417,0.00007919,0.00000000735785966,7740163,2019-06-17 14:32:42,btc,0.9905723729472744,0.0,0.00007919,btc,202.13055914,0.0,0.0061509344290166,135
1,[],3,[],2019-06-05 06:33:11,40600.27748212,0.00000001,0.000000000000779096,7740019,2019-06-05 06:33:11,btc,0.2308097808993716,2146378.52189,0.00000001,btc,2477992.76904676,0.0,0.0004060027748212,136
1,[],4,[],2019-06-27 13:15:36,812881.01990376,0.00000135,0.000000000160661205,7771152,2019-06-27 13:15:36,btc,112.01403736811115,0.0,0.00000135,btc,495127.61324562,0.06467166,0.3017303572027395,137
1,[],12,[],2019-06-27 13:15:38,62623.68557822,0.00000154999999999999998279913253351747215447176131419837474822998046875,0.000000000184462865,7771153,2019-06-27 13:15:38,btc,80.24170453967908,0.0,0.00000154999999999999998279913253351747215447176131419837474822998046875,btc,83177.92097078,0.0001316,0.0090067099999742,137
1,[],4,[],2019-06-27 13:15:39,399339.50874806,0.00001047,0.000000001246016901,7771154,2019-06-27 13:15:39,btc,5.984622174933938,0.0,0.00001047,btc,168564.94770633,0.35670015,0.1504676641676677,142
1,[],5,[],2019-06-27 13:15:40,0.0,0,0,7771155,2019-06-27 13:15:40,btc,0.0,0.05455499,0,btc,0.0,0.0,0.0,142
1,[],20,[],2019-06-27 13:17:42,270227.9509,0.000010133,0.0000000012059111039,7771156,2019-06-27 13:17:42,btc,1.6086879358233,71.3191,0.000010133,btc,10022.5864,0.0007465826375,0.0065722781005,142
1,[],22,[],2019-06-27 13:17:45,10820.0,0.00000600,0.0000000007140498,7771157,2019-06-27 13:17:45,BTC,2.99759384,0.0,0.00000600,BTC,835.7198755539798,0.0,0.0053672,142
0.0,[],25,[],2019-06-27 13:17:47,0.0,0,0,7771158,2019-06-27 13:17:47,,0.0,0.0,0.0,btc,0.0,0.0,0.0,142
0,[],28,[],2019-06-27 13:17:48,0.0,0,0,7771159,2019-06-27 13:17:48,,0.0,0.0,0,,0.0,0.0,0.0,142
1,[],17,[],2019-05-03 01:13:16,32967.38636364,0.00000088,0.000000000048224264,7559122,2019-05-03 01:13:16,btc,20.06976206696776,0.0,0.00000088,btc,2746.079105,0.0,0.0105613000000032,142
0,[],22,[],2019-06-27 13:17:51,0.0,0,0,7771160,2019-06-27 13:17:51,,1635.98618676,0.0,0,,788450755.3,0.0,0.0,143
0,[],22,[],2019-02-25 15:42:22,0.0,0,0,6783783,2019-02-25 15:42:22,,4.2131946,0.0,0,,2322156.0,0.0,0.0,146
,[],22,[],2018-11-20 23:01:11,0.0,0,0,4862114,2018-11-20 23:01:11,,2.56807021,0.0,,,61828.4988236,0.0,0.0,147
1,[],12,[],2019-04-21 06:38:04,193091.5971266,0.00000071,0.000000000037635183,7388679,2019-04-21 06:38:04,btc,2.301232411611175,0.0,0.00000071,btc,9957.48302385,0.00023528,0.0313308199999888,148
1,[],4,[],2019-03-19 21:31:25,255810.0415942,0.00000029,0.000000000011615747,6982695,2019-03-19 21:31:25,btc,218.94922712414143,0.0,0.00000029,btc,793529.37642722,0.00117,0.0608347789473395,152
0,[],22,[],2019-03-19 21:31:27,0.0,0,0,6982696,2019-03-19 21:31:27,,0.0,0.0,0,,0.0,0.0,0.0,152
1,[],5,[],2019-04-26 09:36:59,0.0,0,0,7465040,2019-04-26 09:36:59,btc,0.0,0.0,0,btc,0.0,0.0,0.0,153
,[],16,[],2019-01-11 15:38:59,0.0,0,0,6366141,2019-01-11 15:38:59,btc,0.0,0.0,,btc,0.0,0.0,0.0,155
0,[],23,[],2019-01-20 23:24:29,0.0,0,0,6476932,2019-01-20 23:24:29,,0.0,0.0,0,,0.0,0.0,0.0,156
0,[],22,[],2019-06-04 06:02:09,0.0,0,0,7734688,2019-06-04 06:02:09,,7.43375324,0.0,0,,5955762.942592593,0.0,0.0,156
1,[],22,[],2019-06-27 13:17:55,6996.0,0.00000001,0.000000000001190083,7771161,2019-06-27 13:17:55,BTC,1.7543039,0.0,0.00000001,BTC,57.0,0.0,6.996e-05,157
0,[],22,[],2019-05-21 23:40:32,0.0,0,0,7665049,2019-05-21 23:40:32,,50234.60468402,0.0,0,,54786159.03179465,0.0,0.0,158
,[],17,[],2018-11-20 22:56:10,0.0,0,0,4861976,2018-11-20 22:56:10,btc,1.1265625,0.0,,btc,1000.0,0.0,0.0,159
,[],20,[],2018-11-20 22:56:12,0.0,0,0,4861977,2018-11-20 22:56:12,btc,11912.7940471,0.0,,btc,34413894.3617,0.0,0.0,159
1,[],12,[],2019-05-24 02:51:20,9178.522006449999,0.00000191999999999999982841307998027158276954651228152215480804443359375,0.000000000151222656,7676256,2019-05-24 02:51:20,btc,149.80414728631675,0.0,0.00000191999999999999982841307998027158276954651228152215480804443359375,btc,1115.7451448499999,0.01783167678326,0.0120075778999181,168
1,[],17,[],2019-05-03 01:13:36,42852.0,0.00000002,0.000000000001096006,7559132,2019-05-03 01:13:36,btc,0.04279856251542,0.0,0.00000002,btc,274.46171372,0.0,0.00052852,168
1,[],22,[],2019-05-17 03:01:52,10.0,0.00000001,0.000000000000778341,7642059,2019-05-17 03:01:52,BTC,41.95893009,0.0,0.00000001,BTC,1753972.7737547632,0.0,1e-07,169
1,[],22,[],2019-05-30 08:38:18,202834.0,0.00000002,0.0000000000017416160000000001,7711049,2019-05-30 08:38:18,BTC,27.87002826,0.0,0.00000002,BTC,462189.5410507793,0.0,0.00211768,171
1,[],22,[],2019-05-29 08:05:18,349870.0,0.00000002,0.000000000001705894,7705265,2019-05-29 08:05:18,BTC,24.05907723,0.0,0.00000002,"BTC,LTC",1224285.4355616204,0.0,0.0039847,173
1,[],5,[],2019-06-27 13:17:57,0.0,0,0,7771162,2019-06-27 13:17:57,btc,0.0,0.00179691,0,btc,0.0,0.0,0.0,175
1,[],22,[],2019-06-17 14:33:12,90671.0,0.00000001,0.00000000000092914,7740175,2019-06-17 14:33:12,BTC,394.35459412,0.0,0.00000001,BTC,136275.61833431243,0.0,0.00090671,176
1,[],7,[],2019-06-27 13:17:58,0.0,0,0,7771163,2019-06-27 13:17:58,btc,521516.243407432,0.0,0,btc,27713522.85351229,0.0,0.0,178
0,[],22,[],2019-06-27 13:18:01,0.0,0,0,7771164,2019-06-27 13:18:01,,1.00242428,0.0,0,,57512.0,0.0,0.0,178
0,[],2,[],2019-01-20 23:28:34,0.0,0,0,6477001,2019-01-20 23:28:34,,0.0,0.0,0,,0.0,0.0,0.0,178
1,[],5,[],2019-06-27 13:18:02,0.0,0,0,7771165,2019-06-27 13:18:02,btc,0.0,0.00073997,0,btc,0.0,0.0,0.0,179
0,[],22,[],2019-06-27 13:18:05,0.0,0,0,7771166,2019-06-27 13:18:05,,9.34623917,0.0,0,,14491075.311946675,0.0,0.0,179
0,[],23,[],2019-01-20 23:25:08,0.0,0,0,6476952,2019-01-20 23:25:08,,0.0,0.0,0,,0.0,0.0,0.0,179
1,[],22,[],2019-06-27 13:20:10,698352.1113636363,0.0000004,0.00000000004760332,7771167,2019-06-27 13:20:10,BTC,40.60589426,0.0,0.0000004,"BTC,LTC",160489.44444646587,0.00205848,0.56234432,180
1,[],26,[],2019-06-27 13:20:10,0.0,0.00000010,0.00000000001190083,7771168,2019-06-27 13:20:10,btc,0.0,0.0,0.00000010,btc,0.0,0.0,0.0,180
1,[],17,[],2019-05-03 01:13:56,20504.725000000002,0.0000001,0.00000000000548003,7559141,2019-05-03 01:13:56,btc,5.2010695838400265,0.0,0.0000001,btc,5033.45945,0.0,0.0011504725,180
,[],7,[],2018-11-20 22:58:01,562227.975654,0.00000085,0.000000000036176765,4862015,2018-11-20 22:58:01,btc,21836.6059674,2491.87645172,,btc,749999.041456,0.00211021,0.127565380455,183
,[],5,[],2019-01-10 08:11:41,0.0,0,0,6347036,2019-01-10 08:11:41,btc,82.15055501,0.00261,,btc,1.19002445,0.0,0.0,187
,[],17,[],2018-11-16 20:58:10,4062536.27273,0.00000001,0.000000000000550501,4708775,2018-11-16 20:58:10,btc,3.36492563466,0.195460381006,,"btc,eth",110697919.549,0.0,0.0157628953496,187
1,[],24,[],2019-05-22 21:04:52,0.0,0.000000000014,0.0000000000000010960978,7670219,2019-05-22 21:04:52,btc,0.0,0.0,0.000000000014,btc,0.0,0.0,0.0,187
0,[],22,[],2019-04-25 02:54:07,0.0,0,0,7447896,2019-04-25 02:54:07,,7.54794454,0.0,0,,76361.7243344055,0.0,0.0,191
0,[],22,[],2019-06-17 14:33:34,0.0,0,0,7740182,2019-06-17 14:33:34,,0.0,0.0,0,,0.0,0.0,0.0,197
0,[],23,[],2019-01-20 23:31:41,0.0,0,0,6477079,2019-01-20 23:31:41,,0.0,0.0,0,,0.0,0.0,0.0,199
0,[],22,[],2019-06-27 13:20:12,0.0,0,0,7771169,2019-06-27 13:20:12,,10.58263174,0.0,0,,84280969.0,0.0,0.0,199
1,[],26,[],2019-06-27 13:20:12,0.0,0.00000000,0,7771170,2019-06-27 13:20:12,btc,0.0,0.0,0.00000000,btc,0.0,0.0,0.0,199
0,[],2,[],2019-01-20 23:30:49,0.0,0,0,6477059,2019-01-20 23:30:49,,0.0,0.0,0,,0.0,0.0,0.0,201
1,[],4,[],2019-01-25 15:51:35,2084389.58565343,0.00000936,0.000000000333526752,6499557,2019-01-25 15:51:35,btc,2.0092503037378524,0.0,0.00000936,btc,160195.80207885,0.19272417,1.242687955921835,211
1,[],7,[],2019-06-27 13:20:16,1170054124.6898527,0.00000018,0.000000000021421494,7771171,2019-06-27 13:20:16,btc,1346838.6258339162,0.0,0.00000018,btc,5739479.26464841,0.0,11.954344045954047,212
1,[],12,[],2019-01-25 02:44:32,207462.42853209,0.000001080000000000000035831255497387193287295303889550268650054931640625,0.000000000038610756000000006,6493050,2019-01-25 02:44:32,btc,85023.03793723314,0.0,0.000001080000000000000035831255497387193287295303889550268650054931640625,btc,43675.73520027,0.000146250909087,0.0348620860622024,213
1,[],5,[],2019-05-30 00:07:46,0.0,0,0,7709357,2019-05-30 00:07:46,btc,0.0,0.06425239,0,btc,0.0,0.0,0.0,213
1,[],24,[],2019-05-30 00:07:46,0.0,0.000000399202,0.0000000000344859829346,7709358,2019-05-30 00:07:46,btc,0.0,0.0,0.000000399202,btc,0.0,0.0,0.0,213
1,[],26,[],2019-05-30 00:07:47,0.0,0.00000040,0.000000000034554919999999996,7709359,2019-05-30 00:07:47,btc,0.0,0.0,0.00000040,btc,0.0,0.0,0.0,213
0,[],22,[],2019-06-27 13:20:18,0.0,0,0,7771172,2019-06-27 13:20:18,,9.56923849,0.0,0,,3661587.2040649247,0.0,0.0,216
0,[],27,[],2019-06-27 13:20:27,0.0,0,0,7771173,2019-06-27 13:20:27,,1949.4038223191976,915.0,0,"btc,ltc",448200.29534794,9.15e-06,0.0,216
1,[],22,[],2019-06-27 13:20:30,911785.119047619,0.00000024,0.000000000028561992,7771174,2019-06-27 13:20:30,BTC,12055.85527807,0.0,0.00000024,BTC,535108.7178421671,0.00510121,0.0298742,217
1,[],7,[],2019-06-27 13:20:31,0.0,0,0,7771175,2019-06-27 13:20:31,btc,2123800.2774640615,0.0,0,btc,82333746.4752352,0.0,0.0,219
0,[],27,[],2019-06-27 13:20:38,0.0,0,0,7771176,2019-06-27 13:20:38,,250.21442758069674,0.0,0,btc,146772.535837,0.0,0.0,219
0,[],28,[],2019-06-27 13:20:39,0.0,0,0,7771177,2019-06-27 13:20:39,,0.0,0.0,0,,0.0,0.0,0.0,219
0,[],22,[],2019-06-26 23:36:41,0.0,0,0,7769178,2019-06-26 23:36:41,,56.75439223,0.0,0,,184664.6482738741,0.0,0.0,221
1,[],24,[],2019-06-26 23:36:41,0.0,0.000000030000,0.000000000003835668,7769179,2019-06-26 23:36:41,btc,0.0,0.0,0.000000030000,btc,0.0,0.0,0.0,221
1,[],20,[],2019-06-17 14:34:11,26882155.8301,0.000000003,0.000000000000278742,7740192,2019-06-17 14:34:11,btc,100050.81956632523,233521.3529,0.000000003,btc,38769742.8604,0.0007925640587,0.0306863532672,224
0,[],22,[],2019-06-17 14:34:13,0.0,0,0,7740193,2019-06-17 14:34:13,,0.0,0.0,0,,0.0,0.0,0.0,224
1,[],26,[],2019-06-27 13:20:39,0.0,0.00000022,0.000000000026181826,7771178,2019-06-27 13:20:39,btc,0.0,0.0,0.00000022,btc,0.0,0.0,0.0,231
1,[],26,[],2019-06-27 13:20:40,0.0,0.00000005,0.000000000005950415,7771179,2019-06-27 13:20:40,btc,0.0,0.0,0.00000005,btc,0.0,0.0,0.0,234
0.000000000261607,[],27,[],2019-06-27 13:20:47,100.0,2.61607e-18,3.11334043381e-22,7771180,2019-06-27 13:20:47,eth,0.0,0.0,0.00000001,"btc,eth",0.0,0.0,2.6160699999999997e-16,234
1,[],4,[],2019-05-22 17:06:12,91780.56053785,0.00000078,0.000000000061977552,7669277,2019-05-22 17:06:12,btc,5.573372450018177,0.0,0.00000078,btc,729173.93529783,0.0,0.0307060663355679,236
1,[],24,[],2019-05-22 17:06:12,0.0,0.000000010000,0.000000000000794584,7669278,2019-05-22 17:06:12,btc,0.0,0.0,0.000000010000,btc,0.0,0.0,0.0,236
1,[],5,[],2019-06-27 13:20:48,0.0,0,0,7771181,2019-06-27 13:20:48,btc,0.0,1.61407957,0,btc,0.0,0.0,0.0,237
1,[],20,[],2019-06-27 13:20:50,123918477.6269,0.000000061,0.0000000000072595063,7771182,2019-06-27 13:20:50,btc,8172548.822770453,18878712.3002,0.000000061,btc,45787986.4134,1.2473839693652,0.6337717014395,237
1,[],22,[],2019-06-27 13:20:53,2084614.0,0.00000004,0.000000000004760332,7771183,2019-06-27 13:20:53,BTC,1.20112188,0.0,0.00000004,"BTC,LTC",14507.148717948718,0.0,0.02587451,237
1,[],4,[],2019-06-27 13:20:54,32059138.26380155,0.00000005,0.000000000005950415,7771184,2019-06-27 13:20:54,btc,2.3793037197953435,0.0,0.00000005,btc,11334937.93570419,0.10376532,0.5631850557234099,238
1,[],5,[],2019-06-27 13:20:55,0.0,0,0,7771185,2019-06-27 13:20:55,btc,0.0,0.03659141,0,btc,0.0,0.0,0.0,238
0,[],22,[],2019-03-12 16:49:32,0.0,0,0,6914458,2019-03-12 16:49:32,,0.40415746,0.0,0,,526736.5639027493,0.0,0.0,249
0,[],22,[],2019-05-28 23:53:45,0.0,0,0,7703643,2019-05-28 23:53:45,,13.44714864,0.0,0,,43777534.3426455,0.0,0.0,252
0,[],28,[],2019-06-27 13:20:57,0.0,0,0,7771186,2019-06-27 13:20:57,,0.0,0.0,0,,0.0,0.0,0.0,256
1,[],22,[],2019-06-27 13:21:01,526932.0,0.00000001,0.000000000001190083,7771187,2019-06-27 13:21:01,BTC,31464.57209997,0.0,0.00000001,BTC,1031955.2230878276,0.00012462,0.00526932,258
1,[],22,[],2019-05-19 18:12:02,400.0,0.00000001,0.0000000000007957800000000001,7653905,2019-05-19 18:12:02,BTC,2.415167,0.0,0.00000001,BTC,157.0,0.0,4e-06,259
1,[],5,[],2019-06-27 13:21:03,0.0,0,0,7771188,2019-06-27 13:21:03,btc,0.0,0.00063372,0,btc,0.0,0.0,0.0,264
1,[],20,[],2019-06-27 13:21:05,933227.2858,0.000000175,0.0000000000208264525,7771189,2019-06-27 13:21:05,btc,1.0498039366657,444.8728,0.000000175,btc,33665.6188,7.785274e-05,0.0055170799899,264
0,[],22,[],2019-04-12 17:57:27,0.0,0,0,7278186,2019-04-12 17:57:27,,66.37522201,0.0,0,,677842.4169881374,0.0,0.0,271
0,[],22,[],2019-06-27 13:21:07,0.0,0,0,7771190,2019-06-27 13:21:07,,33050469.74148113,0.0,0,,14261527780.7,0.0,0.0,272
0,[],28,[],2019-06-27 13:21:08,0.0,0,0,7771191,2019-06-27 13:21:08,,0.0,0.0,0,,0.0,0.0,0.0,272
1,[],22,[],2019-05-23 07:12:29,219930.0,0.00000004,0.000000000003048688,7671985,2019-05-23 07:12:29,BTC,426.77835217,0.0,0.00000004,BTC,248664.3325962929,0.0,0.00739728,281
0.0000000000983916,[],22,[],2019-06-27 13:21:12,4541.1,9.83916e-17,1.170941705028e-20,7771192,2019-06-27 13:21:12,LTC,4.68196825,0.0,0.00000100,LTC,1108230.9657646376,0.0,0.0045411,286
0,[],22,[],2019-06-17 14:34:53,0.0,0,0,7740207,2019-06-17 14:34:53,,7337915.80475575,0.0,0,,2078527309.6797826,0.0,0.0,294
