pairValue,buyBook,exchangeId,sellBook,updated,buyTotal,satoshiPrice,usdPrice,exchangeLogId,created,bestPair,sellTotalBtc,volume,pairPrice,activePairs,sellTotal,volumeBtc,buyTotalBtc,coinId
1,[],3,[],2019-06-04 22:41:42,31464.6330584853,0.010652399999999999369304504170941072516143321990966796875,0.0000008144239158,7738892,2019-06-04 22:41:42,btc,33.756609055534916,41.3935185778,0.010652399999999999369304504170941072516143321990966796875,btc,21.933487959188,0.0,0.23134493082799873,1
1,[],4,[],2019-06-04 22:41:42,207673.04825428,0.01068490,0.00000081690868705,7738893,2019-06-04 22:41:42,btc,7.977301658058083,0.0,0.01068490,btc,336.13322244,0.72539681,0.5580336654482962,1
1,[],5,[],2019-06-04 22:41:45,0.0,0,0,7738894,2019-06-04 22:41:45,btc,0.0,0.05060957,0,btc,0.0,0.0,0.0,1
1,[],10,[],2019-06-04 22:41:47,130484.65461115,0.00623,0.000000476311535,7738895,2019-06-04 22:41:47,btc,6518.611664002581,1632.55784706,0.00623,btc,1245.40373428,0.0,2.2488505196142743,1
1,[],12,[],2019-06-04 22:41:50,78.63108014,0.01077999999999999965194508178001342457719147205352783203125,0.00000082417951,7738896,2019-06-04 22:41:50,btc,0.153516606585,0.0,0.01077999999999999965194508178001342457719147205352783203125,btc,13.3307732,0.255269757265,0.326655190889,1
1,[],20,[],2019-06-04 22:41:53,936.3261,0.00920001,0.000000703382164545,7738897,2019-06-04 22:41:53,btc,0.2216121673914,0.2835,0.00920001,btc,17.1727,0.0026122578014,0.1216797120765,1
1,[],21,[],2019-06-04 22:41:53,2125.12694451,0.01080050999999999927769778196,0.000000825747591795,7738898,2019-06-04 22:41:53,btc,10.415386907061887,5180.87112968,0.01080050999999999927769778196307015605270862579345703125,"btc,eth",1389.27014647,53.03445226598998,18.598828327058705,1
1,[],22,[],2019-06-04 22:41:57,0.0025666666666666667,0.00900000,0.0000006880905,7738899,2019-06-04 22:41:57,BTC,0.31629903,0.0,0.00900000,BTC,0.2505752479991019,0.0,2.31e-05,1
1,[],24,[],2019-06-04 22:41:58,0.0,0.000000000000,0,7738900,2019-06-04 22:41:58,btc,0.0,0.0,0.000000000000,btc,0.0,0.0,0.0,1
0.0,[],25,[],2019-06-04 22:44:15,0.0,0,0,7738901,2019-06-04 22:44:15,btc,12.299999999687536,0.0,0.0,btc,1116.34370947,0.0,0.0,1
1,[],26,[],2019-06-04 22:44:18,0.0,0,0,7738902,2019-06-04 22:44:18,,0.0,0.0,0,,0.0,0.0,0.0,1
0,[],28,[],2019-06-04 22:44:18,0.0,0,0,7738903,2019-06-04 22:44:18,,0.0,0.0,0,,0.0,0.0,0.0,1
0,[],2,[],2019-01-20 23:28:45,0.0,0,0,6477011,2019-01-20 23:28:45,,0.0,0.0,0,,0.0,0.0,0.0,1
1,[],5,[],2019-06-04 22:44:22,0.0,0,0,7738904,2019-06-04 22:44:22,btc,0.0,0.02377554,0,btc,0.0,0.0,0.0,2
0,[],22,[],2019-06-04 22:44:24,0.0,0,0,7738905,2019-06-04 22:44:24,,0.0,0.0,0,,0.0,0.0,0.0,2
1,[],5,[],2019-06-03 14:48:58,0.0,0,0,7731126,2019-06-03 14:48:58,btc,0.0,0.05905545,0,btc,0.0,0.0,0.0,3
1,[],12,[],2019-06-03 14:48:59,3468623.70302,0.000000116,0.000000000009823402000000002,7731127,2019-06-03 14:48:59,btc,169531.0336573751,0.0,0.000000116,btc,2361209.62379607,0.041350953071,0.33764769154428,3
0,[],28,[],2019-06-03 14:49:00,0.0,0,0,7731128,2019-06-03 14:49:00,,0.0,0.0,0,,0.0,0.0,0.0,3
0,[],2,[],2019-01-20 23:31:32,0.0,0,0,6477077,2019-01-20 23:31:32,,0.0,0.0,0,,0.0,0.0,0.0,4
1,[],4,[],2019-05-18 21:29:50,562734.9206932,0.00000010,0.000000000007298720000000001,7650946,2019-05-18 21:29:50,btc,41.9347137769675,0.0,0.00000010,btc,1123702.32192634,0.00052462,0.029254593370966,4
0,[],12,[],2019-06-02 05:03:43,0.0,0,0,7724919,2019-06-02 05:03:43,btc,625.901992874995,0.0,0,btc,1211362.4995005,0.0,0.0,5
1,[],11,[],2019-06-04 22:44:26,9019170.276736,0.00000002,0.0000000000015290900000000001,7738906,2019-06-04 22:44:26,btc,9582.834946672145,1860540.0,0.00000002,btc,67491862.19260395,0.0,0.13592855276736002,6
0,[],2,[],2019-01-20 23:31:51,0.0,0,0,6477087,2019-01-20 23:31:51,,0.0,0.0,0,,0.0,0.0,0.0,6
1,[],3,[],2019-06-04 22:44:27,11262.295257376374,0.000089110000000000005719071050069857164999120868742465972900390625,0.000000006812860495000001,7738907,2019-06-04 22:44:27,btc,0.1251920795528623,379.641756169,0.000089110000000000005719071050069857164999120868742465972900390625,btc,282.933788788405,0.0,0.01726874880765315,7
1,[],4,[],2019-06-04 22:44:28,323105.21526785,0.00008001,0.000000006117124545,7738908,2019-06-04 22:44:28,btc,8.417397717332024,0.0,0.00008001,btc,59246.80996033,1.70028337,2.00521635156847,7
1,[],5,[],2019-06-04 22:44:30,0.0,0,0,7738909,2019-06-04 22:44:30,btc,0.0,0.05618138,0,btc,0.0,0.0,0.0,7
1,[],20,[],2019-04-07 22:06:50,3201475.0482,0.000000001,0.000000000000051590000000000004,7213932,2019-04-07 22:06:50,btc,30.8005781811902,0.0,0.000000001,btc,23077405.3926,0.0,0.0032014750482,8
1,[],4,[],2019-06-04 22:44:32,2421233.79221565,0.00000047,0.000000000035933615,7738910,2019-06-04 22:44:32,btc,3.238983286063325,0.0,0.00000047,btc,3235054.36196714,0.1922155,0.4535384167833731,9
0,[],28,[],2019-06-04 22:44:32,0.0,0,0,7738911,2019-06-04 22:44:32,,0.0,0.0,0,,0.0,0.0,0.0,9
0,[],2,[],2019-01-20 23:22:42,0.0,0,0,6476876,2019-01-20 23:22:42,,0.0,0.0,0,,0.0,0.0,0.0,9
0,[],23,[],2019-01-20 23:22:48,0.0,0,0,6476878,2019-01-20 23:22:48,,0.0,0.0,0,,0.0,0.0,0.0,9
1,[],1,[],2019-02-17 23:31:42,1822507.21,0.00000181000000000000003456111265232042484285557293333113193511962890625,0.000000000066086901,6701244,2019-02-17 23:31:42,btc,3.6990969245,17153386.5,0.00000181000000000000003456111265232042484285557293333113193511962890625,btc,1997391.71,31.11772986,3.2610482446,9
1,[],4,[],2019-02-17 11:22:43,4341674.27126056,0.00000002,0.0000000000007272960000000001,6696112,2019-02-17 11:22:43,btc,0.1997230937751353,0.0,0.00000002,btc,4109766.79808031,0.00215132,0.0479381022052112,10
1,[],4,[],2019-06-04 22:44:33,10312465.27726632,0.00000043,0.000000000032875435,7738912,2019-06-04 22:44:33,btc,4.5877233248659035,0.0,0.00000043,btc,4743089.67830606,2.13809555,2.0069065683914324,12
1,[],5,[],2019-06-04 22:44:35,0.0,0,0,7738913,2019-06-04 22:44:35,btc,0.0,0.30649106,0,btc,0.0,0.0,0.0,12
0,[],2,[],2019-01-20 23:23:08,0.0,0,0,6476890,2019-01-20 23:23:08,,0.0,0.0,0,,0.0,0.0,0.0,12
0.0,[],25,[],2019-06-04 22:08:07,0.0,0,0,7738768,2019-06-04 22:08:07,,0.0,0.0,0.0,btc,0.0,0.0,0.0,12
1,[],4,[],2019-06-04 22:08:08,479752.98419667,0.00000523,0.000000000394823683,7738769,2019-06-04 22:08:08,btc,1.9984745453975847,0.0,0.00000523,btc,275202.38522956,0.61558909,0.4783435714510654,13
1,[],10,[],2019-06-04 22:08:11,340975.97485061,0.00000524,0.000000000395578604,7738770,2019-06-04 22:08:11,btc,666803.239726751,6870.20786895,0.00000524,btc,872496.50221079,0.0,0.1976820580518598,13
1,[],21,[],2019-06-04 22:08:12,1371557.72581278,0.000005399999999999999967398040673,0.00000000040765734,7738771,2019-06-04 22:08:12,btc,5.267677008459881,1891972.54877985,0.0000053999999999999999673980406733608816693958942778408527374267578125,btc,845779.40360371,10.10618034,4.826117374171418,13
1,[],4,[],2019-06-04 22:08:14,866644.35654319,0.00000077,0.000000000058128917,7738772,2019-06-04 22:08:14,btc,4.281642774037612,0.0,0.00000077,btc,808653.13041755,0.00400727,0.0584243560475028,14
1,[],12,[],2019-06-04 22:08:15,135536.77837887,0.00000073,0.000000000055109233,7738773,2019-06-04 22:08:15,btc,14.143159278639288,0.0,0.00000073,btc,31965.57755951,0.0,0.015123329999967199,14
1,[],26,[],2019-06-04 22:10:15,0.0,0.00000050,0.00000000003774605,7738774,2019-06-04 22:10:15,btc,0.0,0.0,0.00000050,btc,0.0,0.0,0.0,14
0,[],17,[],2019-05-03 00:53:32,0.0,0,0,7558876,2019-05-03 00:53:32,btc,0.0,0.0,0,btc,0.0,0.0,0.0,14
0,[],4,[],2019-06-04 22:10:16,0.0,0,0,7738775,2019-06-04 22:10:16,,0.0,0.0,0,,0.0,0.0,0.0,15
,[],12,[],2018-12-01 15:15:48,204241.84496,0.00000489,0.000000000202473384,5260204,2018-12-01 15:15:48,btc,49.5475654835,0.0,,btc,35763.2193806,0.0163153972027625,0.0203389899998,15
0,[],2,[],2019-01-20 23:23:38,0.0,0,0,6476906,2019-01-20 23:23:38,,0.0,0.0,0,,0.0,0.0,0.0,18
1,[],4,[],2019-06-04 22:10:19,30586.89108793,0.00001112,0.000000000839472152,7738776,2019-06-04 22:10:19,btc,0.9716704884792943,0.0,0.00001112,btc,10881.63525247,0.05060305,0.0439107129332757,18
1,[],10,[],2019-06-04 22:10:20,110810.48057929,0.00001127,0.0000000008507959670000001,7738777,2019-06-04 22:10:20,btc,15.24160401559847,15404.8923356,0.00001127,btc,13060.13582829,0.0,0.1208575042740975,18
1,[],12,[],2019-06-04 22:10:22,2800.29431853,0.000010879999999999999168846277763922358872150653041899204254150390625,0.0000000008213540479999999,7738778,2019-06-04 22:10:22,btc,0.4113501202778254,0.0,0.000010879999999999999168846277763922358872150653041899204254150390625,btc,1732.01895713,1.7885416e-05,0.0133757725395508,18
0,[],17,[],2019-05-03 00:53:39,0.0,0,0,7558882,2019-05-03 00:53:39,btc,0.0,0.0,0,btc,0.0,0.0,0.0,18
0,[],2,[],2019-01-20 23:24:19,0.0,0,0,6476924,2019-01-20 23:24:19,,0.0,0.0,0,,0.0,0.0,0.0,19
1,[],3,[],2019-06-04 22:12:22,143645.3874013772,0.00000566000000000000001916002079216383435777970589697360992431640625,0.000000000427285286,7738779,2019-06-04 22:12:22,btc,0.1661880659793474,5457.91557844,0.00000566000000000000001916002079216383435777970589697360992431640625,btc,5152.50539935349,0.0,0.05056834063610179,19
1,[],4,[],2019-06-04 22:12:23,536005.7808841,0.00000794,0.000000000599407274,7738780,2019-06-04 22:12:23,btc,4.060832565301357,0.0,0.00000794,btc,192593.26939095,0.12356355,0.5422543183593392,19
1,[],5,[],2019-06-04 22:12:24,0.0,0,0,7738781,2019-06-04 22:12:24,btc,0.0,0.0001074,0,btc,0.0,0.0,0.0,19
1,[],12,[],2019-06-04 22:12:26,109352.75233822,0.000007089999999999999880334437818429904609729419462382793426513671875,0.000000000535238989,7738782,2019-06-04 22:12:26,btc,0.0508412020873466,0.0,0.000007089999999999999880334437818429904609729419462382793426513671875,btc,1949.0831785,0.0,0.0215918099997182,19
0,[],27,[],2019-06-04 22:12:33,0.0,0,0,7738783,2019-06-04 22:12:33,,0.0,0.0,0,btc,0.0,0.0,0.0,19
1,[],4,[],2019-06-04 22:12:34,10062076.88478525,0.00000007,0.000000000005284447,7738784,2019-06-04 22:12:34,btc,6.4029639466023385,0.0,0.00000007,btc,2322306.93095912,0.0,0.1174938176872809,20
1,[],4,[],2019-06-04 22:12:35,5025021.084,0.00000001,0.000000000000754921,7738785,2019-06-04 22:12:35,btc,39235.22559054961,0.0,0.00000001,btc,76687008.01359268,0.00356448,0.05025021084,21
1,[],12,[],2019-06-04 22:12:37,1695734.0,0.00000001,0.000000000000754921,7738786,2019-06-04 22:12:37,btc,2566.6488669131268,0.0,0.00000001,btc,5432603.15584414,0.00082945,0.01695734,21
0,[],17,[],2019-05-03 00:53:51,0.0,0,0,7558891,2019-05-03 00:53:51,btc,0.0,0.0,0,btc,0.0,0.0,0.0,21
1,[],12,[],2019-06-04 22:14:38,5117471053.0,0.0000000003,0.00000000000002264763,7738787,2019-06-04 22:14:38,btc,726731457.0598453,0.0,0.0000000003,btc,3133217485.116646,0.02789847345,1.1404588501,23
0.0000000003122747,[],27,[],2019-06-04 22:14:44,67359277.586739,6.245494e-18,4.714854575974e-22,7738788,2019-06-04 22:14:44,eth,1023.363917138657,532526455.31166,0.00000002,eth,18256117.1564255,3.325890782666517e-09,2.2132683645438366e-10,23
1,[],4,[],2019-06-04 22:14:45,1842842.19116883,0.00000021,0.000000000015853341000000002,7738789,2019-06-04 22:14:45,btc,10.636620767773833,0.0,0.00000021,btc,1797388.58275958,0.00285731,0.0538008649400052,24
0,[],22,[],2019-06-04 22:14:48,0.0,0,0,7738790,2019-06-04 22:14:48,,0.0,0.0,0,,0.0,0.0,0.0,24
0.0,[],25,[],2019-06-04 22:16:59,0.0,0,0,7738791,2019-06-04 22:16:59,,0.0,0.0,0.0,btc,0.0,0.0,0.0,24
1,[],4,[],2019-06-04 22:17:00,26944517.54432338,0.00000481,0.000000000363117001,7738792,2019-06-04 22:17:00,btc,9.244102912941173,0.0,0.00000481,btc,219237.62264163,0.05278229,0.4902495264507113,26
1,[],10,[],2019-06-04 22:17:01,71817.97292486,0.00000502,0.00000000037897034200000004,7738793,2019-06-04 22:17:01,btc,25.27710578444126,4456.1939906,0.00000502,btc,21145.2958199,0.0,0.0326718753227455,26
0,[],2,[],2019-01-20 23:25:56,0.0,0,0,6476976,2019-01-20 23:25:56,,0.0,0.0,0,,0.0,0.0,0.0,26
1,[],5,[],2019-04-26 09:47:06,0.0,0,0,7465326,2019-04-26 09:47:06,btc,0.0,0.0,0,btc,0.0,0.0,0.0,27
1,[],3,[],2019-06-04 22:17:02,20576764.185043,0.00000001,0.000000000000754921,7738794,2019-06-04 22:17:02,btc,3.762988787860393,3958519.56756,0.00000001,btc,26016219.26895266,0.0,0.20576764185043,27
1,[],11,[],2019-06-04 22:17:04,2071589.08157834,0.00000002,0.000000000001509842,7738795,2019-06-04 22:17:04,btc,67503.06357066176,19676.5543251,0.00000002,btc,6639861.32608848,0.0,0.0211134458157834,27
1,[],4,[],2019-06-04 22:17:05,1203792876.88216,0.00000001,0.000000000000754921,7738796,2019-06-04 22:17:05,btc,5.349659437585601,0.0,0.00000001,"btc,ltc",326037551.7844476,0.05649987,8.769456001163277,29
1,[],7,[],2019-06-04 22:17:06,90452021.33155985,0.00000001,0.000000000000754921,7738797,2019-06-04 22:17:06,btc,46548272.19867987,0.0,0.00000001,btc,37057028.7654732,0.0,0.9045202133155985,29
0,[],17,[],2019-05-03 01:11:25,0.0,0,0,7559066,2019-05-03 01:11:25,btc,0.0,0.0,0,btc,0.0,0.0,0.0,30
1,[],4,[],2019-06-04 22:17:07,15294731.1675631,0.00000006,0.0000000000045295260000000005,7738798,2019-06-04 22:17:07,btc,2.514267206551824,0.0,0.00000006,btc,2040911.22285505,0.00283206,0.1729002432094358,30
1,[],4,[],2019-06-04 22:19:08,192359.39115751,0.00004300,0.0000000032461603,7738799,2019-06-04 22:19:08,btc,2.830834620583695,0.0,0.00004300,btc,39437.48617543,0.42261115,0.4681137291246657,31
1,[],21,[],2019-06-04 22:19:09,159783.58038259,0.00004292000000000000242000863793,0.0000000032401209320000003,7738800,2019-06-04 22:19:09,btc,6.102234494333034,191812.44263392,0.000042920000000000002420008637926684968988411128520965576171875,btc,125697.58740142,8.50780837,5.785857694381775,31
0,[],2,[],2019-01-20 23:28:43,0.0,0,0,6477009,2019-01-20 23:28:43,,0.0,0.0,0,,0.0,0.0,0.0,32
0,[],4,[],2019-06-04 22:19:10,0.0,0,0,7738801,2019-06-04 22:19:10,,0.0,0.0,0,,0.0,0.0,0.0,33
1,[],12,[],2019-03-30 07:55:10,40641173.964,0.00000003,0.000000000001228359,7108785,2019-03-30 07:55:10,btc,4233210.82356125,0.0,0.00000003,btc,28378394.68333462,0.0126927883965248,0.90752895892,33
0.0000000001318422,[],4,[],2019-06-04 22:19:11,388326325.0910819,6.3284256e-17,4.7774613823776e-21,7738802,2019-06-04 22:19:11,ltc,3.792150147590557,0.0,0.00000048,ltc,154901215.85846955,0.00174287,1.2518364680475862e-09,34
1,[],5,[],2019-06-04 22:19:13,0.0,0,0,7738803,2019-06-04 22:19:13,btc,0.0,3.989e-05,0,btc,0.0,0.0,0.0,34
0.0000000002926451,[],17,[],2019-05-02 18:17:47,200000.0,2.9264510000000002e-18,1.596703856561e-22,7556430,2019-05-02 18:17:47,eth,0.20942468735267253,0.0,0.00000001,"btc,eth",1018272.20243647,0.0,5.852902e-13,36
0.0000000001311821,[],4,[],2019-05-31 13:28:19,2417517744.0607657,1.311821e-18,1.105058333085e-22,7717483,2019-05-31 13:28:19,ltc,5.019900492391546e-08,0.0,0.00000001,ltc,7102398142.262129,0.0,3.171350544531538e-09,36
1,[],5,[],2019-05-31 13:28:21,0.0,0,0,7717484,2019-05-31 13:28:21,btc,0.0,0.0,0,btc,0.0,0.0,0.0,36
0.0000000003108179,[],27,[],2019-05-31 13:30:34,10388811.226876,6.216358000000001e-18,5.236566733830001e-22,7717485,2019-05-31 13:30:34,eth,1569.8708019850988,761866.634299,0.00000002,"ltc,eth",5084024.2511555,4.736034912207001e-12,3.3251980286483705e-11,36
1,[],17,[],2019-05-03 01:11:36,211752.74075282,0.00000025,0.000000000013700074999999998,7559074,2019-05-03 01:11:36,btc,0.055484923955058496,0.0,0.00000025,"btc,eth",1387.19918473,0.0,0.0005381851887916605,37
1,[],4,[],2019-06-04 22:19:14,9974711.77341303,0.00000016,0.000000000012078736,7738804,2019-06-04 22:19:14,btc,19772.47792097437,0.0,0.00000016,btc,713150.36279513,0.01117316,0.1276402261766068,37
1,[],12,[],2019-06-04 22:19:15,3788416.0,0.00000018,0.000000000013588578,7738805,2019-06-04 22:19:15,btc,10.491364348703213,0.0,0.00000018,btc,1663880.21160677,0.030150267795,0.16075906,37
1,[],27,[],2019-06-04 22:21:21,11126.0,0.00000018,0.000000000013588578,7738806,2019-06-04 22:21:21,btc,22.62970013895233,0.0,0.00000018,btc,4298.824295,0.0,0.00165394,37
1,[],5,[],2019-06-04 22:21:23,0.0,0,0,7738807,2019-06-04 22:21:23,btc,0.0,0.01492307,0,btc,0.0,0.0,0.0,42
1,[],12,[],2019-06-04 22:21:24,130324.59705989,0.000001049999999999999899545958213786800428124479367397725582122802734375,0.00000000007926670499999999,7738808,2019-06-04 22:21:24,btc,24.824625709272755,0.0,0.000001049999999999999899545958213786800428124479367397725582122802734375,btc,79144.5390151,0.009650153071,0.0451311068898452,42
1,[],27,[],2019-06-04 22:21:31,506.0,0.00000002,0.000000000001509842,7738809,2019-06-04 22:21:31,btc,0.07600425,0.0,0.00000002,"btc,eth",18.0,0.0,6.0000003280758e-06,42
1,[],12,[],2019-03-13 09:13:29,1112112.0,0.00000001,0.000000000000386531,6919902,2019-03-13 09:13:29,btc,29058.00478931866,0.0,0.00000001,btc,5967681.93306694,9.99000999e-07,0.01112112,43
1,[],5,[],2019-04-26 22:38:52,0.0,0,0,7474154,2019-04-26 22:38:52,btc,0.0,0.02638891,0,btc,0.0,0.0,0.0,43
0,[],17,[],2019-04-26 22:38:53,0.0,0,0,7474155,2019-04-26 22:38:53,btc,0.0,0.0,0,btc,0.0,0.0,0.0,43
1,[],12,[],2019-03-05 01:54:08,639326.02,0.00000004,0.000000000001486676,6845775,2019-03-05 01:54:08,btc,11116042.728239931,0.0,0.00000004,btc,1103841.4595604,0.0003330765234764,0.014975410599999999,44
1,[],4,[],2019-06-04 22:21:32,104428998.49772288,0.00000001,0.000000000000754921,7738810,2019-06-04 22:21:32,btc,2660396.6117822775,0.0,0.00000001,"btc,ltc",28488474.38240226,0.00124926,0.02694936749275669,49
0.0000000001318422,[],4,[],2019-06-04 22:21:34,131364326.91376562,3.4278972e-17,2.5877915821212002e-21,7738811,2019-06-04 22:21:34,ltc,194920.92353756793,0.0,0.00000026,ltc,177818973.7633107,0.0,1.4858518091586773e-09,52
0,[],22,[],2019-06-04 22:21:37,0.0,0,0,7738812,2019-06-04 22:21:37,,10289.52569349,0.0,0,,305146396.4566013,0.0,0.0,57
0,[],27,[],2019-06-04 22:21:44,0.0,0,0,7738813,2019-06-04 22:21:44,,0.0,0.0,0,"btc,eth",0.0,0.0,0.0,57
1,[],17,[],2019-05-03 01:12:09,1200000.0,0.0000000001,0.00000000000000548003,7559085,2019-05-03 01:12:09,btc,1e+24,0.0,0.0000000001,"btc,eth",39516342.31952568,0.0,0.00010000000058666061,58
0.0000000001318422,[],4,[],2019-06-04 22:21:45,3527194818.5721416,1.318422e-18,9.953044546620001e-23,7738814,2019-06-04 22:21:45,ltc,19.341013537327076,0.0,0.00000001,ltc,5804767409.741686,0.0,4.65033124709152e-09,58
1,[],12,[],2019-06-04 22:21:46,984015251.0,0.0000000001,0.00000000000000754921,7738815,2019-06-04 22:21:46,btc,1809369.7846599002,0.0,0.0000000001,btc,3559946039.8091474,0.000170250247,0.0984015251,58
0.000000000109514,[],22,[],2019-06-04 22:23:49,126877.0,1.09514e-18,8.2674418394e-23,7738816,2019-06-04 22:23:49,XMR,68.17454206,0.0,0.00000001,XMR,9626402.6,0.0,0.00126877,58
1,[],5,[],2019-06-04 22:23:51,0.0,0,0,7738817,2019-06-04 22:23:51,btc,0.0,0.00231669,0,btc,0.0,0.0,0.0,61
1,[],22,[],2019-06-04 22:23:54,13613.833333333334,0.00000012,0.000000000009059052000000001,7738818,2019-06-04 22:23:54,BTC,1002.29123003,0.0,0.00000012,BTC,15014.200177125656,0.0,0.00153269,61
1,[],26,[],2019-06-04 22:23:54,0.0,0.00000050,0.00000000003774605,7738819,2019-06-04 22:23:54,btc,0.0,0.0,0.00000050,btc,0.0,0.0,0.0,61
1,[],27,[],2019-06-04 22:24:01,8450.0,0.0000002,0.00000000001509842,7738820,2019-06-04 22:24:01,btc,1.9582485601246655,0.0,0.0000002,"btc,eth",11379.41563696,0.0,0.001522,61
0,[],28,[],2019-06-04 22:24:02,0.0,0,0,7738821,2019-06-04 22:24:02,,0.0,0.0,0,,0.0,0.0,0.0,61
1,[],4,[],2019-06-04 22:24:03,868966.34461364,0.00000078,0.000000000058883838,7738822,2019-06-04 22:24:03,btc,2.826511688274555,0.0,0.00000078,btc,912916.90933859,0.04223189,0.4523705165579635,67
0.0,[],25,[],2019-06-04 22:26:14,0.0,0,0,7738823,2019-06-04 22:26:14,,0.0,0.0,0.0,btc,0.0,0.0,0.0,67
1,[],12,[],2019-06-02 06:23:14,910048.355,0.00000006,0.000000000005154929999999999,7725270,2019-06-02 06:23:14,btc,5.167005424215783,0.0,0.00000006,btc,738530.60239759,0.003159757462,0.0187188113,71
,[],5,[],2018-11-20 23:02:39,1.5e-07,0.00000005,0.000000000002128045,4862160,2018-11-20 23:02:39,btc,2.84511358,0.0,,btc,0.00036572,0.0,0.07381892,74
1,[],5,[],2019-06-04 22:26:16,0.0,0,0,7738824,2019-06-04 22:26:16,btc,0.0,0.51310839,0,btc,0.0,0.0,0.0,75
1,[],4,[],2019-06-04 03:25:15,715281.46076168,0.00000001,0.000000000000803619,7734085,2019-06-04 03:25:15,btc,581089.6218469425,0.0,0.00000001,btc,37692563.61091116,0.0,0.0071528146076168,81
0,[],20,[],2019-01-25 09:30:31,0.0,0,0,6495923,2019-01-25 09:30:31,btc,0.0,0.0,0,btc,0.0,0.0,0.0,81
1,[],4,[],2019-06-04 22:26:17,137013.87226372,0.00011630,0.00000000877973123,7738825,2019-06-04 22:26:17,btc,54.96891023941775,0.0,0.00011630,btc,117222.93970725,1.38595488,0.7661612346002296,82
1,[],21,[],2019-06-04 22:26:18,88135.79150483,0.0001286899999999999892955071523,0.000000009715078348999999,7738826,2019-06-04 22:26:18,btc,17.803823804577537,22256.63286318,0.000128689999999999989295507152320396926370449364185333251953125,btc,104899.87930169,2.62108268,8.05687024520635,82
0,[],17,[],2019-03-25 22:42:34,0.0,0,0,7038780,2019-03-25 22:42:34,btc,0.0445064681804024,0.0,0,btc,995513.18476001,0.0,0.0,84
0.0000000001161485,[],4,[],2019-05-20 13:09:39,216715621.0206096,1.161485e-18,9.0533806701e-23,7657228,2019-05-20 13:09:39,ltc,1.6511566870244727,0.0,0.00000001,ltc,471032407.9048656,0.0,2.5171194308112273e-10,85
,[],22,[],2018-11-20 23:09:34,3408.1,0.0000001,0.0000000000041895,4862324,2018-11-20 23:09:34,BTC,0.04624735,0.0,,BTC,4990.0,0.0,0.00033081,86
1,[],22,[],2019-06-04 22:26:21,87656.0,0.00000004,0.000000000003019684,7738827,2019-06-04 22:26:21,BTC,1.51082059,0.0,0.00000004,BTC,256208.94736842104,0.00813157,0.00152656,87
1,[],27,[],2019-06-04 22:26:28,252983.0,0.00000008,0.000000000006039368,7738828,2019-06-04 22:26:28,btc,5.022577187036,202880.0,0.00000008,btc,148947.21141,0.0365184,0.00613129,87
,[],2,[],2018-11-20 23:10:47,0.0,0,0,4862359,2018-11-20 23:10:47,,0.0,0.0,,,0.0,0.0,0.0,88
1,[],11,[],2019-06-04 22:26:30,226912.81688988,0.00008700999999999999533206729296352932578884065151214599609375,0.000000006568567621,7738829,2019-06-04 22:26:30,btc,167.96075838378746,15265.6357565,0.00008700999999999999533206729296352932578884065151214599609375,btc,193430.66715763,0.0,3.828735086185684,89
0,[],2,[],2019-01-20 23:31:45,0.0,0,0,6477083,2019-01-20 23:31:45,,0.0,0.0,0,,0.0,0.0,0.0,91
0,[],17,[],2019-05-03 01:12:26,0.0,0,0,7559096,2019-05-03 01:12:26,btc,0.0,0.0,0,btc,0.0,0.0,0.0,91
1,[],12,[],2019-06-04 22:26:32,334558.10070821,0.00000026,0.000000000019627946,7738830,2019-06-04 22:26:32,btc,88.54610501085486,0.0,0.00000026,btc,197210.13924707,0.013138101554,0.0143469725177965,91
1,[],22,[],2019-06-04 22:28:36,75910.55,0.0000002,0.00000000001509842,7738831,2019-06-04 22:28:36,BTC,0.497,0.0,0.0000002,"BTC,LTC",6.95,0.0,0.00165931,91
1,[],22,[],2019-04-09 20:17:52,374949.73333333334,0.00000015,0.000000000007771935,7235704,2019-04-09 20:17:52,BTC,6.87372503,0.0,0.00000015,"BTC,LTC",159980.01196797504,1.1e-05,0.80510266,95
0,[],17,[],2019-05-03 01:12:32,0.0,0,0,7559100,2019-05-03 01:12:32,btc,0.0,0.0,0,btc,0.0,0.0,0.0,96
0.0000000001318422,[],4,[],2019-06-04 22:28:37,541503389.3070995,2.7686862e-17,2.0901393547902002e-21,7738832,2019-06-04 22:28:37,ltc,11.30506018216406,0.0,0.00000021,ltc,153304507.3316396,0.0,8.390356318142118e-10,96
0,[],12,[],2019-06-04 22:28:38,0.0,0,0,7738833,2019-06-04 22:28:38,btc,22.33352059046953,0.0,0,btc,9676473.04695305,0.0,0.0,96
1,[],4,[],2019-04-14 03:32:46,1039404.33283278,0.00000038,0.000000000019245518,7293458,2019-04-14 03:32:46,btc,4.170086055365747,0.0,0.00000038,btc,3097704.34561074,0.06260606,0.1859928211030784,99
0,[],2,[],2019-01-20 23:23:55,0.0,0,0,6476914,2019-01-20 23:23:55,,0.0,0.0,0,,0.0,0.0,0.0,100
1,[],4,[],2019-06-04 22:30:39,233281.04933665,0.00001817,0.0000000013716914570000001,7738834,2019-06-04 22:30:39,btc,7.763093860238042,0.0,0.00001817,btc,155285.46999876,0.78670832,0.4305856819922937,100
1,[],22,[],2019-06-04 22:30:42,150000.0,0.00000002,0.000000000001509842,7738835,2019-06-04 22:30:42,BTC,24.83526409,0.0,0.00000002,BTC,11187.719,0.0,0.0017,101
1,[],4,[],2019-06-04 22:30:43,514826.57090823,0.00000152,0.00000000011474799200000001,7738836,2019-06-04 22:30:43,btc,549.8163556236965,0.0,0.00000152,btc,667479.00630412,0.00927421,0.1518442835802646,103
1,[],12,[],2019-06-04 22:30:45,178895128.37600002,0.000000004,0.0000000000003019684,7738837,2019-06-04 22:30:45,btc,2446.9220020351772,0.0,0.000000004,btc,70911598.11658658,0.001158620971,0.24185661650400006,105
0,[],27,[],2019-06-04 22:30:53,0.0,0,0,7738838,2019-06-04 22:30:53,,0.374932318,61112.0,0,btc,1923466.8,0.00061112,0.0,105
1,[],22,[],2019-04-21 00:17:26,21333.0,0.00000001,0.000000000000532493,7385819,2019-04-21 00:17:26,BTC,51.38182867,0.0,0.00000001,BTC,470435.0,0.0,0.00021333,107
1,[],26,[],2019-04-21 00:17:26,0.0,0.00000000,0,7385820,2019-04-21 00:17:26,btc,0.0,0.0,0.00000000,btc,0.0,0.0,0.0,107
1,[],5,[],2019-06-04 22:30:54,0.0,0,0,7738839,2019-06-04 22:30:54,btc,0.0,0.0,0,btc,0.0,0.0,0.0,112
0,[],22,[],2019-06-04 22:30:57,0.0,0,0,7738840,2019-06-04 22:30:57,,6.79500102,0.0,0,,3375892.0833333335,0.0,0.0,112
1,[],27,[],2019-06-04 22:31:06,1.0,0.00000001,0.000000000000754921,7738841,2019-06-04 22:31:06,btc,1.14885,0.0,0.00000001,"btc,eth",39.0,0.0,1e-08,112
1,[],4,[],2019-06-04 22:31:08,257902.28642177,0.00000084,0.00000000006341336400000001,7738842,2019-06-04 22:31:08,btc,5.759524808683523,0.0,0.00000084,btc,624595.09722697,0.01141603,0.1553089172241621,113
1,[],5,[],2019-06-04 22:31:09,0.0,0,0,7738843,2019-06-04 22:31:09,btc,0.0,0.0,0,btc,0.0,0.0,0.0,113
1,[],17,[],2019-04-26 02:17:47,162738.278,0.00000004,0.0000000000021069000000000002,7461287,2019-04-26 02:17:47,btc,1.3331140273775473,0.0,0.00000004,btc,51796.221,0.0,0.00230953112,116
1,[],27,[],2019-05-22 05:13:01,210000.0,0.00000001,0.00000000000079145,7666372,2019-05-22 05:13:01,btc,3919.0005001478,0.0,0.00000001,btc,128660.871,0.0,0.0021,116
1,[],4,[],2019-05-21 22:31:11,138169.03963019,0.00000701,0.000000000558364025,7664793,2019-05-21 22:31:11,btc,150.95388250938234,0.0,0.00000701,btc,344631.17141974,0.07552974,0.4288357684941946,120
1,[],7,[],2019-05-21 22:31:12,3901.07750076,0.000010679999999999999389654892212320191902108490467071533203125,0.0000000008506887,7664794,2019-05-21 22:31:12,btc,231188.94669936574,0.0,0.000010679999999999999389654892212320191902108490467071533203125,btc,4133.83151364,0.0,0.0113888422364489,120
1,[],20,[],2019-04-07 18:42:29,1914137.0852,0.000000035,0.0000000000017871910000000002,7211992,2019-04-07 18:42:29,btc,32.2497668025648,25528.85,0.000000035,btc,1001975.4986,0.00089350975,0.0152723574729,125
1,[],22,[],2019-06-04 22:31:13,10000.0,0.00000001,0.000000000000754921,7738844,2019-06-04 22:31:13,BTC,0.032061,0.0,0.00000001,BTC,299316.7611111111,0.0,0.0001,126
0,[],2,[],2019-01-20 23:25:46,0.0,0,0,6476969,2019-01-20 23:25:46,,0.0,0.0,0,,0.0,0.0,0.0,131
1,[],17,[],2019-05-03 01:13:10,10000.0,0.00000001,0.000000000000548003,7559115,2019-05-03 01:13:10,btc,0.0953976503951408,0.0,0.00000001,btc,5037.62507334,0.0,0.0001,131
1,[],4,[],2019-06-04 22:31:17,442699.18380564,0.00000731,0.000000000551847251,7738845,2019-06-04 22:31:17,btc,3.864383351940905,0.0,0.00000731,btc,167408.55166867,0.44198544,0.4992550821391148,131
1,[],4,[],2019-06-04 22:33:18,4869.08279103,0.00010000,0.00000000754921,7738846,2019-06-04 22:33:18,btc,5.040348287660517,0.0,0.00010000,btc,247.17378338,0.0,0.0068319517509813,135
1,[],3,[],2019-06-04 22:33:19,40558.27748212,0.00000001,0.000000000000754921,7738847,2019-06-04 22:33:19,btc,0.2159970505739254,2141378.52189,0.00000001,btc,1851829.24715819,0.0,0.0004055827748212,136
1,[],4,[],2019-06-04 22:33:19,2146654.98573208,0.00000181,0.00000000013664070100000002,7738848,2019-06-04 22:33:19,btc,109.91048444644876,0.0,0.00000181,btc,548012.31977239,0.03171062,0.4391293379227095,137
1,[],12,[],2019-06-04 22:33:21,68176.31557474,0.000001799999999999999918546601286595265634105089702643454074859619140625,0.00000000013588578,7738849,2019-06-04 22:33:21,btc,84.62903167010586,0.0,0.000001799999999999999918546601286595265634105089702643454074859619140625,btc,81282.49164191,7.737882e-06,0.0180826699999004,137
1,[],17,[],2019-05-03 01:13:16,32967.38636364,0.00000088,0.000000000048224264,7559122,2019-05-03 01:13:16,btc,20.06976206696776,0.0,0.00000088,btc,2746.079105,0.0,0.0105613000000032,142
1,[],4,[],2019-06-04 22:33:22,123097.58982652,0.00001612,0.000000001216932652,7738850,2019-06-04 22:33:22,btc,5.787744521760602,0.0,0.00001612,btc,149571.61891641,1.01815643,1.1696064707325018,142
1,[],5,[],2019-06-04 22:33:24,0.0,0,0,7738851,2019-06-04 22:33:24,btc,0.0,0.00409842,0,btc,0.0,0.0,0.0,142
1,[],20,[],2019-06-04 22:35:27,216121.266,0.000015001,0.0000000011324569921,7738852,2019-06-04 22:35:27,btc,1.6053702166978,0.77,0.000015001,btc,9745.8617,1.155077e-05,0.0198255548332,142
1,[],22,[],2019-06-04 22:35:30,10928.645,0.00001000,0.000000000754921,7738853,2019-06-04 22:35:30,BTC,3.00455459,0.0,0.00001000,BTC,1114.1498755539799,0.0,0.00725365,142
0.0,[],25,[],2019-06-04 22:37:31,0.0,0,0,7738854,2019-06-04 22:37:31,,0.0,0.0,0.0,,0.0,0.0,0.0,142
0,[],28,[],2019-06-04 22:37:31,0.0,0,0,7738855,2019-06-04 22:37:31,,0.0,0.0,0,,0.0,0.0,0.0,142
0,[],22,[],2019-06-04 22:37:34,0.0,0,0,7738856,2019-06-04 22:37:34,,64.98620993,0.0,0,,787027072.3,0.0,0.0,143
0,[],22,[],2019-02-25 15:42:22,0.0,0,0,6783783,2019-02-25 15:42:22,,4.2131946,0.0,0,,2322156.0,0.0,0.0,146
,[],22,[],2018-11-20 23:01:11,0.0,0,0,4862114,2018-11-20 23:01:11,,2.56807021,0.0,,,61828.4988236,0.0,0.0,147
1,[],12,[],2019-04-21 06:38:04,193091.5971266,0.00000071,0.000000000037635183,7388679,2019-04-21 06:38:04,btc,2.301232411611175,0.0,0.00000071,btc,9957.48302385,0.00023528,0.0313308199999888,148
1,[],4,[],2019-03-19 21:31:25,255810.0415942,0.00000029,0.000000000011615747,6982695,2019-03-19 21:31:25,btc,218.94922712414143,0.0,0.00000029,btc,793529.37642722,0.00117,0.0608347789473395,152
0,[],22,[],2019-03-19 21:31:27,0.0,0,0,6982696,2019-03-19 21:31:27,,0.0,0.0,0,,0.0,0.0,0.0,152
1,[],5,[],2019-04-26 09:36:59,0.0,0,0,7465040,2019-04-26 09:36:59,btc,0.0,0.0,0,btc,0.0,0.0,0.0,153
,[],16,[],2019-01-11 15:38:59,0.0,0,0,6366141,2019-01-11 15:38:59,btc,0.0,0.0,,btc,0.0,0.0,0.0,155
0,[],23,[],2019-01-20 23:24:29,0.0,0,0,6476932,2019-01-20 23:24:29,,0.0,0.0,0,,0.0,0.0,0.0,156
0,[],22,[],2019-06-04 06:02:09,0.0,0,0,7734688,2019-06-04 06:02:09,,7.43375324,0.0,0,,5955762.942592593,0.0,0.0,156
1,[],22,[],2019-06-04 22:37:38,6996.0,0.00000001,0.000000000000754921,7738857,2019-06-04 22:37:38,BTC,1.7543039,0.0,0.00000001,BTC,57.0,0.0,6.996e-05,157
0,[],22,[],2019-05-21 23:40:32,0.0,0,0,7665049,2019-05-21 23:40:32,,50234.60468402,0.0,0,,54786159.03179465,0.0,0.0,158
,[],17,[],2018-11-20 22:56:10,0.0,0,0,4861976,2018-11-20 22:56:10,btc,1.1265625,0.0,,btc,1000.0,0.0,0.0,159
,[],20,[],2018-11-20 22:56:12,0.0,0,0,4861977,2018-11-20 22:56:12,btc,11912.7940471,0.0,,btc,34413894.3617,0.0,0.0,159
1,[],12,[],2019-05-24 02:51:20,9178.522006449999,0.00000191999999999999982841307998027158276954651228152215480804443359375,0.000000000151222656,7676256,2019-05-24 02:51:20,btc,149.80414728631675,0.0,0.00000191999999999999982841307998027158276954651228152215480804443359375,btc,1115.7451448499999,0.01783167678326,0.0120075778999181,168
1,[],17,[],2019-05-03 01:13:36,42852.0,0.00000002,0.000000000001096006,7559132,2019-05-03 01:13:36,btc,0.04279856251542,0.0,0.00000002,btc,274.46171372,0.0,0.00052852,168
1,[],22,[],2019-05-17 03:01:52,10.0,0.00000001,0.000000000000778341,7642059,2019-05-17 03:01:52,BTC,41.95893009,0.0,0.00000001,BTC,1753972.7737547632,0.0,1e-07,169
1,[],22,[],2019-05-30 08:38:18,202834.0,0.00000002,0.0000000000017416160000000001,7711049,2019-05-30 08:38:18,BTC,27.87002826,0.0,0.00000002,BTC,462189.5410507793,0.0,0.00211768,171
1,[],22,[],2019-05-29 08:05:18,349870.0,0.00000002,0.000000000001705894,7705265,2019-05-29 08:05:18,BTC,24.05907723,0.0,0.00000002,"BTC,LTC",1224285.4355616204,0.0,0.0039847,173
1,[],5,[],2019-06-04 22:37:40,0.0,0,0,7738858,2019-06-04 22:37:40,btc,0.0,0.06055661,0,btc,0.0,0.0,0.0,175
1,[],22,[],2019-06-04 22:37:44,90671.0,0.00000001,0.000000000000754921,7738859,2019-06-04 22:37:44,BTC,394.35459412,0.0,0.00000001,BTC,136275.61833431243,0.0,0.00090671,176
0,[],2,[],2019-01-20 23:28:34,0.0,0,0,6477001,2019-01-20 23:28:34,,0.0,0.0,0,,0.0,0.0,0.0,178
1,[],7,[],2019-06-04 22:37:45,0.0,0,0,7738860,2019-06-04 22:37:45,btc,522272.520646231,0.0,0,btc,21545405.84864055,0.0,0.0,178
0,[],22,[],2019-06-04 22:37:47,0.0,0,0,7738861,2019-06-04 22:37:47,,1.00242428,0.0,0,,57512.0,0.0,0.0,178
0,[],23,[],2019-01-20 23:25:08,0.0,0,0,6476952,2019-01-20 23:25:08,,0.0,0.0,0,,0.0,0.0,0.0,179
1,[],5,[],2019-06-04 22:37:49,0.0,0,0,7738862,2019-06-04 22:37:49,btc,0.0,0.01250889,0,btc,0.0,0.0,0.0,179
0,[],22,[],2019-06-04 22:37:52,0.0,0,0,7738863,2019-06-04 22:37:52,,5.3132485,0.0,0,,13258002.811946675,0.0,0.0,179
1,[],17,[],2019-05-03 01:13:56,20504.725000000002,0.0000001,0.00000000000548003,7559141,2019-05-03 01:13:56,btc,5.2010695838400265,0.0,0.0000001,btc,5033.45945,0.0,0.0011504725,180
1,[],22,[],2019-06-04 22:39:56,679279.141088464,0.00000105,0.000000000079266705,7738864,2019-06-04 22:39:56,BTC,39.19509227,0.0,0.00000105,"BTC,LTC",149316.51564143103,0.00230859,0.57858032,180
1,[],26,[],2019-06-04 22:39:56,0.0,0.00000010,0.00000000000754921,7738865,2019-06-04 22:39:56,btc,0.0,0.0,0.00000010,btc,0.0,0.0,0.0,180
,[],7,[],2018-11-20 22:58:01,562227.975654,0.00000085,0.000000000036176765,4862015,2018-11-20 22:58:01,btc,21836.6059674,2491.87645172,,btc,749999.041456,0.00211021,0.127565380455,183
,[],5,[],2019-01-10 08:11:41,0.0,0,0,6347036,2019-01-10 08:11:41,btc,82.15055501,0.00261,,btc,1.19002445,0.0,0.0,187
,[],17,[],2018-11-16 20:58:10,4062536.27273,0.00000001,0.000000000000550501,4708775,2018-11-16 20:58:10,btc,3.36492563466,0.195460381006,,"btc,eth",110697919.549,0.0,0.0157628953496,187
1,[],24,[],2019-05-22 21:04:52,0.0,0.000000000014,0.0000000000000010960978,7670219,2019-05-22 21:04:52,btc,0.0,0.0,0.000000000014,btc,0.0,0.0,0.0,187
0,[],22,[],2019-04-25 02:54:07,0.0,0,0,7447896,2019-04-25 02:54:07,,7.54794454,0.0,0,,76361.7243344055,0.0,0.0,191
0,[],22,[],2019-06-04 22:40:01,0.0,0,0,7738866,2019-06-04 22:40:01,,0.0,0.0,0,,0.0,0.0,0.0,197
0,[],23,[],2019-01-20 23:31:41,0.0,0,0,6477079,2019-01-20 23:31:41,,0.0,0.0,0,,0.0,0.0,0.0,199
0,[],22,[],2019-06-04 22:40:07,0.0,0,0,7738867,2019-06-04 22:40:07,,10.83066794,0.0,0,,98210482.0,0.0,0.0,199
1,[],26,[],2019-06-04 22:40:08,0.0,0.00000000,0,7738868,2019-06-04 22:40:08,btc,0.0,0.0,0.00000000,btc,0.0,0.0,0.0,199
0,[],2,[],2019-01-20 23:30:49,0.0,0,0,6477059,2019-01-20 23:30:49,,0.0,0.0,0,,0.0,0.0,0.0,201
1,[],4,[],2019-01-25 15:51:35,2084389.58565343,0.00000936,0.000000000333526752,6499557,2019-01-25 15:51:35,btc,2.0092503037378524,0.0,0.00000936,btc,160195.80207885,0.19272417,1.242687955921835,211
1,[],7,[],2019-06-04 22:40:11,1170169393.7242348,0.00000018,0.000000000013588578,7738869,2019-06-04 22:40:11,btc,15201830.594824895,0.0,0.00000018,btc,6613050.75760839,0.0,11.967950945464535,212
1,[],12,[],2019-01-25 02:44:32,207462.42853209,0.000001080000000000000035831255497387193287295303889550268650054931640625,0.000000000038610756000000006,6493050,2019-01-25 02:44:32,btc,85023.03793723314,0.0,0.000001080000000000000035831255497387193287295303889550268650054931640625,btc,43675.73520027,0.000146250909087,0.0348620860622024,213
1,[],5,[],2019-05-30 00:07:46,0.0,0,0,7709357,2019-05-30 00:07:46,btc,0.0,0.06425239,0,btc,0.0,0.0,0.0,213
1,[],24,[],2019-05-30 00:07:46,0.0,0.000000399202,0.0000000000344859829346,7709358,2019-05-30 00:07:46,btc,0.0,0.0,0.000000399202,btc,0.0,0.0,0.0,213
1,[],26,[],2019-05-30 00:07:47,0.0,0.00000040,0.000000000034554919999999996,7709359,2019-05-30 00:07:47,btc,0.0,0.0,0.00000040,btc,0.0,0.0,0.0,213
0,[],22,[],2019-06-04 22:40:14,0.0,0,0,7738870,2019-06-04 22:40:14,,9.61445386,0.0,0,,3661587.094064925,0.0,0.0,216
0.0000000001318422,[],27,[],2019-06-04 22:40:25,1000.0,1.318422e-18,9.953044546620001e-23,7738871,2019-06-04 22:40:25,ltc,88.87789652917752,0.0,0.00000001,"btc,ltc",391976.407688,0.0,1.318422e-15,216
1,[],22,[],2019-06-04 22:40:29,763123.0,0.00000028,0.000000000021137788,7738872,2019-06-04 22:40:29,BTC,12056.4723,0.0,0.00000028,BTC,515807.0344097255,0.00325774,0.05728488,217
1,[],7,[],2019-06-04 22:40:31,0.0,0,0,7738873,2019-06-04 22:40:31,btc,1234864.1063221719,0.0,0,btc,164231263.13147992,0.0,0.0,219
0,[],27,[],2019-06-04 22:40:40,0.0,0,0,7738874,2019-06-04 22:40:40,,261.1953845967132,0.0,0,btc,9255255.74381025,0.0,0.0,219
0,[],28,[],2019-06-04 22:40:41,0.0,0,0,7738875,2019-06-04 22:40:41,,0.0,0.0,0,,0.0,0.0,0.0,219
1,[],22,[],2019-05-23 16:41:05,172069.0,0.00000004,0.0000000000031167080000000004,7674065,2019-05-23 16:41:05,BTC,56.76466137,0.0,0.00000004,BTC,127061.6482738741,0.0,0.00393676,221
1,[],24,[],2019-05-23 16:41:05,0.0,0.000000010000,0.0000000000007791770000000001,7674066,2019-05-23 16:41:05,btc,0.0,0.0,0.000000010000,btc,0.0,0.0,0.0,221
1,[],20,[],2019-06-04 22:40:43,12902128.025,0.000000001,0.0000000000000754921,7738876,2019-06-04 22:40:43,btc,100052.67539288469,473351.6679,0.000000001,btc,45227154.5849,0.0008817166183,0.012902128025,224
0,[],22,[],2019-06-04 22:40:45,0.0,0,0,7738877,2019-06-04 22:40:45,,0.0,0.0,0,,0.0,0.0,0.0,224
1,[],26,[],2019-06-04 22:40:45,0.0,0.00000025,0.000000000018873025,7738878,2019-06-04 22:40:45,btc,0.0,0.0,0.00000025,btc,0.0,0.0,0.0,231
0.0000000003122747,[],27,[],2019-06-04 22:40:54,100.0,3.122747e-18,2.357427287987e-22,7738880,2019-06-04 22:40:54,eth,1.14618497004,0.0,0.00000001,"btc,eth",11462.996,0.0,3.122747e-16,234
1,[],26,[],2019-06-04 22:40:45,0.0,0.00000006,0.0000000000045295260000000005,7738879,2019-06-04 22:40:45,btc,0.0,0.0,0.00000006,btc,0.0,0.0,0.0,234
1,[],4,[],2019-05-22 17:06:12,91780.56053785,0.00000078,0.000000000061977552,7669277,2019-05-22 17:06:12,btc,5.573372450018177,0.0,0.00000078,btc,729173.93529783,0.0,0.0307060663355679,236
1,[],24,[],2019-05-22 17:06:12,0.0,0.000000010000,0.000000000000794584,7669278,2019-05-22 17:06:12,btc,0.0,0.0,0.000000010000,btc,0.0,0.0,0.0,236
1,[],5,[],2019-06-04 22:40:56,0.0,0,0,7738881,2019-06-04 22:40:56,btc,0.0,0.70766648,0,btc,0.0,0.0,0.0,237
1,[],20,[],2019-06-04 22:40:58,125644215.6879,0.000000042,0.0000000000031706682,7738882,2019-06-04 22:40:58,btc,8172523.00461373,8848310.4152,0.000000042,btc,45570409.6957,0.396088849238,0.5865722274162,237
1,[],22,[],2019-06-04 22:41:01,288100.0,0.00000003,0.0000000000022647630000000003,7738883,2019-06-04 22:41:01,BTC,1.20267422,0.0,0.00000003,"BTC,LTC",17930.94871794872,0.0,0.007541,237
1,[],4,[],2019-06-04 22:41:02,29435693.75836592,0.00000013,0.000000000009813973,7738884,2019-06-04 22:41:02,btc,2.7370548734915032,0.0,0.00000013,btc,8666843.73857879,0.23409194,0.8144928663357743,238
1,[],5,[],2019-06-04 22:41:03,0.0,0,0,7738885,2019-06-04 22:41:03,btc,0.0,0.0006916,0,btc,0.0,0.0,0.0,238
0,[],22,[],2019-03-12 16:49:32,0.0,0,0,6914458,2019-03-12 16:49:32,,0.40415746,0.0,0,,526736.5639027493,0.0,0.0,249
0,[],22,[],2019-05-28 23:53:45,0.0,0,0,7703643,2019-05-28 23:53:45,,13.44714864,0.0,0,,43777534.3426455,0.0,0.0,252
0,[],28,[],2019-06-04 22:41:04,0.0,0,0,7738886,2019-06-04 22:41:04,,0.0,0.0,0,,0.0,0.0,0.0,256
1,[],22,[],2019-06-04 22:41:07,795004.0,0.00000001,0.000000000000754921,7738887,2019-06-04 22:41:07,BTC,31464.55046317,0.0,0.00000001,BTC,575959.6675322719,0.0005739,0.00795004,258
1,[],22,[],2019-05-19 18:12:02,400.0,0.00000001,0.0000000000007957800000000001,7653905,2019-05-19 18:12:02,BTC,2.415167,0.0,0.00000001,BTC,157.0,0.0,4e-06,259
1,[],5,[],2019-06-04 22:41:10,0.0,0,0,7738888,2019-06-04 22:41:10,btc,0.0,0.05414583,0,btc,0.0,0.0,0.0,264
1,[],20,[],2019-06-04 22:41:12,960784.8261,0.000000181,0.0000000000136640701,7738889,2019-06-04 22:41:12,btc,0.9762719724615,0.0,0.000000181,btc,51736.5911,0.0,0.0085553637326,264
0,[],22,[],2019-04-12 17:57:27,0.0,0,0,7278186,2019-04-12 17:57:27,,66.37522201,0.0,0,,677842.4169881374,0.0,0.0,271
0,[],22,[],2019-05-29 08:10:20,0.0,0,0,7705301,2019-05-29 08:10:20,,33050470.74998113,0.0,0,,14361377780.7,0.0,0.0,272
0,[],28,[],2019-05-29 08:10:54,0.0,0,0,7705302,2019-05-29 08:10:54,,0.0,22189957216.5758,0,,0.0,0.0,0.0,272
1,[],22,[],2019-05-23 07:12:29,219930.0,0.00000004,0.000000000003048688,7671985,2019-05-23 07:12:29,BTC,426.77835217,0.0,0.00000004,BTC,248664.3325962929,0.0,0.00739728,281
1,[],22,[],2019-06-04 22:41:16,984491.35,0.00000004,0.000000000003019684,7738890,2019-06-04 22:41:16,BTC,31.67276494,0.0,0.00000004,"BTC,LTC",1554389.2569583755,0.00020014,0.04014229,286
0,[],22,[],2019-06-04 22:41:19,0.0,0,0,7738891,2019-06-04 22:41:19,,7337904.96568486,0.0,0,,2004620112.6797826,0.0,0.0,294
