pairValue,buyBook,exchangeId,sellBook,updated,buyTotal,satoshiPrice,usdPrice,exchangeLogId,created,bestPair,sellTotalBtc,volume,pairPrice,activePairs,sellTotal,volumeBtc,buyTotalBtc,coinId
1,[],3,[],2019-03-10 18:13:47,30523.930114475563,0.012535839999999999483382140397225157357752323150634765625,0.000000489572188192,6896559,2019-03-10 18:13:47,btc,61.1308016801003,0.0,0.012535839999999999483382140397225157357752323150634765625,btc,26.636154230165,0.0,0.04630585739860902,1
1,[],4,[],2019-03-10 18:13:49,207747.35384476,0.01290000,0.0000005037940200000001,6896560,2019-03-10 18:13:49,btc,10.047095943009023,0.0,0.01290000,btc,333.27023553,0.54310902,1.0456246599935077,1
1,[],5,[],2019-03-10 18:13:51,0.0,0,0,6896561,2019-03-10 18:13:51,btc,0.0,0.01727223,0,btc,0.0,0.0,0.0,1
1,[],10,[],2019-03-10 18:13:54,413929.59541152,0.01051976,0.000000410836603088,6896562,2019-03-10 18:13:54,btc,6521.963055296238,2028.44672196,0.01051976,btc,1078.39725232,0.0,5.1123493953249195,1
1,[],12,[],2019-03-10 18:13:56,105.06601728,0.01255999999999999998390176614293523016385734081268310546875,0.000000490515728,6896563,2019-03-10 18:13:56,btc,0.3003479018204,0.0,0.01255999999999999998390176614293523016385734081268310546875,btc,22.51511937,0.084807677183,0.3298771195595,1
1,[],20,[],2019-03-10 18:13:58,1152.475,0.010500222,0.00000041007356994360004,6896564,2019-03-10 18:13:58,btc,0.0554564832443,0.0,0.010500222,btc,2.4799,0.0,0.0959563103421,1
1,[],21,[],2019-03-10 18:13:59,1964.73146661,0.01258422000000000012809309169,0.000000491461611036,6896565,2019-03-10 18:13:59,btc,23.33311206019903,4283.11375461,0.012584220000000000128093091689152061007916927337646484375,"btc,eth",2614.58437033,46.90552205854149,19.869263788129206,1
1,[],22,[],2019-03-10 18:14:05,0.0059712,0.01250000,0.0000004881725,6896566,2019-03-10 18:14:05,BTC,0.31439419,0.0,0.01250000,BTC,0.12751438772928525,0.0,7.464e-05,1
1,[],24,[],2019-03-10 18:14:05,0.0,0.000000000000,0,6896567,2019-03-10 18:14:05,btc,0.0,0.0,0.000000000000,btc,0.0,0.0,0.0,1
0.0,[],25,[],2019-03-10 18:14:06,0.0,0,0,6896568,2019-03-10 18:14:06,btc,29.40469999854575,36.87862258,0.0,btc,2270.74224266,0.4725,0.0,1
1,[],26,[],2019-03-10 18:14:16,0.0,0,0,6896569,2019-03-10 18:14:16,,0.0,0.0,0,,0.0,0.0,0.0,1
1,[],28,[],2019-03-10 18:14:23,992.9,0.01231000,0.000000480752278,6896570,2019-03-10 18:14:23,btc,0.147901439075,17512.9549,0.01231000,btc,7.9421,0.0,0.086101096,1
0,[],2,[],2019-01-20 23:28:45,0.0,0,0,6477011,2019-01-20 23:28:45,,0.0,0.0,0,,0.0,0.0,0.0,1
1,[],5,[],2019-03-10 18:14:26,0.0,0,0,6896571,2019-03-10 18:14:26,btc,0.0,0.00530856,0,btc,0.0,0.0,0.0,2
0,[],22,[],2019-03-10 18:14:40,0.0,0,0,6896572,2019-03-10 18:14:40,,0.0,0.0,0,,0.0,0.0,0.0,2
1,[],5,[],2019-03-10 18:14:41,0.0,0,0,6896573,2019-03-10 18:14:41,btc,0.0,0.78728999,0,btc,0.0,0.0,0.0,3
1,[],12,[],2019-03-10 18:14:43,1982771.71071,0.00000018,0.000000000007029684,6896574,2019-03-10 18:14:43,btc,22810.258756442392,0.0,0.00000018,btc,978772.42016495,0.03704084666080789,0.2897269569278,3
0,[],28,[],2019-03-10 18:14:49,0.0,0,0,6896575,2019-03-10 18:14:49,,0.0,0.0,0,,0.0,0.0,0.0,3
0,[],2,[],2019-01-20 23:31:32,0.0,0,0,6477077,2019-01-20 23:31:32,,0.0,0.0,0,,0.0,0.0,0.0,4
1,[],4,[],2019-03-09 19:03:36,394362.28616607,0.00000032,0.000000000012569280000000001,6889097,2019-03-09 19:03:36,btc,32.15548375957025,0.0,0.00000032,btc,707361.31512647,0.00109114,0.0476374485302292,4
1,[],12,[],2019-03-10 18:14:50,463307.0,0.00000002,0.0000000000007810760000000001,6896576,2019-03-10 18:14:50,btc,1111742.13430439,0.0,0.00000002,btc,566537.0,0.0,0.00672588,5
0,[],2,[],2019-01-20 23:31:51,0.0,0,0,6477087,2019-01-20 23:31:51,,0.0,0.0,0,,0.0,0.0,0.0,6
1,[],11,[],2019-03-10 18:14:52,4641654.6305,0.00000002,0.0000000000007810760000000001,6896577,2019-03-10 18:14:52,btc,9568.121453241885,110324.0,0.00000002,btc,42508801.853213936,0.0,0.06030792761,6
1,[],3,[],2019-03-10 18:14:52,1079.379160882546,0.000154210000000000002455535774714689978281967341899871826171875,0.000000006022486498,6896578,2019-03-10 18:14:52,btc,29.634085403952064,0.0,0.000154210000000000002455535774714689978281967341899871826171875,btc,239.122414578101,0.0,0.03304342941751237,7
1,[],4,[],2019-03-10 18:14:54,94092.9726393,0.00024000,0.000000009372912,6896579,2019-03-10 18:14:54,btc,10.693194147786445,0.0,0.00024000,btc,36201.5058066,5.44450422,5.5843449438900015,7
1,[],5,[],2019-03-10 18:14:56,0.0,0,0,6896580,2019-03-10 18:14:56,btc,0.0,0.66809507,0,btc,0.0,0.0,0.0,7
1,[],20,[],2019-02-20 02:16:17,39399275.8418,0.000000001,0.0000000000000390183,6728586,2019-02-20 02:16:17,btc,116.9737569154545,525.0,0.000000001,btc,56932965.8895,5.25e-07,0.0393992758418,8
0,[],2,[],2019-01-20 23:22:42,0.0,0,0,6476876,2019-01-20 23:22:42,,0.0,0.0,0,,0.0,0.0,0.0,9
0,[],23,[],2019-01-20 23:22:48,0.0,0,0,6476878,2019-01-20 23:22:48,,0.0,0.0,0,,0.0,0.0,0.0,9
1,[],1,[],2019-02-17 23:31:42,1822507.21,0.00000181000000000000003456111265232042484285557293333113193511962890625,0.000000000066086901,6701244,2019-02-17 23:31:42,btc,3.6990969245,17153386.5,0.00000181000000000000003456111265232042484285557293333113193511962890625,btc,1997391.71,31.11772986,3.2610482446,9
1,[],4,[],2019-03-10 18:14:59,1122833.33758372,0.00000147,0.000000000057409086,6896581,2019-03-10 18:14:59,btc,5.552453387734623,0.0,0.00000147,btc,2963915.80840105,0.9224094,0.8008447057623805,9
1,[],28,[],2019-03-10 18:15:06,37353.0,0.00000165,0.00000000006443877,6896582,2019-03-10 18:15:06,btc,2708.782203270583,3565487.71,0.00000165,btc,24261.1497,0.0,0.0328195,9
1,[],4,[],2019-02-17 11:22:43,4341674.27126056,0.00000002,0.0000000000007272960000000001,6696112,2019-02-17 11:22:43,btc,0.1997230937751353,0.0,0.00000002,btc,4109766.79808031,0.00215132,0.0479381022052112,10
0,[],2,[],2019-01-20 23:23:08,0.0,0,0,6476890,2019-01-20 23:23:08,,0.0,0.0,0,,0.0,0.0,0.0,12
1,[],4,[],2019-03-10 18:15:08,5800711.62349863,0.00000122,0.000000000047645636,6896583,2019-03-10 18:15:08,btc,8.952080853462181,0.0,0.00000122,btc,4996233.03339898,0.55496042,3.3150270636332255,12
1,[],5,[],2019-03-10 18:15:10,0.0,0,0,6896584,2019-03-10 18:15:10,btc,0.0,0.05012517,0,btc,0.0,0.0,0.0,12
0.0,[],25,[],2019-03-10 18:15:11,0.0,0,0,6896585,2019-03-10 18:15:11,,0.0,0.0,0.0,btc,0.0,0.0,0.0,12
1,[],4,[],2019-03-10 18:15:12,32054523.64180707,0.00000591,0.000000000230807958,6896586,2019-03-10 18:15:12,btc,2.7705652225767183,0.0,0.00000591,btc,375142.76442052,0.32030066,1.42155198224534,13
1,[],10,[],2019-03-10 18:15:14,393816.94681559,0.00000593,0.00000000023158903400000002,6896587,2019-03-10 18:15:14,btc,666801.3198169095,10984.1343052,0.00000593,btc,716793.02367248,0.0,0.2422226369546624,13
1,[],21,[],2019-03-10 18:15:16,736475.67745875,0.000006029999999999999864773968239,0.000000000235494414,6896588,2019-03-10 18:15:16,btc,5.870962131320737,676277.3382087,0.000006029999999999999864773968238917944972854456864297389984130859375,btc,873665.73928083,4.04189961,4.0242292282728815,13
0,[],17,[],2019-03-10 16:22:33,0.0,0,0,6896058,2019-03-10 16:22:33,btc,0.0,0.0,0,btc,0.0,0.0,0.0,14
1,[],4,[],2019-03-10 18:15:17,730824.67277498,0.00000135,0.00000000005272263,6896589,2019-03-10 18:15:17,btc,6.494934453591556,0.0,0.00000135,btc,868146.37781943,0.00987832,0.1515806575374926,14
1,[],12,[],2019-03-10 18:15:18,269837.0,0.000001300000000000000047051663780439678674838432925753295421600341796875,0.00000000005076994000000001,6896590,2019-03-10 18:15:18,btc,0.1049970422659792,0.0,0.000001300000000000000047051663780439678674838432925753295421600341796875,btc,8924.76092808,8.44215784215e-05,0.03003106,14
1,[],26,[],2019-03-10 18:15:29,0.0,0.00000050,0.0000000000195269,6896591,2019-03-10 18:15:29,btc,0.0,0.0,0.00000050,btc,0.0,0.0,0.0,14
,[],12,[],2018-12-01 15:15:48,204241.84496,0.00000489,0.000000000202473384,5260204,2018-12-01 15:15:48,btc,49.5475654835,0.0,,btc,35763.2193806,0.0163153972027625,0.0203389899998,15
0,[],4,[],2019-03-10 18:15:30,0.0,0,0,6896592,2019-03-10 18:15:30,,0.0,0.0,0,,0.0,0.0,0.0,15
0,[],2,[],2019-01-20 23:23:38,0.0,0,0,6476906,2019-01-20 23:23:38,,0.0,0.0,0,,0.0,0.0,0.0,18
1,[],4,[],2019-03-10 18:15:32,36435.28076793,0.00001703,0.0000000006650862140000001,6896593,2019-03-10 18:15:32,btc,4.178725596990101,0.0,0.00001703,btc,18059.3988968,0.0367208,0.1437276810706388,18
1,[],10,[],2019-03-10 18:15:34,792005.77445253,0.00001713,0.000000000668991594,6896594,2019-03-10 18:15:34,btc,15.31898720579972,1892.64457225,0.00001713,btc,9728.16947165,0.0,0.2665194166717972,18
1,[],12,[],2019-03-10 18:15:35,367348.93262489,0.0000167900000000000001825449513770394105449668131768703460693359375,0.000000000655713302,6896595,2019-03-10 18:15:35,btc,33214.72280586703,0.0,0.0000167900000000000001825449513770394105449668131768703460693359375,btc,576.59260345,0.0059784727800854,0.041180342125697995,18
0,[],17,[],2019-03-10 18:15:37,0.0,0,0,6896596,2019-03-10 18:15:37,btc,0.0,0.0,0,btc,0.0,0.0,0.0,18
1,[],12,[],2019-03-10 17:23:29,170984.86758276,0.00001626000000000000017476471658728343072652933187782764434814453125,0.000000000635808276,6896407,2019-03-10 17:23:29,btc,0.2086312518795912,0.0,0.00001626000000000000017476471658728343072652933187782764434814453125,btc,362.56500624,6.35364636e-05,0.0290668899999876,19
0,[],2,[],2019-01-20 23:24:19,0.0,0,0,6476924,2019-01-20 23:24:19,,0.0,0.0,0,,0.0,0.0,0.0,19
1,[],3,[],2019-03-10 18:15:38,117199.86039570578,0.0000184399999999999996314233030592077966502984054386615753173828125,0.000000000720152072,6896597,2019-03-10 18:15:38,btc,0.5176006915835822,10.8220858896,0.0000184399999999999996314233030592077966502984054386615753173828125,btc,9394.208834904759,0.0,0.014362260198795877,19
1,[],4,[],2019-03-10 18:15:39,240867.87651624,0.00002089,0.0000000008158338820000001,6896598,2019-03-10 18:15:39,btc,3.050342223752545,0.0,0.00002089,btc,89585.2509,0.42212069,2.5831360043658096,19
1,[],5,[],2019-03-10 18:15:40,0.0,0,0,6896599,2019-03-10 18:15:40,btc,0.0,0.00223967,0,btc,0.0,0.0,0.0,19
0,[],27,[],2019-03-10 18:17:42,0.0,0,0,6896600,2019-03-10 18:17:42,,0.0,0.0,0,btc,0.0,0.0,0.0,19
1,[],4,[],2019-03-10 18:17:44,2769300.98210011,0.00000012,0.000000000004686456,6896601,2019-03-10 18:17:44,btc,7.383042289760813,0.0,0.00000012,btc,2876583.25385408,0.00023941,0.0766887845231285,20
0,[],17,[],2019-03-10 17:12:43,0.0,0,0,6896225,2019-03-10 17:12:43,btc,0.0,0.0,0,btc,0.0,0.0,0.0,21
1,[],4,[],2019-03-10 18:17:45,103616191.22647026,0.00000002,0.0000000000007810760000000001,6896602,2019-03-10 18:17:45,btc,1858.133179109871,0.0,0.00000002,btc,54105420.3328267,0.00399204,1.1590642676500456,21
1,[],12,[],2019-03-10 18:17:47,1409508.0,0.00000001,0.00000000000039053800000000003,6896603,2019-03-10 18:17:47,btc,1247.5070061495405,0.0,0.00000001,btc,2425596.97702298,0.0004995,0.014095080000000001,21
1,[],12,[],2019-03-10 18:17:59,2443586040.0,0.0000000001,0.00000000000000390538,6896604,2019-03-10 18:17:59,btc,1122566.2109328604,0.0,0.0000000001,btc,1674001705.422966,0.04507205155824176,0.244358604,23
0,[],27,[],2019-03-10 18:18:01,0.0,0,0,6896605,2019-03-10 18:18:01,,13.821146136593411,0.0,0,eth,4599354.35514486,0.0,0.0,23
1,[],4,[],2019-03-10 18:18:02,587366.71545255,0.00000046,0.000000000017964748,6896606,2019-03-10 18:18:02,btc,9.648871109715397,0.0,0.00000046,btc,1623400.81282105,0.01016364,0.1556298302763451,24
1,[],22,[],2019-03-10 18:18:06,11.76,0.00000100,0.0000000000390538,6896607,2019-03-10 18:18:06,BTC,7.415e-05,0.0,0.00000100,BTC,23.919354838709676,0.0,1.176e-05,24
0.0,[],25,[],2019-03-10 18:18:08,0.0,0,0,6896608,2019-03-10 18:18:08,,0.0,0.0,0.0,btc,0.0,0.0,0.0,24
0,[],2,[],2019-01-20 23:25:56,0.0,0,0,6476976,2019-01-20 23:25:56,,0.0,0.0,0,,0.0,0.0,0.0,26
1,[],4,[],2019-03-10 18:18:09,26582899.07614992,0.00000633,0.000000000247210554,6896609,2019-03-10 18:18:09,btc,135.76590786178636,0.0,0.00000633,btc,255555.73886189,0.17603205,0.4732041249321657,26
1,[],10,[],2019-03-10 18:18:11,686282.06895167,0.00000601,0.000000000234713338,6896610,2019-03-10 18:18:11,btc,26.12761298873447,4446.75584779,0.00000601,btc,14082.23878667,0.0,0.21475994437872,26
1,[],3,[],2019-03-10 18:18:13,8416759.19501412,0.00000001,0.00000000000039053800000000003,6896611,2019-03-10 18:18:13,btc,2.2774048531082944,20186.0,0.00000001,btc,18002089.55057187,0.0,0.08416759195014119,27
1,[],5,[],2019-03-10 18:18:16,0.0,0,0,6896612,2019-03-10 18:18:16,btc,0.0,0.00012686,0,btc,0.0,0.0,0.0,27
1,[],11,[],2019-03-10 18:18:17,9469667.88103613,0.00000005,0.00000000000195269,6896613,2019-03-10 18:18:17,btc,67506.32843704063,170.63047893,0.00000005,btc,7972152.75036371,0.0,0.4413054133414386,27
1,[],4,[],2019-03-10 18:18:19,2251150191.273512,0.00000001,0.00000000000039053800000000003,6896614,2019-03-10 18:18:19,btc,3.2207930865232064,0.0,0.00000001,"btc,ltc",222061580.69003555,0.32718803,10.401339556513427,29
1,[],7,[],2019-03-10 18:18:20,35581800.51580551,0.00000001,0.00000000000039053800000000003,6896615,2019-03-10 18:18:20,btc,44461616.56426846,9942.61477047,0.00000001,btc,46768255.62435615,0.0,0.3558180051580551,29
1,[],4,[],2019-03-10 18:18:21,2357350.0592455,0.00000024,0.000000000009372912,6896616,2019-03-10 18:18:21,btc,2.643992834371312,0.0,0.00000024,btc,1982218.23494468,0.00866531,0.1075964508330282,30
0,[],17,[],2019-03-10 18:18:23,0.0,0,0,6896617,2019-03-10 18:18:23,btc,0.0,0.0,0,btc,0.0,0.0,0.0,30
1,[],4,[],2019-03-10 18:18:24,197415.83893731,0.00005771,0.000000002253794798,6896618,2019-03-10 18:18:24,btc,10.4466741584908,0.0,0.00005771,btc,126518.85776876,0.95048678,1.9016814498746921,31
1,[],21,[],2019-03-10 18:18:25,108212.91110964,0.00005768999999999999822586360665,0.000000002253013722,6896619,2019-03-10 18:18:25,btc,5.258465175498729,203049.56041409,0.000057689999999999998225863606648999848403036594390869140625,btc,80861.75894211,11.63302941,5.881918131414353,31
0,[],2,[],2019-01-20 23:28:43,0.0,0,0,6477009,2019-01-20 23:28:43,,0.0,0.0,0,,0.0,0.0,0.0,32
1,[],4,[],2019-03-10 18:18:25,423455854.7713304,0.00000004,0.0000000000015621520000000001,6896620,2019-03-10 18:18:25,btc,9.61801663237746,0.0,0.00000004,"btc,ltc",185487993.60240364,0.1244344,10.137796210384332,33
1,[],12,[],2019-03-10 18:18:26,25648982.961,0.00000004,0.0000000000015621520000000001,6896621,2019-03-10 18:18:26,btc,1321816.6639533679,0.0,0.00000004,btc,15955921.9590409,0.031425728251749,0.5930026788,33
1,[],4,[],2019-03-10 18:18:27,110745612.84842524,0.00000001,0.00000000000039053800000000003,6896622,2019-03-10 18:18:27,btc,3.416817223966073,0.0,0.00000001,btc,97176525.76757707,0.03104334,1.1074561284842523,34
1,[],5,[],2019-03-10 18:18:29,0.0,0,0,6896623,2019-03-10 18:18:29,btc,0.0,0.05057416,0,btc,0.0,0.0,0.0,34
0,[],17,[],2019-03-10 17:24:17,0.0,0,0,6896433,2019-03-10 17:24:17,btc,0.07464582809308544,0.0,0,btc,4105386.20243647,0.0,0.0,36
0.0000000001447689,[],4,[],2019-03-10 18:18:30,3506140144.0370126,1.447689e-18,5.65377566682e-23,6896624,2019-03-10 18:18:30,ltc,4.192517084573506e-08,0.0,0.00000001,ltc,6334782521.882313,0.0,5.0758005189807985e-09,36
1,[],5,[],2019-03-10 18:18:31,0.0,0,0,6896625,2019-03-10 18:18:31,btc,0.0,0.0,0,btc,0.0,0.0,0.0,36
0.00000000034592869999999996,[],27,[],2019-03-10 18:18:44,1088163.16325,3.459287e-18,1.350983026406e-22,6896626,2019-03-10 18:18:44,eth,222.5593908357632,1836.83675,0.00000001,"ltc,eth",11165406.63658689,6.354710219e-15,1.7059420705096027e-12,36
1,[],17,[],2019-03-10 17:13:23,1752.74075282,0.00000025,0.000000000009773075,6896241,2019-03-10 17:13:23,btc,0.055484923777095005,0.0,0.00000025,btc,1319.19918473,0.0,0.00043818518820499993,37
1,[],4,[],2019-03-10 18:18:46,244658.41135195,0.00000059,0.000000000023041742000000003,6896627,2019-03-10 18:18:46,btc,19772.483661735696,0.0,0.00000059,btc,569617.78072693,0.00573245,0.1051334873629833,37
1,[],12,[],2019-03-10 18:18:47,461164.22962524,0.0000006,0.00000000002343228,6896628,2019-03-10 18:18:47,btc,9.752691168732252,0.0,0.0000006,btc,298120.79694709,0.0582565394013905,0.1098152699999863,37
1,[],27,[],2019-03-10 18:18:49,14685.567,0.00000045,0.00000000001757421,6896629,2019-03-10 18:18:49,btc,24.25536383611233,0.0,0.00000045,btc,6518.38138508,0.0,0.00480032515,37
1,[],5,[],2019-03-10 18:18:51,0.0,0,0,6896630,2019-03-10 18:18:51,btc,0.0,0.07966653,0,btc,0.0,0.0,0.0,42
1,[],12,[],2019-03-10 18:18:52,255594.38842739,0.00000091,0.000000000035538958,6896631,2019-03-10 18:18:52,btc,0.2913458816887924,0.0,0.00000091,btc,32422.84991145,0.0135734693980126,0.0194989999999421,42
0.00000000034592869999999996,[],27,[],2019-03-10 18:18:55,2000.0,3.459287e-18,1.350983026406e-22,6896632,2019-03-10 18:18:55,eth,0.00315028,0.0,0.00000001,"btc,eth",11.007,0.0,6.918574e-15,42
1,[],5,[],2019-03-10 18:18:56,0.0,0,0,6896633,2019-03-10 18:18:56,btc,0.0,0.01156911,0,btc,0.0,0.0,0.0,43
1,[],12,[],2019-03-10 18:18:57,1721333.0,0.00000001,0.00000000000039053800000000003,6896634,2019-03-10 18:18:57,btc,1.8637358696003998,0.0,0.00000001,btc,4605824.98001999,2.498401598e-07,0.01721333,43
0,[],17,[],2019-03-10 18:18:59,0.0,0,0,6896635,2019-03-10 18:18:59,btc,0.0,0.0,0,btc,0.0,0.0,0.0,43
1,[],12,[],2019-03-05 01:54:08,639326.02,0.00000004,0.000000000001486676,6845775,2019-03-05 01:54:08,btc,11116042.728239931,0.0,0.00000004,btc,1103841.4595604,0.0003330765234764,0.014975410599999999,44
1,[],4,[],2019-03-10 18:19:00,297653726.1572919,0.00000002,0.0000000000007810760000000001,6896636,2019-03-10 18:19:00,btc,473.7545894298338,0.0,0.00000002,"btc,ltc",12031580.31117067,0.08610245,0.2616197912392046,49
0.0000000001447689,[],4,[],2019-03-10 18:19:01,670582856.852098,1.447689e-18,5.65377566682e-23,6896637,2019-03-10 18:19:01,ltc,25.936059467085748,0.0,0.00000001,ltc,10702171841.490736,0.0,9.707954254533568e-10,52
0.00000000012367970000000001,[],22,[],2019-03-10 18:19:05,80666418.0,9.894376000000001e-18,3.8641298142880005e-22,6896638,2019-03-10 18:19:05,XMR,4367.73467263,0.0,0.00000008,XMR,265338878.67882353,2.61523199244e-13,0.8080541,57
0.00000000034592869999999996,[],27,[],2019-03-10 18:19:07,2000.0,3.459287e-18,1.350983026406e-22,6896639,2019-03-10 18:19:07,eth,0.0,0.0,0.00000001,"btc,eth",0.0,0.0,6.918574e-15,57
0.0000000001447689,[],4,[],2019-03-10 18:19:07,483217789.30196166,2.895378e-18,1.130755133364e-22,6896640,2019-03-10 18:19:07,ltc,18.807189176800655,0.0,0.00000002,ltc,4752071474.700396,0.0,8.673082539130148e-10,58
1,[],12,[],2019-03-10 18:19:10,1018652810.0,0.0000000003,0.00000000000001171614,6896641,2019-03-10 18:19:10,btc,2911896.6506413287,0.0,0.0000000003,btc,1751458260.2107892,0.02385722287342658,0.2543169719,58
0.00000000012367970000000001,[],22,[],2019-03-10 18:19:24,137438.0,1.2367970000000002e-18,4.8301622678600007e-23,6896642,2019-03-10 18:19:24,XMR,69.8835922,0.0,0.00000001,XMR,9887963.0,0.0,0.00137438,58
0,[],17,[],2019-03-10 14:13:37,0.0,0,0,6895336,2019-03-10 14:13:37,btc,1e+24,0.0,0,btc,49226522.0897055,0.0,0.0,58
1,[],5,[],2019-03-10 18:19:27,0.0,0,0,6896643,2019-03-10 18:19:27,btc,0.0,0.00238889,0,btc,0.0,0.0,0.0,61
1,[],22,[],2019-03-10 18:19:30,13757.0,0.00000012,0.000000000004686456,6896644,2019-03-10 18:19:30,BTC,1002.2960049,0.0,0.00000012,BTC,14976.68361146909,0.0,0.00154987,61
1,[],26,[],2019-03-10 18:19:30,0.0,0.00000800,0.0000000003124304,6896645,2019-03-10 18:19:30,btc,0.0,0.0,0.00000800,btc,0.0,0.0,0.0,61
1,[],27,[],2019-03-10 18:19:33,4411.22008,0.00000047,0.000000000018355286,6896646,2019-03-10 18:19:33,btc,2.8990263703141324,0.0,0.00000047,"btc,eth",19485.01257617,0.0,0.0012437599595096697,61
1,[],28,[],2019-03-10 18:19:40,13880.304,0.0000005,0.0000000000195269,6896647,2019-03-10 18:19:40,btc,2.056312978300105,2348.2744,0.0000005,btc,9730.59500005,0.0,0.00566391304,61
1,[],4,[],2019-03-10 18:19:41,1315312.78971605,0.00000213,0.000000000083184594,6896648,2019-03-10 18:19:41,btc,9.099061081095766,0.0,0.00000213,btc,771736.74091744,0.1921534,1.0248956259921904,67
0.0,[],25,[],2019-03-10 18:19:42,0.0,0,0,6896649,2019-03-10 18:19:42,,0.0,0.0,0.0,btc,0.0,0.0,0.0,67
1,[],12,[],2019-03-10 18:19:43,281253.02891231,0.00000027,0.000000000010544526,6896650,2019-03-10 18:19:43,btc,1111115.6531908072,0.0,0.00000027,btc,1112822.73967002,0.0030037154914676,0.0573875091884002,71
,[],5,[],2018-11-20 23:02:39,1.5e-07,0.00000005,0.000000000002128045,4862160,2018-11-20 23:02:39,btc,2.84511358,0.0,,btc,0.00036572,0.0,0.07381892,74
1,[],5,[],2019-03-10 18:19:45,0.0,0,0,6896651,2019-03-10 18:19:45,btc,0.0,0.0,0,btc,0.0,0.0,0.0,75
1,[],4,[],2019-03-10 18:19:45,13147768.81424166,0.00000001,0.00000000000039053800000000003,6896652,2019-03-10 18:19:45,btc,11388.985544584346,0.0,0.00000001,btc,40019471.49932191,0.0,0.1314776881424166,81
0,[],20,[],2019-01-25 09:30:31,0.0,0,0,6495923,2019-01-25 09:30:31,btc,0.0,0.0,0,btc,0.0,0.0,0.0,81
1,[],4,[],2019-03-10 18:19:47,24081.55614357,0.00007681,0.000000002999722378,6896653,2019-03-10 18:19:47,btc,18.127588140418148,0.0,0.00007681,btc,12395.8483639,0.01530568,0.1089100350156891,82
1,[],21,[],2019-03-10 18:19:48,760843.86901408,0.00007449999999999999482878931811,0.0000000029095081,6896654,2019-03-10 18:19:48,btc,3.751175777036413,4108.9225369,0.00007449999999999999482878931811313805155805312097072601318359375,btc,45227.69858242,0.30624872,2.582059655445851,82
0,[],17,[],2019-03-10 17:14:27,0.0,0,0,6896268,2019-03-10 17:14:27,btc,0.0447233088476774,0.0,0,btc,999127.19588126,0.0,0.0,84
0.0000000001447689,[],4,[],2019-03-10 18:19:49,211834614.46412548,4.3430669999999996e-18,1.696132700046e-22,6896655,2019-03-10 18:19:49,ltc,1.6956429425319155,0.0,0.00000003,ltc,386776695.8715192,0.0,4.788995738274717e-10,85
,[],22,[],2018-11-20 23:09:34,3408.1,0.0000001,0.0000000000041895,4862324,2018-11-20 23:09:34,BTC,0.04624735,0.0,,BTC,4990.0,0.0,0.00033081,86
1,[],22,[],2019-03-10 18:19:53,123370.0,0.00000005,0.0000000000019526900000000002,6896656,2019-03-10 18:19:53,BTC,2.07772327,0.0,0.00000005,BTC,161407.94736842104,0.00045053,0.0019285,87
0,[],27,[],2019-03-10 18:19:55,0.0,0,0,6896657,2019-03-10 18:19:55,,0.0,0.0,0,btc,0.0,0.0,0.0,87
,[],2,[],2018-11-20 23:10:47,0.0,0,0,4862359,2018-11-20 23:10:47,,0.0,0.0,,,0.0,0.0,0.0,88
1,[],11,[],2019-03-10 18:19:57,96575.09883418,0.00014999999999999998685946966947568625982967205345630645751953125,0.000000005858069999999999,6896658,2019-03-10 18:19:57,btc,611.5546340971791,1125.80120606,0.00014999999999999998685946966947568625982967205345630645751953125,btc,97984.85334237,0.0,6.8025235970764655,89
1,[],12,[],2019-03-10 18:19:58,247614.49339973,0.00000101000000000000007076262319161141789436442195437848567962646484375,0.000000000039444338000000005,6896659,2019-03-10 18:19:58,btc,61.09527673925363,0.0,0.00000101000000000000007076262319161141789436442195437848567962646484375,btc,117794.55218082,0.0067116527969906,0.0334595879999698,91
0,[],17,[],2019-03-10 18:19:59,0.0,0,0,6896660,2019-03-10 18:19:59,btc,0.0,0.0,0,btc,0.0,0.0,0.0,91
1,[],22,[],2019-03-10 18:20:05,65900.0,0.00000001,0.00000000000039053800000000003,6896661,2019-03-10 18:20:05,BTC,3e-06,0.0,0.00000001,BTC,1.0,0.0,0.000659,91
0,[],2,[],2019-01-20 23:31:45,0.0,0,0,6477083,2019-01-20 23:31:45,,0.0,0.0,0,,0.0,0.0,0.0,91
0,[],22,[],2019-03-10 18:20:08,0.0,0,0,6896662,2019-03-10 18:20:08,,7.50307462,0.0,0,,70597140.95714286,0.0,0.0,95
0.0000000001447689,[],4,[],2019-03-10 18:20:09,646849596.8276336,7.527982799999999e-17,2.9399633467464e-21,6896663,2019-03-10 18:20:09,ltc,11.893811373915224,0.0,0.00000052,ltc,136343529.56165135,0.0,1.8121259740942126e-09,96
0,[],12,[],2019-03-10 18:20:10,0.0,0,0,6896664,2019-03-10 18:20:10,btc,10.18951399,0.0,0,btc,3026255.0,0.00069932,0.0,96
0,[],17,[],2019-03-10 15:15:32,0.0,0,0,6895760,2019-03-10 15:15:32,btc,0.0,0.0,0,btc,0.0,0.0,0.0,96
1,[],4,[],2019-03-10 18:20:11,1585374.73979853,0.00000021,0.000000000008201298000000001,6896665,2019-03-10 18:20:11,btc,2.468107305553058,0.0,0.00000021,btc,2541889.78946202,0.00798162,0.1244954358323104,99
1,[],4,[],2019-03-10 18:20:12,281114.35110608,0.00003809,0.000000001487559242,6896666,2019-03-10 18:20:12,btc,11.582302290322534,0.0,0.00003809,btc,167075.11435849,1.93889873,1.39865639982252,100
0,[],2,[],2019-01-20 23:23:55,0.0,0,0,6476914,2019-01-20 23:23:55,,0.0,0.0,0,,0.0,0.0,0.0,100
1,[],22,[],2019-03-10 18:20:16,50000.0,0.00000001,0.00000000000039053800000000003,6896667,2019-03-10 18:20:16,BTC,23.49896609,0.0,0.00000001,BTC,10277.22,0.0,0.0005,101
1,[],4,[],2019-03-10 18:20:17,369413.88435309,0.00000085,0.00000000003319573,6896668,2019-03-10 18:20:17,btc,308.0650111477537,0.0,0.00000085,btc,499437.48161794,0.0029935,0.1978559010759392,103
1,[],12,[],2019-03-10 18:20:19,23810101.99674738,0.000000009,0.0000000000003514842,6896669,2019-03-10 18:20:19,btc,3859729.549208657,0.0,0.000000009,btc,72441702.8342087,0.01105970642851356,0.06505825097072643,105
1,[],27,[],2019-03-10 18:20:21,223920.39,0.00000001,0.00000000000039053800000000003,6896670,2019-03-10 18:20:21,btc,36.60591030491341,0.0,0.00000001,btc,1301440.23571724,0.0,0.0022392039,105
1,[],22,[],2019-03-10 18:20:25,9328.0,0.00000001,0.00000000000039053800000000003,6896671,2019-03-10 18:20:25,BTC,51.10837004,0.0,0.00000001,BTC,470435.0,0.0,9.328e-05,107
1,[],26,[],2019-03-10 18:20:25,0.0,0.00000000,0,6896672,2019-03-10 18:20:25,btc,0.0,91290.0,0.00000000,btc,0.0,0.0,0.0,107
1,[],5,[],2019-03-10 18:20:28,0.0,0,0,6896673,2019-03-10 18:20:28,btc,0.0,0.00193802,0,btc,0.0,0.0,0.0,112
1,[],22,[],2019-03-10 18:20:32,1966.0,0.00000001,0.00000000000039053800000000003,6896674,2019-03-10 18:20:32,BTC,2.7975128,0.0,0.00000001,BTC,826524.0833333334,0.0,1.966e-05,112
0.00000000034592869999999996,[],27,[],2019-03-10 18:20:34,2000.0,3.459287e-18,1.350983026406e-22,6896675,2019-03-10 18:20:34,eth,1.24996908,0.0,0.00000001,"btc,eth",1289.0,0.0,6.918574e-15,112
1,[],4,[],2019-03-10 18:20:35,1270820.14053952,0.00000194,0.00000000007576437200000001,6896676,2019-03-10 18:20:35,btc,71.63735378978278,0.0,0.00000194,btc,330884.60138376,0.03934898,0.957909091941073,113
1,[],5,[],2019-03-10 18:20:37,0.0,0,0,6896677,2019-03-10 18:20:37,btc,0.0,0.0,0,btc,0.0,0.0,0.0,113
0,[],27,[],2019-03-10 01:00:49,0.0,0,0,6891072,2019-03-10 01:00:49,,0.0,0.0,0,btc,0.0,0.0,0.0,116
1,[],17,[],2019-03-09 23:08:14,152738.278,0.00000004,0.0000000000015702200000000001,6890671,2019-03-09 23:08:14,btc,1.3368030274857574,0.0,0.00000004,btc,51896.221,0.0,0.0022095311199999998,116
1,[],4,[],2019-03-10 18:20:38,74887.84425702,0.00002459,0.000000000960332942,6896678,2019-03-10 18:20:38,btc,93.45146993849045,0.0,0.00002459,btc,83826.58374992,2.14083521,0.9946861854395264,120
1,[],7,[],2019-03-10 18:20:39,20851.01684642,0.0000212500000000000015265566588595902430824935436248779296875,0.0000000008298932500000001,6896679,2019-03-10 18:20:39,btc,115648.89480684382,0.0,0.0000212500000000000015265566588595902430824935436248779296875,btc,36709.119221220004,0.0,0.052187690013793406,120
1,[],20,[],2019-03-10 18:20:42,2948267.9662,0.000000034,0.0000000000013278292000000002,6896680,2019-03-10 18:20:42,btc,33.6158386038068,1866.15,0.000000034,btc,1013047.029,6.34491e-05,0.0387656098086,125
1,[],22,[],2019-03-10 18:21:03,3053.0,0.00000001,0.00000000000039053800000000003,6896681,2019-03-10 18:21:03,BTC,0.01444887,0.0,0.00000001,BTC,296263.5111111111,0.0,3.053e-05,126
0,[],17,[],2019-03-10 16:27:01,0.0,0,0,6896144,2019-03-10 16:27:01,btc,0.0009561751951600001,0.0,0,btc,35.42829368,0.0,0.0,131
1,[],4,[],2019-03-10 18:21:04,142776.19278946,0.00001302,0.000000000508480476,6896682,2019-03-10 18:21:04,btc,3.585087390946212,0.0,0.00001302,btc,121302.74877193,0.09917896,0.6139273238457932,131
0,[],2,[],2019-01-20 23:25:46,0.0,0,0,6476969,2019-01-20 23:25:46,,0.0,0.0,0,,0.0,0.0,0.0,131
1,[],4,[],2019-03-10 18:21:15,4547.17240077,0.00016000,0.000000006248608,6896683,2019-03-10 18:21:15,btc,1.6191132457926034,0.0,0.00016000,btc,239.25503526,0.0,0.0067961669217425,135
1,[],3,[],2019-03-07 00:20:44,877702.73244099,0.00000004,0.00000000000154846,6863392,2019-03-07 00:20:44,btc,0.119366241821405,0.0,0.00000004,btc,760637.99421222,0.0,0.023771231960604298,136
1,[],4,[],2019-03-10 18:21:16,266669.35198034,0.00000152,0.00000000005936177600000001,6896684,2019-03-10 18:21:16,btc,38.68370489156458,0.0,0.00000152,btc,522838.41709322,0.00301421,0.0536273719751955,137
1,[],12,[],2019-03-10 18:21:17,179344.82570062,0.00000145000000000000009320343975771638866945068002678453922271728515625,0.000000000056628010000000004,6896685,2019-03-10 18:21:17,btc,5.061197523047698,0.0,0.00000145000000000000009320343975771638866945068002678453922271728515625,btc,4354.15830328,0.00041300998838,0.0070280600000064,137
1,[],4,[],2019-03-10 18:21:18,10452.20377753,0.00003700,0.0000000014449906,6896686,2019-03-10 18:21:18,btc,28.497231056761606,0.0,0.00003700,btc,47710.60476699,0.26739075,0.2116960803243708,142
1,[],5,[],2019-03-10 18:21:20,0.0,0,0,6896687,2019-03-10 18:21:20,btc,0.0,0.29884827,0,btc,0.0,0.0,0.0,142
1,[],17,[],2019-03-10 18:21:21,22967.386363640002,0.00000088,0.000000000034367344000000005,6896688,2019-03-10 18:21:21,btc,20.069913352719542,0.0,0.00000088,btc,2746.079105,0.0,0.0104613000000032,142
1,[],20,[],2019-03-10 18:21:23,139581.9797,0.0000331,0.00000000129268078,6896689,2019-03-10 18:21:23,btc,0.3385280268142,4.9285,0.0000331,btc,2290.4455,0.000195948248,0.3051903967779,142
1,[],22,[],2019-03-10 18:21:27,1470.8988921568628,0.00004000,0.000000001562152,6896690,2019-03-10 18:21:27,BTC,3.00385504,0.0,0.00004000,BTC,891.218,0.0,0.0012358,142
0.0,[],25,[],2019-03-10 18:21:28,0.0,0,0,6896691,2019-03-10 18:21:28,,0.0,0.0,0.0,btc,0.0,0.0,0.0,142
1,[],28,[],2019-03-10 18:21:34,76677.664,0.00002270,0.0000000008865212600000001,6896692,2019-03-10 18:21:34,btc,0.067100461059305,1650.0,0.00002270,btc,552.61077999,0.0,0.01662216,142
0,[],22,[],2019-03-10 18:21:37,0.0,0,0,6896693,2019-03-10 18:21:37,,65.61831169,0.0,0,,1037691921.3,0.0,0.0,143
0,[],22,[],2019-02-25 15:42:22,0.0,0,0,6783783,2019-02-25 15:42:22,,4.2131946,0.0,0,,2322156.0,0.0,0.0,146
,[],22,[],2018-11-20 23:01:11,0.0,0,0,4862114,2018-11-20 23:01:11,,2.56807021,0.0,,,61828.4988236,0.0,0.0,147
1,[],12,[],2019-03-10 18:21:39,336226.74661508,0.00000225000000000000005700192921842539561794183100573718547821044921875,0.00000000008787105,6896694,2019-03-10 18:21:39,btc,1.7300300343090615,0.0,0.00000225000000000000005700192921842539561794183100573718547821044921875,btc,28434.32942272,5.63436564e-06,0.0280855899999343,148
1,[],4,[],2019-03-10 18:21:39,251333.48410362,0.00000029,0.000000000011325602,6896695,2019-03-10 18:21:39,btc,219.9982176915005,0.0,0.00000029,btc,839330.36424423,0.0,0.0597302236445324,152
0,[],22,[],2019-03-10 18:21:42,0.0,0,0,6896696,2019-03-10 18:21:42,,0.0,0.0,0,,0.0,0.0,0.0,152
1,[],5,[],2019-03-10 18:21:44,0.0,0,0,6896697,2019-03-10 18:21:44,btc,0.0,0.0,0,btc,0.0,0.0,0.0,153
,[],16,[],2019-01-11 15:38:59,0.0,0,0,6366141,2019-01-11 15:38:59,btc,0.0,0.0,,btc,0.0,0.0,0.0,155
0,[],22,[],2019-03-10 18:21:47,0.0,0,0,6896698,2019-03-10 18:21:47,,6.7463781,0.0,0,,4673397.242592593,0.0,0.0,156
0,[],23,[],2019-01-20 23:24:29,0.0,0,0,6476932,2019-01-20 23:24:29,,0.0,0.0,0,,0.0,0.0,0.0,156
1,[],22,[],2019-03-10 18:21:52,7073.8,0.00005300,0.0000000020698514000000003,6896699,2019-03-10 18:21:52,BTC,1.79802465,0.0,0.00005300,BTC,802.6461988741639,0.0035259,0.00104336,157
0,[],22,[],2019-03-10 18:21:55,0.0,0,0,6896700,2019-03-10 18:21:55,,50175.67608608,0.0,0,,54079135.04179466,0.0,0.0,158
,[],17,[],2018-11-20 22:56:10,0.0,0,0,4861976,2018-11-20 22:56:10,btc,1.1265625,0.0,,btc,1000.0,0.0,0.0,159
,[],20,[],2018-11-20 22:56:12,0.0,0,0,4861977,2018-11-20 22:56:12,btc,11912.7940471,0.0,,btc,34413894.3617,0.0,0.0,159
1,[],12,[],2019-03-10 18:21:56,212762.30200801,0.0000071500000000000001529050323856306903280710685066878795623779296875,0.00000000027923467,6896701,2019-03-10 18:21:56,btc,0.776097489082793,0.0,0.0000071500000000000001529050323856306903280710685066878795623779296875,btc,8298.5162069,0.0033371163550168,0.1017920915243878,168
1,[],17,[],2019-03-10 17:27:59,29784.95,0.000001,0.0000000000391026,6896503,2019-03-10 17:27:59,btc,0.03026736251542,0.0,0.000001,btc,144.46171372,0.0,0.00716147,168
0,[],22,[],2019-03-07 13:06:36,0.0,0,0,6867364,2019-03-07 13:06:36,,1.1339604,0.0,0,,520283.17470714403,0.0,0.0,169
1,[],22,[],2019-03-10 18:22:11,222518.16666666666,0.00000012,0.000000000004686456,6896702,2019-03-10 18:22:11,BTC,14.35054906,0.0,0.00000012,BTC,156459.90863998415,0.00012542,0.00299518,171
1,[],22,[],2019-03-10 18:22:17,886503.3333333334,0.00000005,0.0000000000019526900000000002,6896703,2019-03-10 18:22:17,BTC,2.20736915,0.0,0.00000005,"BTC,LTC",289022.84531862853,0.00794581,0.0253796,173
1,[],5,[],2019-03-05 01:59:40,0.0,0,0,6845846,2019-03-05 01:59:40,btc,0.0,0.00384852,0,btc,0.0,0.0,0.0,175
1,[],22,[],2019-03-10 18:22:21,35500.0,0.00000012,0.000000000004686456,6896704,2019-03-10 18:22:21,BTC,0.54559973,0.0,0.00000012,BTC,137776.41444619838,0.0,0.00206,176
1,[],7,[],2019-03-10 18:22:23,0.0,0,0,6896705,2019-03-10 18:22:23,btc,408082.77918085374,1000.0,0,btc,115663731.27961002,1e-05,0.0,178
0,[],22,[],2019-03-10 18:22:25,0.0,0,0,6896706,2019-03-10 18:22:25,,1.00242438,0.0,0,,57522.0,0.0,0.0,178
0,[],2,[],2019-01-20 23:28:34,0.0,0,0,6477001,2019-01-20 23:28:34,,0.0,0.0,0,,0.0,0.0,0.0,178
1,[],5,[],2019-03-10 18:22:28,0.0,0,0,6896707,2019-03-10 18:22:28,btc,0.0,0.03219113,0,btc,0.0,0.0,0.0,179
1,[],22,[],2019-03-10 18:22:32,6868442.5,0.00000002,0.0000000000007810760000000001,6896708,2019-03-10 18:22:32,BTC,5.65174896,0.0,0.00000002,"BTC,LTC",17774331.756535422,0.00014766,0.37230957,179
0,[],23,[],2019-01-20 23:25:08,0.0,0,0,6476952,2019-01-20 23:25:08,,0.0,0.0,0,,0.0,0.0,0.0,179
1,[],22,[],2019-03-10 18:22:37,667666.7090909091,0.00000178,0.00000000006951576400000001,6896709,2019-03-10 18:22:37,BTC,0.20952313,0.0,0.00000178,"BTC,LTC",59060.756131308655,0.00778656,0.57462798,180
1,[],26,[],2019-03-10 18:22:37,0.0,0.00000125,0.00000000004881725,6896710,2019-03-10 18:22:37,btc,0.0,100.0,0.00000125,btc,0.0,0.0,0.0,180
1,[],17,[],2019-03-10 17:28:21,10504.725,0.0000001,0.00000000000391026,6896511,2019-03-10 17:28:21,btc,5.201069583844166,0.0,0.0000001,btc,5033.45945,0.0,0.0010504725,180
,[],7,[],2018-11-20 22:58:01,562227.975654,0.00000085,0.000000000036176765,4862015,2018-11-20 22:58:01,btc,21836.6059674,2491.87645172,,btc,749999.041456,0.00211021,0.127565380455,183
,[],5,[],2019-01-10 08:11:41,0.0,0,0,6347036,2019-01-10 08:11:41,btc,82.15055501,0.00261,,btc,1.19002445,0.0,0.0,187
1,[],24,[],2019-03-10 18:22:38,0.0,0.000000000001,3.90538e-17,6896711,2019-03-10 18:22:38,btc,0.0,0.0,0.000000000001,btc,0.0,0.0,0.0,187
,[],17,[],2018-11-16 20:58:10,4062536.27273,0.00000001,0.000000000000550501,4708775,2018-11-16 20:58:10,btc,3.36492563466,0.195460381006,,"btc,eth",110697919.549,0.0,0.0157628953496,187
0,[],22,[],2019-03-10 18:22:55,0.0,0,0,6896712,2019-03-10 18:22:55,,7.54797454,0.0,0,,79361.7243344055,0.0,0.0,191
0,[],22,[],2019-03-10 18:23:00,0.0,0,0,6896713,2019-03-10 18:23:00,,0.0,0.0,0,,0.0,0.0,0.0,197
0,[],23,[],2019-01-20 23:31:41,0.0,0,0,6477079,2019-01-20 23:31:41,,0.0,0.0,0,,0.0,0.0,0.0,199
0,[],22,[],2019-03-10 18:23:04,0.0,0,0,6896714,2019-03-10 18:23:04,,5.19076992,0.0,0,,21057923.0,0.0,0.0,199
1,[],26,[],2019-03-10 18:23:04,0.0,0.00000000,0,6896715,2019-03-10 18:23:04,btc,0.0,129502.0,0.00000000,btc,0.0,0.0,0.0,199
0,[],17,[],2019-01-30 16:32:01,0.0,0,0,6540827,2019-01-30 16:32:01,btc,6.802544163788159,0.0,0,btc,105897.55575295,0.0,0.0,200
0,[],2,[],2019-01-20 23:30:49,0.0,0,0,6477059,2019-01-20 23:30:49,,0.0,0.0,0,,0.0,0.0,0.0,201
1,[],4,[],2019-01-25 15:51:35,2084389.58565343,0.00000936,0.000000000333526752,6499557,2019-01-25 15:51:35,btc,2.0092503037378524,0.0,0.00000936,btc,160195.80207885,0.19272417,1.242687955921835,211
1,[],7,[],2019-03-10 18:23:06,2899422.79821853,0.000001030000000000000091033409109486651544784763245843350887298583984375,0.00000000004022541400000001,6896716,2019-03-10 18:23:06,btc,15476653.33751193,528775.276362,0.000001030000000000000091033409109486651544784763245843350887298583984375,btc,13355970.89634235,0.0,1.3544720006724205,212
1,[],5,[],2019-03-10 18:23:08,0.0,0,0,6896717,2019-03-10 18:23:08,btc,0.0,0.32870567,0,btc,0.0,0.0,0.0,213
1,[],24,[],2019-03-10 18:23:09,0.0,0.000000120000,0.000000000004686456,6896718,2019-03-10 18:23:09,btc,0.0,0.0,0.000000120000,btc,0.0,0.0,0.0,213
1,[],26,[],2019-03-10 18:23:09,0.0,0.00000010,0.0000000000039053800000000005,6896719,2019-03-10 18:23:09,btc,0.0,0.0,0.00000010,btc,0.0,0.0,0.0,213
1,[],12,[],2019-01-25 02:44:32,207462.42853209,0.000001080000000000000035831255497387193287295303889550268650054931640625,0.000000000038610756000000006,6493050,2019-01-25 02:44:32,btc,85023.03793723314,0.0,0.000001080000000000000035831255497387193287295303889550268650054931640625,btc,43675.73520027,0.000146250909087,0.0348620860622024,213
1,[],22,[],2019-03-10 18:23:13,65000.0,0.00000002,0.0000000000007810760000000001,6896720,2019-03-10 18:23:13,BTC,2.28062382,0.0,0.00000002,BTC,675757.3963726171,0.0,0.00105,216
1,[],27,[],2019-03-10 18:23:15,1298122.0,0.00000003,0.000000000001171614,6896721,2019-03-10 18:23:15,btc,317.9840526547724,10.0,0.00000003,"btc,ltc",240753.990324,8e-07,0.03375764000026058,216
1,[],22,[],2019-03-10 18:23:19,166400.0481927711,0.00000167,0.000000000065219846,6896722,2019-03-10 18:23:19,BTC,12673.62283252,0.0,0.00000167,BTC,429965.30937752256,0.02587614,0.17573273,217
1,[],7,[],2019-03-10 18:23:22,0.0,0,0,6896723,2019-03-10 18:23:22,btc,77971.86473761009,1000.0,0,btc,136014037.11822966,1e-05,0.0,219
0,[],27,[],2019-03-10 18:23:24,0.0,0,0,6896724,2019-03-10 18:23:24,,0.0404796,0.0,0,btc,2057905.0,0.0,0.0,219
0.0000000000000051,[],28,[],2019-03-10 18:23:33,168493275.591,8.925e-18,3.48555165e-22,6896725,2019-03-10 18:23:33,doge,85122.4333648375,14516.962,0.00175000,"btc,doge",3763918.34751,0.0,1.631601065422737e-11,219
1,[],22,[],2019-03-10 18:23:38,438339.0,0.00000007,0.000000000002733766,6896726,2019-03-10 18:23:38,BTC,18.06879181,0.0,0.00000007,BTC,96552.24541875876,0.00061694,0.02057961,221
1,[],24,[],2019-03-10 18:23:38,0.0,0.000000200000,0.000000000007810760000000001,6896727,2019-03-10 18:23:38,btc,0.0,0.0,0.000000200000,btc,0.0,0.0,0.0,221
1,[],20,[],2019-03-10 18:23:41,40734944.429,0.000000002,0.0000000000000781076,6896728,2019-03-10 18:23:41,btc,48.4442602981303,876385.0963,0.000000002,btc,16017729.9079,0.0017527701926,0.0423645593327,224
0,[],22,[],2019-03-10 18:23:44,0.0,0,0,6896729,2019-03-10 18:23:44,,0.0,0.0,0,,0.0,0.0,0.0,224
1,[],26,[],2019-03-10 18:23:44,0.0,0.00000035,0.000000000013668830000000001,6896730,2019-03-10 18:23:44,btc,0.0,0.0,0.00000035,btc,0.0,0.0,0.0,231
1,[],26,[],2019-03-10 18:23:44,0.0,0.00000005,0.0000000000019526900000000002,6896731,2019-03-10 18:23:44,btc,0.0,100.0,0.00000005,btc,0.0,0.0,0.0,234
0.00000000034592869999999996,[],27,[],2019-03-10 18:23:47,2000.0,3.459287e-18,1.350983026406e-22,6896732,2019-03-10 18:23:47,eth,0.01134836604,0.0,0.00000001,"btc,eth",11462.996,0.0,6.918574e-15,234
1,[],4,[],2019-03-10 18:23:48,764127.11188632,0.00000071,0.000000000027728198,6896733,2019-03-10 18:23:48,btc,4.397834546598616,0.0,0.00000071,btc,1234581.00638091,0.04079347,0.1870617731687362,236
1,[],24,[],2019-03-10 18:23:49,0.0,0.000000500000,0.0000000000195269,6896734,2019-03-10 18:23:49,btc,0.0,0.0,0.000000500000,btc,0.0,0.0,0.0,236
1,[],20,[],2019-03-10 18:23:51,198162585.0918,0.000000054,0.0000000000021089052000000002,6896735,2019-03-10 18:23:51,btc,13.4417898192239,24080635.9986,0.000000054,btc,36682463.9856,1.3332140236003,0.2736308997873,237
0.0000000001447689,[],22,[],2019-03-10 18:23:54,751594.9,2.4610713e-17,9.611418633594e-22,6896736,2019-03-10 18:23:54,LTC,0.0405823,0.0,0.00000017,LTC,3164.0,0.0,0.12541949,237
1,[],4,[],2019-03-10 18:23:56,8735490.56226499,0.00000034,0.000000000013278292000000001,6896737,2019-03-10 18:23:56,btc,9.643266232225114,0.0,0.00000034,btc,11863580.05167919,0.77827262,2.210261361830131,238
1,[],5,[],2019-03-10 18:23:57,0.0,0,0,6896738,2019-03-10 18:23:57,btc,0.0,0.01114185,0,btc,0.0,0.0,0.0,238
0,[],22,[],2019-03-10 18:24:01,0.0,0,0,6896739,2019-03-10 18:24:01,,0.40415746,0.0,0,,526736.5639027493,0.0,0.0,249
0.0000000001447689,[],22,[],2019-03-10 18:24:05,49087200.666666664,5.790756e-18,2.261510266728e-22,6896740,2019-03-10 18:24:05,LTC,0.90188236,0.0,0.00000004,LTC,17061399.253636364,0.0,1.18162413,252
1,[],28,[],2019-03-10 18:24:11,2789501.713,0.00000037,0.000000000014449906000000001,6896741,2019-03-10 18:24:11,btc,164793.1271892888,20705.5,0.00000037,btc,3222555.8177,0.0,0.57357034182,256
1,[],22,[],2019-03-10 18:24:15,1370473.8333333333,0.00000004,0.0000000000015621520000000001,6896742,2019-03-10 18:24:15,BTC,31.45910885,0.0,0.00000004,BTC,705204.3235644724,0.0001253,0.02036077,258
1,[],22,[],2019-03-10 18:24:18,47146.0,0.00000001,0.00000000000039053800000000003,6896743,2019-03-10 18:24:18,BTC,2.415167,0.0,0.00000001,BTC,157.0,1.605e-05,0.00047146,259
1,[],5,[],2019-03-10 18:24:20,0.0,0,0,6896744,2019-03-10 18:24:20,btc,0.0,0.01300233,0,btc,0.0,0.0,0.0,264
1,[],20,[],2019-03-10 18:24:22,1216519.9839,0.0000017,0.00000000006639146,6896745,2019-03-10 18:24:22,btc,7.4644758110442,1029.4552,0.0000017,btc,105146.7335,0.0019868614332,0.0172355972523,264
0,[],22,[],2019-03-10 18:24:25,0.0,0,0,6896746,2019-03-10 18:24:25,,8.75643939,0.0,0,,466495.2241309945,0.0,0.0,271
0,[],22,[],2019-03-10 18:24:27,0.0,0,0,6896747,2019-03-10 18:24:27,,266.36893303,0.0,0,,13949488766.692,0.0,0.0,272
0.0000000000000051,[],28,[],2019-03-10 18:24:33,219865356712.905,5.151e-21,2.011661238e-25,6896748,2019-03-10 18:24:33,doge,39484792.523476,13288452141.8214,0.00000101,doge,208006385813.46988,0.0,6.160934894443215e-10,272
1,[],22,[],2019-03-10 18:24:38,143096.74,0.00000034,0.000000000013278292000000001,6896749,2019-03-10 18:24:38,BTC,177.40780727,0.0,0.00000034,"BTC,LTC",30567.405119091924,0.01689624,0.04601762,281
1,[],22,[],2019-03-10 18:24:42,864193.0,0.00000004,0.0000000000015621520000000001,6896750,2019-03-10 18:24:42,BTC,1.34822861,0.0,0.00000004,BTC,297822.08014012896,0.0002667,0.02567175,286
0,[],22,[],2019-03-10 18:24:45,0.0,0,0,6896751,2019-03-10 18:24:45,,43638.82491513,0.0,0,,700126356.0,0.0,0.0,294
