pairValue,buyBook,exchangeId,sellBook,updated,buyTotal,satoshiPrice,usdPrice,exchangeLogId,created,bestPair,sellTotalBtc,volume,pairPrice,activePairs,sellTotal,volumeBtc,buyTotalBtc,coinId
1,[],3,[],2019-06-29 22:54:07,32164.887223970625,0.008109999999999999154010055235630716197192668914794921875,0.000000980660389,7779603,2019-06-29 22:54:07,btc,9.34211792646409,80.9103707047,0.008109999999999999154010055235630716197192668914794921875,btc,32.09989851602,0.0,0.25552691370986863,1
1,[],4,[],2019-06-29 22:54:08,208163.76544095,0.00826548,0.000000999461015052,7779604,2019-06-29 22:54:08,btc,8.95627717968299,0.0,0.00826548,btc,418.31678725,4.11509741,3.5170127823981123,1
1,[],5,[],2019-06-29 22:54:11,0.0,0,0,7779605,2019-06-29 22:54:11,btc,0.0,0.01354944,0,btc,0.0,0.0,0.0,1
1,[],10,[],2019-06-29 22:54:13,245987.13680573,0.00325,0.00000039298967499999996,7779606,2019-06-29 22:54:13,btc,6526.03671395606,1876.42097725,0.00325,btc,1920.85752772,0.0,1.4737941292359242,1
1,[],12,[],2019-06-29 22:54:16,94.42308148000001,0.008250000000000000388578058618804789148271083831787109375,0.000000997589175,7779607,2019-06-29 22:54:16,btc,0.6648622932567,0.0,0.008250000000000000388578058618804789148271083831787109375,btc,29.848805849999998,1.552265129182,0.12451249768150001,1
1,[],20,[],2019-06-29 22:54:18,928.6969,0.00812002,0.000000981872006398,7779608,2019-06-29 22:54:18,btc,0.1499732539491,0.7988,0.00812002,btc,11.2658,0.0080526714159,0.1302624238372,1
1,[],21,[],2019-06-29 22:54:19,2425.90230477,0.008286860000000000059383609141,0.000001002046282514000010057581745,7779609,2019-06-29 22:54:19,btc,10.70607837888128,2705.51163194,0.008286860000000000059383609141150373034179210662841796875,"btc,eth",1797.23565236,20.40613967619695,14.278952933316951,1
1,[],22,[],2019-06-29 22:54:23,0.0469,0.00850000,0.000001027819150000000002950916772,7779610,2019-06-29 22:54:23,BTC,0.01666796,0.0,0.00850000,BTC,0.25318100557485945,0.0,0.00025139,1
1,[],24,[],2019-06-29 22:54:24,0.0,0.000000000000,0,7779611,2019-06-29 22:54:24,btc,0.0,0.0,0.000000000000,btc,0.0,0.0,0.0,1
0.0,[],25,[],2019-06-29 22:54:25,0.0,0,0,7779612,2019-06-29 22:54:25,btc,23.084499999067663,17603.77010336,0.0,btc,2668.52457125,141.38,0.0,1
1,[],26,[],2019-06-29 22:54:27,0.0,0,0,7779613,2019-06-29 22:54:27,,0.0,0.0,0,,0.0,0.0,0.0,1
1,[],28,[],2019-06-29 22:54:35,1039.924,0.00730000,0.0000008827152700000001,7779614,2019-06-29 22:54:35,btc,0.374000830075,120564.7,0.00730000,btc,23.7132,0.0,0.268011296,1
0,[],2,[],2019-01-20 23:28:45,0.0,0,0,6477011,2019-01-20 23:28:45,,0.0,0.0,0,,0.0,0.0,0.0,1
1,[],5,[],2019-06-17 14:29:02,0.0,0,0,7740076,2019-06-17 14:29:02,btc,0.0,2.72e-05,0,btc,0.0,0.0,0.0,2
1,[],22,[],2019-06-17 14:29:06,11550.3,0.0000002,0.0000000000185828,7740077,2019-06-17 14:29:06,BTC,21.00897301,0.0,0.0000002,"BTC,XMR",20678.87287795317,1.754e-05,0.00143681,2
1,[],5,[],2019-06-03 14:48:58,0.0,0,0,7731126,2019-06-03 14:48:58,btc,0.0,0.05905545,0,btc,0.0,0.0,0.0,3
1,[],12,[],2019-06-03 14:48:59,3468623.70302,0.000000116,0.000000000009823402000000002,7731127,2019-06-03 14:48:59,btc,169531.0336573751,0.0,0.000000116,btc,2361209.62379607,0.041350953071,0.33764769154428,3
0,[],28,[],2019-06-03 14:49:00,0.0,0,0,7731128,2019-06-03 14:49:00,,0.0,0.0,0,,0.0,0.0,0.0,3
0,[],2,[],2019-01-20 23:31:32,0.0,0,0,6477077,2019-01-20 23:31:32,,0.0,0.0,0,,0.0,0.0,0.0,4
1,[],4,[],2019-05-18 21:29:50,562734.9206932,0.00000010,0.000000000007298720000000001,7650946,2019-05-18 21:29:50,btc,41.9347137769675,0.0,0.00000010,btc,1123702.32192634,0.00052462,0.029254593370966,4
0,[],12,[],2019-06-02 05:03:43,0.0,0,0,7724919,2019-06-02 05:03:43,btc,625.901992874995,0.0,0,btc,1211362.4995005,0.0,0.0,5
1,[],11,[],2019-06-29 22:54:37,8347161.276736,0.00000001,0.000000000001209199,7779615,2019-06-29 22:54:37,btc,9583.568048478912,820685.0,0.00000001,btc,76378159.65670685,0.0,0.08347161276736001,6
0,[],2,[],2019-01-20 23:31:51,0.0,0,0,6477087,2019-01-20 23:31:51,,0.0,0.0,0,,0.0,0.0,0.0,6
1,[],3,[],2019-06-29 22:54:38,11639.691294655666,0.000054129999999999998429311975911559784435667097568511962890625,0.000000006545394187,7779616,2019-06-29 22:54:38,btc,2028.018877505337,627.29874475,0.000054129999999999998429311975911559784435667097568511962890625,btc,443.855128793096,0.0,0.016533254650097563,7
1,[],4,[],2019-06-29 22:54:39,329952.63585188,0.00007109,0.000000008596195691,7779617,2019-06-29 22:54:39,btc,7.102874110623104,0.0,0.00007109,btc,49614.31608698,2.2366421,1.9954835439651077,7
1,[],5,[],2019-06-29 22:54:40,0.0,0,0,7779618,2019-06-29 22:54:40,btc,0.0,0.64117223,0,btc,0.0,0.0,0.0,7
1,[],20,[],2019-04-07 22:06:50,3201475.0482,0.000000001,0.000000000000051590000000000004,7213932,2019-04-07 22:06:50,btc,30.8005781811902,0.0,0.000000001,btc,23077405.3926,0.0,0.0032014750482,8
1,[],4,[],2019-06-29 22:54:43,1898157.33755383,0.00000039,0.000000000047158761,7779619,2019-06-29 22:54:43,btc,2.871397663402644,0.0,0.00000039,btc,3239162.40487271,0.31580096,0.3205677673752744,9
1,[],28,[],2019-06-29 22:54:59,20043.809,0.00000042,0.000000000050786358,7779620,2019-06-29 22:54:59,btc,2708.78097507865,118320.0,0.00000042,btc,34185.954,0.0,0.00270157978,9
0,[],2,[],2019-01-20 23:22:42,0.0,0,0,6476876,2019-01-20 23:22:42,,0.0,0.0,0,,0.0,0.0,0.0,9
0,[],23,[],2019-01-20 23:22:48,0.0,0,0,6476878,2019-01-20 23:22:48,,0.0,0.0,0,,0.0,0.0,0.0,9
1,[],1,[],2019-02-17 23:31:42,1822507.21,0.00000181000000000000003456111265232042484285557293333113193511962890625,0.000000000066086901,6701244,2019-02-17 23:31:42,btc,3.6990969245,17153386.5,0.00000181000000000000003456111265232042484285557293333113193511962890625,btc,1997391.71,31.11772986,3.2610482446,9
1,[],4,[],2019-02-17 11:22:43,4341674.27126056,0.00000002,0.0000000000007272960000000001,6696112,2019-02-17 11:22:43,btc,0.1997230937751353,0.0,0.00000002,btc,4109766.79808031,0.00215132,0.0479381022052112,10
1,[],4,[],2019-06-29 22:55:00,27536237.09391169,0.00000029,0.000000000035066771,7779621,2019-06-29 22:55:00,btc,7.630982273281314,0.0,0.00000029,btc,8606777.32959502,0.13312697,1.2014672103420945,12
1,[],5,[],2019-06-29 22:55:01,0.0,0,0,7779622,2019-06-29 22:55:01,btc,0.0,0.00460303,0,btc,0.0,0.0,0.0,12
0.0,[],25,[],2019-06-29 22:55:03,0.0,0,0,7779623,2019-06-29 22:55:03,,0.0,0.0,0.0,btc,0.0,0.0,0.0,12
0,[],2,[],2019-01-20 23:23:08,0.0,0,0,6476890,2019-01-20 23:23:08,,0.0,0.0,0,,0.0,0.0,0.0,12
1,[],4,[],2019-06-29 22:55:04,551714.22672618,0.00000237,0.000000000286580163,7779624,2019-06-29 22:55:04,btc,1.8976525231802386,0.0,0.00000237,btc,355378.41179913,0.17766956,0.2695911818556509,13
1,[],21,[],2019-06-29 22:55:08,7265840.08700292,0.000002349999999999999946597621994,0.000000000284161765,7779625,2019-06-29 22:55:08,btc,3.427526593944032,638226.50278218,0.00000234999999999999994659762199422647910296291229315102100372314453125,btc,1068525.59233183,1.52055486,3.163702256796688,13
1,[],10,[],2019-06-29 20:00:54,578152.15824348,0.00000229,0.00000000027421994300000004,7779389,2019-06-29 20:00:54,btc,666797.6426088316,52519.100236,0.00000229,btc,871862.26041267,0.0,0.1806277202142017,13
1,[],4,[],2019-06-29 22:55:09,1125107.66925867,0.00000039,0.000000000047158761,7779626,2019-06-29 22:55:09,btc,3.038414144402257,0.0,0.00000039,btc,773708.41220235,0.0047085,0.1041195426303101,14
1,[],12,[],2019-06-29 22:55:10,216544.30641819,0.00000045,0.000000000054413955,7779627,2019-06-29 22:55:10,btc,193.4807296393297,0.0,0.00000045,btc,40726.05643647,8.5235764e-05,0.0124144299999903,14
1,[],26,[],2019-06-29 22:57:11,0.0,0.00000050,0.00000000006045995,7779628,2019-06-29 22:57:11,btc,0.0,0.0,0.00000050,btc,0.0,0.0,0.0,14
0,[],17,[],2019-05-03 00:53:32,0.0,0,0,7558876,2019-05-03 00:53:32,btc,0.0,0.0,0,btc,0.0,0.0,0.0,14
0,[],4,[],2019-06-29 22:57:12,0.0,0,0,7779629,2019-06-29 22:57:12,,0.0,0.0,0,,0.0,0.0,0.0,15
,[],12,[],2018-12-01 15:15:48,204241.84496,0.00000489,0.000000000202473384,5260204,2018-12-01 15:15:48,btc,49.5475654835,0.0,,btc,35763.2193806,0.0163153972027625,0.0203389899998,15
1,[],4,[],2019-06-29 22:57:14,29272.29572678,0.00000800,0.0000000009673592,7779630,2019-06-29 22:57:14,btc,2.3629660270887825,0.0,0.00000800,btc,16649.77140114,0.01235372,0.0245779945012248,18
1,[],10,[],2019-06-29 22:57:16,400093.18253685,0.000008,0.0000000009673592,7779631,2019-06-29 22:57:16,btc,15.130879790138795,3972.78942324,0.000008,btc,19109.68739062,0.0,0.2962262630329063,18
1,[],12,[],2019-06-29 22:57:17,2113.21252788,0.0000079699999999999999252160709506398461599019356071949005126953125,0.000000000963731603,7779632,2019-06-29 22:57:17,btc,0.529531735047457,0.0,0.0000079699999999999999252160709506398461599019356071949005126953125,btc,1931.30079621,0.000152281208,0.0040502142849994,18
0,[],2,[],2019-01-20 23:23:38,0.0,0,0,6476906,2019-01-20 23:23:38,,0.0,0.0,0,,0.0,0.0,0.0,18
0,[],17,[],2019-05-03 00:53:39,0.0,0,0,7558882,2019-05-03 00:53:39,btc,0.0,0.0,0,btc,0.0,0.0,0.0,18
1,[],3,[],2019-06-29 22:59:18,158585.86626547,0.000007920000000000000403934698189889473951552645303308963775634765625,0.000000000957685608,7779633,2019-06-29 22:59:18,btc,190.30489688494717,16053.1297018,0.000007920000000000000403934698189889473951552645303308963775634765625,btc,17703.861751420634,0.0,0.1009955670992051,19
1,[],4,[],2019-06-29 22:59:19,333734.52302018,0.00000604,0.000000000730356196,7779634,2019-06-29 22:59:19,btc,3.5742138812744844,0.0,0.00000604,btc,250453.36845573,0.97210956,1.302063827709543,19
1,[],5,[],2019-06-29 22:59:20,0.0,0,0,7779635,2019-06-29 22:59:20,btc,0.0,0.0,0,btc,0.0,0.0,0.0,19
1,[],12,[],2019-06-29 22:59:23,107065.24487182,0.0000060599999999999995775427918953681682978640310466289520263671875,0.000000000732774594,7779636,2019-06-29 22:59:23,btc,1.2068257135930713,0.0,0.0000060599999999999995775427918953681682978640310466289520263671875,btc,3008.56634116,0.0,0.0098925199996409,19
0,[],27,[],2019-06-29 22:59:29,0.0,0,0,7779637,2019-06-29 22:59:29,,0.0,0.0,0,btc,0.0,0.0,0.0,19
0,[],2,[],2019-01-20 23:24:19,0.0,0,0,6476924,2019-01-20 23:24:19,,0.0,0.0,0,,0.0,0.0,0.0,19
1,[],4,[],2019-06-29 22:59:30,9961191.09278478,0.00000005,0.000000000006045995,7779638,2019-06-29 22:59:30,btc,5.160614082205169,0.0,0.00000005,btc,2226103.13343337,0.0,0.1113794166205056,20
0,[],4,[],2019-06-29 22:59:31,0.0,0,0,7779639,2019-06-29 22:59:31,,13838.769350559238,0.0,0,,166003796.6737067,0.0,0.0,21
0,[],12,[],2019-06-29 22:59:33,0.0,0,0,7779640,2019-06-29 22:59:33,btc,2602.9606819474625,0.0,0,btc,10311973.54445551,9.99e-09,0.0,21
0,[],17,[],2019-05-03 00:53:51,0.0,0,0,7558891,2019-05-03 00:53:51,btc,0.0,0.0,0,btc,0.0,0.0,0.0,21
1,[],12,[],2019-06-29 23:01:34,6547689204.281567,0.0000000006,0.00000000000007255194,7779641,2019-06-29 23:01:34,btc,1426620315263.583,0.0,0.0000000006,btc,2705099612.1599736,0.216215541833,2.104753956095683,23
0.0000000002606175,[],27,[],2019-06-29 23:01:40,60997766.26943032,7.818525000000001e-17,9.454152611475001e-21,7779642,2019-06-29 23:01:40,eth,1116.2951152543117,40423477.76823188,0.0000003,eth,3650465.02788612,3.1605197150562754e-09,4.743033064358002e-10,23
1,[],4,[],2019-06-22 05:45:29,6100414.07522138,0.00000017,0.00000000001823352,7751732,2019-06-22 05:45:29,btc,10.22685272773715,0.0,0.00000017,btc,1790815.48208265,0.0,0.1345450262400025,24
0,[],22,[],2019-06-22 05:45:31,0.0,0,0,7751733,2019-06-22 05:45:31,,6.22e-05,0.0,0,,517.4264705882352,0.0,0.0,24
0.0,[],25,[],2019-06-22 05:45:32,0.0,0,0,7751734,2019-06-22 05:45:32,,0.0,0.0,0.0,btc,0.0,0.0,0.0,24
1,[],4,[],2019-06-29 23:01:41,26956268.68753319,0.00000335,0.000000000405081665,7779643,2019-06-29 23:01:41,btc,7.081690895192702,0.0,0.00000335,btc,199774.54021125,0.06178381,0.3871581980996837,26
1,[],10,[],2019-06-29 23:01:44,128735.73618385,0.00000459,0.000000000555022341,7779644,2019-06-29 23:01:44,btc,25.131763611580542,4259.31702518,0.00000459,btc,19877.51136119,0.0,0.0476185234105631,26
0,[],2,[],2019-01-20 23:25:56,0.0,0,0,6476976,2019-01-20 23:25:56,,0.0,0.0,0,,0.0,0.0,0.0,26
1,[],5,[],2019-04-26 09:47:06,0.0,0,0,7465326,2019-04-26 09:47:06,btc,0.0,0.0,0,btc,0.0,0.0,0.0,27
1,[],3,[],2019-06-17 14:30:26,13571825.64059417,0.00000001,0.00000000000092914,7740112,2019-06-17 14:30:26,btc,3.485049956644059,4264730.43754,0.00000001,btc,23500048.28518193,0.0,0.1357182564059417,27
1,[],11,[],2019-06-17 14:30:28,2031833.58157834,0.00000001,0.00000000000092914,7740113,2019-06-17 14:30:28,btc,67502.92060589766,32677.9652116,0.00000001,btc,6487362.95640949,0.0,0.0203183358157834,27
0.0000000001112723,[],4,[],2019-06-29 23:01:45,419644992.2541223,9.4581455e-17,1.14367800804545e-20,7779645,2019-06-29 23:01:45,ltc,10.455051515633725,0.0,0.00000085,ltc,617943409.3850893,0.14022282,1.1311750801874898e-08,29
1,[],7,[],2019-06-29 23:01:46,577674.98015903,0.00000001,0.000000000001209199,7779646,2019-06-29 23:01:46,btc,46548272.43337533,4511325.85613,0.00000001,btc,47385921.3351779,0.04511326,0.0057767498015903,29
1,[],4,[],2019-06-29 23:01:47,15247247.18640204,0.00000004,0.000000000004836796,7779647,2019-06-29 23:01:47,btc,2.5757306845267913,0.0,0.00000004,btc,2263912.01112021,0.00045297,0.1669783403867238,30
0,[],17,[],2019-05-03 01:11:25,0.0,0,0,7559066,2019-05-03 01:11:25,btc,0.0,0.0,0,btc,0.0,0.0,0.0,30
1,[],4,[],2019-06-29 23:03:48,223294.14855642,0.00002672,0.000000003230979728,7779648,2019-06-29 23:03:48,btc,3.193240047345278,0.0,0.00002672,btc,51820.95030088,0.12572455,0.346908114178144,31
1,[],21,[],2019-06-29 23:03:49,699679.15862525,0.00002822000000000000086174990754,0.0000000034123595780000003,7779649,2019-06-29 23:03:49,btc,6.899694242336962,84237.87802708,0.00002822000000000000086174990754361857625553966499865055084228515625,btc,173176.60137346,2.44352606,2.7430898102218735,31
0,[],2,[],2019-01-20 23:28:43,0.0,0,0,6477009,2019-01-20 23:28:43,,0.0,0.0,0,,0.0,0.0,0.0,32
0,[],4,[],2019-06-29 23:03:50,0.0,0,0,7779650,2019-06-29 23:03:50,,0.0,0.0,0,,0.0,0.0,0.0,33
1,[],12,[],2019-03-30 07:55:10,40641173.964,0.00000003,0.000000000001228359,7108785,2019-03-30 07:55:10,btc,4233210.82356125,0.0,0.00000003,btc,28378394.68333462,0.0126927883965248,0.90752895892,33
0.0000000001112723,[],4,[],2019-06-29 23:03:53,147853859.24046242,6.119976500000001e-17,7.400269463823501e-21,7779651,2019-06-29 23:03:53,ltc,4.52414539994077,0.0,0.00000055,ltc,166278418.0808464,0.00010079,6.406611673865899e-10,34
1,[],5,[],2019-06-29 23:03:55,0.0,0,0,7779652,2019-06-29 23:03:55,btc,0.0,0.0,0,btc,0.0,0.0,0.0,34
0.0000000002926451,[],17,[],2019-05-02 18:17:47,200000.0,2.9264510000000002e-18,1.596703856561e-22,7556430,2019-05-02 18:17:47,eth,0.20942468735267253,0.0,0.00000001,"btc,eth",1018272.20243647,0.0,5.852902e-13,36
0.0000000001311821,[],4,[],2019-05-31 13:28:19,2417517744.0607657,1.311821e-18,1.105058333085e-22,7717483,2019-05-31 13:28:19,ltc,5.019900492391546e-08,0.0,0.00000001,ltc,7102398142.262129,0.0,3.171350544531538e-09,36
1,[],5,[],2019-05-31 13:28:21,0.0,0,0,7717484,2019-05-31 13:28:21,btc,0.0,0.0,0,btc,0.0,0.0,0.0,36
0.0000000003108179,[],27,[],2019-05-31 13:30:34,10388811.226876,6.216358000000001e-18,5.236566733830001e-22,7717485,2019-05-31 13:30:34,eth,1569.8708019850988,761866.634299,0.00000002,"ltc,eth",5084024.2511555,4.736034912207001e-12,3.3251980286483705e-11,36
1,[],4,[],2019-06-25 10:05:55,10747826.61931615,0.00000014,0.000000000015920562,7762320,2019-06-25 10:05:55,btc,19773.05513423956,0.0,0.00000014,btc,682946.14349671,0.0006293,0.1362851255028938,37
1,[],12,[],2019-06-25 10:05:57,4167862.54235103,0.00000013,0.000000000014783379,7762321,2019-06-25 10:05:57,btc,7.381091518261743,0.0,0.00000013,btc,1713444.53926904,0.016313049979,0.1478110147956336,37
1,[],27,[],2019-06-25 10:08:02,10970.0,0.00000019,0.000000000021606477,7762322,2019-06-25 10:08:02,btc,22.62970013895233,0.0,0.00000019,btc,4298.824295,0.0,0.00167419,37
1,[],17,[],2019-05-03 01:11:36,211752.74075282,0.00000025,0.000000000013700074999999998,7559074,2019-05-03 01:11:36,btc,0.055484923955058496,0.0,0.00000025,"btc,eth",1387.19918473,0.0,0.0005381851887916605,37
1,[],5,[],2019-06-29 23:03:57,0.0,0,0,7779653,2019-06-29 23:03:57,btc,0.0,0.20375742,0,btc,0.0,0.0,0.0,42
1,[],12,[],2019-06-29 23:03:59,2301140.93974951,0.00000128999999999999993103715241471451946608794969506561756134033203125,0.000000000155986671,7779654,2019-06-29 23:03:59,btc,526.3176900123246,0.0,0.00000128999999999999993103715241471451946608794969506561756134033203125,btc,145188.19113629,0.055510170839,0.0643567176922547,42
1,[],27,[],2019-06-29 23:04:07,683.0,0.00000140,0.00000000016928786,7779655,2019-06-29 23:04:07,btc,0.07600425,0.0,0.00000140,"btc,eth",18.0,0.0,0.0005422,42
1,[],12,[],2019-03-13 09:13:29,1112112.0,0.00000001,0.000000000000386531,6919902,2019-03-13 09:13:29,btc,29058.00478931866,0.0,0.00000001,btc,5967681.93306694,9.99000999e-07,0.01112112,43
1,[],5,[],2019-04-26 22:38:52,0.0,0,0,7474154,2019-04-26 22:38:52,btc,0.0,0.02638891,0,btc,0.0,0.0,0.0,43
0,[],17,[],2019-04-26 22:38:53,0.0,0,0,7474155,2019-04-26 22:38:53,btc,0.0,0.0,0,btc,0.0,0.0,0.0,43
1,[],12,[],2019-03-05 01:54:08,639326.02,0.00000004,0.000000000001486676,6845775,2019-03-05 01:54:08,btc,11116042.728239931,0.0,0.00000004,btc,1103841.4595604,0.0003330765234764,0.014975410599999999,44
0.0000000001112723,[],4,[],2019-06-29 23:04:08,110102090.22908683,6.119976500000001e-17,7.400269463823501e-21,7779656,2019-06-29 23:04:08,ltc,2762.2112542394893,0.0,0.00000055,ltc,26800030.12532352,0.0,5.304896544159246e-10,49
0.0000000001112723,[],4,[],2019-06-29 23:04:09,317450520.0493483,2.3367183e-17,2.8255574316417e-21,7779657,2019-06-29 23:04:09,ltc,28232.03216873109,0.0,0.00000021,ltc,190404815.0703015,0.0,2.046354683484048e-09,52
0,[],22,[],2019-06-29 23:04:12,0.0,0,0,7779658,2019-06-29 23:04:12,,10289.80784133,0.0,0,,287058287.4566013,0.0,0.0,57
0,[],27,[],2019-06-29 23:04:20,0.0,0,0,7779659,2019-06-29 23:04:20,,0.0,0.0,0,"btc,eth",0.0,0.0,0.0,57
0,[],4,[],2019-06-29 23:04:21,0.0,0,0,7779660,2019-06-29 23:04:21,,19.719364658696122,0.0,0,,6079732745.994692,0.0,0.0,58
0,[],12,[],2019-06-29 23:04:23,0.0,0,0,7779661,2019-06-29 23:04:23,btc,54360620.508835934,0.0,0,btc,3439299562.108848,2.931867e-06,0.0,58
0.0000000000829317,[],22,[],2019-06-29 23:06:27,126877.0,8.293170000000001e-19,1.0028092870830001e-22,7779662,2019-06-29 23:06:27,XMR,68.17454206,0.0,0.00000001,XMR,9626402.6,0.0,0.00126877,58
1,[],17,[],2019-05-03 01:12:09,1200000.0,0.0000000001,0.00000000000000548003,7559085,2019-05-03 01:12:09,btc,1e+24,0.0,0.0000000001,"btc,eth",39516342.31952568,0.0,0.00010000000058666061,58
1,[],5,[],2019-06-17 14:31:27,0.0,0,0,7740135,2019-06-17 14:31:27,btc,0.0,0.00079154,0,btc,0.0,0.0,0.0,61
1,[],22,[],2019-06-17 14:31:30,13612.833333333334,0.00000012,0.00000000001114968,7740136,2019-06-17 14:31:30,BTC,1002.29123003,0.0,0.00000012,BTC,15014.200177125656,0.0,0.00153257,61
1,[],26,[],2019-06-17 14:31:30,0.0,0.00000050,0.000000000046457,7740137,2019-06-17 14:31:30,btc,0.0,0.0,0.00000050,btc,0.0,0.0,0.0,61
1,[],27,[],2019-06-17 14:31:36,8400.0,0.00000018,0.00000000001672452,7740138,2019-06-17 14:31:36,btc,1.9742539297246655,0.0,0.00000018,"btc,eth",10953.51663696,0.0,0.001512,61
0,[],28,[],2019-06-17 14:31:38,0.0,0,0,7740139,2019-06-17 14:31:38,,0.0,0.0,0,,0.0,0.0,0.0,61
1,[],4,[],2019-06-29 22:06:13,1120184.19739086,0.00000051,0.000000000060920877,7779546,2019-06-29 22:06:13,btc,3.3121641689298347,0.0,0.00000051,btc,1204541.34855229,0.13122363,0.0472945871414391,67
0.0,[],25,[],2019-06-29 22:06:15,0.0,0,0,7779547,2019-06-29 22:06:15,,0.0,0.0,0.0,btc,0.0,0.0,0.0,67
1,[],12,[],2019-06-02 06:23:14,910048.355,0.00000006,0.000000000005154929999999999,7725270,2019-06-02 06:23:14,btc,5.167005424215783,0.0,0.00000006,btc,738530.60239759,0.003159757462,0.0187188113,71
,[],5,[],2018-11-20 23:02:39,1.5e-07,0.00000005,0.000000000002128045,4862160,2018-11-20 23:02:39,btc,2.84511358,0.0,,btc,0.00036572,0.0,0.07381892,74
1,[],5,[],2019-06-29 23:06:29,0.0,0,0,7779663,2019-06-29 23:06:29,btc,0.0,0.00265974,0,btc,0.0,0.0,0.0,75
1,[],4,[],2019-06-04 03:25:15,715281.46076168,0.00000001,0.000000000000803619,7734085,2019-06-04 03:25:15,btc,581089.6218469425,0.0,0.00000001,btc,37692563.61091116,0.0,0.0071528146076168,81
0,[],20,[],2019-01-25 09:30:31,0.0,0,0,6495923,2019-01-25 09:30:31,btc,0.0,0.0,0,btc,0.0,0.0,0.0,81
1,[],4,[],2019-06-29 23:06:29,236101.08003689,0.00006881,0.000000008320498319,7779664,2019-06-29 23:06:29,btc,59.08603412664468,0.0,0.00006881,btc,128594.90863755,0.30448967,0.2916267811600345,82
1,[],21,[],2019-06-29 23:06:30,316975.63354129,0.00006901999999999999986250581729,0.000000008345891498,7779665,2019-06-29 23:06:30,btc,4.004914996358556,4873.68409741,0.000069019999999999999862505817294078269696910865604877471923828125,btc,42495.09637337,0.33594228,3.4538269863420306,82
0,[],17,[],2019-03-25 22:42:34,0.0,0,0,7038780,2019-03-25 22:42:34,btc,0.0445064681804024,0.0,0,btc,995513.18476001,0.0,0.0,84
0.0000000001161485,[],4,[],2019-05-20 13:09:39,216715621.0206096,1.161485e-18,9.0533806701e-23,7657228,2019-05-20 13:09:39,ltc,1.6511566870244727,0.0,0.00000001,ltc,471032407.9048656,0.0,2.5171194308112273e-10,85
,[],22,[],2018-11-20 23:09:34,3408.1,0.0000001,0.0000000000041895,4862324,2018-11-20 23:09:34,BTC,0.04624735,0.0,,BTC,4990.0,0.0,0.00033081,86
1,[],22,[],2019-06-26 09:07:19,62694.0,0.00000005,0.0000000000063518149999999994,7766682,2019-06-26 09:07:19,BTC,1.85249053,0.0,0.00000005,BTC,287024.94736842107,0.0003,0.00062846,87
1,[],27,[],2019-06-26 09:07:25,361781.0,0.0000002,0.000000000025407259999999998,7766683,2019-06-26 09:07:25,btc,19.86923154858,99950.0,0.0000002,btc,548343.482,0.01999,0.01237888,87
,[],2,[],2018-11-20 23:10:47,0.0,0,0,4862359,2018-11-20 23:10:47,,0.0,0.0,,,0.0,0.0,0.0,88
1,[],11,[],2019-06-17 14:31:59,193715.3529613,0.000073310000000000001140094962881477158589405007660388946533203125,0.00000000681152534,7740147,2019-06-17 14:31:59,btc,168.35454702024953,5791.70569014,0.000073310000000000001140094962881477158589405007660388946533203125,btc,196971.41170107,0.0,1.1996165759440112,89
0,[],2,[],2019-01-20 23:31:45,0.0,0,0,6477083,2019-01-20 23:31:45,,0.0,0.0,0,,0.0,0.0,0.0,91
1,[],12,[],2019-06-29 23:06:33,397436.01717946,0.00000027,0.000000000032648373,7779666,2019-06-29 23:06:33,btc,122.14836045056347,0.0,0.00000027,btc,294609.66259660997,0.0,0.0258148129538391,91
1,[],22,[],2019-06-29 23:08:37,75900.0,0.00000001,0.000000000001209199,7779667,2019-06-29 23:08:37,BTC,0.495,0.0,0.00000001,"BTC,LTC",4.95,0.0,0.001659,91
0,[],17,[],2019-05-03 01:12:26,0.0,0,0,7559096,2019-05-03 01:12:26,btc,0.0,0.0,0,btc,0.0,0.0,0.0,91
1,[],22,[],2019-06-29 20:17:47,94060.0,0.00000002,0.000000000002394934,7779435,2019-06-29 20:17:47,BTC,11.45990384,0.0,0.00000002,"BTC,LTC",334809.4683191416,0.0,0.0662712,95
0.0000000001112723,[],4,[],2019-06-29 23:08:38,538699630.397378,2.8930798e-17,3.4983092010802e-21,7779668,2019-06-29 23:08:38,ltc,10.91655255609455,0.0,0.00000026,ltc,153793835.65605304,0.0,7.63493560215486e-10,96
0,[],12,[],2019-06-29 23:08:39,0.0,0,0,7779669,2019-06-29 23:08:39,btc,36.789789746493504,0.0,0,btc,9955405.649350641,2.007992e-06,0.0,96
0,[],17,[],2019-05-03 01:12:32,0.0,0,0,7559100,2019-05-03 01:12:32,btc,0.0,0.0,0,btc,0.0,0.0,0.0,96
1,[],4,[],2019-04-14 03:32:46,1039404.33283278,0.00000038,0.000000000019245518,7293458,2019-04-14 03:32:46,btc,4.170086055365747,0.0,0.00000038,btc,3097704.34561074,0.06260606,0.1859928211030784,99
1,[],4,[],2019-06-29 23:10:40,186589.77551467,0.00001615,0.000000001952856385,7779670,2019-06-29 23:10:40,btc,8.565104258004432,0.0,0.00001615,btc,166211.17923705,0.71366488,0.5333404849420161,100
0,[],2,[],2019-01-20 23:23:55,0.0,0,0,6476914,2019-01-20 23:23:55,,0.0,0.0,0,,0.0,0.0,0.0,100
1,[],22,[],2019-06-05 06:30:35,150000.0,0.00000002,0.000000000001558192,7740007,2019-06-05 06:30:35,BTC,28.56386409,0.0,0.00000002,BTC,12787.719,0.0,0.0017,101
1,[],4,[],2019-06-29 23:10:41,442949.22982205,0.00000148,0.000000000178961452,7779671,2019-06-29 23:10:41,btc,882.594045762611,0.0,0.00000148,btc,747249.7416662,0.01054042,0.0640220953631414,103
1,[],12,[],2019-06-17 14:32:14,179201505.10870332,0.000000005,0.00000000000046457,7740154,2019-06-17 14:32:14,btc,113577.79366343976,0.0,0.000000005,btc,79148141.67831126,0.019059029059,0.27280986350611003,105
1,[],27,[],2019-06-17 14:32:19,18306828.03496503,0.00000002,0.00000000000185828,7740155,2019-06-17 14:32:19,btc,180.7198218385489,1083.96503497,0.00000002,btc,276513.60142659,7.588e-05,0.3661365606993006,105
1,[],22,[],2019-04-21 00:17:26,21333.0,0.00000001,0.000000000000532493,7385819,2019-04-21 00:17:26,BTC,51.38182867,0.0,0.00000001,BTC,470435.0,0.0,0.00021333,107
1,[],26,[],2019-04-21 00:17:26,0.0,0.00000000,0,7385820,2019-04-21 00:17:26,btc,0.0,0.0,0.00000000,btc,0.0,0.0,0.0,107
1,[],5,[],2019-06-29 23:10:43,0.0,0,0,7779672,2019-06-29 23:10:43,btc,0.0,0.0,0,btc,0.0,0.0,0.0,112
0,[],22,[],2019-06-29 23:10:47,0.0,0,0,7779673,2019-06-29 23:10:47,,6.79500102,0.0,0,,3375892.0833333335,0.0,0.0,112
1,[],27,[],2019-06-29 23:10:55,1.0,0.00000001,0.000000000001209199,7779674,2019-06-29 23:10:55,btc,0.0,0.0,0.00000001,"btc,eth",0.0,0.0,1e-08,112
1,[],4,[],2019-06-29 23:10:56,913695.7234438,0.00000037,0.000000000044740363,7779675,2019-06-29 23:10:56,btc,6.389628155660215,0.0,0.00000037,btc,1010714.39011317,0.00456298,0.0912787345381584,113
1,[],5,[],2019-06-29 23:10:57,0.0,0,0,7779676,2019-06-29 23:10:57,btc,0.0,0.0,0,btc,0.0,0.0,0.0,113
1,[],17,[],2019-04-26 02:17:47,162738.278,0.00000004,0.0000000000021069000000000002,7461287,2019-04-26 02:17:47,btc,1.3331140273775473,0.0,0.00000004,btc,51796.221,0.0,0.00230953112,116
1,[],27,[],2019-05-22 05:13:01,210000.0,0.00000001,0.00000000000079145,7666372,2019-05-22 05:13:01,btc,3919.0005001478,0.0,0.00000001,btc,128660.871,0.0,0.0021,116
1,[],4,[],2019-05-21 22:31:11,138169.03963019,0.00000701,0.000000000558364025,7664793,2019-05-21 22:31:11,btc,150.95388250938234,0.0,0.00000701,btc,344631.17141974,0.07552974,0.4288357684941946,120
1,[],7,[],2019-05-21 22:31:12,3901.07750076,0.000010679999999999999389654892212320191902108490467071533203125,0.0000000008506887,7664794,2019-05-21 22:31:12,btc,231188.94669936574,0.0,0.000010679999999999999389654892212320191902108490467071533203125,btc,4133.83151364,0.0,0.0113888422364489,120
1,[],20,[],2019-04-07 18:42:29,1914137.0852,0.000000035,0.0000000000017871910000000002,7211992,2019-04-07 18:42:29,btc,32.2497668025648,25528.85,0.000000035,btc,1001975.4986,0.00089350975,0.0152723574729,125
1,[],22,[],2019-06-17 14:32:38,10000.0,0.00000001,0.00000000000092914,7740161,2019-06-17 14:32:38,BTC,0.032061,0.0,0.00000001,BTC,299316.7611111111,0.0,0.0001,126
1,[],4,[],2019-06-29 23:10:58,595673.19231397,0.00000333,0.000000000402663267,7779677,2019-06-29 23:10:58,btc,2.9574589829405418,0.0,0.00000333,btc,181756.04708738,0.18889292,0.576977594387401,131
0,[],2,[],2019-01-20 23:25:46,0.0,0,0,6476969,2019-01-20 23:25:46,,0.0,0.0,0,,0.0,0.0,0.0,131
1,[],17,[],2019-05-03 01:13:10,10000.0,0.00000001,0.000000000000548003,7559115,2019-05-03 01:13:10,btc,0.0953976503951408,0.0,0.00000001,btc,5037.62507334,0.0,0.0001,131
1,[],4,[],2019-06-17 14:32:42,4848.49465417,0.00007919,0.00000000735785966,7740163,2019-06-17 14:32:42,btc,0.9905723729472744,0.0,0.00007919,btc,202.13055914,0.0,0.0061509344290166,135
1,[],3,[],2019-06-05 06:33:11,40600.27748212,0.00000001,0.000000000000779096,7740019,2019-06-05 06:33:11,btc,0.2308097808993716,2146378.52189,0.00000001,btc,2477992.76904676,0.0,0.0004060027748212,136
1,[],4,[],2019-06-29 23:13:00,213392.22299387,0.00000145,0.000000000175333855,7779678,2019-06-29 23:13:00,btc,112.51591606268403,0.0,0.00000145,btc,510591.79371125,0.01444875,0.2065093454942828,137
1,[],12,[],2019-06-29 23:13:01,67905.5444641,0.000001700000000000000028950908510794182149084008415229618549346923828125,0.00000000020556383,7779679,2019-06-29 23:13:01,btc,57.97385830124785,0.0,0.000001700000000000000028950908510794182149084008415229618549346923828125,btc,81782.8079228,0.0,0.0154021799999442,137
1,[],4,[],2019-06-29 23:13:02,494020.21804671,0.00000849,0.000000001026609951,7779680,2019-06-29 23:13:02,btc,4.157661592124451,0.0,0.00000849,btc,146048.66168963,0.43652008,0.262901495355649,142
1,[],5,[],2019-06-29 23:13:04,0.0,0,0,7779681,2019-06-29 23:13:04,btc,0.0,0.00691484,0,btc,0.0,0.0,0.0,142
1,[],20,[],2019-06-29 23:15:07,177851.9027,0.000010123,0.0000000012240721477,7779682,2019-06-29 23:15:07,btc,1.6102523167003,157.4984,0.000010123,btc,10018.4532,0.0015943563032,0.0055079217647,142
1,[],22,[],2019-06-29 23:15:11,10820.0,0.00000600,0.0000000007255194,7779683,2019-06-29 23:15:11,BTC,2.99759384,0.0,0.00000600,BTC,835.7198755539798,0.0,0.0053672,142
0.0,[],25,[],2019-06-29 23:15:13,0.0,0,0,7779684,2019-06-29 23:15:13,,0.0,0.0,0.0,btc,0.0,0.0,0.0,142
1,[],28,[],2019-06-29 23:15:15,76110.0,0.00001110,0.00000000134221089,7779685,2019-06-29 23:15:15,btc,0.438587390411,4892.0,0.00001110,btc,1381.1951,0.0,0.0042182,142
1,[],17,[],2019-05-03 01:13:16,32967.38636364,0.00000088,0.000000000048224264,7559122,2019-05-03 01:13:16,btc,20.06976206696776,0.0,0.00000088,btc,2746.079105,0.0,0.0105613000000032,142
0,[],22,[],2019-06-29 23:15:18,0.0,0,0,7779686,2019-06-29 23:15:18,,1635.49920992,0.0,0,,707007055.1744589,0.0,0.0,143
0,[],22,[],2019-02-25 15:42:22,0.0,0,0,6783783,2019-02-25 15:42:22,,4.2131946,0.0,0,,2322156.0,0.0,0.0,146
,[],22,[],2018-11-20 23:01:11,0.0,0,0,4862114,2018-11-20 23:01:11,,2.56807021,0.0,,,61828.4988236,0.0,0.0,147
1,[],12,[],2019-04-21 06:38:04,193091.5971266,0.00000071,0.000000000037635183,7388679,2019-04-21 06:38:04,btc,2.301232411611175,0.0,0.00000071,btc,9957.48302385,0.00023528,0.0313308199999888,148
1,[],4,[],2019-03-19 21:31:25,255810.0415942,0.00000029,0.000000000011615747,6982695,2019-03-19 21:31:25,btc,218.94922712414143,0.0,0.00000029,btc,793529.37642722,0.00117,0.0608347789473395,152
0,[],22,[],2019-03-19 21:31:27,0.0,0,0,6982696,2019-03-19 21:31:27,,0.0,0.0,0,,0.0,0.0,0.0,152
1,[],5,[],2019-04-26 09:36:59,0.0,0,0,7465040,2019-04-26 09:36:59,btc,0.0,0.0,0,btc,0.0,0.0,0.0,153
,[],16,[],2019-01-11 15:38:59,0.0,0,0,6366141,2019-01-11 15:38:59,btc,0.0,0.0,,btc,0.0,0.0,0.0,155
0,[],23,[],2019-01-20 23:24:29,0.0,0,0,6476932,2019-01-20 23:24:29,,0.0,0.0,0,,0.0,0.0,0.0,156
0,[],22,[],2019-06-04 06:02:09,0.0,0,0,7734688,2019-06-04 06:02:09,,7.43375324,0.0,0,,5955762.942592593,0.0,0.0,156
1,[],22,[],2019-06-29 23:15:23,6996.0,0.00000001,0.000000000001209199,7779687,2019-06-29 23:15:23,BTC,1.7543039,0.0,0.00000001,BTC,57.0,0.0,6.996e-05,157
0,[],22,[],2019-05-21 23:40:32,0.0,0,0,7665049,2019-05-21 23:40:32,,50234.60468402,0.0,0,,54786159.03179465,0.0,0.0,158
,[],17,[],2018-11-20 22:56:10,0.0,0,0,4861976,2018-11-20 22:56:10,btc,1.1265625,0.0,,btc,1000.0,0.0,0.0,159
,[],20,[],2018-11-20 22:56:12,0.0,0,0,4861977,2018-11-20 22:56:12,btc,11912.7940471,0.0,,btc,34413894.3617,0.0,0.0,159
1,[],12,[],2019-05-24 02:51:20,9178.522006449999,0.00000191999999999999982841307998027158276954651228152215480804443359375,0.000000000151222656,7676256,2019-05-24 02:51:20,btc,149.80414728631675,0.0,0.00000191999999999999982841307998027158276954651228152215480804443359375,btc,1115.7451448499999,0.01783167678326,0.0120075778999181,168
1,[],17,[],2019-05-03 01:13:36,42852.0,0.00000002,0.000000000001096006,7559132,2019-05-03 01:13:36,btc,0.04279856251542,0.0,0.00000002,btc,274.46171372,0.0,0.00052852,168
1,[],22,[],2019-05-17 03:01:52,10.0,0.00000001,0.000000000000778341,7642059,2019-05-17 03:01:52,BTC,41.95893009,0.0,0.00000001,BTC,1753972.7737547632,0.0,1e-07,169
1,[],22,[],2019-05-30 08:38:18,202834.0,0.00000002,0.0000000000017416160000000001,7711049,2019-05-30 08:38:18,BTC,27.87002826,0.0,0.00000002,BTC,462189.5410507793,0.0,0.00211768,171
1,[],22,[],2019-05-29 08:05:18,349870.0,0.00000002,0.000000000001705894,7705265,2019-05-29 08:05:18,BTC,24.05907723,0.0,0.00000002,"BTC,LTC",1224285.4355616204,0.0,0.0039847,173
1,[],5,[],2019-06-29 23:15:25,0.0,0,0,7779688,2019-06-29 23:15:25,btc,0.0,0.00117233,0,btc,0.0,0.0,0.0,175
1,[],22,[],2019-06-17 14:33:12,90671.0,0.00000001,0.00000000000092914,7740175,2019-06-17 14:33:12,BTC,394.35459412,0.0,0.00000001,BTC,136275.61833431243,0.0,0.00090671,176
1,[],7,[],2019-06-29 23:15:26,0.0,0,0,7779689,2019-06-29 23:15:26,btc,521516.2326888725,0.0,0,btc,26809253.73522063,0.0,0.0,178
1,[],22,[],2019-06-29 23:15:30,30.0,0.00000001,0.000000000001209199,7779690,2019-06-29 23:15:30,BTC,1.00242428,0.0,0.00000001,BTC,57512.0,0.0,3e-07,178
0,[],2,[],2019-01-20 23:28:34,0.0,0,0,6477001,2019-01-20 23:28:34,,0.0,0.0,0,,0.0,0.0,0.0,178
1,[],5,[],2019-06-29 23:15:31,0.0,0,0,7779691,2019-06-29 23:15:31,btc,0.0,0.0,0,btc,0.0,0.0,0.0,179
0,[],22,[],2019-06-29 23:15:34,0.0,0,0,7779692,2019-06-29 23:15:34,,9.36129742,0.0,0,,14660694.311946675,0.0,0.0,179
0,[],23,[],2019-01-20 23:25:08,0.0,0,0,6476952,2019-01-20 23:25:08,,0.0,0.0,0,,0.0,0.0,0.0,179
1,[],22,[],2019-06-29 23:17:39,719251.7863636364,0.00000036,0.000000000043531164,7779693,2019-06-29 23:17:39,BTC,40.6531842,0.0,0.00000036,"BTC,LTC",205948.21440983584,0.03071419,0.57274034,180
1,[],26,[],2019-06-29 23:17:39,0.0,0.00000010,0.00000000001209199,7779694,2019-06-29 23:17:39,btc,0.0,0.0,0.00000010,btc,0.0,0.0,0.0,180
1,[],17,[],2019-05-03 01:13:56,20504.725000000002,0.0000001,0.00000000000548003,7559141,2019-05-03 01:13:56,btc,5.2010695838400265,0.0,0.0000001,btc,5033.45945,0.0,0.0011504725,180
,[],7,[],2018-11-20 22:58:01,562227.975654,0.00000085,0.000000000036176765,4862015,2018-11-20 22:58:01,btc,21836.6059674,2491.87645172,,btc,749999.041456,0.00211021,0.127565380455,183
,[],5,[],2019-01-10 08:11:41,0.0,0,0,6347036,2019-01-10 08:11:41,btc,82.15055501,0.00261,,btc,1.19002445,0.0,0.0,187
,[],17,[],2018-11-16 20:58:10,4062536.27273,0.00000001,0.000000000000550501,4708775,2018-11-16 20:58:10,btc,3.36492563466,0.195460381006,,"btc,eth",110697919.549,0.0,0.0157628953496,187
1,[],24,[],2019-05-22 21:04:52,0.0,0.000000000014,0.0000000000000010960978,7670219,2019-05-22 21:04:52,btc,0.0,0.0,0.000000000014,btc,0.0,0.0,0.0,187
0,[],22,[],2019-04-25 02:54:07,0.0,0,0,7447896,2019-04-25 02:54:07,,7.54794454,0.0,0,,76361.7243344055,0.0,0.0,191
0,[],22,[],2019-06-17 14:33:34,0.0,0,0,7740182,2019-06-17 14:33:34,,0.0,0.0,0,,0.0,0.0,0.0,197
0,[],23,[],2019-01-20 23:31:41,0.0,0,0,6477079,2019-01-20 23:31:41,,0.0,0.0,0,,0.0,0.0,0.0,199
0,[],22,[],2019-06-29 23:17:42,0.0,0,0,7779695,2019-06-29 23:17:42,,10.58263174,0.0,0,,84280969.0,0.0,0.0,199
1,[],26,[],2019-06-29 23:17:42,0.0,0.00000000,0,7779696,2019-06-29 23:17:42,btc,0.0,0.0,0.00000000,btc,0.0,0.0,0.0,199
0,[],2,[],2019-01-20 23:30:49,0.0,0,0,6477059,2019-01-20 23:30:49,,0.0,0.0,0,,0.0,0.0,0.0,201
1,[],4,[],2019-01-25 15:51:35,2084389.58565343,0.00000936,0.000000000333526752,6499557,2019-01-25 15:51:35,btc,2.0092503037378524,0.0,0.00000936,btc,160195.80207885,0.19272417,1.242687955921835,211
1,[],7,[],2019-06-29 23:17:45,1170054124.6898527,0.00000018,0.000000000021765582,7779697,2019-06-29 23:17:45,btc,1346736.2851717293,0.0,0.00000018,btc,5638363.71348161,0.0,11.954344045954047,212
1,[],12,[],2019-01-25 02:44:32,207462.42853209,0.000001080000000000000035831255497387193287295303889550268650054931640625,0.000000000038610756000000006,6493050,2019-01-25 02:44:32,btc,85023.03793723314,0.0,0.000001080000000000000035831255497387193287295303889550268650054931640625,btc,43675.73520027,0.000146250909087,0.0348620860622024,213
1,[],5,[],2019-05-30 00:07:46,0.0,0,0,7709357,2019-05-30 00:07:46,btc,0.0,0.06425239,0,btc,0.0,0.0,0.0,213
1,[],24,[],2019-05-30 00:07:46,0.0,0.000000399202,0.0000000000344859829346,7709358,2019-05-30 00:07:46,btc,0.0,0.0,0.000000399202,btc,0.0,0.0,0.0,213
1,[],26,[],2019-05-30 00:07:47,0.0,0.00000040,0.000000000034554919999999996,7709359,2019-05-30 00:07:47,btc,0.0,0.0,0.00000040,btc,0.0,0.0,0.0,213
0,[],22,[],2019-06-29 23:17:49,0.0,0,0,7779698,2019-06-29 23:17:49,,9.54523049,0.0,0,,3658586.2040649247,0.0,0.0,216
0,[],27,[],2019-06-29 23:17:56,0.0,0,0,7779699,2019-06-29 23:17:56,,1998.3391615893977,0.0,0,"btc,ltc",504200.29534794,0.0,0.0,216
1,[],22,[],2019-06-29 23:18:00,1015585.5238095238,0.00000021,0.000000000025393179,7779700,2019-06-29 23:18:00,BTC,12055.86682848,0.0,0.00000021,BTC,591501.4363606856,0.0,0.04544833,217
0,[],27,[],2019-06-29 23:18:07,0.0,0,0,7779701,2019-06-29 23:18:07,,250.21442758069674,0.0,0,btc,146772.535837,0.0,0.0,219
0.00000000000000285,[],28,[],2019-06-29 23:18:09,3312820234.054,6.435300000000001e-19,7.7815583247e-23,7779702,2019-06-29 23:18:09,doge,125846.04510800431,7317.0,0.00022580,"btc,doge",120666781.230909,0.0,2.4968523974353943e-11,219
1,[],7,[],2019-06-27 19:02:35,0.0,0,0,7772298,2019-06-27 19:02:35,btc,2123800.2774640615,0.0,0,btc,82333746.4752352,0.0,0.0,219
0,[],22,[],2019-06-26 23:36:41,0.0,0,0,7769178,2019-06-26 23:36:41,,56.75439223,0.0,0,,184664.6482738741,0.0,0.0,221
1,[],24,[],2019-06-26 23:36:41,0.0,0.000000030000,0.000000000003835668,7769179,2019-06-26 23:36:41,btc,0.0,0.0,0.000000030000,btc,0.0,0.0,0.0,221
1,[],20,[],2019-06-17 14:34:11,26882155.8301,0.000000003,0.000000000000278742,7740192,2019-06-17 14:34:11,btc,100050.81956632523,233521.3529,0.000000003,btc,38769742.8604,0.0007925640587,0.0306863532672,224
0,[],22,[],2019-06-17 14:34:13,0.0,0,0,7740193,2019-06-17 14:34:13,,0.0,0.0,0,,0.0,0.0,0.0,224
1,[],26,[],2019-06-29 23:18:10,0.0,0.00000022,0.000000000026602378,7779703,2019-06-29 23:18:10,btc,0.0,0.0,0.00000022,btc,0.0,0.0,0.0,231
1,[],26,[],2019-06-29 23:18:10,0.0,0.00000005,0.000000000006045995,7779704,2019-06-29 23:18:10,btc,0.0,0.0,0.00000005,btc,0.0,0.0,0.0,234
0.0000000002606175,[],27,[],2019-06-29 23:18:18,100.0,2.6061750000000003e-18,3.1513842038250004e-22,7779705,2019-06-29 23:18:18,eth,0.0,0.0,0.00000001,"btc,eth",0.0,0.0,2.6061750000000004e-16,234
1,[],4,[],2019-05-22 17:06:12,91780.56053785,0.00000078,0.000000000061977552,7669277,2019-05-22 17:06:12,btc,5.573372450018177,0.0,0.00000078,btc,729173.93529783,0.0,0.0307060663355679,236
1,[],24,[],2019-05-22 17:06:12,0.0,0.000000010000,0.000000000000794584,7669278,2019-05-22 17:06:12,btc,0.0,0.0,0.000000010000,btc,0.0,0.0,0.0,236
1,[],5,[],2019-06-29 23:18:20,0.0,0,0,7779706,2019-06-29 23:18:20,btc,0.0,0.40106456,0,btc,0.0,0.0,0.0,237
1,[],20,[],2019-06-29 23:18:21,119232317.588,0.000000055,0.0000000000066505945,7779707,2019-06-29 23:18:21,btc,548.67574926686,12275459.794,0.000000055,btc,47061574.1981,0.7076215365558,0.5996041466826,237
1,[],22,[],2019-06-29 23:18:25,2084614.0,0.00000004,0.000000000004836796,7779708,2019-06-29 23:18:25,BTC,1.20112178,0.0,0.00000004,"BTC,LTC",14506.148717948718,0.0,0.02587451,237
1,[],4,[],2019-06-29 23:18:26,25658470.16888535,0.00000006,0.000000000007255194,7779709,2019-06-29 23:18:26,btc,2.684851135948375,0.0,0.00000006,btc,11054842.27465673,0.04547921,0.4910362601183434,238
1,[],5,[],2019-06-29 23:18:28,0.0,0,0,7779710,2019-06-29 23:18:28,btc,0.0,0.00022805,0,btc,0.0,0.0,0.0,238
0,[],22,[],2019-03-12 16:49:32,0.0,0,0,6914458,2019-03-12 16:49:32,,0.40415746,0.0,0,,526736.5639027493,0.0,0.0,249
0,[],22,[],2019-05-28 23:53:45,0.0,0,0,7703643,2019-05-28 23:53:45,,13.44714864,0.0,0,,43777534.3426455,0.0,0.0,252
1,[],28,[],2019-06-29 23:18:30,1022083.88,0.00000005,0.000000000006045995,7779711,2019-06-29 23:18:30,btc,3.54211119758,192436.55,0.00000005,btc,4948910.9134,0.0,0.032921389,256
1,[],22,[],2019-06-29 23:18:34,522624.0,0.00000001,0.000000000001209199,7779712,2019-06-29 23:18:34,BTC,31471.48541794,0.0,0.00000001,"BTC,LTC",1165516.0289488921,6.2e-05,0.00762624,258
1,[],22,[],2019-05-19 18:12:02,400.0,0.00000001,0.0000000000007957800000000001,7653905,2019-05-19 18:12:02,BTC,2.415167,0.0,0.00000001,BTC,157.0,0.0,4e-06,259
1,[],5,[],2019-06-29 23:18:35,0.0,0,0,7779713,2019-06-29 23:18:35,btc,0.0,0.07279684,0,btc,0.0,0.0,0.0,264
1,[],20,[],2019-06-29 23:18:37,966255.077,0.000000201,0.0000000000243048999,7779714,2019-06-29 23:18:37,btc,1.15090454624,9552.6232,0.000000201,btc,65463.9039,0.0030869687268,0.0072696078343,264
0,[],22,[],2019-04-12 17:57:27,0.0,0,0,7278186,2019-04-12 17:57:27,,66.37522201,0.0,0,,677842.4169881374,0.0,0.0,271
0,[],22,[],2019-06-29 23:18:39,0.0,0,0,7779715,2019-06-29 23:18:39,,33050469.74148113,0.0,0,,14261527780.7,0.0,0.0,272
0.00000000000000285,[],28,[],2019-06-29 23:18:41,379151383769.298,4.560000000000001e-22,5.513947440000001e-26,7779716,2019-06-29 23:18:41,doge,282945200.91493136,2284234477.0,0.00000016,doge,315053114653.3654,0.0,9.83193784894692e-11,272
1,[],22,[],2019-05-23 07:12:29,219930.0,0.00000004,0.000000000003048688,7671985,2019-05-23 07:12:29,BTC,426.77835217,0.0,0.00000004,BTC,248664.3325962929,0.0,0.00739728,281
1,[],22,[],2019-06-29 23:18:46,86180.9,0.00000001,0.000000000001209199,7779717,2019-06-29 23:18:46,BTC,7.83824277,0.0,0.00000001,"BTC,LTC",1123770.2660440896,1.344169384e-14,0.00405347,286
0,[],22,[],2019-06-17 14:34:53,0.0,0,0,7740207,2019-06-17 14:34:53,,7337915.80475575,0.0,0,,2078527309.6797826,0.0,0.0,294
