pairValue,buyBook,exchangeId,sellBook,updated,buyTotal,satoshiPrice,usdPrice,exchangeLogId,created,bestPair,sellTotalBtc,volume,pairPrice,activePairs,sellTotal,volumeBtc,buyTotalBtc,coinId
1,[],3,[],2019-02-28 00:21:30,30540.667036277784,0.01264937999999999999889421786747334408573806285858154296875,0.000000482193100662,6806721,2019-02-28 00:21:30,btc,61.15452838859516,0.0,0.01264937999999999999889421786747334408573806285858154296875,btc,28.495207307609,0.0,0.3138051223537573,1
1,[],4,[],2019-02-28 00:21:31,303085.95147299,0.01279112,0.000000487596215288,6806722,2019-02-28 00:21:31,btc,9.156804563937843,0.0,0.01279112,btc,258.8791617,0.64238719,2.7843062187158965,1
1,[],5,[],2019-02-28 00:21:33,0.0,0,0,6806723,2019-02-28 00:21:33,btc,0.0,0.12654508,0,btc,0.0,0.0,0.0,1
1,[],10,[],2019-02-28 00:21:35,414605.82066794,0.01073705,0.00000040929527229499997,6806724,2019-02-28 00:21:35,btc,6521.0078789408435,1687.01539798,0.01073705,btc,993.10743114,0.0,5.236333142815618,1
1,[],12,[],2019-02-28 00:21:39,10445.52752606,0.01267000000000000070610184366159955970942974090576171875,0.000000482979133,6806725,2019-02-28 00:21:39,btc,0.5189359154304,0.0,0.01267000000000000070610184366159955970942974090576171875,btc,31.71168071,0.3548345064385,0.4620250364644,1
1,[],20,[],2019-02-28 00:21:40,1150.0464,0.01051,0.000000400640149,6806726,2019-02-28 00:21:40,btc,0.0662082325693,0.0268,0.01051,btc,3.0133,0.00033768,0.0875490456215,1
0,[],21,[],2019-02-28 00:21:42,0.0,0,0,6806727,2019-02-28 00:21:42,,0.0,2384.44334819,0,"btc,eth",0.0,26.982380691747952,0.0,1
1,[],22,[],2019-02-28 00:21:46,0.006382215384615385,0.01300000,0.0000004955587,6806728,2019-02-28 00:21:46,BTC,0.31423927,0.0,0.01300000,BTC,0.11751954901960784,0.00012994,7.978e-05,1
1,[],24,[],2019-02-28 00:21:46,0.0,0.000000000000,0,6806729,2019-02-28 00:21:46,btc,0.0,0.0,0.000000000000,btc,0.0,0.0,0.0,1
0.0,[],25,[],2019-02-28 00:21:47,0.0,0,0,6806730,2019-02-28 00:21:47,btc,29.278699998141875,3684.20500664,0.0,btc,2255.03448779,47.5185,0.0,1
1,[],26,[],2019-02-28 00:21:48,0.0,0,0,6806731,2019-02-28 00:21:48,,0.0,0.0,0,,0.0,0.0,0.0,1
1,[],28,[],2019-02-28 00:21:51,993.142,0.01323000,0.000000504326277,6806732,2019-02-28 00:21:51,btc,0.162839806,6221.0,0.01323000,btc,8.9,0.0,0.089302756,1
0,[],2,[],2019-01-20 23:28:45,0.0,0,0,6477011,2019-01-20 23:28:45,,0.0,0.0,0,,0.0,0.0,0.0,1
1,[],5,[],2019-02-28 00:21:53,0.0,0,0,6806733,2019-02-28 00:21:53,btc,0.0,0.00576663,0,btc,0.0,0.0,0.0,2
0.0000000001277651,[],22,[],2019-02-28 00:21:56,1148.0,1.4054161e-16,5.3574321190389994e-21,6806734,2019-02-28 00:21:56,XMR,21.01373823,0.0,0.00000110,XMR,14319.12581,0.0,0.00087635,2
1,[],5,[],2019-02-28 00:21:59,0.0,0,0,6806735,2019-02-28 00:21:59,btc,0.0,0.51810834,0,btc,0.0,0.0,0.0,3
1,[],12,[],2019-02-28 00:21:59,13517606.4664,0.000000175,0.0000000000066709825,6806736,2019-02-28 00:21:59,btc,924396.2419175867,0.0,0.000000175,btc,8153765.88945583,0.0418552745914274,0.7019669995532,3
0,[],28,[],2019-02-28 00:22:01,0.0,0,0,6806737,2019-02-28 00:22:01,,0.0,0.0,0,,0.0,0.0,0.0,3
0,[],2,[],2019-01-20 23:31:32,0.0,0,0,6477077,2019-01-20 23:31:32,,0.0,0.0,0,,0.0,0.0,0.0,4
1,[],4,[],2019-02-28 00:22:02,411618.65443734,0.00000033,0.000000000012579566999999999,6806738,2019-02-28 00:22:02,btc,32.00332084987005,0.0,0.00000033,btc,713718.98823302,0.00075548,0.0584717308328429,4
1,[],12,[],2019-02-22 14:50:14,1367032.5219999999,0.00000003,0.000000000001190475,6759350,2019-02-22 14:50:14,btc,11013869.583570713,0.0,0.00000003,btc,1211697.32371984,0.00024567976024,0.02065290044,5
0,[],2,[],2019-01-20 23:31:51,0.0,0,0,6477087,2019-01-20 23:31:51,,0.0,0.0,0,,0.0,0.0,0.0,6
1,[],11,[],2019-02-28 00:22:04,7097409.5,0.00000002,0.000000000000762398,6806739,2019-02-28 00:22:04,btc,9432.763145092815,235187.0,0.00000002,btc,41598830.57452957,0.0,0.099222225,6
1,[],3,[],2019-02-28 00:22:05,1085.537475048359,0.0001510600000000000072038208731584063571062870323657989501953125,0.000000005758392094,6806740,2019-02-28 00:22:05,btc,26.3363151709563,0.0,0.0001510600000000000072038208731584063571062870323657989501953125,btc,247.537822229004,0.0,0.03339742781632559,7
1,[],4,[],2019-02-28 00:22:06,102022.28229704,0.00023503,0.000000008959320097,6806741,2019-02-28 00:22:06,btc,10.828402780840984,0.0,0.00023503,btc,35636.15331139,1.81035646,6.132119106130384,7
1,[],5,[],2019-02-28 00:22:07,0.0,0,0,6806742,2019-02-28 00:22:07,btc,0.0,0.7839725,0,btc,0.0,0.0,0.0,7
1,[],20,[],2019-02-20 02:16:17,39399275.8418,0.000000001,0.0000000000000390183,6728586,2019-02-20 02:16:17,btc,116.9737569154545,525.0,0.000000001,btc,56932965.8895,5.25e-07,0.0393992758418,8
0,[],2,[],2019-01-20 23:22:42,0.0,0,0,6476876,2019-01-20 23:22:42,,0.0,0.0,0,,0.0,0.0,0.0,9
0,[],23,[],2019-01-20 23:22:48,0.0,0,0,6476878,2019-01-20 23:22:48,,0.0,0.0,0,,0.0,0.0,0.0,9
1,[],1,[],2019-02-17 23:31:42,1822507.21,0.00000181000000000000003456111265232042484285557293333113193511962890625,0.000000000066086901,6701244,2019-02-17 23:31:42,btc,3.6990969245,17153386.5,0.00000181000000000000003456111265232042484285557293333113193511962890625,btc,1997391.71,31.11772986,3.2610482446,9
1,[],4,[],2019-02-28 00:22:09,1915370.77709668,0.00000176,0.000000000067091024,6806743,2019-02-28 00:22:09,btc,7.01790690254579,0.0,0.00000176,btc,2803780.85092953,2.7292068,0.6407368094662683,9
1,[],28,[],2019-02-28 00:22:11,58847.853,0.00000181,0.000000000068997019,6806744,2019-02-28 00:22:11,btc,2708.762682539512,1246473.51,0.00000181,btc,12195.0788,0.0,0.07114681393,9
1,[],4,[],2019-02-17 11:22:43,4341674.27126056,0.00000002,0.0000000000007272960000000001,6696112,2019-02-17 11:22:43,btc,0.1997230937751353,0.0,0.00000002,btc,4109766.79808031,0.00215132,0.0479381022052112,10
0,[],2,[],2019-01-20 23:23:08,0.0,0,0,6476890,2019-01-20 23:23:08,,0.0,0.0,0,,0.0,0.0,0.0,12
1,[],4,[],2019-02-28 00:22:12,4083231.48762698,0.00000125,0.000000000047649875,6806745,2019-02-28 00:22:12,btc,9.890957264652311,0.0,0.00000125,btc,5144122.47187831,2.20908183,2.4240336338088437,12
1,[],5,[],2019-02-28 00:22:13,0.0,0,0,6806746,2019-02-28 00:22:13,btc,0.0,0.55952063,0,btc,0.0,0.0,0.0,12
0.0,[],25,[],2019-02-28 00:22:15,0.0,0,0,6806747,2019-02-28 00:22:15,,0.0,0.0,0.0,btc,0.0,0.0,0.0,12
1,[],10,[],2019-02-27 21:28:55,470609.41254853,0.00000529,0.000000000198298824,6806110,2019-02-27 21:28:55,btc,666802.5825624836,9670.1611007,0.00000529,btc,740662.96869896,0.0,0.256668586280285,13
1,[],4,[],2019-02-28 00:22:18,32962433.18937311,0.00000550,0.00000000020965944999999998,6806748,2019-02-28 00:22:18,btc,3.022286431654283,0.0,0.00000550,btc,421327.3263717,0.58054905,0.8784298282519895,13
1,[],21,[],2019-02-28 00:22:22,922963.3119679,0.000005630000000000000306391197136,0.000000000214615037,6806749,2019-02-28 00:22:22,btc,6.174222256179431,488661.63350449,0.000005630000000000000306391197135713611032770131714642047882080078125,btc,978507.85613787,2.78793228,4.886070015869538,13
0,[],17,[],2019-02-28 00:13:54,0.0,0,0,6806555,2019-02-28 00:13:54,btc,0.0,0.0,0,btc,0.0,0.0,0.0,14
1,[],4,[],2019-02-28 00:22:23,696829.31382935,0.00000127,0.000000000048412273,6806750,2019-02-28 00:22:23,btc,11.141037962127422,0.0,0.00000127,btc,899067.6578986,0.02041029,0.1430869618900166,14
1,[],12,[],2019-02-28 00:22:24,217265.91304348,0.000001120000000000000076372827333137660588135986472479999065399169921875,0.000000000042694288000000004,6806751,2019-02-28 00:22:24,btc,5.294297632059277,0.0,0.000001120000000000000076372827333137660588135986472479999065399169921875,btc,33863.19873547,0.0,0.0232142600000004,14
1,[],26,[],2019-02-28 00:22:35,0.0,0.00000050,0.00000000001905995,6806752,2019-02-28 00:22:35,btc,0.0,0.0,0.00000050,btc,0.0,0.0,0.0,14
,[],12,[],2018-12-01 15:15:48,204241.84496,0.00000489,0.000000000202473384,5260204,2018-12-01 15:15:48,btc,49.5475654835,0.0,,btc,35763.2193806,0.0163153972027625,0.0203389899998,15
0,[],4,[],2019-02-28 00:22:37,0.0,0,0,6806753,2019-02-28 00:22:37,,0.0,0.0,0,,0.0,0.0,0.0,15
0,[],17,[],2019-02-28 00:14:02,0.0,0,0,6806561,2019-02-28 00:14:02,btc,0.0,0.0,0,btc,0.0,0.0,0.0,18
0,[],2,[],2019-01-20 23:23:38,0.0,0,0,6476906,2019-01-20 23:23:38,,0.0,0.0,0,,0.0,0.0,0.0,18
1,[],4,[],2019-02-28 00:22:38,26089.46301286,0.00001803,0.000000000687301797,6806754,2019-02-28 00:22:38,btc,1.218583920396424,0.0,0.00001803,btc,8711.32347173,0.02869781,0.085429907703052,18
1,[],10,[],2019-02-28 00:22:40,782789.05974433,0.000018,0.0000000006861582,6806755,2019-02-28 00:22:40,btc,16.631510566425256,6203.59388737,0.000018,btc,14799.1934472,0.0,0.1309821155182657,18
1,[],12,[],2019-02-28 00:22:41,193876.88840263,0.00001894000000000000162050060870111423128037131391465663909912109375,0.000000000721990906,6806756,2019-02-28 00:22:41,btc,23.63066186030336,0.0,0.00001894000000000000162050060870111423128037131391465663909912109375,btc,1872.30828082,0.0003218155839886,0.0395087587241686,18
0,[],2,[],2019-01-20 23:24:19,0.0,0,0,6476924,2019-01-20 23:24:19,,0.0,0.0,0,,0.0,0.0,0.0,19
1,[],3,[],2019-02-28 00:22:53,118406.7192931374,0.000020020000000000001444573627384926339800585992634296417236328125,0.000000000763160398,6806757,2019-02-28 00:22:53,btc,0.5452047668341213,0.0,0.000020020000000000001444573627384926339800585992634296417236328125,btc,9078.168872553742,0.0,0.03196826859881744,19
1,[],4,[],2019-02-28 00:22:54,468831.57992626,0.00001990,0.00000000075858601,6806758,2019-02-28 00:22:54,btc,2.1567908897522954,0.0,0.00001990,btc,75414.8623371,0.44082194,2.3292825882802783,19
1,[],5,[],2019-02-28 00:22:55,0.0,0,0,6806759,2019-02-28 00:22:55,btc,0.0,0.00419605,0,btc,0.0,0.0,0.0,19
1,[],12,[],2019-02-28 00:22:57,135317.1803067,0.0000202199999999999995296991184279278286339831538498401641845703125,0.000000000770784378,6806760,2019-02-28 00:22:57,btc,6.897479630953719,0.0,0.0000202199999999999995296991184279278286339831538498401641845703125,btc,396.76220934,0.0009196403598136,0.10950328192576579,19
0,[],27,[],2019-02-28 00:23:00,0.0,0,0,6806761,2019-02-28 00:23:00,,0.0,0.0,0,btc,0.0,0.0,0.0,19
1,[],4,[],2019-02-28 00:23:01,2817409.12717412,0.00000013,0.000000000004955587,6806762,2019-02-28 00:23:01,btc,7.374816604530555,0.0,0.00000013,btc,2840199.57892104,0.00049398,0.0813360639981472,20
1,[],4,[],2019-02-28 00:23:02,104036087.13737024,0.00000002,0.000000000000762398,6806763,2019-02-28 00:23:02,btc,1807.0294652933148,0.0,0.00000002,btc,54972280.27639335,0.000105,1.1684621866280451,21
1,[],12,[],2019-02-28 00:23:03,18207001.0,0.00000002,0.000000000000762398,6806764,2019-02-28 00:23:03,btc,670.3733702334847,0.0,0.00000002,btc,8127598.32857329,0.0088075,0.23638026,21
0,[],17,[],2019-02-28 00:23:05,0.0,0,0,6806765,2019-02-28 00:23:05,btc,0.0,0.0,0,btc,0.0,0.0,0.0,21
1,[],12,[],2019-02-28 00:14:27,3052554250.6808996,0.0000000002,0.00000000000000762398,6806570,2019-02-28 00:14:27,btc,875865843152.3491,0.0,0.0000000002,btc,4897285978.020418,0.0328401628,0.31678212938299044,23
0.0000000003535393,[],27,[],2019-02-28 00:14:30,2000.0,3.535393e-18,1.347688276207e-22,6806571,2019-02-28 00:14:30,eth,1.3829826565934114,0.0,0.00000001,eth,2164879.85514486,0.0,7.070786e-15,23
1,[],4,[],2019-02-28 00:23:06,483898.77379822,0.00000057,0.000000000021728343,6806766,2019-02-28 00:23:06,btc,8.859093283361354,0.0,0.00000057,btc,1515253.75573735,0.00420093,0.157138066452294,24
1,[],22,[],2019-02-28 00:23:10,11.76,0.00000100,0.0000000000381199,6806767,2019-02-28 00:23:10,BTC,7.415e-05,0.0,0.00000100,BTC,23.919354838709676,0.0,1.176e-05,24
0.0,[],25,[],2019-02-28 00:23:11,0.0,0,0,6806768,2019-02-28 00:23:11,,0.0,0.0,0.0,btc,0.0,0.0,0.0,24
0,[],2,[],2019-01-20 23:25:56,0.0,0,0,6476976,2019-01-20 23:25:56,,0.0,0.0,0,,0.0,0.0,0.0,26
1,[],4,[],2019-02-28 00:23:12,28288162.98293255,0.00000650,0.00000000024777935,6806769,2019-02-28 00:23:12,btc,156.5212960445932,0.0,0.00000650,btc,264965.017472,0.21802481,0.5220565145497168,26
1,[],10,[],2019-02-28 00:23:15,694175.25406131,0.0000064,0.00000000024396735999999996,6806770,2019-02-28 00:23:15,btc,26.126940369065903,5074.13659339,0.0000064,btc,14188.3211924,0.0,0.2402411943117428,26
1,[],3,[],2019-02-28 00:23:17,6199961.70213569,0.00000001,0.000000000000381199,6806771,2019-02-28 00:23:17,btc,2.2663380247489533,1605.0,0.00000001,btc,17671163.51502257,0.0,0.061999617021356895,27
1,[],5,[],2019-02-28 00:23:20,0.0,0,0,6806772,2019-02-28 00:23:20,btc,0.0,0.0,0,btc,0.0,0.0,0.0,27
1,[],11,[],2019-02-28 00:23:21,9491944.20350207,0.00000005,0.0000000000019059949999999997,6806773,2019-02-28 00:23:21,btc,67506.40605986067,169525.403564,0.00000005,btc,8002256.57282965,0.0,0.44249750446473557,27
1,[],4,[],2019-02-28 00:23:24,1517965197.7229767,0.00000002,0.000000000000762398,6806774,2019-02-28 00:23:24,btc,6.210693922805841,0.0,0.00000002,"btc,ltc",371158841.7516265,0.56936483,12.27914413513916,29
1,[],7,[],2019-02-28 00:23:25,47476687.7215207,0.00000002,0.000000000000762398,6806775,2019-02-28 00:23:25,btc,44462590.771117434,333.66666667,0.00000002,btc,47196622.9549268,1.001e-05,0.6189312873043272,29
0,[],17,[],2019-02-27 22:16:57,0.0,0,0,6806187,2019-02-27 22:16:57,btc,0.0,0.0,0,btc,0.0,0.0,0.0,30
1,[],4,[],2019-02-28 00:23:27,1433801.45134562,0.00000027,0.000000000010292372999999999,6806776,2019-02-28 00:23:27,btc,2.3247490794603345,0.0,0.00000027,btc,1546067.47317911,0.01001227,0.095289183331837,30
1,[],4,[],2019-02-28 00:23:34,1114795.32505395,0.00005006,0.0000000019082821939999998,6806777,2019-02-28 00:23:34,btc,6.379260101936485,0.0,0.00005006,btc,77091.75058521,0.63917274,0.9760894128586433,31
1,[],21,[],2019-02-28 00:23:34,54297.47788297,0.00005115000000000000324401963625,0.000000001949832885,6806778,2019-02-28 00:23:34,btc,1.5360007674988954,66358.38934037,0.0000511500000000000032440196362504281069050193764269351959228515625,btc,27375.86849184,3.480836,1.78190319167697,31
0,[],2,[],2019-01-20 23:28:43,0.0,0,0,6477009,2019-01-20 23:28:43,,0.0,0.0,0,,0.0,0.0,0.0,32
1,[],4,[],2019-02-28 00:23:35,392030343.19762117,0.00000004,0.000000000001524796,6806779,2019-02-28 00:23:35,btc,12.347758625296008,0.0,0.00000004,"btc,ltc",215100665.91271538,0.8964368,8.994302016136826,33
1,[],12,[],2019-02-28 00:23:37,16707856.0,0.00000004,0.000000000001524796,6806780,2019-02-28 00:23:37,btc,35630550.41775719,0.0,0.00000004,btc,90513724.77328537,0.0080425719480515,0.53860597,33
1,[],4,[],2019-02-28 00:23:38,122479834.15862755,0.00000001,0.000000000000381199,6806781,2019-02-28 00:23:38,btc,4.032492861739446,0.0,0.00000001,btc,101103752.8746267,0.01461042,1.2247983415862755,34
1,[],5,[],2019-02-28 00:23:39,0.0,0,0,6806782,2019-02-28 00:23:39,btc,0.0,0.03218173,0,btc,0.0,0.0,0.0,34
1,[],5,[],2019-02-28 00:23:41,0.0,0,0,6806784,2019-02-28 00:23:41,btc,0.0,0.0,0,btc,0.0,0.0,0.0,36
0.0000000003529398,[],27,[],2019-02-28 00:23:45,1000000.0,3.529398e-18,1.345402988202e-22,6806785,2019-02-28 00:23:45,eth,222.5997971062634,0.0,0.00000001,"ltc,eth",11163566.48751039,0.0,1.187387408e-12,36
0,[],17,[],2019-02-27 23:14:42,0.0,0,0,6806391,2019-02-27 23:14:42,btc,0.07464582814713674,0.0,0,btc,4105386.20243647,0.0,0.0,36
0.00000000011826939999999999,[],4,[],2019-02-28 00:23:40,2583498397.923871,2.365388e-18,9.016835402119999e-23,6806783,2019-02-28 00:23:40,ltc,3.7029960359313906e-08,0.0,0.00000002,ltc,5463260508.008284,0.0,4.2570291305156e-09,36
1,[],4,[],2019-02-28 00:15:17,233738.52376633,0.00000062,0.000000000023634338,6806592,2019-02-28 00:15:17,btc,19772.49183199284,0.0,0.00000062,btc,559237.55312924,0.1364268,0.1012301159429458,37
1,[],12,[],2019-02-28 00:15:19,491236.63102233,0.00000063,0.000000000024015537,6806593,2019-02-28 00:15:19,btc,1345.8918804398036,0.0,0.00000063,btc,983321.97843088,0.1118551971915787,0.1284103500000017,37
1,[],17,[],2019-02-28 00:15:20,1752.74075282,0.00000025,0.000000000009529974999999998,6806594,2019-02-28 00:15:20,btc,0.055484923777095005,0.0,0.00000025,btc,1319.19918473,0.0,0.00043818518820499993,37
1,[],27,[],2019-02-28 00:15:23,14685.567,0.00000045,0.000000000017153955,6806595,2019-02-28 00:15:23,btc,25.82160393111233,0.0,0.00000045,btc,6804.86438508,0.0,0.00480032515,37
1,[],5,[],2019-02-28 00:23:46,0.0,0,0,6806786,2019-02-28 00:23:46,btc,0.0,0.03565699,0,btc,0.0,0.0,0.0,42
1,[],12,[],2019-02-28 00:23:47,254463.79936153,0.00000093,0.000000000035451506999999995,6806787,2019-02-28 00:23:47,btc,94.68702621246878,0.0,0.00000093,btc,100574.43562287,0.003153389598348,0.0599652500000007,42
0.0000000003529398,[],27,[],2019-02-28 00:23:50,2000.0,3.529398e-18,1.345402988202e-22,6806788,2019-02-28 00:23:50,eth,0.00315028,0.0,0.00000001,"btc,eth",11.007,0.0,7.058796000000001e-15,42
1,[],5,[],2019-02-28 00:23:51,0.0,0,0,6806789,2019-02-28 00:23:51,btc,0.0,0.06480184,0,btc,0.0,0.0,0.0,43
1,[],12,[],2019-02-28 00:23:52,1793295.0,0.00000001,0.000000000000381199,6806790,2019-02-28 00:23:52,btc,3569.7554861545354,0.0,0.00000001,btc,12101070.57282716,3.3e-07,0.01793295,43
0,[],17,[],2019-02-28 00:15:43,0.0,0,0,6806601,2019-02-28 00:15:43,btc,0.0,0.0,0,btc,0.0,0.0,0.0,43
1,[],12,[],2019-02-28 00:15:44,643581.0,0.00000005,0.0000000000019059949999999997,6806602,2019-02-28 00:15:44,btc,11116042.727795307,0.0,0.00000005,btc,1102349.40161834,0.0005420445254745,0.01572551,44
1,[],4,[],2019-02-28 00:23:54,290707803.15448976,0.00000002,0.000000000000762398,6806791,2019-02-28 00:23:54,btc,473.60510822076947,0.0,0.00000002,"btc,ltc",12165789.70365541,0.00433559,0.19762581466789844,49
0.00000000011826939999999999,[],4,[],2019-02-28 00:23:55,53966795.76553344,1.182694e-18,4.5084177010599995e-23,6806792,2019-02-28 00:23:55,ltc,25.475336667081045,0.0,0.00000001,ltc,10233699170.368313,0.0,6.38262055511218e-11,52
0.0000000001277651,[],22,[],2019-02-28 00:23:59,80845862.0,1.277651e-18,4.87039283549e-23,6806793,2019-02-28 00:23:59,XMR,4366.96996713,0.0,0.00000001,XMR,255350310.67882353,0.0,0.80845862,57
0.0000000003529398,[],27,[],2019-02-28 00:24:02,2000.0,3.529398e-18,1.345402988202e-22,6806794,2019-02-28 00:24:02,eth,0.0,0.0,0.00000001,"btc,eth",0.0,0.0,7.058796000000001e-15,57
0.00000000011826939999999999,[],4,[],2019-02-28 00:24:03,1050929505.1428936,3.548082e-18,1.352525310318e-22,6806795,2019-02-28 00:24:03,ltc,18.807451192676965,0.0,0.00000003,ltc,4070211222.6891255,0.0001,2.5569389215502934e-09,58
1,[],12,[],2019-02-28 00:24:04,1620348937.843957,0.0000000004,0.00000000000001524796,6806796,2019-02-28 00:24:04,btc,224005479720.373,0.0,0.0000000004,btc,3752939904.971504,0.13476952484295707,0.5232974596011392,58
0,[],17,[],2019-02-28 00:24:16,0.0,0,0,6806797,2019-02-28 00:24:16,btc,1e+24,0.0,0,btc,49226522.0897055,0.0,0.0,58
0.0000000001277651,[],22,[],2019-02-28 00:24:20,137438.0,1.277651e-18,4.87039283549e-23,6806798,2019-02-28 00:24:20,XMR,69.8835922,0.0,0.00000001,XMR,9887963.0,0.0,0.00137438,58
1,[],5,[],2019-02-28 00:24:21,0.0,0,0,6806799,2019-02-28 00:24:21,btc,0.0,0.82223676,0,btc,0.0,0.0,0.0,61
1,[],22,[],2019-02-28 00:24:24,5149.5,0.00000011,0.000000000004193189,6806800,2019-02-28 00:24:24,BTC,1002.29597012,0.0,0.00000011,BTC,14947.700278135757,0.0,0.00051596,61
1,[],26,[],2019-02-28 00:24:24,0.0,0.00000800,0.0000000003049592,6806801,2019-02-28 00:24:24,btc,0.0,0.0,0.00000800,btc,0.0,0.0,0.0,61
1,[],27,[],2019-02-28 00:24:28,4096.686,0.00000055,0.000000000020965944999999998,6806802,2019-02-28 00:24:28,btc,7.78549260961638,283.432,0.00000055,"btc,eth",20547.11257617,4.901698530360001e-13,0.0002655975063025649,61
1,[],28,[],2019-02-28 00:24:34,13880.304,0.0000005,0.00000000001905995,6806803,2019-02-28 00:24:34,btc,2.056291378300105,305.0,0.0000005,btc,9710.59500005,0.0,0.00566391304,61
1,[],4,[],2019-02-28 00:24:35,1412153.70797568,0.00000283,0.00000000010787931699999999,6806804,2019-02-28 00:24:35,btc,11.199552407320457,0.0,0.00000283,btc,787991.51354777,0.16486267,1.2989754403340918,67
0.0,[],25,[],2019-02-28 00:24:37,0.0,0,0,6806805,2019-02-28 00:24:37,,0.0,0.0,0.0,btc,0.0,0.0,0.0,67
1,[],12,[],2019-02-28 00:24:38,1643655.08828105,0.00000018,0.000000000006861582,6806806,2019-02-28 00:24:38,btc,11115999.002013292,0.0,0.00000018,btc,2185757.03013294,0.0064740899653,0.058780846441112,71
,[],5,[],2018-11-20 23:02:39,1.5e-07,0.00000005,0.000000000002128045,4862160,2018-11-20 23:02:39,btc,2.84511358,0.0,,btc,0.00036572,0.0,0.07381892,74
1,[],5,[],2019-02-28 00:24:40,0.0,0,0,6806807,2019-02-28 00:24:40,btc,0.0,0.0,0,btc,0.0,0.0,0.0,75
1,[],4,[],2019-02-27 23:19:51,16180270.251575,0.00000001,0.000000000000380883,6806419,2019-02-27 23:19:51,btc,11388.6318068588,0.0,0.00000001,btc,34456445.8995017,0.0,0.16180270251575,81
0,[],20,[],2019-01-25 09:30:31,0.0,0,0,6495923,2019-01-25 09:30:31,btc,0.0,0.0,0,btc,0.0,0.0,0.0,81
1,[],4,[],2019-02-28 00:24:42,28688.94294577,0.00007572,0.000000002886438828,6806808,2019-02-28 00:24:42,btc,17.742834217443473,0.0,0.00007572,btc,12609.10626039,0.02324844,0.1392541235768527,82
1,[],21,[],2019-02-28 00:24:42,38496.78167274,0.00007449999999999999482878931811,0.0000000028399325499999997,6806809,2019-02-28 00:24:42,btc,2.29476035515069,9672.86194728,0.00007449999999999999482878931811313805155805312097072601318359375,btc,25065.45110769,0.72663515,1.9528748569670147,82
0,[],17,[],2019-02-28 00:16:36,0.0,0,0,6806621,2019-02-28 00:16:36,btc,0.0447233088476774,0.0,0,btc,999127.19588126,0.0,0.0,84
0.00000000011826939999999999,[],4,[],2019-02-28 00:24:55,124320938.89519013,3.548082e-18,1.352525310318e-22,6806810,2019-02-28 00:24:55,ltc,1.782832127966895,0.0,0.00000003,ltc,399012139.7017532,0.0,2.3506891525693814e-10,85
,[],22,[],2018-11-20 23:09:34,3408.1,0.0000001,0.0000000000041895,4862324,2018-11-20 23:09:34,BTC,0.04624735,0.0,,BTC,4990.0,0.0,0.00033081,86
0,[],22,[],2019-02-22 12:52:35,0.0,0,0,6758847,2019-02-22 12:52:35,,2.0760781,0.0,0,,140622.94736842104,0.0,0.0,87
0,[],27,[],2019-02-22 12:52:37,0.0,0,0,6758848,2019-02-22 12:52:37,,0.0,0.0,0,btc,0.0,0.0,0.0,87
,[],2,[],2018-11-20 23:10:47,0.0,0,0,4862359,2018-11-20 23:10:47,,0.0,0.0,,,0.0,0.0,0.0,88
1,[],11,[],2019-02-28 00:24:56,90105.11744108,0.00013751000000000000310536318881560191584867425262928009033203125,0.000000005241867449,6806811,2019-02-28 00:24:56,btc,609.4613525554016,1954.33840007,0.00013751000000000000310536318881560191584867425262928009033203125,btc,97589.78206309,0.0,5.834113942831652,89
0,[],2,[],2019-01-20 23:31:45,0.0,0,0,6477083,2019-01-20 23:31:45,,0.0,0.0,0,,0.0,0.0,0.0,91
1,[],12,[],2019-02-28 00:24:58,465650.76552351,0.000001650000000000000084153062122893640406573467771522700786590576171875,0.000000000062897835,6806812,2019-02-28 00:24:58,btc,4.357343457029986,0.0,0.000001650000000000000084153062122893640406573467771522700786590576171875,btc,58490.08192172,0.0250441608458027,0.07836295199381929,91
0,[],17,[],2019-02-28 00:25:01,0.0,0,0,6806813,2019-02-28 00:25:01,btc,0.0,0.0,0,btc,0.0,0.0,0.0,91
0,[],22,[],2019-02-28 00:25:07,0.0,0,0,6806814,2019-02-28 00:25:07,,3.1e-06,0.0,0,,2.0,0.0,0.0,91
0.00000000011826939999999999,[],22,[],2019-02-28 00:25:11,1830000.0,5.91347e-18,2.25420885053e-22,6806815,2019-02-28 00:25:11,LTC,8.53161599,0.0,0.00000005,LTC,71994962.1,0.0,0.0915,95
0.00000000011826939999999999,[],4,[],2019-02-28 00:25:13,646276991.0126505,7.3327028e-17,2.7952189746571996e-21,6806816,2019-02-28 00:25:13,ltc,11.885841615405116,0.0,0.00000062,ltc,136576642.02965617,0.0,1.8217780977584507e-09,96
0,[],12,[],2019-02-28 00:25:14,0.0,0,0,6806817,2019-02-28 00:25:14,btc,255078.11232237465,0.0,0,btc,8739592.62268705,6.99300699e-08,0.0,96
0,[],17,[],2019-02-27 23:20:26,0.0,0,0,6806431,2019-02-27 23:20:26,btc,0.0,0.0,0,btc,0.0,0.0,0.0,96
1,[],4,[],2019-02-28 00:25:16,1378698.45519065,0.00000031,0.000000000011817169,6806818,2019-02-28 00:25:16,btc,3.0319833597876387,0.0,0.00000031,btc,2424057.64989218,0.00488343,0.1070621973061235,99
1,[],4,[],2019-02-28 00:25:18,134932.83990957,0.00004648,0.000000001771812952,6806819,2019-02-28 00:25:18,btc,12.092558069420328,0.0,0.00004648,btc,163512.58652474,4.14896299,2.5064304874945544,100
0,[],2,[],2019-01-20 23:23:55,0.0,0,0,6476914,2019-01-20 23:23:55,,0.0,0.0,0,,0.0,0.0,0.0,100
1,[],22,[],2019-02-28 00:25:22,50000.0,0.00000001,0.000000000000381199,6806820,2019-02-28 00:25:22,BTC,23.49896609,0.0,0.00000001,BTC,10277.22,0.0,0.0005,101
1,[],4,[],2019-02-28 00:25:23,487685.08989866,0.00000093,0.000000000035451507,6806821,2019-02-28 00:25:23,btc,256.2995478326882,0.0,0.00000093,btc,487493.2706824,0.01166135,0.2536434465838526,103
1,[],12,[],2019-02-28 00:25:25,62533972.7049106,0.000000011,0.00000000000041931889999999995,6806822,2019-02-28 00:25:25,btc,137278920.6872688,0.0,0.000000011,btc,121910027.1249753,0.1039497223870472,0.21369343030856205,105
1,[],27,[],2019-02-28 00:25:28,81803.89,0.00000001,0.000000000000381199,6806823,2019-02-28 00:25:28,btc,36.58422120075966,44007.0,0.00000001,btc,531915.56793212,0.00044007,0.0008180389,105
1,[],22,[],2019-02-28 00:25:31,9328.0,0.00000001,0.000000000000381199,6806824,2019-02-28 00:25:31,BTC,51.10837004,0.0,0.00000001,BTC,470435.0,0.0,9.328e-05,107
1,[],26,[],2019-02-28 00:25:32,0.0,0.00000000,0,6806825,2019-02-28 00:25:32,btc,0.0,0.0,0.00000000,btc,0.0,0.0,0.0,107
1,[],5,[],2019-02-28 00:25:33,0.0,0,0,6806826,2019-02-28 00:25:33,btc,0.0,0.00114553,0,btc,0.0,0.0,0.0,112
1,[],22,[],2019-02-28 00:25:36,1966.0,0.00000001,0.000000000000381199,6806827,2019-02-28 00:25:36,BTC,2.81183288,0.0,0.00000001,BTC,808524.0833333334,0.0,1.966e-05,112
0.0000000003529398,[],27,[],2019-02-28 00:25:39,2000.0,3.529398e-18,1.345402988202e-22,6806828,2019-02-28 00:25:39,eth,1.35132491849924,0.0,0.00000001,"btc,eth",1328.641654,0.0,7.058796000000001e-15,112
1,[],4,[],2019-02-28 00:25:41,359201.86445989,0.00000286,0.00000000010902291399999999,6806829,2019-02-28 00:25:41,btc,85.00271325121102,0.0,0.00000286,btc,329110.73936675,0.16389731,0.1279050322324065,113
1,[],5,[],2019-02-28 00:25:42,0.0,0,0,6806830,2019-02-28 00:25:42,btc,0.0,0.08062634,0,btc,0.0,0.0,0.0,113
1,[],17,[],2019-02-28 00:25:44,152738.278,0.00000004,0.000000000001524796,6806831,2019-02-28 00:25:44,btc,1.336803027494322,0.0,0.00000004,btc,51896.221,0.0,0.0022095311199999998,116
0,[],27,[],2019-02-28 00:25:46,0.0,0,0,6806832,2019-02-28 00:25:46,,0.0,0.0,0,btc,0.0,0.0,0.0,116
1,[],4,[],2019-02-28 00:25:48,298514.98410703,0.00002532,0.000000000965195868,6806833,2019-02-28 00:25:48,btc,30.188312648546788,0.0,0.00002532,btc,96137.99935424,2.78014687,2.1038480867125955,120
1,[],7,[],2019-02-28 00:25:49,15264.65540143,0.00001720000000000000133924989154099449706336599774658679962158203125,0.00000000065566228,6806834,2019-02-28 00:25:49,btc,115647.69921471186,443.62910268,0.00001720000000000000133924989154099449706336599774658679962158203125,btc,56419.49445992,0.01024837,0.0487188255551114,120
1,[],20,[],2019-02-28 00:25:53,1494281.3309,0.000000043,0.0000000000016391557,6806835,2019-02-28 00:25:53,btc,32.2905073461144,6421.1655,0.000000043,btc,939287.7731,0.000447049085,0.0100113441862,125
1,[],22,[],2019-02-28 00:25:56,3053.0,0.00000001,0.000000000000381199,6806836,2019-02-28 00:25:56,BTC,0.01444887,0.0,0.00000001,BTC,296263.5111111111,0.0,3.053e-05,126
1,[],4,[],2019-02-28 00:25:58,2646223.29115994,0.00001376,0.0000000005245298239999999,6806837,2019-02-28 00:25:58,btc,7.79510384633045,0.0,0.00001376,btc,127339.63339233,0.1078866,0.5922890366358317,131
0,[],17,[],2019-02-28 00:18:11,0.0,0,0,6806650,2019-02-28 00:18:11,btc,0.0009561751951600001,0.0,0,btc,35.42829368,0.0,0.0,131
0,[],2,[],2019-01-20 23:25:46,0.0,0,0,6476969,2019-01-20 23:25:46,,0.0,0.0,0,,0.0,0.0,0.0,131
1,[],4,[],2019-02-28 00:26:00,4555.7918009,0.00016001,0.0000000060995651989999994,6806838,2019-02-28 00:26:00,btc,1.6201327140028612,0.0,0.00016001,btc,238.12730989,0.00152457,0.0082138372075603,135
1,[],3,[],2019-02-28 00:26:01,1051183.88776843,0.00000004,0.000000000001524796,6806839,2019-02-28 00:26:01,btc,0.6347130129087458,6859.27908333,0.00000004,btc,2354905.75112032,0.0,0.0335850781737019,136
1,[],4,[],2019-02-28 00:26:02,269156.62122553,0.00000167,0.000000000063660233,6806840,2019-02-28 00:26:02,btc,38.984785942026505,0.0,0.00000167,btc,579935.8760652,0.05447541,0.0855465026126542,137
1,[],12,[],2019-02-28 00:26:03,325258.63606126,0.000001749999999999999973748754898694723891594549058936536312103271484375,0.00000000006670982499999999,6806841,2019-02-28 00:26:03,btc,11807.598272887128,0.0,0.000001749999999999999973748754898694723891594549058936536312103271484375,btc,123583.78364659,0.0377273810441968,0.0729945389558002,137
1,[],4,[],2019-02-28 00:26:04,112349.98367626,0.00003111,0.000000001185910089,6806842,2019-02-28 00:26:04,btc,28.982135908607972,0.0,0.00003111,btc,43194.55689454,0.19333792,0.4329395270199842,142
1,[],5,[],2019-02-28 00:26:05,0.0,0,0,6806843,2019-02-28 00:26:05,btc,0.0,0.62697125,0,btc,0.0,0.0,0.0,142
1,[],17,[],2019-02-28 00:26:07,22967.386363640002,0.00000088,0.000000000033545512000000004,6806844,2019-02-28 00:26:07,btc,20.069913352807088,0.0,0.00000088,btc,2746.079105,0.0,0.0104613000000032,142
1,[],20,[],2019-02-28 00:26:09,132983.4368,0.00002512,0.0000000009575718879999999,6806845,2019-02-28 00:26:09,btc,0.2960116415556,85.3112,0.00002512,btc,1211.4375,0.0028431616712,0.2264655211907,142
1,[],22,[],2019-02-28 00:26:12,1685.8988921568628,0.00004000,0.000000001524796,6806846,2019-02-28 00:26:12,BTC,3.00385504,0.0,0.00004000,BTC,891.218,0.0,0.00174536,142
0.0,[],25,[],2019-02-28 00:26:13,0.0,0,0,6806847,2019-02-28 00:26:13,,0.0,0.0,0.0,btc,0.0,0.0,0.0,142
0,[],28,[],2019-02-28 00:26:19,0.0,0,0,6806848,2019-02-28 00:26:19,,0.0,0.0,0,,0.0,0.0,0.0,142
0,[],22,[],2019-02-28 00:26:22,0.0,0,0,6806849,2019-02-28 00:26:22,,60.80280694,0.0,0,,704341446.3,0.0,0.0,143
0,[],22,[],2019-02-25 15:42:22,0.0,0,0,6783783,2019-02-25 15:42:22,,4.2131946,0.0,0,,2322156.0,0.0,0.0,146
,[],22,[],2018-11-20 23:01:11,0.0,0,0,4862114,2018-11-20 23:01:11,,2.56807021,0.0,,,61828.4988236,0.0,0.0,147
1,[],12,[],2019-02-28 00:26:23,220036.03773585,0.00000250000000000000020450763478507827386465578456409275531768798828125,0.00000000009529975000000001,6806850,2019-02-28 00:26:23,btc,16.613449591204738,0.0,0.00000250000000000000020450763478507827386465578456409275531768798828125,btc,116969.24335616,0.0072886131968238,0.0279166200000015,148
1,[],4,[],2019-02-28 00:26:25,245619.74504268,0.00000032,0.000000000012198368,6806851,2019-02-28 00:26:25,btc,219.96749410271795,0.0,0.00000032,btc,800822.7951546,0.0,0.0582338765710576,152
0,[],22,[],2019-02-28 00:26:27,0.0,0,0,6806852,2019-02-28 00:26:27,,0.0,0.0,0,,0.0,0.0,0.0,152
1,[],5,[],2019-02-28 00:26:29,0.0,0,0,6806853,2019-02-28 00:26:29,btc,0.0,0.0,0,btc,0.0,0.0,0.0,153
,[],16,[],2019-01-11 15:38:59,0.0,0,0,6366141,2019-01-11 15:38:59,btc,0.0,0.0,,btc,0.0,0.0,0.0,155
0,[],22,[],2019-02-28 00:26:33,0.0,0,0,6806854,2019-02-28 00:26:33,,6.74829967,0.0,0,,4646626.747643097,0.0,0.0,156
0,[],23,[],2019-01-20 23:24:29,0.0,0,0,6476932,2019-01-20 23:24:29,,0.0,0.0,0,,0.0,0.0,0.0,156
1,[],22,[],2019-02-28 00:26:36,7073.8,0.00005300,0.0000000020203547,6806855,2019-02-28 00:26:36,BTC,1.80343699,0.0,0.00005300,BTC,899.6422341958436,0.0,0.00104336,157
0,[],22,[],2019-02-28 00:26:39,0.0,0,0,6806856,2019-02-28 00:26:39,,50175.68008609,0.0,0,,54479136.04179466,0.0,0.0,158
,[],17,[],2018-11-20 22:56:10,0.0,0,0,4861976,2018-11-20 22:56:10,btc,1.1265625,0.0,,btc,1000.0,0.0,0.0,159
,[],20,[],2018-11-20 22:56:12,0.0,0,0,4861977,2018-11-20 22:56:12,btc,11912.7940471,0.0,,btc,34413894.3617,0.0,0.0,159
1,[],17,[],2019-02-27 21:25:21,29784.95,0.000001,0.0000000000374402,6806031,2019-02-27 21:25:21,btc,0.03026736251542,0.0,0.000001,btc,144.46171372,0.0,0.00716147,168
1,[],12,[],2019-02-28 00:26:40,181022.21654869,0.000008019999999999999446497443711390218368251225911080837249755859375,0.00000000030572159799999996,6806857,2019-02-28 00:26:40,btc,6.643037161246671,0.0,0.000008019999999999999446497443711390218368251225911080837249755859375,btc,13705.27413222,0.0012781134,0.08820531800004029,168
0,[],22,[],2019-02-28 00:26:54,0.0,0,0,6806858,2019-02-28 00:26:54,,1.1339604,0.0,0,,520283.17470714403,0.0,0.0,169
1,[],22,[],2019-02-28 00:26:57,203600.0,0.00000002,0.000000000000762398,6806859,2019-02-28 00:26:57,BTC,13.2501524,0.0,0.00000002,BTC,144336.2939341018,0.0,0.002072,171
1,[],22,[],2019-02-28 00:27:01,864176.5,0.00000006,0.000000000002287194,6806860,2019-02-28 00:27:01,BTC,2.19732001,0.0,0.00000006,BTC,241503.87773641286,2.4e-06,0.02110854,173
1,[],5,[],2019-02-28 00:27:03,0.0,0,0,6806861,2019-02-28 00:27:03,btc,0.0,0.16223037,0,btc,0.0,0.0,0.0,175
1,[],22,[],2019-02-28 00:27:06,45904.0,0.0000003,0.00000000001143597,6806862,2019-02-28 00:27:06,BTC,0.52955903,0.0,0.0000003,BTC,143368.41384013777,0.0,0.0052148,176
1,[],7,[],2019-02-28 00:27:08,0.0,0,0,6806863,2019-02-28 00:27:08,btc,410932.5281358376,0.0,0,btc,117881559.31901672,0.0,0.0,178
0,[],22,[],2019-02-28 00:27:11,0.0,0,0,6806864,2019-02-28 00:27:11,,1.00242428,0.0,0,,57512.0,0.0,0.0,178
0,[],2,[],2019-01-20 23:28:34,0.0,0,0,6477001,2019-01-20 23:28:34,,0.0,0.0,0,,0.0,0.0,0.0,178
1,[],5,[],2019-02-28 00:27:12,0.0,0,0,6806865,2019-02-28 00:27:12,btc,0.0,0.03583732,0,btc,0.0,0.0,0.0,179
1,[],22,[],2019-02-28 00:27:16,6961684.0,0.00000002,0.000000000000762398,6806866,2019-02-28 00:27:16,BTC,5.6311133,0.0,0.00000002,"BTC,LTC",17083809.756535422,0.00256305,0.3741744,179
0,[],23,[],2019-01-20 23:25:08,0.0,0,0,6476952,2019-01-20 23:25:08,,0.0,0.0,0,,0.0,0.0,0.0,179
1,[],22,[],2019-02-28 00:27:32,134055.4,0.00000155,0.000000000059085845,6806867,2019-02-28 00:27:32,BTC,0.22074727,0.0,0.00000155,"BTC,LTC",70950.16940664877,0.00122356,0.00274294,180
1,[],26,[],2019-02-28 00:27:32,0.0,0.00000160,0.00000000006099184,6806868,2019-02-28 00:27:32,btc,0.0,0.0,0.00000160,btc,0.0,0.0,0.0,180
1,[],17,[],2019-02-27 23:24:45,10504.725,0.0000001,0.00000000000380883,6806481,2019-02-27 23:24:45,btc,5.2010695838170005,0.0,0.0000001,btc,4994.45945,0.0,0.0010504725,180
,[],7,[],2018-11-20 22:58:01,562227.975654,0.00000085,0.000000000036176765,4862015,2018-11-20 22:58:01,btc,21836.6059674,2491.87645172,,btc,749999.041456,0.00211021,0.127565380455,183
,[],5,[],2019-01-10 08:11:41,0.0,0,0,6347036,2019-01-10 08:11:41,btc,82.15055501,0.00261,,btc,1.19002445,0.0,0.0,187
1,[],24,[],2019-02-28 00:27:33,0.0,0.000000000001,3.81199e-17,6806869,2019-02-28 00:27:33,btc,0.0,0.0,0.000000000001,btc,0.0,0.0,0.0,187
,[],17,[],2018-11-16 20:58:10,4062536.27273,0.00000001,0.000000000000550501,4708775,2018-11-16 20:58:10,btc,3.36492563466,0.195460381006,,"btc,eth",110697919.549,0.0,0.0157628953496,187
0,[],22,[],2019-02-27 04:05:17,0.0,0,0,6799309,2019-02-27 04:05:17,,1.19374396,0.0,0,,16308.869534405507,0.0,0.0,191
0,[],22,[],2019-02-28 00:27:38,0.0,0,0,6806870,2019-02-28 00:27:38,,0.0,0.0,0,,0.0,0.0,0.0,197
0,[],23,[],2019-01-20 23:31:41,0.0,0,0,6477079,2019-01-20 23:31:41,,0.0,0.0,0,,0.0,0.0,0.0,199
0,[],22,[],2019-02-28 00:27:40,0.0,0,0,6806871,2019-02-28 00:27:40,,5.19477622,0.0,0,,21058553.0,0.0,0.0,199
1,[],26,[],2019-02-28 00:27:41,0.0,0.00000000,0,6806872,2019-02-28 00:27:41,btc,0.0,0.0,0.00000000,btc,0.0,0.0,0.0,199
0,[],17,[],2019-01-30 16:32:01,0.0,0,0,6540827,2019-01-30 16:32:01,btc,6.802544163788159,0.0,0,btc,105897.55575295,0.0,0.0,200
0,[],2,[],2019-01-20 23:30:49,0.0,0,0,6477059,2019-01-20 23:30:49,,0.0,0.0,0,,0.0,0.0,0.0,201
1,[],4,[],2019-01-25 15:51:35,2084389.58565343,0.00000936,0.000000000333526752,6499557,2019-01-25 15:51:35,btc,2.0092503037378524,0.0,0.00000936,btc,160195.80207885,0.19272417,1.242687955921835,211
1,[],7,[],2019-02-28 00:27:45,3082228.95255668,0.000001340000000000000087593235616190145975679115508683025836944580078125,0.000000000051080666,6806873,2019-02-28 00:27:45,btc,15476655.188478718,694005.41367,0.000001340000000000000087593235616190145975679115508683025836944580078125,btc,12794135.36281848,0.0,3.2639171481340674,212
1,[],5,[],2019-02-28 00:27:46,0.0,0,0,6806874,2019-02-28 00:27:46,btc,0.0,0.15591101,0,btc,0.0,0.0,0.0,213
1,[],24,[],2019-02-28 00:27:46,0.0,0.000000110000,0.000000000004193189,6806875,2019-02-28 00:27:46,btc,0.0,0.0,0.000000110000,btc,0.0,0.0,0.0,213
1,[],26,[],2019-02-28 00:27:46,0.0,0.00000010,0.00000000000381199,6806876,2019-02-28 00:27:46,btc,0.0,0.0,0.00000010,btc,0.0,0.0,0.0,213
1,[],12,[],2019-01-25 02:44:32,207462.42853209,0.000001080000000000000035831255497387193287295303889550268650054931640625,0.000000000038610756000000006,6493050,2019-01-25 02:44:32,btc,85023.03793723314,0.0,0.000001080000000000000035831255497387193287295303889550268650054931640625,btc,43675.73520027,0.000146250909087,0.0348620860622024,213
1,[],22,[],2019-02-28 00:27:50,29544.0,0.00000002,0.000000000000762398,6806877,2019-02-28 00:27:50,BTC,2.22899412,0.0,0.00000002,BTC,531026.3963726171,0.000868,0.00030003,216
1,[],27,[],2019-02-28 00:27:53,6248602.0,0.00000003,0.000000000001143597,6806878,2019-02-28 00:27:53,btc,316.32805111644,2699.005988,0.00000003,"btc,ltc",235048.901,0.00032388,0.03377204001192156,216
1,[],22,[],2019-02-28 00:27:57,242622.002186885,0.00000225,0.000000000085769775,6806879,2019-02-28 00:27:57,BTC,12673.560865,0.0,0.00000225,BTC,386939.86950989376,0.02498666,0.34210727,217
1,[],7,[],2019-02-28 00:27:59,0.0,0,0,6806880,2019-02-28 00:27:59,btc,77969.77488735563,0.0,0,btc,137043486.5550253,0.0,0.0,219
0,[],27,[],2019-02-28 00:28:02,0.0,0,0,6806881,2019-02-28 00:28:02,,0.0740438339680921,0.0,0,btc,1536429.20709513,0.0,0.0,219
0.0000000000000052,[],28,[],2019-02-28 00:28:08,167609414.732,2.3404680000000002e-18,8.92184061132e-23,6806882,2019-02-28 00:28:08,doge,83883.3352434475,11909.768,0.00045009,"btc,doge",4823713.77951,0.0,9.277680338775264e-12,219
1,[],22,[],2019-02-28 00:28:11,340665.0,0.00000003,0.000000000001143597,6806883,2019-02-28 00:28:11,BTC,2.94533216,0.0,0.00000003,BTC,114179.27041875875,0.0,0.00940665,221
1,[],24,[],2019-02-28 00:28:11,0.0,0.000000200000,0.00000000000762398,6806884,2019-02-28 00:28:11,btc,0.0,0.0,0.000000200000,btc,0.0,0.0,0.0,221
1,[],20,[],2019-02-28 00:20:11,40748456.2707,0.000000001,0.0000000000000381199,6806697,2019-02-28 00:20:11,btc,48.2375264230632,50000.0,0.000000001,btc,13394908.9689,0.0001,0.0407484562707,224
0,[],22,[],2019-02-28 00:20:13,0.0,0,0,6806698,2019-02-28 00:20:13,,0.0,0.0,0,,0.0,0.0,0.0,224
1,[],26,[],2019-02-28 00:28:12,0.0,0.00000035,0.000000000013341965,6806885,2019-02-28 00:28:12,btc,0.0,0.0,0.00000035,btc,0.0,0.0,0.0,231
1,[],26,[],2019-02-28 00:28:13,0.0,0.00000006,0.000000000002287194,6806886,2019-02-28 00:28:13,btc,0.0,100.0,0.00000006,btc,0.0,0.0,0.0,234
0.0000000003529398,[],27,[],2019-02-28 00:28:15,2000.0,3.529398e-18,1.345402988202e-22,6806887,2019-02-28 00:28:15,eth,0.0113483662182,0.0,0.00000001,"btc,eth",11462.99618,0.0,7.058796000000001e-15,234
1,[],4,[],2019-02-28 00:28:17,933712.38696211,0.00000072,0.000000000027446328,6806888,2019-02-28 00:28:17,btc,4.3585499341595915,0.0,0.00000072,btc,1088228.17271253,0.03587251,0.242518388712603,236
1,[],24,[],2019-02-28 00:28:18,0.0,0.000000300000,0.00000000001143597,6806889,2019-02-28 00:28:18,btc,0.0,0.0,0.000000300000,btc,0.0,0.0,0.0,236
1,[],20,[],2019-02-28 00:28:20,151157435.6474,0.000000056,0.0000000000021347144,6806890,2019-02-28 00:28:20,btc,10.8202990741545,42413957.6677,0.000000056,btc,44222363.926,2.7708760854457,0.503100617526,237
0.00000000011826939999999999,[],22,[],2019-02-28 00:28:23,14400.0,1.182694e-17,4.50841770106e-22,6806891,2019-02-28 00:28:23,LTC,0.0405823,0.0,0.0000001,LTC,3164.0,0.0,0.00144,237
1,[],4,[],2019-02-28 00:28:24,7240038.09134923,0.00000034,0.000000000012960766,6806892,2019-02-28 00:28:24,btc,6.250069012991781,0.0,0.00000034,btc,9757077.83816496,0.18290702,1.5930733155896732,238
1,[],5,[],2019-02-28 00:28:26,0.0,0,0,6806893,2019-02-28 00:28:26,btc,0.0,0.02037488,0,btc,0.0,0.0,0.0,238
0,[],22,[],2019-02-28 00:28:28,0.0,0,0,6806894,2019-02-28 00:28:28,,0.41356282,0.0,0,,316008.5639027493,0.0,0.0,249
0.00000000011826939999999999,[],22,[],2019-02-28 00:28:38,7121097.666666667,3.548082e-18,1.352525310318e-22,6806895,2019-02-28 00:28:38,LTC,0.52329319,0.0,0.00000003,LTC,18903494.09,3.562610213096e-12,0.21263595,252
1,[],28,[],2019-02-28 00:28:44,4567665.434,0.00000022,0.000000000008386378,6806896,2019-02-28 00:28:44,btc,164706.69072751133,13389.99,0.00000022,btc,2053675.0669,0.0,0.38159691954,256
1,[],22,[],2019-02-28 00:28:48,1145354.0,0.00000002,0.000000000000762398,6806897,2019-02-28 00:28:48,BTC,31.47160001,0.0,0.00000002,BTC,670687.0957866946,2.8e-05,0.01233444,258
1,[],22,[],2019-02-28 00:28:52,48751.0,0.00000001,0.000000000000381199,6806898,2019-02-28 00:28:52,BTC,2.4175745,0.0,0.00000001,BTC,1762.0,0.0,0.00048751,259
1,[],5,[],2019-02-28 00:28:55,0.0,0,0,6806899,2019-02-28 00:28:55,btc,0.0,0.05408545,0,btc,0.0,0.0,0.0,264
1,[],20,[],2019-02-28 00:28:57,1225120.469,0.000002222,0.0000000000847024178,6806900,2019-02-28 00:28:57,btc,7.210552943923,102242.8779,0.000002222,btc,84171.0432,0.3229568268952,0.0292897318417,264
0,[],22,[],2019-02-28 00:29:00,0.0,0,0,6806901,2019-02-28 00:29:00,,8.33272543,0.0,0,,413548.34411321935,0.0,0.0,271
0,[],22,[],2019-02-28 00:29:04,0.0,0,0,6806902,2019-02-28 00:29:04,,259.44095859,0.0,0,,14406783063.9,0.0,0.0,272
0.0000000000000052,[],28,[],2019-02-28 00:29:09,233252947588.701,4.472e-21,1.704721928e-25,6806903,2019-02-28 00:29:09,doge,21988806.506650273,10500000000.0,0.00000086,doge,240100718135.9798,0.0,6.600472104192652e-10,272
1,[],22,[],2019-02-28 00:29:15,116889.74,0.00000360,0.00000000013723164,6806904,2019-02-28 00:29:15,BTC,74.32244185,0.0,0.00000360,"BTC,LTC",8380.527743939856,0.0,0.04953697,281
1,[],22,[],2019-02-28 00:29:18,863814.5,0.00000002,0.000000000000762398,6806905,2019-02-28 00:29:18,BTC,1.33224124,0.0,0.00000002,BTC,134474.99887885063,0.00040847,0.01714417,286
0,[],22,[],2019-02-28 00:29:21,0.0,0,0,6806906,2019-02-28 00:29:21,,43634.55501853,0.0,0,,422566696.0,0.0,0.0,294
