pairValue,buyBook,exchangeId,sellBook,updated,buyTotal,satoshiPrice,usdPrice,exchangeLogId,created,bestPair,sellTotalBtc,volume,pairPrice,activePairs,sellTotal,volumeBtc,buyTotalBtc,coinId
0,[],2,[],2019-01-20 23:28:45,0.0,0,0,6477011,2019-01-20 23:28:45,,0.0,0.0,0,,0.0,0.0,0.0,1
1,[],3,[],2019-04-08 13:49:59,995.081700124688,0.01357461000000000084231288610681076534092426300048828125,0.0000006998648103090001,7221994,2019-04-08 13:49:59,btc,113.61526754669022,0.0,0.01357461000000000084231288610681076534092426300048828125,btc,17.426526165306,0.0,0.5055084832063667,1
1,[],4,[],2019-04-08 13:50:00,207818.53570495,0.01343285,0.000000692556104165,7221995,2019-04-08 13:50:00,btc,7.658505253651019,0.0,0.01343285,btc,248.32807462,1.72713762,1.8210783290793149,1
1,[],5,[],2019-04-08 13:50:02,0.0,0,0,7221996,2019-04-08 13:50:02,btc,0.0,0.36977054,0,btc,0.0,0.0,0.0,1
1,[],10,[],2019-04-08 13:50:04,422040.75889074,0.00961007,0.000000495465417983,7221997,2019-04-08 13:50:04,btc,6522.5176115633285,1932.21405285,0.00961007,btc,1216.57609036,0.0,4.33897235243403,1
1,[],12,[],2019-04-08 13:50:07,84.03694921,0.013549999999999999544808559903685818426311016082763671875,0.0000006985959949999999,7221998,2019-04-08 13:50:07,btc,0.2801570623322,0.0,0.013549999999999999544808559903685818426311016082763671875,btc,12.34991982,0.5217443532495,0.4708576019937,1
1,[],20,[],2019-04-08 13:50:08,1188.8385,0.01350103,0.0000006960712536069999,7221999,2019-04-08 13:50:08,btc,0.0270029702531,0.8111,0.01350103,btc,1.5783,0.0116107289175,0.1762475678759,1
1,[],21,[],2019-04-08 13:50:09,2518.21749857,0.01346677999999999937597028321,0.0000006943054297819999,7222000,2019-04-08 13:50:09,btc,21.336401138308176,3333.23191558,0.01346677999999999937597028321079051238484680652618408203125,"btc,eth",1987.87892757,39.03578735963018,26.00797363876303,1
1,[],22,[],2019-04-08 13:50:13,0.07690488253968254,0.01260000,0.0000006496169399999999,7222001,2019-04-08 13:50:13,BTC,0.32326253,0.0,0.01260000,BTC,0.6996653554712208,0.0,0.0009684,1
1,[],24,[],2019-04-08 13:50:13,0.0,0.000000000000,0,7222002,2019-04-08 13:50:13,btc,0.0,0.0,0.000000000000,btc,0.0,0.0,0.0,1
0.0,[],25,[],2019-04-08 13:50:14,0.0,0,0,7222003,2019-04-08 13:50:14,btc,47.40779999741569,437.59215846,0.0,btc,3445.6966005,5.974,0.0,1
1,[],26,[],2019-04-08 13:50:15,0.0,0,0,7222004,2019-04-08 13:50:15,,0.0,0.0,0,,0.0,0.0,0.0,1
1,[],28,[],2019-04-08 13:50:17,988.9,0.01300200,0.0000006703428138,7222005,2019-04-08 13:50:17,btc,0.160132948,17645.15,0.01300200,btc,8.7812,0.0,0.037553096,1
1,[],5,[],2019-04-08 13:50:19,0.0,0,0,7222006,2019-04-08 13:50:19,btc,0.0,0.18822994,0,btc,0.0,0.0,0.0,2
0.0000000001351588,[],22,[],2019-04-08 13:50:22,1148.0,1.4867468e-16,7.665205609292e-21,7222007,2019-04-08 13:50:22,XMR,21.02425527,0.0,0.00000110,XMR,24942.398537272726,0.0,0.00087635,2
1,[],5,[],2019-04-08 13:50:25,0.0,0,0,7222008,2019-04-08 13:50:25,btc,0.0,2.28853962,0,btc,0.0,0.0,0.0,3
1,[],12,[],2019-04-08 13:50:26,2654873.21057108,0.000000195,0.0000000000100535955,7222009,2019-04-08 13:50:26,btc,23498.85660161697,0.0,0.000000195,btc,1867198.51788212,0.23971151358288742,0.34789463667852616,3
0,[],28,[],2019-04-08 13:50:27,0.0,0,0,7222010,2019-04-08 13:50:27,,0.0,0.0,0,,0.0,0.0,0.0,3
0,[],2,[],2019-01-20 23:31:32,0.0,0,0,6477077,2019-01-20 23:31:32,,0.0,0.0,0,,0.0,0.0,0.0,4
1,[],4,[],2019-03-31 15:22:41,353217.65794564,0.00000029,0.000000000011904674,7122029,2019-03-31 15:22:41,btc,32.078041210795526,0.0,0.00000029,btc,733585.73137669,0.0,0.0341999475799974,4
1,[],12,[],2019-04-08 13:50:28,647176.0,0.00000001,0.000000000000515569,7222011,2019-04-08 13:50:28,btc,1111896.48814184,0.0,0.00000001,btc,1532950.00798202,0.00428363,0.00647176,5
0,[],2,[],2019-01-20 23:31:51,0.0,0,0,6477087,2019-01-20 23:31:51,,0.0,0.0,0,,0.0,0.0,0.0,6
1,[],11,[],2019-04-08 13:50:29,4871375.66422,0.00000002,0.000000000001031138,7222012,2019-04-08 13:50:29,btc,9584.26116630048,88179.6,0.00000002,btc,43006775.62863166,0.0,0.0540116266422,6
1,[],3,[],2019-04-08 13:50:30,1121.274153066692,0.0001602800000000000036314007356708088991581462323665618896484375,0.000000008263539931999999,7222013,2019-04-08 13:50:30,btc,2.6182729025159617,0.0,0.0001602800000000000036314007356708088991581462323665618896484375,btc,302.698592668561,0.0,0.034386940434317136,7
1,[],4,[],2019-04-08 13:50:31,72925.97297221,0.00021006,0.000000010830042413999999,7222014,2019-04-08 13:50:31,btc,11.146902696285292,0.0,0.00021006,btc,40270.05753396,4.61528895,4.786380297975485,7
1,[],5,[],2019-04-08 13:50:33,0.0,0,0,7222015,2019-04-08 13:50:33,btc,0.0,1.31989108,0,btc,0.0,0.0,0.0,7
1,[],20,[],2019-04-07 22:06:50,3201475.0482,0.000000001,0.000000000000051590000000000004,7213932,2019-04-07 22:06:50,btc,30.8005781811902,0.0,0.000000001,btc,23077405.3926,0.0,0.0032014750482,8
1,[],4,[],2019-04-08 13:50:34,1561349.75352475,0.00000122,0.000000000062899418,7222016,2019-04-08 13:50:34,btc,3.5873453636175503,0.0,0.00000122,btc,2097141.04501818,2.1220926,1.2088986243233053,9
1,[],28,[],2019-04-08 13:50:56,18601.0,0.0000005,0.000000000025778449999999997,7222017,2019-04-08 13:50:56,btc,2708.782012701747,3513168.56,0.0000005,btc,26838.8496,0.0,0.00213455,9
0,[],2,[],2019-01-20 23:22:42,0.0,0,0,6476876,2019-01-20 23:22:42,,0.0,0.0,0,,0.0,0.0,0.0,9
0,[],23,[],2019-01-20 23:22:48,0.0,0,0,6476878,2019-01-20 23:22:48,,0.0,0.0,0,,0.0,0.0,0.0,9
1,[],1,[],2019-02-17 23:31:42,1822507.21,0.00000181000000000000003456111265232042484285557293333113193511962890625,0.000000000066086901,6701244,2019-02-17 23:31:42,btc,3.6990969245,17153386.5,0.00000181000000000000003456111265232042484285557293333113193511962890625,btc,1997391.71,31.11772986,3.2610482446,9
1,[],4,[],2019-02-17 11:22:43,4341674.27126056,0.00000002,0.0000000000007272960000000001,6696112,2019-02-17 11:22:43,btc,0.1997230937751353,0.0,0.00000002,btc,4109766.79808031,0.00215132,0.0479381022052112,10
1,[],4,[],2019-04-08 13:50:57,3233850.75487537,0.00000125,0.000000000064446125,7222018,2019-04-08 13:50:57,btc,7.199751288451618,0.0,0.00000125,btc,4030009.02828987,2.72210796,1.341535654984185,12
1,[],5,[],2019-04-08 13:50:58,0.0,0,0,7222019,2019-04-08 13:50:58,btc,0.0,0.04138579,0,btc,0.0,0.0,0.0,12
0.0,[],25,[],2019-04-08 13:50:59,0.0,0,0,7222020,2019-04-08 13:50:59,,0.0,0.0,0.0,btc,0.0,0.0,0.0,12
0,[],2,[],2019-01-20 23:23:08,0.0,0,0,6476890,2019-01-20 23:23:08,,0.0,0.0,0,,0.0,0.0,0.0,12
1,[],4,[],2019-04-08 13:51:00,32150462.44437423,0.00000940,0.0000000004846348599999999,7222021,2019-04-08 13:51:00,btc,3.6391304296116718,0.0,0.00000940,btc,291312.16146562,1.11083377,2.2475040222007885,13
1,[],21,[],2019-04-08 13:51:03,1160056.73573447,0.000009500000000000000523019128007,0.00000000048979055,7222022,2019-04-08 13:51:03,btc,5.699936339003918,1411112.35580881,0.000009500000000000000523019128007007338965195231139659881591796875,btc,528378.99238689,13.31938357,9.336918944270328,13
1,[],10,[],2019-04-08 13:24:07,505970.13531607,0.00000925,0.0000000004777662,7221661,2019-04-08 13:24:07,btc,666790.1482375442,3905.44110823,0.00000925,btc,611107.75451843,0.0,0.8575178896657899,13
1,[],4,[],2019-04-08 13:51:05,1811580.79625516,0.00000115,0.000000000059290435,7222023,2019-04-08 13:51:05,btc,6.196833278074555,0.0,0.00000115,btc,952715.4513554,0.02034123,0.2300771712623662,14
1,[],12,[],2019-04-08 13:51:07,316090.8682657,0.000001030000000000000091033409109486651544784763245843350887298583984375,0.000000000053103607000000004,7222024,2019-04-08 13:51:07,btc,0.15767460597400001,0.0,0.000001030000000000000091033409109486651544784763245843350887298583984375,btc,11206.003996,0.0,0.0434487399999456,14
0,[],17,[],2019-04-08 13:51:09,0.0,0,0,7222025,2019-04-08 13:51:09,btc,0.0,0.0,0,btc,0.0,0.0,0.0,14
1,[],26,[],2019-04-08 13:51:09,0.0,0.00000050,0.000000000025778449999999997,7222026,2019-04-08 13:51:09,btc,0.0,0.0,0.00000050,btc,0.0,0.0,0.0,14
0,[],4,[],2019-04-08 13:51:10,0.0,0,0,7222027,2019-04-08 13:51:10,,0.0,0.0,0,,0.0,0.0,0.0,15
,[],12,[],2018-12-01 15:15:48,204241.84496,0.00000489,0.000000000202473384,5260204,2018-12-01 15:15:48,btc,49.5475654835,0.0,,btc,35763.2193806,0.0163153972027625,0.0203389899998,15
1,[],4,[],2019-04-08 13:51:10,25327.59714195,0.00001567,0.0000000008078966229999999,7222028,2019-04-08 13:51:10,btc,1.0169997965842188,0.0,0.00001567,btc,13562.5808591,0.05373131,0.0619339672355879,18
1,[],10,[],2019-04-08 13:51:12,486634.59109643,0.00001592,0.0000000008207858479999999,7222029,2019-04-08 13:51:12,btc,15.392357188521931,1686.88983618,0.00001592,btc,13765.15861932,0.0,0.0664821741090004,18
1,[],12,[],2019-04-08 13:51:13,315045.99731506,0.0000160199999999999990844823383184802878531627357006072998046875,0.0000000008259415379999999,7222030,2019-04-08 13:51:13,btc,33215.011527079776,0.0,0.0000160199999999999990844823383184802878531627357006072998046875,btc,1004.56981935,0.0033219790017781,0.0286068268787197,18
0,[],17,[],2019-04-08 13:51:15,0.0,0,0,7222031,2019-04-08 13:51:15,btc,0.0,0.0,0,btc,0.0,0.0,0.0,18
0,[],2,[],2019-01-20 23:23:38,0.0,0,0,6476906,2019-01-20 23:23:38,,0.0,0.0,0,,0.0,0.0,0.0,18
1,[],3,[],2019-04-08 13:51:15,125108.83364405588,0.0000301100000000000014009106374945901052342378534376621246337890625,0.000000001552378259,7222032,2019-04-08 13:51:15,btc,0.3317098793700901,109.809164687,0.0000301100000000000014009106374945901052342378534376621246337890625,btc,5769.1642781424325,0.0,0.2270361511507505,19
1,[],4,[],2019-04-08 13:51:16,214714.07957178,0.00003368,0.000000001736436392,7222033,2019-04-08 13:51:16,btc,6.889002564914448,0.0,0.00003368,btc,131692.06249046,0.92025051,3.0378072023168294,19
1,[],5,[],2019-04-08 13:51:18,0.0,0,0,7222034,2019-04-08 13:51:18,btc,0.0,0.0,0,btc,0.0,0.0,0.0,19
1,[],12,[],2019-04-08 13:51:19,184018.82486157,0.0000357000000000000003962108419131027403636835515499114990234375,0.00000000184058133,7222035,2019-04-08 13:51:19,btc,0.0973748360930759,0.0,0.0000357000000000000003962108419131027403636835515499114990234375,btc,568.74848603,0.0,0.0839770751925748,19
0,[],27,[],2019-04-08 13:51:34,0.0,0,0,7222036,2019-04-08 13:51:34,,0.0,0.0,0,,0.0,0.0,0.0,19
0,[],2,[],2019-01-20 23:24:19,0.0,0,0,6476924,2019-01-20 23:24:19,,0.0,0.0,0,,0.0,0.0,0.0,19
1,[],4,[],2019-04-08 13:51:35,1423114.09920322,0.00000011,0.000000000005671259,7222037,2019-04-08 13:51:35,btc,6.074564383794945,0.0,0.00000011,btc,2363361.69397214,0.0,0.0461847363435042,20
1,[],4,[],2019-04-08 13:51:36,88338397.71545188,0.00000001,0.0000000000005155689999999999,7222038,2019-04-08 13:51:36,btc,31.213769033161068,0.0,0.00000001,btc,65134795.54456905,0.00024297,0.8833839771545188,21
1,[],12,[],2019-04-08 13:51:37,8305388.0,0.00000001,0.000000000000515569,7222039,2019-04-08 13:51:37,btc,2904.661336658961,0.0,0.00000001,btc,6729878.70529471,0.00204994001998,0.08305388,21
0,[],17,[],2019-04-08 13:51:39,0.0,0,0,7222040,2019-04-08 13:51:39,btc,0.0,0.0,0,btc,0.0,0.0,0.0,21
1,[],12,[],2019-04-08 13:51:40,3393757952.0,0.0000000002,0.00000000000001031138,7222041,2019-04-08 13:51:40,btc,317475322357.0342,0.0,0.0000000002,btc,2088371495.458542,0.05134462668811178,0.4107316837,23
0,[],27,[],2019-04-08 13:51:40,0.0,0,0,7222042,2019-04-08 13:51:40,,0.0,0.0,0,,0.0,0.0,0.0,23
1,[],4,[],2019-04-08 13:51:41,877258.1600089,0.00000043,0.000000000022169467,7222043,2019-04-08 13:51:41,btc,13.754882183275559,0.0,0.00000043,btc,2077414.19145395,0.0203979,0.2678908295750204,24
1,[],22,[],2019-04-08 13:51:44,11.76,0.00000100,0.000000000051556899999999995,7222044,2019-04-08 13:51:44,BTC,7.415e-05,0.0,0.00000100,BTC,23.919354838709676,0.0,1.176e-05,24
0.0,[],25,[],2019-04-08 13:51:45,0.0,0,0,7222045,2019-04-08 13:51:45,,0.0,0.0,0.0,btc,0.0,0.0,0.0,24
1,[],4,[],2019-04-08 13:51:46,26713068.96497844,0.00000780,0.00000000040214382,7222046,2019-04-08 13:51:46,btc,173.8023154908596,0.0,0.00000780,btc,255206.07255297,0.22044388,0.6036824319260604,26
1,[],10,[],2019-04-08 13:51:48,95144.29985811,0.00000686,0.000000000353680334,7222047,2019-04-08 13:51:48,btc,25.567652875768726,3089.56434013,0.00000686,btc,21598.2877419,0.0,0.1200586154476559,26
0,[],2,[],2019-01-20 23:25:56,0.0,0,0,6476976,2019-01-20 23:25:56,,0.0,0.0,0,,0.0,0.0,0.0,26
1,[],3,[],2019-04-08 13:51:48,4713716.20156602,0.00000001,0.000000000000515569,7222048,2019-04-08 13:51:48,btc,2.5563482039074383,442229.488511,0.00000001,btc,21152531.29580513,0.0,0.0471371620156602,27
1,[],5,[],2019-04-08 13:51:50,0.0,0,0,7222049,2019-04-08 13:51:50,btc,0.0,0.00097704,0,btc,0.0,0.0,0.0,27
1,[],11,[],2019-04-08 13:51:52,7108765.91256781,0.00000006,0.0000000000030934139999999997,7222050,2019-04-08 13:51:52,btc,67502.97299864117,1198400.0,0.00000006,btc,6586383.7503637,0.0,0.38614616491802245,27
1,[],4,[],2019-04-08 13:51:53,1695970601.4029603,0.00000003,0.0000000000015467069999999999,7222051,2019-04-08 13:51:53,btc,3.2085595149672246,0.0,0.00000003,"btc,ltc",257280160.827944,0.42330944,15.83622340919351,29
1,[],7,[],2019-04-08 13:51:54,61940586.47947005,0.00000003,0.0000000000015467069999999999,7222052,2019-04-08 13:51:54,btc,44883945.93015706,999.79999999,0.00000003,btc,29731864.480494652,2.999e-05,0.7593067777104997,29
1,[],4,[],2019-04-08 13:51:55,2242015.54559717,0.00000017,0.000000000008764673,7222053,2019-04-08 13:51:55,btc,3.1036442158475546,0.0,0.00000017,btc,2613284.44726561,0.00737397,0.0767196512103976,30
0,[],17,[],2019-04-08 13:51:56,0.0,0,0,7222054,2019-04-08 13:51:56,btc,0.0,0.0,0,btc,0.0,0.0,0.0,30
1,[],4,[],2019-04-08 13:51:58,162591.74097718,0.00008800,0.000000004537007199999999,7222055,2019-04-08 13:51:58,btc,8.226186568506746,0.0,0.00008800,btc,51746.4013626,3.36210339,2.3353744741888227,31
1,[],21,[],2019-04-08 13:51:59,109763.43635994999,0.00008691000000000000645389991449,0.000000004480810179,7222056,2019-04-08 13:51:59,btc,15.619629553468858,1153620.63898786,0.000086910000000000006453899914493632650192012079060077667236328125,btc,155693.3004396,107.6228548,9.095428010115745,31
0,[],2,[],2019-01-20 23:28:43,0.0,0,0,6477009,2019-01-20 23:28:43,,0.0,0.0,0,,0.0,0.0,0.0,32
0,[],4,[],2019-04-08 13:37:57,0.0,0,0,7221875,2019-04-08 13:37:57,,0.0,0.0,0,,0.0,0.0,0.0,33
1,[],12,[],2019-03-30 07:55:10,40641173.964,0.00000003,0.000000000001228359,7108785,2019-03-30 07:55:10,btc,4233210.82356125,0.0,0.00000003,btc,28378394.68333462,0.0126927883965248,0.90752895892,33
1,[],4,[],2019-04-08 13:52:00,547075.26135742,0.00000001,0.0000000000005155689999999999,7222057,2019-04-08 13:52:00,btc,4.256866788430096,0.0,0.00000001,btc,156431974.2614222,0.01131989,0.0054707526135742,34
1,[],5,[],2019-04-08 13:52:01,0.0,0,0,7222058,2019-04-08 13:52:01,btc,0.0,0.00313001,0,btc,0.0,0.0,0.0,34
0.0000000001696667,[],4,[],2019-04-08 13:52:02,3033493509.13078,1.696667e-18,8.74748908523e-23,7222059,2019-04-08 13:52:02,ltc,5.6897498762714956e-08,0.0,0.00000001,ltc,6525992030.524887,0.0,5.1468283316563935e-09,36
1,[],5,[],2019-04-08 13:52:04,0.0,0,0,7222060,2019-04-08 13:52:04,btc,0.0,0.0,0,btc,0.0,0.0,0.0,36
0,[],17,[],2019-04-08 13:52:06,0.0,0,0,7222061,2019-04-08 13:52:06,btc,0.11068695878815124,0.0,0,btc,7709499.277436471,0.0,0.0,36
0,[],27,[],2019-04-08 13:53:22,0.0,0,0,7222062,2019-04-08 13:53:22,,0.0,0.0,0,,0.0,0.0,0.0,36
1,[],4,[],2019-04-08 13:53:23,941615.23218392,0.00000040,0.00000000002062276,7222063,2019-04-08 13:53:23,btc,19775.110401544196,0.0,0.00000040,btc,820959.30140149,0.00972211,0.0978071731207719,37
1,[],12,[],2019-04-08 13:53:24,602518.96893768,0.0000004,0.00000000002062276,7222064,2019-04-08 13:53:24,btc,18.675410355237506,0.0,0.0000004,btc,492284.95200715,0.0324687862134493,0.1680618094515278,37
1,[],17,[],2019-04-08 13:53:26,1752.74075282,0.00000025,0.000000000012889224999999999,7222065,2019-04-08 13:53:26,btc,0.05548492398464774,0.0,0.00000025,btc,1387.19918473,0.0,0.00043818518820499993,37
0,[],27,[],2019-04-08 13:53:59,0.0,0,0,7222066,2019-04-08 13:53:59,,0.0,0.0,0,,0.0,0.0,0.0,37
1,[],5,[],2019-04-08 13:54:00,0.0,0,0,7222067,2019-04-08 13:54:00,btc,0.0,0.00369525,0,btc,0.0,0.0,0.0,42
1,[],12,[],2019-04-08 13:54:01,208379.55751619,0.00000081,0.000000000041761088999999995,7222068,2019-04-08 13:54:01,btc,10.205345866482352,0.0,0.00000081,btc,42774.83149988,0.0026641586413536,0.0173690270813286,42
0,[],27,[],2019-04-08 13:54:01,0.0,0,0,7222069,2019-04-08 13:54:01,,0.0,0.0,0,,0.0,0.0,0.0,42
1,[],5,[],2019-04-03 07:21:02,0.0,0,0,7159930,2019-04-03 07:21:02,btc,0.0,0.00286478,0,btc,0.0,0.0,0.0,43
0,[],17,[],2019-04-03 07:21:05,0.0,0,0,7159931,2019-04-03 07:21:05,btc,0.0,0.0,0,btc,0.0,0.0,0.0,43
1,[],12,[],2019-03-13 09:13:29,1112112.0,0.00000001,0.000000000000386531,6919902,2019-03-13 09:13:29,btc,29058.00478931866,0.0,0.00000001,btc,5967681.93306694,9.99000999e-07,0.01112112,43
1,[],12,[],2019-03-05 01:54:08,639326.02,0.00000004,0.000000000001486676,6845775,2019-03-05 01:54:08,btc,11116042.728239931,0.0,0.00000004,btc,1103841.4595604,0.0003330765234764,0.014975410599999999,44
1,[],4,[],2019-04-08 13:54:02,121652942.50606927,0.00000001,0.0000000000005155689999999999,7222070,2019-04-08 13:54:02,btc,481.36706087521327,0.0,0.00000001,"btc,ltc",18456466.04631327,0.00078786,0.18998479516003283,49
0.0000000001696667,[],4,[],2019-04-08 13:54:03,1337760761.138,1.696667e-18,8.74748908523e-23,7222071,2019-04-08 13:54:03,ltc,24.562088007522977,0.0,0.00000001,ltc,6906399381.85841,0.0,2.2697345373177272e-09,52
0.0000000001351588,[],22,[],2019-04-08 13:54:06,3.0,9.461116e-18,4.877858115003999e-22,7222072,2019-04-08 13:54:06,XMR,10308.14342123,0.0,0.00000007,XMR,314385094.4566013,0.0,2.1e-07,57
0,[],27,[],2019-04-08 13:54:06,0.0,0,0,7222073,2019-04-08 13:54:06,,0.0,0.0,0,,0.0,0.0,0.0,57
0.0000000001696667,[],4,[],2019-04-08 13:54:07,1187495167.2869995,1.696667e-18,8.74748908523e-23,7222074,2019-04-08 13:54:07,ltc,18.627667540707094,0.0,0.00000001,ltc,4834307085.6443205,0.0,2.0147838629953316e-09,58
1,[],12,[],2019-04-08 13:54:08,738378530.0,0.0000000002,0.00000000000001031138,7222075,2019-04-08 13:54:08,btc,8621436.367623547,0.0,0.0000000002,btc,1919018022.3454905,0.007486460169830172,0.13060263260000002,58
0,[],17,[],2019-04-08 13:54:09,0.0,0,0,7222076,2019-04-08 13:54:09,btc,1e+24,0.0,0,btc,49306342.21952568,0.0,0.0,58
0.0000000001351588,[],22,[],2019-04-08 13:54:12,137438.0,1.3515879999999999e-18,6.968368735719999e-23,7222077,2019-04-08 13:54:12,XMR,69.1795942,0.0,0.00000001,XMR,9887963.0,0.0,0.00137438,58
1,[],5,[],2019-04-08 13:54:14,0.0,0,0,7222078,2019-04-08 13:54:14,btc,0.0,0.16783423,0,btc,0.0,0.0,0.0,61
1,[],22,[],2019-04-08 13:54:17,113553.83333333333,0.00000015,0.000000000007733534999999999,7222079,2019-04-08 13:54:17,BTC,1002.29602762,0.0,0.00000015,BTC,15234.52361146909,0.0,0.01502511,61
1,[],26,[],2019-04-08 13:54:17,0.0,0.00000020,0.00000000001031138,7222080,2019-04-08 13:54:17,btc,0.0,2140.0,0.00000020,btc,0.0,0.0,0.0,61
0,[],27,[],2019-04-08 13:54:17,0.0,0,0,7222081,2019-04-08 13:54:17,,0.0,0.0,0,,0.0,0.0,0.0,61
1,[],28,[],2019-04-08 13:54:19,1639.304,0.0000002,0.00000000001031138,7222082,2019-04-08 13:54:19,btc,2.070307224942105,641.0,0.0000002,btc,25128.35620005,0.0,0.00011139304,61
1,[],4,[],2019-04-08 13:54:20,1593508.22896963,0.00000191,0.000000000098473679,7222083,2019-04-08 13:54:20,btc,9.541445888089736,0.0,0.00000191,btc,914420.92196074,0.10011392,1.2083462093205513,67
0.0,[],25,[],2019-04-08 13:54:21,0.0,0,0,7222084,2019-04-08 13:54:21,,0.0,0.0,0.0,btc,0.0,0.0,0.0,67
1,[],12,[],2019-04-08 13:54:22,1132913.78571426,0.00000024,0.000000000012373655999999999,7222085,2019-04-08 13:54:22,btc,56667922.00948986,0.0,0.00000024,btc,1224633.96141119,0.0023447005994012,0.0740855399999943,71
,[],5,[],2018-11-20 23:02:39,1.5e-07,0.00000005,0.000000000002128045,4862160,2018-11-20 23:02:39,btc,2.84511358,0.0,,btc,0.00036572,0.0,0.07381892,74
1,[],5,[],2019-04-08 13:54:24,0.0,0,0,7222086,2019-04-08 13:54:24,btc,0.0,0.01693853,0,btc,0.0,0.0,0.0,75
1,[],4,[],2019-04-08 13:54:25,3278481.00028221,0.00000001,0.0000000000005155689999999999,7222087,2019-04-08 13:54:25,btc,135894.21077439433,0.0,0.00000001,btc,35597698.10364842,0.0,0.0327848100028221,81
0,[],20,[],2019-01-25 09:30:31,0.0,0,0,6495923,2019-01-25 09:30:31,btc,0.0,0.0,0,btc,0.0,0.0,0.0,81
1,[],4,[],2019-04-08 13:54:27,18876.48360379,0.00007796,0.000000004019375924,7222088,2019-04-08 13:54:27,btc,17.76774846852575,0.0,0.00007796,btc,13228.04473648,0.13325685,0.2853407014343462,82
1,[],21,[],2019-04-08 13:54:28,752417.43925158,0.00007401000000000000460242954858,0.000000003815726169,7222089,2019-04-08 13:54:28,btc,3.5013306830779176,7692.74345233,0.00007401000000000000460242954858358643832616508007049560546875,btc,42632.57932588,0.57338861,2.668138926905979,82
0,[],17,[],2019-03-25 22:42:34,0.0,0,0,7038780,2019-03-25 22:42:34,btc,0.0445064681804024,0.0,0,btc,995513.18476001,0.0,0.0,84
0.0000000001696667,[],4,[],2019-04-08 13:54:30,285902965.8889396,1.696667e-18,8.74748908523e-23,7222090,2019-04-08 13:54:30,ltc,1.6928074292162012,0.0,0.00000001,ltc,450421552.74013853,0.0,4.850821274258894e-10,85
,[],22,[],2018-11-20 23:09:34,3408.1,0.0000001,0.0000000000041895,4862324,2018-11-20 23:09:34,BTC,0.04624735,0.0,,BTC,4990.0,0.0,0.00033081,86
1,[],22,[],2019-04-08 13:54:32,107643.2,0.00000005,0.000000000002577845,7222091,2019-04-08 13:54:32,BTC,3.66204147,0.0,0.00000005,BTC,225783.87374350388,0.0,0.00154216,87
0,[],27,[],2019-04-08 13:54:49,0.0,0,0,7222092,2019-04-08 13:54:49,,0.0,0.0,0,,0.0,0.0,0.0,87
,[],2,[],2018-11-20 23:10:47,0.0,0,0,4862359,2018-11-20 23:10:47,,0.0,0.0,,,0.0,0.0,0.0,88
1,[],11,[],2019-04-08 13:54:52,90263.69374584,0.0001410200000000000016865675522836909294710494577884674072265625,0.000000007270554037999999,7222093,2019-04-08 13:54:52,btc,529.6617342489502,121.79887603,0.0001410200000000000016865675522836909294710494577884674072265625,btc,101466.37063117,0.0,5.896685201661736,89
0,[],2,[],2019-01-20 23:31:45,0.0,0,0,6477083,2019-01-20 23:31:45,,0.0,0.0,0,,0.0,0.0,0.0,91
1,[],12,[],2019-04-08 13:54:53,309436.28228603,0.00000075,0.000000000038667674999999996,7222094,2019-04-08 13:54:53,btc,83.11186301059298,0.0,0.00000075,btc,93121.70621705,0.0083833173076893,0.034799770826312,91
0,[],17,[],2019-04-08 13:54:55,0.0,0,0,7222095,2019-04-08 13:54:55,btc,0.0,0.0,0,btc,0.0,0.0,0.0,91
1,[],22,[],2019-04-08 13:54:57,65900.0,0.00000001,0.0000000000005155689999999999,7222096,2019-04-08 13:54:57,BTC,3e-06,0.0,0.00000001,BTC,1.0,0.0,0.000659,91
0,[],22,[],2019-03-21 12:10:46,0.0,0,0,6996572,2019-03-21 12:10:46,,4.56897116,0.0,0,,46768900.1,0.0,0.0,95
0.0000000001696667,[],4,[],2019-04-08 13:54:59,543695503.8658675,2.7146672e-17,1.3995982536368e-21,7222097,2019-04-08 13:54:59,ltc,11.977319790136251,0.0,0.00000016,ltc,142348448.9076473,0.0,1.3229845678777048e-09,96
0,[],12,[],2019-04-08 13:55:00,0.0,0,0,7222098,2019-04-08 13:55:00,btc,50.5312283201998,0.0,0,btc,5061277.01997998,0.0001,0.0,96
0,[],17,[],2019-04-08 13:55:01,0.0,0,0,7222099,2019-04-08 13:55:01,btc,0.0,0.0,0,btc,0.0,0.0,0.0,96
1,[],4,[],2019-04-03 20:04:38,1523570.8786377,0.00000040,0.00000000002042612,7166515,2019-04-03 20:04:38,btc,4.6810255304234305,0.0,0.00000040,btc,3209413.55187158,0.19593752,0.1820333463725714,99
1,[],4,[],2019-04-08 13:55:02,342771.49234477,0.00004503,0.000000002321607207,7222100,2019-04-08 13:55:02,btc,9.852670544502946,0.0,0.00004503,btc,148698.94923311,0.3710784,3.5573697459882343,100
0,[],2,[],2019-01-20 23:23:55,0.0,0,0,6476914,2019-01-20 23:23:55,,0.0,0.0,0,,0.0,0.0,0.0,100
1,[],22,[],2019-04-08 13:55:06,120000.0,0.00000002,0.0000000000010311379999999998,7222101,2019-04-08 13:55:06,BTC,24.82891609,0.0,0.00000002,BTC,11877.22,0.0,0.0014,101
1,[],4,[],2019-04-08 13:55:07,381372.9183425,0.00000086,0.000000000044338934,7222102,2019-04-08 13:55:07,btc,286.41454088308984,0.0,0.00000086,btc,677234.0712055,0.0263317,0.2066624287955698,103
1,[],12,[],2019-04-08 13:55:09,36570116.0,0.000000007,0.0000000000003608983,7222103,2019-04-08 13:55:09,btc,468419818.52891016,0.0,0.000000007,btc,86723238.29863408,0.00915336197518936,0.064050809,105
0,[],27,[],2019-04-08 13:55:15,0.0,0,0,7222104,2019-04-08 13:55:15,,0.0,0.0,0,,0.0,0.0,0.0,105
1,[],22,[],2019-04-01 17:44:48,9328.0,0.00000001,0.00000000000041453500000000006,7138290,2019-04-01 17:44:48,BTC,51.38182867,0.0,0.00000001,BTC,470435.0,0.00050637,9.328e-05,107
1,[],26,[],2019-04-01 17:44:48,0.0,0.00000000,0,7138291,2019-04-01 17:44:48,btc,0.0,0.0,0.00000000,btc,0.0,0.0,0.0,107
1,[],5,[],2019-04-08 13:55:18,0.0,0,0,7222105,2019-04-08 13:55:18,btc,0.0,0.0055664,0,btc,0.0,0.0,0.0,112
0,[],22,[],2019-04-08 13:55:20,0.0,0,0,7222106,2019-04-08 13:55:20,,2.7872961,0.0,0,,1029384.0833333334,0.0,0.0,112
0,[],27,[],2019-04-08 13:55:30,0.0,0,0,7222107,2019-04-08 13:55:30,,0.0,0.0,0,,0.0,0.0,0.0,112
1,[],4,[],2019-04-08 13:55:30,85285.52597101,0.00000151,0.000000000077850919,7222108,2019-04-08 13:55:30,btc,3.7923774978296576,0.0,0.00000151,btc,479159.11900994,0.03449899,0.0753863419037628,113
1,[],5,[],2019-04-08 13:55:32,0.0,0,0,7222109,2019-04-08 13:55:32,btc,0.0,0.00092156,0,btc,0.0,0.0,0.0,113
1,[],17,[],2019-04-08 13:55:34,152738.278,0.00000004,0.000000000002062276,7222110,2019-04-08 13:55:34,btc,1.3368030274723852,0.0,0.00000004,btc,51896.221,0.0,0.0022095311199999998,116
0,[],27,[],2019-04-08 13:55:34,0.0,0,0,7222111,2019-04-08 13:55:34,,0.0,0.0,0,,0.0,0.0,0.0,116
1,[],4,[],2019-04-08 13:55:35,64915019.53706267,0.00001327,0.0000000006841600629999999,7222112,2019-04-08 13:55:35,btc,117.81987263588358,0.0,0.00001327,btc,209661.5685915,0.51134869,7.178400016287672,120
1,[],7,[],2019-04-08 13:55:37,9416.89042642,0.0000122099999999999999874579492686876847074017859995365142822265625,0.000000000629509749,7222113,2019-04-08 13:55:37,btc,127202.40842522202,19.53613458,0.0000122099999999999999874579492686876847074017859995365142822265625,btc,5766.84980439,0.000278,0.0159420274561879,120
1,[],20,[],2019-04-07 18:42:29,1914137.0852,0.000000035,0.0000000000017871910000000002,7211992,2019-04-07 18:42:29,btc,32.2497668025648,25528.85,0.000000035,btc,1001975.4986,0.00089350975,0.0152723574729,125
0,[],22,[],2019-04-08 13:55:40,0.0,0,0,7222114,2019-04-08 13:55:40,,0.01444887,0.0,0,,296263.5111111111,0.0,0.0,126
1,[],4,[],2019-04-08 13:55:41,3241051.45420997,0.00001046,0.000000000539285174,7222115,2019-04-08 13:55:41,btc,4.4361440986726395,0.0,0.00001046,btc,181046.9909524,0.25551539,0.5652844688309215,131
0,[],17,[],2019-04-08 13:55:43,0.0,0,0,7222116,2019-04-08 13:55:43,btc,0.0953976503951408,0.0,0,btc,5037.62507334,0.0,0.0,131
0,[],2,[],2019-01-20 23:25:46,0.0,0,0,6476969,2019-01-20 23:25:46,,0.0,0.0,0,,0.0,0.0,0.0,131
1,[],4,[],2019-04-08 13:55:44,4729.06982534,0.00011069,0.000000005706833261,7222117,2019-04-08 13:55:44,btc,9.98375074719941,0.0,0.00011069,btc,242.95868326,0.0,0.0104437351697522,135
1,[],3,[],2019-03-07 00:20:44,877702.73244099,0.00000004,0.00000000000154846,6863392,2019-03-07 00:20:44,btc,0.119366241821405,0.0,0.00000004,btc,760637.99421222,0.0,0.023771231960604298,136
1,[],4,[],2019-04-08 13:55:45,2405676.78657746,0.00000094,0.000000000048463485999999996,7222118,2019-04-08 13:55:45,btc,50.326904336837124,0.0,0.00000094,btc,602111.08362598,0.04129007,0.1399703015093395,137
1,[],12,[],2019-04-08 13:55:46,158335.41090145,0.000001039999999999999995289683661636725986454621306620538234710693359375,0.000000000053619175999999994,7222119,2019-04-08 13:55:46,btc,10234.706380403188,0.0,0.000001039999999999999995289683661636725986454621306620538234710693359375,btc,10641.14273091,0.0,0.0132988099999907,137
1,[],4,[],2019-04-08 13:55:47,95161.29582208,0.00002361,0.000000001217258409,7222120,2019-04-08 13:55:47,btc,5.451866561120872,0.0,0.00002361,btc,73530.35041849,1.56534622,1.2270653588182252,142
1,[],5,[],2019-04-08 13:55:49,0.0,0,0,7222121,2019-04-08 13:55:49,btc,0.0,0.13525626,0,btc,0.0,0.0,0.0,142
1,[],17,[],2019-04-08 13:55:51,22967.386363640002,0.00000088,0.000000000045370072,7222122,2019-04-08 13:55:51,btc,20.06976206757675,0.0,0.00000088,btc,2746.079105,0.0,0.0104613000000032,142
1,[],20,[],2019-04-08 13:55:53,60442.1415,0.000028551,0.0000000014720010519,7222123,2019-04-08 13:55:53,btc,1.3841158758415,0.0499,0.000028551,btc,3331.5358,1.424645e-06,0.0472445982165,142
1,[],22,[],2019-04-08 13:55:56,1621.0,0.00001020,0.00000000052588038,7222124,2019-04-08 13:55:56,BTC,3.27948712,0.0,0.00001020,BTC,1169.5278181818182,0.0,0.0007584,142
0.0,[],25,[],2019-04-08 13:55:57,0.0,0,0,7222125,2019-04-08 13:55:57,,0.0,0.0,0.0,btc,0.0,0.0,0.0,142
1,[],28,[],2019-04-08 13:56:06,77757.207,0.00004735,0.000000002441219215,7222126,2019-04-08 13:56:06,btc,0.0477314554747,884.0,0.00004735,btc,312.37303,0.0,0.01634985145,142
0,[],22,[],2019-04-08 13:56:10,0.0,0,0,7222127,2019-04-08 13:56:10,,62.98070713,0.0,0,,767832216.8,0.0,0.0,143
0,[],22,[],2019-02-25 15:42:22,0.0,0,0,6783783,2019-02-25 15:42:22,,4.2131946,0.0,0,,2322156.0,0.0,0.0,146
,[],22,[],2018-11-20 23:01:11,0.0,0,0,4862114,2018-11-20 23:01:11,,2.56807021,0.0,,,61828.4988236,0.0,0.0,147
1,[],12,[],2019-04-08 13:56:11,257798.76795579,0.0000020300000000000000457815209353729102303987019695341587066650390625,0.00000000010466050699999999,7222128,2019-04-08 13:56:11,btc,9.69817784039226,0.0,0.0000020300000000000000457815209353729102303987019695341587066650390625,btc,106618.49999209,0.00047328,0.0099957599999799,148
1,[],4,[],2019-03-19 21:31:25,255810.0415942,0.00000029,0.000000000011615747,6982695,2019-03-19 21:31:25,btc,218.94922712414143,0.0,0.00000029,btc,793529.37642722,0.00117,0.0608347789473395,152
0,[],22,[],2019-03-19 21:31:27,0.0,0,0,6982696,2019-03-19 21:31:27,,0.0,0.0,0,,0.0,0.0,0.0,152
1,[],5,[],2019-04-08 13:56:13,0.0,0,0,7222129,2019-04-08 13:56:13,btc,0.0,0.0,0,btc,0.0,0.0,0.0,153
,[],16,[],2019-01-11 15:38:59,0.0,0,0,6366141,2019-01-11 15:38:59,btc,0.0,0.0,,btc,0.0,0.0,0.0,155
0,[],22,[],2019-04-08 13:56:16,0.0,0,0,7222130,2019-04-08 13:56:16,,6.80640151,0.0,0,,4675792.242592593,0.0,0.0,156
0,[],23,[],2019-01-20 23:24:29,0.0,0,0,6476932,2019-01-20 23:24:29,,0.0,0.0,0,,0.0,0.0,0.0,156
1,[],22,[],2019-04-08 13:56:18,7066.0,0.00000800,0.00000000041245519999999996,7222131,2019-04-08 13:56:18,BTC,1.79802465,0.0,0.00000800,BTC,802.6461988741639,0.0,0.00062996,157
0,[],22,[],2019-04-08 13:56:45,0.0,0,0,7222132,2019-04-08 13:56:45,,50234.63122879,0.0,0,,55030636.03179465,0.0,0.0,158
,[],17,[],2018-11-20 22:56:10,0.0,0,0,4861976,2018-11-20 22:56:10,btc,1.1265625,0.0,,btc,1000.0,0.0,0.0,159
,[],20,[],2018-11-20 22:56:12,0.0,0,0,4861977,2018-11-20 22:56:12,btc,11912.7940471,0.0,,btc,34413894.3617,0.0,0.0,159
1,[],12,[],2019-04-08 13:56:47,244509.09195733,0.0000059000000000000002624094518066666381628238013945519924163818359375,0.00000000030418571,7222133,2019-04-08 13:56:47,btc,17.952603973852256,0.0,0.0000059000000000000002624094518066666381628238013945519924163818359375,btc,10397.82431445,0.0015937102,0.1020621849999864,168
1,[],17,[],2019-04-08 13:56:49,22852.0,0.00000001,0.000000000000515569,7222134,2019-04-08 13:56:49,btc,0.04106974251542,0.0,0.00000001,btc,256.46171372,0.0,0.00022852000000000001,168
1,[],22,[],2019-04-07 03:35:46,993744.0,0.00000001,0.000000000000511532,7204372,2019-04-07 03:35:46,BTC,45.65738194,0.0,0.00000001,BTC,529106.1947107811,0.0,0.00993744,169
1,[],22,[],2019-04-08 13:56:52,635027.6666666666,0.00000004,0.0000000000020622759999999997,7222135,2019-04-08 13:56:52,BTC,11.28982263,0.0,0.00000004,BTC,122025.29625227844,0.00025044,0.01527134,171
1,[],22,[],2019-04-01 09:30:11,464224.0,0.00000029,0.000000000011989963000000002,7131874,2019-04-01 09:30:11,BTC,2.300003,0.0,0.00000029,"BTC,LTC",295879.07579844765,0.00203181,0.12689866,173
1,[],5,[],2019-04-08 13:56:54,0.0,0,0,7222136,2019-04-08 13:56:54,btc,0.0,0.07641468,0,btc,0.0,0.0,0.0,175
1,[],22,[],2019-04-08 13:56:58,634768.6666666666,0.00000003,0.0000000000015467069999999999,7222137,2019-04-08 13:56:58,BTC,0.52441472,0.0,0.00000003,BTC,129184.40469601455,0.0,0.00704306,176
1,[],7,[],2019-04-08 13:56:59,0.0,0,0,7222138,2019-04-08 13:56:59,btc,409259.93899906956,0.0,0,btc,47742347.23671812,0.0,0.0,178
0,[],22,[],2019-04-08 13:57:01,0.0,0,0,7222139,2019-04-08 13:57:01,,1.00242438,0.0,0,,57522.0,0.0,0.0,178
0,[],2,[],2019-01-20 23:28:34,0.0,0,0,6477001,2019-01-20 23:28:34,,0.0,0.0,0,,0.0,0.0,0.0,178
1,[],5,[],2019-04-08 13:57:03,0.0,0,0,7222140,2019-04-08 13:57:03,btc,0.0,0.0593844,0,btc,0.0,0.0,0.0,179
1,[],22,[],2019-04-08 13:57:05,824451.0,0.00000001,0.0000000000005155689999999999,7222141,2019-04-08 13:57:05,BTC,5.5216135,0.0,0.00000001,BTC,17701825.192249708,9.356e-05,0.00824451,179
0,[],23,[],2019-01-20 23:25:08,0.0,0,0,6476952,2019-01-20 23:25:08,,0.0,0.0,0,,0.0,0.0,0.0,179
1,[],17,[],2019-04-08 13:57:07,10504.725,0.0000001,0.00000000000515569,7222142,2019-04-08 13:57:07,btc,5.201069583843855,0.0,0.0000001,btc,5033.45945,0.0,0.0010504725,180
1,[],22,[],2019-04-08 13:57:11,673970.2973262032,0.00000085,0.000000000043823364999999994,7222143,2019-04-08 13:57:11,BTC,38.04365913,0.0,0.00000085,"BTC,LTC",138671.8594236411,0.003266,0.56160229,180
1,[],26,[],2019-04-08 13:57:11,0.0,0.00000125,0.000000000064446125,7222144,2019-04-08 13:57:11,btc,0.0,105.17,0.00000125,btc,0.0,0.0,0.0,180
,[],7,[],2018-11-20 22:58:01,562227.975654,0.00000085,0.000000000036176765,4862015,2018-11-20 22:58:01,btc,21836.6059674,2491.87645172,,btc,749999.041456,0.00211021,0.127565380455,183
,[],5,[],2019-01-10 08:11:41,0.0,0,0,6347036,2019-01-10 08:11:41,btc,82.15055501,0.00261,,btc,1.19002445,0.0,0.0,187
1,[],24,[],2019-04-08 13:57:11,0.0,0.000000000014,7.217965999999999e-16,7222145,2019-04-08 13:57:11,btc,0.0,0.0,0.000000000014,btc,0.0,0.0,0.0,187
,[],17,[],2018-11-16 20:58:10,4062536.27273,0.00000001,0.000000000000550501,4708775,2018-11-16 20:58:10,btc,3.36492563466,0.195460381006,,"btc,eth",110697919.549,0.0,0.0157628953496,187
1,[],22,[],2019-03-26 06:20:29,12315.0,0.00000001,0.00000000000039339800000000003,7044441,2019-03-26 06:20:29,BTC,7.56699454,0.0,0.00000001,BTC,79361.7243344055,0.0,0.00012315,191
0,[],22,[],2019-04-08 13:57:16,0.0,0,0,7222146,2019-04-08 13:57:16,,0.0,0.0,0,,0.0,0.0,0.0,197
0,[],23,[],2019-01-20 23:31:41,0.0,0,0,6477079,2019-01-20 23:31:41,,0.0,0.0,0,,0.0,0.0,0.0,199
0.0000000001696667,[],22,[],2019-04-08 13:57:20,107121968.0,1.696667e-18,8.74748908523e-23,7222147,2019-04-08 13:57:20,LTC,5.45812985,0.0,0.00000001,LTC,26942169.15,6.786668e-12,1.07121968,199
1,[],26,[],2019-04-08 13:57:20,0.0,0.00000000,0,7222148,2019-04-08 13:57:20,btc,0.0,156736.0,0.00000000,btc,0.0,0.0,0.0,199
0,[],2,[],2019-01-20 23:30:49,0.0,0,0,6477059,2019-01-20 23:30:49,,0.0,0.0,0,,0.0,0.0,0.0,201
1,[],4,[],2019-01-25 15:51:35,2084389.58565343,0.00000936,0.000000000333526752,6499557,2019-01-25 15:51:35,btc,2.0092503037378524,0.0,0.00000936,btc,160195.80207885,0.19272417,1.242687955921835,211
1,[],7,[],2019-04-08 13:57:23,2970641.61262206,0.000001089999999999999940087530049537267728965161950327455997467041015625,0.000000000056197020999999997,7222149,2019-04-08 13:57:23,btc,15586195.436871132,285649.028851,0.000001089999999999999940087530049537267728965161950327455997467041015625,btc,13351053.86343398,0.0,2.1338923570736554,212
1,[],12,[],2019-01-25 02:44:32,207462.42853209,0.000001080000000000000035831255497387193287295303889550268650054931640625,0.000000000038610756000000006,6493050,2019-01-25 02:44:32,btc,85023.03793723314,0.0,0.000001080000000000000035831255497387193287295303889550268650054931640625,btc,43675.73520027,0.000146250909087,0.0348620860622024,213
1,[],5,[],2019-04-08 03:10:35,0.0,0,0,7216323,2019-04-08 03:10:35,btc,0.0,0.37968348,0,btc,0.0,0.0,0.0,213
1,[],24,[],2019-04-08 03:10:35,0.0,0.000000220000,0.000000000011599654,7216324,2019-04-08 03:10:35,btc,0.0,0.0,0.000000220000,btc,0.0,0.0,0.0,213
1,[],26,[],2019-04-08 03:10:35,0.0,0.00000040,0.00000000002109028,7216325,2019-04-08 03:10:35,btc,0.0,0.0,0.00000040,btc,0.0,0.0,0.0,213
1,[],22,[],2019-04-08 13:57:27,435836.0,0.00000001,0.0000000000005155689999999999,7222150,2019-04-08 13:57:27,BTC,9.52464183,0.0,0.00000001,BTC,1146899.9818427025,0.0,0.00435836,216
0,[],27,[],2019-04-08 13:58:57,0.0,0,0,7222151,2019-04-08 13:58:57,,0.0,0.0,0,,0.0,0.0,0.0,216
1,[],22,[],2019-04-08 13:59:00,689379.1219492647,0.00000177,0.00000000009125571299999999,7222152,2019-04-08 13:59:00,BTC,12043.71479988,0.0,0.00000177,BTC,360601.29365233454,0.01071437,0.51759034,217
1,[],7,[],2019-04-08 13:59:03,0.0,0,0,7222153,2019-04-08 13:59:03,btc,77969.70443924062,0.0,0,btc,136424979.15198368,0.0,0.0,219
0,[],27,[],2019-04-08 13:59:03,0.0,0,0,7222154,2019-04-08 13:59:03,,0.0,0.0,0,,0.0,0.0,0.0,219
0.0000000000000061,[],28,[],2019-04-08 13:59:12,262379700.325,5.185e-18,2.673225265e-22,7222155,2019-04-08 13:59:12,doge,110064.68020324661,45540.9,0.00085000,"btc,doge",17940154.63126,0.0,2.004331812610351e-11,219
1,[],22,[],2019-04-02 19:32:29,694653.0,0.00000007,0.00000000000330008,7153804,2019-04-02 19:32:29,BTC,2.83309452,0.0,0.00000007,BTC,94373.03430328587,0.00135954,0.03572421,221
1,[],24,[],2019-04-02 19:32:29,0.0,0.000000140000,0.00000000000660016,7153805,2019-04-02 19:32:29,btc,0.0,0.0,0.000000140000,btc,0.0,0.0,0.0,221
1,[],20,[],2019-04-08 13:59:14,10855582.1866,0.000000005,0.00000000000025778449999999996,7222156,2019-04-08 13:59:14,btc,100092.20579119022,0.0,0.000000005,btc,18042580.8359,0.0,0.0349899439598,224
0,[],22,[],2019-04-08 13:59:16,0.0,0,0,7222157,2019-04-08 13:59:16,,0.0,0.0,0,,0.0,0.0,0.0,224
1,[],26,[],2019-04-08 13:59:16,0.0,0.00000022,0.000000000011342518,7222158,2019-04-08 13:59:16,btc,0.0,0.0,0.00000022,btc,0.0,0.0,0.0,231
1,[],26,[],2019-04-08 13:59:17,0.0,0.00000005,0.000000000002577845,7222159,2019-04-08 13:59:17,btc,0.0,100.0,0.00000005,btc,0.0,0.0,0.0,234
0,[],27,[],2019-04-08 13:59:17,0.0,0,0,7222160,2019-04-08 13:59:17,,0.0,0.0,0,,0.0,0.0,0.0,234
1,[],4,[],2019-04-08 13:59:18,17221387.01870729,0.00000081,0.000000000041761088999999995,7222161,2019-04-08 13:59:18,btc,4.910481474076011,0.0,0.00000081,btc,1325293.64609284,0.05137326,0.29777536479964,236
1,[],24,[],2019-04-08 13:59:18,0.0,0.000000500000,0.000000000025778449999999997,7222162,2019-04-08 13:59:18,btc,0.0,0.0,0.000000500000,btc,0.0,0.0,0.0,236
1,[],20,[],2019-04-08 13:59:21,77493643.8919,0.000000034,0.0000000000017529346,7222163,2019-04-08 13:59:21,btc,482.1181939942874,14407030.0309,0.000000034,btc,31018999.2583,0.4958890723556,0.6883851573058,237
1,[],22,[],2019-04-08 13:59:25,795976.9,0.00000001,0.0000000000005155689999999999,7222164,2019-04-08 13:59:25,BTC,1.20377519,0.0,0.00000001,"BTC,LTC",18869.0,0.0,0.12586331,237
1,[],4,[],2019-04-08 13:59:26,4620886.9221364,0.00000033,0.000000000017013777,7222165,2019-04-08 13:59:26,btc,3.772133706439442,0.0,0.00000033,btc,7291686.57766052,0.78420476,0.8754868104545906,238
1,[],5,[],2019-04-08 13:59:28,0.0,0,0,7222166,2019-04-08 13:59:28,btc,0.0,0.02662677,0,btc,0.0,0.0,0.0,238
0,[],22,[],2019-03-12 16:49:32,0.0,0,0,6914458,2019-03-12 16:49:32,,0.40415746,0.0,0,,526736.5639027493,0.0,0.0,249
0.0000000001696667,[],22,[],2019-04-08 13:59:31,18703648.0,1.696667e-18,8.74748908523e-23,7222167,2019-04-08 13:59:31,LTC,2.7230552,0.0,0.00000001,LTC,31476785.414074074,5.11283813782e-13,0.18703648,252
1,[],28,[],2019-04-08 13:59:38,1457149.399,0.00000111,0.000000000057228158999999996,7222168,2019-04-08 13:59:38,btc,164695.1251861269,486488.8846,0.00000111,btc,480789.2433,0.0,0.85572125682,256
1,[],22,[],2019-04-08 13:59:41,1143358.5,0.00000002,0.0000000000010311379999999998,7222169,2019-04-08 13:59:41,BTC,21.75700264,0.0,0.00000002,BTC,545178.2454253442,0.0,0.01233363,258
1,[],22,[],2019-03-13 00:07:30,47146.0,0.00000001,0.000000000000387233,6917028,2019-03-13 00:07:30,BTC,2.415167,0.0,0.00000001,BTC,157.0,0.0,0.00047146,259
1,[],5,[],2019-04-08 13:59:43,0.0,0,0,7222170,2019-04-08 13:59:43,btc,0.0,0.11871141,0,btc,0.0,0.0,0.0,264
1,[],20,[],2019-04-08 13:59:45,1297006.2972,0.0000017,0.00000000008764672999999999,7222171,2019-04-08 13:59:45,btc,4.7117756197249,127100.1143,0.0000017,btc,90528.668,0.2919760588242,0.0344995683188,264
0,[],22,[],2019-04-08 13:59:47,0.0,0,0,7222172,2019-04-08 13:59:47,,66.41067466,0.0,0,,640842.4233983938,0.0,0.0,271
0,[],22,[],2019-04-08 13:59:50,0.0,0,0,7222173,2019-04-08 13:59:50,,111843.11266242,0.0,0,,14245627424.692,0.0,0.0,272
0.0000000000000061,[],28,[],2019-04-08 13:59:56,224966479557.083,2.684e-21,1.383787196e-25,7222174,2019-04-08 13:59:56,doge,44571844.530690536,36005572926.6359,0.00000044,doge,260533158636.6582,0.0,4.916447468440828e-10,272
1,[],22,[],2019-04-08 12:48:39,205832.0,0.00000017,0.000000000008723142000000001,7221270,2019-04-08 12:48:39,BTC,79.51581032,0.0,0.00000017,BTC,44251.28614701752,0.0021336,0.01653582,281
1,[],22,[],2019-04-08 13:59:59,909189.1845238095,0.00000008,0.000000000004124551999999999,7222175,2019-04-08 13:59:59,BTC,4286.6904726,0.0,0.00000008,BTC,301625.61041191616,0.0020202,0.0567567,286
0,[],22,[],2019-04-08 14:00:04,0.0,0,0,7222176,2019-04-08 14:00:04,,1044974.57066254,0.0,0,,1132418521.4347825,0.0,0.0,294
