pairValue,buyBook,exchangeId,sellBook,updated,buyTotal,satoshiPrice,usdPrice,exchangeLogId,created,bestPair,sellTotalBtc,volume,pairPrice,activePairs,sellTotal,volumeBtc,buyTotalBtc,coinId
1,[],12,[],2019-02-27 06:09:29,10430.11461157,0.01247000000000000018152146452621309435926377773284912109375,0.000000476196878,6800080,2019-02-27 06:09:29,btc,0.487699050438,0.0,0.01247000000000000018152146452621309435926377773284912109375,btc,29.43754243,0.2190411380742,0.26675449557520003,1
0,[],2,[],2019-01-20 23:28:45,0.0,0,0,6477011,2019-01-20 23:28:45,,0.0,0.0,0,,0.0,0.0,0.0,1
1,[],3,[],2019-02-27 07:16:53,30535.327540970862,0.01248984000000000031682656498333017225377261638641357421875,0.0000004768608422159999,6800614,2019-02-27 07:16:53,btc,61.072845443424335,0.000149206496,0.01248984000000000031682656498333017225377261638641357421875,btc,22.341384759229,0.0,0.247071136430601,1
1,[],4,[],2019-02-27 07:16:54,303082.79460048,0.01254693,0.000000479040532707,6800615,2019-02-27 07:16:54,btc,9.177210965024564,0.0,0.01254693,btc,260.57335828,0.49251346,2.7436826577032862,1
1,[],5,[],2019-02-27 07:16:56,0.0,0,0,6800616,2019-02-27 07:16:56,btc,0.0,0.11554546,0,btc,0.0,0.0,0.0,1
1,[],10,[],2019-02-27 07:16:57,414595.07401487,0.01010103,0.000000385656315297,6800617,2019-02-27 07:16:57,btc,6522.617688194844,1762.02279522,0.01010103,btc,1140.47018213,0.0,4.998614706367418,1
1,[],20,[],2019-02-27 07:17:01,1150.0464,0.01051,0.000000401270749,6800618,2019-02-27 07:17:01,btc,0.0662082325693,0.0575,0.01051,btc,3.0133,0.00071529,0.0875490456215,1
1,[],21,[],2019-02-27 07:17:02,2467.93534181,0.01252013000000000084166451586,0.0000004780173113870001,6800619,2019-02-27 07:17:02,btc,24.169727631992398,2108.96219776,0.0125201300000000008416645158604296739213168621063232421875,"btc,eth",2495.769971,25.79277436760611,25.07312188811525,1
1,[],22,[],2019-02-27 07:17:07,0.0163776,0.01300000,0.0000004963387,6800620,2019-02-27 07:17:07,BTC,0.31423927,0.0,0.01300000,BTC,0.11751954901960784,0.0,0.00020972,1
1,[],24,[],2019-02-27 07:17:07,0.0,0.000000000000,0,6800621,2019-02-27 07:17:07,btc,0.0,0.0,0.000000000000,btc,0.0,0.0,0.0,1
0.0,[],25,[],2019-02-27 07:17:08,0.0,0,0,6800622,2019-02-27 07:17:08,btc,27.756699997841732,3443.96015069,0.0,btc,2168.26802622,44.0615,0.0,1
1,[],26,[],2019-02-27 07:17:09,0.0,0,0,6800623,2019-02-27 07:17:09,,0.0,0.0,0,,0.0,0.0,0.0,1
1,[],28,[],2019-02-27 07:17:11,993.142,0.01323000,0.000000505120077,6800624,2019-02-27 07:17:11,btc,0.162839806,18018.6,0.01323000,btc,8.9,0.0,0.089302756,1
1,[],5,[],2019-02-27 07:10:24,0.0,0,0,6800458,2019-02-27 07:10:24,btc,0.0,0.00050496,0,btc,0.0,0.0,0.0,2
0.0000000001250123,[],22,[],2019-02-27 07:10:28,1148.0,1.3751353e-16,5.248740175217e-21,6800459,2019-02-27 07:10:28,XMR,21.01373823,0.0,0.00000110,XMR,14319.12581,0.0,0.00087635,2
1,[],5,[],2019-02-27 07:10:29,0.0,0,0,6800460,2019-02-27 07:10:29,btc,0.0,0.02669952,0,btc,0.0,0.0,0.0,3
0,[],28,[],2019-02-27 07:10:31,0.0,0,0,6800461,2019-02-27 07:10:31,,0.0,0.0,0,,0.0,0.0,0.0,3
1,[],12,[],2019-02-27 06:11:45,13784526.1763,0.000000173,0.0000000000066064202,6800091,2019-02-27 06:11:45,btc,924396.2335477517,0.0,0.000000173,btc,8106525.57845583,0.02302362318822656,0.7490473691235,3
0,[],2,[],2019-01-20 23:31:32,0.0,0,0,6477077,2019-01-20 23:31:32,,0.0,0.0,0,,0.0,0.0,0.0,4
1,[],4,[],2019-02-27 07:17:12,411618.65443734,0.00000033,0.000000000012599367,6800625,2019-02-27 07:17:12,btc,31.987543716450773,0.0,0.00000033,btc,710510.44072273,0.00075548,0.0584717308328429,4
1,[],12,[],2019-02-22 14:50:14,1367032.5219999999,0.00000003,0.000000000001190475,6759350,2019-02-22 14:50:14,btc,11013869.583570713,0.0,0.00000003,btc,1211697.32371984,0.00024567976024,0.02065290044,5
0,[],2,[],2019-01-20 23:31:51,0.0,0,0,6477087,2019-01-20 23:31:51,,0.0,0.0,0,,0.0,0.0,0.0,6
1,[],11,[],2019-02-27 07:17:13,4272596.5,0.00000001,0.000000000000381799,6800626,2019-02-27 07:17:13,btc,9432.752678832814,110000.0,0.00000001,btc,41797017.57452957,0.0,0.042725965,6
1,[],3,[],2019-02-27 07:17:14,1085.537475048359,0.0001510600000000000072038208731584063571062870323657989501953125,0.000000005767455694,6800627,2019-02-27 07:17:14,btc,26.3363151709563,0.0,0.0001510600000000000072038208731584063571062870323657989501953125,btc,247.537822229004,0.0,0.03339742781632559,7
1,[],4,[],2019-02-27 07:17:15,100946.77269762,0.00023713,0.000000009053599686999999,6800628,2019-02-27 07:17:15,btc,10.709006299850907,0.0,0.00023713,btc,34330.90283322,2.99036709,5.880992034490488,7
1,[],5,[],2019-02-27 07:17:16,0.0,0,0,6800629,2019-02-27 07:17:16,btc,0.0,0.19094976,0,btc,0.0,0.0,0.0,7
1,[],20,[],2019-02-20 02:16:17,39399275.8418,0.000000001,0.0000000000000390183,6728586,2019-02-20 02:16:17,btc,116.9737569154545,525.0,0.000000001,btc,56932965.8895,5.25e-07,0.0393992758418,8
0,[],2,[],2019-01-20 23:22:42,0.0,0,0,6476876,2019-01-20 23:22:42,,0.0,0.0,0,,0.0,0.0,0.0,9
0,[],23,[],2019-01-20 23:22:48,0.0,0,0,6476878,2019-01-20 23:22:48,,0.0,0.0,0,,0.0,0.0,0.0,9
1,[],4,[],2019-02-27 07:10:39,2548189.08124466,0.00000180,0.00000000006870402,6800467,2019-02-27 07:10:39,btc,6.027716650011419,0.0,0.00000180,btc,2354018.73183374,2.43763812,1.8056767032847476,9
1,[],28,[],2019-02-27 07:10:41,58847.853,0.00000181,0.000000000069085709,6800468,2019-02-27 07:10:41,btc,2708.762682539512,3588377.26,0.00000181,btc,12195.0788,0.0,0.07114681393,9
1,[],1,[],2019-02-17 23:31:42,1822507.21,0.00000181000000000000003456111265232042484285557293333113193511962890625,0.000000000066086901,6701244,2019-02-17 23:31:42,btc,3.6990969245,17153386.5,0.00000181000000000000003456111265232042484285557293333113193511962890625,btc,1997391.71,31.11772986,3.2610482446,9
1,[],4,[],2019-02-17 11:22:43,4341674.27126056,0.00000002,0.0000000000007272960000000001,6696112,2019-02-17 11:22:43,btc,0.1997230937751353,0.0,0.00000002,btc,4109766.79808031,0.00215132,0.0479381022052112,10
0,[],2,[],2019-01-20 23:23:08,0.0,0,0,6476890,2019-01-20 23:23:08,,0.0,0.0,0,,0.0,0.0,0.0,12
1,[],4,[],2019-02-27 07:17:17,4220704.49668335,0.00000122,0.000000000046579478,6800630,2019-02-27 07:17:17,btc,10.202140035354747,0.0,0.00000122,btc,5383217.82325874,1.46724558,2.5728015751858644,12
1,[],5,[],2019-02-27 07:17:17,0.0,0,0,6800631,2019-02-27 07:17:17,btc,0.0,0.32183833,0,btc,0.0,0.0,0.0,12
0.0,[],25,[],2019-02-27 07:17:19,0.0,0,0,6800632,2019-02-27 07:17:19,,0.0,0.0,0.0,btc,0.0,0.0,0.0,12
1,[],4,[],2019-02-27 07:17:20,1173943.07541648,0.00000547,0.00000000020884405299999998,6800633,2019-02-27 07:17:20,btc,2.9850941279756324,0.0,0.00000547,btc,417753.46894198,0.54706803,0.4576736873827084,13
1,[],10,[],2019-02-27 07:17:22,474068.07236848,0.00000529,0.000000000201971671,6800634,2019-02-27 07:17:22,btc,666802.599986965,8117.82501055,0.00000529,btc,743127.14775762,0.0,0.2850160004523205,13
1,[],21,[],2019-02-27 07:17:24,634233.75968923,0.000005679999999999999827672569896,0.00000000021686183199999999,6800635,2019-02-27 07:17:24,btc,6.0752751077795635,491366.09814837,0.000005679999999999999827672569896463983241119422018527984619140625,btc,959393.43890986,2.76721538,3.2939261150159442,13
1,[],4,[],2019-02-27 07:10:49,702769.04884738,0.00000126,0.000000000048092814,6800474,2019-02-27 07:10:49,btc,14.459810581550652,0.0,0.00000126,btc,899421.08265343,0.08023402,0.1493351245396929,14
0,[],17,[],2019-02-27 07:10:52,0.0,0,0,6800475,2019-02-27 07:10:52,btc,0.0,0.0,0,btc,0.0,0.0,0.0,14
1,[],26,[],2019-02-27 07:10:52,0.0,0.00000050,0.00000000001908445,6800476,2019-02-27 07:10:52,btc,0.0,0.0,0.00000050,btc,0.0,0.0,0.0,14
1,[],12,[],2019-02-27 06:12:15,217265.91304348,0.000001120000000000000076372827333137660588135986472479999065399169921875,0.000000000042769888000000005,6800107,2019-02-27 06:12:15,btc,5.29429948623878,0.0,0.000001120000000000000076372827333137660588135986472479999065399169921875,btc,33863.19873547,0.0,0.0232142600000004,14
,[],12,[],2018-12-01 15:15:48,204241.84496,0.00000489,0.000000000202473384,5260204,2018-12-01 15:15:48,btc,49.5475654835,0.0,,btc,35763.2193806,0.0163153972027625,0.0203389899998,15
0,[],4,[],2019-02-27 07:17:25,0.0,0,0,6800636,2019-02-27 07:17:25,,0.0,0.0,0,,0.0,0.0,0.0,15
1,[],4,[],2019-02-27 07:10:54,26292.50230216,0.00001792,0.000000000683986688,6800478,2019-02-27 07:10:54,btc,1.2323789538699894,0.0,0.00001792,btc,9426.51247796,0.00714544,0.0891532259864514,18
1,[],10,[],2019-02-27 07:10:56,783653.75193633,0.00001728,0.0000000006595585920000001,6800479,2019-02-27 07:10:56,btc,16.63252308944722,12550.2901818,0.00001728,btc,14933.19698742,0.0,0.1421494689127112,18
0,[],2,[],2019-01-20 23:23:38,0.0,0,0,6476906,2019-01-20 23:23:38,,0.0,0.0,0,,0.0,0.0,0.0,18
0,[],17,[],2019-02-27 05:09:41,0.0,0,0,6799773,2019-02-27 05:09:41,btc,0.0,0.0,0,btc,0.0,0.0,0.0,18
1,[],12,[],2019-02-27 06:12:26,193475.51294333,0.00001701999999999999967450516058509180084001854993402957916259765625,0.000000000649949548,6800113,2019-02-27 06:12:26,btc,23.63061582413882,0.0,0.00001701999999999999967450516058509180084001854993402957916259765625,btc,1872.37523886,0.000325566800809,0.0328789823942106,18
0,[],27,[],2019-02-27 07:17:30,0.0,0,0,6800640,2019-02-27 07:17:30,,0.0,0.0,0,btc,0.0,0.0,0.0,19
0,[],2,[],2019-01-20 23:24:19,0.0,0,0,6476924,2019-01-20 23:24:19,,0.0,0.0,0,,0.0,0.0,0.0,19
1,[],12,[],2019-02-27 06:12:39,135335.43757646,0.0000183200000000000007803480084334069033502601087093353271484375,0.000000000699593168,6800117,2019-02-27 06:12:39,btc,6.897431508650434,0.0,0.0000183200000000000007803480084334069033502601087093353271484375,btc,394.76220934,0.0009196403598136,0.10969492000004259,19
1,[],3,[],2019-02-27 07:17:26,118351.62863834214,0.0000200099999999999998462514583241755872222711332142353057861328125,0.000000000763979799,6800637,2019-02-27 07:17:26,btc,0.5286560728341213,0.0,0.0000200099999999999998462514583241755872222711332142353057861328125,btc,9053.568872553742,0.0,0.030907014098799864,19
1,[],4,[],2019-02-27 07:17:27,480544.96313933,0.00001987,0.000000000758634613,6800638,2019-02-27 07:17:27,btc,2.2245957590370122,0.0,0.00001987,btc,74361.17209376,0.33886812,2.56141168886829,19
1,[],5,[],2019-02-27 07:17:28,0.0,0,0,6800639,2019-02-27 07:17:28,btc,0.0,0.00439948,0,btc,0.0,0.0,0.0,19
1,[],4,[],2019-02-27 07:17:31,2817409.12717412,0.00000013,0.000000000004963387,6800641,2019-02-27 07:17:31,btc,7.375585881011204,0.0,0.00000013,btc,2840199.57892104,0.00064067,0.0813360639981472,20
1,[],4,[],2019-02-27 07:11:04,104036087.13737024,0.00000002,0.000000000000763378,6800485,2019-02-27 07:11:04,btc,1807.0981986415547,0.0,0.00000002,btc,54975780.27639335,0.0,1.1684621866280451,21
0,[],17,[],2019-02-27 07:11:07,0.0,0,0,6800486,2019-02-27 07:11:07,btc,0.0,0.0,0,btc,0.0,0.0,0.0,21
1,[],12,[],2019-02-27 06:12:44,18358332.0,0.00000002,0.000000000000763748,6800121,2019-02-27 06:12:44,btc,670.3772032734847,0.0,0.00000002,btc,8255366.32857329,0.00578088,0.23940688000000002,21
0.0000000003574596,[],27,[],2019-02-27 07:17:34,2000.0,3.574596e-18,1.364777178204e-22,6800642,2019-02-27 07:17:34,eth,1.3829826565934114,0.0,0.00000001,eth,2164879.85514486,0.0,7.149192e-15,23
1,[],12,[],2019-02-27 06:12:56,3133377816.6808996,0.0000000002,0.00000000000000763748,6800123,2019-02-27 06:12:56,btc,875865843029.986,0.0,0.0000000002,btc,4900103429.020418,0.035225110191408594,0.3329466435829904,23
1,[],4,[],2019-02-27 07:17:35,470598.37767407,0.00000058,0.000000000022144342,6800643,2019-02-27 07:17:35,btc,9.12906385611695,0.0,0.00000058,btc,1523995.61553729,0.01113725,0.1520479544015796,24
1,[],22,[],2019-02-27 07:17:38,11.76,0.00000100,0.0000000000381799,6800644,2019-02-27 07:17:38,BTC,7.415e-05,0.0,0.00000100,BTC,23.919354838709676,0.0,1.176e-05,24
0.0,[],25,[],2019-02-27 07:17:39,0.0,0,0,6800645,2019-02-27 07:17:39,,0.0,0.0,0.0,btc,0.0,0.0,0.0,24
1,[],4,[],2019-02-27 07:17:40,28279518.67232648,0.00000691,0.000000000263823109,6800646,2019-02-27 07:17:40,btc,167.54402452903497,0.0,0.00000691,btc,263156.44711776,0.09461971,0.4648411841633311,26
1,[],10,[],2019-02-27 07:17:44,699061.84566707,0.0000064,0.00000000024435136,6800647,2019-02-27 07:17:44,btc,26.125781804159654,4023.0611383,0.0000064,btc,14023.98001653,0.0,0.2634751606942328,26
0,[],2,[],2019-01-20 23:25:56,0.0,0,0,6476976,2019-01-20 23:25:56,,0.0,0.0,0,,0.0,0.0,0.0,26
1,[],3,[],2019-02-27 07:11:15,6199746.70213569,0.00000001,0.000000000000381689,6800492,2019-02-27 07:11:15,btc,2.318451315292954,100481.338102,0.00000001,btc,17671163.51502257,0.0,0.061997467021356896,27
1,[],5,[],2019-02-27 07:11:17,0.0,0,0,6800493,2019-02-27 07:11:17,btc,0.0,0.00476051,0,btc,0.0,0.0,0.0,27
1,[],11,[],2019-02-27 07:11:18,9491944.20350207,0.00000005,0.000000000001908445,6800494,2019-02-27 07:11:18,btc,67506.40605986067,169525.403564,0.00000005,btc,8002256.57282965,0.0,0.44249750446473557,27
1,[],4,[],2019-02-27 07:17:45,1561647597.8065948,0.00000002,0.000000000000763598,6800648,2019-02-27 07:17:45,btc,2.511407582074434,0.0,0.00000002,"btc,ltc",283183877.1908993,0.50725555,12.995210248842259,29
1,[],7,[],2019-02-27 07:17:45,47476687.7215207,0.00000002,0.000000000000763598,6800649,2019-02-27 07:17:45,btc,44462590.769118324,0.0,0.00000002,btc,47175955.42159347,0.0,0.6189312873043272,29
0,[],17,[],2019-02-27 06:13:15,0.0,0,0,6800136,2019-02-27 06:13:15,btc,0.0,0.0,0,btc,0.0,0.0,0.0,30
1,[],4,[],2019-02-27 07:17:46,1437461.00295077,0.00000028,0.000000000010690371999999999,6800650,2019-02-27 07:17:46,btc,2.33528643813953,0.0,0.00000028,btc,1571709.83395429,0.00701387,0.0963816968272794,30
1,[],4,[],2019-02-27 07:11:32,1113900.65517382,0.00005213,0.000000001989744757,6800498,2019-02-27 07:11:32,btc,5.369298864317189,0.0,0.00005213,btc,67727.48329326,0.58198321,0.9640272835177129,31
1,[],21,[],2019-02-27 07:11:32,59763.62099341,0.00005311999999999999962909877360,0.000000002027531968,6800499,2019-02-27 07:11:32,btc,2.064476736937132,92188.19776914,0.0000531199999999999996290987736013988751437864266335964202880859375,btc,34013.79269621,4.82977834,2.4068564872827114,31
0,[],2,[],2019-01-20 23:28:43,0.0,0,0,6477009,2019-01-20 23:28:43,,0.0,0.0,0,,0.0,0.0,0.0,32
1,[],12,[],2019-02-27 06:13:19,16560179.0,0.00000004,0.000000000001527496,6800140,2019-02-27 06:13:19,btc,35630543.579367444,0.0,0.00000004,btc,90520294.8122464,0.0294881112087925,0.53586181,33
1,[],4,[],2019-02-27 07:03:47,375326308.5494966,0.00000004,0.000000000001526056,6800321,2019-02-27 07:03:47,btc,10.874968473641058,0.0,0.00000004,"btc,ltc",196764682.34907356,1.60108925,8.479692021611012,33
1,[],4,[],2019-02-27 07:11:33,124623996.93662757,0.00000001,0.000000000000381689,6800500,2019-02-27 07:11:33,btc,4.042263117617996,0.0,0.00000001,btc,101570786.9276837,0.01549247,1.2462399693662756,34
1,[],5,[],2019-02-27 07:11:34,0.0,0,0,6800501,2019-02-27 07:11:34,btc,0.0,0.23690942,0,btc,0.0,0.0,0.0,34
0.0000000001176165,[],4,[],2019-02-27 07:18:00,2320983975.0963335,2.35233e-18,8.9811724167e-23,6800651,2019-02-27 07:18:00,ltc,2.995744196897921e-08,0.0,0.00000002,ltc,3956903635.5669875,0.0,4.451577079240782e-09,36
1,[],5,[],2019-02-27 07:18:00,0.0,0,0,6800652,2019-02-27 07:18:00,btc,0.0,0.0,0,btc,0.0,0.0,0.0,36
0,[],17,[],2019-02-27 07:18:02,0.0,0,0,6800653,2019-02-27 07:18:02,btc,0.07464582825102581,0.0,0,btc,4105386.20243647,0.0,0.0,36
0.0000000003574596,[],27,[],2019-02-27 07:18:04,1000000.0,3.574596e-18,1.364777178204e-22,6800654,2019-02-27 07:18:04,eth,222.5997971062634,0.0,0.00000001,"ltc,eth",11163566.48751039,0.0,1.1809618620000001e-12,36
1,[],12,[],2019-02-27 06:13:39,600414.92513998,0.00000058,0.000000000022148691999999997,6800147,2019-02-27 06:13:39,btc,1344.7386457894572,0.0,0.00000058,btc,989133.4394224,0.2077042057597558,0.1878791600000032,37
1,[],4,[],2019-02-27 07:11:50,391412.9296418,0.00000060,0.00000000002290134,6800505,2019-02-27 07:11:50,btc,19772.50157169513,0.0,0.00000060,btc,577351.36941515,0.0183258,0.1962628838768612,37
1,[],17,[],2019-02-27 07:12:02,1752.74075282,0.00000025,0.000000000009542225,6800506,2019-02-27 07:12:02,btc,0.055484923777095005,0.0,0.00000025,btc,1319.19918473,0.0,0.00043818518820499993,37
1,[],27,[],2019-02-27 07:12:04,14685.567,0.00000045,0.000000000017176005,6800507,2019-02-27 07:12:04,btc,25.82160393111233,0.0,0.00000045,btc,6804.86438508,0.0,0.00480032515,37
1,[],12,[],2019-02-27 06:13:43,240599.79936153,0.00000092,0.000000000035132408,6800150,2019-02-27 06:13:43,btc,94.70718318442019,0.0,0.00000092,btc,112158.43562287,0.0130088677564692,0.0470717300000007,42
1,[],5,[],2019-02-27 07:12:06,0.0,0,0,6800508,2019-02-27 07:12:06,btc,0.0,0.10740008,0,btc,0.0,0.0,0.0,42
0.00000000035731260000000003,[],27,[],2019-02-27 07:12:08,2000.0,3.573126e-18,1.363822889814e-22,6800509,2019-02-27 07:12:08,eth,0.00315028,0.0,0.00000001,"btc,eth",11.007,0.0,7.146252000000001e-15,42
1,[],5,[],2019-02-27 07:18:06,0.0,0,0,6800655,2019-02-27 07:18:06,btc,0.0,0.06496325,0,btc,0.0,0.0,0.0,43
1,[],12,[],2019-02-27 06:13:48,1793400.0,0.00000001,0.000000000000381874,6800153,2019-02-27 06:13:48,btc,3569.7539966245354,0.0,0.00000001,btc,12096636.57282716,6.2007992008e-05,0.017934000000000002,43
0,[],17,[],2019-02-27 06:03:33,0.0,0,0,6799956,2019-02-27 06:03:33,btc,0.0,0.0,0,btc,0.0,0.0,0.0,43
1,[],12,[],2019-02-27 06:13:50,656459.0,0.00000004,0.000000000001527496,6800154,2019-02-27 06:13:50,btc,11116047.727795307,0.0,0.00000004,btc,1102354.40161834,0.000405808201798,0.01624028,44
1,[],4,[],2019-02-27 07:18:08,290551281.33727527,0.00000002,0.000000000000763598,6800656,2019-02-27 07:18:08,btc,473.60436182075586,0.0,0.00000002,"btc,ltc",12155941.00365541,0.00315876,0.1988564086501135,49
0.0000000001176165,[],4,[],2019-02-27 07:12:12,99265938.56584343,1.176165e-18,4.48929242685e-23,6800512,2019-02-27 07:12:12,ltc,25.47533666770847,0.0,0.00000001,ltc,10239252169.218313,0.0,1.1675312263329526e-10,52
0.0000000001250123,[],22,[],2019-02-27 07:12:16,80845862.0,1.2501230000000001e-18,4.7715819774700004e-23,6800513,2019-02-27 07:12:16,XMR,4366.96886713,0.0,0.00000001,XMR,255240310.67882353,0.0,0.80845862,57
0.00000000035731260000000003,[],27,[],2019-02-27 07:12:18,2000.0,3.573126e-18,1.363822889814e-22,6800514,2019-02-27 07:12:18,eth,0.0,0.0,0.00000001,"btc,eth",0.0,0.0,7.146252000000001e-15,57
0.0000000001176165,[],4,[],2019-02-27 07:18:09,1050315664.217477,3.528495e-18,1.347175862505e-22,6800657,2019-02-27 07:18:09,ltc,18.807551072839086,0.0,0.00000003,ltc,4121417291.9015503,0.001619,2.5424343082108847e-09,58
0.0000000001250123,[],22,[],2019-02-27 07:18:24,137438.0,1.2501230000000001e-18,4.77295711277e-23,6800658,2019-02-27 07:18:24,XMR,69.8835922,0.0,0.00000001,XMR,9887963.0,0.0,0.00137438,58
1,[],12,[],2019-02-27 06:14:03,1644655753.843957,0.0000000005,0.0000000000000190937,6800160,2019-02-27 06:14:03,btc,224005479678.6108,0.0,0.0000000005,btc,3689394631.5739017,0.11376261988927268,0.5323588129011392,58
0,[],17,[],2019-02-27 07:12:22,0.0,0,0,6800516,2019-02-27 07:12:22,btc,1e+24,0.0,0,btc,49306342.21952568,0.0,0.0,58
1,[],5,[],2019-02-27 07:12:27,0.0,0,0,6800518,2019-02-27 07:12:27,btc,0.0,0.01459512,0,btc,0.0,0.0,0.0,61
1,[],22,[],2019-02-27 07:12:30,5149.5,0.00000011,0.000000000004198579,6800519,2019-02-27 07:12:30,BTC,1002.29597012,0.0,0.00000011,BTC,14947.700278135757,0.0,0.00051596,61
1,[],26,[],2019-02-27 07:12:30,0.0,0.00000800,0.0000000003053512,6800520,2019-02-27 07:12:30,btc,0.0,0.0,0.00000800,btc,0.0,0.0,0.0,61
1,[],27,[],2019-02-27 07:12:33,2563.55,0.00000055,0.000000000020992895,6800521,2019-02-27 07:12:33,btc,7.841844928616269,0.0,0.00000055,"btc,eth",20831.38399471,0.0,0.0002655975035016635,61
1,[],28,[],2019-02-27 07:12:34,13880.304,0.0000005,0.00000000001908445,6800522,2019-02-27 07:12:34,btc,2.056291378300105,1008.0,0.0000005,btc,9710.59500005,0.0,0.00566391304,61
1,[],4,[],2019-02-27 07:12:35,1419457.0023194,0.00000300,0.0000000001145067,6800523,2019-02-27 07:12:35,btc,11.176221687198812,0.0,0.00000300,btc,771826.13303807,0.33879077,1.3200851864203471,67
0.0,[],25,[],2019-02-27 07:12:36,0.0,0,0,6800524,2019-02-27 07:12:36,,0.0,0.0,0.0,btc,0.0,0.0,0.0,67
1,[],12,[],2019-02-27 06:14:34,2902509.86531276,0.00000025,0.00000000000954685,6800169,2019-02-27 06:14:34,btc,11115999.00799186,0.0,0.00000025,btc,2182785.01015293,0.0189829404107349,0.0927045664411135,71
,[],5,[],2018-11-20 23:02:39,1.5e-07,0.00000005,0.000000000002128045,4862160,2018-11-20 23:02:39,btc,2.84511358,0.0,,btc,0.00036572,0.0,0.07381892,74
1,[],5,[],2019-02-27 07:12:39,0.0,0,0,6800525,2019-02-27 07:12:39,btc,0.0,0.0,0,btc,0.0,0.0,0.0,75
1,[],4,[],2019-02-27 07:18:26,16180270.251575,0.00000001,0.000000000000381799,6800659,2019-02-27 07:18:26,btc,11388.6319068588,0.0,0.00000001,btc,34456445.8995017,0.00017764,0.16180270251575,81
0,[],20,[],2019-01-25 09:30:31,0.0,0,0,6495923,2019-01-25 09:30:31,btc,0.0,0.0,0,btc,0.0,0.0,0.0,81
1,[],4,[],2019-02-27 07:12:40,28606.58252407,0.00007510,0.00000000286648439,6800526,2019-02-27 07:12:40,btc,17.774516700189167,0.0,0.00007510,btc,12751.46334141,0.03506105,0.1377747139135135,82
1,[],21,[],2019-02-27 07:12:41,41073.18715742,0.00007572000000000000008871375856,0.000000002890149108,6800527,2019-02-27 07:12:41,btc,2.2542737705777776,3657.83459832,0.000075720000000000000088713758561453914808225817978382110595703125,btc,24464.274290549998,0.27559834,2.147336261332808,82
0,[],17,[],2019-02-27 06:14:52,0.0,0,0,6800174,2019-02-27 06:14:52,btc,0.0447233088476774,0.0,0,btc,999127.19588126,0.0,0.0,84
0.0000000001176165,[],4,[],2019-02-27 07:18:28,184469242.1778568,3.528495e-18,1.347175862505e-22,6800660,2019-02-27 07:18:28,ltc,1.7828321103220595,0.0,0.00000003,ltc,400596832.5913738,0.0,2.9252189065978245e-10,85
,[],22,[],2018-11-20 23:09:34,3408.1,0.0000001,0.0000000000041895,4862324,2018-11-20 23:09:34,BTC,0.04624735,0.0,,BTC,4990.0,0.0,0.00033081,86
0,[],22,[],2019-02-22 12:52:35,0.0,0,0,6758847,2019-02-22 12:52:35,,2.0760781,0.0,0,,140622.94736842104,0.0,0.0,87
0,[],27,[],2019-02-22 12:52:37,0.0,0,0,6758848,2019-02-22 12:52:37,,0.0,0.0,0,btc,0.0,0.0,0.0,87
,[],2,[],2018-11-20 23:10:47,0.0,0,0,4862359,2018-11-20 23:10:47,,0.0,0.0,,,0.0,0.0,0.0,88
1,[],11,[],2019-02-27 07:12:44,86409.93763155,0.00014004999999999998895085229211332489285268820822238922119140625,0.000000005345554445,6800529,2019-02-27 07:12:44,btc,609.4954886819135,41.0,0.00014004999999999998895085229211332489285268820822238922119140625,btc,97803.82880522,0.0,5.3385437532014475,89
0,[],2,[],2019-01-20 23:31:45,0.0,0,0,6477083,2019-01-20 23:31:45,,0.0,0.0,0,,0.0,0.0,0.0,91
1,[],12,[],2019-02-27 06:14:56,479501.06536814,0.00000190000000000000001990053087597143388620679615996778011322021484375,0.00000000007255605999999999,6800177,2019-02-27 06:14:56,btc,4.3628454880879195,0.0,0.00000190000000000000001990053087597143388620679615996778011322021484375,btc,59670.4799919,0.001827107654341,0.0987817852937653,91
0,[],17,[],2019-02-27 07:12:47,0.0,0,0,6800530,2019-02-27 07:12:47,btc,0.0,0.0,0,btc,0.0,0.0,0.0,91
0,[],22,[],2019-02-27 07:12:49,0.0,0,0,6800531,2019-02-27 07:12:49,,3.1e-06,0.0,0,,2.0,0.0,0.0,91
0.0000000001176165,[],22,[],2019-02-27 07:18:32,2791021.0,4.70466e-18,1.79623448334e-22,6800661,2019-02-27 07:18:32,LTC,8.53161599,0.0,0.00000004,LTC,71994962.1,0.0,0.09164084,95
0.0000000001176165,[],4,[],2019-02-27 07:18:33,646988450.6151512,8.3507715e-17,3.1883162079285e-21,6800662,2019-02-27 07:18:33,ltc,11.885067413355545,0.0,0.00000071,ltc,136367520.44482967,0.00023037,1.8073764766922605e-09,96
0,[],12,[],2019-02-27 06:15:16,0.0,0,0,6800182,2019-02-27 06:15:16,btc,255077.86232305458,0.0,0,btc,8739592.61569404,5.004995005e-06,0.0,96
0,[],17,[],2019-02-27 07:12:56,0.0,0,0,6800534,2019-02-27 07:12:56,btc,0.0,0.0,0,btc,0.0,0.0,0.0,96
1,[],4,[],2019-02-27 07:12:56,1433778.39088621,0.00000031,0.000000000011832359,6800535,2019-02-27 07:12:56,btc,3.046031862574693,0.0,0.00000031,btc,2425644.69657636,0.00325462,0.1241097173717471,99
0,[],2,[],2019-01-20 23:23:55,0.0,0,0,6476914,2019-01-20 23:23:55,,0.0,0.0,0,,0.0,0.0,0.0,100
1,[],4,[],2019-02-27 07:12:57,147931.23498455,0.00004705,0.000000001795846745,6800536,2019-02-27 07:12:57,btc,12.721285920276523,0.0,0.00004705,btc,178744.80097403,3.6374677,3.0133690774890427,100
1,[],22,[],2019-02-27 07:05:32,50000.0,0.00000001,0.000000000000381514,6800361,2019-02-27 07:05:32,BTC,23.49896609,0.0,0.00000001,BTC,10277.22,0.0,0.0005,101
1,[],4,[],2019-02-27 07:18:35,479177.29907428,0.00000090,0.000000000034361909999999996,6800663,2019-02-27 07:18:35,btc,256.29892362609735,0.0,0.00000090,btc,486953.61689571,0.02164463,0.2491708418019305,103
1,[],27,[],2019-02-27 07:18:39,125810.89,0.00000001,0.000000000000381799,6800664,2019-02-27 07:18:39,btc,36.58510134075966,0.0,0.00000001,btc,575922.56793212,0.0,0.0012581089,105
1,[],12,[],2019-02-27 06:15:38,61525450.0,0.00000001,0.000000000000381874,6800187,2019-02-27 06:15:38,btc,137278920.63521585,0.0,0.00000001,btc,121626861.78997277,0.02247437092306149,0.207119935,105
1,[],22,[],2019-02-27 07:18:48,9328.0,0.00000001,0.000000000000381799,6800665,2019-02-27 07:18:48,BTC,51.10837004,0.0,0.00000001,BTC,470435.0,0.0,9.328e-05,107
1,[],26,[],2019-02-27 07:18:48,0.0,0.00000000,0,6800666,2019-02-27 07:18:48,btc,0.0,0.0,0.00000000,btc,0.0,0.0,0.0,107
1,[],5,[],2019-02-27 07:18:50,0.0,0,0,6800667,2019-02-27 07:18:50,btc,0.0,0.04812905,0,btc,0.0,0.0,0.0,112
1,[],22,[],2019-02-27 07:18:53,1966.0,0.00000001,0.000000000000381799,6800668,2019-02-27 07:18:53,BTC,2.81183288,0.0,0.00000001,BTC,808524.0833333334,0.0,1.966e-05,112
0.0000000003574596,[],27,[],2019-02-27 07:18:55,2000.0,3.574596e-18,1.364777178204e-22,6800669,2019-02-27 07:18:55,eth,1.35132491849924,0.0,0.00000001,"btc,eth",1328.641654,0.0,7.149192e-15,112
1,[],4,[],2019-02-27 07:13:15,392813.64869075,0.00000288,0.000000000109926432,6800544,2019-02-27 07:13:15,btc,85.09828714826916,0.0,0.00000288,btc,329463.2035732,0.39115278,0.2113992990658847,113
1,[],5,[],2019-02-27 07:13:16,0.0,0,0,6800545,2019-02-27 07:13:16,btc,0.0,0.11864354,0,btc,0.0,0.0,0.0,113
1,[],17,[],2019-02-27 07:13:18,152738.278,0.00000004,0.000000000001526756,6800546,2019-02-27 07:13:18,btc,1.3368030275031721,0.0,0.00000004,btc,51896.221,0.0,0.0022095311199999998,116
0,[],27,[],2019-02-27 07:13:20,0.0,0,0,6800547,2019-02-27 07:13:20,,0.0,0.0,0,btc,0.0,0.0,0.0,116
1,[],4,[],2019-02-27 07:18:57,290438.79669412,0.00002519,0.0000000009617516809999999,6800670,2019-02-27 07:18:57,btc,29.206632813934792,0.0,0.00002519,btc,84549.15066848,3.13745936,2.1658152110133955,120
1,[],7,[],2019-02-27 07:18:58,15772.47799411,0.0000177300000000000013470301263307504768818034790456295013427734375,0.000000000676929627,6800671,2019-02-27 07:18:58,btc,115647.56180950935,1384.34844247,0.0000177300000000000013470301263307504768818034790456295013427734375,btc,50956.44078309,0.03369558,0.0519292939076837,120
1,[],20,[],2019-02-27 07:13:25,1501566.3795,0.00000004,0.000000000001526756,6800550,2019-02-27 07:13:25,btc,32.2909199496994,41083.6083,0.00000004,btc,945516.5386,0.0022420414613,0.010231283801,125
1,[],22,[],2019-02-27 07:13:28,3053.0,0.00000001,0.000000000000381689,6800551,2019-02-27 07:13:28,BTC,0.01444887,0.0,0.00000001,BTC,296263.5111111111,0.0,3.053e-05,126
1,[],4,[],2019-02-27 07:13:29,2679638.48977103,0.00001386,0.000000000529020954,6800552,2019-02-27 07:13:29,btc,7.833118242393523,0.0,0.00001386,btc,127825.08684484,0.08852898,0.7166313478257001,131
0,[],17,[],2019-02-27 07:13:31,0.0,0,0,6800553,2019-02-27 07:13:31,btc,0.0009561751951600001,0.0,0,btc,35.42829368,0.0,0.0,131
0,[],2,[],2019-01-20 23:25:46,0.0,0,0,6476969,2019-01-20 23:25:46,,0.0,0.0,0,,0.0,0.0,0.0,131
1,[],4,[],2019-02-27 07:13:31,4552.57432908,0.00016000,0.000000006107024,6800554,2019-02-27 07:13:31,btc,1.6205189938066216,0.0,0.00016000,btc,241.14413892,0.00100995,0.0076997996709301,135
1,[],3,[],2019-02-27 07:13:32,1061233.88776843,0.00000004,0.000000000001526756,6800555,2019-02-27 07:13:32,btc,0.6385386879087458,24504.2790833,0.00000004,btc,2337106.05112032,0.0,0.0339870781737019,136
1,[],4,[],2019-02-27 07:18:59,269888.61769254,0.00000161,0.000000000061469639,6800672,2019-02-27 07:18:59,btc,38.9693402582911,0.0,0.00000161,btc,573323.74854616,0.03804696,0.0863002365192226,137
1,[],12,[],2019-02-27 06:16:13,294820.40241785,0.00000172000000000000004922169442866941579950434970669448375701904296875,0.000000000065682328,6800206,2019-02-27 06:16:13,btc,11807.597209569769,0.0,0.00000172000000000000004922169442866941579950434970669448375701904296875,btc,123073.33537073,0.0040747576563229,0.020657959999971498,137
1,[],17,[],2019-02-27 06:16:26,22967.386363640002,0.00000088,0.000000000033604912,6800209,2019-02-27 06:16:26,btc,20.0699133484,0.0,0.00000088,btc,405.079105,0.0,0.0104613000000032,142
1,[],4,[],2019-02-27 07:13:35,114414.10114636,0.00003531,0.000000001347743859,6800557,2019-02-27 07:13:35,btc,29.034384751430647,0.0,0.00003531,btc,42978.19836171,0.1953463,0.46129102696749,142
1,[],5,[],2019-02-27 07:13:37,0.0,0,0,6800558,2019-02-27 07:13:37,btc,0.0,0.58240614,0,btc,0.0,0.0,0.0,142
1,[],20,[],2019-02-27 07:13:39,133023.6247,0.000033891,0.0000000012935821898999999,6800559,2019-02-27 07:13:39,btc,0.3064242402569,8.7156,0.000033891,btc,1363.9861,0.000325058102,0.2281286845659,142
1,[],22,[],2019-02-27 07:13:43,1685.8988921568628,0.00004000,0.000000001526756,6800560,2019-02-27 07:13:43,BTC,3.00385504,0.0,0.00004000,BTC,891.218,0.0,0.00174536,142
0.0,[],25,[],2019-02-27 07:13:44,0.0,0,0,6800561,2019-02-27 07:13:44,,0.0,0.0,0.0,btc,0.0,0.0,0.0,142
1,[],28,[],2019-02-27 07:13:47,76600.0,0.00004400,0.0000000016794316,6800562,2019-02-27 07:13:47,btc,0.0639742472,1263.99,0.00004400,btc,500.6113,0.0,0.0261072,142
0,[],22,[],2019-02-27 07:13:50,0.0,0,0,6800563,2019-02-27 07:13:50,,60.80280694,0.0,0,,704341446.3,0.0,0.0,143
0,[],22,[],2019-02-25 15:42:22,0.0,0,0,6783783,2019-02-25 15:42:22,,4.2131946,0.0,0,,2322156.0,0.0,0.0,146
,[],22,[],2018-11-20 23:01:11,0.0,0,0,4862114,2018-11-20 23:01:11,,2.56807021,0.0,,,61828.4988236,0.0,0.0,147
1,[],12,[],2019-02-27 06:06:05,218830.28349653,0.00000250000000000000020450763478507827386465578456409275531768798828125,0.00000000009570500000000001,6800016,2019-02-27 06:06:05,btc,16.29141125465397,0.0,0.00000250000000000000020450763478507827386465578456409275531768798828125,btc,117105.96563389,0.0016893581818127,0.0267427799999891,148
1,[],4,[],2019-02-27 07:13:52,245677.21635317,0.00000032,0.000000000012214048,6800564,2019-02-27 07:13:52,btc,219.96754375574758,0.0,0.00000032,btc,800814.6791546,0.00098764,0.0582338765845818,152
0,[],22,[],2019-02-27 07:13:54,0.0,0,0,6800565,2019-02-27 07:13:54,,0.0,0.0,0,,0.0,0.0,0.0,152
1,[],5,[],2019-02-27 07:19:01,0.0,0,0,6800673,2019-02-27 07:19:01,btc,0.0,0.0,0,btc,0.0,0.0,0.0,153
,[],16,[],2019-01-11 15:38:59,0.0,0,0,6366141,2019-01-11 15:38:59,btc,0.0,0.0,,btc,0.0,0.0,0.0,155
0,[],23,[],2019-01-20 23:24:29,0.0,0,0,6476932,2019-01-20 23:24:29,,0.0,0.0,0,,0.0,0.0,0.0,156
0,[],22,[],2019-02-27 07:13:59,0.0,0,0,6800567,2019-02-27 07:13:59,,6.74829967,0.0,0,,4646626.747643097,0.0,0.0,156
1,[],22,[],2019-02-27 07:19:16,7073.8,0.00005300,0.0000000020235346999999998,6800674,2019-02-27 07:19:16,BTC,1.80343699,0.0,0.00005300,BTC,899.6422341958436,0.0,0.00104336,157
0,[],22,[],2019-02-27 07:14:12,0.0,0,0,6800569,2019-02-27 07:14:12,,50175.68008609,0.0,0,,54479136.04179466,0.0,0.0,158
,[],17,[],2018-11-20 22:56:10,0.0,0,0,4861976,2018-11-20 22:56:10,btc,1.1265625,0.0,,btc,1000.0,0.0,0.0,159
,[],20,[],2018-11-20 22:56:12,0.0,0,0,4861977,2018-11-20 22:56:12,btc,11912.7940471,0.0,,btc,34413894.3617,0.0,0.0,159
1,[],12,[],2019-02-27 06:16:53,181316.52629096,0.000007940000000000000212447247294189622834892361424863338470458984375,0.000000000303207956,6800221,2019-02-27 06:16:53,btc,6.642217204318883,0.0,0.000007940000000000000212447247294189622834892361424863338470458984375,btc,13614.44413222,0.0052129859076038,0.0887146039552076,168
1,[],17,[],2019-02-27 07:14:15,29784.95,0.000001,0.0000000000381689,6800570,2019-02-27 07:14:15,btc,0.03026736251542,0.0,0.000001,btc,144.46171372,0.0,0.00716147,168
1,[],22,[],2019-02-27 07:14:19,259690.0,0.00000001,0.000000000000381689,6800571,2019-02-27 07:14:19,BTC,1.14695792,0.0,0.00000001,BTC,779972.8900917594,2.792e-05,0.0025969,169
1,[],22,[],2019-02-27 07:19:19,203600.0,0.00000002,0.000000000000763598,6800675,2019-02-27 07:19:19,BTC,13.2501524,0.0,0.00000002,BTC,144336.2939341018,0.0,0.002072,171
1,[],22,[],2019-02-27 07:19:23,33544.0,0.00000005,0.000000000001908995,6800676,2019-02-27 07:19:23,BTC,2.19711152,0.0,0.00000005,BTC,240701.99312102824,0.00062419,0.00033724,173
1,[],5,[],2019-02-27 07:14:25,0.0,0,0,6800573,2019-02-27 07:14:25,btc,0.0,0.16307504,0,btc,0.0,0.0,0.0,175
1,[],22,[],2019-02-27 07:19:27,45904.0,0.0000003,0.000000000011453969999999999,6800677,2019-02-27 07:19:27,BTC,0.52955903,0.0,0.0000003,BTC,143368.41384013777,0.0,0.0052148,176
1,[],7,[],2019-02-27 07:14:33,0.0,0,0,6800575,2019-02-27 07:14:33,btc,410932.5281358376,0.0,0,btc,117881559.31901672,0.0,0.0,178
0,[],22,[],2019-02-27 07:14:36,0.0,0,0,6800576,2019-02-27 07:14:36,,1.00242428,0.0,0,,57512.0,0.0,0.0,178
0,[],2,[],2019-01-20 23:28:34,0.0,0,0,6477001,2019-01-20 23:28:34,,0.0,0.0,0,,0.0,0.0,0.0,178
0,[],23,[],2019-01-20 23:25:08,0.0,0,0,6476952,2019-01-20 23:25:08,,0.0,0.0,0,,0.0,0.0,0.0,179
1,[],5,[],2019-02-27 07:14:37,0.0,0,0,6800577,2019-02-27 07:14:37,btc,0.0,0.00107453,0,btc,0.0,0.0,0.0,179
1,[],22,[],2019-02-27 07:14:41,7046871.666666667,0.00000003,0.000000000001145067,6800578,2019-02-27 07:14:41,BTC,5.63366894,0.0,0.00000003,"BTC,LTC",17147700.756535422,0.00043856,0.38128759,179
1,[],17,[],2019-02-27 07:07:39,10504.725,0.0000001,0.0000000000038151399999999994,6800404,2019-02-27 07:07:39,btc,5.201069583845016,0.0,0.0000001,btc,5033.45945,0.0,0.0010504725,180
0.0000000001176165,[],22,[],2019-02-27 07:14:57,128605.4,1.1761650000000001e-17,4.48929242685e-22,6800579,2019-02-27 07:14:57,LTC,0.20880296,0.0,0.0000001,LTC,64983.16024748961,0.0,0.00130544,180
1,[],26,[],2019-02-27 07:14:57,0.0,0.00000160,0.00000000006107024,6800580,2019-02-27 07:14:57,btc,0.0,0.0,0.00000160,btc,0.0,0.0,0.0,180
,[],7,[],2018-11-20 22:58:01,562227.975654,0.00000085,0.000000000036176765,4862015,2018-11-20 22:58:01,btc,21836.6059674,2491.87645172,,btc,749999.041456,0.00211021,0.127565380455,183
,[],5,[],2019-01-10 08:11:41,0.0,0,0,6347036,2019-01-10 08:11:41,btc,82.15055501,0.00261,,btc,1.19002445,0.0,0.0,187
,[],17,[],2018-11-16 20:58:10,4062536.27273,0.00000001,0.000000000000550501,4708775,2018-11-16 20:58:10,btc,3.36492563466,0.195460381006,,"btc,eth",110697919.549,0.0,0.0157628953496,187
1,[],24,[],2019-02-27 07:14:58,0.0,0.000000000001,3.81689e-17,6800581,2019-02-27 07:14:58,btc,0.0,0.0,0.000000000001,btc,0.0,0.0,0.0,187
0,[],22,[],2019-02-27 04:05:17,0.0,0,0,6799309,2019-02-27 04:05:17,,1.19374396,0.0,0,,16308.869534405507,0.0,0.0,191
0,[],22,[],2019-02-27 07:07:48,0.0,0,0,6800408,2019-02-27 07:07:48,,0.0,0.0,0,,0.0,0.0,0.0,197
0,[],23,[],2019-01-20 23:31:41,0.0,0,0,6477079,2019-01-20 23:31:41,,0.0,0.0,0,,0.0,0.0,0.0,199
0,[],22,[],2019-02-27 07:15:05,0.0,0,0,6800582,2019-02-27 07:15:05,,5.19477622,0.0,0,,21058553.0,0.0,0.0,199
1,[],26,[],2019-02-27 07:15:05,0.0,0.00000000,0,6800583,2019-02-27 07:15:05,btc,0.0,4.0,0.00000000,btc,0.0,0.0,0.0,199
0,[],17,[],2019-01-30 16:32:01,0.0,0,0,6540827,2019-01-30 16:32:01,btc,6.802544163788159,0.0,0,btc,105897.55575295,0.0,0.0,200
0,[],2,[],2019-01-20 23:30:49,0.0,0,0,6477059,2019-01-20 23:30:49,,0.0,0.0,0,,0.0,0.0,0.0,201
1,[],4,[],2019-01-25 15:51:35,2084389.58565343,0.00000936,0.000000000333526752,6499557,2019-01-25 15:51:35,btc,2.0092503037378524,0.0,0.00000936,btc,160195.80207885,0.19272417,1.242687955921835,211
1,[],7,[],2019-02-27 07:15:09,4534462.76509775,0.0000013299999999999999715787242504649867669286322779953479766845703125,0.000000000050764636999999996,6800584,2019-02-27 07:15:09,btc,15476655.474481286,546418.077369,0.0000013299999999999999715787242504649867669286322779953479766845703125,btc,13224792.79427936,0.0,3.573814512182664,212
1,[],12,[],2019-01-25 02:44:32,207462.42853209,0.000001080000000000000035831255497387193287295303889550268650054931640625,0.000000000038610756000000006,6493050,2019-01-25 02:44:32,btc,85023.03793723314,0.0,0.000001080000000000000035831255497387193287295303889550268650054931640625,btc,43675.73520027,0.000146250909087,0.0348620860622024,213
1,[],5,[],2019-02-27 07:15:10,0.0,0,0,6800585,2019-02-27 07:15:10,btc,0.0,0.41068926,0,btc,0.0,0.0,0.0,213
1,[],24,[],2019-02-27 07:15:10,0.0,0.000000100000,0.00000000000381689,6800586,2019-02-27 07:15:10,btc,0.0,0.0,0.000000100000,btc,0.0,0.0,0.0,213
1,[],26,[],2019-02-27 07:15:10,0.0,0.00000010,0.00000000000381689,6800587,2019-02-27 07:15:10,btc,0.0,0.0,0.00000010,btc,0.0,0.0,0.0,213
1,[],22,[],2019-02-27 07:08:02,29085.0,0.00000001,0.000000000000381514,6800415,2019-02-27 07:08:02,BTC,2.2293,0.0,0.00000001,BTC,574426.3963726171,0.00075806,0.00029085,216
1,[],27,[],2019-02-27 07:08:05,6251251.005988,0.00000007,0.000000000002670598,6800416,2019-02-27 07:08:05,btc,316.33345711644,580.0,0.00000007,"btc,ltc",234898.901,6.96e-05,0.033957470431001446,216
1,[],22,[],2019-02-27 07:15:15,253774.0040747906,0.00000230,0.00000000008778847,6800588,2019-02-27 07:15:15,BTC,12673.68000039,0.0,0.00000230,BTC,391839.1452312174,0.37513764,0.367091,217
1,[],7,[],2019-02-27 07:15:17,0.0,0,0,6800589,2019-02-27 07:15:17,btc,77969.77488735563,0.0,0,btc,137043486.5550253,0.0,0.0,219
0,[],27,[],2019-02-27 07:15:19,0.0,0,0,6800590,2019-02-27 07:15:19,,0.0740438339680921,0.0,0,btc,1536429.20709513,0.0,0.0,219
0.0000000000000052,[],28,[],2019-02-27 07:15:21,167609414.732,2.3404680000000002e-18,8.93330890452e-23,6800591,2019-02-27 07:15:21,doge,83883.3352434475,1224610.768,0.00045009,"btc,doge",4823713.77951,0.0,9.277680338775264e-12,219
1,[],22,[],2019-02-27 07:15:25,240665.0,0.00000002,0.000000000000763378,6800592,2019-02-27 07:15:25,BTC,3.01323916,0.0,0.00000002,BTC,129679.27041875875,0.0,0.00440665,221
1,[],24,[],2019-02-27 07:15:25,0.0,0.000000200000,0.00000000000763378,6800593,2019-02-27 07:15:25,btc,0.0,0.0,0.000000200000,btc,0.0,0.0,0.0,221
1,[],20,[],2019-02-27 07:15:27,40808456.2707,0.000000001,0.0000000000000381689,6800594,2019-02-27 07:15:27,btc,48.2376264230632,2030195.8282,0.000000001,btc,13444908.9689,0.0020301958282,0.0408084562707,224
0,[],22,[],2019-02-27 07:15:30,0.0,0,0,6800595,2019-02-27 07:15:30,,0.0,0.0,0,,0.0,0.0,0.0,224
1,[],26,[],2019-02-27 07:15:30,0.0,0.00000035,0.000000000013359115,6800596,2019-02-27 07:15:30,btc,0.0,0.0,0.00000035,btc,0.0,0.0,0.0,231
1,[],26,[],2019-02-27 07:15:31,0.0,0.00000006,0.000000000002290134,6800597,2019-02-27 07:15:31,btc,0.0,2050.0,0.00000006,btc,0.0,0.0,0.0,234
0.00000000035731260000000003,[],27,[],2019-02-27 07:15:33,2000.0,3.573126e-18,1.363822889814e-22,6800598,2019-02-27 07:15:33,eth,0.0113483662182,0.0,0.00000001,"btc,eth",11462.99618,0.0,7.146252000000001e-15,234
1,[],4,[],2019-02-27 07:15:34,902475.92095772,0.00000072,0.000000000027481608,6800599,2019-02-27 07:15:34,btc,4.436218671951359,0.0,0.00000072,btc,1074105.512507,0.16088118,0.2728307250726021,236
1,[],24,[],2019-02-27 07:15:34,0.0,0.000000300000,0.00000000001145067,6800600,2019-02-27 07:15:34,btc,0.0,0.0,0.000000300000,btc,0.0,0.0,0.0,236
1,[],20,[],2019-02-27 07:15:36,72009901.9563,0.000000065,0.0000000000024809785,6800601,2019-02-27 07:15:36,btc,11.2813283296414,10103911.0389,0.000000065,btc,45199782.7826,0.6021951467031,0.5056082723394,237
0.0000000001176165,[],22,[],2019-02-27 07:15:40,14400.0,1.1761650000000001e-17,4.48929242685e-22,6800602,2019-02-27 07:15:40,LTC,0.0405823,0.0,0.0000001,LTC,3164.0,0.0,0.00144,237
1,[],4,[],2019-02-27 07:08:45,7456972.20434034,0.00000034,0.000000000012971476,6800432,2019-02-27 07:08:45,btc,6.208597123718993,0.0,0.00000034,btc,9750703.78449878,0.15041034,1.6625419565515525,238
1,[],5,[],2019-02-27 07:08:46,0.0,0,0,6800433,2019-02-27 07:08:46,btc,0.0,0.02404478,0,btc,0.0,0.0,0.0,238
0,[],22,[],2019-02-27 07:15:44,0.0,0,0,6800603,2019-02-27 07:15:44,,0.41356282,0.0,0,,316008.5639027493,0.0,0.0,249
0.0000000001176165,[],22,[],2019-02-27 07:15:48,7121097.666666667,3.528495e-18,1.3467877280550001e-22,6800604,2019-02-27 07:15:48,LTC,0.49913125,0.0,0.00000003,LTC,18343163.09,3.54294301086e-12,0.21263595,252
1,[],28,[],2019-02-27 07:09:00,4567665.434,0.00000022,0.000000000008393308,6800436,2019-02-27 07:09:00,btc,164706.66468785133,447903.141,0.00000022,btc,1965261.8669,0.0,0.38159691954,256
1,[],22,[],2019-02-27 07:15:59,1065354.0,0.00000002,0.000000000000763378,6800605,2019-02-27 07:15:59,BTC,31.47160695,0.0,0.00000002,BTC,670183.7743581231,0.0005262,0.01073444,258
1,[],22,[],2019-02-27 07:16:04,48751.0,0.00000001,0.000000000000381689,6800606,2019-02-27 07:16:04,BTC,2.4175745,0.0,0.00000001,BTC,1762.0,0.0,0.00048751,259
1,[],5,[],2019-02-27 07:16:06,0.0,0,0,6800607,2019-02-27 07:16:06,btc,0.0,0.38681117,0,btc,0.0,0.0,0.0,264
1,[],20,[],2019-02-27 07:16:07,1226197.6906,0.000002102,0.0000000000802310278,6800608,2019-02-27 07:16:07,btc,7.3189559733518,102194.6779,0.000002102,btc,86323.8786,0.3228392188952,0.0294544351485,264
0,[],22,[],2019-02-27 07:16:19,0.0,0,0,6800609,2019-02-27 07:16:19,,8.43388524,0.0,0,,424741.8107878143,0.0,0.0,271
0,[],22,[],2019-02-27 07:16:22,0.0,0,0,6800610,2019-02-27 07:16:22,,255.79451411,0.0,0,,14042138615.9,0.0,0.0,272
0.0000000000000052,[],28,[],2019-02-27 07:16:24,233252947588.701,4.472e-21,1.706913208e-25,6800611,2019-02-27 07:16:24,doge,21988806.506650273,97732519531.82,0.00000086,doge,240100718135.9798,0.0,6.600472104192652e-10,272
1,[],22,[],2019-02-27 07:16:29,114648.74,0.00000200,0.0000000000763378,6800612,2019-02-27 07:16:29,BTC,74.32244193,0.0,0.00000200,"BTC,LTC",8380.527743939856,0.0,0.04337297,281
1,[],22,[],2019-02-27 07:16:33,863814.5,0.00000002,0.000000000000763378,6800613,2019-02-27 07:16:33,BTC,1.33236171,0.0,0.00000002,BTC,138490.6655455173,5.99e-06,0.01714417,286
0,[],22,[],2019-02-27 07:09:43,0.0,0,0,6800446,2019-02-27 07:09:43,,43634.52001853,0.0,0,,419066696.0,0.0,0.0,294
