pairValue,buyBook,exchangeId,sellBook,updated,buyTotal,satoshiPrice,usdPrice,exchangeLogId,created,bestPair,sellTotalBtc,volume,pairPrice,activePairs,sellTotal,volumeBtc,buyTotalBtc,coinId
1,[],3,[],2019-02-05 05:00:11,115.907721029821,0.0123216100000000002012701116882453789003193378448486328125,0.00000042730357751200005,6586754,2019-02-05 05:00:11,btc,107.09561401197388,0.31692584,0.0123216100000000002012701116882453789003193378448486328125,btc,24.346152599572,0.0,0.2095438154701603,1
1,[],4,[],2019-02-05 05:00:13,25204.59477923,0.01246170,0.00000043216178664000004,6586755,2019-02-05 05:00:13,btc,1.0066275882369935,0.0,0.01246170,btc,77.42381033,0.98926624,2.8153001795978394,1
1,[],5,[],2019-02-05 05:00:14,0.23825221,0.01220015,0.00000042309144188,6586756,2019-02-05 05:00:14,btc,14578.08254487,1.0106814,0.01220015,btc,35555556.14484076,0.0,1.53115068,1
1,[],10,[],2019-02-05 05:00:17,415000.69611061,0.0122,0.00000042308624000000003,6586757,2019-02-05 05:00:17,btc,6532.979701142149,917.53383927,0.0122,btc,1018.60573729,0.0,4.147561919064768,1
1,[],12,[],2019-02-05 05:00:19,10420.46686615,0.0123599999999999994593213870075487648136913776397705078125,0.000000428634912,6586758,2019-02-05 05:00:19,btc,0.3408543754127,0.0,0.0123599999999999994593213870075487648136913776397705078125,btc,21.25163032,1.0156894953909,0.1551397308326,1
1,[],20,[],2019-02-05 05:00:21,1149.1765,0.01200001,0.00000041615074679200004,6586759,2019-02-05 05:00:21,btc,0.0566246204203,0.0,0.01200001,btc,2.488,0.0,0.0843012587663,1
1,[],21,[],2019-02-05 05:00:21,2492.32148476,0.01234477999999999964231278682,0.000000428107094576,6586760,2019-02-05 05:00:21,btc,22.049567976858793,2784.84976833,0.012344779999999999642312786818365566432476043701171875,"btc,eth",2374.40977407,33.35785170958055,23.89341266445967,1
1,[],22,[],2019-02-05 05:00:25,0.0263776,0.01350000,0.0000004681692,6586761,2019-02-05 05:00:25,BTC,0.31397231,0.0,0.01350000,BTC,0.10124366666666666,0.0,0.00034472,1
1,[],24,[],2019-02-05 05:00:26,0.0,0.000000000000,0,6586762,2019-02-05 05:00:26,btc,0.0,0.0,0.000000000000,btc,0.0,0.0,0.0,1
0.0,[],25,[],2019-02-05 05:00:27,0.0,0,0,6586763,2019-02-05 05:00:27,btc,12.645999998245873,1378.36359019,0.0,btc,974.18948309,17.1562,0.0,1
1,[],26,[],2019-02-05 05:00:54,0.0,0,0,6586764,2019-02-05 05:00:54,,0.0,0.0,0,,0.0,0.0,0.0,1
1,[],28,[],2019-02-05 05:00:56,987.9,0.01131000,0.000000392221752,6586765,2019-02-05 05:00:56,btc,0.162839806,15125.8,0.01131000,btc,8.9,0.0,0.024551096,1
0,[],2,[],2019-01-20 23:28:45,0.0,0,0,6477011,2019-01-20 23:28:45,,0.0,0.0,0,,0.0,0.0,0.0,1
1,[],5,[],2019-02-05 05:00:57,2.073e-05,0.00000072,0.000000000024969024,6586766,2019-02-05 05:00:57,btc,0.16002744,0.00631093,0.00000072,btc,7.025e-05,0.0,0.45796896,2
1,[],22,[],2019-02-05 05:01:00,1648.0,0.0000004,0.00000000001387168,6586767,2019-02-05 05:01:00,BTC,4.2213561,0.0,0.0000004,"BTC,XMR",14604.70581,0.0,0.00107635,2
1,[],5,[],2019-02-05 04:07:41,1.25e-06,0.00000016,0.000000000005545936,6586577,2019-02-05 04:07:41,btc,3.72867839,1.01400111,0.00000016,btc,2.204e-05,0.0,2.96408859,3
1,[],12,[],2019-02-05 04:07:42,12442081.78091982,0.00000017,0.0000000000058925569999999996,6586578,2019-02-05 04:07:42,btc,921361.5208572313,0.0,0.00000017,btc,8105787.85982979,0.10833051774037217,0.5367791369901748,3
0,[],28,[],2019-02-05 04:07:47,0.0,0,0,6586579,2019-02-05 04:07:47,,0.0,0.0,0,,0.0,0.0,0.0,3
0,[],2,[],2019-01-20 23:31:32,0.0,0,0,6477077,2019-01-20 23:31:32,,0.0,0.0,0,,0.0,0.0,0.0,4
1,[],4,[],2019-02-05 04:07:47,359751.31010758,0.00000031,0.000000000010745251,6586580,2019-02-05 04:07:47,btc,0.3275396641411276,0.0,0.00000031,btc,333566.61586634,0.00022455,0.0400242231999018,4
1,[],12,[],2019-02-05 04:07:49,1411645.5219999999,0.00000005,0.000000000001733105,6586581,2019-02-05 04:07:49,btc,11013878.260836886,0.0,0.00000005,btc,911319.44126897,0.0016920159240752,0.02812384044,5
0,[],2,[],2019-01-20 23:31:51,0.0,0,0,6477087,2019-01-20 23:31:51,,0.0,0.0,0,,0.0,0.0,0.0,6
1,[],11,[],2019-02-05 04:07:50,11224709.4999525,0.00000002,0.000000000000693242,6586582,2019-02-05 04:07:50,btc,9433.341140428096,27400.0,0.00000002,btc,41338923.65169307,0.0,0.18805467499905001,6
1,[],3,[],2019-02-05 05:01:01,1069.652384675756,0.000150559999999999995050348200464895853656344115734100341796875,0.000000005221300352,6586768,2019-02-05 05:01:01,btc,28.510202753279106,0.0,0.000150559999999999995050348200464895853656344115734100341796875,btc,234.145665820227,0.0,0.030997767816609203,7
1,[],4,[],2019-02-05 05:01:01,26445.66112373,0.00019895,0.00000000689942684,6586769,2019-02-05 05:01:01,btc,3.1243132539984404,0.0,0.00019895,btc,13879.03207187,2.89192616,4.460900088121133,7
1,[],5,[],2019-02-05 05:01:03,0.00653343,0.00020001,0.0000000069361867920000005,6586770,2019-02-05 05:01:03,btc,1.21214924,0.30003755,0.00020001,btc,0.01206763,0.0,1.56439653,7
1,[],20,[],2019-02-05 05:01:04,66461509.91,0.000000001,0.0000000000000346792,6586771,2019-02-05 05:01:04,btc,116.1315013062774,0.0,0.000000001,btc,28812144.5195,0.0,0.06646150991,8
0,[],2,[],2019-01-20 23:22:42,0.0,0,0,6476876,2019-01-20 23:22:42,,0.0,0.0,0,,0.0,0.0,0.0,9
0,[],23,[],2019-01-20 23:22:48,0.0,0,0,6476878,2019-01-20 23:22:48,,0.0,0.0,0,,0.0,0.0,0.0,9
1,[],1,[],2019-02-05 05:01:05,1622209.3199999998,0.00000191999999999999982841307998027158276954651228152215480804443359375,0.000000000066584064,6586772,2019-02-05 05:01:05,btc,1.318899478,16442804.24,0.00000191999999999999982841307998027158276954651228152215480804443359375,btc,670846.0,32.1593036,3.0805818667,9
1,[],4,[],2019-02-05 05:01:07,551581.72948869,0.00000190,0.00000000006589048,6586773,2019-02-05 05:01:07,btc,1.202318739563005,0.0,0.00000190,btc,586442.79363174,1.19057781,1.0060416491728248,9
1,[],28,[],2019-02-05 05:01:09,34500.0,0.00000165,0.00000000005722068,6586774,2019-02-05 05:01:09,btc,2708.7727197804,3012968.0,0.00000165,btc,15427.14,0.0,0.02854,9
1,[],4,[],2019-02-04 22:10:59,7341799.37826053,0.00000002,0.000000000000693444,6584299,2019-02-04 22:10:59,btc,0.1999615409270056,0.0,0.00000002,btc,4135980.29534268,0.00062922,0.0786653918652106,10
0,[],2,[],2019-01-20 23:23:08,0.0,0,0,6476890,2019-01-20 23:23:08,,0.0,0.0,0,,0.0,0.0,0.0,12
1,[],4,[],2019-02-05 05:01:10,3152434.43288493,0.00000145,0.00000000005028484,6586775,2019-02-05 05:01:10,btc,0.6834408360846518,0.0,0.00000145,btc,438507.1317456,2.96533985,4.210556792507437,12
1,[],5,[],2019-02-05 05:01:12,2.052e-05,0.00000138,0.000000000047857296,6586776,2019-02-05 05:01:12,btc,0.4598126,0.95176221,0.00000138,btc,0.00012196,0.0,0.37574195,12
0.0,[],25,[],2019-02-05 05:01:14,0.0,0,0,6586777,2019-02-05 05:01:14,,0.0,0.0,0.0,btc,0.0,0.0,0.0,12
1,[],10,[],2019-02-05 03:59:34,585790.11527788,0.00000613,0.000000000212362816,6586398,2019-02-05 03:59:34,btc,666809.623231158,7951.54045389,0.00000613,btc,734990.07870296,0.0,0.8172175339715014,13
1,[],4,[],2019-02-05 05:01:15,252284.61085678,0.00000610,0.00000000021154312000000002,6586778,2019-02-05 05:01:15,btc,0.3524464757228353,0.0,0.00000610,btc,53682.47507225,0.7278068,0.9906164024793309,13
1,[],21,[],2019-02-05 05:01:20,1119889.58766426,0.000006180000000000000122683981030,0.00000000021431745600000002,6586779,2019-02-05 05:01:20,btc,4.37116624310442,619406.79992825,0.000006180000000000000122683981029769739734547329135239124298095703125,btc,635502.60706165,3.84614115,5.790707053626841,13
1,[],4,[],2019-02-05 05:01:21,1130411.18252933,0.00000178,0.000000000061728976,6586780,2019-02-05 05:01:21,btc,0.1709236154117568,0.0,0.00000178,btc,81322.7942165,0.03248292,0.4264523066388018,14
1,[],12,[],2019-02-05 05:01:22,93085.45054945,0.0000011500000000000000008998878031629686802261858247220516204833984375,0.00000000003988108,6586781,2019-02-05 05:01:22,btc,1.7658750121712825,0.0,0.0000011500000000000000008998878031629686802261858247220516204833984375,btc,29542.56233445,0.0130250118559099,0.0133114099999995,14
0,[],17,[],2019-02-05 05:01:24,0.0,0,0,6586782,2019-02-05 05:01:24,btc,0.0,0.0,0,btc,0.0,0.0,0.0,14
1,[],26,[],2019-02-05 05:01:24,0.0,0.00000049,0.000000000016992808,6586783,2019-02-05 05:01:24,btc,0.0,0.0,0.00000049,btc,0.0,0.0,0.0,14
0,[],4,[],2019-02-05 05:01:25,0.0,0,0,6586784,2019-02-05 05:01:25,,0.0,0.0,0,,0.0,0.0,0.0,15
,[],12,[],2018-12-01 15:15:48,204241.84496,0.00000489,0.000000000202473384,5260204,2018-12-01 15:15:48,btc,49.5475654835,0.0,,btc,35763.2193806,0.0163153972027625,0.0203389899998,15
0,[],2,[],2019-01-20 23:23:38,0.0,0,0,6476906,2019-01-20 23:23:38,,0.0,0.0,0,,0.0,0.0,0.0,18
1,[],4,[],2019-02-05 05:01:27,26579.48658654,0.00001797,0.000000000623185224,6586785,2019-02-05 05:01:27,btc,2.2222263114789844,0.0,0.00001797,btc,7776.94597734,0.0150921,0.1083873383874222,18
1,[],10,[],2019-02-05 05:01:30,789791.71325717,0.00001741,0.0000000006037648720000001,6586786,2019-02-05 05:01:30,btc,15.589664348684755,5676.82736302,0.00001741,btc,12613.96921364,0.0,0.3171607999401112,18
1,[],12,[],2019-02-05 05:01:31,200856.5804883,0.00001616999999999999934239235110933208261485560797154903411865234375,0.000000000560762664,6586787,2019-02-05 05:01:31,btc,0.1856939169406319,0.0,0.00001616999999999999934239235110933208261485560797154903411865234375,btc,1708.32700711,0.0005943827609161,0.0174432180654186,18
0,[],17,[],2019-02-05 05:01:33,0.0,0,0,6586788,2019-02-05 05:01:33,btc,0.0,0.0,0,btc,0.0,0.0,0.0,18
0,[],2,[],2019-01-20 23:24:19,0.0,0,0,6476924,2019-01-20 23:24:19,,0.0,0.0,0,,0.0,0.0,0.0,19
1,[],3,[],2019-02-05 05:01:34,108894.56735432666,0.000028500000000000001569057384021022016895585693418979644775390625,0.0000000009883572,6586789,2019-02-05 05:01:34,btc,0.44343387309007737,5571.57127407,0.000028500000000000001569057384021022016895585693418979644775390625,btc,5119.527808218559,0.0,0.09411370079317304,19
1,[],4,[],2019-02-05 05:01:35,239986.24798762,0.00002817,0.000000000976913064,6586790,2019-02-05 05:01:35,btc,0.1921232972363499,0.0,0.00002817,btc,5704.70233274,2.34585707,2.7166376155662952,19
1,[],5,[],2019-02-05 05:01:36,0.00020455,0.00002560,0.00000000088778752,6586791,2019-02-05 05:01:36,btc,0.27497364,0.01517019,0.00002560,btc,0.00313544,0.0,0.18234996,19
1,[],12,[],2019-02-05 05:01:37,135095.70604264,0.00002288000000000000116692246143745848030448541976511478424072265625,0.000000000793460096,6586792,2019-02-05 05:01:37,btc,1.9939291831421997,0.0,0.00002288000000000000116692246143745848030448541976511478424072265625,btc,477.28956378,0.00023009,0.033524554255603196,19
0,[],27,[],2019-02-05 05:01:39,0.0,0,0,6586793,2019-02-05 05:01:39,,0.0,0.0,0,btc,0.0,0.0,0.0,19
1,[],4,[],2019-02-05 05:01:40,8006180.3054235,0.00000013,0.000000000004508296,6586794,2019-02-05 05:01:40,btc,0.8115715970728697,0.0,0.00000013,btc,1594753.31171721,0.00011984,0.2554230874915714,20
1,[],4,[],2019-02-05 05:01:42,122569461.40022224,0.00000002,0.000000000000693584,6586795,2019-02-05 05:01:42,btc,0.6364163187258483,0.0,0.00000002,btc,15811990.00329118,0.0083118,1.4609668122142851,21
1,[],12,[],2019-02-05 05:01:44,19029287.0,0.00000002,0.000000000000693584,6586796,2019-02-05 05:01:44,btc,668.5451868047564,0.0,0.00000002,btc,8549966.70429836,0.0,0.25352031,21
0,[],17,[],2019-02-05 05:01:45,0.0,0,0,6586797,2019-02-05 05:01:45,btc,0.0,0.0,0,btc,0.0,0.0,0.0,21
1,[],12,[],2019-02-05 05:01:47,2157860462.5458817,0.0000000002,0.00000000000000693584,6586798,2019-02-05 05:01:47,btc,1729404717685.1025,0.0,0.0000000002,btc,5251738819.366847,0.02542099573966045,0.22040739565598685,23
0,[],27,[],2019-02-05 05:01:50,0.0,0,0,6586799,2019-02-05 05:01:50,,0.735147,0.0,0,eth,812759.0,0.0,0.0,23
1,[],4,[],2019-02-05 05:01:51,3610493.08955578,0.00000080,0.00000000002774336,6586800,2019-02-05 05:01:51,btc,0.078297409470194,0.0,0.00000080,btc,71409.73220237,0.00279402,0.4501997023841857,24
1,[],22,[],2019-02-05 05:02:00,11.76,0.00000100,0.0000000000346792,6586801,2019-02-05 05:02:00,BTC,7.415e-05,0.0,0.00000100,BTC,23.919354838709676,0.0,1.176e-05,24
0.0,[],25,[],2019-02-05 05:02:01,0.0,0,0,6586802,2019-02-05 05:02:01,,0.0,0.0,0.0,btc,0.0,0.0,0.0,24
0,[],2,[],2019-01-20 23:25:56,0.0,0,0,6476976,2019-01-20 23:25:56,,0.0,0.0,0,,0.0,0.0,0.0,26
1,[],4,[],2019-02-05 05:02:03,27844754.37656103,0.00000701,0.00000000024310119200000003,6586803,2019-02-05 05:02:03,btc,0.4720395672836766,0.0,0.00000701,btc,39809.03527426,0.0674077,0.4872562546118838,26
1,[],10,[],2019-02-05 05:02:04,731063.84399312,0.00000589,0.00000000020426048800000002,6586804,2019-02-05 05:02:04,btc,25.97609626707658,13.78445605,0.00000589,btc,13162.4957669,0.0,0.2083750833237135,26
1,[],3,[],2019-02-05 05:02:05,5740307.65301474,0.00000002,0.000000000000693584,6586805,2019-02-05 05:02:05,btc,2.5077877529370287,236123.992684,0.00000002,btc,16101561.97591972,0.0,0.0693448826717805,27
1,[],5,[],2019-02-05 05:02:06,1e-08,0.00000001,0.000000000000346792,6586806,2019-02-05 05:02:06,btc,1.1816894,0.00229648,0.00000001,btc,4.362e-05,0.0,0.12602079,27
1,[],11,[],2019-02-05 05:02:07,10065216.691211501,0.00000005,0.00000000000173396,6586807,2019-02-05 05:02:07,btc,370.63310344475406,550157.720616,0.00000005,btc,8170877.7193934005,0.0,0.4661316134459823,27
1,[],4,[],2019-02-05 05:02:08,392050092.2200897,0.00000003,0.000000000001040376,6586808,2019-02-05 05:02:08,btc,3.9947158801119973,0.0,0.00000003,"btc,ltc",118974165.64463612,0.87854138,3.0338929827260754,29
1,[],7,[],2019-02-05 05:02:09,39719460.44287711,0.00000003,0.000000000001040376,6586809,2019-02-05 05:02:09,btc,44465206.20562431,45584.0875125,0.00000003,btc,40679762.41057531,0.00182336,0.7239454071361162,29
1,[],4,[],2019-02-05 05:02:10,1385223.18132726,0.00000029,0.000000000010056968,6586810,2019-02-05 05:02:10,btc,0.2546291933488875,0.0,0.00000029,btc,542247.60905168,0.00966713,0.0851205093702465,30
0,[],17,[],2019-02-05 05:02:12,0.0,0,0,6586811,2019-02-05 05:02:12,btc,0.0,0.0,0,btc,0.0,0.0,0.0,30
1,[],4,[],2019-02-05 05:02:13,1133710.37155362,0.00006648,0.000000002305473216,6586812,2019-02-05 05:02:13,btc,1.5658008797594742,0.0,0.00006648,btc,18841.45351752,0.88081564,1.7483517128576667,31
1,[],21,[],2019-02-05 05:02:14,105242.02613528,0.00006859000000000000567355190606,0.0000000023786463280000004,6586813,2019-02-05 05:02:14,btc,3.9988707143984312,207170.73342159,0.000068590000000000005673551906060225746841751970350742340087890625,btc,51429.18280751,14.19781472,6.742712634902832,31
0,[],2,[],2019-01-20 23:28:43,0.0,0,0,6477009,2019-01-20 23:28:43,,0.0,0.0,0,,0.0,0.0,0.0,32
1,[],4,[],2019-02-05 05:02:15,144363059.19840255,0.00000005,0.00000000000173396,6586814,2019-02-05 05:02:15,btc,1.3073672465739183,0.0,0.00000005,"btc,ltc",27139389.94553156,0.76537438,2.450570089218777,33
1,[],12,[],2019-02-05 05:02:16,18210345.0,0.00000006,0.000000000002080752,6586815,2019-02-05 05:02:16,btc,17261782.27230877,0.0,0.00000006,btc,89574962.76823159,0.0413475338128672,0.67232194,33
1,[],4,[],2019-02-05 05:02:17,110292810.90015793,0.00000002,0.000000000000693584,6586816,2019-02-05 05:02:17,btc,0.7590371230124844,0.0,0.00000002,btc,25301237.43374948,2.39049648,1.1036539947915793,34
1,[],5,[],2019-02-05 05:02:19,3e-08,0.00000002,0.000000000000693584,6586817,2019-02-05 05:02:19,btc,3.81274448,0.7692447,0.00000002,btc,1.394e-05,0.0,0.89655967,34
0.0000000000987735,[],4,[],2019-02-05 05:02:20,1100828268.8333333,2.963205e-18,1.0276157883600001e-22,6586818,2019-02-05 05:02:20,ltc,7.975924315624868e-09,0.0,0.00000003,ltc,1585007109.1194253,0.0,2.1668021609258125e-09,36
1,[],5,[],2019-02-05 05:02:23,0.0,0,0,6586819,2019-02-05 05:02:23,btc,204.29536467,0.0,0,btc,1.295e-05,0.0,0.0,36
0,[],17,[],2019-02-05 05:02:25,0.0,0,0,6586820,2019-02-05 05:02:25,btc,0.0749404375943351,0.0,0,btc,4134847.20243647,0.0,0.0,36
0.0000000000987735,[],27,[],2019-02-05 05:02:27,1000000.0,1.97547e-18,6.850771922400001e-23,6586821,2019-02-05 05:02:27,ltc,447.7307979714,0.0,0.00000002,"ltc,eth",3711879.16,0.0,1.97547e-12,36
1,[],4,[],2019-02-05 05:02:28,431555.01501774,0.00000142,0.000000000049244464,6586822,2019-02-05 05:02:28,btc,0.3894216955298924,0.0,0.00000142,btc,207329.43644427,0.07332191,0.3901620260675578,37
1,[],12,[],2019-02-05 05:02:29,329821.49885683,0.000001430000000000000072932653839841155019030338735319674015045166015625,0.000000000049591256,6586823,2019-02-05 05:02:29,btc,1338.9985320021224,0.0,0.000001430000000000000072932653839841155019030338735319674015045166015625,btc,870712.35437606,0.4817810587916591,0.1700077440467723,37
1,[],17,[],2019-02-05 05:02:31,1752.74075282,0.00000025,0.0000000000086698,6586824,2019-02-05 05:02:31,btc,0.0554849239652209,0.0,0.00000025,btc,1387.19918473,0.0,0.00043818518820499993,37
0,[],27,[],2019-02-05 05:04:32,0.0,0,0,6586825,2019-02-05 05:04:32,,0.0,0.0,0,,0.0,0.0,0.0,37
1,[],5,[],2019-02-05 05:04:33,1.615e-05,0.00000103,0.000000000035719576,6586826,2019-02-05 05:04:33,btc,0.10459532,0.04508337,0.00000103,btc,0.00011523,0.0,0.04286317,42
1,[],12,[],2019-02-05 05:04:35,150018.73421217,0.00000110000000000000005610204141526242693771564518101513385772705078125,0.000000000038147120000000004,6586827,2019-02-05 05:04:35,btc,85.06796405170184,0.0,0.00000110000000000000005610204141526242693771564518101513385772705078125,btc,97932.06156129,8.35364635409e-05,0.0513414900000031,42
0,[],27,[],2019-02-05 05:04:37,0.0,0,0,6586828,2019-02-05 05:04:37,,0.00315028,0.0,0,"btc,eth",11.007,0.0,0.0,42
1,[],5,[],2019-02-05 05:04:38,3e-08,0.00000002,0.000000000000693584,6586829,2019-02-05 05:04:38,btc,6.09448901,0.00703062,0.00000002,btc,1.425e-05,0.0,0.52678241,43
1,[],12,[],2019-02-05 05:04:39,6502141.0,0.00000002,0.000000000000693584,6586830,2019-02-05 05:04:39,btc,20007456.464672454,0.0,0.00000002,btc,38833161.74765234,0.0,0.06502156,43
0,[],17,[],2019-02-05 05:04:41,0.0,0,0,6586831,2019-02-05 05:04:41,btc,0.0,0.0,0,btc,0.0,0.0,0.0,43
1,[],12,[],2019-02-05 05:04:43,861037.0,0.00000007,0.0000000000024275440000000003,6586832,2019-02-05 05:04:43,btc,11115166.022191437,0.0,0.00000007,btc,991996.37862139,0.0020110902996983,0.02540806,44
1,[],4,[],2019-02-05 05:04:44,234626898.33245036,0.00000002,0.000000000000693584,6586833,2019-02-05 05:04:44,btc,0.1898201977125927,0.0,0.00000002,"btc,ltc",8498520.51947867,0.00692066,0.5348265788724966,49
0.0000000000987735,[],4,[],2019-02-05 05:04:46,4980335912.205096,1.97547e-18,6.850771922400001e-23,6586834,2019-02-05 05:04:46,ltc,4.645173503965589,0.0,0.00000002,ltc,1710701764.0709171,0.0,5.407245138586999e-09,52
0,[],22,[],2019-02-05 05:04:49,0.0,0,0,6586835,2019-02-05 05:04:49,,3693.1548887,0.0,0,,247203597.90882352,0.0,0.0,57
0,[],27,[],2019-02-05 05:04:51,0.0,0,0,6586836,2019-02-05 05:04:51,,0.0,0.0,0,"btc,eth",0.0,0.0,0.0,57
0.0000000000987735,[],4,[],2019-02-05 05:04:52,1619469551.5685742,4.9386750000000004e-18,1.7126929806e-22,6586837,2019-02-05 05:04:52,ltc,3.2882093413888027,0.0,0.00000005,ltc,1060981819.999429,0.0,5.241065343834679e-09,58
1,[],12,[],2019-02-05 05:04:53,2070461655.843957,0.0000000005,0.0000000000000173396,6586838,2019-02-05 05:04:53,btc,625182683192.2798,0.0,0.0000000005,btc,3161019121.8132863,0.00994243515484519,0.7502303920011392,58
0,[],17,[],2019-02-05 05:04:55,0.0,0,0,6586839,2019-02-05 05:04:55,btc,1e+24,0.0,0,btc,41616695.95832568,0.0,0.0,58
0.0000000001239209,[],22,[],2019-02-05 05:04:58,137438.0,1.239209e-18,4.29747767528e-23,6586840,2019-02-05 05:04:58,XMR,69.8835922,0.0,0.00000001,XMR,9887963.0,0.0,0.00137438,58
1,[],5,[],2019-02-05 05:04:59,8.3e-06,0.00000066,0.000000000022888272000000002,6586841,2019-02-05 05:04:59,btc,0.32745748,0.00466887,0.00000066,btc,0.00015418,0.0,0.04786858,61
1,[],22,[],2019-02-05 05:05:04,5111.5,0.00000011,0.000000000003814712,6586842,2019-02-05 05:05:04,BTC,1002.29606732,0.0,0.00000011,BTC,15028.700278135757,0.0,0.00051178,61
1,[],26,[],2019-02-05 05:05:04,0.0,0.00000800,0.0000000002774336,6586843,2019-02-05 05:05:04,btc,0.0,0.0,0.00000800,btc,0.0,0.0,0.0,61
1,[],27,[],2019-02-05 05:05:07,100.0,0.00000032,0.000000000011097344,6586844,2019-02-05 05:05:07,btc,0.123916,4.0,0.00000032,"btc,eth",155.76,0.0024,3.1e-05,61
1,[],28,[],2019-02-05 05:05:09,6884.304,0.0000006,0.00000000002080752,6586845,2019-02-05 05:05:09,btc,2.064613633700105,656.0,0.0000006,btc,11345.10450005,0.0,0.00216611304,61
1,[],4,[],2019-02-05 05:05:11,1329212.14416169,0.00000185,0.00000000006415652000000001,6586846,2019-02-05 05:05:11,btc,0.7547440793079908,0.0,0.00000185,btc,262628.91153173,0.10205113,1.0037412907283783,67
0.0,[],25,[],2019-02-05 05:05:13,0.0,0,0,6586847,2019-02-05 05:05:13,,0.0,0.0,0.0,btc,0.0,0.0,0.0,67
1,[],12,[],2019-02-05 05:05:14,2591538.66344444,0.00000015,0.00000000000520188,6586848,2019-02-05 05:05:14,btc,11115995.63446133,0.0,0.00000015,btc,2439357.50065488,0.0437053301798213,0.0815640164411108,71
,[],5,[],2018-11-20 23:02:39,1.5e-07,0.00000005,0.000000000002128045,4862160,2018-11-20 23:02:39,btc,2.84511358,0.0,,btc,0.00036572,0.0,0.07381892,74
1,[],5,[],2019-01-25 15:53:51,3.303e-05,0.00000156,0.000000000055588884,6499610,2019-01-25 15:53:51,btc,1.42844212,0.0,0.00000156,btc,0.00015937,0.0,0.49487621,75
0,[],20,[],2019-01-25 09:30:31,0.0,0,0,6495923,2019-01-25 09:30:31,btc,0.0,0.0,0,btc,0.0,0.0,0.0,81
1,[],4,[],2019-02-05 05:05:16,70997797.82492337,0.00000001,0.000000000000346792,6586849,2019-02-05 05:05:16,btc,0.8140611123105091,0.0,0.00000001,btc,15190754.69973608,0.00234377,0.7099779782492337,81
1,[],4,[],2019-02-05 05:05:18,23678.84805834,0.00007033,0.0000000024389881360000003,6586850,2019-02-05 05:05:18,btc,0.7109191689101995,0.0,0.00007033,btc,6762.10850143,0.06115705,0.0798065570846634,82
1,[],21,[],2019-02-05 05:05:19,84669.20129449,0.00007524999999999999950647117108,0.0000000026096098,6586851,2019-02-05 05:05:19,btc,3.388317813314739,3494.94856851,0.000075249999999999999506471171084598381639807485044002532958984375,btc,38775.31373277,0.26284092,4.311327900244524,82
0,[],17,[],2019-02-05 05:05:20,0.0,0,0,6586852,2019-02-05 05:05:20,btc,0.0447233088476774,0.0,0,btc,999127.19588126,0.0,0.0,84
0.0000000000987735,[],4,[],2019-02-05 05:05:21,334193027.582892,1.185282e-17,4.1104631534400004e-22,6586853,2019-02-05 05:05:21,ltc,0.19579063226947233,0.0,0.00000012,ltc,69510748.77552637,0.0,1.32295383569102e-09,85
,[],22,[],2018-11-20 23:09:34,3408.1,0.0000001,0.0000000000041895,4862324,2018-11-20 23:09:34,BTC,0.04624735,0.0,,BTC,4990.0,0.0,0.00033081,86
0,[],22,[],2019-02-05 05:05:24,0.0,0,0,6586854,2019-02-05 05:05:24,,2.07810912,0.0,0,,154826.94736842104,0.0,0.0,87
0,[],27,[],2019-02-05 05:05:25,0.0,0,0,6586855,2019-02-05 05:05:25,,0.0,0.0,0,btc,0.0,0.0,0.0,87
,[],2,[],2018-11-20 23:10:47,0.0,0,0,4862359,2018-11-20 23:10:47,,0.0,0.0,,,0.0,0.0,0.0,88
1,[],11,[],2019-02-05 05:05:26,101522.77251533,0.0001770599999999999886630963619182921320316381752490997314453125,0.000000006140299152,6586856,2019-02-05 05:05:26,btc,245.81397285880465,501.64278175,0.0001770599999999999886630963619182921320316381752490997314453125,btc,183701.34047277,0.0,7.410022941744997,89
0,[],2,[],2019-01-20 23:31:45,0.0,0,0,6477083,2019-01-20 23:31:45,,0.0,0.0,0,,0.0,0.0,0.0,91
1,[],12,[],2019-02-05 05:05:28,459566.45195447997,0.0000036100000000000001648659507524907752440412878058850765228271484375,0.000000000125191912,6586857,2019-02-05 05:05:28,btc,1115.4422137368856,0.0,0.0000036100000000000001648659507524907752440412878058850765228271484375,btc,36137.4763252,0.0091660621617326,0.1190015436998758,91
0,[],17,[],2019-02-05 05:05:29,0.0,0,0,6586858,2019-02-05 05:05:29,btc,0.0,0.0,0,btc,0.0,0.0,0.0,91
0.0000000000987735,[],22,[],2019-02-05 05:05:32,29102392.0,5.92641e-18,2.0552315767200002e-22,6586859,2019-02-05 05:05:32,LTC,8.80658359,0.0,0.00000006,LTC,76329729.6,0.0,1.20422058,95
0.0000000000987735,[],4,[],2019-02-05 05:05:34,132143560.79807273,9.7785765e-17,3.391132101588e-21,6586860,2019-02-05 05:05:34,ltc,0.9489577134650233,0.0,0.00000099,ltc,46708862.05014224,0.24546407,6.728248922864554e-10,96
1,[],12,[],2019-02-05 05:05:35,222840.0,0.00000001,0.000000000000346792,6586861,2019-02-05 05:05:35,btc,255063.42180635562,0.0,0.00000001,btc,8938980.33297676,2.138e-05,0.0022284,96
0,[],17,[],2019-02-05 05:05:36,0.0,0,0,6586862,2019-02-05 05:05:36,btc,0.0,0.0,0,btc,0.0,0.0,0.0,96
1,[],4,[],2019-02-05 05:05:37,1444487.63929392,0.00000029,0.000000000010056968,6586863,2019-02-05 05:05:37,btc,0.142589656111581,0.0,0.00000029,btc,293309.24821322,0.0756486,0.114312841543225,99
0,[],2,[],2019-01-20 23:23:55,0.0,0,0,6476914,2019-01-20 23:23:55,,0.0,0.0,0,,0.0,0.0,0.0,100
1,[],4,[],2019-02-05 05:05:38,68293.56927507,0.00004351,0.000000001508891992,6586864,2019-02-05 05:05:38,btc,1.4066614034885485,0.0,0.00004351,btc,29155.25702585,0.61422003,2.6856179553844055,100
1,[],22,[],2019-02-05 05:05:41,50000.0,0.00000001,0.000000000000346792,6586865,2019-02-05 05:05:41,BTC,23.50383609,0.0,0.00000001,BTC,11277.22,0.0,0.0005,101
1,[],4,[],2019-02-05 05:05:42,162427.13828561,0.00000100,0.0000000000346792,6586866,2019-02-05 05:05:42,btc,0.3901708664458584,0.0,0.00000100,btc,146265.19373704,0.0264128,0.1115823079725567,103
1,[],12,[],2019-02-05 05:05:43,88488804.5303887,0.000000016,0.0000000000005548672,6586867,2019-02-05 05:05:43,btc,138278909.982102,0.0,0.000000016,btc,133557011.42064688,0.12386726004694731,0.6716747874862192,105
1,[],27,[],2019-02-05 05:05:45,10159100.89,0.00000001,0.000000000000346792,6586868,2019-02-05 05:05:45,btc,0.620832568896094,2305.0,0.00000001,btc,708411.74181977,2.305e-05,0.1015910089,105
0,[],22,[],2019-02-05 05:05:48,0.0,0,0,6586869,2019-02-05 05:05:48,,1.07253299,0.0,0,,94300.0,0.0,0.0,107
1,[],26,[],2019-02-05 05:05:48,0.0,0.00000000,0,6586870,2019-02-05 05:05:48,btc,0.0,0.0,0.00000000,btc,0.0,0.0,0.0,107
1,[],5,[],2019-02-05 05:05:49,3e-08,0.00000002,0.000000000000693584,6586871,2019-02-05 05:05:49,btc,2.88732368,0.00773331,0.00000002,btc,1.649e-05,0.0,0.12684457,112
1,[],22,[],2019-02-05 05:05:52,2229188.0,0.00000002,0.000000000000693584,6586872,2019-02-05 05:05:52,BTC,2.81683288,0.0,0.00000002,BTC,808529.0833333334,0.0,0.02960411,112
0.0000000003100806,[],27,[],2019-02-05 05:05:54,500000.0,3.1008060000000002e-18,1.075334714352e-22,6586873,2019-02-05 05:05:54,eth,1.25356065,0.0,0.00000001,"btc,eth",1328.0,0.0,1.550403e-12,112
1,[],4,[],2019-02-05 05:05:55,507480.21156294,0.00000443,0.000000000153628856,6586874,2019-02-05 05:05:55,btc,0.6528514739226354,0.0,0.00000443,btc,107046.3829697,0.19052896,0.4116830851146811,113
1,[],5,[],2019-02-05 05:05:57,2.471e-05,0.00000391,0.000000000135595672,6586875,2019-02-05 05:05:57,btc,2.18181833,0.00010668,0.00000391,btc,0.00313804,0.0,0.2048707,113
1,[],17,[],2019-02-05 05:05:59,174538.724,0.00000004,0.000000000001387168,6586876,2019-02-05 05:05:59,btc,1.3368030274075784,0.0,0.00000004,btc,51896.221,0.0,0.00308154896,116
0,[],27,[],2019-02-05 05:06:00,0.0,0,0,6586877,2019-02-05 05:06:00,,0.0,0.0,0,btc,0.0,0.0,0.0,116
1,[],4,[],2019-02-05 05:06:01,39766.92469251,0.00002607,0.0000000009040867440000001,6586878,2019-02-05 05:06:01,btc,0.7041777377068573,0.0,0.00002607,btc,20657.28771844,0.48248757,0.7465462536476754,120
1,[],7,[],2019-02-05 05:06:02,15073.88679021,0.00001826000000000000135481036112050645670024096034467220306396484375,0.0000000006332421920000001,6586879,2019-02-05 05:06:02,btc,88979.22592684045,0.0,0.00001826000000000000135481036112050645670024096034467220306396484375,btc,29743.09095489,0.0,0.1349970722218072,120
1,[],20,[],2019-02-05 05:06:05,1617028.1906,0.000000014,0.0000000000004855088,6586880,2019-02-05 05:06:05,btc,33.7487591931607,0.0,0.000000014,btc,1063782.1766,0.0,0.0089722132172,125
1,[],22,[],2019-02-05 05:06:13,3053.0,0.00000001,0.000000000000346792,6586881,2019-02-05 05:06:13,BTC,0.01444889,0.0,0.00000001,BTC,296264.5111111111,0.0,3.053e-05,126
1,[],4,[],2019-02-05 05:06:13,89247.48558579,0.00001682,0.0000000005833041440000001,6586882,2019-02-05 05:06:13,btc,0.4978605326264774,0.0,0.00001682,btc,25256.81439279,0.45678774,0.6005451289284616,131
0,[],17,[],2019-02-05 05:06:15,0.0,0,0,6586883,2019-02-05 05:06:15,btc,0.0009561751951600001,0.0,0,btc,35.42829368,0.0,0.0,131
0,[],2,[],2019-01-20 23:25:46,0.0,0,0,6476969,2019-01-20 23:25:46,,0.0,0.0,0,,0.0,0.0,0.0,131
1,[],4,[],2019-02-05 05:06:16,4608.10029267,0.00016000,0.000000005548672,6586884,2019-02-05 05:06:16,btc,1.6408168484032426,0.0,0.00016000,btc,302.35845559,0.0,0.0113649733586135,135
1,[],3,[],2019-02-05 05:06:16,1878143.33745658,0.00000007,0.0000000000024275440000000003,6586885,2019-02-05 05:06:16,btc,0.1504093891340531,66703.2284975,0.00000007,btc,375393.27221306,0.0,0.0704321114460393,136
1,[],4,[],2019-02-05 05:06:17,94415.94209272,0.00000177,0.000000000061382184,6586886,2019-02-05 05:06:17,btc,0.0953260852688349,0.0,0.00000177,btc,41823.35626013,0.05252125,0.1305389695951738,137
1,[],12,[],2019-02-05 05:06:19,302250.55844157,0.000001799999999999999918546601286595265634105089702643454074859619140625,0.00000000006242256,6586887,2019-02-05 05:06:19,btc,11982.845195022232,0.0,0.000001799999999999999918546601286595265634105089702643454074859619140625,btc,124359.7680192,0.0425074543751303,0.0343722500000178,137
1,[],5,[],2019-02-05 05:06:20,0.00157416,0.00004325,0.0000000014998754,6586888,2019-02-05 05:06:20,btc,2.07641647,3.76553148,0.00004325,btc,0.00240025,0.0,1.79960985,142
1,[],17,[],2019-02-05 05:06:21,12500.0,0.0000001,0.00000000000346792,6586889,2019-02-05 05:06:21,btc,20.26102157900157,0.0,0.0000001,btc,5931.99821453,0.0,0.00125,142
1,[],20,[],2019-02-05 05:06:23,150254.1598,0.00004015,0.0000000013923698800000001,6586890,2019-02-05 05:06:23,btc,2.51826764758,6857.6259,0.00004015,btc,5189.8419,0.294382142967,0.2708216919483,142
1,[],22,[],2019-02-05 05:06:26,962.0,0.00001800,0.0000000006242256000000001,6586891,2019-02-05 05:06:26,BTC,3.00449528,0.0,0.00001800,BTC,899.098,0.0,0.0001637,142
0.0,[],25,[],2019-02-05 05:06:28,0.0,0,0,6586892,2019-02-05 05:06:28,,0.0,0.0,0.0,btc,0.0,0.0,0.0,142
1,[],28,[],2019-02-05 05:06:29,78705.0,0.00002600,0.0000000009016592,6586893,2019-02-05 05:06:29,btc,0.0404216555,1492.001,0.00002600,btc,805.999,0.0,0.0350237,142
0,[],22,[],2019-02-05 05:06:32,0.0,0,0,6586894,2019-02-05 05:06:32,,60.28602097,0.0,0,,808007048.8,0.0,0.0,143
1,[],21,[],2019-02-05 05:06:33,28449343.49823651,0.00000026,0.000000000009016592,6586895,2019-02-05 05:06:33,btc,52.26608509905894,3103613.91049838,0.00000026,btc,90931111.95530736,0.82114628,3.5789898219889937,145
0,[],22,[],2019-02-05 05:06:35,0.0,0,0,6586896,2019-02-05 05:06:35,,3.15871229,0.0,0,,1840927.5,0.0,0.0,146
,[],22,[],2018-11-20 23:01:11,0.0,0,0,4862114,2018-11-20 23:01:11,,2.56807021,0.0,,,61828.4988236,0.0,0.0,147
1,[],12,[],2019-02-05 05:06:37,8688764.22543474,0.0000041699999999999998854150091986969783874883432872593402862548828125,0.000000000144612264,6586897,2019-02-05 05:06:37,btc,16.50530337582142,0.0,0.0000041699999999999998854150091986969783874883432872593402862548828125,btc,112640.23026009,0.0118878470008587,0.1280015899996963,148
1,[],4,[],2019-02-05 05:06:38,317655.30065038,0.00000040,0.00000000001387168,6586898,2019-02-05 05:06:38,btc,0.6849271965223368,0.0,0.00000040,btc,496866.15536978,0.00106399,0.0710347082589321,152
0,[],22,[],2019-02-05 05:06:40,0.0,0,0,6586899,2019-02-05 05:06:40,,0.0,0.0,0,,0.0,0.0,0.0,152
1,[],5,[],2019-02-05 05:06:42,0.0,0,0,6586900,2019-02-05 05:06:42,btc,4.41744381,0.0,0,btc,0.00161275,0.0,0.0,153
,[],16,[],2019-01-11 15:38:59,0.0,0,0,6366141,2019-01-11 15:38:59,btc,0.0,0.0,,btc,0.0,0.0,0.0,155
0,[],22,[],2019-02-05 05:06:44,0.0,0,0,6586901,2019-02-05 05:06:44,,6.73312347,0.0,0,,4564272.742592593,0.0,0.0,156
0,[],23,[],2019-01-20 23:24:29,0.0,0,0,6476932,2019-01-20 23:24:29,,0.0,0.0,0,,0.0,0.0,0.0,156
1,[],22,[],2019-02-05 05:06:48,7906.0,0.00000801,0.000000000277780392,6586902,2019-02-05 05:06:48,BTC,43.78801181,0.0,0.00000801,BTC,1067.5805334758436,0.0,0.00743836,157
0,[],22,[],2019-02-05 05:06:50,0.0,0,0,6586903,2019-02-05 05:06:50,,50175.6753658,0.0,0,,54007107.04179466,0.0,0.0,158
,[],17,[],2018-11-20 22:56:10,0.0,0,0,4861976,2018-11-20 22:56:10,btc,1.1265625,0.0,,btc,1000.0,0.0,0.0,159
,[],20,[],2018-11-20 22:56:12,0.0,0,0,4861977,2018-11-20 22:56:12,btc,11912.7940471,0.0,,btc,34413894.3617,0.0,0.0,159
1,[],12,[],2019-02-05 05:06:52,198810.91245521,0.000007900000000000000595422149085589325068212929181754589080810546875,0.00000000027396568,6586904,2019-02-05 05:06:52,btc,6.6870277026190985,0.0,0.000007900000000000000595422149085589325068212929181754589080810546875,btc,14825.29828389,0.0051006617097304,0.0868894895338792,168
1,[],17,[],2019-02-05 05:06:54,29784.95,0.000001,0.0000000000346792,6586905,2019-02-05 05:06:54,btc,0.03026736251542,0.0,0.000001,btc,144.46171372,0.0,0.00716147,168
0,[],22,[],2019-02-05 05:06:56,0.0,0,0,6586906,2019-02-05 05:06:56,,1.14681919,0.0,0,,721558.1900917594,0.0,0.0,169
1,[],22,[],2019-02-05 05:06:59,204444.9441532258,0.00000032,0.000000000011097344,6586907,2019-02-05 05:06:59,BTC,10.32458157,0.0,0.00000032,BTC,111591.32284706508,0.00359184,0.0258135,171
1,[],22,[],2019-02-05 05:07:03,243145.52380952382,0.0000003,0.00000000001040376,6586908,2019-02-05 05:07:03,BTC,2.65670975,0.0,0.0000003,BTC,218459.9104897285,0.00661402,0.02285534,173
1,[],5,[],2019-02-05 05:07:05,2.043e-05,0.00000317,0.000000000109933064,6586909,2019-02-05 05:07:05,btc,0.36704861,0.08395234,0.00000317,btc,0.00030364,0.0,0.71837031,175
1,[],22,[],2019-02-05 05:07:15,50749.25714285715,0.00000041,0.000000000014218472,6586910,2019-02-05 05:07:15,BTC,0.63358303,0.0,0.00000041,BTC,155090.40184992214,0.0,0.01728557,176
1,[],7,[],2019-02-05 05:07:16,0.0,0,0,6586911,2019-02-05 05:07:16,btc,233187.8026514405,0.0,0,btc,115099540.36229606,0.0,0.0,178
0,[],22,[],2019-02-05 05:07:18,0.0,0,0,6586912,2019-02-05 05:07:18,,1.00242428,0.0,0,,57512.0,0.0,0.0,178
0,[],2,[],2019-01-20 23:28:34,0.0,0,0,6477001,2019-01-20 23:28:34,,0.0,0.0,0,,0.0,0.0,0.0,178
1,[],5,[],2019-02-05 05:07:20,3e-08,0.00000002,0.000000000000693584,6586913,2019-02-05 05:07:20,btc,16.97594058,0.05652634,0.00000002,btc,2.088e-05,0.0,1.26942533,179
1,[],22,[],2019-02-05 05:07:24,8340773.0,0.00000002,0.000000000000693584,6586914,2019-02-05 05:07:24,BTC,5.51393082,0.0,0.00000002,"BTC,LTC",18589483.068656635,0.0001093800007540369,0.3940753,179
0,[],23,[],2019-01-20 23:25:08,0.0,0,0,6476952,2019-01-20 23:25:08,,0.0,0.0,0,,0.0,0.0,0.0,179
1,[],17,[],2019-02-05 05:07:25,10504.725,0.0000001,0.00000000000346792,6586915,2019-02-05 05:07:25,btc,5.2061668798772915,0.0,0.0000001,btc,6755.0074587,0.0,0.0010504725,180
1,[],22,[],2019-02-05 05:07:30,39521.94545454546,0.00000011,0.000000000003814712,6586916,2019-02-05 05:07:30,BTC,0.09618191,0.0,0.00000011,"BTC,LTC",16812.39315481,3.08e-06,0.00413387,180
1,[],26,[],2019-02-05 05:07:30,0.0,0.00000010,0.00000000000346792,6586917,2019-02-05 05:07:30,btc,0.0,0.0,0.00000010,btc,0.0,0.0,0.0,180
,[],7,[],2018-11-20 22:58:01,562227.975654,0.00000085,0.000000000036176765,4862015,2018-11-20 22:58:01,btc,21836.6059674,2491.87645172,,btc,749999.041456,0.00211021,0.127565380455,183
,[],5,[],2019-01-10 08:11:41,0.0,0,0,6347036,2019-01-10 08:11:41,btc,82.15055501,0.00261,,btc,1.19002445,0.0,0.0,187
1,[],24,[],2019-02-05 05:07:30,0.0,0.000000000001,3.46792e-17,6586918,2019-02-05 05:07:30,btc,0.0,0.0,0.000000000001,btc,0.0,0.0,0.0,187
,[],17,[],2018-11-16 20:58:10,4062536.27273,0.00000001,0.000000000000550501,4708775,2018-11-16 20:58:10,btc,3.36492563466,0.195460381006,,"btc,eth",110697919.549,0.0,0.0157628953496,187
0,[],22,[],2019-02-05 05:07:33,0.0,0,0,6586919,2019-02-05 05:07:33,,1.19382741,0.0,0,,13380.036201072173,0.0,0.0,191
0,[],22,[],2019-02-05 05:07:37,0.0,0,0,6586920,2019-02-05 05:07:37,,0.0,0.0,0,,0.0,0.0,0.0,197
0,[],23,[],2019-01-20 23:31:41,0.0,0,0,6477079,2019-01-20 23:31:41,,0.0,0.0,0,,0.0,0.0,0.0,199
1,[],26,[],2019-02-05 05:07:38,0.0,0.00000000,0,6586921,2019-02-05 05:07:38,btc,0.0,628669.0,0.00000000,btc,0.0,0.0,0.0,199
0,[],17,[],2019-01-30 16:32:01,0.0,0,0,6540827,2019-01-30 16:32:01,btc,6.802544163788159,0.0,0,btc,105897.55575295,0.0,0.0,200
0,[],2,[],2019-01-20 23:30:49,0.0,0,0,6477059,2019-01-20 23:30:49,,0.0,0.0,0,,0.0,0.0,0.0,201
1,[],4,[],2019-01-25 15:51:35,2084389.58565343,0.00000936,0.000000000333526752,6499557,2019-01-25 15:51:35,btc,2.0092503037378524,0.0,0.00000936,btc,160195.80207885,0.19272417,1.242687955921835,211
1,[],7,[],2019-02-05 05:07:41,16488546.96669254,0.000001489999999999999921986774779891771203210737439803779125213623046875,0.000000000051672008,6586922,2019-02-05 05:07:41,btc,16567795.209008496,301264.312592,0.000001489999999999999921986774779891771203210737439803779125213623046875,btc,12594186.9197016,0.0,8.59694637154038,212
1,[],5,[],2019-02-05 05:07:42,5.01e-06,0.00000035,0.00000000001213772,6586923,2019-02-05 05:07:42,btc,1.14562232,0.15740079,0.00000035,btc,3.383e-05,0.0,0.21259662,213
1,[],24,[],2019-02-05 05:07:42,0.0,0.000000050000,0.00000000000173396,6586924,2019-02-05 05:07:42,btc,0.0,0.0,0.000000050000,btc,0.0,0.0,0.0,213
1,[],26,[],2019-02-05 05:07:42,0.0,0.00000009,0.000000000003121128,6586925,2019-02-05 05:07:42,btc,0.0,0.0,0.00000009,btc,0.0,0.0,0.0,213
1,[],12,[],2019-01-25 02:44:32,207462.42853209,0.000001080000000000000035831255497387193287295303889550268650054931640625,0.000000000038610756000000006,6493050,2019-01-25 02:44:32,btc,85023.03793723314,0.0,0.000001080000000000000035831255497387193287295303889550268650054931640625,btc,43675.73520027,0.000146250909087,0.0348620860622024,213
1,[],22,[],2019-02-05 05:07:46,276400.0,0.00000002,0.000000000000693584,6586926,2019-02-05 05:07:46,BTC,70.20492877,0.0,0.00000002,BTC,291693.63137942314,0.0,0.004714,216
1,[],27,[],2019-02-05 05:07:48,5054765.0,0.00000016,0.000000000005548672,6586927,2019-02-05 05:07:48,btc,313.98420755276,18000.0,0.00000016,"btc,ltc",287278.49411,0.00666,0.0516927,216
1,[],22,[],2019-02-05 05:07:51,250365.48250399102,0.00000233,0.000000000080802536,6586928,2019-02-05 05:07:51,BTC,12677.92395726,0.0,0.00000233,BTC,493445.3028299485,0.00556574,0.31980442,217
1,[],7,[],2019-02-05 05:07:52,0.0,0,0,6586929,2019-02-05 05:07:52,btc,77970.02600413912,0.0,0,btc,134531561.1214003,0.0,0.0,219
0,[],27,[],2019-02-05 05:07:54,0.0,0,0,6586930,2019-02-05 05:07:54,,5.3418937883169715,0.0,0,btc,1605140.99226592,0.0,0.0,219
0.0000000000000055,[],28,[],2019-02-05 05:07:59,205554034.567,6.1325e-18,2.12670194e-22,6586931,2019-02-05 05:07:59,doge,88554.0318717675,11044.0,0.00111500,"btc,doge",4969437.84751,0.0,2.9397062286559605e-11,219
1,[],22,[],2019-02-05 05:08:03,214501.0,0.00000055,0.000000000019073560000000002,6586932,2019-02-05 05:08:03,BTC,2.99954627,0.0,0.00000055,BTC,32610.55212317522,0.00185502,0.02631238,221
1,[],24,[],2019-02-05 05:08:03,0.0,0.000000550000,0.000000000019073560000000002,6586933,2019-02-05 05:08:03,btc,0.0,0.0,0.000000550000,btc,0.0,0.0,0.0,221
1,[],20,[],2019-02-05 05:08:05,5506483.4568,0.000000007,0.0000000000002427544,6586934,2019-02-05 05:08:05,btc,5.6375531796278,222062.5384,0.000000007,btc,7352921.7904,0.0022847405562,0.0127874406566,224
0,[],22,[],2019-02-05 05:08:07,0.0,0,0,6586935,2019-02-05 05:08:07,,0.0,0.0,0,,0.0,0.0,0.0,224
1,[],26,[],2019-02-05 05:08:07,0.0,0.00000022,0.000000000007629424,6586936,2019-02-05 05:08:07,btc,0.0,0.0,0.00000022,btc,0.0,0.0,0.0,231
1,[],26,[],2019-02-05 05:08:08,0.0,0.00000005,0.00000000000173396,6586937,2019-02-05 05:08:08,btc,0.0,100.0,0.00000005,btc,0.0,0.0,0.0,234
0,[],27,[],2019-02-05 05:08:10,0.0,0,0,6586938,2019-02-05 05:08:10,,0.0113483662182,0.0,0,"btc,eth",11462.99618,0.0,0.0,234
0.0000000000987735,[],22,[],2019-02-05 05:08:13,4900000.0,9.87735e-19,3.4253859612000003e-23,6586939,2019-02-05 05:08:13,LTC,2.82421019,0.0,0.00000001,LTC,99533768.06349206,1.97547e-14,0.049,235
1,[],4,[],2019-02-05 05:08:14,812891.72154668,0.00000059,0.000000000020460728,6586940,2019-02-05 05:08:14,btc,0.1485025608583315,0.0,0.00000059,btc,144287.58070375,0.02022419,0.1762451888241164,236
1,[],24,[],2019-02-05 05:08:14,0.0,0.000000010000,0.000000000000346792,6586941,2019-02-05 05:08:14,btc,0.0,0.0,0.000000010000,btc,0.0,0.0,0.0,236
1,[],20,[],2019-02-05 05:08:16,20061747.7369,0.000000057,0.0000000000019767144,6586942,2019-02-05 05:08:16,btc,16.2578157705614,13991699.7458,0.000000057,btc,26136484.8742,0.8545909152439,0.3391106344051,237
1,[],22,[],2019-02-05 05:08:19,10000.0,0.00000001,0.000000000000346792,6586943,2019-02-05 05:08:19,BTC,0.04083605,0.0,0.00000001,BTC,4179.0,0.0,0.0001,237
1,[],4,[],2019-02-05 05:08:20,3726250.64430497,0.00000034,0.000000000011790928,6586944,2019-02-05 05:08:20,btc,0.514616884192535,0.0,0.00000034,btc,1267351.25710996,0.70960774,1.1503645969594052,238
1,[],5,[],2019-02-05 05:08:21,4.29e-06,0.00000033,0.000000000011444136000000001,6586945,2019-02-05 05:08:21,btc,0.72568933,0.00293819,0.00000033,btc,2.957e-05,0.0,0.29229305,238
1,[],22,[],2019-02-05 05:08:25,181969.0,0.00000003,0.000000000001040376,6586946,2019-02-05 05:08:25,BTC,15.41384673,0.0,0.00000003,BTC,299606.3139027493,0.00054057,0.00545907,249
0.0000000000987735,[],22,[],2019-02-05 05:08:28,1311049.0,2.963205e-18,1.0276157883600001e-22,6586947,2019-02-05 05:08:28,LTC,0.46385524,0.0,0.00000003,LTC,14489283.09,0.0,0.03833449,252
1,[],28,[],2019-02-05 05:08:33,2320788.578,0.00000009,0.000000000003121128,6586948,2019-02-05 05:08:33,btc,164692.29902255893,54032.011,0.00000009,btc,674053.1485,0.0,0.07894288099,256
1,[],22,[],2019-02-05 05:08:36,116442.0,0.00000001,0.000000000000346792,6586949,2019-02-05 05:08:36,BTC,30.20656659,0.0,0.00000001,BTC,456125.98909895687,0.00096614,0.00116442,258
1,[],22,[],2019-01-26 20:58:41,368451.0,0.00000001,0.000000000000356135,6510120,2019-01-26 20:58:41,BTC,2.642917,0.0,0.00000001,"BTC,LTC",1862.0,0.0,0.02488451,259
1,[],22,[],2019-02-05 05:08:39,44934.09428571429,0.00000700,0.0000000002427544,6586950,2019-02-05 05:08:39,BTC,4.70992424,0.0,0.00000700,BTC,8475.446929624764,0.0,0.089659,262
1,[],5,[],2019-02-05 05:08:41,6.213e-05,0.00000321,0.000000000111320232,6586951,2019-02-05 05:08:41,btc,1.01883468,0.24749518,0.00000321,btc,0.0006146,0.0,0.21913611,264
1,[],20,[],2019-02-05 05:08:43,1164866.3596,0.000003001,0.0000000001040722792,6586952,2019-02-05 05:08:43,btc,4.9970046392801,9471.6716,0.000003001,btc,94478.342,0.040319138115,0.0183810804328,264
1,[],22,[],2019-02-05 05:08:46,131617.0,0.00000002,0.000000000000693584,6586953,2019-02-05 05:08:46,BTC,8.52098902,0.0,0.00000002,BTC,337937.0984647885,6.8e-05,0.00213471,271
0,[],22,[],2019-02-05 05:08:48,0.0,0,0,6586954,2019-02-05 05:08:48,,369.26513139,0.0,0,,14581807828.9,0.0,0.0,272
0.0000000000000055,[],28,[],2019-02-05 05:08:52,254269668996.792,6.6e-21,2.2888272e-25,6586955,2019-02-05 05:08:52,doge,299028345.1856907,15779740471.335,0.00000120,doge,158440537338.041,0.0,8.950905489650234e-10,272
0,[],22,[],2019-02-05 05:08:56,0.0,0,0,6586956,2019-02-05 05:08:56,,0.0,0.0,0,,0.0,0.0,0.0,281
