pairValue,buyBook,exchangeId,sellBook,updated,buyTotal,satoshiPrice,usdPrice,exchangeLogId,created,bestPair,sellTotalBtc,volume,pairPrice,activePairs,sellTotal,volumeBtc,buyTotalBtc,coinId
1,[],3,[],2019-05-08 10:56:19,32374.049672247158,0.0115478000000000004254818719573449925519526004791259765625,0.0000006800695732600001,7580364,2019-05-08 10:56:19,btc,34.729065729692195,15.3804887063,0.0115478000000000004254818719573449925519526004791259765625,btc,24.087277741353002,0.0,0.613163729361785,1
1,[],4,[],2019-05-08 10:56:20,207745.52573824,0.01129530,0.00000066519941901,7580365,2019-05-08 10:56:20,btc,8.980581456018108,0.0,0.01129530,btc,393.20623592,1.36528366,0.6800342488568599,1
1,[],5,[],2019-05-08 10:56:22,0.0,0,0,7580366,2019-05-08 10:56:22,btc,0.0,0.09790256,0,btc,0.0,0.0,0.0,1
1,[],10,[],2019-05-08 10:56:25,184918.86011153,0.01009301,0.0000005943945170169999,7580367,2019-05-08 10:56:25,btc,6524.812696829832,1223.60490217,0.01009301,btc,1434.44607597,0.0,3.9963430690155617,1
1,[],12,[],2019-05-08 10:56:27,87.30206906,0.01129999999999999928113059155521114007569849491119384765625,0.00000066547621,7580368,2019-05-08 10:56:27,btc,0.175498788183,0.0,0.01129999999999999928113059155521114007569849491119384765625,btc,12.14404597,0.1242470751394,0.4517768658567,1
1,[],20,[],2019-05-08 10:56:29,975.4926,0.010710352,0.0000006307508368784,7580369,2019-05-08 10:56:29,btc,0.1200725333437,0.0057,0.010710352,btc,8.5875,6.98249943e-05,0.1768540381674,1
1,[],21,[],2019-05-08 10:56:30,1794.79619407,0.01134187000000000042354564300,0.000000667942005479,7580370,2019-05-08 10:56:30,btc,14.72158522140763,2953.46694055,0.0113418700000000004235456430023987195454537868499755859375,"btc,eth",1733.2313885199999,30.99113875418112,12.907671950314501,1
0,[],22,[],2019-05-08 10:56:33,0.0,0,0,7580371,2019-05-08 10:56:33,,0.3163308,0.0,0,,0.2527518593615956,0.0,0.0,1
0,[],2,[],2019-01-20 23:28:45,0.0,0,0,6477011,2019-01-20 23:28:45,,0.0,0.0,0,,0.0,0.0,0.0,1
1,[],24,[],2019-05-08 10:56:34,0.0,0.000000000000,0,7580372,2019-05-08 10:56:34,btc,0.0,0.0,0.000000000000,btc,0.0,0.0,0.0,1
0.0,[],25,[],2019-05-08 10:56:34,0.0,0,0,7580373,2019-05-08 10:56:34,btc,18.54999999913322,381.80102435,0.0,btc,1601.60349049,4.3623,0.0,1
1,[],26,[],2019-05-08 10:56:36,0.0,0,0,7580374,2019-05-08 10:56:36,,0.0,0.0,0,,0.0,0.0,0.0,1
1,[],28,[],2019-05-08 10:56:38,987.9,0.01131000,0.000000666065127,7580375,2019-05-08 10:56:38,btc,0.160832048,364734.25,0.01131000,btc,8.7307,0.0,0.024551096,1
1,[],5,[],2019-05-08 10:56:41,0.0,0,0,7580376,2019-05-08 10:56:41,btc,0.0,0.00608889,0,btc,0.0,0.0,0.0,2
1,[],22,[],2019-05-08 10:56:44,9148.0,0.00000001,0.0000000000005889170000000001,7580377,2019-05-08 10:56:44,BTC,21.00846647,0.0,0.00000001,"BTC,XMR",24148.96059725142,0.0,0.00095635,2
1,[],5,[],2019-05-08 10:56:46,0.0,0,0,7580378,2019-05-08 10:56:46,btc,0.0,0.71167545,0,btc,0.0,0.0,0.0,3
1,[],12,[],2019-05-08 10:56:47,2491936.09364287,0.000000159,0.0000000000093637803,7580379,2019-05-08 10:56:47,btc,2714596.627648217,0.0,0.000000159,btc,3953270.86806813,0.04440540093123584,0.2749601175367117,3
0,[],28,[],2019-05-08 10:56:48,0.0,0,0,7580380,2019-05-08 10:56:48,,0.0,0.0,0,,0.0,0.0,0.0,3
0,[],2,[],2019-01-20 23:31:32,0.0,0,0,6477077,2019-01-20 23:31:32,,0.0,0.0,0,,0.0,0.0,0.0,4
1,[],4,[],2019-04-26 19:14:12,610911.70993152,0.00000026,0.000000000013566046,7471614,2019-04-26 19:14:12,btc,31.457742656463164,0.0,0.00000026,btc,718733.71307795,0.00142695,0.0638464483338706,4
0,[],12,[],2019-04-25 23:08:22,0.0,0,0,7459310,2019-04-25 23:08:22,btc,1111851.94727753,0.0,0,btc,953412.0,0.0,0.0,5
0,[],2,[],2019-01-20 23:31:51,0.0,0,0,6477087,2019-01-20 23:31:51,,0.0,0.0,0,,0.0,0.0,0.0,6
1,[],11,[],2019-05-08 10:56:50,5064415.307535999,0.00000001,0.0000000000005889170000000001,7580381,2019-05-08 10:56:50,btc,9576.546981859496,717767.0,0.00000001,btc,47358201.75253575,0.0,0.05064415307536,6
1,[],3,[],2019-05-08 10:56:50,11083.0762457503,0.0001701399999999999939313821695208162054768763482570648193359375,0.000000010019833838,7580382,2019-05-08 10:56:50,btc,20.984358447810745,42.9438395808,0.0001701399999999999939313821695208162054768763482570648193359375,btc,316.713226454214,0.0,0.031704076621916724,7
1,[],4,[],2019-05-08 10:56:51,43841.65581051,0.00018191,0.000000010712989147,7580383,2019-05-08 10:56:51,btc,8.600974298322905,0.0,0.00018191,btc,36544.95455333,3.13573226,4.13412893368715,7
1,[],5,[],2019-05-08 10:56:53,0.0,0,0,7580384,2019-05-08 10:56:53,btc,0.0,0.2865102,0,btc,0.0,0.0,0.0,7
1,[],20,[],2019-04-07 22:06:50,3201475.0482,0.000000001,0.000000000000051590000000000004,7213932,2019-04-07 22:06:50,btc,30.8005781811902,0.0,0.000000001,btc,23077405.3926,0.0,0.0032014750482,8
0,[],2,[],2019-01-20 23:22:42,0.0,0,0,6476876,2019-01-20 23:22:42,,0.0,0.0,0,,0.0,0.0,0.0,9
0,[],23,[],2019-01-20 23:22:48,0.0,0,0,6476878,2019-01-20 23:22:48,,0.0,0.0,0,,0.0,0.0,0.0,9
1,[],1,[],2019-02-17 23:31:42,1822507.21,0.00000181000000000000003456111265232042484285557293333113193511962890625,0.000000000066086901,6701244,2019-02-17 23:31:42,btc,3.6990969245,17153386.5,0.00000181000000000000003456111265232042484285557293333113193511962890625,btc,1997391.71,31.11772986,3.2610482446,9
1,[],4,[],2019-05-08 10:56:54,20161370.25156708,0.00000080,0.00000000004711336,7580385,2019-05-08 10:56:54,btc,4.015670022562017,0.0,0.00000080,btc,3150014.81357879,0.69676997,0.7171369261033617,9
1,[],28,[],2019-05-08 10:56:56,18055.0,0.00000021,0.000000000012367257,7580386,2019-05-08 10:56:56,btc,2708.774353000864,3738870.0,0.00000021,btc,24560.2792,0.0,0.00186155,9
1,[],4,[],2019-02-17 11:22:43,4341674.27126056,0.00000002,0.0000000000007272960000000001,6696112,2019-02-17 11:22:43,btc,0.1997230937751353,0.0,0.00000002,btc,4109766.79808031,0.00215132,0.0479381022052112,10
0,[],2,[],2019-01-20 23:23:08,0.0,0,0,6476890,2019-01-20 23:23:08,,0.0,0.0,0,,0.0,0.0,0.0,12
1,[],4,[],2019-05-08 10:57:00,9758027.17375804,0.00000087,0.000000000051235779,7580387,2019-05-08 10:57:00,btc,7.084187084881804,0.0,0.00000087,btc,5120629.05370343,2.08086443,2.8742847074086373,12
1,[],5,[],2019-05-08 10:57:01,0.0,0,0,7580388,2019-05-08 10:57:01,btc,0.0,0.26427261,0,btc,0.0,0.0,0.0,12
0.0,[],25,[],2019-05-08 10:57:03,0.0,0,0,7580389,2019-05-08 10:57:03,,0.0,0.0,0.0,btc,0.0,0.0,0.0,12
1,[],10,[],2019-05-08 08:47:59,545514.87707518,0.00000624,0.000000000366302352,7579279,2019-05-08 08:47:59,btc,666793.5802787328,7114.83746536,0.00000624,btc,743482.54696136,0.0,0.4810572332708815,13
1,[],4,[],2019-05-08 10:57:04,32018344.20833467,0.00000635,0.000000000373962295,7580390,2019-05-08 10:57:04,btc,3.191364286323127,0.0,0.00000635,btc,356185.31835573,0.41286346,0.959021149869536,13
1,[],21,[],2019-05-08 10:57:07,1886163.47426803,0.000006420000000000000365933412044,0.000000000378084714,7580391,2019-05-08 10:57:07,btc,4.035551237385301,771549.82731366,0.0000064200000000000003659334120442725435395914246328175067901611328125,btc,551882.83201497,5.03659964,9.343830861201804,13
0,[],17,[],2019-05-03 00:53:32,0.0,0,0,7558876,2019-05-03 00:53:32,btc,0.0,0.0,0,btc,0.0,0.0,0.0,14
1,[],4,[],2019-05-08 10:57:08,1086366.14919256,0.00000087,0.000000000051235779,7580392,2019-05-08 10:57:08,btc,6.49380883302419,0.0,0.00000087,btc,1286149.69774024,0.11288199,0.1999814411811203,14
1,[],12,[],2019-05-08 10:57:09,254930.84491142,0.00000083,0.000000000048880111,7580393,2019-05-08 10:57:09,btc,0.1182662158029268,0.0,0.00000083,btc,14480.86895597,0.0,0.0284062399999927,14
1,[],26,[],2019-05-08 10:57:11,0.0,0.00000050,0.00000000002944585,7580394,2019-05-08 10:57:11,btc,0.0,0.0,0.00000050,btc,0.0,0.0,0.0,14
,[],12,[],2018-12-01 15:15:48,204241.84496,0.00000489,0.000000000202473384,5260204,2018-12-01 15:15:48,btc,49.5475654835,0.0,,btc,35763.2193806,0.0163153972027625,0.0203389899998,15
0,[],4,[],2019-05-08 10:57:11,0.0,0,0,7580395,2019-05-08 10:57:11,,0.0,0.0,0,,0.0,0.0,0.0,15
0,[],2,[],2019-01-20 23:23:38,0.0,0,0,6476906,2019-01-20 23:23:38,,0.0,0.0,0,,0.0,0.0,0.0,18
0,[],17,[],2019-05-03 00:53:39,0.0,0,0,7558882,2019-05-03 00:53:39,btc,0.0,0.0,0,btc,0.0,0.0,0.0,18
1,[],4,[],2019-05-08 10:57:12,30237.82087688,0.00001302,0.000000000766769934,7580396,2019-05-08 10:57:12,btc,1.1086145612370275,0.0,0.00001302,btc,14188.45040513,0.01001247,0.0925318436213317,18
1,[],10,[],2019-05-08 10:57:14,168404.93382178,0.00001374,0.0000000008091719580000001,7580397,2019-05-08 10:57:14,btc,15.88226279578451,4503.8659669,0.00001374,btc,34393.10715834,0.0,0.5036716477819648,18
1,[],12,[],2019-05-08 10:57:16,221486.85861839,0.000013299999999999999715787242504649867669286322779953479766845703125,0.00000000078325961,7580398,2019-05-08 10:57:16,btc,33215.319010201914,0.0,0.000013299999999999999715787242504649867669286322779953479766845703125,btc,1147.15588086,0.0013942596184001,0.0187203415851062,18
0,[],2,[],2019-01-20 23:24:19,0.0,0,0,6476924,2019-01-20 23:24:19,,0.0,0.0,0,,0.0,0.0,0.0,19
1,[],3,[],2019-05-08 10:57:17,155745.94388304334,0.000010760000000000000317770983138121465572112356312572956085205078125,0.000000000633674692,7580399,2019-05-08 10:57:17,btc,0.26460286787684717,877.51601513,0.000010760000000000000317770983138121465572112356312572956085205078125,btc,7252.566877867577,0.0,0.047008304067625295,19
1,[],4,[],2019-05-08 10:57:18,421939.92502563,0.00001519,0.000000000894564923,7580400,2019-05-08 10:57:18,btc,3.5940392147733036,0.0,0.00001519,btc,116934.92718612,0.98056608,1.0416819758177942,19
1,[],5,[],2019-05-08 10:57:20,0.0,0,0,7580401,2019-05-08 10:57:20,btc,0.0,0.00163611,0,btc,0.0,0.0,0.0,19
1,[],12,[],2019-05-08 10:57:21,199626.62030629,0.000015020000000000000188525410560469453002951922826468944549560546875,0.000000000884553334,7580402,2019-05-08 10:57:21,btc,0.3417427885827735,0.0,0.000015020000000000000188525410560469453002951922826468944549560546875,btc,2935.44046912,0.0148250354557162,0.0843977499994819,19
0,[],27,[],2019-05-08 10:57:27,0.0,0,0,7580403,2019-05-08 10:57:27,,0.0,0.0,0,btc,0.0,0.0,0.0,19
1,[],4,[],2019-05-08 10:57:27,1890069.11944487,0.00000011,0.000000000006478087000000001,7580404,2019-05-08 10:57:27,btc,5.280175126319464,0.0,0.00000011,btc,2275880.8131896,0.0,0.0663675897814302,20
1,[],4,[],2019-05-08 10:50:35,75300989.78118359,0.00000001,0.0000000000005871430000000001,7580254,2019-05-08 10:50:35,btc,39305.4873462735,0.0,0.00000001,btc,55123956.98986641,0.00067825,0.7530098978118358,21
1,[],12,[],2019-05-08 10:50:36,3838924.0,0.00000001,0.0000000000005871430000000001,7580255,2019-05-08 10:50:36,btc,2895.662038990839,0.0,0.00000001,btc,7237924.79920076,0.000215744985015,0.03838924,21
0,[],17,[],2019-05-03 00:53:51,0.0,0,0,7558891,2019-05-03 00:53:51,btc,0.0,0.0,0,btc,0.0,0.0,0.0,21
1,[],12,[],2019-05-08 10:50:39,8219037655.808,0.0000000005,0.00000000000002935715,7580256,2019-05-08 10:50:39,btc,311119411330.6851,0.0,0.0000000005,btc,2888516396.0673375,0.058753149229270746,1.974673225604,23
0.0000000002879461,[],27,[],2019-05-08 10:50:48,8680383.0,5.758922e-18,3.3813107398460007e-22,7580257,2019-05-08 10:50:48,eth,10182.626460626512,266276126.0,0.00000002,eth,4517677.6944,1.5334634400961722e-09,2.7607287292338004e-11,23
1,[],4,[],2019-05-08 10:57:28,815883.47447942,0.00000052,0.000000000030623684,7580405,2019-05-08 10:57:28,btc,14.991596332639947,0.0,0.00000052,btc,1997760.44578829,0.10398136,0.0979177754729576,24
1,[],22,[],2019-05-08 10:57:31,1021.76,0.00000100,0.0000000000588917,7580406,2019-05-08 10:57:31,BTC,7.415e-05,0.0,0.00000100,BTC,23.919354838709676,0.0,0.00011186,24
0.0,[],25,[],2019-05-08 10:57:32,0.0,0,0,7580407,2019-05-08 10:57:32,,0.0,0.0,0.0,btc,0.0,0.0,0.0,24
1,[],4,[],2019-05-08 10:50:56,26963057.40851196,0.00000535,0.00000000031412150500000003,7580261,2019-05-08 10:50:56,btc,13.688355268691614,0.0,0.00000535,btc,318003.71478645,0.13338524,0.5756552306926602,26
1,[],10,[],2019-05-08 10:50:58,117658.46706333,0.00000852,0.000000000500245836,7580262,2019-05-08 10:50:58,btc,25.64124289926139,2213.26056523,0.00000852,btc,19798.01927609,0.0,0.068512082222371,26
0,[],2,[],2019-01-20 23:25:56,0.0,0,0,6476976,2019-01-20 23:25:56,,0.0,0.0,0,,0.0,0.0,0.0,26
1,[],11,[],2019-04-30 04:16:17,7094566.83690364,0.00000006,0.000000000003115554,7518027,2019-04-30 04:16:17,btc,67504.138725751,6116.07566417,0.00000006,btc,6591680.7351637,0.0,0.38529422037817224,27
1,[],5,[],2019-04-26 09:47:06,0.0,0,0,7465326,2019-04-26 09:47:06,btc,0.0,0.0,0,btc,0.0,0.0,0.0,27
1,[],3,[],2019-04-28 02:38:55,141621.60361514,0.00000001,0.0000000000005253330000000001,7491060,2019-04-28 02:38:55,btc,2.501704004580372,921815.184511,0.00000001,btc,21091882.2176418,0.0,0.0014162160361513999,27
1,[],4,[],2019-05-08 10:57:33,1529109458.0201821,0.00000001,0.0000000000005889170000000001,7580408,2019-05-08 10:57:33,btc,5.097994910505836,0.0,0.00000001,"btc,ltc",283741479.86531854,0.38912147,9.613340247258952,29
1,[],7,[],2019-05-08 10:57:35,106858448.2164338,0.00000001,0.0000000000005889170000000001,7580409,2019-05-08 10:57:35,btc,46550610.684606075,13068656.9077,0.00000001,btc,41362562.20663183,0.26137314,1.068584482164338,29
0,[],17,[],2019-05-03 01:11:25,0.0,0,0,7559066,2019-05-03 01:11:25,btc,0.0,0.0,0,btc,0.0,0.0,0.0,30
1,[],4,[],2019-05-08 10:57:36,1742472.15851675,0.00000012,0.000000000007067004,7580410,2019-05-08 10:57:36,btc,3.938813476421814,0.0,0.00000012,btc,2179968.52132353,0.0,0.0518767921046507,30
1,[],4,[],2019-05-08 10:57:37,213194.97522786,0.00006007,0.000000003537624419,7580411,2019-05-08 10:57:37,btc,6.32085683302751,0.0,0.00006007,btc,61203.69678046,0.85336161,0.6525608644461518,31
1,[],21,[],2019-05-08 10:57:38,80193.93091113999,0.00006009999999999999717448240233,0.0000000035393911699999997,7580412,2019-05-08 10:57:38,btc,5.177679344625428,220959.39190672,0.0000600999999999999971744824023289766046218574047088623046875,btc,79321.46828500999,13.58321867,4.279660756098982,31
0,[],2,[],2019-01-20 23:28:43,0.0,0,0,6477009,2019-01-20 23:28:43,,0.0,0.0,0,,0.0,0.0,0.0,32
0,[],4,[],2019-05-08 10:51:07,0.0,0,0,7580268,2019-05-08 10:51:07,,0.0,0.0,0,,0.0,0.0,0.0,33
1,[],12,[],2019-03-30 07:55:10,40641173.964,0.00000003,0.000000000001228359,7108785,2019-03-30 07:55:10,btc,4233210.82356125,0.0,0.00000003,btc,28378394.68333462,0.0126927883965248,0.90752895892,33
0,[],4,[],2019-05-08 10:57:39,0.0,0,0,7580413,2019-05-08 10:57:39,,3.9136403736849066,0.0,0,,153631097.13319787,0.00012248,0.0,34
1,[],5,[],2019-05-08 10:57:40,0.0,0,0,7580414,2019-05-08 10:57:40,btc,0.0,0.00462392,0,btc,0.0,0.0,0.0,34
0.000000000133684,[],4,[],2019-05-02 18:17:45,3384239970.6360936,1.3368400000000002e-18,7.293946092400001e-23,7556428,2019-05-02 18:17:45,ltc,5.381102735485169e-08,0.0,0.00000001,ltc,6862894551.7408495,0.0,4.524187362345155e-09,36
1,[],5,[],2019-05-02 18:17:46,0.0,0,0,7556429,2019-05-02 18:17:46,btc,0.0,0.0,0,btc,0.0,0.0,0.0,36
0.0000000002926451,[],17,[],2019-05-02 18:17:47,200000.0,2.9264510000000002e-18,1.596703856561e-22,7556430,2019-05-02 18:17:47,eth,0.20942468735267253,0.0,0.00000001,"btc,eth",1018272.20243647,0.0,5.852902e-13,36
0.000000000133684,[],27,[],2019-05-02 18:17:55,7883196.008,1.3368400000000002e-18,7.293946092400001e-23,7556431,2019-05-02 18:17:55,ltc,25567.4086131264,0.0,0.00000001,"ltc,eth",21753551.64,0.0,1.0538571751334722e-11,36
1,[],12,[],2019-05-08 10:57:42,1074028.82994003,0.00000025,0.000000000014722925,7580416,2019-05-08 10:57:42,btc,61604.97682346905,0.0,0.00000025,btc,589772.23664157,0.037171859229066,0.1091667735794936,37
1,[],27,[],2019-05-08 10:57:48,1600.0,0.00000015,0.000000000008833755,7580417,2019-05-08 10:57:48,btc,24.12824334291843,0.0,0.00000015,btc,5839.49448498,0.0,3e-05,37
1,[],17,[],2019-05-03 01:11:36,211752.74075282,0.00000025,0.000000000013700074999999998,7559074,2019-05-03 01:11:36,btc,0.055484923955058496,0.0,0.00000025,"btc,eth",1387.19918473,0.0,0.0005381851887916605,37
1,[],4,[],2019-05-08 10:57:41,465182.21849927,0.00000025,0.000000000014722925,7580415,2019-05-08 10:57:41,btc,19772.892498718164,0.0,0.00000025,btc,995596.90286836,0.00617108,0.0700033798133355,37
1,[],5,[],2019-05-08 10:51:26,0.0,0,0,7580274,2019-05-08 10:51:26,btc,0.0,0.12645657,0,btc,0.0,0.0,0.0,42
1,[],12,[],2019-05-08 10:51:26,415058.18730211,0.0000015099999999999999422575606977670048536310787312686443328857421875,0.000000000088658593,7580275,2019-05-08 10:51:26,btc,1222229.0918193986,0.0,0.0000015099999999999999422575606977670048536310787312686443328857421875,btc,56074.53805374,0.4474538742010764,0.1466530489999534,42
1,[],27,[],2019-05-08 10:51:35,3256.0,0.00000015,0.000000000008807145000000001,7580276,2019-05-08 10:51:35,btc,1.8179904929696,0.0,0.00000015,"btc,eth",2428.82344975,0.0,0.0002475000005950694,42
1,[],12,[],2019-03-13 09:13:29,1112112.0,0.00000001,0.000000000000386531,6919902,2019-03-13 09:13:29,btc,29058.00478931866,0.0,0.00000001,btc,5967681.93306694,9.99000999e-07,0.01112112,43
1,[],5,[],2019-04-26 22:38:52,0.0,0,0,7474154,2019-04-26 22:38:52,btc,0.0,0.02638891,0,btc,0.0,0.0,0.0,43
0,[],17,[],2019-04-26 22:38:53,0.0,0,0,7474155,2019-04-26 22:38:53,btc,0.0,0.0,0,btc,0.0,0.0,0.0,43
1,[],12,[],2019-03-05 01:54:08,639326.02,0.00000004,0.000000000001486676,6845775,2019-03-05 01:54:08,btc,11116042.728239931,0.0,0.00000004,btc,1103841.4595604,0.0003330765234764,0.014975410599999999,44
1,[],4,[],2019-05-08 10:57:49,132269170.53432849,0.00000001,0.0000000000005889170000000001,7580418,2019-05-08 10:57:49,btc,436.7646832184553,0.0,0.00000001,"btc,ltc",22792394.84684506,0.00348949,0.2947249798867121,49
0.0000000001256369,[],4,[],2019-05-08 10:57:50,71834876.181121,7.538214e-17,4.439382374238001e-21,7580419,2019-05-08 10:57:50,ltc,21614.647754742044,0.0,0.0000006,ltc,97750970.34795935,0.04123626,1.5047319731611203e-09,52
0,[],22,[],2019-05-08 10:57:53,0.0,0,0,7580420,2019-05-08 10:57:53,,10304.87709543,0.0,0,,310505736.4566013,0.0,0.0,57
0.0000000002880248,[],27,[],2019-05-08 10:58:00,10000.0,2.880248e-18,1.696227011416e-22,7580421,2019-05-08 10:58:00,eth,0.0,0.0,0.00000001,"btc,eth",0.0,0.0,2.8802479999999996e-14,57
0.0000000001256369,[],4,[],2019-05-08 10:58:01,1079739418.4045448,1.256369e-18,7.398970623730001e-23,7580422,2019-05-08 10:58:01,ltc,19.111262704528354,0.0,0.00000001,ltc,5679709113.001969,0.0,1.3565511333614996e-09,58
1,[],12,[],2019-05-08 10:58:02,1570097295.0,0.0000000001,0.00000000000000588917,7580423,2019-05-08 10:58:02,btc,11897178.368971307,0.0,0.0000000001,btc,4320971129.446553,0.003571707270229772,0.1570097295,58
0.0000000001124488,[],22,[],2019-05-08 10:58:06,137438.0,1.1244880000000001e-18,6.622300994960001e-23,7580424,2019-05-08 10:58:06,XMR,69.17854956,0.0,0.00000001,XMR,9877516.6,1.17468514432e-13,0.00137438,58
1,[],17,[],2019-05-03 01:12:09,1200000.0,0.0000000001,0.00000000000000548003,7559085,2019-05-03 01:12:09,btc,1e+24,0.0,0.0000000001,"btc,eth",39516342.31952568,0.0,0.00010000000058666061,58
1,[],5,[],2019-05-08 10:52:07,0.0,0,0,7580284,2019-05-08 10:52:07,btc,0.0,0.0,0,btc,0.0,0.0,0.0,61
1,[],22,[],2019-05-08 10:52:10,13613.833333333334,0.00000012,0.0000000000070457160000000005,7580285,2019-05-08 10:52:10,BTC,1002.29626883,0.0,0.00000012,BTC,15392.180177125656,0.0,0.00153269,61
1,[],26,[],2019-05-08 10:52:10,0.0,0.00000100,0.00000000005871430000000001,7580286,2019-05-08 10:52:10,btc,0.0,0.0,0.00000100,btc,0.0,0.0,0.0,61
0.0000000002879461,[],27,[],2019-05-08 10:52:27,100000.0,2.879461e-18,1.6906553699230004e-22,7580287,2019-05-08 10:52:27,eth,1.9482732497246655,0.0,0.00000001,"btc,eth",13266.51663696,0.0,2.879461e-13,61
1,[],28,[],2019-05-08 10:52:30,1039.304,0.00000008,0.000000000004697144000000001,7580288,2019-05-08 10:52:30,btc,2.056501795415105,798.0,0.00000008,btc,10022.46650005,0.0,2.439304e-05,61
1,[],4,[],2019-05-08 10:58:07,1262556.85469486,0.00000105,0.000000000061836285,7580425,2019-05-08 10:58:07,btc,1.054185352204403,0.0,0.00000105,btc,429679.38977127,0.03818836,0.840491349048176,67
0.0,[],25,[],2019-05-08 10:58:09,0.0,0,0,7580426,2019-05-08 10:58:09,,0.0,0.0,0.0,btc,0.0,0.0,0.0,67
1,[],12,[],2019-05-08 10:52:31,735533.33333333,0.00000016,0.000000000009394288000000001,7580289,2019-05-08 10:52:31,btc,55556348.246995725,0.0,0.00000016,btc,1462186.28473965,0.0137499516982997,0.0243774499999996,71
,[],5,[],2018-11-20 23:02:39,1.5e-07,0.00000005,0.000000000002128045,4862160,2018-11-20 23:02:39,btc,2.84511358,0.0,,btc,0.00036572,0.0,0.07381892,74
1,[],5,[],2019-05-08 10:58:10,0.0,0,0,7580427,2019-05-08 10:58:10,btc,0.0,0.01850945,0,btc,0.0,0.0,0.0,75
0,[],4,[],2019-05-08 10:58:11,0.0,0,0,7580428,2019-05-08 10:58:11,,133703.4206350529,0.0,0,,35139929.46753003,0.0,0.0,81
0,[],20,[],2019-01-25 09:30:31,0.0,0,0,6495923,2019-01-25 09:30:31,btc,0.0,0.0,0,btc,0.0,0.0,0.0,81
1,[],4,[],2019-05-08 10:52:34,25852.13080999,0.00006893,0.0000000040471766990000005,7580292,2019-05-08 10:52:34,btc,18.706557434520434,0.0,0.00006893,btc,26532.90486438,0.37802716,0.2633995053062279,82
1,[],21,[],2019-05-08 10:52:35,333323.42234104,0.00006553999999999999930000438297,0.000000003848135222,7580293,2019-05-08 10:52:35,btc,3.56326775429387,12573.88091314,0.00006553999999999999930000438297383880126290023326873779296875,btc,46844.27560419,0.83984749,2.065903210697028,82
0,[],17,[],2019-03-25 22:42:34,0.0,0,0,7038780,2019-03-25 22:42:34,btc,0.0445064681804024,0.0,0,btc,995513.18476001,0.0,0.0,84
0.00000000013644,[],4,[],2019-05-01 19:17:39,299701867.376,1.3644e-18,7.259508504e-23,7542161,2019-05-01 19:17:39,ltc,1.6769037726995486,0.0,0.00000001,ltc,427823536.87452894,0.00010978,4.089132278478144e-10,85
,[],22,[],2018-11-20 23:09:34,3408.1,0.0000001,0.0000000000041895,4862324,2018-11-20 23:09:34,BTC,0.04624735,0.0,,BTC,4990.0,0.0,0.00033081,86
1,[],22,[],2019-05-08 10:58:18,89999.0,0.00000001,0.0000000000005889170000000001,7580429,2019-05-08 10:58:18,BTC,3.66432991,0.0,0.00000001,BTC,332904.29736842104,0.0,0.00089999,87
1,[],27,[],2019-05-08 10:58:29,10674.0,0.00000001,0.0000000000005889170000000001,7580430,2019-05-08 10:58:29,btc,4.960707720736,0.0,0.00000001,btc,10175.62841,0.0,0.00010674,87
,[],2,[],2018-11-20 23:10:47,0.0,0,0,4862359,2018-11-20 23:10:47,,0.0,0.0,,,0.0,0.0,0.0,88
1,[],11,[],2019-05-08 10:58:31,81219.0341706,0.000140519999999999989533094879590180426021106541156768798828125,0.000000008275461683999999,7580431,2019-05-08 10:58:31,btc,169.87288220157322,5060.37888228,0.000140519999999999989533094879590180426021106541156768798828125,btc,165382.71841822,0.0,4.754880942859683,89
1,[],12,[],2019-05-08 10:58:32,388786.10793463,0.00000092,0.000000000054180364,7580432,2019-05-08 10:58:32,btc,73.20168148902096,0.0,0.00000092,btc,151181.46346814,0.0026261827544306,0.0415661290238913,91
1,[],22,[],2019-05-08 10:58:36,76014.0,0.0000008,0.00000000004711336,7580433,2019-05-08 10:58:36,BTC,0.1,0.0,0.0000008,"BTC,LTC",1.0,0.0,0.0017135,91
0,[],2,[],2019-01-20 23:31:45,0.0,0,0,6477083,2019-01-20 23:31:45,,0.0,0.0,0,,0.0,0.0,0.0,91
0,[],17,[],2019-05-03 01:12:26,0.0,0,0,7559096,2019-05-03 01:12:26,btc,0.0,0.0,0,btc,0.0,0.0,0.0,91
1,[],22,[],2019-04-09 20:17:52,374949.73333333334,0.00000015,0.000000000007771935,7235704,2019-04-09 20:17:52,BTC,6.87372503,0.0,0.00000015,"BTC,LTC",159980.01196797504,1.1e-05,0.80510266,95
0.0000000001257333,[],4,[],2019-05-08 10:52:57,553159983.8641316,8.549864400000001e-17,5.019993033409201e-21,7580299,2019-05-08 10:52:57,ltc,11.265536411754656,0.0,0.00000068,ltc,126305726.72440238,0.07630521,1.78609577268867e-09,96
1,[],12,[],2019-05-08 10:52:58,31759.0,0.00000001,0.0000000000005871430000000001,7580300,2019-05-08 10:52:58,btc,25054.262753883617,0.0,0.00000001,btc,6745281.18081917,9.99000999e-07,0.00031759000000000003,96
0,[],17,[],2019-05-03 01:12:32,0.0,0,0,7559100,2019-05-03 01:12:32,btc,0.0,0.0,0,btc,0.0,0.0,0.0,96
1,[],4,[],2019-04-14 03:32:46,1039404.33283278,0.00000038,0.000000000019245518,7293458,2019-04-14 03:32:46,btc,4.170086055365747,0.0,0.00000038,btc,3097704.34561074,0.06260606,0.1859928211030784,99
1,[],4,[],2019-05-08 10:58:37,355320.53152325,0.00003448,0.000000002030585816,7580434,2019-05-08 10:58:37,btc,7.1035776178541346,0.0,0.00003448,btc,124425.90590425,0.34645418,0.4385582748585452,100
0,[],2,[],2019-01-20 23:23:55,0.0,0,0,6476914,2019-01-20 23:23:55,,0.0,0.0,0,,0.0,0.0,0.0,100
1,[],22,[],2019-05-08 10:53:04,130000.0,0.00000001,0.0000000000005871430000000001,7580302,2019-05-08 10:53:04,BTC,24.83526409,0.0,0.00000001,BTC,11187.719,0.0,0.0013,101
1,[],4,[],2019-05-08 10:58:38,552132.48709877,0.00000616,0.00000000036277287200000003,7580435,2019-05-08 10:58:38,btc,249.10017354601177,0.0,0.00000616,btc,338301.80081611,4.32020635,0.5558799437754831,103
1,[],12,[],2019-05-08 10:58:42,114198776.51292,0.000000005,0.00000000000029445850000000003,7580436,2019-05-08 10:58:42,btc,468525135.58494955,0.0,0.000000005,btc,108257150.39735256,0.01417194251748258,0.23194974071276,105
1,[],27,[],2019-05-08 10:58:50,11976.0,0.00000001,0.0000000000005889170000000001,7580437,2019-05-08 10:58:50,btc,0.0689357688051137,0.0,0.00000001,btc,864584.59450753,0.0,0.00011976,105
1,[],22,[],2019-04-21 00:17:26,21333.0,0.00000001,0.000000000000532493,7385819,2019-04-21 00:17:26,BTC,51.38182867,0.0,0.00000001,BTC,470435.0,0.0,0.00021333,107
1,[],26,[],2019-04-21 00:17:26,0.0,0.00000000,0,7385820,2019-04-21 00:17:26,btc,0.0,0.0,0.00000000,btc,0.0,0.0,0.0,107
1,[],5,[],2019-05-08 10:58:51,0.0,0,0,7580438,2019-05-08 10:58:51,btc,0.0,0.0,0,btc,0.0,0.0,0.0,112
0,[],22,[],2019-05-08 10:58:53,0.0,0,0,7580439,2019-05-08 10:58:53,,2.79003697,0.0,0,,1380942.0833333333,0.0,0.0,112
1,[],27,[],2019-05-08 10:59:01,1.0,0.00000001,0.0000000000005889170000000001,7580440,2019-05-08 10:59:01,btc,1.25032588,0.0,0.00000001,"btc,eth",1819.0,0.0,1e-08,112
1,[],4,[],2019-05-08 10:59:03,344580.220995,0.00000151,0.000000000088926467,7580441,2019-05-08 10:59:03,btc,4.812780957231412,0.0,0.00000151,btc,540712.53687652,0.06394781,0.2140898476032389,113
1,[],5,[],2019-05-08 10:59:04,0.0,0,0,7580442,2019-05-08 10:59:04,btc,0.0,0.0,0,btc,0.0,0.0,0.0,113
1,[],17,[],2019-04-26 02:17:47,162738.278,0.00000004,0.0000000000021069000000000002,7461287,2019-04-26 02:17:47,btc,1.3331140273775473,0.0,0.00000004,btc,51796.221,0.0,0.00230953112,116
0,[],27,[],2019-04-26 02:19:51,0.0,0,0,7461288,2019-04-26 02:19:51,,0.0,0.0,0,,0.0,0.0,0.0,116
1,[],4,[],2019-05-07 20:09:28,131822.85721655,0.00001022,0.00000000060230548,7572994,2019-05-07 20:09:28,btc,132.18460413545117,0.0,0.00001022,btc,268070.13193351,0.06918336,1.0489745103085106,120
1,[],7,[],2019-05-07 20:09:30,9501.79941055,0.000011699999999999999788190263583231853772304020822048187255859375,0.0000000006895277999999999,7572995,2019-05-07 20:09:30,btc,231185.88817567716,62.23644451,0.000011699999999999999788190263583231853772304020822048187255859375,btc,4076.97424313,0.00072692,0.018013380795019,120
1,[],20,[],2019-04-07 18:42:29,1914137.0852,0.000000035,0.0000000000017871910000000002,7211992,2019-04-07 18:42:29,btc,32.2497668025648,25528.85,0.000000035,btc,1001975.4986,0.00089350975,0.0152723574729,125
1,[],22,[],2019-05-08 10:59:07,110000.0,0.00000001,0.0000000000005889170000000001,7580443,2019-05-08 10:59:07,BTC,0.032061,0.0,0.00000001,BTC,299316.7611111111,0.0,0.0011,126
1,[],4,[],2019-05-08 10:59:08,1857735.55604227,0.00000923,0.000000000543570391,7580444,2019-05-08 10:59:08,btc,3.5870789641166225,0.0,0.00000923,btc,167555.05332819,0.08663765,0.4805505718184581,131
0,[],2,[],2019-01-20 23:25:46,0.0,0,0,6476969,2019-01-20 23:25:46,,0.0,0.0,0,,0.0,0.0,0.0,131
1,[],17,[],2019-05-03 01:13:10,10000.0,0.00000001,0.000000000000548003,7559115,2019-05-03 01:13:10,btc,0.0953976503951408,0.0,0.00000001,btc,5037.62507334,0.0,0.0001,131
1,[],4,[],2019-05-08 10:59:10,4704.99695502,0.00012845,0.000000007564638865,7580445,2019-05-08 10:59:10,btc,6.011528170322003,0.0,0.00012845,btc,191.61415747,0.0,0.0073817379573491,135
1,[],3,[],2019-05-08 10:59:11,530498.0,0.00000001,0.0000000000005889170000000001,7580446,2019-05-08 10:59:11,btc,0.1029057631805504,129896.5,0.00000001,btc,1124104.34967245,0.0,0.00530498,136
1,[],4,[],2019-05-08 10:59:13,3511625.34119911,0.00000210,0.00000000012367257,7580447,2019-05-08 10:59:13,btc,319.7535165781312,0.0,0.00000210,btc,531478.12696472,0.0874233,0.7570978701673572,137
1,[],12,[],2019-05-08 10:59:14,331355.68913778,0.00000206000000000000018206681821897330308956952649168670177459716796875,0.000000000121316902,7580448,2019-05-08 10:59:14,btc,48520.50180462096,0.0,0.00000206000000000000018206681821897330308956952649168670177459716796875,btc,40848.24229997,5.87095404544e-05,0.0375685899999385,137
1,[],4,[],2019-05-08 10:59:15,53317.10736825,0.00003429,0.000000002019396393,7580449,2019-05-08 10:59:15,btc,5.123165225623096,0.0,0.00003429,btc,69951.90824719,0.30312879,0.2966093512982959,142
1,[],5,[],2019-05-08 10:59:18,0.0,0,0,7580450,2019-05-08 10:59:18,btc,0.0,0.02752175,0,btc,0.0,0.0,0.0,142
1,[],20,[],2019-05-08 10:59:21,167397.3749,0.00003401,0.000000002002906717,7580451,2019-05-08 10:59:21,btc,1.7086003245498,0.0,0.00003401,btc,8215.5399,0.0,0.059820780747,142
1,[],22,[],2019-05-08 10:59:24,1370.0,0.00000200,0.0000000001177834,7580452,2019-05-08 10:59:24,BTC,3.2756588,0.0,0.00000200,BTC,1135.5948275773155,0.0,0.0003632,142
0.0,[],25,[],2019-05-08 10:59:26,0.0,0,0,7580453,2019-05-08 10:59:26,,0.0,0.0,0.0,btc,0.0,0.0,0.0,142
1,[],28,[],2019-05-08 11:00:00,79102.0,0.00003311,0.000000001949904187,7580454,2019-05-08 11:00:00,btc,0.0632226924,234724.2875,0.00003311,btc,611.87303,0.0,0.07347342,142
1,[],17,[],2019-05-03 01:13:16,32967.38636364,0.00000088,0.000000000048224264,7559122,2019-05-03 01:13:16,btc,20.06976206696776,0.0,0.00000088,btc,2746.079105,0.0,0.0105613000000032,142
0,[],22,[],2019-05-08 11:00:05,0.0,0,0,7580455,2019-05-08 11:00:05,,66.66505393,0.0,0,,938775805.8,0.0,0.0,143
0,[],22,[],2019-02-25 15:42:22,0.0,0,0,6783783,2019-02-25 15:42:22,,4.2131946,0.0,0,,2322156.0,0.0,0.0,146
,[],22,[],2018-11-20 23:01:11,0.0,0,0,4862114,2018-11-20 23:01:11,,2.56807021,0.0,,,61828.4988236,0.0,0.0,147
1,[],12,[],2019-04-21 06:38:04,193091.5971266,0.00000071,0.000000000037635183,7388679,2019-04-21 06:38:04,btc,2.301232411611175,0.0,0.00000071,btc,9957.48302385,0.00023528,0.0313308199999888,148
1,[],4,[],2019-03-19 21:31:25,255810.0415942,0.00000029,0.000000000011615747,6982695,2019-03-19 21:31:25,btc,218.94922712414143,0.0,0.00000029,btc,793529.37642722,0.00117,0.0608347789473395,152
0,[],22,[],2019-03-19 21:31:27,0.0,0,0,6982696,2019-03-19 21:31:27,,0.0,0.0,0,,0.0,0.0,0.0,152
1,[],5,[],2019-04-26 09:36:59,0.0,0,0,7465040,2019-04-26 09:36:59,btc,0.0,0.0,0,btc,0.0,0.0,0.0,153
,[],16,[],2019-01-11 15:38:59,0.0,0,0,6366141,2019-01-11 15:38:59,btc,0.0,0.0,,btc,0.0,0.0,0.0,155
0,[],23,[],2019-01-20 23:24:29,0.0,0,0,6476932,2019-01-20 23:24:29,,0.0,0.0,0,,0.0,0.0,0.0,156
0,[],22,[],2019-05-08 10:53:56,0.0,0,0,7580324,2019-05-08 10:53:56,,6.80191271,0.0,0,,4673448.342592592,0.0,0.0,156
1,[],22,[],2019-05-08 11:00:09,7066.0,0.00000800,0.0000000004711336,7580456,2019-05-08 11:00:09,BTC,1.79802465,0.0,0.00000800,BTC,802.6461988741639,0.0,0.00062996,157
0,[],22,[],2019-05-07 22:25:46,0.0,0,0,7574238,2019-05-07 22:25:46,,50234.60468402,0.0,0,,54786159.03179465,0.0,0.0,158
,[],17,[],2018-11-20 22:56:10,0.0,0,0,4861976,2018-11-20 22:56:10,btc,1.1265625,0.0,,btc,1000.0,0.0,0.0,159
,[],20,[],2018-11-20 22:56:12,0.0,0,0,4861977,2018-11-20 22:56:12,btc,11912.7940471,0.0,,btc,34413894.3617,0.0,0.0,159
1,[],12,[],2019-05-08 11:00:11,263203.52175004,0.000003719999999999999958717918080441933170732227154076099395751953125,0.000000000219077124,7580457,2019-05-08 11:00:11,btc,13.565135334194942,0.0,0.000003719999999999999958717918080441933170732227154076099395751953125,btc,11974.94438736,0.0044741876328583,0.047807829262990396,168
1,[],17,[],2019-05-03 01:13:36,42852.0,0.00000002,0.000000000001096006,7559132,2019-05-03 01:13:36,btc,0.04279856251542,0.0,0.00000002,btc,274.46171372,0.0,0.00052852,168
1,[],22,[],2019-05-07 03:57:18,743122.0,0.00000001,0.000000000000593596,7562020,2019-05-07 03:57:18,BTC,41.40912107,0.0,0.00000001,BTC,1593401.2737547632,0.00342649,0.00743122,169
1,[],22,[],2019-05-08 09:44:32,193990.0,0.00000002,0.0000000000011711700000000001,7579879,2019-05-08 09:44:32,BTC,30.19015903,0.0,0.00000002,BTC,446446.2183833152,8.48e-06,0.0019408,171
1,[],22,[],2019-05-08 11:00:16,357539.1,0.0000001,0.00000000000588917,7580458,2019-05-08 11:00:16,BTC,823.66732033,0.0,0.0000001,"BTC,LTC",669461.801007012,7.839e-05,0.01389394,173
1,[],5,[],2019-05-06 19:49:32,0.0,0,0,7559281,2019-05-06 19:49:32,btc,0.0,0.00023336,0,btc,0.0,0.0,0.0,175
1,[],22,[],2019-05-08 11:00:18,90671.0,0.00000001,0.0000000000005889170000000001,7580459,2019-05-08 11:00:18,BTC,394.0276142,0.0,0.00000001,BTC,136275.61833431243,3.68e-05,0.00090671,176
1,[],7,[],2019-05-08 11:00:19,0.0,0,0,7580460,2019-05-08 11:00:19,btc,520269.7650962537,999.000999,0,btc,18977820.08196943,9.99e-06,0.0,178
0,[],22,[],2019-05-08 11:00:22,0.0,0,0,7580461,2019-05-08 11:00:22,,1.00242428,0.0,0,,57512.0,0.0,0.0,178
0,[],2,[],2019-01-20 23:28:34,0.0,0,0,6477001,2019-01-20 23:28:34,,0.0,0.0,0,,0.0,0.0,0.0,178
1,[],5,[],2019-05-08 11:00:23,0.0,0,0,7580462,2019-05-08 11:00:23,btc,0.0,0.11314299,0,btc,0.0,0.0,0.0,179
1,[],22,[],2019-05-08 11:00:27,3038615.0,0.00000001,0.0000000000005889170000000001,7580463,2019-05-08 11:00:27,BTC,5.33210563,0.0,0.00000001,BTC,13997968.411946677,0.00046423,0.03038615,179
0,[],23,[],2019-01-20 23:25:08,0.0,0,0,6476952,2019-01-20 23:25:08,,0.0,0.0,0,,0.0,0.0,0.0,179
1,[],22,[],2019-05-08 11:00:31,650258.971048321,0.00000085,0.000000000050057945,7580464,2019-05-08 11:00:31,BTC,39.25736867,0.0,0.00000085,"BTC,LTC",128876.81110146307,0.02698357,0.56182964,180
1,[],26,[],2019-05-08 11:00:32,0.0,0.00000120,0.00000000007067004,7580465,2019-05-08 11:00:32,btc,0.0,50.0,0.00000120,btc,0.0,0.0,0.0,180
1,[],17,[],2019-05-03 01:13:56,20504.725000000002,0.0000001,0.00000000000548003,7559141,2019-05-03 01:13:56,btc,5.2010695838400265,0.0,0.0000001,btc,5033.45945,0.0,0.0011504725,180
,[],7,[],2018-11-20 22:58:01,562227.975654,0.00000085,0.000000000036176765,4862015,2018-11-20 22:58:01,btc,21836.6059674,2491.87645172,,btc,749999.041456,0.00211021,0.127565380455,183
,[],5,[],2019-01-10 08:11:41,0.0,0,0,6347036,2019-01-10 08:11:41,btc,82.15055501,0.00261,,btc,1.19002445,0.0,0.0,187
1,[],24,[],2019-04-30 17:34:05,0.0,0.000000000014,7.396256000000001e-16,7526291,2019-04-30 17:34:05,btc,0.0,0.0,0.000000000014,btc,0.0,0.0,0.0,187
,[],17,[],2018-11-16 20:58:10,4062536.27273,0.00000001,0.000000000000550501,4708775,2018-11-16 20:58:10,btc,3.36492563466,0.195460381006,,"btc,eth",110697919.549,0.0,0.0157628953496,187
0,[],22,[],2019-04-25 02:54:07,0.0,0,0,7447896,2019-04-25 02:54:07,,7.54794454,0.0,0,,76361.7243344055,0.0,0.0,191
0,[],22,[],2019-05-08 11:00:37,0.0,0,0,7580466,2019-05-08 11:00:37,,0.0,0.0,0,,0.0,0.0,0.0,197
0,[],23,[],2019-01-20 23:31:41,0.0,0,0,6477079,2019-01-20 23:31:41,,0.0,0.0,0,,0.0,0.0,0.0,199
0.0000000001256369,[],22,[],2019-05-08 11:00:40,54734331.0,2.512738e-18,1.4797941247460002e-22,7580467,2019-05-08 11:00:40,LTC,18.75588347,0.0,0.00000002,LTC,35265414.0,0.0,0.64068281,199
1,[],26,[],2019-05-08 11:00:40,0.0,0.00000000,0,7580468,2019-05-08 11:00:40,btc,0.0,0.0,0.00000000,btc,0.0,0.0,0.0,199
0,[],2,[],2019-01-20 23:30:49,0.0,0,0,6477059,2019-01-20 23:30:49,,0.0,0.0,0,,0.0,0.0,0.0,201
1,[],4,[],2019-01-25 15:51:35,2084389.58565343,0.00000936,0.000000000333526752,6499557,2019-01-25 15:51:35,btc,2.0092503037378524,0.0,0.00000936,btc,160195.80207885,0.19272417,1.242687955921835,211
1,[],7,[],2019-05-08 11:00:42,16762681.922366029,0.00000088,0.000000000051824696000000005,7580469,2019-05-08 11:00:42,btc,15559126.126400562,21547.9134016,0.00000088,btc,12025060.38586935,0.0,1.8642755248613014,212
1,[],5,[],2019-05-07 13:02:51,0.0,0,0,7566706,2019-05-07 13:02:51,btc,0.0,0.43032184,0,btc,0.0,0.0,0.0,213
1,[],24,[],2019-05-07 13:02:52,0.0,0.000000050000,0.000000000002968865,7566707,2019-05-07 13:02:52,btc,0.0,0.0,0.000000050000,btc,0.0,0.0,0.0,213
1,[],26,[],2019-05-07 13:02:52,0.0,0.00000040,0.00000000002375092,7566708,2019-05-07 13:02:52,btc,0.0,0.0,0.00000040,btc,0.0,0.0,0.0,213
1,[],12,[],2019-01-25 02:44:32,207462.42853209,0.000001080000000000000035831255497387193287295303889550268650054931640625,0.000000000038610756000000006,6493050,2019-01-25 02:44:32,btc,85023.03793723314,0.0,0.000001080000000000000035831255497387193287295303889550268650054931640625,btc,43675.73520027,0.000146250909087,0.0348620860622024,213
0,[],22,[],2019-05-08 11:00:45,0.0,0,0,7580470,2019-05-08 11:00:45,,9.57944616,0.0,0,,2240817.094064925,0.0,0.0,216
1,[],27,[],2019-05-08 11:01:00,30596.0,0.00000001,0.0000000000005889170000000001,7580471,2019-05-08 11:01:00,btc,61.55972639203932,1500.0,0.00000001,"btc,ltc",216976.557308,1.5e-05,0.00030596,216
1,[],22,[],2019-05-08 11:01:05,311884.6617647059,0.00000136,0.000000000080092712,7580472,2019-05-08 11:01:05,BTC,12055.03005283,0.0,0.00000136,BTC,450824.3370346585,0.00957392,0.08639941,217
1,[],7,[],2019-05-08 11:01:06,0.0,0,0,7580473,2019-05-08 11:01:06,btc,111302.56967336107,0.0,0,btc,137382971.78428552,0.0,0.0,219
0,[],27,[],2019-05-08 11:01:16,0.0,0,0,7580474,2019-05-08 11:01:16,,0.01810337,0.0,0,btc,1580037.0,0.0,0.0,219
0.0000000000000043000000000000005,[],28,[],2019-05-08 11:01:54,489172109.014,2.580043e-18,1.5194311834310002e-22,7580475,2019-05-08 11:01:54,doge,3650107.1200704193,15249.0,0.00060001,"btc,doge",44730760.5026,0.0,2.7641976786462748e-11,219
1,[],22,[],2019-05-08 11:01:57,398200.0,0.00000004,0.0000000000023556680000000003,7580476,2019-05-08 11:01:57,BTC,56.8288224,0.0,0.00000004,BTC,148582.84827387411,0.00101065,0.012982,221
1,[],24,[],2019-05-08 11:01:57,0.0,0.000000010000,0.0000000000005889170000000001,7580477,2019-05-08 11:01:57,btc,0.0,0.0,0.000000010000,btc,0.0,0.0,0.0,221
1,[],20,[],2019-05-08 10:55:09,12024906.6799,0.00000001,0.0000000000005871430000000001,7580347,2019-05-08 10:55:09,btc,100092.89424664243,141887.8181,0.00000001,btc,22929825.5625,0.0015607659991,0.0517687647919,224
0,[],22,[],2019-05-08 10:55:12,0.0,0,0,7580348,2019-05-08 10:55:12,,0.0,0.0,0,,0.0,0.0,0.0,224
1,[],26,[],2019-05-08 11:01:58,0.0,0.00000026,0.000000000015311842,7580478,2019-05-08 11:01:58,btc,0.0,0.0,0.00000026,btc,0.0,0.0,0.0,231
1,[],26,[],2019-05-08 11:01:58,0.0,0.00000005,0.000000000002944585,7580479,2019-05-08 11:01:58,btc,0.0,0.0,0.00000005,btc,0.0,0.0,0.0,234
0.0000000002880248,[],27,[],2019-05-08 11:02:11,10000.0,2.880248e-18,1.696227011416e-22,7580480,2019-05-08 11:02:11,eth,0.01134836604,0.0,0.00000001,"btc,eth",11462.996,0.0,2.8802479999999996e-14,234
1,[],4,[],2019-04-29 21:02:20,217188.93193785,0.00000080,0.00000000004151584,7514327,2019-04-29 21:02:20,btc,5.239800103892936,0.0,0.00000080,btc,797346.30008933,0.0,0.0590549781555679,236
1,[],24,[],2019-04-29 21:02:20,0.0,0.000000100000,0.00000000000518948,7514328,2019-04-29 21:02:20,btc,0.0,0.0,0.000000100000,btc,0.0,0.0,0.0,236
1,[],5,[],2019-05-06 20:53:15,0.0,0,0,7559637,2019-05-06 20:53:15,btc,0.0,0.20253514,0,btc,0.0,0.0,0.0,237
1,[],20,[],2019-05-06 20:53:18,38173217.6136,0.000000083,0.0000000000047460728,7559638,2019-05-06 20:53:18,btc,21342.514614200165,8832375.7238,0.000000083,btc,27701499.3386,0.7554403456107,1.3621107610479,237
1,[],22,[],2019-05-06 20:53:20,343938.0,0.00000009,0.000000000005146344,7559639,2019-05-06 20:53:20,BTC,1.20267422,0.0,0.00000009,BTC,17930.94871794872,0.0,0.01017442,237
1,[],4,[],2019-05-08 11:02:12,25784921.07591962,0.00000015,0.000000000008833755,7580481,2019-05-08 11:02:12,btc,3.308098624296687,0.0,0.00000015,btc,8880840.4873011,0.74039084,1.2060166535755958,238
1,[],5,[],2019-05-08 11:02:13,0.0,0,0,7580482,2019-05-08 11:02:13,btc,0.0,0.03933241,0,btc,0.0,0.0,0.0,238
0,[],22,[],2019-03-12 16:49:32,0.0,0,0,6914458,2019-03-12 16:49:32,,0.40415746,0.0,0,,526736.5639027493,0.0,0.0,249
0,[],22,[],2019-05-08 11:02:16,0.0,0,0,7580483,2019-05-08 11:02:16,,3.66371783,0.0,0,,30800729.985502645,0.0,0.0,252
1,[],28,[],2019-05-08 11:02:50,41561158.199,0.00000035,0.000000000020612095,7580484,2019-05-08 11:02:50,btc,43891.96791748239,154846.359,0.00000035,btc,2905816.5043,0.0,0.6037740771,256
1,[],22,[],2019-05-08 11:02:53,1088993.5,0.00000002,0.0000000000011778340000000001,7580485,2019-05-08 11:02:53,BTC,21.88116616,0.0,0.00000002,BTC,522884.63333384093,0.0,0.01124633,258
1,[],22,[],2019-03-13 00:07:30,47146.0,0.00000001,0.000000000000387233,6917028,2019-03-13 00:07:30,BTC,2.415167,0.0,0.00000001,BTC,157.0,0.0,0.00047146,259
1,[],5,[],2019-05-08 11:02:55,0.0,0,0,7580486,2019-05-08 11:02:55,btc,0.0,0.21636694,0,btc,0.0,0.0,0.0,264
1,[],20,[],2019-05-08 11:02:57,1263307.8857,0.000001066,0.0000000000627785522,7580487,2019-05-08 11:02:57,btc,4.8147028031748,63993.476,0.000001066,btc,86176.2812,0.080534011588,0.0199607585625,264
0,[],22,[],2019-04-12 17:57:27,0.0,0,0,7278186,2019-04-12 17:57:27,,66.37522201,0.0,0,,677842.4169881374,0.0,0.0,271
0,[],22,[],2019-05-08 11:03:00,0.0,0,0,7580488,2019-05-08 11:03:00,,33051802.3172899,0.0,0,,15696307799.7,0.0,0.0,272
0.0000000000000043000000000000005,[],28,[],2019-05-08 11:03:27,400736115975.5,1.032e-21,6.077623440000001e-26,7580489,2019-05-08 11:03:27,doge,26822311.133920357,10739260.07,0.00000024,doge,354346566601.4589,0.0,2.21294859105847e-10,272
1,[],22,[],2019-05-08 11:03:31,168039.7,0.00000013,0.000000000007655921,7580490,2019-05-08 11:03:31,BTC,427.42495672,0.0,0.00000013,BTC,249705.37764460206,0.0,0.00918978,281
1,[],22,[],2019-05-08 11:03:36,113561.6,0.00000002,0.0000000000011778340000000001,7580491,2019-05-08 11:03:36,BTC,536.9045544,0.0,0.00000002,"BTC,LTC",591541.6256135202,0.00135706,0.00742255,286
0,[],22,[],2019-05-08 11:03:38,0.0,0,0,7580492,2019-05-08 11:03:38,,7337886.38050348,0.0,0,,1327674043.2797825,0.0,0.0,294
