pairValue,buyBook,exchangeId,sellBook,updated,buyTotal,satoshiPrice,usdPrice,exchangeLogId,created,bestPair,sellTotalBtc,volume,pairPrice,activePairs,sellTotal,volumeBtc,buyTotalBtc,coinId
1,[],3,[],2019-01-27 13:07:07,109.026463940828,0.0126968099999999993465760184108148678205907344818115234375,0.000000449665144236,6514356,2019-01-27 13:07:07,btc,106.9642116496472,0.0,0.0126968099999999993465760184108148678205907344818115234375,btc,13.691295011031,0.0,0.1280802020248044,1
1,[],4,[],2019-01-27 13:07:07,25055.15245449,0.01270001,0.000000449778474156,6514357,2019-01-27 13:07:07,btc,0.9303063017535982,0.0,0.01270001,btc,66.1344958,0.31893707,0.9635011230928006,1
1,[],5,[],2019-01-27 13:07:11,0.21084399,0.01252177,0.000000443465997612,6514358,2019-01-27 13:07:11,btc,14578.47158833,0.00274319,0.01252177,btc,35555556.29095618,0.0,1.62107831,1
1,[],10,[],2019-01-27 13:07:13,271506.62871077,0.01236,0.000000437736816,6514359,2019-01-27 13:07:13,btc,6535.969012030355,882.10812153,0.01236,btc,865.16728854,0.0,3.9456600085218976,1
1,[],12,[],2019-01-27 13:07:16,10413.94288548,0.01156000000000000083044682241961709223687648773193359375,0.000000409404336,6514360,2019-01-27 13:07:16,btc,0.6639636311678,0.0,0.01156000000000000083044682241961709223687648773193359375,btc,45.92616059,0.0194460790742,0.07515077935600001,1
1,[],20,[],2019-01-27 13:07:17,1443.941,0.010500001,0.0000003718638354156,6514361,2019-01-27 13:07:17,btc,0.0564711704203,0.0,0.010500001,btc,2.4781,0.0,0.0923469629126,1
1,[],21,[],2019-01-27 13:07:18,2755.13091648,0.01272705000000000016835421945,0.00000045073611198,6514362,2019-01-27 13:07:18,btc,27.876169233275814,1659.15263435,0.0127270500000000001683542194541587377898395061492919921875,"btc,eth",2545.79128178,18.539620485956952,28.590385049703972,1
1,[],22,[],2019-01-27 13:07:25,0.0363776,0.01400000,0.0000004958184,6514363,2019-01-27 13:07:25,BTC,0.31387019,0.0,0.01400000,BTC,0.09333966666666667,0.0,0.00048472,1
1,[],24,[],2019-01-27 13:07:26,0.0,0.000000000000,0,6514364,2019-01-27 13:07:26,btc,0.0,0.0,0.000000000000,btc,0.0,0.0,0.0,1
0.0,[],25,[],2019-01-27 13:07:34,0.0,0,0,6514365,2019-01-27 13:07:34,btc,27.17079999718781,609.63635643,0.0,btc,2052.85205859,7.8151,0.0,1
1,[],26,[],2019-01-27 13:11:15,0.0,0,0,6514366,2019-01-27 13:11:15,,0.0,0.0,0,,0.0,0.0,0.0,1
1,[],28,[],2019-01-27 13:11:19,987.9,0.01131000,0.000000400550436,6514367,2019-01-27 13:11:19,btc,0.162839806,17475.85,0.01131000,btc,8.9,0.0,0.024551096,1
0,[],2,[],2019-01-20 23:28:45,0.0,0,0,6477011,2019-01-20 23:28:45,,0.0,0.0,0,,0.0,0.0,0.0,1
1,[],5,[],2019-01-27 13:11:20,1.92e-05,0.00000083,0.000000000029394948,6514368,2019-01-27 13:11:20,btc,0.17257811,0.02653855,0.00000083,btc,8.17e-05,0.0,0.50472047,2
0,[],22,[],2019-01-27 13:11:24,0.0,0,0,6514369,2019-01-27 13:11:24,,0.0,0.0,0,,0.0,0.0,0.0,2
1,[],5,[],2019-01-27 13:11:25,1.25e-06,0.00000016,0.000000000005666496,6514370,2019-01-27 13:11:25,btc,3.9162012,0.00094291,0.00000016,btc,2.204e-05,0.0,1.98070831,3
1,[],12,[],2019-01-27 13:11:26,12571499.83392345,0.000000169,0.0000000000059852364,6514371,2019-01-27 13:11:26,btc,921359.5899363529,0.0,0.000000169,btc,8135338.65980724,0.0466213257474163,0.5609038718295718,3
0,[],28,[],2019-01-27 13:11:28,0.0,0,0,6514372,2019-01-27 13:11:28,,0.0,0.0,0,,0.0,0.0,0.0,3
0,[],2,[],2019-01-20 23:31:32,0.0,0,0,6477077,2019-01-20 23:31:32,,0.0,0.0,0,,0.0,0.0,0.0,4
1,[],4,[],2019-01-27 13:11:28,340848.53216103,0.00000034,0.000000000012041304,6514373,2019-01-27 13:11:28,btc,0.4492747364446635,0.0,0.00000034,btc,319959.39467573,0.00638114,0.0475167698223551,4
1,[],12,[],2019-01-25 15:53:49,1222127.5219999999,0.00000003,0.000000000001069017,6499609,2019-01-25 15:53:49,btc,11013867.817925906,0.0,0.00000003,btc,969763.77092902,0.0,0.01617509044,5
0,[],2,[],2019-01-20 23:31:51,0.0,0,0,6477087,2019-01-20 23:31:51,,0.0,0.0,0,,0.0,0.0,0.0,6
1,[],11,[],2019-01-27 13:11:30,3384831.0,0.00000001,0.000000000000354156,6514374,2019-01-27 13:11:30,btc,9432.891574567595,890188.0,0.00000001,btc,42624980.63059839,0.0,0.03384831,6
1,[],3,[],2019-01-27 13:11:31,1053.285082148516,0.00015054000000000000540623101841219977359287440776824951171875,0.000000005331464424,6514375,2019-01-27 13:11:31,btc,30.108593419388622,0.0,0.00015054000000000000540623101841219977359287440776824951171875,btc,231.077492617847,0.0,0.028528323718921555,7
1,[],4,[],2019-01-27 13:11:32,21807.82571583,0.00016009,0.000000005669683404,6514376,2019-01-27 13:11:32,btc,2.0781808715818597,0.0,0.00016009,btc,11555.95880924,1.23777484,3.2573767858088294,7
1,[],5,[],2019-01-27 13:11:33,0.00546068,0.00015712,0.000000005564499072,6514377,2019-01-27 13:11:33,btc,1.29973513,0.33385596,0.00015712,btc,0.01060624,0.0,1.48383872,7
1,[],20,[],2019-01-27 13:11:35,61771509.8802,0.000000001,0.0000000000000354156,6514378,2019-01-27 13:11:35,btc,121.193338259396,0.0,0.000000001,btc,26031125.3262,0.0,0.0617715098802,8
0,[],2,[],2019-01-20 23:22:42,0.0,0,0,6476876,2019-01-20 23:22:42,,0.0,0.0,0,,0.0,0.0,0.0,9
0,[],23,[],2019-01-20 23:22:48,0.0,0,0,6476878,2019-01-20 23:22:48,,0.0,0.0,0,,0.0,0.0,0.0,9
1,[],1,[],2019-01-27 13:11:36,1824357.7,0.000001940000000000000060442102711721901187047478742897510528564453125,0.000000000068706264,6514379,2019-01-27 13:11:36,btc,7.9129816434,15269762.93,0.000001940000000000000060442102711721901187047478742897510528564453125,btc,3992896.3000000003,29.62416042,3.4799386087,9
1,[],4,[],2019-01-27 13:11:36,285333.03615848,0.00000189,0.000000000066935484,6514380,2019-01-27 13:11:36,btc,1.2043310238819078,0.0,0.00000189,btc,612105.56000499,1.41199006,0.4757188003125507,9
1,[],28,[],2019-01-27 13:11:42,34500.0,0.00000165,0.00000000005843574,6514381,2019-01-27 13:11:42,btc,2708.75020572,3509180.0,0.00000165,btc,7862.68,0.0,0.02854,9
1,[],4,[],2019-01-27 13:11:46,7115728.09026053,0.00000002,0.000000000000708312,6514382,2019-01-27 13:11:46,btc,0.2193899041740741,0.0,0.00000002,btc,4272851.24129435,0.00080638,0.0741439661052106,10
0,[],2,[],2019-01-20 23:23:08,0.0,0,0,6476890,2019-01-20 23:23:08,,0.0,0.0,0,,0.0,0.0,0.0,12
1,[],4,[],2019-01-27 13:11:50,2827727.28124989,0.00000144,0.000000000050998464000000003,6514383,2019-01-27 13:11:50,btc,1.275427958226099,0.0,0.00000144,btc,843345.63506875,1.22765924,3.23941553299385,12
1,[],5,[],2019-01-27 13:11:51,1.523e-05,0.00000139,0.000000000049227684,6514384,2019-01-27 13:11:51,btc,0.2403013,0.49499829,0.00000139,btc,0.00010981,0.0,0.11939039,12
0.0,[],25,[],2019-01-27 13:12:03,0.0,0,0,6514385,2019-01-27 13:12:03,,0.0,0.0,0.0,btc,0.0,0.0,0.0,12
1,[],4,[],2019-01-27 13:12:03,296183.78902444,0.00000706,0.000000000250034136,6514386,2019-01-27 13:12:03,btc,0.4157301835482429,0.0,0.00000706,btc,55256.63594105,1.06832771,1.324494656130469,13
1,[],10,[],2019-01-27 13:12:05,584737.04114754,0.00000683,0.000000000241888548,6514387,2019-01-27 13:12:05,btc,666807.9253227361,9558.92099228,0.00000683,btc,837426.64773497,0.0,0.8883804324243756,13
1,[],21,[],2019-01-27 13:12:10,1477561.80720674,0.000007179999999999999865673856042,0.000000000254284008,6514388,2019-01-27 13:12:10,btc,7.955125947659402,1308233.90671232,0.0000071799999999999998656738560420809136530806426890194416046142578125,btc,1030512.05985504,9.48654601,9.493966088741752,13
1,[],4,[],2019-01-27 13:12:26,700610.28900905,0.00000174,0.000000000061623144,6514389,2019-01-27 13:12:26,btc,0.1366040817841279,0.0,0.00000174,btc,57722.76486279,0.01689011,0.1252181595522909,14
1,[],12,[],2019-01-27 13:12:34,89962.47933816,0.000001769999999999999994019540816569957542014890350401401519775390625,0.000000000062685612,6514390,2019-01-27 13:12:34,btc,1.7866104835640646,0.0,0.000001769999999999999994019540816569957542014890350401401519775390625,btc,38041.62520423,7.209397603e-05,0.0208644564838332,14
0,[],17,[],2019-01-27 13:12:36,0.0,0,0,6514391,2019-01-27 13:12:36,btc,0.0,0.0,0,btc,0.0,0.0,0.0,14
1,[],26,[],2019-01-27 13:12:36,0.0,0.00000020,0.00000000000708312,6514392,2019-01-27 13:12:36,btc,0.0,0.0,0.00000020,btc,0.0,0.0,0.0,14
,[],12,[],2018-12-01 15:15:48,204241.84496,0.00000489,0.000000000202473384,5260204,2018-12-01 15:15:48,btc,49.5475654835,0.0,,btc,35763.2193806,0.0163153972027625,0.0203389899998,15
0,[],4,[],2019-01-27 13:12:37,0.0,0,0,6514393,2019-01-27 13:12:37,,0.0,0.0,0,,0.0,0.0,0.0,15
0,[],2,[],2019-01-20 23:23:38,0.0,0,0,6476906,2019-01-20 23:23:38,,0.0,0.0,0,,0.0,0.0,0.0,18
1,[],4,[],2019-01-27 13:12:54,23835.4995283,0.00001784,0.000000000631814304,6514394,2019-01-27 13:12:54,btc,1.2125823942440075,0.0,0.00001784,btc,6657.75193607,0.02194683,0.0605873546909518,18
1,[],10,[],2019-01-27 13:12:57,390964.49127602,0.00001796,0.000000000636064176,6514395,2019-01-27 13:12:57,btc,15.52312111608679,9977.74302993,0.00001796,btc,9878.35600356,0.0,0.1976952681532087,18
1,[],12,[],2019-01-27 13:13:01,200495.75946462998,0.00001813000000000000090541289743395481082188780419528484344482421875,0.000000000642084828,6514396,2019-01-27 13:13:01,btc,0.1942511785929252,0.0,0.00001813000000000000090541289743395481082188780419528484344482421875,btc,1945.80643477,0.002677503077204,0.023081150455978697,18
0,[],17,[],2019-01-27 13:13:02,0.0,0,0,6514397,2019-01-27 13:13:02,btc,0.0,0.0,0,btc,0.0,0.0,0.0,18
0,[],2,[],2019-01-20 23:24:19,0.0,0,0,6476924,2019-01-20 23:24:19,,0.0,0.0,0,,0.0,0.0,0.0,19
1,[],3,[],2019-01-27 13:13:10,108852.37236620068,0.0000381099999999999993448296375930794965825043618679046630859375,0.000000001349688516,6514398,2019-01-27 13:13:10,btc,1.2539103422561992,1.33417085427,0.0000381099999999999993448296375930794965825043618679046630859375,btc,8295.084546752028,0.0,0.11579627793169818,19
1,[],4,[],2019-01-27 13:13:12,72941.10077948,0.00003956,0.000000001401041136,6514399,2019-01-27 13:13:12,btc,1.5672406491438937,0.0,0.00003956,btc,32336.61684141,1.17964524,1.6685574955100524,19
1,[],5,[],2019-01-27 13:13:13,0.00033382,0.00003501,0.000000001239900156,6514400,2019-01-27 13:13:13,btc,0.3087083,0.0,0.00003501,btc,0.00346575,0.0,0.19126715,19
1,[],12,[],2019-01-27 13:13:14,129516.0,0.0000435100000000000018533265200293413954568677581846714019775390625,0.000000001540932756,6514401,2019-01-27 13:13:14,btc,1.991855484290857,0.0,0.0000435100000000000018533265200293413954568677581846714019775390625,btc,416.49251023,4.252e-05,0.038032199999999995,19
0,[],27,[],2019-01-27 13:13:15,0.0,0,0,6514402,2019-01-27 13:13:15,,0.0,0.0,0,btc,0.0,0.0,0.0,19
1,[],4,[],2019-01-27 13:13:16,9448048.34664562,0.00000015,0.00000000000531234,6514403,2019-01-27 13:13:16,btc,0.8095706842479654,0.0,0.00000015,btc,1583112.29307681,0.0006316,0.3958519084068923,20
1,[],4,[],2019-01-27 13:13:17,127663662.93823025,0.00000002,0.000000000000708312,6514404,2019-01-27 13:13:17,btc,0.7742331802300173,0.0,0.00000002,btc,17814421.54481207,0.00594743,1.5630528429744455,21
1,[],12,[],2019-01-27 13:13:18,19517252.0,0.00000002,0.000000000000708312,6514405,2019-01-27 13:13:18,btc,668.0286468056955,0.0,0.00000002,btc,8017925.068933791,0.0,0.26328156,21
0,[],17,[],2019-01-27 13:13:23,0.0,0,0,6514406,2019-01-27 13:13:23,btc,0.0,0.0,0,btc,0.0,0.0,0.0,21
1,[],12,[],2019-01-27 13:13:24,4532639062.531896,0.0000000001,0.0000000000000035415600000000003,6514407,2019-01-27 13:13:24,btc,1721671101719.607,0.0,0.0000000001,btc,6621841288.121111,0.003293333219980018,0.4532639062531896,23
0,[],27,[],2019-01-27 13:13:26,0.0,0,0,6514408,2019-01-27 13:13:26,,0.424699,0.0,0,eth,424699.0,0.0,0.0,23
1,[],4,[],2019-01-27 13:13:27,981339.48628567,0.00000078,0.000000000027624168,6514409,2019-01-27 13:13:27,btc,0.1035115955194481,0.0,0.00000078,btc,84170.8462135,0.00830867,0.4201682689808074,24
1,[],22,[],2019-01-27 13:13:39,11.76,0.00000100,0.0000000000354156,6514410,2019-01-27 13:13:39,BTC,7.415e-05,0.0,0.00000100,BTC,23.919354838709676,0.0,1.176e-05,24
0.0,[],25,[],2019-01-27 13:13:40,0.0,0,0,6514411,2019-01-27 13:13:40,,0.0,0.0,0.0,btc,0.0,0.0,0.0,24
0,[],2,[],2019-01-20 23:25:56,0.0,0,0,6476976,2019-01-20 23:25:56,,0.0,0.0,0,,0.0,0.0,0.0,26
1,[],4,[],2019-01-27 13:13:41,28893583.02109951,0.00000685,0.00000000024259686,6514412,2019-01-27 13:13:41,btc,0.4532380333549691,0.0,0.00000685,btc,36626.85167796,0.19779308,0.403698220207958,26
1,[],10,[],2019-01-27 13:13:43,729832.47548519,0.00000693,0.000000000245430108,6514413,2019-01-27 13:13:43,btc,27.975545169615483,1379.411,0.00000693,btc,12551.86744572,0.0,0.2106632740082218,26
1,[],3,[],2019-01-27 12:12:49,8026816.51415143,0.00000001,0.000000000000354591,6514211,2019-01-27 12:12:49,btc,3.1227369975798007,19997.0,0.00000001,btc,18062817.99151056,0.0,0.0802681651415143,27
1,[],5,[],2019-01-27 13:15:45,1e-08,0.00000001,0.000000000000354156,6514414,2019-01-27 13:15:45,btc,2.62224568,9.215e-05,0.00000001,btc,4.436e-05,0.0,0.02470144,27
1,[],11,[],2019-01-27 13:15:47,10597882.41182718,0.00000005,0.0000000000017707799999999999,6514415,2019-01-27 13:15:47,btc,370.53275036350783,1000.0,0.00000005,btc,8220964.80991447,0.0,0.4932896594767663,27
1,[],4,[],2019-01-27 13:15:48,324131472.3569219,0.00000003,0.000000000001062468,6514416,2019-01-27 13:15:48,btc,1.7582468447440893,0.0,0.00000003,"btc,ltc",98300535.90927662,0.44793779,3.1856582877066484,29
1,[],7,[],2019-01-27 13:15:49,39620026.51421685,0.00000003,0.0000000000010624679999999999,6514417,2019-01-27 13:15:49,btc,44465202.61696221,48081.4320275,0.00000003,btc,39446034.21000957,0.00191799,0.7214737384970875,29
1,[],4,[],2019-01-27 13:15:50,1437339.69849055,0.00000032,0.000000000011332992,6514418,2019-01-27 13:15:50,btc,0.2643303173825983,0.0,0.00000032,btc,471063.15765327,0.03192551,0.0819995962510658,30
0,[],17,[],2019-01-27 13:15:52,0.0,0,0,6514419,2019-01-27 13:15:52,btc,0.0,0.0,0,btc,0.0,0.0,0.0,30
1,[],4,[],2019-01-27 13:15:59,132607.25877186,0.00009015,0.00000000319271634,6514420,2019-01-27 13:15:59,btc,1.0372152631416711,0.0,0.00009015,btc,10133.22269077,2.3396936,2.5882278987703438,31
1,[],21,[],2019-01-27 13:16:00,80226.65123357,0.00009069000000000000075595779636,0.000000003211840764,6514421,2019-01-27 13:16:00,btc,6.231060515618414,520730.67119673,0.000090690000000000000755957796361172995602828450500965118408203125,btc,63232.78735977,49.21228845,6.966092035907724,31
0,[],2,[],2019-01-20 23:28:43,0.0,0,0,6477009,2019-01-20 23:28:43,,0.0,0.0,0,,0.0,0.0,0.0,32
1,[],4,[],2019-01-27 13:16:32,150937500.66293424,0.00000006,0.000000000002124936,6514422,2019-01-27 13:16:32,btc,0.9520389196268835,0.0,0.00000006,"btc,ltc",18624712.08266399,1.15522147,3.0480632320253322,33
1,[],12,[],2019-01-27 13:16:34,23776523.0,0.00000006,0.0000000000021249359999999997,6514423,2019-01-27 13:16:34,btc,17261783.085840933,0.0,0.00000006,btc,87919768.09490502,0.0359968748251757,0.95427948,33
1,[],4,[],2019-01-25 15:51:47,121436519.49535657,0.00000002,0.000000000000712664,6499565,2019-01-25 15:51:47,btc,0.7770388655030004,0.0,0.00000002,btc,25623680.84561682,0.04566956,1.2289232726234858,34
1,[],5,[],2019-01-25 15:51:48,3e-08,0.00000002,0.000000000000712664,6499566,2019-01-25 15:51:48,btc,3.15691075,0.01219489,0.00000002,btc,1.394e-05,0.0,0.77186813,34
0.00000000009105230000000001,[],4,[],2019-01-27 13:16:34,2384011691.4008255,3.642092e-18,1.2898687343520002e-22,6514424,2019-01-27 13:16:34,ltc,3.850884308938692e-09,0.0,0.00000004,ltc,689489837.1615613,0.0,5.661492384088141e-09,36
1,[],5,[],2019-01-27 13:16:35,0.0,0,0,6514425,2019-01-27 13:16:35,btc,202.42915527,0.0,0,btc,1.295e-05,0.0,0.0,36
0,[],17,[],2019-01-27 13:16:37,0.0,0,0,6514426,2019-01-27 13:16:37,btc,0.14892131565651667,0.0,0,btc,12533924.99083647,0.0,0.0,36
0.00000000009105230000000001,[],27,[],2019-01-27 13:16:42,1000000.0,9.10523e-19,3.2246718358800005e-23,6514427,2019-01-27 13:16:42,ltc,448.59281329,0.0,0.00000001,"ltc,eth",3710972.58,0.0,9.105230000000002e-13,36
1,[],4,[],2019-01-27 13:16:43,412969.94811294,0.00000143,0.000000000050644308,6514428,2019-01-27 13:16:43,btc,0.5237447664669977,0.0,0.00000143,btc,288431.54398414,0.03217373,0.3627871470550173,37
1,[],12,[],2019-01-27 13:16:43,404455.55357648,0.000001439999999999999977188928391991229460700196796096861362457275390625,0.000000000050998464,6514429,2019-01-27 13:16:43,btc,1330.9673023432556,0.0,0.000001439999999999999977188928391991229460700196796096861362457275390625,btc,804102.66772895,0.1131524416333796,0.2767743200000036,37
1,[],17,[],2019-01-27 13:16:45,1752.74075282,0.00000025,0.0000000000088539,6514430,2019-01-27 13:16:45,btc,0.05548731397188984,0.0,0.00000025,btc,1388.79251806,0.0,0.00043818518820499993,37
1,[],27,[],2019-01-27 13:16:47,3640.0609574,0.00569910,0.00000020183704596,6514431,2019-01-27 13:16:47,btc,22.37095737308125,0.0,0.00569910,btc,2948.884381,0.0,0.000368193331273,37
1,[],5,[],2019-01-27 13:16:48,1.068e-05,0.00000097,0.000000000034353132,6514432,2019-01-27 13:16:48,btc,0.17105311,0.16943695,0.00000097,btc,0.00014208,0.0,0.03373992,42
1,[],12,[],2019-01-27 13:16:50,159513.52380952,0.000001269999999999999910766366496839285815667608403600752353668212890625,0.000000000044977812,6514433,2019-01-27 13:16:50,btc,239.88259536001658,0.0,0.000001269999999999999910766366496839285815667608403600752353668212890625,btc,115125.32324478,0.0271641666698792,0.10852196999999571,42
0,[],27,[],2019-01-27 13:16:52,0.0,0,0,6514434,2019-01-27 13:16:52,,0.00315028,0.0,0,"btc,eth",11.007,0.0,0.0,42
1,[],5,[],2019-01-27 13:16:53,3e-08,0.00000002,0.000000000000708312,6514435,2019-01-27 13:16:53,btc,6.14468671,0.01270357,0.00000002,btc,1.425e-05,0.0,0.51020911,43
1,[],12,[],2019-01-27 13:16:54,6237043.0,0.00000002,0.000000000000708312,6514436,2019-01-27 13:16:54,btc,20007433.39140164,0.0,0.00000002,btc,40257157.41598401,0.00089510979021,0.06484242,43
0,[],17,[],2019-01-27 13:16:56,0.0,0,0,6514437,2019-01-27 13:16:56,btc,0.0,0.0,0,btc,0.0,0.0,0.0,43
1,[],12,[],2019-01-27 13:17:29,756658.0,0.00000006,0.0000000000021249359999999997,6514438,2019-01-27 13:17:29,btc,11114761.22075133,0.0,0.00000006,btc,960388.42115398,0.0011117282018008,0.01992195,44
1,[],4,[],2019-01-27 13:17:30,262006216.90946293,0.00000003,0.000000000001062468,6514439,2019-01-27 13:17:30,btc,0.2188402529225242,0.0,0.00000003,"btc,ltc",6612297.84959688,0.00369,0.595123810360033,49
0.00000000009105230000000001,[],4,[],2019-01-27 13:17:34,3899575104.255595,1.821046e-18,6.449343671760001e-23,6514440,2019-01-27 13:17:34,ltc,4.9943946343486365,0.0,0.00000002,ltc,2118319976.62433,0.0,4.315280482859556e-09,52
0,[],22,[],2019-01-27 13:17:38,0.0,0,0,6514441,2019-01-27 13:17:38,,3693.92043704,0.0,0,,270535069.90882355,0.0,0.0,57
0,[],27,[],2019-01-27 13:17:41,0.0,0,0,6514442,2019-01-27 13:17:41,,0.0,0.0,0,"btc,eth",0.0,0.0,0.0,57
0.00000000009105230000000001,[],4,[],2019-01-27 13:17:41,1472356728.7125683,5.4631380000000006e-18,1.9348031015280002e-22,6514443,2019-01-27 13:17:41,ltc,3.3366770141118107,0.0,0.00000006,ltc,1156969710.8058891,0.0,6.50297364007891e-09,58
1,[],12,[],2019-01-27 13:17:42,2770929694.282997,0.0000000006,0.00000000000002124936,6514444,2019-01-27 13:17:42,btc,624074821163.9929,0.0,0.0000000006,btc,3201161168.6694303,0.05678881418471526,1.1077586986645633,58
0,[],17,[],2019-01-27 13:17:47,0.0,0,0,6514445,2019-01-27 13:17:47,btc,1e+24,0.0,0,btc,41616695.95832568,0.0,0.0,58
0.0000000001266009,[],22,[],2019-01-27 13:17:53,137438.0,1.266009e-18,4.48364683404e-23,6514446,2019-01-27 13:17:53,XMR,69.8835922,0.0,0.00000001,XMR,9887963.0,0.0,0.00137438,58
1,[],5,[],2019-01-27 13:17:55,4.37e-06,0.00000049,0.000000000017353644,6514447,2019-01-27 13:17:55,btc,0.41782918,0.00292468,0.00000049,btc,9.746e-05,0.0,0.03876262,61
1,[],22,[],2019-01-27 13:18:10,5111.5,0.00000011,0.000000000003895716,6514448,2019-01-27 13:18:10,BTC,1002.29606732,0.0,0.00000011,BTC,15028.700278135757,0.0,0.00051178,61
1,[],26,[],2019-01-27 13:18:10,0.0,0.00000800,0.0000000002833248,6514449,2019-01-27 13:18:10,btc,0.0,0.0,0.00000800,btc,0.0,0.0,0.0,61
0,[],27,[],2019-01-27 13:18:44,0.0,0,0,6514450,2019-01-27 13:18:44,,0.0,0.0,0,"btc,eth",0.0,0.0,0.0,61
1,[],28,[],2019-01-27 13:18:52,1880.304,0.00000022,0.000000000007791432,6514451,2019-01-27 13:18:52,btc,2.065678837430106,851.0,0.00000022,btc,11618.08240005,0.0,0.00016391304,61
1,[],4,[],2019-01-27 13:19:25,1319287.81383784,0.00000200,0.0000000000708312,6514452,2019-01-27 13:19:25,btc,0.7299540684746945,0.0,0.00000200,btc,223832.91995519,0.15311084,0.9859061677945244,67
0.0,[],25,[],2019-01-27 13:19:26,0.0,0,0,6514453,2019-01-27 13:19:26,,0.0,0.0,0.0,btc,0.0,0.0,0.0,67
1,[],12,[],2019-01-27 13:19:27,2841699.4126984198,0.00000007,0.000000000002479092,6514454,2019-01-27 13:19:27,btc,16893709.20351879,0.0,0.00000007,btc,2075256.76994113,0.0130142551193335,0.0711401888888894,71
,[],5,[],2018-11-20 23:02:39,1.5e-07,0.00000005,0.000000000002128045,4862160,2018-11-20 23:02:39,btc,2.84511358,0.0,,btc,0.00036572,0.0,0.07381892,74
1,[],5,[],2019-01-25 15:53:51,3.303e-05,0.00000156,0.000000000055588884,6499610,2019-01-25 15:53:51,btc,1.42844212,0.0,0.00000156,btc,0.00015937,0.0,0.49487621,75
1,[],4,[],2019-01-27 13:19:39,63482976.34002812,0.00000001,0.000000000000354156,6514455,2019-01-27 13:19:39,btc,0.822704141069356,0.0,0.00000001,btc,16012866.74301408,0.0,0.6348297634002812,81
0,[],20,[],2019-01-25 09:30:31,0.0,0,0,6495923,2019-01-25 09:30:31,btc,0.0,0.0,0,btc,0.0,0.0,0.0,81
1,[],4,[],2019-01-27 13:19:41,23794.30899247,0.00007751,0.000000002745063156,6514456,2019-01-27 13:19:41,btc,1.3540581658464772,0.0,0.00007751,btc,11872.59736894,0.01239274,0.0892862708398775,82
1,[],21,[],2019-01-27 13:19:42,89185.93156418,0.00008040000000000000271449529521,0.00000000284741424,6514457,2019-01-27 13:19:42,btc,4.04475946512142,3604.30237182,0.0000804000000000000027144952952085077413357794284820556640625,btc,45900.37762699,0.29381163,4.780955863531871,82
0,[],17,[],2019-01-27 13:19:43,0.0,0,0,6514458,2019-01-27 13:19:43,btc,0.0447233088476774,0.0,0,btc,999127.19588126,0.0,0.0,84
0.00000000009105230000000001,[],4,[],2019-01-27 13:19:44,140063011.58079112,1.3657845000000001e-17,4.837007753820001e-22,6514459,2019-01-27 13:19:44,ltc,0.19754182518444335,0.0,0.00000015,ltc,77870407.34561095,0.0,1.402827688034183e-09,85
,[],22,[],2018-11-20 23:09:34,3408.1,0.0000001,0.0000000000041895,4862324,2018-11-20 23:09:34,BTC,0.04624735,0.0,,BTC,4990.0,0.0,0.00033081,86
0,[],22,[],2019-01-27 12:16:57,0.0,0,0,6514258,2019-01-27 12:16:57,,2.07810912,0.0,0,,154826.94736842104,0.0,0.0,87
0,[],27,[],2019-01-27 12:16:59,0.0,0,0,6514259,2019-01-27 12:16:59,,0.0,0.0,0,btc,0.0,0.0,0.0,87
,[],2,[],2018-11-20 23:10:47,0.0,0,0,4862359,2018-11-20 23:10:47,,0.0,0.0,,,0.0,0.0,0.0,88
1,[],11,[],2019-01-27 13:19:46,106996.62147912,0.00019310999999999999931880878545342739016632549464702606201171875,0.000000006839106516,6514460,2019-01-27 13:19:46,btc,235.45660164801154,363.75204,0.00019310999999999999931880878545342739016632549464702606201171875,btc,183895.35881429,0.0,8.716312758362145,89
0,[],2,[],2019-01-20 23:31:45,0.0,0,0,6477083,2019-01-20 23:31:45,,0.0,0.0,0,,0.0,0.0,0.0,91
1,[],12,[],2019-01-27 13:19:47,280129.51993327,0.0000040099999999999997232487218556951091841256129555404186248779296875,0.000000000142016556,6514461,2019-01-27 13:19:47,btc,1.7497232590317844,0.0,0.0000040099999999999997232487218556951091841256129555404186248779296875,btc,3465.82816906,0.3450275371457117,0.1537159196999459,91
0,[],17,[],2019-01-27 13:19:49,0.0,0,0,6514462,2019-01-27 13:19:49,btc,0.0,0.0,0,btc,0.0,0.0,0.0,91
0.00000000009105230000000001,[],22,[],2019-01-27 13:19:52,33781858.0,5.4631380000000006e-18,1.9348031015280002e-22,6514463,2019-01-27 13:19:52,LTC,8.95901495,0.0,0.00000006,LTC,75270634.1,2.94956641666e-13,1.31889787,95
0.00000000009105230000000001,[],4,[],2019-01-27 13:19:53,132681832.97119097,9.924700700000001e-17,3.5148923011092e-21,6514464,2019-01-27 13:19:53,ltc,1.3169577899223393,0.0,0.00000109,ltc,66688532.87417555,0.00028171,6.691537349939843e-10,96
1,[],12,[],2019-01-27 13:19:54,1204135.0,0.00000001,0.000000000000354156,6514465,2019-01-27 13:19:54,btc,255060.86358912085,0.0,0.00000001,btc,7848186.59471504,2.2894405594e-06,0.012041350000000001,96
0,[],17,[],2019-01-27 13:19:56,0.0,0,0,6514466,2019-01-27 13:19:56,btc,0.0,0.0,0,btc,0.0,0.0,0.0,96
1,[],4,[],2019-01-27 13:19:56,1581329.27341897,0.00000041,0.000000000014520396,6514467,2019-01-27 13:19:56,btc,0.2954041516025423,0.0,0.00000041,btc,454352.32412433,0.00397519,0.1762282938136682,99
1,[],4,[],2019-01-27 13:20:02,141125.74757079,0.00004220,0.00000000149453832,6514468,2019-01-27 13:20:02,btc,1.5184913324829161,0.0,0.00004220,btc,28123.76157286,2.535088,3.4217387473143996,100
0,[],2,[],2019-01-20 23:23:55,0.0,0,0,6476914,2019-01-20 23:23:55,,0.0,0.0,0,,0.0,0.0,0.0,100
1,[],22,[],2019-01-27 13:20:07,50000.0,0.00000001,0.000000000000354156,6514469,2019-01-27 13:20:07,BTC,23.49896609,0.0,0.00000001,BTC,10277.22,0.0,0.0005,101
1,[],4,[],2019-01-27 13:20:09,448373.22973932,0.00000085,0.00000000003010326,6514470,2019-01-27 13:20:09,btc,0.3985275436389903,0.0,0.00000085,btc,148624.10491638,0.05795803,0.1620013367946671,103
0,[],22,[],2019-01-27 13:20:21,0.0,0,0,6514471,2019-01-27 13:20:21,,1.07253299,0.0,0,,94300.0,0.0,0.0,107
1,[],26,[],2019-01-27 13:20:21,0.0,0.00000000,0,6514472,2019-01-27 13:20:21,btc,0.0,0.0,0.00000000,btc,0.0,0.0,0.0,107
1,[],5,[],2019-01-27 13:20:53,3e-08,0.00000002,0.000000000000708312,6514473,2019-01-27 13:20:53,btc,3.23488204,0.01753907,0.00000002,btc,1.589e-05,0.0,0.07496728,112
1,[],22,[],2019-01-27 13:20:57,77952.0,0.00000001,0.000000000000354156,6514474,2019-01-27 13:20:57,BTC,2.84243449,0.0,0.00000001,BTC,977103.5833333334,0.0,0.00077952,112
0,[],27,[],2019-01-27 13:20:59,0.0,0,0,6514475,2019-01-27 13:20:59,,1.25356065,0.0,0,"btc,eth",1328.0,0.0,0.0,112
1,[],4,[],2019-01-27 13:21:00,476984.38953768,0.00000575,0.0000000002036397,6514476,2019-01-27 13:21:00,btc,0.701734287780292,0.0,0.00000575,btc,83156.22317297,0.65209081,0.5535372151960162,113
1,[],5,[],2019-01-27 13:21:01,3.228e-05,0.00000458,0.000000000162203448,6514477,2019-01-27 13:21:01,btc,2.16103522,0.01282467,0.00000458,btc,0.00310017,0.0,0.22878647,113
0,[],27,[],2019-01-27 13:23:03,0.0,0,0,6514478,2019-01-27 13:23:03,,0.0,0.0,0,btc,0.0,0.0,0.0,116
1,[],17,[],2019-01-27 12:18:46,233369.0,0.00000004,0.000000000001418364,6514278,2019-01-27 12:18:46,btc,1.3376290575914556,0.0,0.00000004,btc,72546.975,0.0,0.00543476,116
1,[],4,[],2019-01-27 13:23:36,21817.34547852,0.00002851,0.000000001009698756,6514479,2019-01-27 13:23:36,btc,0.6435114852696581,0.0,0.00002851,btc,17210.47560013,1.79375952,0.4377773109354401,120
1,[],7,[],2019-01-27 13:23:37,2231.7141522800002,0.0000230300000000000014248324742283102750661782920360565185546875,0.000000000815621268,6514480,2019-01-27 13:23:37,btc,94.99865045517565,56.95922997,0.0000230300000000000014248324742283102750661782920360565185546875,btc,25372.754457439998,0.00131048,0.0223281404317117,120
1,[],20,[],2019-01-27 13:23:38,1202438.9088,0.000000013,0.0000000000004604028,6514481,2019-01-27 13:23:38,btc,31.4012428467274,9548.95,0.000000013,btc,1096701.7964,0.00012413635,0.0066756954106,125
1,[],22,[],2019-01-27 13:23:51,68433.0,0.00000001,0.000000000000354156,6514482,2019-01-27 13:23:51,BTC,0.01415863,0.0,0.00000001,BTC,293039.4,0.0,0.00068433,126
1,[],4,[],2019-01-27 13:23:52,144030.58476741,0.00001401,0.000000000496172556,6514483,2019-01-27 13:23:52,btc,0.6390347205522087,0.0,0.00001401,btc,33478.27914118,0.27622865,1.1645378863339528,131
0,[],17,[],2019-01-27 13:23:54,0.0,0,0,6514484,2019-01-27 13:23:54,btc,0.0008451375975800001,0.0,0,btc,30.89614684,0.0,0.0,131
0,[],2,[],2019-01-20 23:25:46,0.0,0,0,6476969,2019-01-20 23:25:46,,0.0,0.0,0,,0.0,0.0,0.0,131
1,[],4,[],2019-01-27 13:23:55,6068.58851664,0.00020396,0.000000007223365776,6514485,2019-01-27 13:23:55,btc,1.6271911136489303,0.0,0.00020396,btc,207.22768463,0.0009336,0.0118797735166095,135
1,[],3,[],2019-01-27 13:23:55,660431.72606226,0.00000016,0.000000000005666496,6514486,2019-01-27 13:23:55,btc,0.2675339401580359,940781.424443,0.00000016,btc,314347.35089978,0.0,0.025619826843611,136
1,[],4,[],2019-01-27 13:23:56,177691.38179444,0.00000184,0.000000000065164704,6514487,2019-01-27 13:23:56,btc,0.458420970043711,0.0,0.00000184,btc,182404.01047445,0.05570305,0.2662197595625728,137
1,[],12,[],2019-01-27 13:23:57,301115.43448539,0.0000018500000000000000751026844880708921436962555162608623504638671875,0.00000000006551886,6514488,2019-01-27 13:23:57,btc,11798.819652156752,0.0,0.0000018500000000000000751026844880708921436962555162608623504638671875,btc,131567.26663232,0.0706383644548386,0.0347467360000076,137
1,[],5,[],2019-01-27 13:23:58,0.00111533,0.00003597,0.000000001273899132,6514489,2019-01-27 13:23:58,btc,6.3761838,1.66632109,0.00003597,btc,0.00214139,0.0,1.21200381,142
1,[],17,[],2019-01-27 13:24:03,12500.0,0.0000001,0.0000000000035415599999999997,6514490,2019-01-27 13:24:03,btc,0.6809500040092743,0.0,0.0000001,btc,5932.0,0.0,0.00125,142
1,[],20,[],2019-01-27 13:24:07,155424.038,0.00002513,0.000000000889994028,6514491,2019-01-27 13:24:07,btc,2.505256605,5.5264,0.00002513,btc,5104.1321,0.000242803954,0.2608503952618,142
1,[],22,[],2019-01-27 13:24:14,990.0,0.00001880,0.00000000066581328,6514492,2019-01-27 13:24:14,BTC,0.00069415,0.0,0.00001880,BTC,9.0,0.0,0.00022106,142
0.0,[],25,[],2019-01-27 13:24:15,0.0,0,0,6514493,2019-01-27 13:24:15,,0.0,0.0,0.0,btc,0.0,0.0,0.0,142
1,[],28,[],2019-01-27 13:24:55,78844.032,0.00003150,0.0000000011155914000000001,6514494,2019-01-27 13:24:55,btc,0.12755850002,49791.15,0.00003150,btc,2509.998,0.0,0.03726670576,142
0,[],22,[],2019-01-25 15:57:33,0.0,0,0,6499726,2019-01-25 15:57:33,,59.04258297,0.0,0,,718491265.8,0.0,0.0,143
1,[],21,[],2019-01-27 13:24:56,53129555.69557247,0.0000003,0.00000000001062468,6514495,2019-01-27 13:24:56,btc,34.30919236748366,1220955.96610038,0.0000003,btc,63817152.80093593,0.366336,10.43028065596288,145
0,[],22,[],2019-01-27 13:25:09,0.0,0,0,6514496,2019-01-27 13:25:09,,4.31668284,0.0,0,,1427838.5,0.0,0.0,146
,[],22,[],2018-11-20 23:01:11,0.0,0,0,4862114,2018-11-20 23:01:11,,2.56807021,0.0,,,61828.4988236,0.0,0.0,147
1,[],12,[],2019-01-27 13:25:10,8702760.90865615,0.00000319999999999999985519395784283602779396460391581058502197265625,0.00000000011332991999999999,6514497,2019-01-27 13:25:10,btc,17.07301636788533,0.0,0.00000319999999999999985519395784283602779396460391581058502197265625,btc,111164.72407238,0.0,0.123858189999983,148
1,[],4,[],2019-01-27 13:25:11,2270754.73658905,0.00000029,0.000000000010270524000000001,6514498,2019-01-27 13:25:11,btc,0.6783328081912771,0.0,0.00000029,btc,495706.39126878,0.02749144,0.0496361607849083,152
0,[],22,[],2019-01-27 13:25:46,0.0,0,0,6514499,2019-01-27 13:25:46,,0.0,0.0,0,,0.0,0.0,0.0,152
1,[],5,[],2019-01-27 13:25:47,0.0,0,0,6514500,2019-01-27 13:25:47,btc,4.34745839,0.0,0,btc,0.00161275,0.0,0.0,153
,[],16,[],2019-01-11 15:38:59,0.0,0,0,6366141,2019-01-11 15:38:59,btc,0.0,0.0,,btc,0.0,0.0,0.0,155
0,[],22,[],2019-01-27 13:26:00,0.0,0,0,6514501,2019-01-27 13:26:00,,6.73088821,0.0,0,,4341761.742592593,0.0,0.0,156
0,[],23,[],2019-01-20 23:24:29,0.0,0,0,6476932,2019-01-20 23:24:29,,0.0,0.0,0,,0.0,0.0,0.0,156
1,[],22,[],2019-01-27 13:26:04,7906.0,0.00000801,0.000000000283678956,6514502,2019-01-27 13:26:04,BTC,43.78612537,0.0,0.00000801,BTC,1033.584498154164,0.0,0.00743836,157
0,[],22,[],2019-01-27 13:26:07,0.0,0,0,6514503,2019-01-27 13:26:07,,50175.6753658,0.0,0,,54007107.04179466,0.0,0.0,158
,[],17,[],2018-11-20 22:56:10,0.0,0,0,4861976,2018-11-20 22:56:10,btc,1.1265625,0.0,,btc,1000.0,0.0,0.0,159
,[],20,[],2018-11-20 22:56:12,0.0,0,0,4861977,2018-11-20 22:56:12,btc,11912.7940471,0.0,,btc,34413894.3617,0.0,0.0,159
1,[],12,[],2019-01-27 13:26:08,196143.45719768,0.000010890000000000000767168446824673111450465512461960315704345703125,0.00000000038567588400000003,6514504,2019-01-27 13:26:08,btc,6.652224306964767,0.0,0.000010890000000000000767168446824673111450465512461960315704345703125,btc,14023.52908934,0.0015244089,0.10392939999998439,168
1,[],17,[],2019-01-27 13:26:09,29784.95,0.000001,0.0000000000354156,6514505,2019-01-27 13:26:09,btc,0.0353989844335,0.0,0.000001,btc,196.82520268,0.0,0.00716147,168
1,[],22,[],2019-01-27 13:26:22,1433447.0,0.00000001,0.000000000000354156,6514506,2019-01-27 13:26:22,BTC,1.13380276,0.0,0.00000001,BTC,689102.5537281231,1e-07,0.01433447,169
1,[],22,[],2019-01-27 13:26:25,79743.42857142857,0.00000035,0.00000000001239546,6514507,2019-01-27 13:26:25,BTC,2.46358162,0.0,0.00000035,BTC,53989.56106516291,0.00041128,0.0163302,171
1,[],22,[],2019-01-27 13:26:28,183607.8245614035,0.00000019,0.000000000006728964,6514508,2019-01-27 13:26:28,BTC,2.82530636,0.0,0.00000019,BTC,237216.95065401116,0.00361383,0.01008028,173
1,[],5,[],2019-01-27 13:26:30,6.737e-05,0.00000434,0.000000000153703704,6514509,2019-01-27 13:26:30,btc,0.41282065,0.00261268,0.00000434,btc,0.00037729,0.0,0.83492912,175
1,[],22,[],2019-01-27 13:26:33,53551.0,0.00000131,0.000000000046394436,6514510,2019-01-27 13:26:33,BTC,0.55831833,0.0,0.00000131,BTC,110600.51379872746,0.0,0.04645228,176
1,[],7,[],2019-01-27 13:26:34,0.0,0,0,6514511,2019-01-27 13:26:34,btc,10967.435905417888,0.0,0,btc,122071837.87976141,0.0,0.0,178
0,[],22,[],2019-01-27 13:26:43,0.0,0,0,6514512,2019-01-27 13:26:43,,1.00242428,0.0,0,,57512.0,0.0,0.0,178
0,[],2,[],2019-01-20 23:28:34,0.0,0,0,6477001,2019-01-20 23:28:34,,0.0,0.0,0,,0.0,0.0,0.0,178
1,[],5,[],2019-01-27 13:26:46,6e-08,0.00000003,0.000000000001062468,6514513,2019-01-27 13:26:46,btc,15.86632166,0.27328597,0.00000003,btc,2.285e-05,0.0,1.48101726,179
1,[],22,[],2019-01-27 13:26:58,9574780.5,0.00000002,0.000000000000708312,6514514,2019-01-27 13:26:58,BTC,5.47350882,0.0,0.00000002,"BTC,LTC",16474169.651989967,0.000312,1.39809545,179
0,[],23,[],2019-01-20 23:25:08,0.0,0,0,6476952,2019-01-20 23:25:08,,0.0,0.0,0,,0.0,0.0,0.0,179
1,[],17,[],2019-01-27 13:26:59,10504.725,0.0000001,0.0000000000035415599999999997,6514515,2019-01-27 13:26:59,btc,5.206877489878155,0.0,0.0000001,btc,7465.6174587,0.0,0.0010504725,180
1,[],22,[],2019-01-27 13:27:03,1008.2322580645161,0.00000031,0.000000000010978836,6514516,2019-01-27 13:27:03,BTC,0.09445503,0.0,0.00000031,"BTC,LTC",15554.485926850179,0.0003449300000000164,0.00026127,180
1,[],26,[],2019-01-27 13:27:03,0.0,0.00000020,0.00000000000708312,6514517,2019-01-27 13:27:03,btc,0.0,3079.4774,0.00000020,btc,0.0,0.0,0.0,180
,[],7,[],2018-11-20 22:58:01,562227.975654,0.00000085,0.000000000036176765,4862015,2018-11-20 22:58:01,btc,21836.6059674,2491.87645172,,btc,749999.041456,0.00211021,0.127565380455,183
,[],5,[],2019-01-10 08:11:41,0.0,0,0,6347036,2019-01-10 08:11:41,btc,82.15055501,0.00261,,btc,1.19002445,0.0,0.0,187
1,[],24,[],2019-01-27 13:27:04,0.0,0.000000000001,3.54156e-17,6514518,2019-01-27 13:27:04,btc,0.0,0.0,0.000000000001,btc,0.0,0.0,0.0,187
,[],17,[],2018-11-16 20:58:10,4062536.27273,0.00000001,0.000000000000550501,4708775,2018-11-16 20:58:10,btc,3.36492563466,0.195460381006,,"btc,eth",110697919.549,0.0,0.0157628953496,187
0,[],22,[],2019-01-27 13:27:06,0.0,0,0,6514519,2019-01-27 13:27:06,,1.19411237,0.0,0,,13949.956201072173,0.0,0.0,191
0,[],22,[],2019-01-27 13:27:11,0.0,0,0,6514520,2019-01-27 13:27:11,,0.0,0.0,0,,0.0,0.0,0.0,197
0,[],23,[],2019-01-20 23:31:41,0.0,0,0,6477079,2019-01-20 23:31:41,,0.0,0.0,0,,0.0,0.0,0.0,199
1,[],26,[],2019-01-27 13:27:11,0.0,0.00000000,0,6514521,2019-01-27 13:27:11,btc,0.0,751981.0,0.00000000,btc,0.0,0.0,0.0,199
0,[],17,[],2019-01-27 13:27:12,0.0,0,0,6514522,2019-01-27 13:27:12,btc,6.802544163830979,0.0,0,btc,105897.55575295,0.0,0.0,200
0,[],2,[],2019-01-20 23:30:49,0.0,0,0,6477059,2019-01-20 23:30:49,,0.0,0.0,0,,0.0,0.0,0.0,201
1,[],4,[],2019-01-25 15:51:35,2084389.58565343,0.00000936,0.000000000333526752,6499557,2019-01-25 15:51:35,btc,2.0092503037378524,0.0,0.00000936,btc,160195.80207885,0.19272417,1.242687955921835,211
1,[],7,[],2019-01-27 13:27:16,19147428.11759556,0.000001170000000000000021170673721038202330646527116186916828155517578125,0.000000000041436252,6514523,2019-01-27 13:27:16,btc,16317790.279316453,54743.1421153,0.000001170000000000000021170673721038202330646527116186916828155517578125,btc,12798342.163001379,0.0,9.071659539208245,212
1,[],5,[],2019-01-27 13:27:17,5.86e-06,0.00000037,0.000000000013103772,6514524,2019-01-27 13:27:17,btc,0.9395771,0.16768605,0.00000037,btc,3.278e-05,0.0,0.35105511,213
1,[],24,[],2019-01-27 13:27:17,0.0,0.000000050000,0.00000000000177078,6514525,2019-01-27 13:27:17,btc,0.0,0.0,0.000000050000,btc,0.0,0.0,0.0,213
1,[],26,[],2019-01-27 13:27:17,0.0,0.00000003,0.000000000001062468,6514526,2019-01-27 13:27:17,btc,0.0,0.0,0.00000003,btc,0.0,0.0,0.0,213
1,[],12,[],2019-01-25 02:44:32,207462.42853209,0.000001080000000000000035831255497387193287295303889550268650054931640625,0.000000000038610756000000006,6493050,2019-01-25 02:44:32,btc,85023.03793723314,0.0,0.000001080000000000000035831255497387193287295303889550268650054931640625,btc,43675.73520027,0.000146250909087,0.0348620860622024,213
1,[],22,[],2019-01-27 13:27:21,281400.0,0.00000002,0.000000000000708312,6514527,2019-01-27 13:27:21,BTC,70.21701544,0.0,0.00000002,BTC,206523.63907173084,0.00113008,0.004814,216
1,[],27,[],2019-01-27 13:27:23,5077945.0,0.00000015,0.00000000000531234,6514528,2019-01-27 13:27:23,btc,619.87938651916,0.0,0.00000015,"btc,ltc",268416.09411,0.0,0.0525075,216
1,[],22,[],2019-01-27 13:27:27,294611.8247499803,0.00000235,0.00000000008322666,6514529,2019-01-27 13:27:27,BTC,12677.80168486,0.0,0.00000235,BTC,341212.45754841436,0.01606831,0.41832822,217
1,[],7,[],2019-01-27 13:27:59,0.0,0,0,6514530,2019-01-27 13:27:59,btc,302.5943166391106,0.0,0,btc,135640320.6214003,0.0,0.0,219
0,[],27,[],2019-01-27 13:28:01,0.0,0,0,6514531,2019-01-27 13:28:01,,0.0747309448198,0.0,0,btc,1605140.29226592,0.0,0.0,219
0.0000000000000057,[],28,[],2019-01-27 13:28:03,203946286.198,2.280057e-18,8.07495866892e-23,6514532,2019-01-27 13:28:03,doge,79804.0288717675,14104.0,0.00040001,"btc,doge",4119437.84751,0.0,1.7457468128990508e-11,219
1,[],22,[],2019-01-27 13:28:06,214172.0,0.00000085,0.00000000003010326,6514533,2019-01-27 13:28:06,BTC,2.09115983,0.0,0.00000085,BTC,22065.55212317522,0.000816,0.02969939,221
1,[],24,[],2019-01-27 13:28:06,0.0,0.000000550000,0.00000000001947858,6514534,2019-01-27 13:28:06,btc,0.0,0.0,0.000000550000,btc,0.0,0.0,0.0,221
1,[],26,[],2019-01-27 13:28:07,0.0,0.00000002,0.000000000000708312,6514535,2019-01-27 13:28:07,btc,0.0,10881.0,0.00000002,btc,0.0,0.0,0.0,231
1,[],26,[],2019-01-27 13:28:07,0.0,0.00000004,0.000000000001416624,6514536,2019-01-27 13:28:07,btc,0.0,0.0,0.00000004,btc,0.0,0.0,0.0,234
0,[],27,[],2019-01-27 13:28:09,0.0,0,0,6514537,2019-01-27 13:28:09,,0.001146299618,0.0,0,"btc,eth",11462.99618,0.0,0.0,234
0.00000000009105230000000001,[],22,[],2019-01-27 13:28:13,8895864.0,9.10523e-19,3.2246718358800005e-23,6514538,2019-01-27 13:28:13,LTC,3.01368808,0.0,0.00000001,LTC,91422715.51349206,1.8248119231280003e-12,0.08895864,235
1,[],4,[],2019-01-27 13:28:13,643299.72405926,0.00000092,0.000000000032582352,6514539,2019-01-27 13:28:13,btc,0.1197638645567292,0.0,0.00000092,btc,99622.60407608,0.09760583,0.1417874912996531,236
1,[],24,[],2019-01-27 13:28:13,0.0,0.000000010000,0.000000000000354156,6514540,2019-01-27 13:28:13,btc,0.0,511.27656,0.000000010000,btc,0.0,0.00055729,0.0,236
1,[],20,[],2019-01-27 13:28:15,32116455.9117,0.000000067,0.0000000000023728452,6514541,2019-01-27 13:28:15,btc,14.4421395678002,23476867.6751,0.000000067,btc,26261943.7881,1.5914047110631,0.4690359499769,237
0,[],22,[],2019-01-27 13:28:18,0.0,0,0,6514542,2019-01-27 13:28:18,,0.04083605,0.0,0,,4179.0,0.0,0.0,237
1,[],4,[],2019-01-27 13:28:20,5823077.43958734,0.00000030,0.00000000001062468,6514543,2019-01-27 13:28:20,btc,0.5626053544479798,0.0,0.00000030,btc,1676205.14338181,0.35804912,1.457319010089731,238
1,[],5,[],2019-01-27 13:28:21,3.64e-06,0.00000031,0.000000000010978836,6514544,2019-01-27 13:28:21,btc,0.69811842,0.00757591,0.00000031,btc,2.855e-05,0.0,0.1809956,238
1,[],22,[],2019-01-27 08:28:12,280460.25,0.00000005,0.00000000000178011,6513441,2019-01-27 08:28:12,BTC,15.41149618,0.0,0.00000005,BTC,244813.3382079636,0.00099017,0.00947456,249
0.00000000009105230000000001,[],22,[],2019-01-27 13:28:24,2565300.8,4.552615e-18,1.6123359179400002e-22,6514545,2019-01-27 13:28:24,LTC,0.62013646,0.0,0.00000005,LTC,14774943.845555555,0.0,0.05186212,252
1,[],28,[],2019-01-27 13:28:33,2037349.213,0.00000008,0.000000000002833248,6514546,2019-01-27 13:28:33,btc,164692.83404779495,28650.0,0.00000008,btc,1237558.2807,0.0,0.07476567991,256
0,[],27,[],2019-01-27 13:28:36,0.0,0,0,6514547,2019-01-27 13:28:36,,4.96668,0.0,0,"btc,eth",90.59,0.0,0.0,257
1,[],22,[],2019-01-27 13:28:39,49104.0,0.00000001,0.000000000000354156,6514548,2019-01-27 13:28:39,BTC,35605.69058529,0.0,0.00000001,BTC,746201.1910213444,6.885e-05,0.00049104,258
1,[],22,[],2019-01-26 20:58:41,368451.0,0.00000001,0.000000000000356135,6510120,2019-01-26 20:58:41,BTC,2.642917,0.0,0.00000001,"BTC,LTC",1862.0,0.0,0.02488451,259
1,[],22,[],2019-01-27 13:28:46,5391.272,0.00000750,0.000000000265617,6514549,2019-01-27 13:28:46,BTC,4.68596158,0.0,0.00000750,BTC,6005.351428571428,0.00048887,0.0243694,262
1,[],5,[],2019-01-27 13:28:51,5.323e-05,0.00000253,0.000000000089601468,6514550,2019-01-27 13:28:51,btc,67781.60712912,0.3078416,0.00000253,btc,11111.11518555,0.0,0.24979657,264
1,[],20,[],2019-01-27 13:28:53,1769839.0599,0.0000038,0.00000000013457928000000001,6514551,2019-01-27 13:28:53,btc,5.2520513126317,73230.4038,0.0000038,btc,103568.6542,0.283507317274,0.01973867233,264
1,[],22,[],2019-01-27 13:28:56,163105.0,0.00000003,0.000000000001062468,6514552,2019-01-27 13:28:56,BTC,6.46000688,0.0,0.00000003,BTC,222793.3801039501,6.05e-05,0.00389749,271
0,[],22,[],2019-01-27 13:28:59,0.0,0,0,6514553,2019-01-27 13:28:59,,242.59396368,0.0,0,,12792025291.9,0.0,0.0,272
0.0000000000000057,[],28,[],2019-01-27 13:29:02,371787471613.0,5.0730000000000006e-21,1.7966333880000001e-25,6514554,2019-01-27 13:29:02,doge,22029840.66365029,13653058955.731,0.00000089,doge,130857812644.9724,0.0,1.0184268864651092e-09,272
