pairValue,buyBook,exchangeId,sellBook,updated,buyTotal,satoshiPrice,usdPrice,exchangeLogId,created,bestPair,sellTotalBtc,volume,pairPrice,activePairs,sellTotal,volumeBtc,buyTotalBtc,coinId
1,[],3,[],2019-05-13 04:28:56,32398.272239444064,0.01060131999999999914685577806494620745070278644561767578125,0.00000074758918442,7622730,2019-05-13 04:28:56,btc,3.333982169716552,127.273765016,0.01060131999999999914685577806494620745070278644561767578125,btc,19.164017187493002,0.0,0.49796934477572913,1
1,[],4,[],2019-05-13 04:28:58,251117.48953422,0.01070017,0.0000007545599381450001,7622731,2019-05-13 04:28:58,btc,8.613741544009379,0.0,0.01070017,btc,387.80218977,1.10283584,0.5146142514431215,1
1,[],5,[],2019-05-13 04:29:00,0.0,0,0,7622732,2019-05-13 04:29:00,btc,0.0,0.05133346,0,btc,0.0,0.0,0.0,1
1,[],10,[],2019-05-13 04:29:02,256867.26855507,0.0091014,0.0000006418170759000001,7622733,2019-05-13 04:29:02,btc,6525.370250551994,1375.08429701,0.0091014,btc,1480.09306517,0.0,3.598443859293546,1
1,[],12,[],2019-05-13 04:29:05,72.38662672,0.01078999999999999924449323174258097424171864986419677734375,0.000000760894615,7622734,2019-05-13 04:29:05,btc,0.136686531174,0.0,0.01078999999999999924449323174258097424171864986419677734375,btc,8.9416324,1.0081447945162,0.3232277757806,1
1,[],20,[],2019-05-13 04:29:06,974.0644,0.010700243,0.0000007545650859955001,7622735,2019-05-13 04:29:06,btc,0.0787192684287,0.0645,0.010700243,btc,5.1924,0.0007998,0.1704148674414,1
1,[],21,[],2019-05-13 04:29:08,2159.42201657,0.01082731999999999965289543269,0.00000076352636542,7622736,2019-05-13 04:29:08,btc,14.288713326426114,11229.934193590001,0.01082731999999999965289543268909255857579410076141357421875,"btc,eth",1614.96460453,118.93390654905659,15.587729550844303,1
0,[],22,[],2019-05-13 04:29:11,0.0,0,0,7622737,2019-05-13 04:29:11,,0.3163308,0.0,0,,0.2527518593615956,0.0,0.0,1
1,[],24,[],2019-05-13 04:29:12,0.0,0.000000000000,0,7622738,2019-05-13 04:29:12,btc,0.0,0.0,0.000000000000,btc,0.0,0.0,0.0,1
0.0,[],25,[],2019-05-13 04:29:13,0.0,0,0,7622739,2019-05-13 04:29:13,btc,7.369999999646053,2885.87704169,0.0,btc,660.05893855,31.236,0.0,1
1,[],26,[],2019-05-13 04:29:16,0.0,0,0,7622740,2019-05-13 04:29:16,,0.0,0.0,0,,0.0,0.0,0.0,1
1,[],28,[],2019-05-13 04:29:18,987.9,0.01131000,0.0000007975642350000001,7622741,2019-05-13 04:29:18,btc,0.160832048,347832.1,0.01131000,btc,8.7307,0.0,0.024551096,1
0,[],2,[],2019-01-20 23:28:45,0.0,0,0,6477011,2019-01-20 23:28:45,,0.0,0.0,0,,0.0,0.0,0.0,1
1,[],5,[],2019-05-13 04:29:19,0.0,0,0,7622742,2019-05-13 04:29:19,btc,0.0,0.00016221,0,btc,0.0,0.0,0.0,2
1,[],22,[],2019-05-13 04:29:24,12625.0,0.00000018,0.000000000012693330000000002,7622743,2019-05-13 04:29:24,BTC,21.00846647,0.0,0.00000018,"BTC,XMR",24148.96059725142,0.0,0.00158221,2
1,[],5,[],2019-05-13 04:29:25,0.0,0,0,7622744,2019-05-13 04:29:25,btc,0.0,0.29534901,0,btc,0.0,0.0,0.0,3
1,[],12,[],2019-05-13 04:29:27,3918506.37506,0.000000133,0.000000000009378960500000002,7622745,2019-05-13 04:29:27,btc,11597.365048168953,0.0,0.000000133,btc,3446395.19444986,0.07824480454993309,0.3974686097578,3
0,[],28,[],2019-05-13 04:29:28,0.0,0,0,7622746,2019-05-13 04:29:28,,0.0,0.0,0,,0.0,0.0,0.0,3
0,[],2,[],2019-01-20 23:31:32,0.0,0,0,6477077,2019-01-20 23:31:32,,0.0,0.0,0,,0.0,0.0,0.0,4
1,[],4,[],2019-04-26 19:14:12,610911.70993152,0.00000026,0.000000000013566046,7471614,2019-04-26 19:14:12,btc,31.457742656463164,0.0,0.00000026,btc,718733.71307795,0.00142695,0.0638464483338706,4
0,[],12,[],2019-04-25 23:08:22,0.0,0,0,7459310,2019-04-25 23:08:22,btc,1111851.94727753,0.0,0,btc,953412.0,0.0,0.0,5
0,[],2,[],2019-01-20 23:31:51,0.0,0,0,6477087,2019-01-20 23:31:51,,0.0,0.0,0,,0.0,0.0,0.0,6
1,[],11,[],2019-05-12 00:02:31,5042415.307535999,0.00000001,0.00000000000072476,7617400,2019-05-12 00:02:31,btc,9576.518911699495,10000.0,0.00000001,btc,47478529.75253575,0.0,0.05042415307536,6
1,[],3,[],2019-05-13 04:29:29,11122.91443511058,0.000122189999999999993930688280130425482639111578464508056640625,0.000000008616655515,7622747,2019-05-13 04:29:29,btc,14.357166813881236,74.2247196733,0.000122189999999999993930688280130425482639111578464508056640625,btc,344.256531411478,0.0,0.03326930516676934,7
1,[],4,[],2019-05-13 04:29:30,68066.63734016,0.00013102,0.00000000923933387,7622748,2019-05-13 04:29:30,btc,8.04783567719709,0.0,0.00013102,btc,37301.08912844,3.74758578,4.315631285007368,7
1,[],5,[],2019-05-13 04:29:31,0.0,0,0,7622749,2019-05-13 04:29:31,btc,0.0,0.5108449,0,btc,0.0,0.0,0.0,7
1,[],20,[],2019-04-07 22:06:50,3201475.0482,0.000000001,0.000000000000051590000000000004,7213932,2019-04-07 22:06:50,btc,30.8005781811902,0.0,0.000000001,btc,23077405.3926,0.0,0.0032014750482,8
0,[],2,[],2019-01-20 23:22:42,0.0,0,0,6476876,2019-01-20 23:22:42,,0.0,0.0,0,,0.0,0.0,0.0,9
0,[],23,[],2019-01-20 23:22:48,0.0,0,0,6476878,2019-01-20 23:22:48,,0.0,0.0,0,,0.0,0.0,0.0,9
1,[],4,[],2019-05-13 04:29:34,23843022.4408954,0.00000061,0.000000000043016285000000005,7622750,2019-05-13 04:29:34,btc,4.238037477076634,0.0,0.00000061,btc,3229219.9783632,0.71768065,0.9397077105893304,9
1,[],28,[],2019-05-13 04:29:35,18055.0,0.00000021,0.000000000014808885,7622751,2019-05-13 04:29:35,btc,2708.775233808764,3661740.0,0.00000021,btc,25766.3492,0.0,0.00186155,9
1,[],1,[],2019-02-17 23:31:42,1822507.21,0.00000181000000000000003456111265232042484285557293333113193511962890625,0.000000000066086901,6701244,2019-02-17 23:31:42,btc,3.6990969245,17153386.5,0.00000181000000000000003456111265232042484285557293333113193511962890625,btc,1997391.71,31.11772986,3.2610482446,9
1,[],4,[],2019-02-17 11:22:43,4341674.27126056,0.00000002,0.0000000000007272960000000001,6696112,2019-02-17 11:22:43,btc,0.1997230937751353,0.0,0.00000002,btc,4109766.79808031,0.00215132,0.0479381022052112,10
0,[],2,[],2019-01-20 23:23:08,0.0,0,0,6476890,2019-01-20 23:23:08,,0.0,0.0,0,,0.0,0.0,0.0,12
1,[],4,[],2019-05-13 04:29:36,6981979.05441242,0.00000083,0.00000000005853035500000001,7622752,2019-05-13 04:29:36,btc,6.446379750583103,0.0,0.00000083,btc,4691374.00273043,1.23134269,2.8988852259889493,12
1,[],5,[],2019-05-13 04:29:38,0.0,0,0,7622753,2019-05-13 04:29:38,btc,0.0,0.05620112,0,btc,0.0,0.0,0.0,12
0.0,[],25,[],2019-05-13 04:29:39,0.0,0,0,7622754,2019-05-13 04:29:39,,0.0,0.0,0.0,btc,0.0,0.0,0.0,12
1,[],4,[],2019-05-13 04:29:40,32135967.24679688,0.00000589,0.00000000041535396500000005,7622755,2019-05-13 04:29:40,btc,2.9627368074245375,0.0,0.00000589,btc,363306.7896126,0.51766738,0.9179799720005097,13
1,[],21,[],2019-05-13 04:29:44,2572118.90987537,0.000006039999999999999769030242791,0.00000000042593174,7622756,2019-05-13 04:29:44,btc,5.342758700221981,915584.61458001,0.00000603999999999999976903024279106801941452431492507457733154296875,btc,804089.04388,5.46481433,12.466335128306682,13
1,[],10,[],2019-05-12 21:06:24,696987.62307203,0.00000581,0.000000000415510865,7621313,2019-05-12 21:06:24,btc,666793.6476936387,20471.4248879,0.00000581,btc,738452.6838612,0.0,0.4730972016005682,13
1,[],4,[],2019-05-13 04:29:44,998358.14546872,0.00000080,0.00000000005641480000000001,7622757,2019-05-13 04:29:44,btc,7.178216238056134,0.0,0.00000080,btc,1219330.29606888,0.03346443,0.156017805681729,14
1,[],12,[],2019-05-13 04:29:46,246840.93939391,0.00000082,0.000000000057825170000000006,7622758,2019-05-13 04:29:46,btc,0.1182656003101747,0.0,0.00000082,btc,14230.23656591,0.00092782,0.023434989999986902,14
1,[],26,[],2019-05-13 04:31:46,0.0,0.00000050,0.00000000003525925,7622759,2019-05-13 04:31:46,btc,0.0,0.0,0.00000050,btc,0.0,0.0,0.0,14
0,[],17,[],2019-05-03 00:53:32,0.0,0,0,7558876,2019-05-03 00:53:32,btc,0.0,0.0,0,btc,0.0,0.0,0.0,14
0,[],4,[],2019-05-13 04:31:47,0.0,0,0,7622760,2019-05-13 04:31:47,,0.0,0.0,0,,0.0,0.0,0.0,15
,[],12,[],2018-12-01 15:15:48,204241.84496,0.00000489,0.000000000202473384,5260204,2018-12-01 15:15:48,btc,49.5475654835,0.0,,btc,35763.2193806,0.0163153972027625,0.0203389899998,15
1,[],4,[],2019-05-13 04:31:48,33486.9403734,0.00001126,0.0000000007940383100000001,7622761,2019-05-13 04:31:48,btc,1.1059495486559643,0.0,0.00001126,btc,13998.10686082,0.09627578,0.0645348744087226,18
1,[],10,[],2019-05-13 04:31:50,334110.8766408,0.00001498,0.0000000010563671300000002,7622762,2019-05-13 04:31:50,btc,15.410086081134732,1909.00341408,0.00001498,btc,10018.70135075,0.0,0.5009076251749479,18
0,[],2,[],2019-01-20 23:23:38,0.0,0,0,6476906,2019-01-20 23:23:38,,0.0,0.0,0,,0.0,0.0,0.0,18
1,[],12,[],2019-05-13 04:31:51,222405.95543918,0.000011029999999999999426756290554774153633843525312840938568115234375,0.000000000777819055,7622763,2019-05-13 04:31:51,btc,33215.124755902645,0.0,0.000011029999999999999426756290554774153633843525312840938568115234375,btc,1539.79252362,0.0058302991232155,0.0171359208595409,18
0,[],17,[],2019-05-03 00:53:39,0.0,0,0,7558882,2019-05-03 00:53:39,btc,0.0,0.0,0,btc,0.0,0.0,0.0,18
1,[],3,[],2019-05-13 04:33:52,163650.98823384946,0.000012809999999999999325032105923494185617528273724019527435302734375,0.0000000009033419850000001,7622764,2019-05-13 04:33:52,btc,0.25708617547571494,945.525562509,0.000012809999999999999325032105923494185617528273724019527435302734375,btc,7230.88629889726,0.0,0.10076447798984599,19
1,[],4,[],2019-05-13 04:33:53,454404.05909909,0.00001216,0.0000000008575049600000001,7622765,2019-05-13 04:33:53,btc,3.1666681441606994,0.0,0.00001216,btc,106968.66424352,0.21118358,1.0388154980310262,19
1,[],5,[],2019-05-13 04:34:00,0.0,0,0,7622766,2019-05-13 04:34:00,btc,0.0,0.01382444,0,btc,0.0,0.0,0.0,19
1,[],12,[],2019-05-13 04:34:01,205543.31957589,0.000010040000000000000435055637348913393225302570499479770660400390625,0.0000000007080057400000001,7622767,2019-05-13 04:34:01,btc,0.3003632833635719,0.0,0.000010040000000000000435055637348913393225302570499479770660400390625,btc,3065.34453584,0.0,0.0805455099998113,19
1,[],27,[],2019-05-13 04:34:10,100.0,0.0000001,0.000000000007051850000000001,7622768,2019-05-13 04:34:10,btc,0.0,0.0,0.0000001,btc,0.0,0.0,1e-05,19
0,[],2,[],2019-01-20 23:24:19,0.0,0,0,6476924,2019-01-20 23:24:19,,0.0,0.0,0,,0.0,0.0,0.0,19
1,[],4,[],2019-05-13 04:34:11,1835078.57391266,0.00000009,0.000000000006346665000000001,7622769,2019-05-13 04:34:11,btc,5.279309685630553,0.0,0.00000009,btc,2279170.28595418,0.0,0.0608465352282092,20
1,[],4,[],2019-05-13 04:34:12,73861044.25151692,0.00000001,0.0000000000007051850000000001,7622770,2019-05-13 04:34:12,btc,1774.0397226388775,0.0,0.00000001,btc,57725133.54345615,0.00096932,0.7386104425151692,21
1,[],12,[],2019-05-13 04:34:13,5138152.0,0.00000001,0.0000000000007051850000000001,7622771,2019-05-13 04:34:13,btc,2895.6605591858042,0.0,0.00000001,btc,7177934.54745251,0.000590985014985,0.05138152,21
0,[],17,[],2019-05-03 00:53:51,0.0,0,0,7558891,2019-05-03 00:53:51,btc,0.0,0.0,0,btc,0.0,0.0,0.0,21
1,[],12,[],2019-05-13 04:36:15,7486654546.0,0.0000000004,0.0000000000000282074,7622772,2019-05-13 04:36:15,btc,311118500152.2772,0.0,0.0000000004,btc,2746465321.1694274,0.04677092006863541,1.7297607018,23
0.0000000002696242,[],27,[],2019-05-13 04:36:25,57376281.0,5.3924840000000005e-18,3.8026988295400003e-22,7622773,2019-05-13 04:36:25,eth,192.2862088216391,1402350329.1426742,0.00000002,eth,11505821.992711,1.5124303425750716e-08,1.83539343068002e-10,23
1,[],4,[],2019-05-13 04:36:26,573417.11130351,0.00000030,0.00000000002115555,7622774,2019-05-13 04:36:26,btc,13.878631206641192,0.0,0.00000030,btc,2051389.06060774,0.00350394,0.0391332667147809,24
1,[],22,[],2019-05-13 04:36:30,21.76,0.00000100,0.0000000000705185,7622775,2019-05-13 04:36:30,BTC,7.415e-05,0.0,0.00000100,BTC,23.919354838709676,0.0,1.186e-05,24
0.0,[],25,[],2019-05-13 04:36:31,0.0,0,0,7622776,2019-05-13 04:36:31,,0.0,0.0,0.0,btc,0.0,0.0,0.0,24
1,[],4,[],2019-05-13 04:36:32,26948960.27167609,0.00000404,0.00000000028489474,7622777,2019-05-13 04:36:32,btc,11.000084707970641,0.0,0.00000404,btc,341097.36936613,0.07126403,0.4158820871163753,26
1,[],10,[],2019-05-13 04:36:34,161064.48723834,0.00000834,0.00000000058812429,7622778,2019-05-13 04:36:34,btc,25.25598080017649,3154.64064252,0.00000834,btc,18806.18788709,0.0,0.0867404178340164,26
0,[],2,[],2019-01-20 23:25:56,0.0,0,0,6476976,2019-01-20 23:25:56,,0.0,0.0,0,,0.0,0.0,0.0,26
1,[],11,[],2019-04-30 04:16:17,7094566.83690364,0.00000006,0.000000000003115554,7518027,2019-04-30 04:16:17,btc,67504.138725751,6116.07566417,0.00000006,btc,6591680.7351637,0.0,0.38529422037817224,27
1,[],5,[],2019-04-26 09:47:06,0.0,0,0,7465326,2019-04-26 09:47:06,btc,0.0,0.0,0,btc,0.0,0.0,0.0,27
1,[],3,[],2019-04-28 02:38:55,141621.60361514,0.00000001,0.0000000000005253330000000001,7491060,2019-04-28 02:38:55,btc,2.501704004580372,921815.184511,0.00000001,btc,21091882.2176418,0.0,0.0014162160361513999,27
1,[],4,[],2019-05-13 04:36:35,1349641700.091892,0.00000001,0.0000000000007051850000000001,7622779,2019-05-13 04:36:35,btc,4.2599037317241795,0.0,0.00000001,"btc,ltc",277421301.9054011,0.02987013,8.48340858649903,29
1,[],7,[],2019-05-13 04:36:36,113333441.7229273,0.00000001,0.0000000000007051850000000001,7622780,2019-05-13 04:36:36,btc,46550610.51838925,0.0,0.00000001,btc,41667026.64674773,0.0,1.133334417229273,29
1,[],4,[],2019-05-13 04:36:37,1571355.45440297,0.00000011,0.000000000007757035,7622781,2019-05-13 04:36:37,btc,2.5922645355582974,0.0,0.00000011,btc,2073402.92154881,0.00238917,0.0317562481954721,30
0,[],17,[],2019-05-03 01:11:25,0.0,0,0,7559066,2019-05-03 01:11:25,btc,0.0,0.0,0,btc,0.0,0.0,0.0,30
1,[],4,[],2019-05-13 04:38:38,207535.20287548,0.00004741,0.000000003343282085,7622782,2019-05-13 04:38:38,btc,6.757941202536479,0.0,0.00004741,btc,64995.95346951,0.67197602,0.8145876313686027,31
1,[],21,[],2019-05-13 04:38:39,71440.61138863,0.00004740000000000000018440110550,0.0000000033425769,7622783,2019-05-13 04:38:39,btc,5.275014473608193,165937.08524645,0.000047400000000000000184401105496334594135987572371959686279296875,btc,98505.80724354,7.84618397,2.9054502034670135,31
0,[],2,[],2019-01-20 23:28:43,0.0,0,0,6477009,2019-01-20 23:28:43,,0.0,0.0,0,,0.0,0.0,0.0,32
0,[],4,[],2019-05-13 04:38:40,0.0,0,0,7622784,2019-05-13 04:38:40,,0.0,0.0,0,,0.0,0.0,0.0,33
1,[],12,[],2019-03-30 07:55:10,40641173.964,0.00000003,0.000000000001228359,7108785,2019-03-30 07:55:10,btc,4233210.82356125,0.0,0.00000003,btc,28378394.68333462,0.0126927883965248,0.90752895892,33
0,[],4,[],2019-05-13 04:38:42,0.0,0,0,7622785,2019-05-13 04:38:42,,3.1252466606897387,0.0,0,,138700997.77961293,0.00054621,0.0,34
1,[],5,[],2019-05-13 04:38:44,0.0,0,0,7622786,2019-05-13 04:38:44,btc,0.0,0.00683157,0,btc,0.0,0.0,0.0,34
0.000000000133684,[],4,[],2019-05-02 18:17:45,3384239970.6360936,1.3368400000000002e-18,7.293946092400001e-23,7556428,2019-05-02 18:17:45,ltc,5.381102735485169e-08,0.0,0.00000001,ltc,6862894551.7408495,0.0,4.524187362345155e-09,36
1,[],5,[],2019-05-02 18:17:46,0.0,0,0,7556429,2019-05-02 18:17:46,btc,0.0,0.0,0,btc,0.0,0.0,0.0,36
0.0000000002926451,[],17,[],2019-05-02 18:17:47,200000.0,2.9264510000000002e-18,1.596703856561e-22,7556430,2019-05-02 18:17:47,eth,0.20942468735267253,0.0,0.00000001,"btc,eth",1018272.20243647,0.0,5.852902e-13,36
0.000000000133684,[],27,[],2019-05-02 18:17:55,7883196.008,1.3368400000000002e-18,7.293946092400001e-23,7556431,2019-05-02 18:17:55,ltc,25567.4086131264,0.0,0.00000001,"ltc,eth",21753551.64,0.0,1.0538571751334722e-11,36
1,[],4,[],2019-05-13 04:38:45,255731.67095555,0.00000021,0.000000000014808885,7622787,2019-05-13 04:38:45,btc,19772.6806679954,0.0,0.00000021,btc,825342.57367868,0.00188184,0.0178952530024793,37
1,[],12,[],2019-05-13 04:38:46,2080351.33733332,0.00000021,0.000000000014808885,7622788,2019-05-13 04:38:46,btc,19604.33650738286,0.0,0.00000021,btc,403207.58541121,0.0216815907162109,0.24033277083999718,37
1,[],27,[],2019-05-13 04:40:58,1600.0,0.00000015,0.000000000010577775,7622789,2019-05-13 04:40:58,btc,24.12760334291843,0.0,0.00000015,btc,5839.49448498,0.0,3e-05,37
1,[],17,[],2019-05-03 01:11:36,211752.74075282,0.00000025,0.000000000013700074999999998,7559074,2019-05-03 01:11:36,btc,0.055484923955058496,0.0,0.00000025,"btc,eth",1387.19918473,0.0,0.0005381851887916605,37
1,[],5,[],2019-05-13 04:41:00,0.0,0,0,7622790,2019-05-13 04:41:00,btc,0.0,0.00095519,0,btc,0.0,0.0,0.0,42
1,[],12,[],2019-05-13 04:41:01,348780.32467022,0.0000025600000000000000535617557251288900488361832685768604278564453125,0.00000000018052736000000002,7622791,2019-05-13 04:41:01,btc,2227607.7430668594,0.0,0.0000025600000000000000535617557251288900488361832685768604278564453125,btc,99798.66120629,0.0784527017632296,0.0756476198028001,42
1,[],27,[],2019-05-13 04:41:13,506.0,0.00000002,0.0000000000014103700000000002,7622792,2019-05-13 04:41:13,btc,1.22618465,0.0,0.00000002,"btc,eth",1336.4476,0.0,3.0000004194274056e-06,42
1,[],12,[],2019-03-13 09:13:29,1112112.0,0.00000001,0.000000000000386531,6919902,2019-03-13 09:13:29,btc,29058.00478931866,0.0,0.00000001,btc,5967681.93306694,9.99000999e-07,0.01112112,43
1,[],5,[],2019-04-26 22:38:52,0.0,0,0,7474154,2019-04-26 22:38:52,btc,0.0,0.02638891,0,btc,0.0,0.0,0.0,43
0,[],17,[],2019-04-26 22:38:53,0.0,0,0,7474155,2019-04-26 22:38:53,btc,0.0,0.0,0,btc,0.0,0.0,0.0,43
1,[],12,[],2019-03-05 01:54:08,639326.02,0.00000004,0.000000000001486676,6845775,2019-03-05 01:54:08,btc,11116042.728239931,0.0,0.00000004,btc,1103841.4595604,0.0003330765234764,0.014975410599999999,44
1,[],4,[],2019-05-13 04:41:14,123603890.53738153,0.00000001,0.0000000000007051850000000001,7622793,2019-05-13 04:41:14,btc,436.8455846219346,0.0,0.00000001,"btc,ltc",23990892.08342435,0.00342144,0.21871432478253605,49
1,[],4,[],2019-05-13 04:41:15,81201240.19813778,0.00000001,0.0000000000007051850000000001,7622794,2019-05-13 04:41:15,btc,21662.66778475946,0.0,0.00000001,"btc,ltc",121265573.47060773,0.00398646,0.011630168675076121,52
0,[],22,[],2019-05-13 04:41:17,0.0,0,0,7622795,2019-05-13 04:41:17,,10289.64343849,0.0,0,,311140042.4566013,0.0,0.0,57
0,[],27,[],2019-05-13 04:41:28,0.0,0,0,7622796,2019-05-13 04:41:28,,0.0,0.0,0,"btc,eth",0.0,0.0,0.0,57
0.0000000001225719,[],4,[],2019-05-13 04:41:28,817890876.5561304,1.225719e-18,8.64358653015e-23,7622797,2019-05-13 04:41:28,ltc,19.110662119786472,0.0,0.00000001,ltc,6159992955.671694,0.0,1.0025043873215037e-09,58
1,[],12,[],2019-05-13 04:41:30,1483368344.0,0.0000000001,0.00000000000000705185,7622798,2019-05-13 04:41:30,btc,118395962.55191636,0.0,0.0000000001,btc,4620608700.302707,0.00188460711178821,0.1483368344,58
0.00000000010592560000000001,[],22,[],2019-05-13 04:43:34,137323.0,1.0592560000000001e-18,7.469714423600001e-23,7622799,2019-05-13 04:43:34,XMR,69.17947824,0.0,0.00000001,XMR,9887848.044444444,0.0,0.00137323,58
1,[],17,[],2019-05-03 01:12:09,1200000.0,0.0000000001,0.00000000000000548003,7559085,2019-05-03 01:12:09,btc,1e+24,0.0,0.0000000001,"btc,eth",39516342.31952568,0.0,0.00010000000058666061,58
1,[],5,[],2019-05-13 04:43:35,0.0,0,0,7622800,2019-05-13 04:43:35,btc,0.0,0.01133365,0,btc,0.0,0.0,0.0,61
1,[],22,[],2019-05-13 04:43:38,13613.833333333334,0.00000012,0.000000000008462220000000001,7622801,2019-05-13 04:43:38,BTC,1002.33190883,0.0,0.00000012,BTC,15392.180177125656,0.0,0.00153269,61
1,[],26,[],2019-05-13 04:43:38,0.0,0.00000050,0.00000000003525925,7622802,2019-05-13 04:43:38,btc,0.0,0.0,0.00000050,btc,0.0,0.0,0.0,61
1,[],27,[],2019-05-13 04:43:44,101000.0,0.00000001,0.0000000000007051850000000001,7622803,2019-05-13 04:43:44,btc,1.9482732497246655,0.0,0.00000001,"btc,eth",13266.51663696,0.0,1.00000002696242e-05,61
1,[],28,[],2019-05-13 04:43:46,1039.304,0.00000008,0.000000000005641480000000001,7622804,2019-05-13 04:43:46,btc,2.056501795415105,772.0,0.00000008,btc,10022.46650005,0.0,2.439304e-05,61
1,[],4,[],2019-05-13 04:43:48,1197730.92737849,0.00000098,0.00000000006910813,7622805,2019-05-13 04:43:48,btc,2.1996401164520964,0.0,0.00000098,btc,736228.15068701,0.04998448,0.7739342499159662,67
0.0,[],25,[],2019-05-13 04:43:49,0.0,0,0,7622806,2019-05-13 04:43:49,,0.0,0.0,0.0,btc,0.0,0.0,0.0,67
1,[],12,[],2019-05-13 04:43:50,1451731.0,0.00000007,0.000000000004936295000000001,7622807,2019-05-13 04:43:50,btc,55556353.354420684,0.0,0.00000007,btc,1472121.64138299,0.0022469525574466,0.02157882,71
,[],5,[],2018-11-20 23:02:39,1.5e-07,0.00000005,0.000000000002128045,4862160,2018-11-20 23:02:39,btc,2.84511358,0.0,,btc,0.00036572,0.0,0.07381892,74
1,[],5,[],2019-05-13 04:43:52,0.0,0,0,7622808,2019-05-13 04:43:52,btc,0.0,0.00751734,0,btc,0.0,0.0,0.0,75
0,[],4,[],2019-05-13 04:43:53,0.0,0,0,7622809,2019-05-13 04:43:53,,133647.3434328639,0.0,0,,34200062.02546142,0.0,0.0,81
0,[],20,[],2019-01-25 09:30:31,0.0,0,0,6495923,2019-01-25 09:30:31,btc,0.0,0.0,0,btc,0.0,0.0,0.0,81
1,[],4,[],2019-05-13 04:43:55,31017.7339652,0.00006787,0.000000004786090595000001,7622810,2019-05-13 04:43:55,btc,18.699624125426425,0.0,0.00006787,btc,27541.88732089,0.64059669,0.2387121295517754,82
1,[],21,[],2019-05-13 04:43:56,259775.10746354001,0.00006647000000000000564243096690,0.0000000046873646950000006,7622811,2019-05-13 04:43:56,btc,3.7629584307355097,9034.75852741,0.000066470000000000005642430966901201827568002045154571533203125,btc,50343.86456486,0.59421047,1.5382808004991952,82
0,[],17,[],2019-03-25 22:42:34,0.0,0,0,7038780,2019-03-25 22:42:34,btc,0.0445064681804024,0.0,0,btc,995513.18476001,0.0,0.0,84
0.00000000013644,[],4,[],2019-05-01 19:17:39,299701867.376,1.3644e-18,7.259508504e-23,7542161,2019-05-01 19:17:39,ltc,1.6769037726995486,0.0,0.00000001,ltc,427823536.87452894,0.00010978,4.089132278478144e-10,85
,[],22,[],2018-11-20 23:09:34,3408.1,0.0000001,0.0000000000041895,4862324,2018-11-20 23:09:34,BTC,0.04624735,0.0,,BTC,4990.0,0.0,0.00033081,86
1,[],22,[],2019-05-13 04:44:00,85999.0,0.00000001,0.0000000000007051850000000001,7622812,2019-05-13 04:44:00,BTC,3.66445213,0.0,0.00000001,BTC,336978.29736842104,0.0,0.00085999,87
0,[],27,[],2019-05-13 04:44:05,0.0,0,0,7622813,2019-05-13 04:44:05,,4.961703020736,13416.0,0,btc,19948.62841,0.00040248,0.0,87
,[],2,[],2018-11-20 23:10:47,0.0,0,0,4862359,2018-11-20 23:10:47,,0.0,0.0,,,0.0,0.0,0.0,88
1,[],11,[],2019-05-13 04:44:08,76546.02609598,0.0001399999999999999877355050248439738425076939165592193603515625,0.00000000987259,7622814,2019-05-13 04:44:08,btc,176.94676212190183,1121.66893569,0.0001399999999999999877355050248439738425076939165592193603515625,btc,191742.77553837,0.0,4.263511038185634,89
0,[],2,[],2019-01-20 23:31:45,0.0,0,0,6477083,2019-01-20 23:31:45,,0.0,0.0,0,,0.0,0.0,0.0,91
1,[],12,[],2019-05-13 04:44:09,532457.56414118,0.00000049,0.000000000034554065,7622815,2019-05-13 04:44:09,btc,89.8678434074563,0.0,0.00000049,btc,184972.53152962,0.0103243080641319,0.0646298905999784,91
1,[],22,[],2019-05-13 04:46:13,76014.0,0.0000008,0.00000000005641480000000001,7622816,2019-05-13 04:46:13,BTC,0.495,0.0,0.0000008,"BTC,LTC",4.95,0.0,0.0017135,91
0,[],17,[],2019-05-03 01:12:26,0.0,0,0,7559096,2019-05-03 01:12:26,btc,0.0,0.0,0,btc,0.0,0.0,0.0,91
1,[],22,[],2019-04-09 20:17:52,374949.73333333334,0.00000015,0.000000000007771935,7235704,2019-04-09 20:17:52,BTC,6.87372503,0.0,0.00000015,"BTC,LTC",159980.01196797504,1.1e-05,0.80510266,95
0.0000000001225719,[],4,[],2019-05-13 04:46:14,548460050.5064386,8.0897454e-17,5.704767109899e-21,7622817,2019-05-13 04:46:14,ltc,11.29383811144588,0.0,0.00000066,ltc,134241480.76241755,0.06450335,1.4346109616134512e-09,96
0,[],12,[],2019-05-13 04:46:15,0.0,0,0,7622818,2019-05-13 04:46:15,btc,25054.270923706474,0.0,0,btc,7550278.46658341,0.0,0.0,96
0,[],17,[],2019-05-03 01:12:32,0.0,0,0,7559100,2019-05-03 01:12:32,btc,0.0,0.0,0,btc,0.0,0.0,0.0,96
1,[],4,[],2019-04-14 03:32:46,1039404.33283278,0.00000038,0.000000000019245518,7293458,2019-04-14 03:32:46,btc,4.170086055365747,0.0,0.00000038,btc,3097704.34561074,0.06260606,0.1859928211030784,99
0,[],2,[],2019-01-20 23:23:55,0.0,0,0,6476914,2019-01-20 23:23:55,,0.0,0.0,0,,0.0,0.0,0.0,100
1,[],4,[],2019-05-13 04:48:16,391733.22514182,0.00003358,0.0000000023680112300000003,7622819,2019-05-13 04:48:16,btc,6.9425487046342615,0.0,0.00003358,btc,119624.97057821,0.35964683,0.647124017906757,100
1,[],22,[],2019-05-13 04:48:20,130000.0,0.00000001,0.0000000000007051850000000001,7622820,2019-05-13 04:48:20,BTC,24.83526409,0.0,0.00000001,BTC,11187.719,0.0,0.0013,101
1,[],4,[],2019-05-13 04:48:20,619511.28669239,0.00000372,0.00000000026232882000000003,7622821,2019-05-13 04:48:20,btc,256.100740886972,0.0,0.00000372,btc,482757.75459088,2.5191222,0.3886169844035684,103
1,[],12,[],2019-05-13 04:48:25,96273124.76392001,0.000000006,0.000000000000423111,7622822,2019-05-13 04:48:25,btc,468525187.1313552,0.0,0.000000006,btc,83662216.37041658,0.01081228955424582,0.26893514496776005,105
0,[],27,[],2019-05-13 04:48:34,0.0,0,0,7622823,2019-05-13 04:48:34,,0.0584885651331397,0.0,0,btc,600596.63747933,0.0,0.0,105
1,[],22,[],2019-04-21 00:17:26,21333.0,0.00000001,0.000000000000532493,7385819,2019-04-21 00:17:26,BTC,51.38182867,0.0,0.00000001,BTC,470435.0,0.0,0.00021333,107
1,[],26,[],2019-04-21 00:17:26,0.0,0.00000000,0,7385820,2019-04-21 00:17:26,btc,0.0,0.0,0.00000000,btc,0.0,0.0,0.0,107
1,[],5,[],2019-05-13 04:48:36,0.0,0,0,7622824,2019-05-13 04:48:36,btc,0.0,0.0,0,btc,0.0,0.0,0.0,112
1,[],22,[],2019-05-13 04:48:39,79003.0,0.00000001,0.0000000000007051850000000001,7622825,2019-05-13 04:48:39,BTC,2.79232726,0.0,0.00000001,BTC,1380942.0833333333,0.0,0.00079003,112
1,[],27,[],2019-05-13 04:48:50,1.0,0.00000001,0.0000000000007051850000000001,7622826,2019-05-13 04:48:50,btc,1.25032588,0.0,0.00000001,"btc,eth",1819.0,0.0,1e-08,112
1,[],4,[],2019-05-13 04:48:51,358190.54985837,0.00000153,0.000000000107893305,7622827,2019-05-13 04:48:51,btc,4.683113536706295,0.0,0.00000153,btc,515740.67178795,0.01878971,0.1986782531634456,113
1,[],5,[],2019-05-13 04:48:52,0.0,0,0,7622828,2019-05-13 04:48:52,btc,0.0,0.0,0,btc,0.0,0.0,0.0,113
1,[],17,[],2019-04-26 02:17:47,162738.278,0.00000004,0.0000000000021069000000000002,7461287,2019-04-26 02:17:47,btc,1.3331140273775473,0.0,0.00000004,btc,51796.221,0.0,0.00230953112,116
0,[],27,[],2019-04-26 02:19:51,0.0,0,0,7461288,2019-04-26 02:19:51,,0.0,0.0,0,,0.0,0.0,0.0,116
1,[],4,[],2019-05-07 20:09:28,131822.85721655,0.00001022,0.00000000060230548,7572994,2019-05-07 20:09:28,btc,132.18460413545117,0.0,0.00001022,btc,268070.13193351,0.06918336,1.0489745103085106,120
1,[],7,[],2019-05-07 20:09:30,9501.79941055,0.000011699999999999999788190263583231853772304020822048187255859375,0.0000000006895277999999999,7572995,2019-05-07 20:09:30,btc,231185.88817567716,62.23644451,0.000011699999999999999788190263583231853772304020822048187255859375,btc,4076.97424313,0.00072692,0.018013380795019,120
1,[],20,[],2019-04-07 18:42:29,1914137.0852,0.000000035,0.0000000000017871910000000002,7211992,2019-04-07 18:42:29,btc,32.2497668025648,25528.85,0.000000035,btc,1001975.4986,0.00089350975,0.0152723574729,125
1,[],22,[],2019-05-13 04:48:55,10000.0,0.00000001,0.0000000000007051850000000001,7622829,2019-05-13 04:48:55,BTC,0.032061,0.0,0.00000001,BTC,299316.7611111111,0.0,0.0001,126
0,[],2,[],2019-01-20 23:25:46,0.0,0,0,6476969,2019-01-20 23:25:46,,0.0,0.0,0,,0.0,0.0,0.0,131
1,[],4,[],2019-05-13 04:48:57,1885808.38760509,0.00000629,0.00000000044356136500000005,7622830,2019-05-13 04:48:57,btc,3.337927472367954,0.0,0.00000629,btc,166963.17453749,0.05369349,0.4422535937214004,131
1,[],17,[],2019-05-03 01:13:10,10000.0,0.00000001,0.000000000000548003,7559115,2019-05-03 01:13:10,btc,0.0953976503951408,0.0,0.00000001,btc,5037.62507334,0.0,0.0001,131
1,[],4,[],2019-05-13 04:50:57,4702.74990945,0.00025006,0.00000001763385611,7622831,2019-05-13 04:50:57,btc,5.026798700606594,0.0,0.00025006,btc,179.49429964,0.00531025,0.008072418500532,135
1,[],3,[],2019-05-13 04:50:58,42105.0,0.00000001,0.0000000000007051850000000001,7622832,2019-05-13 04:50:58,btc,0.2023582479486088,870247.391393,0.00000001,btc,1639846.41412391,0.0,0.00042105,136
1,[],4,[],2019-05-13 04:50:59,2500997.15443284,0.00000182,0.00000000012834367,7622833,2019-05-13 04:50:59,btc,318.7290370786064,0.0,0.00000182,btc,524467.55971041,0.02450325,0.5770848010341924,137
1,[],12,[],2019-05-13 04:51:00,324663.85012123,0.0000018500000000000000751026844880708921436962555162608623504638671875,0.00000000013045922500000002,7622834,2019-05-13 04:51:00,btc,48531.231488547,0.0,0.0000018500000000000000751026844880708921436962555162608623504638671875,btc,39762.62189996,0.001129912297723,0.0241657857271272,137
1,[],4,[],2019-05-13 04:51:01,52945.44438025,0.00003023,0.000000002131774255,7622835,2019-05-13 04:51:01,btc,4.951197612406052,0.0,0.00003023,btc,73709.93033836,0.4062806,0.3700572887121558,142
1,[],5,[],2019-05-13 04:51:02,0.0,0,0,7622836,2019-05-13 04:51:02,btc,0.0,0.05103295,0,btc,0.0,0.0,0.0,142
1,[],20,[],2019-05-13 04:53:04,162681.7287,0.00002857,0.0000000020147135450000003,7622837,2019-05-13 04:53:04,btc,1.7318926329127,0.0,0.00002857,btc,8790.6601,0.0,0.046681154841,142
1,[],22,[],2019-05-13 04:53:07,1370.0,0.00000200,0.000000000141037,7622838,2019-05-13 04:53:07,BTC,3.2756588,0.0,0.00000200,BTC,1135.5948275773155,0.0,0.0003632,142
0.0,[],25,[],2019-05-13 04:53:09,0.0,0,0,7622839,2019-05-13 04:53:09,,0.0,0.0,0.0,btc,0.0,0.0,0.0,142
1,[],28,[],2019-05-13 04:53:47,79102.0,0.00003311,0.000000002334867535,7622840,2019-05-13 04:53:47,btc,0.0555251924,243199.0,0.00003311,btc,438.37303,0.0,0.07347342,142
1,[],17,[],2019-05-03 01:13:16,32967.38636364,0.00000088,0.000000000048224264,7559122,2019-05-03 01:13:16,btc,20.06976206696776,0.0,0.00000088,btc,2746.079105,0.0,0.0105613000000032,142
0,[],22,[],2019-05-13 04:53:50,0.0,0,0,7622841,2019-05-13 04:53:50,,64.21505383,0.0,0,,691775795.8,0.0,0.0,143
0,[],22,[],2019-02-25 15:42:22,0.0,0,0,6783783,2019-02-25 15:42:22,,4.2131946,0.0,0,,2322156.0,0.0,0.0,146
,[],22,[],2018-11-20 23:01:11,0.0,0,0,4862114,2018-11-20 23:01:11,,2.56807021,0.0,,,61828.4988236,0.0,0.0,147
1,[],12,[],2019-04-21 06:38:04,193091.5971266,0.00000071,0.000000000037635183,7388679,2019-04-21 06:38:04,btc,2.301232411611175,0.0,0.00000071,btc,9957.48302385,0.00023528,0.0313308199999888,148
1,[],4,[],2019-03-19 21:31:25,255810.0415942,0.00000029,0.000000000011615747,6982695,2019-03-19 21:31:25,btc,218.94922712414143,0.0,0.00000029,btc,793529.37642722,0.00117,0.0608347789473395,152
0,[],22,[],2019-03-19 21:31:27,0.0,0,0,6982696,2019-03-19 21:31:27,,0.0,0.0,0,,0.0,0.0,0.0,152
1,[],5,[],2019-04-26 09:36:59,0.0,0,0,7465040,2019-04-26 09:36:59,btc,0.0,0.0,0,btc,0.0,0.0,0.0,153
,[],16,[],2019-01-11 15:38:59,0.0,0,0,6366141,2019-01-11 15:38:59,btc,0.0,0.0,,btc,0.0,0.0,0.0,155
0,[],22,[],2019-05-11 16:24:45,0.0,0,0,7616280,2019-05-11 16:24:45,,6.80191271,0.0,0,,4673448.342592592,0.0,0.0,156
0,[],23,[],2019-01-20 23:24:29,0.0,0,0,6476932,2019-01-20 23:24:29,,0.0,0.0,0,,0.0,0.0,0.0,156
1,[],22,[],2019-05-13 04:53:53,7066.0,0.00000800,0.000000000564148,7622842,2019-05-13 04:53:53,BTC,1.79802465,0.0,0.00000800,BTC,802.6461988741639,0.0,0.00062996,157
0,[],22,[],2019-05-07 22:25:46,0.0,0,0,7574238,2019-05-07 22:25:46,,50234.60468402,0.0,0,,54786159.03179465,0.0,0.0,158
,[],17,[],2018-11-20 22:56:10,0.0,0,0,4861976,2018-11-20 22:56:10,btc,1.1265625,0.0,,btc,1000.0,0.0,0.0,159
,[],20,[],2018-11-20 22:56:12,0.0,0,0,4861977,2018-11-20 22:56:12,btc,11912.7940471,0.0,,btc,34413894.3617,0.0,0.0,159
1,[],12,[],2019-05-13 04:53:54,262838.29892908,0.00000199000000000000000523994909962244292955801938660442829132080078125,0.00000000014033181500000002,7622843,2019-05-13 04:53:54,btc,23.178095793317723,0.0,0.00000199000000000000000523994909962244292955801938660442829132080078125,btc,13846.91716398,0.003312323502304,0.0370829208999455,168
1,[],17,[],2019-05-03 01:13:36,42852.0,0.00000002,0.000000000001096006,7559132,2019-05-03 01:13:36,btc,0.04279856251542,0.0,0.00000002,btc,274.46171372,0.0,0.00052852,168
1,[],22,[],2019-05-07 03:57:18,743122.0,0.00000001,0.000000000000593596,7562020,2019-05-07 03:57:18,BTC,41.40912107,0.0,0.00000001,BTC,1593401.2737547632,0.00342649,0.00743122,169
1,[],22,[],2019-05-13 04:55:57,255790.0,0.00000003,0.0000000000021155550000000003,7622844,2019-05-13 04:55:57,BTC,27.85883722,0.0,0.00000003,BTC,434087.7415880516,0.00012595,0.0037957,171
1,[],22,[],2019-05-13 04:56:01,214985.2,0.00000014,0.000000000009872590000000001,7622845,2019-05-13 04:56:01,BTC,10823.68667017,0.0,0.00000014,"BTC,LTC",705745.1427935044,0.00124446,0.0130528,173
1,[],5,[],2019-05-06 19:49:32,0.0,0,0,7559281,2019-05-06 19:49:32,btc,0.0,0.00023336,0,btc,0.0,0.0,0.0,175
1,[],22,[],2019-05-13 04:56:05,90671.0,0.00000001,0.0000000000007051850000000001,7622846,2019-05-13 04:56:05,BTC,394.35459412,0.0,0.00000001,BTC,136275.61833431243,0.0,0.00090671,176
1,[],7,[],2019-05-13 04:56:08,0.0,0,0,7622847,2019-05-13 04:56:08,btc,520274.28701410955,6470.52947052,0,btc,27450861.7072692,6.471e-05,0.0,178
0,[],22,[],2019-05-13 04:56:10,0.0,0,0,7622848,2019-05-13 04:56:10,,1.00242428,0.0,0,,57512.0,0.0,0.0,178
0,[],2,[],2019-01-20 23:28:34,0.0,0,0,6477001,2019-01-20 23:28:34,,0.0,0.0,0,,0.0,0.0,0.0,178
0,[],23,[],2019-01-20 23:25:08,0.0,0,0,6476952,2019-01-20 23:25:08,,0.0,0.0,0,,0.0,0.0,0.0,179
1,[],5,[],2019-05-13 04:56:12,0.0,0,0,7622849,2019-05-13 04:56:12,btc,0.0,0.01076317,0,btc,0.0,0.0,0.0,179
1,[],22,[],2019-05-13 04:56:15,2000776.0,0.00000001,0.0000000000007051850000000001,7622850,2019-05-13 04:56:15,BTC,5.33711194,0.0,0.00000001,BTC,14248283.911946677,1.927e-05,0.02000776,179
1,[],22,[],2019-05-13 04:58:21,654757.982953083,0.00000021,0.000000000014808885,7622851,2019-05-13 04:58:21,BTC,40.27180557,0.0,0.00000021,"BTC,LTC",46980.31533190082,0.00486024,0.55347942,180
1,[],26,[],2019-05-13 04:58:21,0.0,0.00000250,0.00000000017629625000000002,7622852,2019-05-13 04:58:21,btc,0.0,0.0,0.00000250,btc,0.0,0.0,0.0,180
1,[],17,[],2019-05-03 01:13:56,20504.725000000002,0.0000001,0.00000000000548003,7559141,2019-05-03 01:13:56,btc,5.2010695838400265,0.0,0.0000001,btc,5033.45945,0.0,0.0011504725,180
,[],7,[],2018-11-20 22:58:01,562227.975654,0.00000085,0.000000000036176765,4862015,2018-11-20 22:58:01,btc,21836.6059674,2491.87645172,,btc,749999.041456,0.00211021,0.127565380455,183
,[],5,[],2019-01-10 08:11:41,0.0,0,0,6347036,2019-01-10 08:11:41,btc,82.15055501,0.00261,,btc,1.19002445,0.0,0.0,187
1,[],24,[],2019-04-30 17:34:05,0.0,0.000000000014,7.396256000000001e-16,7526291,2019-04-30 17:34:05,btc,0.0,0.0,0.000000000014,btc,0.0,0.0,0.0,187
,[],17,[],2018-11-16 20:58:10,4062536.27273,0.00000001,0.000000000000550501,4708775,2018-11-16 20:58:10,btc,3.36492563466,0.195460381006,,"btc,eth",110697919.549,0.0,0.0157628953496,187
0,[],22,[],2019-04-25 02:54:07,0.0,0,0,7447896,2019-04-25 02:54:07,,7.54794454,0.0,0,,76361.7243344055,0.0,0.0,191
0,[],22,[],2019-05-13 04:58:26,0.0,0,0,7622853,2019-05-13 04:58:26,,0.0,0.0,0,,0.0,0.0,0.0,197
0,[],23,[],2019-01-20 23:31:41,0.0,0,0,6477079,2019-01-20 23:31:41,,0.0,0.0,0,,0.0,0.0,0.0,199
0.0000000001225719,[],22,[],2019-05-13 04:58:29,53056789.0,2.451438e-18,1.72871730603e-22,7622854,2019-05-13 04:58:29,LTC,7.64571369,0.0,0.00000002,LTC,35310436.0,2.168127761778e-12,0.60713197,199
1,[],26,[],2019-05-13 04:58:29,0.0,0.00000000,0,7622855,2019-05-13 04:58:29,btc,0.0,0.0,0.00000000,btc,0.0,0.0,0.0,199
0,[],2,[],2019-01-20 23:30:49,0.0,0,0,6477059,2019-01-20 23:30:49,,0.0,0.0,0,,0.0,0.0,0.0,201
1,[],4,[],2019-01-25 15:51:35,2084389.58565343,0.00000936,0.000000000333526752,6499557,2019-01-25 15:51:35,btc,2.0092503037378524,0.0,0.00000936,btc,160195.80207885,0.19272417,1.242687955921835,211
1,[],7,[],2019-05-13 04:58:33,13729868.4123096,0.00000083,0.00000000005853035500000001,7622856,2019-05-13 04:58:33,btc,15200781.583835708,193413.570223,0.00000083,btc,13385987.78138788,0.16412288,1.0991983447740514,212
1,[],5,[],2019-05-07 13:02:51,0.0,0,0,7566706,2019-05-07 13:02:51,btc,0.0,0.43032184,0,btc,0.0,0.0,0.0,213
1,[],24,[],2019-05-07 13:02:52,0.0,0.000000050000,0.000000000002968865,7566707,2019-05-07 13:02:52,btc,0.0,0.0,0.000000050000,btc,0.0,0.0,0.0,213
1,[],26,[],2019-05-07 13:02:52,0.0,0.00000040,0.00000000002375092,7566708,2019-05-07 13:02:52,btc,0.0,0.0,0.00000040,btc,0.0,0.0,0.0,213
1,[],12,[],2019-01-25 02:44:32,207462.42853209,0.000001080000000000000035831255497387193287295303889550268650054931640625,0.000000000038610756000000006,6493050,2019-01-25 02:44:32,btc,85023.03793723314,0.0,0.000001080000000000000035831255497387193287295303889550268650054931640625,btc,43675.73520027,0.000146250909087,0.0348620860622024,213
0,[],22,[],2019-05-13 04:58:36,0.0,0,0,7622857,2019-05-13 04:58:36,,9.58164616,0.0,0,,2460817.094064925,0.0,0.0,216
0,[],27,[],2019-05-13 04:58:44,0.0,0,0,7622858,2019-05-13 04:58:44,,60.55527910867708,0.0,0,"btc,ltc",229430.447308,0.0,0.0,216
1,[],22,[],2019-05-13 04:58:46,1079939.970929408,0.00000073,0.000000000051478505,7622859,2019-05-13 04:58:46,BTC,12055.63046051,0.0,0.00000073,BTC,779732.2881914536,0.0156116,0.15715326,217
1,[],7,[],2019-05-13 04:58:48,0.0,0,0,7622860,2019-05-13 04:58:48,btc,111302.56865462937,0.0,0,btc,137781098.61523312,0.0,0.0,219
0,[],27,[],2019-05-13 04:58:55,0.0,0,0,7622861,2019-05-13 04:58:55,,0.06997067,0.0,0,btc,1753528.0,0.0,0.0,219
0.0000000000000038,[],28,[],2019-05-13 04:59:39,472553134.161,2.4700000000000003e-18,1.7418069500000002e-22,7622862,2019-05-13 04:59:39,doge,3653032.673251157,625457.623,0.00065000,"btc,doge",46211323.3823,0.0,2.014348048961505e-11,219
1,[],22,[],2019-05-13 04:59:43,373170.0,0.00000004,0.0000000000028207400000000004,7622863,2019-05-13 04:59:43,BTC,56.7649867,0.0,0.00000004,BTC,131552.84827387411,0.0,0.0119808,221
1,[],24,[],2019-05-13 04:59:43,0.0,0.000000010000,0.0000000000007051850000000001,7622864,2019-05-13 04:59:43,btc,0.0,0.0,0.000000010000,btc,0.0,0.0,0.0,221
1,[],20,[],2019-05-13 04:59:45,7919428.5971,0.000000009,0.0000000000006346665000000001,7622865,2019-05-13 04:59:45,btc,100049.98908601116,7915937.9222,0.000000009,btc,28431133.3666,0.0870250170247,0.0251742442985,224
0,[],22,[],2019-05-13 04:59:47,0.0,0,0,7622866,2019-05-13 04:59:47,,0.0,0.0,0,,0.0,0.0,0.0,224
1,[],26,[],2019-05-13 04:59:48,0.0,0.00000026,0.00000000001833481,7622867,2019-05-13 04:59:48,btc,0.0,0.0,0.00000026,btc,0.0,0.0,0.0,231
1,[],26,[],2019-05-13 04:59:48,0.0,0.00000005,0.0000000000035259250000000004,7622868,2019-05-13 04:59:48,btc,0.0,0.0,0.00000005,btc,0.0,0.0,0.0,234
0,[],27,[],2019-05-13 04:59:54,0.0,0,0,7622869,2019-05-13 04:59:54,,0.01134836604,0.0,0,"btc,eth",11462.996,0.0,0.0,234
1,[],4,[],2019-04-29 21:02:20,217188.93193785,0.00000080,0.00000000004151584,7514327,2019-04-29 21:02:20,btc,5.239800103892936,0.0,0.00000080,btc,797346.30008933,0.0,0.0590549781555679,236
1,[],24,[],2019-04-29 21:02:20,0.0,0.000000100000,0.00000000000518948,7514328,2019-04-29 21:02:20,btc,0.0,0.0,0.000000100000,btc,0.0,0.0,0.0,236
1,[],5,[],2019-05-06 20:53:15,0.0,0,0,7559637,2019-05-06 20:53:15,btc,0.0,0.20253514,0,btc,0.0,0.0,0.0,237
1,[],20,[],2019-05-06 20:53:18,38173217.6136,0.000000083,0.0000000000047460728,7559638,2019-05-06 20:53:18,btc,21342.514614200165,8832375.7238,0.000000083,btc,27701499.3386,0.7554403456107,1.3621107610479,237
1,[],22,[],2019-05-06 20:53:20,343938.0,0.00000009,0.000000000005146344,7559639,2019-05-06 20:53:20,BTC,1.20267422,0.0,0.00000009,BTC,17930.94871794872,0.0,0.01017442,237
1,[],4,[],2019-05-13 04:59:55,8642633.45404471,0.00000014,0.000000000009872590000000001,7622870,2019-05-13 04:59:55,btc,2.718528173856876,0.0,0.00000014,btc,8101694.49482286,0.10385129,0.7391789565872635,238
1,[],5,[],2019-05-13 04:59:57,0.0,0,0,7622871,2019-05-13 04:59:57,btc,0.0,0.00267112,0,btc,0.0,0.0,0.0,238
0,[],22,[],2019-03-12 16:49:32,0.0,0,0,6914458,2019-03-12 16:49:32,,0.40415746,0.0,0,,526736.5639027493,0.0,0.0,249
0,[],22,[],2019-05-13 05:00:00,0.0,0,0,7622872,2019-05-13 05:00:00,,4.50924384,0.0,0,,38675894.69978836,0.0,0.0,252
1,[],28,[],2019-05-13 05:00:46,46170154.152,0.00000025,0.000000000017629625,7622873,2019-05-13 05:00:46,btc,43893.02322814165,177288.2586,0.00000025,btc,2892520.9582,0.0,0.62709171804,256
1,[],22,[],2019-05-13 05:00:50,1088993.5,0.00000002,0.0000000000014103700000000002,7622874,2019-05-13 05:00:50,BTC,21.86085896,0.0,0.00000002,BTC,501508.63333384093,0.0,0.01124633,258
1,[],22,[],2019-03-13 00:07:30,47146.0,0.00000001,0.000000000000387233,6917028,2019-03-13 00:07:30,BTC,2.415167,0.0,0.00000001,BTC,157.0,0.0,0.00047146,259
1,[],5,[],2019-05-13 05:00:54,0.0,0,0,7622875,2019-05-13 05:00:54,btc,0.0,0.23095221,0,btc,0.0,0.0,0.0,264
1,[],20,[],2019-05-13 05:00:56,1274581.5666,0.00000081,0.000000000057119985,7622876,2019-05-13 05:00:56,btc,5.0401993970008,49369.6075,0.00000081,btc,89032.8336,0.0563942869131,0.0221985278548,264
0,[],22,[],2019-04-12 17:57:27,0.0,0,0,7278186,2019-04-12 17:57:27,,66.37522201,0.0,0,,677842.4169881374,0.0,0.0,271
0,[],22,[],2019-05-13 05:00:59,0.0,0,0,7622877,2019-05-13 05:00:59,,33050467.4724609,0.0,0,,14361462970.7,0.0,0.0,272
0.0000000000000038,[],28,[],2019-05-13 05:01:28,311251238682.584,2.242e-21,1.5810247700000002e-25,7622878,2019-05-13 05:01:28,doge,25726184.195342295,35675709091.24,0.00000059,doge,364189047387.476,0.0,2.390643615472773e-10,272
1,[],22,[],2019-05-13 05:01:31,127364.9,0.0000001,0.000000000007051850000000001,7622879,2019-05-13 05:01:31,BTC,427.36546797,0.0,0.0000001,BTC,252462.95264460208,1.3e-05,0.0039223,281
1,[],22,[],2019-05-13 05:01:38,644964.9333333333,0.00000006,0.0000000000042311100000000005,7622880,2019-05-13 05:01:38,BTC,1.49487672,0.0,0.00000006,"BTC,LTC",464902.2802838498,0.00608223,0.02507511,286
0,[],22,[],2019-05-13 05:01:40,0.0,0,0,7622881,2019-05-13 05:01:40,,7337893.19360497,0.0,0,,1388519263.7797825,0.0,0.0,294
