pairValue,buyBook,exchangeId,sellBook,updated,buyTotal,satoshiPrice,usdPrice,exchangeLogId,created,bestPair,sellTotalBtc,volume,pairPrice,activePairs,sellTotal,volumeBtc,buyTotalBtc,coinId
1,[],3,[],2019-02-03 13:34:24,118.407018978753,0.012345609999999999917275061989130335859954357147216796875,0.000000428333408072,6572365,2019-02-03 13:34:24,btc,106.9622545520586,19.6217624066,0.012345609999999999917275061989130335859954357147216796875,btc,13.756554687064002,0.0,0.05964861652138146,1
1,[],4,[],2019-02-03 13:34:24,25060.51808299,0.01230001,0.00000042675130695200003,6572366,2019-02-03 13:34:24,btc,0.8971452420421479,0.0,0.01230001,btc,69.02503708,0.54111205,0.9266296516960216,1
1,[],5,[],2019-02-03 13:34:26,0.18526425,0.01230006,0.000000426753041712,6572367,2019-02-03 13:34:26,btc,14578.4699513,0.46569199,0.01230006,btc,35555556.30276432,0.0,1.08326945,1
1,[],10,[],2019-02-03 13:34:29,272753.59544207,0.01225,0.0000004250162,6572368,2019-02-03 13:34:29,btc,6536.929679377072,886.72231617,0.01225,btc,970.03947093,0.0,4.907268262820569,1
1,[],12,[],2019-02-03 13:34:31,10432.50528808,0.01230000000000000016930901125533637241460382938385009765625,0.00000042675096,6572369,2019-02-03 13:34:31,btc,0.5558868496968,0.0,0.01230000000000000016930901125533637241460382938385009765625,btc,38.3350978,0.0588352449876,0.3022427339416,1
1,[],20,[],2019-02-03 13:34:33,1150.7013,0.012000001,0.0000004163424346952,6572370,2019-02-03 13:34:33,btc,0.0571053524203,0.0,0.012000001,btc,2.5234,0.0,0.1001256353249,1
1,[],21,[],2019-02-03 13:34:34,2232.39484589,0.01228216000000000029945823599,0.00000042613199763200004,6572371,2019-02-03 13:34:34,btc,16.819023632774595,11810.561327000001,0.01228216000000000029945823598609422333538532257080078125,"btc,eth",2103.31027023,134.58614348853243,19.87493433238312,1
1,[],22,[],2019-02-03 13:34:38,0.0263776,0.01350000,0.00000046838520000000003,6572372,2019-02-03 13:34:38,BTC,0.31397231,0.0,0.01350000,BTC,0.10124366666666666,0.0,0.00034472,1
1,[],24,[],2019-02-03 13:34:38,0.0,0.000000000000,0,6572373,2019-02-03 13:34:38,btc,0.0,0.0,0.000000000000,btc,0.0,0.0,0.0,1
0.0,[],25,[],2019-02-03 13:34:39,0.0,0,0,6572374,2019-02-03 13:34:39,btc,15.22969999816984,1271.96160173,0.0,btc,1176.14636588,15.6795,0.0,1
1,[],26,[],2019-02-03 13:34:57,0.0,0,0,6572375,2019-02-03 13:34:57,,0.0,0.0,0,,0.0,0.0,0.0,1
1,[],28,[],2019-02-03 13:35:02,987.9,0.01131000,0.000000392402712,6572376,2019-02-03 13:35:02,btc,0.162839806,17449.7,0.01131000,btc,8.9,0.0,0.024551096,1
0,[],2,[],2019-01-20 23:28:45,0.0,0,0,6477011,2019-01-20 23:28:45,,0.0,0.0,0,,0.0,0.0,0.0,1
1,[],5,[],2019-02-03 13:35:03,1.933e-05,0.00000069,0.000000000023939688,6572377,2019-02-03 13:35:03,btc,0.14860458,0.00569285,0.00000069,btc,7.154e-05,0.0,0.4749709,2
0,[],22,[],2019-02-03 13:35:23,0.0,0,0,6572378,2019-02-03 13:35:23,,0.0,0.0,0,,0.0,0.0,0.0,2
1,[],5,[],2019-02-03 13:35:24,1.25e-06,0.00000016,0.000000000005551232,6572379,2019-02-03 13:35:24,btc,3.85341764,0.01698213,0.00000016,btc,2.204e-05,0.0,2.94648987,3
1,[],12,[],2019-02-03 13:35:25,12544897.24944546,0.000000168,0.0000000000058287936,6572380,2019-02-03 13:35:25,btc,921349.4204358961,0.0,0.000000168,btc,8319004.64506466,0.04489391460178479,0.5555265387330808,3
0,[],28,[],2019-02-03 13:35:29,0.0,0,0,6572381,2019-02-03 13:35:29,,0.0,0.0,0,,0.0,0.0,0.0,3
0,[],2,[],2019-01-20 23:31:32,0.0,0,0,6477077,2019-01-20 23:31:32,,0.0,0.0,0,,0.0,0.0,0.0,4
1,[],4,[],2019-02-03 13:35:30,571949.14486676,0.00000034,0.000000000011796368,6572382,2019-02-03 13:35:30,btc,0.36461191233612,0.0,0.00000034,btc,350376.5095686,0.01724415,0.0845342295998981,4
1,[],12,[],2019-02-03 13:35:31,1525849.8553333299,0.00000006,0.000000000002081712,6572383,2019-02-03 13:35:31,btc,11014980.03396417,0.0,0.00000006,btc,848022.9670764899,0.00551966261384,0.0320018004399998,5
0,[],2,[],2019-01-20 23:31:51,0.0,0,0,6477087,2019-01-20 23:31:51,,0.0,0.0,0,,0.0,0.0,0.0,6
1,[],11,[],2019-02-03 13:35:33,7570029.5,0.00000002,0.000000000000693904,6572384,2019-02-03 13:35:33,btc,9433.369416073296,169255.333333,0.00000002,btc,41235382.49164567,0.0,0.114961075,6
1,[],3,[],2019-02-03 13:35:35,1069.652384675756,0.000150559999999999995050348200464895853656344115734100341796875,0.000000005223709312,6572385,2019-02-03 13:35:35,btc,28.510202753279106,0.0,0.000150559999999999995050348200464895853656344115734100341796875,btc,234.145665820227,0.0,0.030997767816609203,7
1,[],4,[],2019-02-03 13:35:36,24551.44725097,0.00019000,0.000000006592088,6572386,2019-02-03 13:35:36,btc,3.3159898412101376,0.0,0.00019000,btc,15122.54054417,3.53612363,3.946884016535417,7
1,[],5,[],2019-02-03 13:35:37,0.00517382,0.00018950,0.0000000065747404,6572387,2019-02-03 13:35:37,btc,1.15997022,0.56790239,0.00018950,btc,0.01198833,0.0,1.48938745,7
1,[],20,[],2019-02-03 13:35:39,65771509.91,0.000000001,0.0000000000000346952,6572388,2019-02-03 13:35:39,btc,116.1335270767722,0.0,0.000000001,btc,29825029.7669,0.0,0.06577150991,8
0,[],2,[],2019-01-20 23:22:42,0.0,0,0,6476876,2019-01-20 23:22:42,,0.0,0.0,0,,0.0,0.0,0.0,9
0,[],23,[],2019-01-20 23:22:48,0.0,0,0,6476878,2019-01-20 23:22:48,,0.0,0.0,0,,0.0,0.0,0.0,9
1,[],1,[],2019-02-03 13:35:40,3118660.99,0.00000199000000000000000523994909962244292955801938660442829132080078125,0.000000000069043448,6572389,2019-02-03 13:35:40,btc,9.487088460199999,13356268.16,0.00000199000000000000000523994909962244292955801938660442829132080078125,btc,4676526.75,26.67359752,6.1163571013,9
1,[],4,[],2019-02-03 13:35:40,371736.39604274,0.00000197,0.000000000068349544,6572390,2019-02-03 13:35:40,btc,0.7697890809257105,0.0,0.00000197,btc,371673.08358291,0.75000954,0.6842072928704263,9
1,[],28,[],2019-02-03 13:35:45,34500.0,0.00000165,0.000000000057247080000000004,6572391,2019-02-03 13:35:45,btc,2708.771989488,3504797.31,0.00000165,btc,14954.28,0.0,0.02854,9
1,[],4,[],2019-02-03 13:35:45,7393460.37826053,0.00000002,0.000000000000693904,6572392,2019-02-03 13:35:45,btc,0.2046613552280866,0.0,0.00000002,btc,4138582.13835349,0.00061684,0.0794966118652106,10
0,[],2,[],2019-01-20 23:23:08,0.0,0,0,6476890,2019-01-20 23:23:08,,0.0,0.0,0,,0.0,0.0,0.0,12
1,[],4,[],2019-02-03 13:35:46,3765484.33127435,0.00000137,0.000000000047532424,6572393,2019-02-03 13:35:46,btc,1.4010685777729812,0.0,0.00000137,btc,987716.87930716,1.15645602,3.0200775491481098,12
1,[],5,[],2019-02-03 13:35:47,1.435e-05,0.00000134,0.000000000046491568,6572394,2019-02-03 13:35:47,btc,0.71486746,0.68896844,0.00000134,btc,0.0001148,0.0,0.28949099,12
0.0,[],25,[],2019-02-03 13:35:49,0.0,0,0,6572395,2019-02-03 13:35:49,,0.0,0.0,0.0,btc,0.0,0.0,0.0,12
1,[],10,[],2019-02-03 09:24:22,610116.20652041,0.00000607,0.000000000209884818,6570842,2019-02-03 09:24:22,btc,666809.6470623455,4430.81440571,0.00000607,btc,737716.84883471,0.0,0.7923256457621066,13
1,[],4,[],2019-02-03 13:35:50,335900.34404157,0.00000616,0.000000000213722432,6572396,2019-02-03 13:35:50,btc,0.6486046949049887,0.0,0.00000616,btc,95070.52527176,0.68911679,1.5031602301746727,13
1,[],21,[],2019-02-03 13:35:53,1290831.84006672,0.000006219999999999999739709079238,0.00000000021580414399999998,6572397,2019-02-03 13:35:53,btc,4.832563580140003,570081.58636983,0.000006219999999999999739709079238370037501226761378347873687744140625,btc,695383.39496094,3.56488576,6.6889417700642415,13
1,[],4,[],2019-02-03 13:35:54,1131095.66664752,0.00000158,0.000000000054818416,6572398,2019-02-03 13:35:54,btc,0.1533272740074468,0.0,0.00000158,btc,72772.06750776,0.01029673,0.4277999814778329,14
1,[],12,[],2019-02-03 13:35:55,87415.65662979,0.0000015000000000000000380012861456169304119612206704914569854736328125,0.0000000000520428,6572399,2019-02-03 13:35:55,btc,1.7853239277191792,0.0,0.0000015000000000000000380012861456169304119612206704914569854736328125,btc,37557.01291797,1.8283544823e-06,0.0115441100000087,14
0,[],17,[],2019-02-03 13:35:56,0.0,0,0,6572400,2019-02-03 13:35:56,btc,0.0,0.0,0,btc,0.0,0.0,0.0,14
1,[],26,[],2019-02-03 13:35:56,0.0,0.00000049,0.000000000017000648,6572401,2019-02-03 13:35:56,btc,0.0,0.0,0.00000049,btc,0.0,0.0,0.0,14
0,[],4,[],2019-02-03 13:35:57,0.0,0,0,6572402,2019-02-03 13:35:57,,0.0,0.0,0,,0.0,0.0,0.0,15
,[],12,[],2018-12-01 15:15:48,204241.84496,0.00000489,0.000000000202473384,5260204,2018-12-01 15:15:48,btc,49.5475654835,0.0,,btc,35763.2193806,0.0163153972027625,0.0203389899998,15
0,[],2,[],2019-01-20 23:23:38,0.0,0,0,6476906,2019-01-20 23:23:38,,0.0,0.0,0,,0.0,0.0,0.0,18
1,[],4,[],2019-02-03 13:35:58,24655.11631245,0.00001777,0.0000000006165337040000001,6572403,2019-02-03 13:35:58,btc,1.2338896245209157,0.0,0.00001777,btc,7678.84151795,0.03243857,0.0743339634986552,18
1,[],10,[],2019-02-03 13:36:00,406827.73197992,0.000018,0.0000000006245136000000001,6572404,2019-02-03 13:36:00,btc,15.580828210717735,13483.3706534,0.000018,btc,12160.81089351,0.0,0.4599366237318996,18
1,[],12,[],2019-02-03 13:36:01,200540.0023171,0.00001771000000000000153851757722645032799846376292407512664794921875,0.000000000614451992,6572405,2019-02-03 13:36:01,btc,0.1838624595200905,0.0,0.00001771000000000000153851757722645032799846376292407512664794921875,btc,1613.99705824,0.0,0.013122675502993,18
0,[],17,[],2019-02-03 13:36:03,0.0,0,0,6572406,2019-02-03 13:36:03,btc,0.0,0.0,0,btc,0.0,0.0,0.0,18
1,[],3,[],2019-02-03 13:36:03,109024.10360184693,0.00003000000000000000076002572291233860823922441340982913970947265625,0.000000001040856,6572407,2019-02-03 13:36:03,btc,0.4274391031548106,3333.0,0.00003000000000000000076002572291233860823922441340982913970947265625,btc,5426.391387101854,0.0,0.11310989493169826,19
1,[],4,[],2019-02-03 13:36:04,63070.69952197,0.00003055,0.00000000105993836,6572408,2019-02-03 13:36:04,btc,0.5032587589756998,0.0,0.00003055,btc,14483.49504003,1.13636475,1.1234421927868856,19
1,[],5,[],2019-02-03 13:36:06,0.00027293,0.00003051,0.000000001058550552,6572409,2019-02-03 13:36:06,btc,0.28797179,0.00813245,0.00003051,btc,0.0031058,0.0,0.19324322,19
1,[],12,[],2019-02-03 13:36:06,133619.1697804,0.00003051000000000000095929340859779443917432217858731746673583984375,0.000000001058550552,6572410,2019-02-03 13:36:06,btc,1.993613888311321,0.0,0.00003051000000000000095929340859779443917432217858731746673583984375,btc,467.56650949,0.0005136163635273,0.032646030000003996,19
0,[],27,[],2019-02-03 13:36:08,0.0,0,0,6572411,2019-02-03 13:36:08,,0.0,0.0,0,btc,0.0,0.0,0.0,19
0,[],2,[],2019-01-20 23:24:19,0.0,0,0,6476924,2019-01-20 23:24:19,,0.0,0.0,0,,0.0,0.0,0.0,19
1,[],4,[],2019-02-03 13:36:09,9030803.01390833,0.00000013,0.000000000004510376,6572412,2019-02-03 13:36:09,btc,0.8116994368808697,0.0,0.00000013,btc,1595552.31051721,0.00029465,0.3472567520915697,20
1,[],4,[],2019-02-03 13:36:10,122819426.81322224,0.00000002,0.000000000000693904,6572413,2019-02-03 13:36:10,btc,0.7389523632312767,0.0,0.00000002,btc,16331500.68138166,0.00350743,1.465966120474285,21
1,[],12,[],2019-02-03 13:36:11,19028564.0,0.00000002,0.000000000000693904,6572414,2019-02-03 13:36:11,btc,668.545188303258,0.0,0.00000002,btc,8550016.65434831,0.0002188096703297,0.25351136,21
0,[],17,[],2019-02-03 13:36:12,0.0,0,0,6572415,2019-02-03 13:36:12,btc,0.0,0.0,0,btc,0.0,0.0,0.0,21
1,[],12,[],2019-02-03 13:36:13,2261281503.531895,0.0000000001,0.00000000000000346952,6572416,2019-02-03 13:36:13,btc,1729404717463.8223,0.0,0.0000000001,btc,5076777109.478749,0.004734450008891532,0.22612815035318953,23
0,[],27,[],2019-02-03 13:36:15,0.0,0,0,6572417,2019-02-03 13:36:15,,0.424699,0.0,0,eth,424699.0,0.0,0.0,23
1,[],4,[],2019-02-03 13:36:16,3578822.89886302,0.00000082,0.000000000028450064,6572418,2019-02-03 13:36:16,btc,0.0811735460081794,0.0,0.00000082,btc,73135.61647836,0.01524888,0.4266185774900961,24
1,[],22,[],2019-02-03 13:36:19,11.76,0.00000100,0.0000000000346952,6572419,2019-02-03 13:36:19,BTC,7.415e-05,0.0,0.00000100,BTC,23.919354838709676,0.0,1.176e-05,24
0.0,[],25,[],2019-02-03 13:36:21,0.0,0,0,6572420,2019-02-03 13:36:21,,0.0,0.0,0.0,btc,0.0,0.0,0.0,24
1,[],4,[],2019-02-03 13:36:22,27065426.53690836,0.00000684,0.000000000237315168,6572421,2019-02-03 13:36:22,btc,0.4574059617203534,0.0,0.00000684,btc,38114.50660118,0.11502247,0.420230547961189,26
1,[],10,[],2019-02-03 13:36:23,725860.70874179,0.00000588,0.00000000020400777599999998,6572422,2019-02-03 13:36:23,btc,25.975773677598465,199.6880688,0.00000588,btc,13118.16646401,0.0,0.2069550833237116,26
0,[],2,[],2019-01-20 23:25:56,0.0,0,0,6476976,2019-01-20 23:25:56,,0.0,0.0,0,,0.0,0.0,0.0,26
1,[],3,[],2019-02-03 13:36:24,9427582.93283504,0.00000002,0.000000000000693904,6572423,2019-02-03 13:36:24,btc,2.2810501047412934,60801.8783845,0.00000002,btc,15511824.97287421,0.0,0.1130830782681865,27
1,[],5,[],2019-02-03 13:36:26,3e-08,0.00000002,0.000000000000693904,6572424,2019-02-03 13:36:26,btc,1.52458241,0.00317811,0.00000002,btc,4.69e-05,0.0,0.09822191,27
1,[],11,[],2019-02-03 13:36:27,10615374.41182718,0.00000005,0.00000000000173476,6572425,2019-02-03 13:36:27,btc,370.6426334117441,1000.0,0.00000005,btc,8221035.4403934,0.0,0.4936394994767663,27
1,[],4,[],2019-02-03 13:36:28,310410850.509177,0.00000003,0.000000000001040856,6572426,2019-02-03 13:36:28,btc,4.048961783757184,0.0,0.00000003,"btc,ltc",121963535.31387179,0.41459472,4.255108105515952,29
1,[],7,[],2019-02-03 13:36:30,39733268.94837162,0.00000003,0.000000000001040856,6572427,2019-02-03 13:36:30,btc,44465206.117165886,1376386.16436,0.00000003,btc,38695198.18229003,0.0,0.7244974800032491,29
1,[],4,[],2019-02-03 13:36:31,1362255.92215832,0.00000028,0.000000000009714656,6572428,2019-02-03 13:36:31,btc,0.2719866301263703,0.0,0.00000028,btc,558811.95653063,0.00779355,0.0784445108522445,30
0,[],17,[],2019-02-03 13:36:33,0.0,0,0,6572429,2019-02-03 13:36:33,btc,0.0,0.0,0,btc,0.0,0.0,0.0,30
1,[],4,[],2019-02-03 13:36:34,1136324.7690596,0.00007229,0.000000002508116008,6572430,2019-02-03 13:36:34,btc,1.7044966588349013,0.0,0.00007229,btc,20534.20725587,1.60749581,1.9400822498265078,31
1,[],21,[],2019-02-03 13:36:36,57123.53768654,0.00007292999999999999461396116285,0.000000002530320936,6572431,2019-02-03 13:36:36,btc,2.3551257296971455,117211.60050326,0.00007292999999999999461396116284817026098608039319515228271484375,btc,29594.09225821,8.54178383,3.797072510619825,31
0,[],2,[],2019-01-20 23:28:43,0.0,0,0,6477009,2019-01-20 23:28:43,,0.0,0.0,0,,0.0,0.0,0.0,32
1,[],4,[],2019-02-03 13:36:37,146123586.56287,0.00000005,0.00000000000173476,6572432,2019-02-03 13:36:37,btc,2.575904915081236,0.0,0.00000005,"btc,ltc",43876501.76987689,0.19614248,2.546109478296241,33
1,[],12,[],2019-02-03 13:36:38,19064315.278,0.00000006,0.000000000002081712,6572433,2019-02-03 13:36:38,btc,17261782.277592633,0.0,0.00000006,btc,89637027.52447535,0.0071552517482521,0.71625937668,33
1,[],4,[],2019-02-03 13:36:39,111179547.47515793,0.00000001,0.000000000000346952,6572434,2019-02-03 13:36:39,btc,0.9206574481024844,0.0,0.00000001,btc,33221914.93674948,2.53058389,1.1117954747515792,34
1,[],5,[],2019-02-03 13:36:40,1e-08,0.00000001,0.000000000000346952,6572435,2019-02-03 13:36:40,btc,3.91224338,0.03646684,0.00000001,btc,1.343e-05,0.0,0.71819305,34
0.0000000000977833,[],4,[],2019-02-03 13:36:41,1427678560.783873,3.911332e-18,1.357044460064e-22,6572436,2019-02-03 13:36:41,ltc,8.25326573897747e-09,0.0,0.00000004,ltc,1627625439.6338732,0.0,2.785091977591843e-09,36
1,[],5,[],2019-02-03 13:36:42,0.0,0,0,6572437,2019-02-03 13:36:42,btc,204.33337167,0.0,0,btc,1.295e-05,0.0,0.0,36
0,[],17,[],2019-02-03 13:36:44,0.0,0,0,6572438,2019-02-03 13:36:44,btc,0.1418527083719727,0.0,0,btc,10826074.27743647,0.0,0.0,36
0.0000000000977833,[],27,[],2019-02-03 13:36:46,1000000.0,1.955666e-18,6.78522230032e-23,6572439,2019-02-03 13:36:46,ltc,447.7307979714,0.0,0.00000002,"ltc,eth",3711879.16,0.0,1.955666e-12,36
1,[],4,[],2019-02-03 13:36:46,432874.79780686,0.00000148,0.000000000051348896,6572440,2019-02-03 13:36:46,btc,0.4196632601964742,0.0,0.00000148,btc,220893.6785019,0.03642928,0.3948515736285312,37
1,[],12,[],2019-02-03 13:36:47,477551.49990712,0.00000145000000000000009320343975771638866945068002678453922271728515625,0.000000000050308040000000005,6572441,2019-02-03 13:36:47,btc,1331.0320668189247,0.0,0.00000145000000000000009320343975771638866945068002678453922271728515625,btc,751340.07370613,0.328234880999865,0.3821431541245836,37
1,[],17,[],2019-02-03 13:36:49,1752.74075282,0.00000025,0.0000000000086738,6572442,2019-02-03 13:36:49,btc,0.05548492396643066,0.000668326222905,0.00000025,btc,1387.19918473,0.0,0.00043818518820499993,37
1,[],27,[],2019-02-03 13:36:50,16843.0,0.00000046,0.000000000015959792000000002,6572443,2019-02-03 13:36:50,btc,24.45584702489649,0.0,0.00000046,btc,5279.81438508,0.0,0.00561124,37
1,[],5,[],2019-02-03 13:36:52,1.309e-05,0.00000092,0.000000000031919584000000004,6572444,2019-02-03 13:36:52,btc,0.11301813,0.14256012,0.00000092,btc,0.00010904,0.0,0.05375029,42
1,[],12,[],2019-02-03 13:36:53,160791.47355551,0.00000110000000000000005610204141526242693771564518101513385772705078125,0.000000000038164720000000005,6572445,2019-02-03 13:36:53,btc,196.06462230152232,0.0,0.00000110000000000000005610204141526242693771564518101513385772705078125,btc,88304.90997369,0.066200773990959,0.0627993099999329,42
0,[],27,[],2019-02-03 13:36:55,0.0,0,0,6572446,2019-02-03 13:36:55,,0.00315028,0.0,0,"btc,eth",11.007,0.0,0.0,42
1,[],5,[],2019-02-03 13:36:57,3e-08,0.00000002,0.000000000000693904,6572447,2019-02-03 13:36:57,btc,6.10332495,0.0004701,0.00000002,btc,1.425e-05,0.0,0.53321303,43
1,[],12,[],2019-02-03 13:36:58,6512129.0,0.00000002,0.000000000000693904,6572448,2019-02-03 13:36:58,btc,20007456.464722443,0.0,0.00000002,btc,38833161.74765234,0.0,0.06512143000000001,43
0,[],17,[],2019-02-03 13:36:59,0.0,0,0,6572449,2019-02-03 13:36:59,btc,0.0,0.0,0,btc,0.0,0.0,0.0,43
1,[],12,[],2019-02-03 13:37:00,917329.0,0.00000008,0.000000000002775616,6572450,2019-02-03 13:37:00,btc,11115205.991134647,0.0,0.00000008,btc,1006682.39860139,0.00095395982018,0.02915037,44
1,[],4,[],2019-02-03 13:37:01,235546859.90999085,0.00000002,0.000000000000693904,6572451,2019-02-03 13:37:01,btc,0.1802841234721024,0.0,0.00000002,"btc,ltc",8170730.78161888,0.0002,0.5428027653984004,49
0.0000000000977833,[],4,[],2019-02-03 13:37:02,4660324289.16057,9.77833e-19,3.39261115016e-23,6572452,2019-02-03 13:37:02,ltc,4.645283513351176,0.0,0.00000001,ltc,1669590227.5147107,0.0,4.557018880642747e-09,52
0,[],22,[],2019-02-03 13:37:25,0.0,0,0,6572453,2019-02-03 13:37:25,,3693.67822752,0.0,0,,258485157.90882352,0.0,0.0,57
0,[],27,[],2019-02-03 13:25:22,0.0,0,0,6572248,2019-02-03 13:25:22,,0.0,0.0,0,"btc,eth",0.0,0.0,0.0,57
0.00000000009809560000000001,[],4,[],2019-02-03 13:25:23,1387275466.3223617,5.885736e-18,2.043050794584e-22,6572249,2019-02-03 13:25:23,ltc,3.288209343007728,0.0,0.00000006,ltc,1300374187.6066096,0.021956,5.659043877312203e-09,58
1,[],12,[],2019-02-03 13:25:24,2014906302.843957,0.0000000005,0.00000000000001735595,6572250,2019-02-03 13:25:24,btc,625179819392.2599,0.0,0.0000000005,btc,3175926134.8602395,0.13110588684095906,0.7224237414011392,58
0,[],17,[],2019-02-03 13:25:25,0.0,0,0,6572251,2019-02-03 13:25:25,btc,1e+24,0.0,0,btc,41616695.95832568,0.0,0.0,58
0.0000000001211752,[],22,[],2019-02-03 13:25:29,137438.0,1.211752e-18,4.20622142488e-23,6572252,2019-02-03 13:25:29,XMR,69.8835922,0.0,0.00000001,XMR,9887963.0,0.0,0.00137438,58
1,[],5,[],2019-02-03 13:25:30,6.54e-06,0.00000058,0.000000000020132902,6572253,2019-02-03 13:25:30,btc,0.33883347,0.08714939,0.00000058,btc,0.00014244,0.0,0.04837834,61
1,[],22,[],2019-02-03 13:25:34,5111.5,0.00000011,0.000000000003818309,6572254,2019-02-03 13:25:34,BTC,1002.29606732,0.0,0.00000011,BTC,15028.700278135757,0.0,0.00051178,61
1,[],26,[],2019-02-03 13:25:34,0.0,0.00000800,0.0000000002776952,6572255,2019-02-03 13:25:34,btc,0.0,0.0,0.00000800,btc,0.0,0.0,0.0,61
0,[],27,[],2019-02-03 13:25:36,0.0,0,0,6572256,2019-02-03 13:25:36,,0.1550356,0.0,0,"btc,eth",155.72848,0.0,0.0,61
1,[],28,[],2019-02-03 13:25:41,6888.304,0.0000008,0.000000000027769520000000002,6572257,2019-02-03 13:25:41,btc,2.064690685900105,756.0,0.0000008,btc,11329.09500005,0.0,0.00216911304,61
1,[],4,[],2019-02-03 13:25:42,1291520.45915248,0.00000172,0.000000000059704468,6572258,2019-02-03 13:25:42,btc,0.7573733703752563,0.0,0.00000172,btc,268915.61375991,0.0950287,0.9376645294622424,67
0.0,[],25,[],2019-02-03 13:25:43,0.0,0,0,6572259,2019-02-03 13:25:43,,0.0,0.0,0.0,btc,0.0,0.0,0.0,67
1,[],12,[],2019-02-03 13:25:44,3096644.68300001,0.0000001,0.00000000000347119,6572260,2019-02-03 13:25:44,btc,16893709.424955383,0.0,0.0000001,btc,2485164.59000996,0.0003872864035964,0.0845624628411122,71
,[],5,[],2018-11-20 23:02:39,1.5e-07,0.00000005,0.000000000002128045,4862160,2018-11-20 23:02:39,btc,2.84511358,0.0,,btc,0.00036572,0.0,0.07381892,74
1,[],5,[],2019-01-25 15:53:51,3.303e-05,0.00000156,0.000000000055588884,6499610,2019-01-25 15:53:51,btc,1.42844212,0.0,0.00000156,btc,0.00015937,0.0,0.49487621,75
0,[],20,[],2019-01-25 09:30:31,0.0,0,0,6495923,2019-01-25 09:30:31,btc,0.0,0.0,0,btc,0.0,0.0,0.0,81
1,[],4,[],2019-02-03 13:25:45,70997797.82492337,0.00000001,0.000000000000347119,6572261,2019-02-03 13:25:45,btc,0.8164048853705091,0.0,0.00000001,btc,15307943.35273608,0.0,0.7099779782492337,81
1,[],4,[],2019-02-03 13:25:46,23286.37826907,0.00007290,0.00000000253049751,6572262,2019-02-03 13:25:46,btc,0.8757601248205891,0.0,0.00007290,btc,8140.31089327,0.04990195,0.0538919316374321,82
1,[],21,[],2019-02-03 13:25:47,86831.00983445,0.00007519999999999999829112390382,0.00000000261033488,6572263,2019-02-03 13:25:47,btc,3.6168301548805593,3848.90932654,0.000075199999999999998291123903815247331294813193380832672119140625,btc,41276.40614916,0.29329784,4.487864418953945,82
0,[],17,[],2019-02-03 13:25:49,0.0,0,0,6572264,2019-02-03 13:25:49,btc,0.0447233088476774,0.0,0,btc,999127.19588126,0.0,0.0,84
0.00000000009809560000000001,[],4,[],2019-02-03 13:25:49,348992465.7937213,1.2752428e-17,4.426610054932e-22,6572265,2019-02-03 13:25:49,ltc,0.19754182486469538,0.0,0.00000013,ltc,70731342.27624372,0.0,1.4886459577481511e-09,85
,[],22,[],2018-11-20 23:09:34,3408.1,0.0000001,0.0000000000041895,4862324,2018-11-20 23:09:34,BTC,0.04624735,0.0,,BTC,4990.0,0.0,0.00033081,86
0,[],22,[],2019-02-03 13:25:52,0.0,0,0,6572266,2019-02-03 13:25:52,,2.07810912,0.0,0,,154826.94736842104,0.0,0.0,87
0,[],27,[],2019-02-03 13:25:54,0.0,0,0,6572267,2019-02-03 13:25:54,,0.0,0.0,0,btc,0.0,0.0,0.0,87
,[],2,[],2018-11-20 23:10:47,0.0,0,0,4862359,2018-11-20 23:10:47,,0.0,0.0,,,0.0,0.0,0.0,88
1,[],11,[],2019-02-03 13:25:56,102253.94229343,0.00018547999999999999275017426025868871874990873038768768310546875,0.000000006438363212,6572268,2019-02-03 13:25:56,btc,236.47477116833937,914.299,0.00018547999999999999275017426025868871874990873038768768310546875,btc,185622.89638749,0.0,7.567022465142094,89
0,[],2,[],2019-01-20 23:31:45,0.0,0,0,6477083,2019-01-20 23:31:45,,0.0,0.0,0,,0.0,0.0,0.0,91
1,[],12,[],2019-02-03 13:25:56,515980.09783706,0.00000278999999999999996903843856033144987804917036555707454681396484375,0.000000000096846201,6572269,2019-02-03 13:25:56,btc,3.6669523034130003,0.0,0.00000278999999999999996903843856033144987804917036555707454681396484375,btc,31222.29415164,0.0054903334,0.1439795188000154,91
0,[],17,[],2019-02-03 13:25:57,0.0,0,0,6572270,2019-02-03 13:25:57,btc,0.0,0.0,0,btc,0.0,0.0,0.0,91
0.00000000009809560000000001,[],22,[],2019-02-03 13:26:01,37704795.571428575,6.866692e-18,2.383559260348e-22,6572271,2019-02-03 13:26:01,LTC,8.80622787,0.0,0.00000007,LTC,76324658.1,0.0,1.72417449,95
0.00000000009809560000000001,[],4,[],2019-02-03 13:26:02,132454995.66453461,9.9076556e-17,3.4391355042164004e-21,6572272,2019-02-03 13:26:02,ltc,1.1226880199898868,0.0,0.00000101,ltc,68782805.1390599,0.0,6.988394601950158e-10,96
1,[],12,[],2019-02-03 13:26:03,326975.0,0.00000001,0.000000000000347119,6572273,2019-02-03 13:26:03,btc,255063.40259308563,0.0,0.00000001,btc,7976052.33297676,4.549e-05,0.00326975,96
0,[],17,[],2019-02-03 13:26:04,0.0,0,0,6572274,2019-02-03 13:26:04,btc,0.0,0.0,0,btc,0.0,0.0,0.0,96
1,[],4,[],2019-01-28 01:29:03,1472892.19429314,0.00000039,0.000000000013841295,6517118,2019-01-28 01:29:03,btc,0.30363706505258,0.0,0.00000039,btc,473598.41813208,0.02260545,0.1322524391209234,99
0,[],2,[],2019-01-20 23:23:55,0.0,0,0,6476914,2019-01-20 23:23:55,,0.0,0.0,0,,0.0,0.0,0.0,100
1,[],4,[],2019-02-03 13:26:05,67451.6330879,0.00004583,0.0000000015908463770000001,6572275,2019-02-03 13:26:05,btc,1.5616925116900966,0.0,0.00004583,btc,28143.70680833,3.48542195,2.5457897071741575,100
1,[],22,[],2019-02-03 13:26:09,50000.0,0.00000001,0.000000000000347119,6572276,2019-02-03 13:26:09,BTC,23.50383609,0.0,0.00000001,BTC,11277.22,0.0,0.0005,101
1,[],4,[],2019-02-03 13:26:10,111740.66526836,0.00000094,0.000000000032629186,6572277,2019-02-03 13:26:10,btc,0.4015015933353165,0.0,0.00000094,btc,152968.34662985,0.02042248,0.0631890940469365,103
1,[],12,[],2019-02-03 13:26:12,75154829.0,0.000000014,0.0000000000004859666000000001,6572278,2019-02-03 13:26:12,btc,138278963.68291575,0.0,0.000000014,btc,134579629.5426334,0.7564069236823288,0.406455586,105
1,[],27,[],2019-02-03 13:26:14,10158052.89,0.00000001,0.000000000000347119,6572279,2019-02-03 13:26:14,btc,0.6930127791760939,8200.0,0.00000001,btc,708867.82781977,0.000164,0.1015805289,105
0,[],22,[],2019-02-03 13:26:16,0.0,0,0,6572280,2019-02-03 13:26:16,,1.07253299,0.0,0,,94300.0,0.0,0.0,107
1,[],26,[],2019-02-03 13:26:16,0.0,0.00000000,0,6572281,2019-02-03 13:26:16,btc,0.0,0.0,0.00000000,btc,0.0,0.0,0.0,107
1,[],5,[],2019-02-03 13:26:18,6e-08,0.00000003,0.000000000001041357,6572282,2019-02-03 13:26:18,btc,2.99714908,0.09938441,0.00000003,btc,1.773e-05,0.0,0.15360536,112
1,[],22,[],2019-02-03 13:26:22,1966.0,0.00000001,0.000000000000347119,6572283,2019-02-03 13:26:22,BTC,2.839063,0.0,0.00000001,BTC,808529.0833333334,0.00324299,1.966e-05,112
0.0000000003122788,[],27,[],2019-02-03 13:26:24,500000.0,3.122788e-18,1.083979047772e-22,6572284,2019-02-03 13:26:24,eth,1.25356065,0.0,0.00000001,"btc,eth",1328.0,0.0,1.561394e-12,112
1,[],4,[],2019-02-03 13:26:25,490209.7279938,0.00000413,0.000000000143360147,6572285,2019-02-03 13:26:25,btc,0.5062705517581243,0.0,0.00000413,btc,88314.20728279,0.2247053,0.3334968971395883,113
1,[],5,[],2019-02-03 13:26:26,2.498e-05,0.00000379,0.000000000131558101,6572286,2019-02-03 13:26:26,btc,2.43143683,0.00412126,0.00000379,btc,0.00381016,0.0,0.21575842,113
0,[],27,[],2019-02-03 13:26:29,0.0,0,0,6572288,2019-02-03 13:26:29,,0.0,0.0,0,btc,0.0,0.0,0.0,116
1,[],17,[],2019-02-03 13:26:27,174538.724,0.00000004,0.000000000001388476,6572287,2019-02-03 13:26:27,btc,1.3368030274120273,0.0015204,0.00000004,btc,51896.221,0.0,0.00308154896,116
1,[],4,[],2019-02-03 13:26:30,55083.83464943,0.00002263,0.000000000785530297,6572289,2019-02-03 13:26:30,btc,0.5849430990648714,0.0,0.00002263,btc,21715.85273394,0.74326126,0.960120684496986,120
1,[],7,[],2019-02-03 13:26:31,11042.3028073,0.00001796000000000000083899033553880286717685521580278873443603515625,0.000000000623425724,6572290,2019-02-03 13:26:31,btc,88979.01297204132,31.45000271,0.00001796000000000000083899033553880286717685521580278873443603515625,btc,23649.8457715,0.00113348,0.0983650917030146,120
1,[],20,[],2019-02-03 13:26:33,1607028.1906,0.000000013,0.0000000000004512547,6572291,2019-02-03 13:26:33,btc,33.7489442370083,222.819,0.000000013,btc,1074422.3317,2.896647e-06,0.0088322132172,125
1,[],22,[],2019-02-03 13:26:37,3053.0,0.00000001,0.000000000000347119,6572292,2019-02-03 13:26:37,BTC,0.01444889,0.0,0.00000001,BTC,296264.5111111111,0.0,3.053e-05,126
1,[],4,[],2019-02-03 13:26:38,92388.46445181,0.00001589,0.000000000551572091,6572293,2019-02-03 13:26:38,btc,0.822816802033061,0.0,0.00001589,btc,39185.46124815,0.31063393,0.6007882294753732,131
0,[],17,[],2019-02-03 13:26:39,0.0,0,0,6572294,2019-02-03 13:26:39,btc,0.0008451375975800001,0.0,0,btc,30.89614684,0.0,0.0,131
0,[],2,[],2019-01-20 23:25:46,0.0,0,0,6476969,2019-01-20 23:25:46,,0.0,0.0,0,,0.0,0.0,0.0,131
1,[],4,[],2019-02-03 13:26:40,4613.50980238,0.00016003,0.000000005554945357,6572295,2019-02-03 13:26:40,btc,1.6408722369527535,0.0,0.00016003,btc,302.35845559,0.0,0.0118639733591575,135
1,[],3,[],2019-02-03 13:26:41,1802721.66354937,0.00000007,0.000000000002429833,6572296,2019-02-03 13:26:41,btc,0.1406559683714911,17991.1866357,0.00000007,btc,399436.80852494,0.0,0.0665253942725346,136
1,[],4,[],2019-02-03 13:26:41,91541.82688238,0.00000180,0.00000000006248142,6572297,2019-02-03 13:26:41,btc,0.427173793611107,0.0,0.00000180,btc,166829.10627905,0.10933048,0.1257971496210521,137
1,[],12,[],2019-02-03 13:26:43,296943.93548387,0.000001830000000000000054831898570195658493275914224795997142791748046875,0.000000000063522777,6572298,2019-02-03 13:26:43,btc,11982.848284357115,0.0,0.000001830000000000000054831898570195658493275914224795997142791748046875,btc,125956.5526294,0.1067661640271878,0.0273694299999985,137
1,[],5,[],2019-02-03 13:26:44,0.00128985,0.00003816,0.000000001324606104,6572299,2019-02-03 13:26:44,btc,3.89909894,1.16546249,0.00003816,btc,0.00279566,0.0,1.39974282,142
1,[],17,[],2019-02-03 13:26:45,12500.0,0.0000001,0.00000000000347119,6572300,2019-02-03 13:26:45,btc,20.26102157902902,0.0001070700002253,0.0000001,btc,5931.99821453,0.0,0.00125,142
1,[],20,[],2019-02-03 13:26:47,149665.6766,0.000025423,0.0000000008824806337,6572301,2019-02-03 13:26:47,btc,4.1908266424,69.0053,0.000025423,btc,10940.3001,0.00284301836,0.2471364743976,142
1,[],22,[],2019-02-03 13:26:52,962.0,0.00001800,0.0000000006248142,6572302,2019-02-03 13:26:52,BTC,3.00449528,0.0,0.00001800,BTC,899.098,0.0,0.0001637,142
0.0,[],25,[],2019-02-03 13:26:54,0.0,0,0,6572303,2019-02-03 13:26:54,,0.0,0.0,0.0,btc,0.0,0.0,0.0,142
1,[],28,[],2019-02-03 13:26:58,78905.0,0.00002500,0.0000000008677975000000001,6572304,2019-02-03 13:26:58,btc,0.0367822,1479.665,0.00002500,btc,730.0,0.0,0.0362237,142
0,[],22,[],2019-01-28 18:33:43,0.0,0,0,6521842,2019-01-28 18:33:43,,61.27958297,0.0,0,,815366265.8,0.0,0.0,143
1,[],21,[],2019-02-03 13:26:59,29249665.33322691,0.00000027,0.000000000009372213,6572305,2019-02-03 13:26:59,btc,51.625534242278796,2786377.37862421,0.00000027,btc,88186482.40334828,0.76042225,3.8892283914243633,145
0,[],22,[],2019-02-03 13:27:03,0.0,0,0,6572306,2019-02-03 13:27:03,,4.59029651,0.0,0,,1929123.5,0.0,0.0,146
,[],22,[],2018-11-20 23:01:11,0.0,0,0,4862114,2018-11-20 23:01:11,,2.56807021,0.0,,,61828.4988236,0.0,0.0,147
1,[],12,[],2019-02-03 13:27:04,8690385.67970752,0.00000367000000000000001392007169254139142822168651036918163299560546875,0.000000000127392673,6572307,2019-02-03 13:27:04,btc,16.56581169746627,0.0,0.00000367000000000000001392007169254139142822168651036918163299560546875,btc,112320.49663261,0.0,0.121641480000001,148
1,[],4,[],2019-02-03 13:27:05,305496.48682785,0.00000028,0.000000000009719332,6572308,2019-02-03 13:27:05,btc,0.6878344357778994,0.0,0.00000028,btc,502731.63828901,0.00040399,0.0676820162441838,152
0,[],22,[],2019-02-03 13:27:08,0.0,0,0,6572309,2019-02-03 13:27:08,,0.0,0.0,0,,0.0,0.0,0.0,152
1,[],5,[],2019-02-03 13:27:10,0.0,0,0,6572310,2019-02-03 13:27:10,btc,4.41264381,0.0,0,btc,0.00161275,0.0,0.0,153
,[],16,[],2019-01-11 15:38:59,0.0,0,0,6366141,2019-01-11 15:38:59,btc,0.0,0.0,,btc,0.0,0.0,0.0,155
0,[],22,[],2019-02-03 13:27:12,0.0,0,0,6572311,2019-02-03 13:27:12,,6.73312347,0.0,0,,4564272.742592593,0.0,0.0,156
0,[],23,[],2019-01-20 23:24:29,0.0,0,0,6476932,2019-01-20 23:24:29,,0.0,0.0,0,,0.0,0.0,0.0,156
1,[],22,[],2019-02-03 13:27:16,7906.0,0.00000801,0.000000000278042319,6572312,2019-02-03 13:27:16,BTC,43.78801181,0.0,0.00000801,BTC,1067.5805334758436,0.0,0.00743836,157
0,[],22,[],2019-02-03 13:29:17,0.0,0,0,6572313,2019-02-03 13:29:17,,50175.6753658,0.0,0,,54007107.04179466,0.0,0.0,158
,[],17,[],2018-11-20 22:56:10,0.0,0,0,4861976,2018-11-20 22:56:10,btc,1.1265625,0.0,,btc,1000.0,0.0,0.0,159
,[],20,[],2018-11-20 22:56:12,0.0,0,0,4861977,2018-11-20 22:56:12,btc,11912.7940471,0.0,,btc,34413894.3617,0.0,0.0,159
1,[],12,[],2019-02-03 13:29:18,188976.89179104,0.000007999999999999999637984894607090069484911509789526462554931640625,0.0000000002776952,6572314,2019-02-03 13:29:18,btc,6.685863054822274,0.0,0.000007999999999999999637984894607090069484911509789526462554931640625,btc,14746.68124826,0.0017247855,0.086023824199968,168
1,[],17,[],2019-02-03 13:29:20,29784.95,0.000001,0.0000000000347119,6572315,2019-02-03 13:29:20,btc,0.03026736251542,0.0,0.000001,btc,144.46171372,0.0,0.00716147,168
1,[],22,[],2019-02-03 13:29:23,3800.0,0.00000001,0.000000000000347119,6572316,2019-02-03 13:29:23,BTC,1.14964814,0.0,0.00000001,BTC,689592.4758060451,0.0,3.8e-05,169
1,[],22,[],2019-02-03 13:29:27,225848.4129032258,0.00000032,0.000000000011107808,6572317,2019-02-03 13:29:27,BTC,10.33011605,0.0,0.00000032,BTC,124384.40861483495,0.00044683,0.03131261,171
1,[],22,[],2019-02-03 13:29:30,427730.9791666667,0.00000016,0.000000000005553904,6572318,2019-02-03 13:29:30,BTC,2.63231858,0.0,0.00000016,BTC,226148.0946851308,0.00664435,0.03157897,173
1,[],5,[],2019-02-03 13:29:32,4.452e-05,0.00000385,0.000000000133640815,6572319,2019-02-03 13:29:32,btc,0.36235937,0.00065957,0.00000385,btc,0.00032044,0.0,0.78970404,175
1,[],22,[],2019-02-03 13:29:36,49549.25714285715,0.0000004,0.000000000013884760000000001,6572320,2019-02-03 13:29:36,BTC,0.61296182,0.0,0.0000004,BTC,156124.17417750834,5.28e-05,0.01679357,176
0,[],22,[],2019-02-03 13:31:39,0.0,0,0,6572321,2019-02-03 13:31:39,,1.00242428,0.0,0,,57512.0,0.0,0.0,178
1,[],7,[],2019-02-03 12:35:14,0.0,0,0,6572117,2019-02-03 12:35:14,btc,233208.59190894547,0.0,0,btc,116200784.21566916,0.0,0.0,178
0,[],2,[],2019-01-20 23:28:34,0.0,0,0,6477001,2019-01-20 23:28:34,,0.0,0.0,0,,0.0,0.0,0.0,178
1,[],5,[],2019-02-03 13:31:40,3e-08,0.00000002,0.000000000000694238,6572322,2019-02-03 13:31:40,btc,17.08671836,0.01395011,0.00000002,btc,2.088e-05,0.0,1.31032227,179
1,[],22,[],2019-02-03 13:31:44,7842169.0,0.00000003,0.000000000001041357,6572323,2019-02-03 13:31:44,BTC,5.52570121,0.0,0.00000003,"BTC,LTC",18396229.401989967,4.2e-07,0.38978475,179
0,[],23,[],2019-01-20 23:25:08,0.0,0,0,6476952,2019-01-20 23:25:08,,0.0,0.0,0,,0.0,0.0,0.0,179
1,[],17,[],2019-02-03 13:31:46,10504.725,0.0000001,0.00000000000347119,6572324,2019-02-03 13:31:46,btc,5.206166879877464,0.0,0.0000001,btc,6755.0074587,0.0,0.0010504725,180
1,[],22,[],2019-02-03 13:31:50,33882.94545454546,0.00000011,0.000000000003818309,6572325,2019-02-03 13:31:50,BTC,0.09806895,0.0,0.00000011,"BTC,LTC",18638.916593151593,7.697e-05,0.00351358,180
1,[],26,[],2019-02-03 13:31:50,0.0,0.00000010,0.0000000000034711900000000003,6572326,2019-02-03 13:31:50,btc,0.0,0.0,0.00000010,btc,0.0,0.0,0.0,180
,[],7,[],2018-11-20 22:58:01,562227.975654,0.00000085,0.000000000036176765,4862015,2018-11-20 22:58:01,btc,21836.6059674,2491.87645172,,btc,749999.041456,0.00211021,0.127565380455,183
,[],5,[],2019-01-10 08:11:41,0.0,0,0,6347036,2019-01-10 08:11:41,btc,82.15055501,0.00261,,btc,1.19002445,0.0,0.0,187
1,[],24,[],2019-02-03 13:31:51,0.0,0.000000000001,3.4711900000000004e-17,6572327,2019-02-03 13:31:51,btc,0.0,0.0,0.000000000001,btc,0.0,0.0,0.0,187
,[],17,[],2018-11-16 20:58:10,4062536.27273,0.00000001,0.000000000000550501,4708775,2018-11-16 20:58:10,btc,3.36492563466,0.195460381006,,"btc,eth",110697919.549,0.0,0.0157628953496,187
0,[],22,[],2019-02-03 13:31:53,0.0,0,0,6572328,2019-02-03 13:31:53,,1.19382741,0.0,0,,13380.036201072173,0.0,0.0,191
0,[],22,[],2019-01-29 02:57:02,0.0,0,0,6524994,2019-01-29 02:57:02,,0.0,0.0,0,,0.0,0.0,0.0,197
0,[],23,[],2019-01-20 23:31:41,0.0,0,0,6477079,2019-01-20 23:31:41,,0.0,0.0,0,,0.0,0.0,0.0,199
1,[],26,[],2019-02-03 13:31:54,0.0,0.00000000,0,6572329,2019-02-03 13:31:54,btc,0.0,753125.0,0.00000000,btc,0.0,0.0,0.0,199
0,[],17,[],2019-01-30 16:32:01,0.0,0,0,6540827,2019-01-30 16:32:01,btc,6.802544163788159,0.0,0,btc,105897.55575295,0.0,0.0,200
0,[],2,[],2019-01-20 23:30:49,0.0,0,0,6477059,2019-01-20 23:30:49,,0.0,0.0,0,,0.0,0.0,0.0,201
1,[],4,[],2019-01-25 15:51:35,2084389.58565343,0.00000936,0.000000000333526752,6499557,2019-01-25 15:51:35,btc,2.0092503037378524,0.0,0.00000936,btc,160195.80207885,0.19272417,1.242687955921835,211
1,[],7,[],2019-02-03 13:31:57,17245928.22706436,0.00000137999999999999991637657063836552850943917292170226573944091796875,0.000000000047902422,6572330,2019-02-03 13:31:57,btc,16567795.14254792,365658.248305,0.00000137999999999999991637657063836552850943917292170226573944091796875,btc,12523496.3119137,0.0,8.900347901819542,212
1,[],5,[],2019-02-03 13:32:00,5.29e-06,0.00000035,0.000000000012149165,6572331,2019-02-03 13:32:00,btc,1.1165233,0.04921827,0.00000035,btc,3.171e-05,0.0,0.26188133,213
1,[],24,[],2019-02-03 13:32:00,0.0,0.000000050000,0.0000000000017355950000000001,6572332,2019-02-03 13:32:00,btc,0.0,0.0,0.000000050000,btc,0.0,0.0,0.0,213
1,[],26,[],2019-02-03 13:32:00,0.0,0.00000009,0.0000000000031240710000000002,6572333,2019-02-03 13:32:00,btc,0.0,0.0,0.00000009,btc,0.0,0.0,0.0,213
1,[],12,[],2019-01-25 02:44:32,207462.42853209,0.000001080000000000000035831255497387193287295303889550268650054931640625,0.000000000038610756000000006,6493050,2019-01-25 02:44:32,btc,85023.03793723314,0.0,0.000001080000000000000035831255497387193287295303889550268650054931640625,btc,43675.73520027,0.000146250909087,0.0348620860622024,213
1,[],22,[],2019-02-03 13:32:05,276400.0,0.00000002,0.000000000000694238,6572334,2019-02-03 13:32:05,BTC,70.20492877,0.0,0.00000002,BTC,291693.63137942314,0.0,0.004714,216
1,[],27,[],2019-02-03 13:32:08,5050645.0,0.0000001,0.0000000000034711900000000003,6572335,2019-02-03 13:32:08,btc,313.98413178316,0.0,0.0000001,"btc,ltc",287018.13411,0.0,0.0510735,216
1,[],22,[],2019-02-03 13:32:12,244617.41803717994,0.00000235,0.00000000008157296500000001,6572336,2019-02-03 13:32:12,BTC,12677.89641213,0.0,0.00000235,BTC,481321.85445181513,0.01593962,0.30991348,217
1,[],7,[],2019-02-03 13:32:13,0.0,0,0,6572337,2019-02-03 13:32:13,btc,77970.02600413912,0.0,0,btc,134531561.1214003,0.0,0.0,219
0,[],27,[],2019-02-03 13:32:15,0.0,0,0,6572338,2019-02-03 13:32:15,,0.0741038339680918,0.0,0,btc,1542429.2070951,0.0,0.0,219
0.0000000000000055,[],28,[],2019-02-03 13:32:20,205135012.733,6.05e-18,2.1000699500000002e-22,6572339,2019-02-03 13:32:20,doge,88554.0318717675,14545.0,0.00110000,"btc,doge",4969437.84751,0.0,3.009177320395367e-11,219
1,[],22,[],2019-02-03 13:32:26,206701.0754716981,0.00000053,0.000000000018397307000000002,6572340,2019-02-03 13:32:26,BTC,3.00140129,0.0,0.00000053,BTC,35272.55212317522,0.0,0.02224742,221
1,[],24,[],2019-02-03 13:32:26,0.0,0.000000350000,0.000000000012149165,6572341,2019-02-03 13:32:26,btc,0.0,0.0,0.000000350000,btc,0.0,0.0,0.0,221
1,[],20,[],2019-02-03 13:32:29,9583893.0917,0.000000005,0.0000000000001735595,6572342,2019-02-03 13:32:29,btc,2.4319931920157,407139.205,0.000000005,btc,5968437.8254,0.003668628012,0.0151498934543,224
0,[],22,[],2019-02-03 13:32:33,0.0,0,0,6572343,2019-02-03 13:32:33,,0.0,0.0,0,,0.0,0.0,0.0,224
1,[],26,[],2019-02-03 13:32:33,0.0,0.00000002,0.000000000000694238,6572344,2019-02-03 13:32:33,btc,0.0,3289.664,0.00000002,btc,0.0,0.0,0.0,231
1,[],26,[],2019-02-03 13:32:33,0.0,0.00000004,0.000000000001388476,6572345,2019-02-03 13:32:33,btc,0.0,2654.0,0.00000004,btc,0.0,0.0,0.0,234
0,[],27,[],2019-02-03 13:32:36,0.0,0,0,6572346,2019-02-03 13:32:36,,0.0113483662182,0.0,0,"btc,eth",11462.99618,0.0,0.0,234
0.00000000009809560000000001,[],22,[],2019-02-03 13:32:51,8720000.0,9.809560000000001e-19,3.40508465764e-23,6572347,2019-02-03 13:32:51,LTC,3.68017965,0.0,0.00000001,LTC,99030173.76551227,0.0,0.0872,235
1,[],4,[],2019-02-03 13:32:52,747603.24799081,0.00000067,0.000000000023256973,6572348,2019-02-03 13:32:52,btc,0.1613043794878825,0.0,0.00000067,btc,140747.44410576,0.04516969,0.1503758675163926,236
1,[],24,[],2019-02-03 13:32:52,0.0,0.000000010000,0.000000000000347119,6572349,2019-02-03 13:32:52,btc,0.0,0.0,0.000000010000,btc,0.0,0.0,0.0,236
1,[],20,[],2019-02-03 13:32:54,12708785.2717,0.00000006,0.000000000002082714,6572350,2019-02-03 13:32:54,btc,16.2305262938715,12128228.4205,0.00000006,btc,26034096.7751,0.7931626363315,0.3727602827908,237
1,[],22,[],2019-02-03 13:32:58,10000.0,0.00000001,0.000000000000347119,6572351,2019-02-03 13:32:58,BTC,0.04103605,0.0,0.00000001,BTC,6179.0,0.0,0.0001,237
1,[],4,[],2019-02-03 13:32:58,3365897.69615163,0.00000032,0.000000000011107808,6572352,2019-02-03 13:32:58,btc,0.9226686593462318,0.0,0.00000032,btc,2683545.56662001,0.21922883,0.9599053568089272,238
1,[],5,[],2019-02-03 13:33:00,3.64e-06,0.00000031,0.000000000010760689,6572353,2019-02-03 13:33:00,btc,0.7815144,0.06290963,0.00000031,btc,2.906e-05,0.0,0.22799766,238
1,[],22,[],2019-02-03 13:33:05,247742.5,0.00000004,0.000000000001388476,6572354,2019-02-03 13:33:05,BTC,15.41588668,0.0,0.00000004,BTC,310657.2139027493,0.00038902,0.00790982,249
0.00000000009809560000000001,[],22,[],2019-02-03 13:33:09,66437.0,3.9238240000000005e-18,1.362033863056e-22,6572355,2019-02-03 13:33:09,LTC,0.34015583,0.0,0.00000004,LTC,11638612.49,0.0,0.00116201,252
1,[],28,[],2019-02-03 13:33:13,2305708.428,0.00000009,0.0000000000031240710000000002,6572356,2019-02-03 13:33:13,btc,164692.27472170623,209877.2816,0.00000009,btc,718339.3995,0.0,0.07814442624,256
1,[],22,[],2019-02-03 13:33:18,105660.95238095238,0.00000007,0.000000000002429833,6572357,2019-02-03 13:33:18,BTC,35605.56385719,0.0,0.00000007,BTC,505765.34188300685,0.00072599,0.00255594,258
1,[],22,[],2019-01-26 20:58:41,368451.0,0.00000001,0.000000000000356135,6510120,2019-01-26 20:58:41,BTC,2.642917,0.0,0.00000001,"BTC,LTC",1862.0,0.0,0.02488451,259
1,[],22,[],2019-02-03 13:33:23,130.28,0.00000700,0.0000000002429833,6572358,2019-02-03 13:33:23,BTC,4.69280906,0.0,0.00000700,BTC,6723.3895107870885,0.01411456,0.00091196,262
1,[],5,[],2019-02-03 13:33:24,6.657e-05,0.00000310,0.00000000010760689,6572359,2019-02-03 13:33:24,btc,1.21484703,0.05247145,0.00000310,btc,0.00100605,0.0,0.20638795,264
1,[],20,[],2019-02-03 13:33:26,1175018.7825,0.00000256,0.000000000088862464,6572360,2019-02-03 13:33:26,btc,5.0075218154334,4415.7204,0.00000256,btc,95251.9909,0.019581134735,0.0341176350194,264
1,[],22,[],2019-02-03 13:33:31,135017.0,0.00000002,0.000000000000694238,6572361,2019-02-03 13:33:31,BTC,8.51280976,0.0,0.00000002,BTC,234407.83346478853,0.00011018,0.00220271,271
0,[],22,[],2019-02-03 13:33:58,0.0,0,0,6572362,2019-02-03 13:33:58,,368.98163014,0.0,0,,14553457703.9,0.0,0.0,272
0.0000000000000055,[],28,[],2019-02-03 13:34:02,254110267288.48,8.8e-21,3.0546472e-25,6572363,2019-02-03 13:34:02,doge,299071533.66711545,13651067368.3149,0.00000160,doge,171609753160.45508,0.0,9.389580834221607e-10,272
0,[],22,[],2019-02-03 13:34:06,0.0,0,0,6572364,2019-02-03 13:34:06,,0.0,0.0,0,,0.0,0.0,0.0,281
