pairValue,buyBook,exchangeId,sellBook,updated,buyTotal,satoshiPrice,usdPrice,exchangeLogId,created,bestPair,sellTotalBtc,volume,pairPrice,activePairs,sellTotal,volumeBtc,buyTotalBtc,coinId
0,[],2,[],2019-01-20 23:28:45,0.0,0,0,6477011,2019-01-20 23:28:45,,0.0,0.0,0,,0.0,0.0,0.0,1
1,[],3,[],2019-05-12 07:34:12,32409.57689945436,0.01090683999999999924390703398557889158837497234344482421875,0.0000008151325035559999,7618800,2019-05-12 07:34:12,btc,3.1974001265884775,93.8565102266,0.01090683999999999924390703398557889158837497234344482421875,btc,16.542992797493,0.0,0.6215309206866317,1
1,[],4,[],2019-05-12 07:34:13,251104.89473658,0.01065312,0.0000007961705110080001,7618801,2019-05-12 07:34:13,btc,9.855686075580898,0.0,0.01065312,btc,502.08422042,3.66218649,0.3855515595582161,1
1,[],5,[],2019-05-12 07:34:15,0.0,0,0,7618802,2019-05-12 07:34:15,btc,0.0,0.15523351,0,btc,0.0,0.0,0.0,1
1,[],10,[],2019-05-12 07:34:18,256482.48445933,0.00903627,0.0000006753337710930001,7618803,2019-05-12 07:34:18,btc,6525.374581930666,1721.35143784,0.00903627,btc,1480.0770357,0.0,3.550451549657633,1
1,[],12,[],2019-05-12 07:34:20,76.82537408,0.01076000000000000046684878185487832524813711643218994140625,0.000000804158284,7618804,2019-05-12 07:34:20,btc,0.1474720032683,0.0,0.01076000000000000046684878185487832524813711643218994140625,btc,9.98402751,1.0415795889544,0.3717200459896,1
1,[],20,[],2019-05-12 07:34:22,974.1259,0.010700254,0.0000007996931129186001,7618805,2019-05-12 07:34:22,btc,0.0772238284287,0.3437,0.010700254,btc,5.0718,0.0039672334444,0.1710729332746,1
1,[],21,[],2019-05-12 07:34:23,1843.49202212,0.01080786000000000073029138292,0.0000008077351441740001,7618806,2019-05-12 07:34:23,btc,14.95846854881062,8408.79600668,0.01080786000000000073029138292213247041217982769012451171875,"btc,eth",1642.74590022,83.85938957270665,12.658784351377514,1
0,[],22,[],2019-05-12 07:34:26,0.0,0,0,7618807,2019-05-12 07:34:26,,0.3163308,0.0,0,,0.2527518593615956,0.0,0.0,1
1,[],24,[],2019-05-12 07:34:26,0.0,0.000000000000,0,7618808,2019-05-12 07:34:26,btc,0.0,0.0,0.000000000000,btc,0.0,0.0,0.0,1
0.0,[],25,[],2019-05-12 07:34:27,0.0,0,0,7618809,2019-05-12 07:34:27,btc,31.16999999879175,599.40589817,0.0,btc,2819.18592948,6.6411,0.0,1
1,[],26,[],2019-05-12 07:34:30,0.0,0,0,7618810,2019-05-12 07:34:30,,0.0,0.0,0,,0.0,0.0,0.0,1
1,[],28,[],2019-05-12 07:34:32,987.9,0.01131000,0.000000845263029,7618811,2019-05-12 07:34:32,btc,0.160832048,349165.8298,0.01131000,btc,8.7307,0.0,0.024551096,1
1,[],5,[],2019-05-12 07:34:33,0.0,0,0,7618812,2019-05-12 07:34:33,btc,0.0,0.00048771,0,btc,0.0,0.0,0.0,2
1,[],22,[],2019-05-12 07:34:38,12625.0,0.00000018,0.000000000013452462,7618813,2019-05-12 07:34:38,BTC,21.00846647,0.0,0.00000018,"BTC,XMR",24148.96059725142,0.0,0.00158221,2
0,[],28,[],2019-05-12 07:34:41,0.0,0,0,7618816,2019-05-12 07:34:41,,0.0,0.0,0,,0.0,0.0,0.0,3
1,[],5,[],2019-05-12 07:34:39,0.0,0,0,7618814,2019-05-12 07:34:39,btc,0.0,0.11321642,0,btc,0.0,0.0,0.0,3
1,[],12,[],2019-05-12 07:34:40,3218341.64727,0.000000142,0.0000000000106124978,7618815,2019-05-12 07:34:40,btc,2714597.3601456084,0.0,0.000000142,btc,3444224.71678154,0.07512941924298105,0.34591605826507,3
0,[],2,[],2019-01-20 23:31:32,0.0,0,0,6477077,2019-01-20 23:31:32,,0.0,0.0,0,,0.0,0.0,0.0,4
1,[],4,[],2019-04-26 19:14:12,610911.70993152,0.00000026,0.000000000013566046,7471614,2019-04-26 19:14:12,btc,31.457742656463164,0.0,0.00000026,btc,718733.71307795,0.00142695,0.0638464483338706,4
0,[],12,[],2019-04-25 23:08:22,0.0,0,0,7459310,2019-04-25 23:08:22,btc,1111851.94727753,0.0,0,btc,953412.0,0.0,0.0,5
0,[],2,[],2019-01-20 23:31:51,0.0,0,0,6477087,2019-01-20 23:31:51,,0.0,0.0,0,,0.0,0.0,0.0,6
1,[],11,[],2019-05-12 00:02:31,5042415.307535999,0.00000001,0.00000000000072476,7617400,2019-05-12 00:02:31,btc,9576.518911699495,10000.0,0.00000001,btc,47478529.75253575,0.0,0.05042415307536,6
1,[],3,[],2019-05-12 07:34:42,11173.17374413774,0.0001397600000000000035858815916611774810007773339748382568359375,0.000000010445089384,7618817,2019-05-12 07:34:42,btc,14.361365026767118,72.2557011207,0.0001397600000000000035858815916611774810007773339748382568359375,btc,346.225549964109,0.0,0.039056605166877624,7
1,[],4,[],2019-05-12 07:34:42,57840.29021083,0.00013000,0.000000009715667,7618818,2019-05-12 07:34:42,btc,7.968490571718209,0.0,0.00013000,btc,35673.47483842,3.74124547,3.9184170066718957,7
1,[],5,[],2019-05-12 07:34:44,0.0,0,0,7618819,2019-05-12 07:34:44,btc,0.0,0.63617583,0,btc,0.0,0.0,0.0,7
1,[],20,[],2019-04-07 22:06:50,3201475.0482,0.000000001,0.000000000000051590000000000004,7213932,2019-04-07 22:06:50,btc,30.8005781811902,0.0,0.000000001,btc,23077405.3926,0.0,0.0032014750482,8
1,[],4,[],2019-05-12 07:34:47,23886241.37880427,0.00000059,0.000000000044094181,7618820,2019-05-12 07:34:47,btc,3.876871755860526,0.0,0.00000059,btc,3229167.49907053,1.24052726,0.9717703300732292,9
1,[],28,[],2019-05-12 07:34:49,18055.0,0.00000021,0.000000000015694539,7618821,2019-05-12 07:34:49,btc,2708.775233808764,3643761.0,0.00000021,btc,25766.3492,0.0,0.00186155,9
0,[],2,[],2019-01-20 23:22:42,0.0,0,0,6476876,2019-01-20 23:22:42,,0.0,0.0,0,,0.0,0.0,0.0,9
0,[],23,[],2019-01-20 23:22:48,0.0,0,0,6476878,2019-01-20 23:22:48,,0.0,0.0,0,,0.0,0.0,0.0,9
1,[],1,[],2019-02-17 23:31:42,1822507.21,0.00000181000000000000003456111265232042484285557293333113193511962890625,0.000000000066086901,6701244,2019-02-17 23:31:42,btc,3.6990969245,17153386.5,0.00000181000000000000003456111265232042484285557293333113193511962890625,btc,1997391.71,31.11772986,3.2610482446,9
1,[],4,[],2019-02-17 11:22:43,4341674.27126056,0.00000002,0.0000000000007272960000000001,6696112,2019-02-17 11:22:43,btc,0.1997230937751353,0.0,0.00000002,btc,4109766.79808031,0.00215132,0.0479381022052112,10
1,[],4,[],2019-05-12 07:34:50,9702759.44199763,0.00000078,0.000000000058294002,7618822,2019-05-12 07:34:50,btc,5.961701161867235,0.0,0.00000078,btc,4385338.91555516,1.07391658,4.000513112673555,12
1,[],5,[],2019-05-12 07:34:51,0.0,0,0,7618823,2019-05-12 07:34:51,btc,0.0,0.04800722,0,btc,0.0,0.0,0.0,12
0.0,[],25,[],2019-05-12 07:34:52,0.0,0,0,7618824,2019-05-12 07:34:52,,0.0,0.0,0.0,btc,0.0,0.0,0.0,12
0,[],2,[],2019-01-20 23:23:08,0.0,0,0,6476890,2019-01-20 23:23:08,,0.0,0.0,0,,0.0,0.0,0.0,12
1,[],4,[],2019-05-12 07:34:54,32172788.36442273,0.00000597,0.000000000446173323,7618825,2019-05-12 07:34:54,btc,2.4140877834903374,0.0,0.00000597,btc,295539.04714197,0.74369892,1.0041503612711686,13
1,[],10,[],2019-05-12 07:34:57,692044.08909385,0.00000582,0.00000000043496293800000004,7618826,2019-05-12 07:34:57,btc,666793.6452192578,27082.2196714,0.00000582,btc,738108.72355345,0.0,0.443699257199452,13
1,[],21,[],2019-05-12 07:34:58,2857283.3210540903,0.000005959999999999999687947099120,0.000000000445425964,7618827,2019-05-12 07:34:58,btc,3.5434399166643744,1706632.60907921,0.0000059599999999999996879470991195670848128429497592151165008544921875,btc,526751.98299202,10.35817738,14.7164607317615,13
1,[],4,[],2019-05-12 07:34:59,1010928.75198268,0.00000086,0.000000000064272874,7618828,2019-05-12 07:34:59,btc,8.181754842420544,0.0,0.00000086,btc,1266825.13719475,0.01015076,0.1691039602320197,14
1,[],12,[],2019-05-12 07:34:59,246170.92837834,0.00000085,0.000000000063525515,7618829,2019-05-12 07:34:59,btc,0.1187516700632496,0.0,0.00000085,btc,14931.03903504,0.0,0.0242830099999726,14
1,[],26,[],2019-05-12 07:37:00,0.0,0.00000050,0.00000000003736795,7618830,2019-05-12 07:37:00,btc,0.0,0.0,0.00000050,btc,0.0,0.0,0.0,14
0,[],17,[],2019-05-03 00:53:32,0.0,0,0,7558876,2019-05-03 00:53:32,btc,0.0,0.0,0,btc,0.0,0.0,0.0,14
0,[],4,[],2019-05-12 07:37:00,0.0,0,0,7618831,2019-05-12 07:37:00,,0.0,0.0,0,,0.0,0.0,0.0,15
,[],12,[],2018-12-01 15:15:48,204241.84496,0.00000489,0.000000000202473384,5260204,2018-12-01 15:15:48,btc,49.5475654835,0.0,,btc,35763.2193806,0.0163153972027625,0.0203389899998,15
1,[],4,[],2019-05-12 07:37:02,31807.83405689,0.00001211,0.000000000905051749,7618832,2019-05-12 07:37:02,btc,1.1015274668589314,0.0,0.00001211,btc,13697.58085322,0.10965065,0.0559816254564923,18
1,[],10,[],2019-05-12 07:37:05,334110.8766408,0.00001498,0.000000001119543782,7618833,2019-05-12 07:37:05,btc,15.409044996267472,1961.22724167,0.00001498,btc,9963.70135075,0.0,0.5009076251749479,18
1,[],12,[],2019-05-12 07:37:06,221534.52147522,0.000012049999999999999825291661925685815504039055667817592620849609375,0.0000000009005675950000001,7618834,2019-05-12 07:37:06,btc,33215.327314064445,0.0,0.000012049999999999999825291661925685815504039055667817592620849609375,btc,1734.8058711400001,0.0049249692728591,0.017316718545618,18
0,[],2,[],2019-01-20 23:23:38,0.0,0,0,6476906,2019-01-20 23:23:38,,0.0,0.0,0,,0.0,0.0,0.0,18
0,[],17,[],2019-05-03 00:53:39,0.0,0,0,7558882,2019-05-03 00:53:39,btc,0.0,0.0,0,btc,0.0,0.0,0.0,18
1,[],3,[],2019-05-12 07:39:06,163776.6016936878,0.0000128900000000000002531481968492954592875321395695209503173828125,0.000000000963345751,7618835,2019-05-12 07:39:06,btc,0.2563250768854595,877.526669329,0.0000128900000000000002531481968492954592875321395695209503173828125,btc,7252.566877867577,0.0,0.10237574397312572,19
1,[],4,[],2019-05-12 07:39:07,449102.92383649,0.00001251,0.000000000934946109,7618836,2019-05-12 07:39:07,btc,3.457701433244868,0.0,0.00001251,btc,114869.35889738,0.32357954,0.8195599933076628,19
1,[],5,[],2019-05-12 07:39:08,0.0,0,0,7618837,2019-05-12 07:39:08,btc,0.0,0.00540182,0,btc,0.0,0.0,0.0,19
1,[],12,[],2019-05-12 07:39:09,205688.08497796,0.00001103999999999999933101256510692422807551338337361812591552734375,0.000000000825084336,7618838,2019-05-12 07:39:09,btc,0.3000552002053881,0.0,0.00001103999999999999933101256510692422807551338337361812591552734375,btc,3025.34453584,0.0007320056451908,0.0834958699997848,19
1,[],27,[],2019-05-12 07:39:17,100.0,0.0000001,0.00000000000747359,7618839,2019-05-12 07:39:17,btc,0.0,0.0,0.0000001,btc,0.0,0.0,1e-05,19
0,[],2,[],2019-01-20 23:24:19,0.0,0,0,6476924,2019-01-20 23:24:19,,0.0,0.0,0,,0.0,0.0,0.0,19
1,[],4,[],2019-05-12 07:39:18,1835078.57391266,0.00000009,0.000000000006726231,7618840,2019-05-12 07:39:18,btc,5.279309685630553,0.0,0.00000009,btc,2279170.28595418,0.0,0.0608465352282092,20
1,[],4,[],2019-05-12 07:39:19,73278153.00551692,0.00000001,0.000000000000747359,7618841,2019-05-12 07:39:19,btc,1784.2863766580074,0.0,0.00000001,btc,55952389.84778949,0.00063487,0.7327815300551692,21
1,[],12,[],2019-05-12 07:39:20,5195602.0,0.00000001,0.0000000000007473590000000001,7618842,2019-05-12 07:39:20,btc,2895.661719010819,0.0,0.00000001,btc,7235925.79820176,0.00014799,0.05195602,21
0,[],17,[],2019-05-03 00:53:51,0.0,0,0,7558891,2019-05-03 00:53:51,btc,0.0,0.0,0,btc,0.0,0.0,0.0,21
1,[],12,[],2019-05-12 07:41:21,7667330073.296512,0.0000000005,0.000000000000037367950000000006,7618843,2019-05-12 07:41:21,btc,311121834957.6481,0.0,0.0000000005,btc,2677003530.2771277,0.10880303670779223,1.7795098316482558,23
0.0000000002696879,[],27,[],2019-05-12 07:41:27,15284978.0,5.393758e-18,4.0310735851220003e-22,7618844,2019-05-12 07:41:27,eth,183.903148536932,660421723.846,0.00000002,eth,5091730.1604,5.343232435798188e-09,5.0526858703732e-11,23
1,[],4,[],2019-05-12 07:41:28,813244.96984221,0.00000030,0.00000000002242077,7618845,2019-05-12 07:41:28,btc,13.895243465557634,0.0,0.00000030,btc,2048603.37394104,0.02459298,0.0463656643829524,24
1,[],22,[],2019-05-12 07:41:31,21.76,0.00000100,0.0000000000747359,7618846,2019-05-12 07:41:31,BTC,7.415e-05,0.0,0.00000100,BTC,23.919354838709676,0.0,1.186e-05,24
0.0,[],25,[],2019-05-12 07:41:32,0.0,0,0,7618847,2019-05-12 07:41:32,,0.0,0.0,0.0,btc,0.0,0.0,0.0,24
1,[],4,[],2019-05-12 07:41:33,26989077.36047832,0.00000414,0.000000000309406626,7618848,2019-05-12 07:41:33,btc,11.256862853518038,0.0,0.00000414,btc,341033.64098435,0.10754056,0.485527942885593,26
1,[],10,[],2019-05-12 07:41:35,158403.01675213,0.00000802,0.0000000005993819179999999,7618849,2019-05-12 07:41:35,btc,25.844553434816007,3427.64029769,0.00000802,btc,19849.69690304,0.0,0.0644974652522065,26
0,[],2,[],2019-01-20 23:25:56,0.0,0,0,6476976,2019-01-20 23:25:56,,0.0,0.0,0,,0.0,0.0,0.0,26
1,[],11,[],2019-04-30 04:16:17,7094566.83690364,0.00000006,0.000000000003115554,7518027,2019-04-30 04:16:17,btc,67504.138725751,6116.07566417,0.00000006,btc,6591680.7351637,0.0,0.38529422037817224,27
1,[],5,[],2019-04-26 09:47:06,0.0,0,0,7465326,2019-04-26 09:47:06,btc,0.0,0.0,0,btc,0.0,0.0,0.0,27
1,[],3,[],2019-04-28 02:38:55,141621.60361514,0.00000001,0.0000000000005253330000000001,7491060,2019-04-28 02:38:55,btc,2.501704004580372,921815.184511,0.00000001,btc,21091882.2176418,0.0,0.0014162160361513999,27
1,[],4,[],2019-05-12 07:41:36,1478722509.124315,0.00000001,0.000000000000747359,7618850,2019-05-12 07:41:36,btc,5.23726672251358,0.0,0.00000001,"btc,ltc",311439815.55229884,0.16949109,9.540697007803459,29
1,[],7,[],2019-05-12 07:41:38,113385941.7229273,0.00000001,0.0000000000007473590000000001,7618851,2019-05-12 07:41:38,btc,46550610.59725664,0.0,0.00000001,btc,43199036.32242329,0.0,1.133859417229273,29
1,[],4,[],2019-05-12 07:41:38,1641646.21107525,0.00000011,0.000000000008220949,7618852,2019-05-12 07:41:38,btc,2.6021499081123864,0.0,0.00000011,btc,2065074.61180797,0.0001954,0.0387042324122797,30
0,[],17,[],2019-05-03 01:11:25,0.0,0,0,7559066,2019-05-03 01:11:25,btc,0.0,0.0,0,btc,0.0,0.0,0.0,30
1,[],4,[],2019-05-12 07:43:40,203427.93464878,0.00004578,0.0000000034214095020000002,7618853,2019-05-12 07:43:40,btc,6.267101768163984,0.0,0.00004578,btc,63574.16042068,2.11920267,0.4678143455785813,31
1,[],21,[],2019-05-12 07:43:41,99523.52765305,0.00004500999999999999765616306990,0.0000000033638628589999998,7618854,2019-05-12 07:43:41,btc,4.623672547365021,365128.16851156,0.0000450099999999999976561630699034566305272164754569530487060546875,btc,88223.75455802,18.77961869,2.6991308220553503,31
0,[],2,[],2019-01-20 23:28:43,0.0,0,0,6477009,2019-01-20 23:28:43,,0.0,0.0,0,,0.0,0.0,0.0,32
0,[],4,[],2019-05-12 07:43:42,0.0,0,0,7618855,2019-05-12 07:43:42,,0.0,0.0,0,,0.0,0.0,0.0,33
1,[],12,[],2019-03-30 07:55:10,40641173.964,0.00000003,0.000000000001228359,7108785,2019-03-30 07:55:10,btc,4233210.82356125,0.0,0.00000003,btc,28378394.68333462,0.0126927883965248,0.90752895892,33
0,[],4,[],2019-05-12 07:43:43,0.0,0,0,7618856,2019-05-12 07:43:43,,3.1319064384283384,0.0,0,,138651084.68517295,0.01443096,0.0,34
1,[],5,[],2019-05-12 07:43:44,0.0,0,0,7618857,2019-05-12 07:43:44,btc,0.0,0.0017182,0,btc,0.0,0.0,0.0,34
0.000000000133684,[],4,[],2019-05-02 18:17:45,3384239970.6360936,1.3368400000000002e-18,7.293946092400001e-23,7556428,2019-05-02 18:17:45,ltc,5.381102735485169e-08,0.0,0.00000001,ltc,6862894551.7408495,0.0,4.524187362345155e-09,36
1,[],5,[],2019-05-02 18:17:46,0.0,0,0,7556429,2019-05-02 18:17:46,btc,0.0,0.0,0,btc,0.0,0.0,0.0,36
0.0000000002926451,[],17,[],2019-05-02 18:17:47,200000.0,2.9264510000000002e-18,1.596703856561e-22,7556430,2019-05-02 18:17:47,eth,0.20942468735267253,0.0,0.00000001,"btc,eth",1018272.20243647,0.0,5.852902e-13,36
0.000000000133684,[],27,[],2019-05-02 18:17:55,7883196.008,1.3368400000000002e-18,7.293946092400001e-23,7556431,2019-05-02 18:17:55,ltc,25567.4086131264,0.0,0.00000001,"ltc,eth",21753551.64,0.0,1.0538571751334722e-11,36
1,[],4,[],2019-05-12 07:43:46,256147.07893174,0.00000021,0.000000000015694539,7618858,2019-05-12 07:43:46,btc,19772.871286771497,0.0,0.00000021,btc,952051.77150569,0.00690577,0.0179824886774792,37
1,[],12,[],2019-05-12 07:43:47,2072991.7142856999,0.00000021,0.000000000015694539,7618859,2019-05-12 07:43:47,btc,19604.336611079016,0.0,0.00000021,btc,404502.89143952,0.0181181408089721,0.238639289999997,37
1,[],27,[],2019-05-12 07:45:53,1600.0,0.00000015,0.000000000011210385,7618860,2019-05-12 07:45:53,btc,24.12824334291843,0.0,0.00000015,btc,5839.49448498,0.0,3e-05,37
1,[],17,[],2019-05-03 01:11:36,211752.74075282,0.00000025,0.000000000013700074999999998,7559074,2019-05-03 01:11:36,btc,0.055484923955058496,0.0,0.00000025,"btc,eth",1387.19918473,0.0,0.0005381851887916605,37
1,[],5,[],2019-05-12 07:45:55,0.0,0,0,7618861,2019-05-12 07:45:55,btc,0.0,0.04422749,0,btc,0.0,0.0,0.0,42
1,[],12,[],2019-05-12 07:45:56,356368.73069893,0.00000235999999999999985085389654637655354463277035392820835113525390625,0.00000000017637672399999999,7618862,2019-05-12 07:45:56,btc,2227607.6859243647,0.0,0.00000235999999999999985085389654637655354463277035392820835113525390625,btc,89390.38206071,0.3565537769531436,0.0768576998027781,42
1,[],27,[],2019-05-12 07:46:06,506.0,0.00000002,0.000000000001494718,7618863,2019-05-12 07:46:06,btc,1.22636089793465,0.0,0.00000002,"btc,eth",1336.4475157,0.0,3.000000419526497e-06,42
1,[],12,[],2019-03-13 09:13:29,1112112.0,0.00000001,0.000000000000386531,6919902,2019-03-13 09:13:29,btc,29058.00478931866,0.0,0.00000001,btc,5967681.93306694,9.99000999e-07,0.01112112,43
1,[],5,[],2019-04-26 22:38:52,0.0,0,0,7474154,2019-04-26 22:38:52,btc,0.0,0.02638891,0,btc,0.0,0.0,0.0,43
0,[],17,[],2019-04-26 22:38:53,0.0,0,0,7474155,2019-04-26 22:38:53,btc,0.0,0.0,0,btc,0.0,0.0,0.0,43
1,[],12,[],2019-03-05 01:54:08,639326.02,0.00000004,0.000000000001486676,6845775,2019-03-05 01:54:08,btc,11116042.728239931,0.0,0.00000004,btc,1103841.4595604,0.0003330765234764,0.014975410599999999,44
1,[],4,[],2019-05-12 07:46:07,123987659.20243907,0.00000001,0.000000000000747359,7618864,2019-05-12 07:46:07,btc,436.8419112459641,0.0,0.00000001,"btc,ltc",23807222.99342435,0.00016625,0.22250205675092316,49
1,[],4,[],2019-05-12 07:46:08,80404029.02225469,0.00000001,0.000000000000747359,7618865,2019-05-12 07:46:08,btc,21662.399306006857,0.0,0.00000001,"btc,ltc",119066425.92027475,0.02625726,0.013190097195560364,52
0,[],22,[],2019-05-12 07:46:11,0.0,0,0,7618866,2019-05-12 07:46:11,,10289.64343849,0.0,0,,311140042.4566013,0.0,0.0,57
0,[],27,[],2019-05-12 07:48:15,0.0,0,0,7618867,2019-05-12 07:48:15,,0.0,0.0,0,"btc,eth",0.0,0.0,0.0,57
0.0000000001244952,[],4,[],2019-05-12 07:48:17,813466899.2421304,1.244952e-18,9.30426081768e-23,7618868,2019-05-12 07:48:17,ltc,19.11026248761494,0.0,0.00000001,ltc,6161638755.671694,0.0,1.012727243145289e-09,58
1,[],12,[],2019-05-12 07:48:18,1485421004.0,0.0000000001,0.000000000000007473590000000001,7618869,2019-05-12 07:48:18,btc,118395120.65464772,0.0,0.0000000001,btc,4552382877.958051,0.009521456289510488,0.14854210040000002,58
0.0000000001079641,[],22,[],2019-05-12 07:50:22,137323.0,1.079641e-18,8.06879418119e-23,7618870,2019-05-12 07:50:22,XMR,69.17947824,0.0,0.00000001,XMR,9887848.044444444,0.0,0.00137323,58
1,[],17,[],2019-05-03 01:12:09,1200000.0,0.0000000001,0.00000000000000548003,7559085,2019-05-03 01:12:09,btc,1e+24,0.0,0.0000000001,"btc,eth",39516342.31952568,0.0,0.00010000000058666061,58
1,[],5,[],2019-05-12 07:50:25,0.0,0,0,7618871,2019-05-12 07:50:25,btc,0.0,0.04328822,0,btc,0.0,0.0,0.0,61
1,[],22,[],2019-05-12 07:50:28,13613.833333333334,0.00000012,0.000000000008968308,7618872,2019-05-12 07:50:28,BTC,1002.29626883,0.0,0.00000012,BTC,15392.180177125656,0.0,0.00153269,61
1,[],26,[],2019-05-12 07:50:28,0.0,0.00000050,0.00000000003736795,7618873,2019-05-12 07:50:28,btc,0.0,0.0,0.00000050,btc,0.0,0.0,0.0,61
0.0000000002696879,[],27,[],2019-05-12 07:50:40,100000.0,2.696879e-18,2.0155367925610001e-22,7618874,2019-05-12 07:50:40,eth,1.9482732497246655,0.0,0.00000001,"btc,eth",13266.51663696,0.0,2.696879e-13,61
1,[],28,[],2019-05-12 07:50:43,1039.304,0.00000008,0.000000000005978872,7618875,2019-05-12 07:50:43,btc,2.056501795415105,756.0,0.00000008,btc,10022.46650005,0.0,2.439304e-05,61
1,[],4,[],2019-05-12 07:50:44,1197014.05954539,0.00000098,0.00000000007324118200000001,7618876,2019-05-12 07:50:44,btc,2.117151966589147,0.0,0.00000098,btc,710689.93956404,0.07111451,0.7761281702655572,67
0.0,[],25,[],2019-05-12 07:50:45,0.0,0,0,7618877,2019-05-12 07:50:45,,0.0,0.0,0.0,btc,0.0,0.0,0.0,67
1,[],12,[],2019-05-12 07:50:47,1442889.0,0.00000009,0.000000000006726231,7618878,2019-05-12 07:50:47,btc,55556353.35012848,0.0,0.00000009,btc,1477031.72929508,0.0025198784715283,0.02184871,71
,[],5,[],2018-11-20 23:02:39,1.5e-07,0.00000005,0.000000000002128045,4862160,2018-11-20 23:02:39,btc,2.84511358,0.0,,btc,0.00036572,0.0,0.07381892,74
1,[],5,[],2019-05-12 07:50:49,0.0,0,0,7618879,2019-05-12 07:50:49,btc,0.0,0.00962224,0,btc,0.0,0.0,0.0,75
0,[],4,[],2019-05-12 07:50:50,0.0,0,0,7618880,2019-05-12 07:50:50,,133647.3445887475,0.0,0,,34200062.02546142,0.00116741,0.0,81
0,[],20,[],2019-01-25 09:30:31,0.0,0,0,6495923,2019-01-25 09:30:31,btc,0.0,0.0,0,btc,0.0,0.0,0.0,81
1,[],4,[],2019-05-12 07:50:52,25793.25392687,0.00006844,0.000000005114924996,7618881,2019-05-12 07:50:52,btc,18.382330242826498,0.0,0.00006844,btc,23068.16675375,1.16168206,0.1901568090458012,82
1,[],21,[],2019-05-12 07:50:53,247395.60031739,0.00006506000000000000389570320447,0.000000004862317654000001,7618882,2019-05-12 07:50:53,btc,3.595768083799299,20837.49106366,0.00006506000000000000389570320447063522806274704635143280029296875,btc,48104.52372402,1.35586342,1.3339099957123863,82
0,[],17,[],2019-03-25 22:42:34,0.0,0,0,7038780,2019-03-25 22:42:34,btc,0.0445064681804024,0.0,0,btc,995513.18476001,0.0,0.0,84
0.00000000013644,[],4,[],2019-05-01 19:17:39,299701867.376,1.3644e-18,7.259508504e-23,7542161,2019-05-01 19:17:39,ltc,1.6769037726995486,0.0,0.00000001,ltc,427823536.87452894,0.00010978,4.089132278478144e-10,85
,[],22,[],2018-11-20 23:09:34,3408.1,0.0000001,0.0000000000041895,4862324,2018-11-20 23:09:34,BTC,0.04624735,0.0,,BTC,4990.0,0.0,0.00033081,86
1,[],22,[],2019-05-12 07:50:57,85999.0,0.00000001,0.000000000000747359,7618883,2019-05-12 07:50:57,BTC,3.66445213,0.0,0.00000001,BTC,336978.29736842104,4e-05,0.00085999,87
1,[],27,[],2019-05-12 07:51:05,10674.0,0.00000001,0.000000000000747359,7618884,2019-05-12 07:51:05,btc,4.960708560736,0.0,0.00000001,btc,10217.62841,0.0,0.00010674,87
,[],2,[],2018-11-20 23:10:47,0.0,0,0,4862359,2018-11-20 23:10:47,,0.0,0.0,,,0.0,0.0,0.0,88
1,[],11,[],2019-05-12 07:51:08,77160.84584215,0.00013622999999999998825550573400278153712861239910125732421875,0.000000010181271657,7618885,2019-05-12 07:51:08,btc,176.8961408808928,835.600142,0.00013622999999999998825550573400278153712861239910125732421875,btc,191659.43527634,0.0,4.33532717997291,89
0,[],2,[],2019-01-20 23:31:45,0.0,0,0,6477083,2019-01-20 23:31:45,,0.0,0.0,0,,0.0,0.0,0.0,91
1,[],12,[],2019-05-12 07:51:09,456083.92873948,0.00000026,0.000000000019431334000000002,7618886,2019-05-12 07:51:09,btc,89.86042983860449,0.0,0.00000026,btc,195614.06582079,0.0031777146349259,0.0412861543722648,91
1,[],22,[],2019-05-12 07:53:13,76014.0,0.0000008,0.00000000005978872,7618887,2019-05-12 07:53:13,BTC,0.1,0.0,0.0000008,"BTC,LTC",1.0,0.0,0.0017135,91
0,[],17,[],2019-05-03 01:12:26,0.0,0,0,7559096,2019-05-03 01:12:26,btc,0.0,0.0,0,btc,0.0,0.0,0.0,91
1,[],22,[],2019-04-09 20:17:52,374949.73333333334,0.00000015,0.000000000007771935,7235704,2019-04-09 20:17:52,BTC,6.87372503,0.0,0.00000015,"BTC,LTC",159980.01196797504,1.1e-05,0.80510266,95
0.0000000001244952,[],4,[],2019-05-12 07:55:13,548914181.0780879,7.469712e-17,5.5825564906080005e-21,7618888,2019-05-12 07:55:13,ltc,1.4342986379282527e-08,0.0,0.0000006,ltc,19818085.26278921,0.0,1.4399767897118132e-09,96
0,[],12,[],2019-05-12 07:55:14,0.0,0,0,7618889,2019-05-12 07:55:14,btc,25054.270821486472,0.0,0,btc,7546854.46658341,2.3576423576e-06,0.0,96
0,[],17,[],2019-05-03 01:12:32,0.0,0,0,7559100,2019-05-03 01:12:32,btc,0.0,0.0,0,btc,0.0,0.0,0.0,96
1,[],4,[],2019-04-14 03:32:46,1039404.33283278,0.00000038,0.000000000019245518,7293458,2019-04-14 03:32:46,btc,4.170086055365747,0.0,0.00000038,btc,3097704.34561074,0.06260606,0.1859928211030784,99
1,[],4,[],2019-05-12 07:57:16,383226.77085261,0.00003455,0.0000000025821253450000003,7618890,2019-05-12 07:57:16,btc,6.989027237929424,0.0,0.00003455,btc,119933.15370779,0.49849341,0.4936302987374607,100
0,[],2,[],2019-01-20 23:23:55,0.0,0,0,6476914,2019-01-20 23:23:55,,0.0,0.0,0,,0.0,0.0,0.0,100
1,[],22,[],2019-05-12 07:57:19,130000.0,0.00000001,0.000000000000747359,7618891,2019-05-12 07:57:19,BTC,24.83526409,0.0,0.00000001,BTC,11187.719,0.0,0.0013,101
1,[],4,[],2019-05-12 07:57:21,602435.82731684,0.00000553,0.000000000413289527,7618892,2019-05-12 07:57:21,btc,255.05498090382,0.0,0.00000553,btc,375577.76333906,1.81860961,0.733807696864036,103
1,[],12,[],2019-05-12 07:57:24,101706138.76392001,0.000000005,0.00000000000037367950000000004,7618893,2019-05-12 07:57:24,btc,468525272.75556034,0.0,0.000000005,btc,109967496.54471982,0.05169360666250803,0.24735995896776006,105
0,[],27,[],2019-05-12 07:57:30,0.0,0,0,7618894,2019-05-12 07:57:30,,0.0584885651331397,0.0,0,btc,600596.63747933,0.0,0.0,105
1,[],22,[],2019-04-21 00:17:26,21333.0,0.00000001,0.000000000000532493,7385819,2019-04-21 00:17:26,BTC,51.38182867,0.0,0.00000001,BTC,470435.0,0.0,0.00021333,107
1,[],26,[],2019-04-21 00:17:26,0.0,0.00000000,0,7385820,2019-04-21 00:17:26,btc,0.0,0.0,0.00000000,btc,0.0,0.0,0.0,107
1,[],5,[],2019-05-12 07:57:32,0.0,0,0,7618895,2019-05-12 07:57:32,btc,0.0,0.0,0,btc,0.0,0.0,0.0,112
1,[],22,[],2019-05-12 07:57:36,79003.0,0.00000001,0.000000000000747359,7618896,2019-05-12 07:57:36,BTC,2.78774668,0.0,0.00000001,BTC,1151913.0833333333,0.00229029,0.00079003,112
1,[],27,[],2019-05-12 07:57:44,1.0,0.00000001,0.000000000000747359,7618897,2019-05-12 07:57:44,btc,1.25032588,0.0,0.00000001,"btc,eth",1819.0,0.0,1e-08,112
1,[],4,[],2019-05-12 07:57:45,358780.00249293,0.00000153,0.000000000114345927,7618898,2019-05-12 07:57:45,btc,4.767153597292276,0.0,0.00000153,btc,520441.78181624,0.01361059,0.197558431968449,113
1,[],5,[],2019-05-12 07:57:47,0.0,0,0,7618899,2019-05-12 07:57:47,btc,0.0,1.77e-06,0,btc,0.0,0.0,0.0,113
1,[],17,[],2019-04-26 02:17:47,162738.278,0.00000004,0.0000000000021069000000000002,7461287,2019-04-26 02:17:47,btc,1.3331140273775473,0.0,0.00000004,btc,51796.221,0.0,0.00230953112,116
0,[],27,[],2019-04-26 02:19:51,0.0,0,0,7461288,2019-04-26 02:19:51,,0.0,0.0,0,,0.0,0.0,0.0,116
1,[],4,[],2019-05-07 20:09:28,131822.85721655,0.00001022,0.00000000060230548,7572994,2019-05-07 20:09:28,btc,132.18460413545117,0.0,0.00001022,btc,268070.13193351,0.06918336,1.0489745103085106,120
1,[],7,[],2019-05-07 20:09:30,9501.79941055,0.000011699999999999999788190263583231853772304020822048187255859375,0.0000000006895277999999999,7572995,2019-05-07 20:09:30,btc,231185.88817567716,62.23644451,0.000011699999999999999788190263583231853772304020822048187255859375,btc,4076.97424313,0.00072692,0.018013380795019,120
1,[],20,[],2019-04-07 18:42:29,1914137.0852,0.000000035,0.0000000000017871910000000002,7211992,2019-04-07 18:42:29,btc,32.2497668025648,25528.85,0.000000035,btc,1001975.4986,0.00089350975,0.0152723574729,125
1,[],22,[],2019-05-12 07:57:52,10000.0,0.00000001,0.000000000000747359,7618900,2019-05-12 07:57:52,BTC,0.032061,0.0,0.00000001,BTC,299316.7611111111,0.0,0.0001,126
1,[],4,[],2019-05-12 07:57:53,1855301.80787769,0.00000644,0.0000000004812991960000001,7618901,2019-05-12 07:57:53,btc,3.348225085510558,0.0,0.00000644,btc,168763.81836853,0.07733396,0.3261441520719373,131
0,[],2,[],2019-01-20 23:25:46,0.0,0,0,6476969,2019-01-20 23:25:46,,0.0,0.0,0,,0.0,0.0,0.0,131
1,[],17,[],2019-05-03 01:13:10,10000.0,0.00000001,0.000000000000548003,7559115,2019-05-03 01:13:10,btc,0.0953976503951408,0.0,0.00000001,btc,5037.62507334,0.0,0.0001,131
1,[],4,[],2019-05-12 07:23:23,4714.13438569,0.00010321,0.00000000760492564,7618749,2019-05-12 07:23:23,btc,6.011839234540249,0.0,0.00010321,btc,195.61424306,0.0,0.0074717379537423,135
1,[],3,[],2019-05-12 07:23:24,30005.0,0.00000001,0.00000000000073684,7618750,2019-05-12 07:23:24,btc,0.2039354059486088,749616.391393,0.00000001,btc,1718704.31412391,0.0,0.00030005,136
1,[],4,[],2019-05-12 07:23:25,2398556.65316543,0.00000184,0.00000000013557856,7618751,2019-05-12 07:23:25,btc,318.43335130767673,0.0,0.00000184,btc,515383.76490557,0.07354185,0.5883998401885429,137
1,[],12,[],2019-05-12 07:23:27,324760.60573134,0.00000199999999999999990949622365177251737122787744738161563873291015625,0.00000000014736799999999999,7618752,2019-05-12 07:23:27,btc,48531.231216117056,0.0,0.00000199999999999999990949622365177251737122787744738161563873291015625,btc,39593.6066523,0.0019155431245104,0.0244927857271312,137
1,[],4,[],2019-05-12 07:23:29,56032.28039287,0.00002852,0.0000000021014676799999998,7618753,2019-05-12 07:23:29,btc,5.272989409268531,0.0,0.00002852,btc,75294.25338707,0.25853433,0.2188078573569558,142
1,[],5,[],2019-05-12 07:23:30,0.0,0,0,7618754,2019-05-12 07:23:30,btc,0.0,0.03748262,0,btc,0.0,0.0,0.0,142
1,[],20,[],2019-05-12 07:25:32,162675.3938,0.00002857,0.00000000210515188,7618755,2019-05-12 07:25:32,btc,1.7319056844707,324.8647,0.00002857,btc,8790.6601,0.010558257533,0.046531156874,142
1,[],22,[],2019-05-12 07:25:36,1370.0,0.00000200,0.00000000014736799999999999,7618756,2019-05-12 07:25:36,BTC,3.2756588,0.0,0.00000200,BTC,1135.5948275773155,0.0,0.0003632,142
0.0,[],25,[],2019-05-12 07:25:38,0.0,0,0,7618757,2019-05-12 07:25:38,,0.0,0.0,0.0,btc,0.0,0.0,0.0,142
1,[],28,[],2019-05-12 07:26:17,79102.0,0.00003311,0.00000000243967724,7618758,2019-05-12 07:26:17,btc,0.0555251924,238915.6893,0.00003311,btc,438.37303,0.0,0.07347342,142
1,[],17,[],2019-05-03 01:13:16,32967.38636364,0.00000088,0.000000000048224264,7559122,2019-05-03 01:13:16,btc,20.06976206696776,0.0,0.00000088,btc,2746.079105,0.0,0.0105613000000032,142
0,[],22,[],2019-05-12 07:26:19,0.0,0,0,7618759,2019-05-12 07:26:19,,64.16505383,0.0,0,,688775795.8,0.0,0.0,143
0,[],22,[],2019-02-25 15:42:22,0.0,0,0,6783783,2019-02-25 15:42:22,,4.2131946,0.0,0,,2322156.0,0.0,0.0,146
,[],22,[],2018-11-20 23:01:11,0.0,0,0,4862114,2018-11-20 23:01:11,,2.56807021,0.0,,,61828.4988236,0.0,0.0,147
1,[],12,[],2019-04-21 06:38:04,193091.5971266,0.00000071,0.000000000037635183,7388679,2019-04-21 06:38:04,btc,2.301232411611175,0.0,0.00000071,btc,9957.48302385,0.00023528,0.0313308199999888,148
1,[],4,[],2019-03-19 21:31:25,255810.0415942,0.00000029,0.000000000011615747,6982695,2019-03-19 21:31:25,btc,218.94922712414143,0.0,0.00000029,btc,793529.37642722,0.00117,0.0608347789473395,152
0,[],22,[],2019-03-19 21:31:27,0.0,0,0,6982696,2019-03-19 21:31:27,,0.0,0.0,0,,0.0,0.0,0.0,152
1,[],5,[],2019-04-26 09:36:59,0.0,0,0,7465040,2019-04-26 09:36:59,btc,0.0,0.0,0,btc,0.0,0.0,0.0,153
,[],16,[],2019-01-11 15:38:59,0.0,0,0,6366141,2019-01-11 15:38:59,btc,0.0,0.0,,btc,0.0,0.0,0.0,155
0,[],22,[],2019-05-11 16:24:45,0.0,0,0,7616280,2019-05-11 16:24:45,,6.80191271,0.0,0,,4673448.342592592,0.0,0.0,156
0,[],23,[],2019-01-20 23:24:29,0.0,0,0,6476932,2019-01-20 23:24:29,,0.0,0.0,0,,0.0,0.0,0.0,156
1,[],22,[],2019-05-12 07:26:22,7066.0,0.00000800,0.0000000005894719999999999,7618760,2019-05-12 07:26:22,BTC,1.79802465,0.0,0.00000800,BTC,802.6461988741639,0.0,0.00062996,157
0,[],22,[],2019-05-07 22:25:46,0.0,0,0,7574238,2019-05-07 22:25:46,,50234.60468402,0.0,0,,54786159.03179465,0.0,0.0,158
,[],17,[],2018-11-20 22:56:10,0.0,0,0,4861976,2018-11-20 22:56:10,btc,1.1265625,0.0,,btc,1000.0,0.0,0.0,159
,[],20,[],2018-11-20 22:56:12,0.0,0,0,4861977,2018-11-20 22:56:12,btc,11912.7940471,0.0,,btc,34413894.3617,0.0,0.0,159
1,[],12,[],2019-05-12 07:26:23,260645.94631706,0.00000279999999999999987329471311248152431971902842633426189422607421875,0.00000000020631519999999999,7618761,2019-05-12 07:26:23,btc,23.175169442183208,0.0,0.00000279999999999999987329471311248152431971902842633426189422607421875,btc,12626.91716398,0.0,0.0365683974998658,168
1,[],17,[],2019-05-03 01:13:36,42852.0,0.00000002,0.000000000001096006,7559132,2019-05-03 01:13:36,btc,0.04279856251542,0.0,0.00000002,btc,274.46171372,0.0,0.00052852,168
1,[],22,[],2019-05-07 03:57:18,743122.0,0.00000001,0.000000000000593596,7562020,2019-05-07 03:57:18,BTC,41.40912107,0.0,0.00000001,BTC,1593401.2737547632,0.00342649,0.00743122,169
1,[],22,[],2019-05-12 07:28:27,255790.0,0.00000003,0.0000000000022105199999999998,7618762,2019-05-12 07:28:27,BTC,27.85826033,0.0,0.00000003,BTC,430558.99483480485,4e-06,0.0037957,171
1,[],22,[],2019-05-12 07:28:31,215028.2,0.00000014,0.00000000001031576,7618763,2019-05-12 07:28:31,BTC,823.68608684,0.0,0.00000014,"BTC,LTC",702800.1427935044,0.00499557,0.01305882,173
1,[],5,[],2019-05-06 19:49:32,0.0,0,0,7559281,2019-05-06 19:49:32,btc,0.0,0.00023336,0,btc,0.0,0.0,0.0,175
1,[],22,[],2019-05-12 07:28:34,90671.0,0.00000001,0.00000000000073684,7618764,2019-05-12 07:28:34,BTC,394.35459412,0.0,0.00000001,BTC,136275.61833431243,0.0,0.00090671,176
0,[],2,[],2019-01-20 23:28:34,0.0,0,0,6477001,2019-01-20 23:28:34,,0.0,0.0,0,,0.0,0.0,0.0,178
1,[],7,[],2019-05-12 07:28:35,0.0,0,0,7618765,2019-05-12 07:28:35,btc,520274.2870788149,0.0,0,btc,27457332.23673972,0.0,0.0,178
0,[],22,[],2019-05-12 07:28:38,0.0,0,0,7618766,2019-05-12 07:28:38,,1.00242428,0.0,0,,57512.0,0.0,0.0,178
0,[],23,[],2019-01-20 23:25:08,0.0,0,0,6476952,2019-01-20 23:25:08,,0.0,0.0,0,,0.0,0.0,0.0,179
1,[],5,[],2019-05-12 07:28:39,0.0,0,0,7618767,2019-05-12 07:28:39,btc,0.0,0.11270591,0,btc,0.0,0.0,0.0,179
1,[],22,[],2019-05-12 07:28:44,2002703.0,0.00000001,0.00000000000073684,7618768,2019-05-12 07:28:44,BTC,5.33706243,0.0,0.00000001,BTC,14245808.411946677,4.813e-05,0.02002703,179
1,[],22,[],2019-05-12 07:30:47,640760.221048321,0.00000175,0.000000000128947,7618769,2019-05-12 07:30:47,BTC,39.25235933,0.0,0.00000175,"BTC,LTC",38001.65532130474,0.03812759,0.55502989,180
1,[],26,[],2019-05-12 07:30:48,0.0,0.00000250,0.00000000018421,7618770,2019-05-12 07:30:48,btc,0.0,250.0,0.00000250,btc,0.0,0.0,0.0,180
1,[],17,[],2019-05-03 01:13:56,20504.725000000002,0.0000001,0.00000000000548003,7559141,2019-05-03 01:13:56,btc,5.2010695838400265,0.0,0.0000001,btc,5033.45945,0.0,0.0011504725,180
,[],7,[],2018-11-20 22:58:01,562227.975654,0.00000085,0.000000000036176765,4862015,2018-11-20 22:58:01,btc,21836.6059674,2491.87645172,,btc,749999.041456,0.00211021,0.127565380455,183
,[],5,[],2019-01-10 08:11:41,0.0,0,0,6347036,2019-01-10 08:11:41,btc,82.15055501,0.00261,,btc,1.19002445,0.0,0.0,187
1,[],24,[],2019-04-30 17:34:05,0.0,0.000000000014,7.396256000000001e-16,7526291,2019-04-30 17:34:05,btc,0.0,0.0,0.000000000014,btc,0.0,0.0,0.0,187
,[],17,[],2018-11-16 20:58:10,4062536.27273,0.00000001,0.000000000000550501,4708775,2018-11-16 20:58:10,btc,3.36492563466,0.195460381006,,"btc,eth",110697919.549,0.0,0.0157628953496,187
0,[],22,[],2019-04-25 02:54:07,0.0,0,0,7447896,2019-04-25 02:54:07,,7.54794454,0.0,0,,76361.7243344055,0.0,0.0,191
0,[],22,[],2019-05-12 07:30:53,0.0,0,0,7618771,2019-05-12 07:30:53,,0.0,0.0,0,,0.0,0.0,0.0,197
0,[],23,[],2019-01-20 23:31:41,0.0,0,0,6477079,2019-01-20 23:31:41,,0.0,0.0,0,,0.0,0.0,0.0,199
0.0000000001239987,[],22,[],2019-05-12 07:30:57,53154099.0,2.4799740000000003e-18,1.82734404216e-22,7618772,2019-05-12 07:30:57,LTC,7.64521369,0.0,0.00000002,LTC,35260436.0,6.4212280399680006e-12,0.60907817,199
1,[],26,[],2019-05-12 07:30:57,0.0,0.00000000,0,7618773,2019-05-12 07:30:57,btc,0.0,0.0,0.00000000,btc,0.0,0.0,0.0,199
0,[],2,[],2019-01-20 23:30:49,0.0,0,0,6477059,2019-01-20 23:30:49,,0.0,0.0,0,,0.0,0.0,0.0,201
1,[],4,[],2019-01-25 15:51:35,2084389.58565343,0.00000936,0.000000000333526752,6499557,2019-01-25 15:51:35,btc,2.0092503037378524,0.0,0.00000936,btc,160195.80207885,0.19272417,1.242687955921835,211
1,[],7,[],2019-05-12 07:31:00,13711531.288592199,0.00000083,0.00000000006115772,7618774,2019-05-12 07:31:00,btc,15200781.763575846,190305.442343,0.00000083,btc,13671297.58688425,0.0,1.083678050707259,212
1,[],5,[],2019-05-07 13:02:51,0.0,0,0,7566706,2019-05-07 13:02:51,btc,0.0,0.43032184,0,btc,0.0,0.0,0.0,213
1,[],24,[],2019-05-07 13:02:52,0.0,0.000000050000,0.000000000002968865,7566707,2019-05-07 13:02:52,btc,0.0,0.0,0.000000050000,btc,0.0,0.0,0.0,213
1,[],26,[],2019-05-07 13:02:52,0.0,0.00000040,0.00000000002375092,7566708,2019-05-07 13:02:52,btc,0.0,0.0,0.00000040,btc,0.0,0.0,0.0,213
1,[],12,[],2019-01-25 02:44:32,207462.42853209,0.000001080000000000000035831255497387193287295303889550268650054931640625,0.000000000038610756000000006,6493050,2019-01-25 02:44:32,btc,85023.03793723314,0.0,0.000001080000000000000035831255497387193287295303889550268650054931640625,btc,43675.73520027,0.000146250909087,0.0348620860622024,213
0,[],22,[],2019-05-12 07:31:03,0.0,0,0,7618775,2019-05-12 07:31:03,,9.58164616,0.0,0,,2460817.094064925,0.0,0.0,216
0,[],27,[],2019-05-12 07:31:16,0.0,0,0,7618776,2019-05-12 07:31:16,,59.75512910367708,1515.0,0,"btc,ltc",227180.947308,1.515e-05,0.0,216
1,[],22,[],2019-05-12 07:31:19,389437.7297297297,0.00000074,0.00000000005452616,7618777,2019-05-12 07:31:19,BTC,12055.62654244,0.0,0.00000074,BTC,776923.8284866377,0.0146728,0.0413848,217
1,[],7,[],2019-05-12 07:31:20,0.0,0,0,7618778,2019-05-12 07:31:20,btc,111302.56865462937,0.0,0,btc,137781098.61523312,0.0,0.0,219
0,[],27,[],2019-05-12 07:31:26,0.0,0,0,7618779,2019-05-12 07:31:26,,0.06997067,0.0,0,btc,1753528.0,0.0,0.0,219
0.0000000000000038,[],28,[],2019-05-12 07:32:08,553313944.674,2.622e-18,1.9319944800000002e-22,7618780,2019-05-12 07:32:08,doge,3651905.568400157,14174.0,0.00069000,"btc,doge",45829124.3823,0.0,2.1622701151671718e-11,219
1,[],22,[],2019-05-12 07:32:11,373170.0,0.00000004,0.00000000000294736,7618781,2019-05-12 07:32:11,BTC,56.7649867,0.0,0.00000004,BTC,131552.84827387411,0.00032,0.0119808,221
1,[],24,[],2019-05-12 07:32:11,0.0,0.000000010000,0.00000000000073684,7618782,2019-05-12 07:32:11,btc,0.0,0.0,0.000000010000,btc,0.0,0.0,0.0,221
1,[],20,[],2019-05-12 07:32:14,15242391.6192,0.000000012,0.000000000000884208,7618783,2019-05-12 07:32:14,btc,100092.47832737175,787838.6111,0.000000012,btc,27228780.1054,0.0124602289998,0.1073076360253,224
0,[],22,[],2019-05-12 07:32:16,0.0,0,0,7618784,2019-05-12 07:32:16,,0.0,0.0,0,,0.0,0.0,0.0,224
1,[],26,[],2019-05-12 07:32:17,0.0,0.00000026,0.00000000001915784,7618785,2019-05-12 07:32:17,btc,0.0,0.0,0.00000026,btc,0.0,0.0,0.0,231
1,[],26,[],2019-05-12 07:32:17,0.0,0.00000005,0.0000000000036842,7618786,2019-05-12 07:32:17,btc,0.0,0.0,0.00000005,btc,0.0,0.0,0.0,234
0,[],27,[],2019-05-12 07:32:30,0.0,0,0,7618787,2019-05-12 07:32:30,,0.01134836604,0.0,0,"btc,eth",11462.996,0.0,0.0,234
1,[],4,[],2019-04-29 21:02:20,217188.93193785,0.00000080,0.00000000004151584,7514327,2019-04-29 21:02:20,btc,5.239800103892936,0.0,0.00000080,btc,797346.30008933,0.0,0.0590549781555679,236
1,[],24,[],2019-04-29 21:02:20,0.0,0.000000100000,0.00000000000518948,7514328,2019-04-29 21:02:20,btc,0.0,0.0,0.000000100000,btc,0.0,0.0,0.0,236
1,[],5,[],2019-05-06 20:53:15,0.0,0,0,7559637,2019-05-06 20:53:15,btc,0.0,0.20253514,0,btc,0.0,0.0,0.0,237
1,[],20,[],2019-05-06 20:53:18,38173217.6136,0.000000083,0.0000000000047460728,7559638,2019-05-06 20:53:18,btc,21342.514614200165,8832375.7238,0.000000083,btc,27701499.3386,0.7554403456107,1.3621107610479,237
1,[],22,[],2019-05-06 20:53:20,343938.0,0.00000009,0.000000000005146344,7559639,2019-05-06 20:53:20,BTC,1.20267422,0.0,0.00000009,BTC,17930.94871794872,0.0,0.01017442,237
1,[],4,[],2019-05-12 07:32:32,8820046.36154943,0.00000014,0.00000000001031576,7618788,2019-05-12 07:32:32,btc,3.4356178905487877,0.0,0.00000014,btc,9473428.62468838,0.23363854,0.772640037123309,238
1,[],5,[],2019-05-12 07:32:33,0.0,0,0,7618789,2019-05-12 07:32:33,btc,0.0,0.0026151,0,btc,0.0,0.0,0.0,238
0,[],22,[],2019-03-12 16:49:32,0.0,0,0,6914458,2019-03-12 16:49:32,,0.40415746,0.0,0,,526736.5639027493,0.0,0.0,249
0,[],22,[],2019-05-12 07:32:35,0.0,0,0,7618790,2019-05-12 07:32:35,,4.50924384,0.0,0,,38675894.69978836,0.0,0.0,252
1,[],28,[],2019-05-12 07:33:04,46170154.152,0.00000025,0.000000000018420999999999998,7618791,2019-05-12 07:33:04,btc,43892.95963813267,389781.7132,0.00000025,btc,2884819.5268,0.0,0.62709171804,256
1,[],22,[],2019-05-12 07:33:07,1088993.5,0.00000002,0.00000000000147368,7618792,2019-05-12 07:33:07,BTC,21.88116616,0.0,0.00000002,BTC,522884.63333384093,0.0,0.01124633,258
1,[],22,[],2019-03-13 00:07:30,47146.0,0.00000001,0.000000000000387233,6917028,2019-03-13 00:07:30,BTC,2.415167,0.0,0.00000001,BTC,157.0,0.0,0.00047146,259
1,[],5,[],2019-05-12 07:33:08,0.0,0,0,7618793,2019-05-12 07:33:08,btc,0.0,0.04186805,0,btc,0.0,0.0,0.0,264
1,[],20,[],2019-05-12 07:33:10,1276817.6192,0.000000252,0.000000000018568368,7618794,2019-05-12 07:33:10,btc,4.9363456074667,62627.0111,0.000000252,btc,90390.4945,0.0729544627752,0.0211105279594,264
0,[],22,[],2019-04-12 17:57:27,0.0,0,0,7278186,2019-04-12 17:57:27,,66.37522201,0.0,0,,677842.4169881374,0.0,0.0,271
0,[],22,[],2019-05-12 07:33:12,0.0,0,0,7618795,2019-05-12 07:33:12,,33051802.3172899,0.0,0,,15696307799.7,0.0,0.0,272
0.0000000000000038,[],28,[],2019-05-12 07:33:39,268899238682.584,2.242e-21,1.6519952800000001e-25,7618796,2019-05-12 07:33:39,doge,26139908.407834094,8598178561.0699,0.00000059,doge,368336474060.476,0.0,2.001580235472773e-10,272
1,[],22,[],2019-05-12 07:33:42,127364.9,0.0000001,0.0000000000073684,7618797,2019-05-12 07:33:42,BTC,427.36497297,0.0,0.0000001,BTC,251562.95264460208,0.00047561,0.0039223,281
1,[],22,[],2019-05-12 07:33:46,315579.1,0.00000002,0.00000000000147368,7618798,2019-05-12 07:33:46,BTC,1.50064554,0.0,0.00000002,"BTC,LTC",534282.8256135201,0.00739335,0.0114629,286
0,[],22,[],2019-05-12 07:33:49,0.0,0,0,7618799,2019-05-12 07:33:49,,7337893.19360497,0.0,0,,1388519263.7797825,0.0,0.0,294
