pairValue,buyBook,exchangeId,sellBook,updated,buyTotal,satoshiPrice,usdPrice,exchangeLogId,created,bestPair,sellTotalBtc,volume,pairPrice,activePairs,sellTotal,volumeBtc,buyTotalBtc,coinId
1,[],3,[],2019-07-28 15:09:15,32168.906770352332,0.00810000999999999950207385523981429287232458591461181640625,0.000000771012411866,7848281,2019-07-28 15:09:15,btc,9.133387567729278,79.194417509,0.00810000999999999950207385523981429287232458591461181640625,btc,22.939158158652003,0.0,0.2695559549297999,1
1,[],4,[],2019-07-28 15:09:17,25361.12194021,0.00837521,0.000000797207764186,7848282,2019-07-28 15:09:17,btc,10.831993566295516,0.0,0.00837521,btc,415.25271011,1.77925138,1.0187259988903405,1
1,[],12,[],2019-07-28 15:09:23,91.97552426,0.008429999999999999993338661852249060757458209991455078125,0.000000802423038,7848283,2019-07-28 15:09:23,btc,0.2851540811413,0.0,0.008429999999999999993338661852249060757458209991455078125,btc,26.07892293,1.237601436309,0.1776214313177,1
1,[],20,[],2019-07-28 15:09:26,933.1078,0.0085012,0.00000080920032392,7848284,2019-07-28 15:09:26,btc,0.2220264591946,0.4478,0.0085012,btc,18.4913,0.003932550061,0.1372599946308,1
1,[],21,[],2019-07-28 15:09:27,1498.88926936,0.008446570000000000466577887437,0.0000008040002799620001,7848285,2019-07-28 15:09:27,btc,13.843215179671468,1223.49177461,0.00844657000000000046657788743686978705227375030517578125,"btc,eth",2013.3658057999999,9.827440974772808,9.417009896041632,1
1,[],22,[],2019-07-28 15:09:31,1.1199,0.00200000,0.0000001903732,7848286,2019-07-28 15:09:31,BTC,0.01700334,0.0,0.00200000,BTC,0.28367064174998,0.0,0.00197189,1
1,[],24,[],2019-07-28 15:09:31,0.0,0.000000000000,0,7848287,2019-07-28 15:09:31,btc,0.0,0.0,0.000000000000,btc,0.0,0.0,0.0,1
0.0,[],25,[],2019-07-28 15:09:33,0.0,0,0,7848288,2019-07-28 15:09:33,btc,18.76069999933745,1868.1179251,0.0,btc,2149.73579998,15.7049,0.0,1
1,[],26,[],2019-07-28 15:09:36,0.0,0,0,7848289,2019-07-28 15:09:36,,0.0,0.0,0,,0.0,0.0,0.0,1
1,[],28,[],2019-07-28 15:09:48,1059.021,0.008160000000,0.000000776722656,7848290,2019-07-28 15:09:48,btc,0.369398346,2516.0,0.008160000000,btc,22.3764,0.0,0.421330036,1
1,[],10,[],2019-07-13 08:58:05,251434.9725798,0.00271069,0.00000031407274150500003,7812232,2019-07-13 08:58:05,btc,6515.317158446701,1686.04548878,0.00271069,btc,2002.66956917,0.0,1.2639712180673435,1
1,[],5,[],2019-07-06 00:27:44,0.0,0,0,7800775,2019-07-06 00:27:44,btc,0.0,0.00190933,0,btc,0.0,0.0,0.0,1
0,[],2,[],2019-01-20 23:28:45,0.0,0,0,6477011,2019-01-20 23:28:45,,0.0,0.0,0,,0.0,0.0,0.0,1
1,[],22,[],2019-07-28 15:09:53,11550.3,0.0000002,0.00000000001903732,7848291,2019-07-28 15:09:53,BTC,21.00878619,0.0,0.0000002,"BTC,XMR",19931.59287795317,0.0,0.00143681,2
1,[],5,[],2019-07-06 00:28:14,0.0,0,0,7800785,2019-07-06 00:28:14,btc,0.0,0.00208797,0,btc,0.0,0.0,0.0,2
1,[],12,[],2019-07-28 15:09:55,5114648.37054545,0.000000068,0.0000000000064726888,7848292,2019-07-28 15:09:55,btc,42912.812722881936,0.0,0.000000068,btc,6976839.78599552,0.027996770848,0.254693969317127,3
0,[],28,[],2019-07-28 15:09:56,0.0,0,0,7848293,2019-07-28 15:09:56,,0.0,0.0,0,,0.0,0.0,0.0,3
1,[],5,[],2019-06-03 14:48:58,0.0,0,0,7731126,2019-06-03 14:48:58,btc,0.0,0.05905545,0,btc,0.0,0.0,0.0,3
0,[],2,[],2019-01-20 23:31:32,0.0,0,0,6477077,2019-01-20 23:31:32,,0.0,0.0,0,,0.0,0.0,0.0,4
1,[],4,[],2019-07-23 19:39:19,5194762.69889617,0.00000005,0.00000000000508272,7830176,2019-07-23 19:39:19,btc,51.370046856622295,0.0,0.00000005,btc,1310172.08039262,0.0,0.0608782288383904,4
0,[],12,[],2019-07-10 21:32:46,0.0,0,0,7800866,2019-07-10 21:32:46,btc,641.7517620215584,0.0,0,btc,1208658.0779220702,0.0,0.0,5
0,[],2,[],2019-01-20 23:31:51,0.0,0,0,6477087,2019-01-20 23:31:51,,0.0,0.0,0,,0.0,0.0,0.0,6
1,[],11,[],2019-07-28 15:09:58,6077873.0,0.00000001,0.000000000000951866,7848294,2019-07-28 15:09:58,btc,9583.518659274243,166666.666667,0.00000001,btc,78068051.40388086,0.0,0.06077873,6
1,[],3,[],2019-07-28 15:09:59,12125.846036553652,0.000090000000000000005668208957754217180990963242948055267333984375,0.000000008566794,7848295,2019-07-28 15:09:59,btc,1026.3059831967919,809.754549667,0.000090000000000000005668208957754217180990963242948055267333984375,btc,411.529349768193,0.0,0.029270676360662034,7
1,[],4,[],2019-07-28 15:09:59,317066.78129208,0.00009108,0.000000008669595528,7848296,2019-07-28 15:09:59,btc,12.988614229904641,0.0,0.00009108,btc,80425.17708822,1.46612446,3.3297629237443296,7
1,[],5,[],2019-07-06 00:28:21,0.0,0,0,7800789,2019-07-06 00:28:21,btc,0.0,0.38662001,0,btc,0.0,0.0,0.0,7
1,[],20,[],2019-04-07 22:06:50,3201475.0482,0.000000001,0.000000000000051590000000000004,7213932,2019-04-07 22:06:50,btc,30.8005781811902,0.0,0.000000001,btc,23077405.3926,0.0,0.0032014750482,8
1,[],4,[],2019-02-17 11:22:43,4341674.27126056,0.00000002,0.0000000000007272960000000001,6696112,2019-02-17 11:22:43,btc,0.1997230937751353,0.0,0.00000002,btc,4109766.79808031,0.00215132,0.0479381022052112,10
1,[],5,[],2019-07-05 17:50:59,0.0,0,0,7799863,2019-07-05 17:50:59,btc,0.0,0.04857279,0,btc,0.0,0.0,0.0,12
0,[],2,[],2019-01-20 23:23:08,0.0,0,0,6476890,2019-01-20 23:23:08,,0.0,0.0,0,,0.0,0.0,0.0,12
1,[],4,[],2019-07-28 15:10:01,28171684.88281945,0.00000026,0.000000000024748516,7848297,2019-07-28 15:10:01,btc,5.916733965971515,0.0,0.00000026,btc,11872271.32865188,0.2692713,2.73500940882645,12
0.0,[],25,[],2019-07-28 15:10:03,0.0,0,0,7848298,2019-07-28 15:10:03,,0.0,0.0,0.0,btc,0.0,0.0,0.0,12
1,[],4,[],2019-07-28 15:10:04,710440.47729463,0.00000269,0.000000000256051954,7848299,2019-07-28 15:10:04,btc,2.8115578038691704,0.0,0.00000269,btc,556107.0975018,0.57821211,0.6656783148515418,13
1,[],10,[],2019-07-28 15:10:06,674604.65783763,0.00000281,0.000000000267474346,7848300,2019-07-28 15:10:06,btc,666798.1442529522,7024.43561485,0.00000281,btc,1090673.76109506,0.0,0.1412834751270416,13
1,[],21,[],2019-07-28 15:10:08,1911031.49814513,0.000002830000000000000009580010396,0.000000000269378078,7848301,2019-07-28 15:10:08,btc,4.059003529867416,174004.77789332,0.000002830000000000000009580010396081917178889852948486804962158203125,btc,1057180.16617527,0.50151281,3.5735924827085865,13
1,[],4,[],2019-07-28 15:10:09,1318958.03884536,0.00000112,0.00000000010660899200000001,7848302,2019-07-28 15:10:09,btc,1692.0754365616076,0.0,0.00000112,btc,1138232.3875084,0.46681597,0.3253503053017125,14
1,[],12,[],2019-07-28 15:10:10,226701.02648735,0.00000088,0.000000000083764208,7848303,2019-07-28 15:10:10,btc,189.94271246340892,0.0,0.00000088,btc,20363.38112835,0.001603370521,0.0228714999999407,14
1,[],26,[],2019-07-28 15:12:10,0.0,0.00000050,0.0000000000475933,7848304,2019-07-28 15:12:10,btc,0.0,0.0,0.00000050,btc,0.0,0.0,0.0,14
0,[],17,[],2019-05-03 00:53:32,0.0,0,0,7558876,2019-05-03 00:53:32,btc,0.0,0.0,0,btc,0.0,0.0,0.0,14
0,[],4,[],2019-07-28 15:12:12,0.0,0,0,7848305,2019-07-28 15:12:12,,0.0,0.0,0,,0.0,0.0,0.0,15
,[],12,[],2018-12-01 15:15:48,204241.84496,0.00000489,0.000000000202473384,5260204,2018-12-01 15:15:48,btc,49.5475654835,0.0,,btc,35763.2193806,0.0163153972027625,0.0203389899998,15
0,[],2,[],2019-01-20 23:23:38,0.0,0,0,6476906,2019-01-20 23:23:38,,0.0,0.0,0,,0.0,0.0,0.0,18
1,[],4,[],2019-07-28 15:12:13,41094.31812844,0.00000802,0.000000000763396532,7848306,2019-07-28 15:12:13,btc,2.4756834325280765,0.0,0.00000802,btc,21523.07846713,0.04382354,0.0969709102339816,18
1,[],10,[],2019-07-28 15:12:15,389592.06241541,0.00000784,0.0000000007462629439999999,7848307,2019-07-28 15:12:15,btc,15.2586447121848,3905.440109,0.00000784,btc,25196.44274951,0.0,0.2023424827970287,18
1,[],12,[],2019-07-28 15:12:16,5870.25681346,0.000008019999999999999446497443711390218368251225911080837249755859375,0.0000000007633965319999999,7848308,2019-07-28 15:12:16,btc,0.5672249890355737,0.0,0.000008019999999999999446497443711390218368251225911080837249755859375,btc,1945.83238353,1.047082e-05,0.0185359987496442,18
0,[],17,[],2019-05-03 00:53:39,0.0,0,0,7558882,2019-05-03 00:53:39,btc,0.0,0.0,0,btc,0.0,0.0,0.0,18
1,[],3,[],2019-07-28 14:38:37,200429.7562714322,0.00000829000000000000024954864563664358456662739627063274383544921875,0.0000000007891624050000001,7848230,2019-07-28 14:38:37,btc,190.28990297774877,31342.8658386,0.00000829000000000000024954864563664358456662739627063274383544921875,btc,19312.021712553058,0.0,0.2953704536149758,19
1,[],4,[],2019-07-28 14:38:37,230714.4419434,0.00000931,0.0000000008862607950000001,7848231,2019-07-28 14:38:37,btc,4.591983390949151,0.0,0.00000931,btc,233076.52984425,0.75201243,1.2351375751528195,19
1,[],12,[],2019-07-28 14:38:39,119059.93787544,0.000008830000000000000161585154978549638826734735630452632904052734375,0.0000000008405674350000001,7848232,2019-07-28 14:38:39,btc,1.7966524173278464,0.0,0.000008830000000000000161585154978549638826734735630452632904052734375,btc,3770.40130321,0.00277195654,0.0191570299996946,19
0,[],27,[],2019-07-28 14:38:45,0.0,0,0,7848233,2019-07-28 14:38:45,,0.0,0.0,0,btc,0.0,0.0,0.0,19
0,[],2,[],2019-01-20 23:24:19,0.0,0,0,6476924,2019-01-20 23:24:19,,0.0,0.0,0,,0.0,0.0,0.0,19
1,[],5,[],2019-07-06 02:01:19,0.0,0,0,7800799,2019-07-06 02:01:19,btc,0.0,0.0,0,btc,0.0,0.0,0.0,19
1,[],4,[],2019-07-28 14:38:47,10130712.93146834,0.00000003,0.0000000000028558350000000004,7848234,2019-07-28 14:38:47,btc,5.0557185804546725,0.0,0.00000003,btc,2215894.80640266,0.000108,0.1115313680480168,20
0,[],4,[],2019-07-28 14:38:49,0.0,0,0,7848235,2019-07-28 14:38:49,,51914.01304560868,0.0,0,,168075229.45776922,0.00821414,0.0,21
0,[],12,[],2019-07-28 14:38:51,0.0,0,0,7848236,2019-07-28 14:38:51,btc,2616.984146052048,0.0,0,btc,10304320.00299695,0.010512717283,0.0,21
0,[],17,[],2019-05-03 00:53:51,0.0,0,0,7558891,2019-05-03 00:53:51,btc,0.0,0.0,0,btc,0.0,0.0,0.0,21
1,[],12,[],2019-07-28 14:40:52,5147390910.119245,0.0000000057,0.0000000000005426086500000001,7848237,2019-07-28 14:40:52,btc,1437886091815.8691,0.0,0.0000000057,btc,1234687219.6982126,7.060589245929,7.675441660677117,23
0.0000000002196977,[],27,[],2019-07-28 14:41:05,85482027.4,2.196977e-16,2.091401270265e-20,7848238,2019-07-28 14:41:05,eth,1258.7430335732222,3629793.37422577,0.00000100,eth,2407639.66147653,7.97457254864249e-10,4.032794330451858e-09,23
1,[],4,[],2019-07-28 14:41:05,6008409.21904856,0.00000043,0.000000000040933635000000006,7848239,2019-07-28 14:41:05,btc,12.162008665134273,0.0,0.00000043,btc,1727965.13408238,0.05549243,0.1314972400498829,24
0,[],22,[],2019-07-28 14:41:08,0.0,0,0,7848240,2019-07-28 14:41:08,,0.0,0.0,0,,0.0,0.0,0.0,24
0.0,[],25,[],2019-07-28 14:41:11,0.0,0,0,7848241,2019-07-28 14:41:11,,0.0,0.0,0.0,btc,0.0,0.0,0.0,24
1,[],4,[],2019-07-28 14:41:12,26952946.97839377,0.00000528,0.0000000005026269600000001,7848242,2019-07-28 14:41:12,btc,164.60999945809505,0.0,0.00000528,btc,267188.55488834,0.2032252,0.4462455606501378,26
1,[],10,[],2019-07-28 14:41:14,229020.69879921,0.00000431,0.00000000041028829500000004,7848243,2019-07-28 14:41:14,btc,25.761857264605606,6765.52181183,0.00000431,btc,18708.09423512,0.0,0.0533996297164977,26
0,[],2,[],2019-01-20 23:25:56,0.0,0,0,6476976,2019-01-20 23:25:56,,0.0,0.0,0,,0.0,0.0,0.0,26
1,[],5,[],2019-04-26 09:47:06,0.0,0,0,7465326,2019-04-26 09:47:06,btc,0.0,0.0,0,btc,0.0,0.0,0.0,27
1,[],3,[],2019-06-17 14:30:26,13571825.64059417,0.00000001,0.00000000000092914,7740112,2019-06-17 14:30:26,btc,3.485049956644059,4264730.43754,0.00000001,btc,23500048.28518193,0.0,0.1357182564059417,27
1,[],11,[],2019-07-15 06:07:59,993045.80216525,0.00000001,0.000000000001021634,7819506,2019-07-15 06:07:59,btc,67502.92060589766,178.77941309,0.00000001,btc,6487362.95640949,0.0,0.0099304580216525,27
0.0000000000937368,[],4,[],2019-07-28 14:41:14,511428589.52186716,8.248838400000001e-17,7.852440470688002e-21,7848244,2019-07-28 14:41:14,ltc,11.771063670707777,0.0,0.00000088,ltc,811191945.386367,0.0017518,1.1233202781167874e-08,29
1,[],7,[],2019-07-28 14:41:15,0.0,0,0,7848245,2019-07-28 14:41:15,btc,1236880.827141205,0.0,0,btc,38242637.15130425,0.0,0.0,29
1,[],4,[],2019-07-28 14:41:16,15375693.39164008,0.00000008,0.000000000007615560000000001,7848246,2019-07-28 14:41:16,btc,2.5192186211358614,0.0,0.00000008,btc,2244394.18030701,0.0001002,0.1725962571027774,30
0,[],17,[],2019-05-03 01:11:25,0.0,0,0,7559066,2019-05-03 01:11:25,btc,0.0,0.0,0,btc,0.0,0.0,0.0,30
1,[],4,[],2019-07-28 14:43:17,214452.40360394,0.00003150,0.0000000029986267500000002,7848247,2019-07-28 14:43:17,btc,5.024516777346036,0.0,0.00003150,btc,74630.92050934,0.49467337,0.8637103407367303,31
1,[],21,[],2019-07-28 14:43:18,58158.007654170004,0.00003139999999999999752029952726,0.0000000029891073,7848248,2019-07-28 14:43:18,btc,3.8878386355281522,32120.20986901,0.0000313999999999999975202995272649530988928745500743389129638671875,btc,98883.27484658,1.04682513,1.4344213528839054,31
0,[],2,[],2019-01-20 23:28:43,0.0,0,0,6477009,2019-01-20 23:28:43,,0.0,0.0,0,,0.0,0.0,0.0,32
1,[],12,[],2019-03-30 07:55:10,40641173.964,0.00000003,0.000000000001228359,7108785,2019-03-30 07:55:10,btc,4233210.82356125,0.0,0.00000003,btc,28378394.68333462,0.0126927883965248,0.90752895892,33
0,[],4,[],2019-07-28 14:14:24,0.0,0,0,7848136,2019-07-28 14:14:24,,0.0,0.0,0,,0.0,0.0,0.0,33
0.0000000000937368,[],4,[],2019-07-28 14:43:19,26835410.57644675,3.749472e-17,3.569291123040001e-21,7848249,2019-07-28 14:43:19,ltc,5.080746144900186,0.0,0.0000004,ltc,169948972.44528192,0.0,2.896826601173419e-10,34
1,[],5,[],2019-07-06 02:03:46,0.0,0,0,7800811,2019-07-06 02:03:46,btc,0.0,0.0,0,btc,0.0,0.0,0.0,34
0,[],4,[],2019-07-11 00:07:02,0.0,0,0,7801420,2019-07-11 00:07:02,,3.68295914902898e-08,0.0,0,,6667385825.224262,0.0,0.0,36
0.0000000002385992,[],27,[],2019-07-11 00:09:09,11642390.307056,6.9193768e-17,8.4302504017872e-21,7801421,2019-07-11 00:09:09,eth,1120.18186,0.0,0.00000029,"ltc,eth",2270631.0,0.0,1.3601704595377105e-10,36
0.0000000002926451,[],17,[],2019-05-02 18:17:47,200000.0,2.9264510000000002e-18,1.596703856561e-22,7556430,2019-05-02 18:17:47,eth,0.20942468735267253,0.0,0.00000001,"btc,eth",1018272.20243647,0.0,5.852902e-13,36
1,[],5,[],2019-05-31 13:28:21,0.0,0,0,7717484,2019-05-31 13:28:21,btc,0.0,0.0,0,btc,0.0,0.0,0.0,36
1,[],4,[],2019-07-28 14:43:21,12980851.43862945,0.00000011,0.000000000010471395000000001,7848250,2019-07-28 14:43:21,btc,19772.248301602333,0.0,0.00000011,btc,711950.81451831,0.07709882,0.2924433943897294,37
1,[],12,[],2019-07-28 14:43:22,9129503.37100008,0.0000001,0.00000000000951945,7848251,2019-07-28 14:43:22,btc,1675.4055131895304,0.0,0.0000001,btc,2466846.4925074,0.094455953514,0.2196003265500068,37
1,[],27,[],2019-07-28 14:45:36,10792.0,0.00000019,0.000000000018086955000000002,7848252,2019-07-28 14:45:36,btc,22.62000024371233,0.0,0.00000019,btc,4248.824835,0.0,0.00164037,37
1,[],17,[],2019-05-03 01:11:36,211752.74075282,0.00000025,0.000000000013700074999999998,7559074,2019-05-03 01:11:36,btc,0.055484923955058496,0.0,0.00000025,"btc,eth",1387.19918473,0.0,0.0005381851887916605,37
1,[],12,[],2019-07-28 14:45:38,203188.95611429,0.000001399999999999999936647356556240762159859514213167130947113037109375,0.0000000001332723,7848253,2019-07-28 14:45:38,btc,597.8089592611798,0.0,0.000001399999999999999936647356556240762159859514213167130947113037109375,btc,155969.1762244,0.095369309791,0.0489007126999627,42
0.0000000002196977,[],27,[],2019-07-28 14:45:46,3000.0,2.196977e-17,2.0914012702650003e-21,7848254,2019-07-28 14:45:46,eth,0.001005,0.0,0.0000001,"btc,eth",3.0,0.0,6.590931e-14,42
1,[],5,[],2019-07-06 02:03:47,0.0,0,0,7800812,2019-07-06 02:03:47,btc,0.0,0.14382058,0,btc,0.0,0.0,0.0,42
1,[],12,[],2019-03-13 09:13:29,1112112.0,0.00000001,0.000000000000386531,6919902,2019-03-13 09:13:29,btc,29058.00478931866,0.0,0.00000001,btc,5967681.93306694,9.99000999e-07,0.01112112,43
1,[],5,[],2019-04-26 22:38:52,0.0,0,0,7474154,2019-04-26 22:38:52,btc,0.0,0.02638891,0,btc,0.0,0.0,0.0,43
0,[],17,[],2019-04-26 22:38:53,0.0,0,0,7474155,2019-04-26 22:38:53,btc,0.0,0.0,0,btc,0.0,0.0,0.0,43
1,[],12,[],2019-03-05 01:54:08,639326.02,0.00000004,0.000000000001486676,6845775,2019-03-05 01:54:08,btc,11116042.728239931,0.0,0.00000004,btc,1103841.4595604,0.0003330765234764,0.014975410599999999,44
0.0000000000937368,[],4,[],2019-07-28 14:45:47,107697661.97710726,2.9058408000000005e-17,2.7662006203560005e-21,7848255,2019-07-28 14:45:47,ltc,4276.723825612407,0.0,0.00000031,ltc,29010096.91432587,0.0,4.836631706732712e-10,49
0.0000000000937368,[],4,[],2019-07-28 14:45:48,308663475.85450554,2.6246304000000003e-17,2.4985037861280004e-21,7848256,2019-07-28 14:45:48,ltc,29941.04485128717,0.0,0.00000028,ltc,213686436.31956744,0.0,1.6714378782779777e-09,52
0,[],22,[],2019-07-28 14:45:50,0.0,0,0,7848257,2019-07-28 14:45:50,,10289.74058841,0.0,0,,278058119.4566013,0.0,0.0,57
0,[],27,[],2019-07-28 14:45:56,0.0,0,0,7848258,2019-07-28 14:45:56,,0.0,0.0,0,"btc,eth",0.0,0.0,0.0,57
0.0000000000937368,[],4,[],2019-07-28 14:45:56,760559225.4190946,9.373680000000001e-19,8.923227807600002e-23,7848259,2019-07-28 14:45:56,ltc,19.710415887964103,0.0,0.00000001,ltc,5441265878.16911,0.0,7.129238800126459e-10,58
1,[],12,[],2019-07-28 14:45:58,1945225606.2145119,0.0000000001,0.000000000000009519450000000001,7848260,2019-07-28 14:45:58,btc,69205029.11245422,0.0,0.0000000001,btc,4274285171.968068,0.004971936871,0.1945225606214512,58
0.00000000008426740000000001,[],22,[],2019-07-28 14:48:01,126877.0,8.42674e-19,8.021793009300001e-23,7848261,2019-07-28 14:48:01,XMR,68.17454206,0.0,0.00000001,XMR,9626402.6,0.0,0.00126877,58
1,[],17,[],2019-05-03 01:12:09,1200000.0,0.0000000001,0.00000000000000548003,7559085,2019-05-03 01:12:09,btc,1e+24,0.0,0.0000000001,"btc,eth",39516342.31952568,0.0,0.00010000000058666061,58
0,[],22,[],2019-07-28 14:48:04,0.0,0,0,7848262,2019-07-28 14:48:04,,1000.95208651,0.0,0,,9038.133510458989,0.0,0.0,61
1,[],26,[],2019-07-28 14:48:04,0.0,0.00000013,0.000000000012375285,7848263,2019-07-28 14:48:04,btc,0.0,0.0,0.00000013,btc,0.0,0.0,0.0,61
0,[],27,[],2019-07-28 14:48:13,0.0,0,0,7848264,2019-07-28 14:48:13,,1.97314195,0.0,0,"btc,eth",10936.9,0.0,0.0,61
1,[],28,[],2019-07-28 14:48:15,40000.0,0.00000004,0.0000000000038077800000000006,7848265,2019-07-28 14:48:15,btc,0.242343945415105,391.0,0.00000004,btc,8016.46650005,0.0,0.001,61
1,[],5,[],2019-06-17 14:31:27,0.0,0,0,7740135,2019-06-17 14:31:27,btc,0.0,0.00079154,0,btc,0.0,0.0,0.0,61
1,[],4,[],2019-07-28 14:48:16,1418277.50736314,0.00000115,0.000000000109473675,7848266,2019-07-28 14:48:16,btc,7.8581558135637986,0.0,0.00000115,btc,1545595.95679914,0.29679342,0.4812217016518072,67
0.0,[],25,[],2019-07-28 14:48:18,0.0,0,0,7848267,2019-07-28 14:48:18,,0.0,0.0,0.0,btc,0.0,0.0,0.0,67
1,[],12,[],2019-06-02 06:23:14,910048.355,0.00000006,0.000000000005154929999999999,7725270,2019-06-02 06:23:14,btc,5.167005424215783,0.0,0.00000006,btc,738530.60239759,0.003159757462,0.0187188113,71
,[],5,[],2018-11-20 23:02:39,1.5e-07,0.00000005,0.000000000002128045,4862160,2018-11-20 23:02:39,btc,2.84511358,0.0,,btc,0.00036572,0.0,0.07381892,74
1,[],5,[],2019-07-06 00:15:01,0.0,0,0,7800749,2019-07-06 00:15:01,btc,0.0,0.01883861,0,btc,0.0,0.0,0.0,75
0,[],4,[],2019-07-10 21:51:38,0.0,0,0,7800925,2019-07-10 21:51:38,,581890.2410093442,0.0,0,,38279594.33970312,0.0,0.0,81
0,[],20,[],2019-01-25 09:30:31,0.0,0,0,6495923,2019-01-25 09:30:31,btc,0.0,0.0,0,btc,0.0,0.0,0.0,81
1,[],4,[],2019-07-28 14:48:20,242384.29200536,0.00007031,0.000000006693125295,7848268,2019-07-28 14:48:20,btc,58.53741781910528,0.0,0.00007031,btc,125013.75011926,0.00943113,0.3294828395405204,82
1,[],21,[],2019-07-28 14:48:22,334610.48092585,0.00006799999999999999946397044592,0.000000006473226,7848269,2019-07-28 14:48:22,btc,4.587148081733749,5093.11149522,0.00006799999999999999946397044592316660782671533524990081787109375,btc,45967.19502952,0.34706374,1.7235124981394063,82
0,[],17,[],2019-03-25 22:42:34,0.0,0,0,7038780,2019-03-25 22:42:34,btc,0.0445064681804024,0.0,0,btc,995513.18476001,0.0,0.0,84
0,[],4,[],2019-07-23 20:51:52,0.0,0,0,7830376,2019-07-23 20:51:52,,1.6413985531662756,0.0,0,,620289065.5915176,0.0,0.0,85
,[],22,[],2018-11-20 23:09:34,3408.1,0.0000001,0.0000000000041895,4862324,2018-11-20 23:09:34,BTC,0.04624735,0.0,,BTC,4990.0,0.0,0.00033081,86
1,[],22,[],2019-07-28 14:48:26,14000.0,0.00000001,0.0000000000009519450000000001,7848270,2019-07-28 14:48:26,BTC,1.88751197,0.0,0.00000001,BTC,687487.6140350878,0.0,0.00014,87
1,[],27,[],2019-07-28 14:48:31,9500.0,0.00000001,0.0000000000009519450000000001,7848271,2019-07-28 14:48:31,btc,4.771853202774,500.0,0.00000001,btc,280392.29336,5e-06,9.5e-05,87
,[],2,[],2018-11-20 23:10:47,0.0,0,0,4862359,2018-11-20 23:10:47,,0.0,0.0,,,0.0,0.0,0.0,88
1,[],11,[],2019-07-13 06:40:01,299353.97557583,0.0000369999999999999981139219007442164866006351076066493988037109375,0.0000000043049315,7811813,2019-07-13 06:40:01,btc,156.70253706438987,1923.2,0.0000369999999999999981139219007442164866006351076066493988037109375,btc,146186.36192325,0.0,0.8075395878505254,89
0,[],2,[],2019-01-20 23:31:45,0.0,0,0,6477083,2019-01-20 23:31:45,,0.0,0.0,0,,0.0,0.0,0.0,91
1,[],12,[],2019-07-27 10:20:53,364410.6150406,0.00000043,0.000000000043171742,7844478,2019-07-27 10:20:53,btc,434.499999158547,0.0,0.00000043,btc,259829.00383837,6.344205e-06,0.0224800136538325,91
1,[],22,[],2019-07-27 10:22:56,75900.0,0.00000001,0.0000000000010039940000000001,7844479,2019-07-27 10:22:56,BTC,0.495,0.0,0.00000001,"BTC,LTC",4.95,0.0,0.001659,91
0,[],17,[],2019-05-03 01:12:26,0.0,0,0,7559096,2019-05-03 01:12:26,btc,0.0,0.0,0,btc,0.0,0.0,0.0,91
1,[],22,[],2019-07-10 21:56:00,91614.0,0.00000002,0.000000000002352202,7800934,2019-07-10 21:56:00,BTC,11.8980079,0.0,0.00000002,"BTC,LTC",347503.789747713,0.0,0.06622228,95
0.0000000000937368,[],4,[],2019-07-28 14:48:31,545712883.0302327,1.4060520000000003e-17,1.3384841711400002e-21,7848272,2019-07-28 14:48:31,ltc,11.650219768327348,0.0,0.00000015,ltc,172698771.59392497,0.0,6.15626397603486e-10,96
0,[],12,[],2019-07-28 14:48:33,0.0,0,0,7848273,2019-07-28 14:48:33,btc,38.299957835634366,0.0,0,btc,13432240.563436551,0.0,0.0,96
0,[],17,[],2019-05-03 01:12:32,0.0,0,0,7559100,2019-05-03 01:12:32,btc,0.0,0.0,0,btc,0.0,0.0,0.0,96
1,[],4,[],2019-07-28 14:50:34,149072.99869859,0.00002310,0.00000000219899295,7848274,2019-07-28 14:50:34,btc,9.166776955241197,0.0,0.00002310,btc,180553.35065593,0.39386046,0.9312451903736042,100
0,[],2,[],2019-01-20 23:23:55,0.0,0,0,6476914,2019-01-20 23:23:55,,0.0,0.0,0,,0.0,0.0,0.0,100
1,[],22,[],2019-07-28 14:23:26,146000.0,0.00000002,0.000000000001902612,7848163,2019-07-28 14:23:26,BTC,26.50623849,0.0,0.00000002,BTC,10383.92,0.0,0.00162,101
1,[],4,[],2019-07-16 14:33:47,547933.05083038,0.00000126,0.000000000131120388,7825334,2019-07-16 14:33:47,btc,634.8524452924697,0.0,0.00000126,btc,812393.56021757,0.00301441,0.079245871140487,103
1,[],12,[],2019-07-28 14:50:35,61100572.0,0.000000003,0.00000000000028558350000000003,7848275,2019-07-28 14:50:35,btc,349574.9924228974,0.0,0.000000003,btc,119197561.64605732,0.000184706907,0.108668492,105
1,[],27,[],2019-07-28 14:50:41,25000000.0,0.00000001,0.0000000000009519450000000001,7848276,2019-07-28 14:50:41,btc,206.70141065858704,10000.0,0.00000001,btc,2064405.91301344,0.0001,0.25,105
1,[],22,[],2019-07-10 21:58:18,21333.0,0.00000001,0.000000000001176101,7800942,2019-07-10 21:58:18,BTC,51.38182867,0.0,0.00000001,BTC,470435.0,0.0,0.00021333,107
1,[],26,[],2019-07-10 21:58:18,0.0,0.00000000,0,7800943,2019-07-10 21:58:18,btc,0.0,0.0,0.00000000,btc,0.0,0.0,0.0,107
0,[],22,[],2019-07-28 14:52:43,0.0,0,0,7848277,2019-07-28 14:52:43,,6.79500102,0.0,0,,3375892.0833333335,0.0,0.0,112
1,[],27,[],2019-07-28 14:52:51,1.0,0.00000001,0.0000000000009519450000000001,7848278,2019-07-28 14:52:51,btc,0.0,0.0,0.00000001,"btc,eth",0.0,0.0,1e-08,112
1,[],5,[],2019-07-06 00:19:31,0.0,0,0,7800761,2019-07-06 00:19:31,btc,0.0,0.0,0,btc,0.0,0.0,0.0,112
1,[],4,[],2019-07-28 14:52:53,1014951.68932054,0.00000215,0.00000000020466817500000002,7848279,2019-07-28 14:52:53,btc,15.669292308766911,0.0,0.00000215,btc,1112269.19177122,0.34195345,0.3047226973908942,113
1,[],5,[],2019-07-06 00:19:43,0.0,0,0,7800765,2019-07-06 00:19:43,btc,0.0,0.0,0,btc,0.0,0.0,0.0,113
1,[],27,[],2019-07-28 14:54:58,95525.16595526,0.00000001,0.0000000000009519450000000001,7848280,2019-07-28 14:54:58,btc,3918.96495209,0.0,0.00000001,btc,92497.69,0.0,0.0009552516595526,116
1,[],17,[],2019-04-26 02:17:47,162738.278,0.00000004,0.0000000000021069000000000002,7461287,2019-04-26 02:17:47,btc,1.3331140273775473,0.0,0.00000004,btc,51796.221,0.0,0.00230953112,116
1,[],4,[],2019-07-18 16:30:54,1315571.55655546,0.00000231,0.000000000240609138,7830151,2019-07-18 16:30:54,btc,97.45214423295644,0.0,0.00000231,btc,453338.25653217,0.02253203,0.1939949889478389,120
1,[],7,[],2019-07-18 16:30:55,3748.91566159,0.0000075000000000000001900064307280846520598061033524572849273681640625,0.0000000007811985,7830152,2019-07-18 16:30:55,btc,231231.56046533308,193.90926286,0.0000075000000000000001900064307280846520598061033524572849273681640625,btc,4437.92755754,0.00147798,0.008882383768671,120
1,[],20,[],2019-04-07 18:42:29,1914137.0852,0.000000035,0.0000000000017871910000000002,7211992,2019-04-07 18:42:29,btc,32.2497668025648,25528.85,0.000000035,btc,1001975.4986,0.00089350975,0.0152723574729,125
1,[],22,[],2019-06-17 14:32:38,10000.0,0.00000001,0.00000000000092914,7740161,2019-06-17 14:32:38,BTC,0.032061,0.0,0.00000001,BTC,299316.7611111111,0.0,0.0001,126
0,[],2,[],2019-01-20 23:25:46,0.0,0,0,6476969,2019-01-20 23:25:46,,0.0,0.0,0,,0.0,0.0,0.0,131
1,[],17,[],2019-05-03 01:13:10,10000.0,0.00000001,0.000000000000548003,7559115,2019-05-03 01:13:10,btc,0.0953976503951408,0.0,0.00000001,btc,5037.62507334,0.0,0.0001,131
1,[],4,[],2019-07-28 14:25:52,671198.26842153,0.00000501,0.000000000476604306,7848170,2019-07-28 14:25:52,btc,4.952970312109875,0.0,0.00000501,btc,259900.57229042,0.91907927,0.7325709375250685,131
1,[],4,[],2019-07-28 14:27:53,8727.75972444,0.00006507,0.000000006190148142,7848171,2019-07-28 14:27:53,btc,0.2895946150558054,0.0,0.00006507,btc,237.27081697,0.0003254,0.0052372538996028,135
1,[],3,[],2019-07-13 16:51:20,187.26592867,0.00000001,0.000000000001140965,7813490,2019-07-13 16:51:20,btc,419.77407087449336,1935513.62324,0.00000001,btc,3179086.72005867,0.0,1.8726592866999999e-06,136
1,[],4,[],2019-07-28 14:27:54,622399.30501429,0.00000393,0.000000000373863258,7848172,2019-07-28 14:27:54,btc,24.929938039131518,0.0,0.00000393,btc,672283.85663114,0.82156712,0.9154400258070002,137
1,[],12,[],2019-07-28 14:27:55,132443.1167292,0.000003000000000000000076002572291233860823922441340982913970947265625,0.0000000002853918,7848173,2019-07-28 14:27:55,btc,25.59885372,0.0,0.000003000000000000000076002572291233860823922441340982913970947265625,btc,52971.0,0.014307137204,0.0100376063305969,137
1,[],17,[],2019-05-03 01:13:16,32967.38636364,0.00000088,0.000000000048224264,7559122,2019-05-03 01:13:16,btc,20.06976206696776,0.0,0.00000088,btc,2746.079105,0.0,0.0105613000000032,142
1,[],4,[],2019-07-28 14:27:56,475606.09641086,0.00007394,0.000000007033956564,7848174,2019-07-28 14:27:56,btc,62.23376083984619,0.0,0.00007394,btc,100711.02738007,7.64290598,6.0998225034065126,142
1,[],20,[],2019-07-28 14:29:58,111578.3821,0.000068682,0.0000000065337598692,7848175,2019-07-28 14:29:58,btc,1.0377724667547,24.2873,0.000068682,btc,53.041,0.0016300537434,0.0264350970849,142
1,[],22,[],2019-07-28 14:30:03,10619.88,0.00000200,0.0000000001902612,7848176,2019-07-28 14:30:03,BTC,1.55898515,0.0,0.00000200,BTC,835.8398331062671,0.0,0.00416696,142
0.0,[],25,[],2019-07-28 14:30:07,0.0,0,0,7848177,2019-07-28 14:30:07,,0.0,0.0,0.0,btc,0.0,0.0,0.0,142
1,[],28,[],2019-07-28 14:30:08,10097131.0,0.000058000000,0.0000000055175747999999995,7848178,2019-07-28 14:30:08,btc,0.52679202,3490.0,0.000058000000,btc,1559.485,0.0,1.4793672,142
1,[],5,[],2019-07-06 02:06:10,0.0,0,0,7800822,2019-07-06 02:06:10,btc,0.0,0.00140707,0,btc,0.0,0.0,0.0,142
0,[],22,[],2019-07-28 14:30:11,0.0,0,0,7848179,2019-07-28 14:30:11,,68.35849183,0.0,0,,759882689.3744589,0.0,0.0,143
0,[],22,[],2019-02-25 15:42:22,0.0,0,0,6783783,2019-02-25 15:42:22,,4.2131946,0.0,0,,2322156.0,0.0,0.0,146
,[],22,[],2018-11-20 23:01:11,0.0,0,0,4862114,2018-11-20 23:01:11,,2.56807021,0.0,,,61828.4988236,0.0,0.0,147
1,[],12,[],2019-04-21 06:38:04,193091.5971266,0.00000071,0.000000000037635183,7388679,2019-04-21 06:38:04,btc,2.301232411611175,0.0,0.00000071,btc,9957.48302385,0.00023528,0.0313308199999888,148
1,[],4,[],2019-03-19 21:31:25,255810.0415942,0.00000029,0.000000000011615747,6982695,2019-03-19 21:31:25,btc,218.94922712414143,0.0,0.00000029,btc,793529.37642722,0.00117,0.0608347789473395,152
0,[],22,[],2019-03-19 21:31:27,0.0,0,0,6982696,2019-03-19 21:31:27,,0.0,0.0,0,,0.0,0.0,0.0,152
1,[],5,[],2019-04-26 09:36:59,0.0,0,0,7465040,2019-04-26 09:36:59,btc,0.0,0.0,0,btc,0.0,0.0,0.0,153
,[],16,[],2019-01-11 15:38:59,0.0,0,0,6366141,2019-01-11 15:38:59,btc,0.0,0.0,,btc,0.0,0.0,0.0,155
0,[],23,[],2019-01-20 23:24:29,0.0,0,0,6476932,2019-01-20 23:24:29,,0.0,0.0,0,,0.0,0.0,0.0,156
0,[],22,[],2019-07-28 14:30:15,0.0,0,0,7848180,2019-07-28 14:30:15,,7.42843365,0.0,0,,5840816.592592592,0.0,0.0,156
1,[],22,[],2019-07-28 14:30:19,6996.0,0.00000001,0.000000000000951306,7848181,2019-07-28 14:30:19,BTC,1.7543039,0.0,0.00000001,BTC,57.0,0.0,6.996e-05,157
0,[],22,[],2019-07-23 20:07:56,0.0,0,0,7830260,2019-07-23 20:07:56,,50234.60468402,0.0,0,,54786159.03179465,0.0,0.0,158
,[],17,[],2018-11-20 22:56:10,0.0,0,0,4861976,2018-11-20 22:56:10,btc,1.1265625,0.0,,btc,1000.0,0.0,0.0,159
,[],20,[],2018-11-20 22:56:12,0.0,0,0,4861977,2018-11-20 22:56:12,btc,11912.7940471,0.0,,btc,34413894.3617,0.0,0.0,159
1,[],12,[],2019-07-10 22:05:17,232905.70345548,0.0000063199999999999996293047720141711209862478426657617092132568359375,0.000000000743295832,7800964,2019-07-10 22:05:17,btc,9.923963040252861,0.0,0.0000063199999999999996293047720141711209862478426657617092132568359375,btc,15215.45465465,0.0062861,0.033379940599723996,168
1,[],17,[],2019-05-03 01:13:36,42852.0,0.00000002,0.000000000001096006,7559132,2019-05-03 01:13:36,btc,0.04279856251542,0.0,0.00000002,btc,274.46171372,0.0,0.00052852,168
1,[],22,[],2019-05-17 03:01:52,10.0,0.00000001,0.000000000000778341,7642059,2019-05-17 03:01:52,BTC,41.95893009,0.0,0.00000001,BTC,1753972.7737547632,0.0,1e-07,169
1,[],22,[],2019-07-28 14:30:23,71174.0,0.00000001,0.000000000000951306,7848182,2019-07-28 14:30:23,BTC,27.84410593,0.0,0.00000001,"BTC,LTC",321027.3494737184,0.0,0.00090174,171
1,[],22,[],2019-07-28 14:30:27,376542.0,0.00000001,0.000000000000951306,7848183,2019-07-28 14:30:27,BTC,21.26036954,0.0,0.00000001,"BTC,LTC",1454288.186938432,0.00010101,0.01372744,173
1,[],5,[],2019-07-06 02:08:45,0.0,0,0,7800830,2019-07-06 02:08:45,btc,0.0,0.00700197,0,btc,0.0,0.0,0.0,175
1,[],22,[],2019-07-25 12:34:58,8535.0,0.00000001,0.000000000001008706,7836984,2019-07-25 12:34:58,BTC,393.97654772,0.0,0.00000001,BTC,136275.61833431243,1.465e-05,8.535e-05,176
1,[],7,[],2019-07-01 10:15:32,0.0,0,0,7783526,2019-07-01 10:15:32,btc,521516.2326888725,0.0,0,btc,26809253.73522063,0.0,0.0,178
0,[],2,[],2019-01-20 23:28:34,0.0,0,0,6477001,2019-01-20 23:28:34,,0.0,0.0,0,,0.0,0.0,0.0,178
0,[],22,[],2019-07-28 14:30:32,0.0,0,0,7848184,2019-07-28 14:30:32,,1.00655504,0.0,0,,512798.0,0.0,0.0,178
1,[],5,[],2019-07-06 02:08:50,0.0,0,0,7800832,2019-07-06 02:08:50,btc,0.0,6.904e-05,0,btc,0.0,0.0,0.0,179
0,[],23,[],2019-01-20 23:25:08,0.0,0,0,6476952,2019-01-20 23:25:08,,0.0,0.0,0,,0.0,0.0,0.0,179
0,[],22,[],2019-07-28 14:30:35,0.0,0,0,7848185,2019-07-28 14:30:35,,10.34025229,0.0,0,,15169064.571946677,0.0,0.0,179
1,[],17,[],2019-05-03 01:13:56,20504.725000000002,0.0000001,0.00000000000548003,7559141,2019-05-03 01:13:56,btc,5.2010695838400265,0.0,0.0000001,btc,5033.45945,0.0,0.0011504725,180
1,[],22,[],2019-07-28 14:32:39,795774.21557282,0.00000064,0.000000000060883584,7848186,2019-07-28 14:32:39,BTC,2.95700023,0.0,0.00000064,"BTC,LTC",218790.54229327562,6.654e-05,0.61309791,180
1,[],26,[],2019-07-28 14:32:39,0.0,0.00000010,0.00000000000951306,7848187,2019-07-28 14:32:39,btc,0.0,0.0,0.00000010,btc,0.0,0.0,0.0,180
,[],7,[],2018-11-20 22:58:01,562227.975654,0.00000085,0.000000000036176765,4862015,2018-11-20 22:58:01,btc,21836.6059674,2491.87645172,,btc,749999.041456,0.00211021,0.127565380455,183
,[],5,[],2019-01-10 08:11:41,0.0,0,0,6347036,2019-01-10 08:11:41,btc,82.15055501,0.00261,,btc,1.19002445,0.0,0.0,187
,[],17,[],2018-11-16 20:58:10,4062536.27273,0.00000001,0.000000000000550501,4708775,2018-11-16 20:58:10,btc,3.36492563466,0.195460381006,,"btc,eth",110697919.549,0.0,0.0157628953496,187
1,[],24,[],2019-05-22 21:04:52,0.0,0.000000000014,0.0000000000000010960978,7670219,2019-05-22 21:04:52,btc,0.0,0.0,0.000000000014,btc,0.0,0.0,0.0,187
0,[],22,[],2019-07-13 22:02:15,0.0,0,0,7814314,2019-07-13 22:02:15,,7.54794454,0.0,0,,76361.7243344055,0.0,0.0,191
0,[],22,[],2019-06-17 14:33:34,0.0,0,0,7740182,2019-06-17 14:33:34,,0.0,0.0,0,,0.0,0.0,0.0,197
0,[],23,[],2019-01-20 23:31:41,0.0,0,0,6477079,2019-01-20 23:31:41,,0.0,0.0,0,,0.0,0.0,0.0,199
0,[],22,[],2019-07-28 14:32:41,0.0,0,0,7848188,2019-07-28 14:32:41,,12.82588123,0.0,0,,106829450.5,0.0,0.0,199
1,[],26,[],2019-07-28 14:32:42,0.0,0.00000000,0,7848189,2019-07-28 14:32:42,btc,0.0,0.0,0.00000000,btc,0.0,0.0,0.0,199
0,[],2,[],2019-01-20 23:30:49,0.0,0,0,6477059,2019-01-20 23:30:49,,0.0,0.0,0,,0.0,0.0,0.0,201
1,[],4,[],2019-01-25 15:51:35,2084389.58565343,0.00000936,0.000000000333526752,6499557,2019-01-25 15:51:35,btc,2.0092503037378524,0.0,0.00000936,btc,160195.80207885,0.19272417,1.242687955921835,211
1,[],7,[],2019-07-01 02:21:28,1170054124.6898527,0.00000018,0.000000000019815389999999997,7782694,2019-07-01 02:21:28,btc,1346735.6331920293,0.0,0.00000018,btc,5516233.71348162,0.0,11.954344045954047,212
1,[],12,[],2019-01-25 02:44:32,207462.42853209,0.000001080000000000000035831255497387193287295303889550268650054931640625,0.000000000038610756000000006,6493050,2019-01-25 02:44:32,btc,85023.03793723314,0.0,0.000001080000000000000035831255497387193287295303889550268650054931640625,btc,43675.73520027,0.000146250909087,0.0348620860622024,213
1,[],24,[],2019-07-14 17:01:36,0.0,0.000000200000,0.00000000002082346,7817375,2019-07-14 17:01:36,btc,0.0,0.0,0.000000200000,btc,0.0,0.0,0.0,213
1,[],26,[],2019-07-14 17:01:36,0.0,0.00000040,0.00000000004164692,7817376,2019-07-14 17:01:36,btc,0.0,0.0,0.00000040,btc,0.0,0.0,0.0,213
1,[],5,[],2019-05-30 00:07:46,0.0,0,0,7709357,2019-05-30 00:07:46,btc,0.0,0.06425239,0,btc,0.0,0.0,0.0,213
0,[],22,[],2019-07-28 14:32:47,0.0,0,0,7848190,2019-07-28 14:32:47,,9.54552254,0.0,0,,3658585.214064925,0.0,0.0,216
0,[],27,[],2019-07-28 14:32:52,0.0,0,0,7848191,2019-07-28 14:32:52,,174.0227896140976,0.0,0,"btc,ltc",454707.12534794,0.0,0.0,216
1,[],22,[],2019-07-28 14:32:55,1163696.4722222222,0.00000012,0.000000000011415672,7848192,2019-07-28 14:32:55,BTC,12055.84539741,0.0,0.00000012,BTC,568724.8833317582,0.00083652,0.03365478,217
1,[],7,[],2019-06-27 19:02:35,0.0,0,0,7772298,2019-06-27 19:02:35,btc,2123800.2774640615,0.0,0,btc,82333746.4752352,0.0,0.0,219
0,[],27,[],2019-07-27 16:54:49,0.0,0,0,7845293,2019-07-27 16:54:49,,250.20903224,0.0,0,btc,46758.85,0.0,0.0,219
0,[],28,[],2019-07-27 16:55:20,0.0,0,0,7845294,2019-07-27 16:55:20,,0.0,0.0,0,,0.0,0.0,0.0,219
0,[],22,[],2019-07-23 20:11:38,0.0,0,0,7830275,2019-07-23 20:11:38,,57.73116496,0.0,0,,182427.70709740353,0.0,0.0,221
1,[],24,[],2019-07-23 20:11:38,0.0,0.000000010000,0.0000000000010165440000000001,7830276,2019-07-23 20:11:38,btc,0.0,0.0,0.000000010000,btc,0.0,0.0,0.0,221
1,[],20,[],2019-06-17 14:34:11,26882155.8301,0.000000003,0.000000000000278742,7740192,2019-06-17 14:34:11,btc,100050.81956632523,233521.3529,0.000000003,btc,38769742.8604,0.0007925640587,0.0306863532672,224
0,[],22,[],2019-06-17 14:34:13,0.0,0,0,7740193,2019-06-17 14:34:13,,0.0,0.0,0,,0.0,0.0,0.0,224
1,[],26,[],2019-07-28 14:32:56,0.0,0.00000022,0.000000000020928732,7848193,2019-07-28 14:32:56,btc,0.0,0.0,0.00000022,btc,0.0,0.0,0.0,231
1,[],26,[],2019-07-28 14:32:56,0.0,0.00000008,0.000000000007610448,7848194,2019-07-28 14:32:56,btc,0.0,0.0,0.00000008,btc,0.0,0.0,0.0,234
0.0000000002197111,[],27,[],2019-07-28 14:33:11,100.0,2.197111e-18,2.0901248769659997e-22,7848195,2019-07-28 14:33:11,eth,0.0,0.0,0.00000001,"btc,eth",0.0,0.0,2.197111e-16,234
1,[],20,[],2019-07-28 14:33:13,59327209.4348,0.000000045,0.000000000004280877,7848196,2019-07-28 14:33:13,btc,517.8346204343078,15898569.3485,0.000000045,btc,37490693.8451,0.7604589195359,0.374385856755,237
1,[],22,[],2019-07-28 14:33:17,2167650.0,0.00000006,0.000000000005707836,7848197,2019-07-28 14:33:17,BTC,1.20109922,0.0,0.00000006,"BTC,LTC",14430.948717948719,0.0,0.02730834,237
1,[],5,[],2019-07-06 02:11:21,0.0,0,0,7800842,2019-07-06 02:11:21,btc,0.0,0.10652887,0,btc,0.0,0.0,0.0,237
1,[],4,[],2019-07-28 14:33:18,32543911.73639041,0.00000009,0.000000000008561754,7848198,2019-07-28 14:33:18,btc,2.935723224266357,0.0,0.00000009,btc,10544622.03404821,0.43220245,0.9322052112597634,238
1,[],5,[],2019-07-06 02:11:32,0.0,0,0,7800846,2019-07-06 02:11:32,btc,0.0,0.05525444,0,btc,0.0,0.0,0.0,238
0.0000000000932996,[],22,[],2019-07-27 07:06:26,419253.0,9.32996e-19,9.392106863560001e-23,7844096,2019-07-27 07:06:26,LTC,0.40427224,0.0,0.00000001,LTC,496363.0639027493,0.0,0.00419253,249
0,[],22,[],2019-07-23 20:11:58,0.0,0,0,7830284,2019-07-23 20:11:58,,13.44711564,0.0,0,,43776457.3426455,0.0,0.0,252
1,[],28,[],2019-07-28 14:33:20,1853208.906,0.00000011,0.000000000010464366,7848199,2019-07-28 14:33:20,btc,207.573009415598,297631.083,0.00000011,btc,3612609.2784,0.0,0.11001390252,256
0.0000000000916764,[],22,[],2019-07-23 20:12:22,1517.0,9.16764e-19,9.31930943616e-23,7830286,2019-07-23 20:12:22,LTC,31474.63788373,0.0,0.00000001,LTC,1024398.9185893413,0.0,1.517e-05,258
1,[],22,[],2019-05-19 18:12:02,400.0,0.00000001,0.0000000000007957800000000001,7653905,2019-05-19 18:12:02,BTC,2.415167,0.0,0.00000001,BTC,157.0,0.0,4e-06,259
1,[],20,[],2019-07-28 14:33:23,998640.3355,0.00000028,0.000000000026636568,7848200,2019-07-28 14:33:23,btc,0.523593808117,13489.5421,0.00000028,btc,41775.1437,0.0039050436933,0.0084983774169,264
1,[],5,[],2019-07-02 14:44:15,0.0,0,0,7788374,2019-07-02 14:44:15,btc,0.0,0.02775788,0,btc,0.0,0.0,0.0,264
0,[],22,[],2019-04-12 17:57:27,0.0,0,0,7278186,2019-04-12 17:57:27,,66.37522201,0.0,0,,677842.4169881374,0.0,0.0,271
0,[],22,[],2019-07-28 14:33:26,0.0,0,0,7848201,2019-07-28 14:33:26,,33050469.74148113,0.0,0,,14261527780.7,0.0,0.0,272
0.000000000000002949,[],28,[],2019-07-28 14:33:27,278734640122.875,2.3591999999999997e-22,2.2443211151999997e-26,7848202,2019-07-28 14:33:27,doge,159824351099.39148,55899002271.0,0.00000008,doge,102085058660.595,0.0,5.047159114025556e-11,272
1,[],22,[],2019-05-23 07:12:29,219930.0,0.00000004,0.000000000003048688,7671985,2019-05-23 07:12:29,BTC,426.77835217,0.0,0.00000004,BTC,248664.3325962929,0.0,0.00739728,281
1,[],22,[],2019-07-23 20:12:52,672850.9,0.00000002,0.0000000000020330880000000002,7830290,2019-07-23 20:12:52,BTC,26.73750817,0.0,0.00000002,"BTC,LTC",1207871.5684827343,0.0004207,0.01909618,286
0,[],22,[],2019-07-12 21:46:03,0.0,0,0,7810176,2019-07-12 21:46:03,,7337942.20855518,0.0,0,,2077158967.6797826,0.0,0.0,294
