pairValue,buyBook,exchangeId,sellBook,updated,buyTotal,satoshiPrice,usdPrice,exchangeLogId,created,bestPair,sellTotalBtc,volume,pairPrice,activePairs,sellTotal,volumeBtc,buyTotalBtc,coinId
1,[],3,[],2019-02-11 16:04:22,131.098384949001,0.01312455000000000045201620224588623386807739734649658203125,0.00000047762337378,6635804,2019-02-11 16:04:22,btc,107.05707167545805,0.019595272549,0.01312455000000000045201620224588623386807739734649658203125,btc,20.691162840861,0.0,0.29243494925154295,1
1,[],4,[],2019-02-11 16:04:23,320.82532886,0.01322153,0.000000481152631148,6635805,2019-02-11 16:04:23,btc,1.051385577941988,0.0,0.01322153,btc,75.99098587,0.78650228,1.5584563556912057,1
1,[],5,[],2019-02-11 16:04:26,0.31192575,0.01300002,0.000000473091527832,6635806,2019-02-11 16:04:26,btc,14577.91083441,3.771e-05,0.01300002,btc,35555556.07259977,0.0,2.63814108,1
1,[],10,[],2019-02-11 16:04:28,414498.11986377,0.0121503,0.00000044216885747999994,6635807,2019-02-11 16:04:28,btc,6530.951613012828,1483.36748427,0.0121503,btc,853.96524122,0.0,3.998717643220788,1
1,[],12,[],2019-02-11 16:04:32,10439.44004759,0.01306000000000000042799097599299784633331000804901123046875,0.000000475274296,6635808,2019-02-11 16:04:32,btc,0.4731733865423,0.0,0.01306000000000000042799097599299784633331000804901123046875,btc,28.56797294,0.8483466009723,0.399867663856,1
1,[],20,[],2019-02-11 16:04:34,1151.3756,0.010400104,0.0000003784764247264,6635809,2019-02-11 16:04:34,btc,0.0573537536243,0.0,0.010400104,btc,2.5253,0.0,0.0832230535083,1
1,[],21,[],2019-02-11 16:04:35,2721.55275612,0.01318702000000000068569150358,0.000000479896757032,6635810,2019-02-11 16:04:35,btc,14.504094281907312,4142.05893236,0.013187020000000000685691503576890681870281696319580078125,"btc,eth",1557.34207954,51.103115133850444,21.02491261107955,1
1,[],22,[],2019-02-11 16:04:39,0.0280576,0.01350000,0.0000004912866,6635811,2019-02-11 16:04:39,BTC,0.3139634,0.0,0.01350000,BTC,0.10070366666666666,1.62e-05,0.00036518,1
1,[],24,[],2019-02-11 16:04:39,0.0,0.000000000000,0,6635812,2019-02-11 16:04:39,btc,0.0,0.0,0.000000000000,btc,0.0,0.0,0.0,1
0.0,[],25,[],2019-02-11 16:04:40,0.0,0,0,6635813,2019-02-11 16:04:40,btc,23.52199999804872,617.78635014,0.0,btc,1744.64824896,8.1988,0.0,1
1,[],26,[],2019-02-11 16:04:50,0.0,0,0,6635814,2019-02-11 16:04:50,,0.0,0.0,0,,0.0,0.0,0.0,1
1,[],28,[],2019-02-11 16:04:58,992.968,0.01231000,0.000000447980596,6635815,2019-02-11 16:04:58,btc,0.163517306,16028.95,0.01231000,btc,8.95,0.0,0.086870176,1
0,[],2,[],2019-01-20 23:28:45,0.0,0,0,6477011,2019-01-20 23:28:45,,0.0,0.0,0,,0.0,0.0,0.0,1
1,[],5,[],2019-02-11 16:05:00,8.3e-06,0.00000050,0.000000000018195799999999998,6635816,2019-02-11 16:05:00,btc,0.14827173,0.07336152,0.00000050,btc,6.177e-05,0.0,0.15525703,2
1,[],22,[],2019-02-11 16:05:06,1348.0,0.00000018,0.000000000006550488,6635817,2019-02-11 16:05:06,BTC,4.22139106,0.0,0.00000018,"BTC,XMR",14654.709143333333,0.0,0.00091235,2
1,[],5,[],2019-02-11 16:05:08,1.12e-06,0.00000016,0.000000000005822656,6635818,2019-02-11 16:05:08,btc,4.33137069,0.00676065,0.00000016,btc,2.278e-05,0.0,2.89842162,3
1,[],12,[],2019-02-11 16:05:10,12128620.79720449,0.000000168,0.0000000000061137888,6635819,2019-02-11 16:05:10,btc,923494.5782726152,0.0,0.000000168,btc,8376863.78373074,0.04517774238574218,0.49029487924058157,3
0,[],28,[],2019-02-11 16:05:18,0.0,0,0,6635820,2019-02-11 16:05:18,,0.0,0.0,0,,0.0,0.0,0.0,3
0,[],2,[],2019-01-20 23:31:32,0.0,0,0,6477077,2019-01-20 23:31:32,,0.0,0.0,0,,0.0,0.0,0.0,4
1,[],4,[],2019-02-11 16:05:19,388453.74378225,0.00000033,0.000000000012009228,6635821,2019-02-11 16:05:19,btc,0.3813419301034616,0.0,0.00000033,btc,338565.10181884,0.00148985,0.0509342803920374,4
1,[],12,[],2019-02-11 15:57:11,1573085.5219999999,0.00000004,0.0000000000014555320000000001,6635629,2019-02-11 15:57:11,btc,11113878.35212334,0.0,0.00000004,btc,1001393.07363661,0.0016273576823175,0.02680625044,5
0,[],2,[],2019-01-20 23:31:51,0.0,0,0,6477087,2019-01-20 23:31:51,,0.0,0.0,0,,0.0,0.0,0.0,6
1,[],11,[],2019-02-11 16:05:21,1013270.9999525,0.00000002,0.000000000000727832,6635822,2019-02-11 16:05:21,btc,9433.307180950409,684817.5,0.00000002,btc,40413947.85665806,0.0,0.01157511499905,6
1,[],3,[],2019-02-11 16:05:22,1074.273146428111,0.00014521000000000000053346216333238771767355501651763916015625,0.0000000052844242359999995,6635823,2019-02-11 16:05:22,btc,28.399990609446498,0.0,0.00014521000000000000053346216333238771767355501651763916015625,btc,235.145665820227,0.0,0.031531977816658056,7
1,[],4,[],2019-02-11 16:05:22,23115.67187742,0.00019012,0.000000006918770992,6635824,2019-02-11 16:05:22,btc,1.6618473386148622,0.0,0.00019012,btc,7966.89316302,2.5102923,3.8061738229790976,7
1,[],5,[],2019-02-11 16:05:24,0.0057475,0.00018901,0.0000000068783763159999995,6635825,2019-02-11 16:05:24,btc,1.44281852,0.25498491,0.00018901,btc,0.01186712,0.0,1.58874511,7
1,[],20,[],2019-02-11 16:05:26,59081135.5697,0.000000001,0.0000000000000363916,6635826,2019-02-11 16:05:26,btc,116.5923532606651,315535.1265,0.000000001,btc,33662875.6586,0.0003155351265,0.0590811355697,8
1,[],1,[],2019-02-11 16:05:28,2739408.23,0.000001940000000000000060442102711721901187047478742897510528564453125,0.000000000070599704,6635827,2019-02-11 16:05:28,btc,3.3422649389999997,12229124.06,0.000001940000000000000060442102711721901187047478742897510528564453125,btc,1687030.69,24.07085017,5.2416418494,9
1,[],4,[],2019-02-11 16:05:29,473533.24680844,0.00000193,0.00000000007023578799999999,6635828,2019-02-11 16:05:29,btc,0.8744827215736214,0.0,0.00000193,btc,439404.23987178,1.10652951,0.8771881320688028,9
1,[],28,[],2019-02-11 16:05:30,34500.0,0.00000165,0.00000000006004614,6635829,2019-02-11 16:05:30,btc,2708.767537584,3215072.0,0.00000165,btc,15216.36,0.0,0.02854,9
0,[],2,[],2019-01-20 23:22:42,0.0,0,0,6476876,2019-01-20 23:22:42,,0.0,0.0,0,,0.0,0.0,0.0,9
0,[],23,[],2019-01-20 23:22:48,0.0,0,0,6476878,2019-01-20 23:22:48,,0.0,0.0,0,,0.0,0.0,0.0,9
1,[],4,[],2019-02-10 09:54:02,5828483.02026053,0.00000002,0.000000000000726692,6623074,2019-02-10 09:54:02,btc,0.2014004865591215,0.0,0.00000002,btc,4198675.28035349,0.00021932,0.0653957035452106,10
1,[],4,[],2019-02-11 16:05:32,2017234.92844198,0.00000145,0.00000000005276782,6635830,2019-02-11 16:05:32,btc,1.446973618282361,0.0,0.00000145,btc,945168.18858627,0.91735343,2.7468456516689788,12
1,[],5,[],2019-02-11 16:05:33,1.98e-05,0.00000140,0.00000000005094824,6635831,2019-02-11 16:05:33,btc,0.43963668,0.51670065,0.00000140,btc,0.0001082,0.0,0.25426513,12
0.0,[],25,[],2019-02-11 16:05:34,0.0,0,0,6635832,2019-02-11 16:05:34,,0.0,0.0,0.0,btc,0.0,0.0,0.0,12
0,[],2,[],2019-01-20 23:23:08,0.0,0,0,6476890,2019-01-20 23:23:08,,0.0,0.0,0,,0.0,0.0,0.0,12
1,[],4,[],2019-02-11 16:05:36,1302378.58982486,0.00000609,0.00000000022162484399999998,6635833,2019-02-11 16:05:36,btc,0.8736253628007612,0.0,0.00000609,btc,125575.52411099,0.61731109,1.2416092637595788,13
1,[],21,[],2019-02-11 16:05:39,932915.8644315699,0.000006070000000000000328832013702,0.00000000022089701200000001,6635834,2019-02-11 16:05:39,btc,3.0629446533554154,962039.5371587,0.0000060700000000000003288320137018185818078563897870481014251708984375,btc,449650.70454701,5.98600009,3.892936307522345,13
1,[],10,[],2019-02-11 15:47:37,441201.22177684,0.00000579,0.00000000021067957199999998,6635437,2019-02-11 15:47:37,btc,666806.4190647245,6812.53925635,0.00000579,btc,745656.04755133,0.0,0.3511873591241422,13
1,[],4,[],2019-02-11 16:05:40,1074373.52212373,0.00000137,0.000000000049856492,6635835,2019-02-11 16:05:40,btc,0.1519697828811521,0.0,0.00000137,btc,83616.19606715,0.01399779,0.4695909341377252,14
1,[],12,[],2019-02-11 16:05:43,87862.2231405,0.000001230000000000000081983031474663903281907550990581512451171875,0.000000000044761668,6635836,2019-02-11 16:05:43,btc,1.7674743551359335,0.0,0.000001230000000000000081983031474663903281907550990581512451171875,btc,29139.33636749,6.273e-05,0.009419910000005,14
0,[],17,[],2019-02-11 16:05:47,0.0,0,0,6635837,2019-02-11 16:05:47,btc,0.0,0.0,0,btc,0.0,0.0,0.0,14
1,[],26,[],2019-02-11 16:05:47,0.0,0.00000050,0.000000000018195799999999998,6635838,2019-02-11 16:05:47,btc,0.0,0.0,0.00000050,btc,0.0,0.0,0.0,14
0,[],4,[],2019-02-11 16:05:48,0.0,0,0,6635839,2019-02-11 16:05:48,,0.0,0.0,0,,0.0,0.0,0.0,15
,[],12,[],2018-12-01 15:15:48,204241.84496,0.00000489,0.000000000202473384,5260204,2018-12-01 15:15:48,btc,49.5475654835,0.0,,btc,35763.2193806,0.0163153972027625,0.0203389899998,15
1,[],4,[],2019-02-11 16:05:50,23530.38048046,0.00001837,0.000000000668513692,6635840,2019-02-11 16:05:50,btc,2.2790894387744602,0.0,0.00001837,btc,10650.48973791,0.01042664,0.0399284558667755,18
1,[],10,[],2019-02-11 16:05:52,789472.16859182,0.0000184,0.00000000066960544,6635841,2019-02-11 16:05:52,btc,15.53529711008975,329.93743233,0.0000184,btc,10419.16742853,0.0,0.3044831544258704,18
1,[],12,[],2019-02-11 16:05:53,204523.58084272,0.0000178100000000000005810803227479510724151623435318470001220703125,0.000000000648134396,6635842,2019-02-11 16:05:53,btc,11.6620354447359,0.0,0.0000178100000000000005810803227479510724151623435318470001220703125,btc,1820.20048902,2.754232364e-05,0.0384171186029232,18
0,[],17,[],2019-02-11 16:05:54,0.0,0,0,6635843,2019-02-11 16:05:54,btc,0.0,0.0,0,btc,0.0,0.0,0.0,18
0,[],2,[],2019-01-20 23:23:38,0.0,0,0,6476906,2019-01-20 23:23:38,,0.0,0.0,0,,0.0,0.0,0.0,18
1,[],3,[],2019-02-11 16:05:55,129649.59871618681,0.0000250099999999999994082337806400317958832602016627788543701171875,0.0000000009101539159999999,6635844,2019-02-11 16:05:55,btc,0.4672449630434957,0.0,0.0000250099999999999994082337806400317958832602016627788543701171875,btc,5018.393100515442,0.0,0.09980301493181616,19
1,[],4,[],2019-02-11 16:05:56,235702.06469727,0.00002863,0.000000001041891508,6635845,2019-02-11 16:05:56,btc,0.2796248390278338,0.0,0.00002863,btc,8930.69255043,0.52274533,2.9902090181979815,19
1,[],5,[],2019-02-11 16:05:57,0.00024426,0.00002521,0.000000000917432236,6635846,2019-02-11 16:05:57,btc,0.22958914,0.00021616,0.00002521,btc,0.00292704,0.0,0.07690918,19
1,[],12,[],2019-02-11 16:05:59,134818.78764721,0.00002294999999999999880265048879390832325952942483127117156982421875,0.0000000008351872199999999,6635847,2019-02-11 16:05:59,btc,0.030324005495853002,0.0,0.00002294999999999999880265048879390832325952942483127117156982421875,btc,313.64095945,0.0,0.0318148086269974,19
0,[],27,[],2019-02-11 16:06:01,0.0,0,0,6635848,2019-02-11 16:06:01,,0.0,0.0,0,btc,0.0,0.0,0.0,19
0,[],2,[],2019-01-20 23:24:19,0.0,0,0,6476924,2019-01-20 23:24:19,,0.0,0.0,0,,0.0,0.0,0.0,19
1,[],4,[],2019-02-11 16:06:02,8104105.2040485,0.00000015,0.00000000000545874,6635849,2019-02-11 16:06:02,btc,0.7687784087825957,0.0,0.00000015,btc,1574056.40843545,0.0060426,0.2634953332083667,20
1,[],4,[],2019-02-11 16:06:03,112794070.437557,0.00000002,0.000000000000727832,6635850,2019-02-11 16:06:03,btc,0.6078677429510098,0.0,0.00000002,btc,16635650.14575441,0.00574239,1.3240486129609803,21
1,[],12,[],2019-02-11 16:06:03,17619837.0,0.00000002,0.000000000000727832,6635851,2019-02-11 16:06:03,btc,669.7258355491022,0.0,0.00000002,btc,8580204.84915351,0.0276,0.22543702000000002,21
0,[],17,[],2019-02-11 16:06:05,0.0,0,0,6635852,2019-02-11 16:06:05,btc,0.0,0.0,0,btc,0.0,0.0,0.0,21
1,[],12,[],2019-02-11 16:06:06,2904957452.043896,0.0000000002,0.00000000000000727832,6635853,2019-02-11 16:06:06,btc,825864718656.4681,0.0,0.0000000002,btc,4294303226.9512515,0.010025532329470751,0.33367889085558977,23
0,[],27,[],2019-02-11 16:06:08,0.0,0,0,6635854,2019-02-11 16:06:08,,0.7240921565934114,0.0,0,eth,727098.85514486,0.0,0.0,23
1,[],4,[],2019-02-11 16:06:09,377729.82161295,0.00000071,0.000000000025838036,6635855,2019-02-11 16:06:09,btc,0.1635284318511117,0.0,0.00000071,btc,149065.76669259,0.02534112,0.1906125036292196,24
1,[],22,[],2019-02-11 16:06:13,11.76,0.00000100,0.000000000036391599999999996,6635856,2019-02-11 16:06:13,BTC,7.415e-05,0.0,0.00000100,BTC,23.919354838709676,0.0,1.176e-05,24
0.0,[],25,[],2019-02-11 16:06:14,0.0,0,0,6635857,2019-02-11 16:06:14,,0.0,0.0,0.0,btc,0.0,0.0,0.0,24
1,[],4,[],2019-02-11 15:58:17,27897265.92897058,0.00000536,0.000000000195041288,6635666,2019-02-11 15:58:17,btc,0.4174093879897286,0.0,0.00000536,btc,34005.75822985,0.08539196,0.3945239198893648,26
1,[],10,[],2019-02-11 15:58:19,730947.4321827,0.00000601,0.000000000218693683,6635667,2019-02-11 15:58:19,btc,25.91573059571024,0.0,0.00000601,btc,13164.47848257,0.0,0.213205382896882,26
0,[],2,[],2019-01-20 23:25:56,0.0,0,0,6476976,2019-01-20 23:25:56,,0.0,0.0,0,,0.0,0.0,0.0,26
1,[],3,[],2019-02-11 16:06:16,4738722.0,0.00000001,0.000000000000363916,6635858,2019-02-11 16:06:16,btc,2.5118346426117757,172136.039432,0.00000001,btc,16318822.24773268,0.0,0.04738722,27
1,[],5,[],2019-02-11 16:06:18,1e-08,0.00000001,0.000000000000363916,6635859,2019-02-11 16:06:18,btc,1.55121482,0.00029891,0.00000001,btc,4.577e-05,0.0,0.11923465,27
1,[],11,[],2019-02-11 16:06:20,10064996.7912115,0.00000005,0.00000000000181958,6635860,2019-02-11 16:06:20,btc,370.63310344475406,219.9,0.00000005,btc,8170877.7193934005,0.0,0.4661206184459823,27
1,[],4,[],2019-02-11 16:06:21,512169108.2836788,0.00000002,0.000000000000727832,6635861,2019-02-11 16:06:21,btc,0.24995013722638684,0.0,0.00000002,"btc,ltc",31309071.56064218,0.30018111,7.153876701304076,29
1,[],7,[],2019-02-11 16:06:22,29035416.775896247,0.00000002,0.000000000000727832,6635862,2019-02-11 16:06:22,btc,44465207.127922386,9166.97917137,0.00000002,btc,52569078.26659874,0.00026763,0.4259103721086603,29
1,[],4,[],2019-02-11 16:06:23,1592746.44881596,0.00000028,0.000000000010189648,6635863,2019-02-11 16:06:23,btc,0.199837253521707,0.0,0.00000028,btc,427285.03546108,0.0061021,0.1395133614649795,30
0,[],17,[],2019-02-11 16:06:25,0.0,0,0,6635864,2019-02-11 16:06:25,btc,0.0,0.0,0,btc,0.0,0.0,0.0,30
1,[],4,[],2019-02-11 16:06:26,1760018.82411064,0.00006318,0.000000002299221288,6635865,2019-02-11 16:06:26,btc,1.0682518144578694,0.0,0.00006318,btc,13436.47330137,1.17448367,2.458575109366517,31
1,[],21,[],2019-02-11 16:06:26,59140.00385234,0.00006462999999999999615422213717,0.000000002351989108,6635866,2019-02-11 16:06:26,btc,1.988331056933486,94049.73327925,0.000064629999999999996154222137167977280114428140223026275634765625,btc,28694.95028247,6.04252512,3.494618868786894,31
0,[],2,[],2019-01-20 23:28:43,0.0,0,0,6477009,2019-01-20 23:28:43,,0.0,0.0,0,,0.0,0.0,0.0,32
1,[],4,[],2019-02-11 16:06:28,133997439.94570996,0.00000004,0.000000000001455664,6635867,2019-02-11 16:06:28,btc,2.138770232871368,0.0,0.00000004,"btc,ltc",46551648.62224121,0.34456633,1.872807675626925,33
1,[],12,[],2019-02-11 16:06:30,12141257.0,0.00000005,0.00000000000181958,6635868,2019-02-11 16:06:30,btc,34509091.825257175,0.0,0.00000005,btc,89769065.81118865,0.09157350074925,0.37097707,33
1,[],4,[],2019-02-11 16:06:31,119838778.1869936,0.00000002,0.000000000000727832,6635869,2019-02-11 16:06:31,btc,0.7470442382411442,0.0,0.00000002,btc,24901474.60803814,0.10501899,1.2190685619282926,34
1,[],5,[],2019-02-11 16:06:33,3e-08,0.00000002,0.000000000000727832,6635870,2019-02-11 16:06:33,btc,4.21606572,0.03626011,0.00000002,btc,1.394e-05,0.0,0.77442066,34
0.0000000001174734,[],4,[],2019-02-11 16:06:34,735268111.39584,3.524202e-18,1.282513495032e-22,6635871,2019-02-11 16:06:34,ltc,1.0255822497388747e-08,0.0,0.00000003,ltc,1858582360.5500534,0.0,1.3821674116052656e-09,36
1,[],5,[],2019-02-11 16:06:35,0.0,0,0,6635872,2019-02-11 16:06:35,btc,197.40695613,0.0,0,btc,1.325e-05,0.0,0.0,36
0,[],17,[],2019-02-11 16:06:36,0.0,0,0,6635873,2019-02-11 16:06:36,btc,0.07464582790865514,0.0,0,btc,4105386.20243647,0.0,0.0,36
0.0000000001174734,[],27,[],2019-02-11 16:06:40,1000000.0,2.349468e-18,8.55008996688e-23,6635874,2019-02-11 16:06:40,ltc,252.8263276744,0.0,0.00000002,"ltc,eth",3711879.06,0.0,2.349468e-12,36
1,[],4,[],2019-02-11 15:48:40,275718.27178148,0.00000131,0.000000000047666708,6635481,2019-02-11 15:48:40,btc,0.5451620116998377,0.0,0.00000131,btc,328998.80314446,0.15780469,0.1754623087247543,37
1,[],12,[],2019-02-11 15:48:42,372163.33991007,0.000001309999999999999951307938332589753116508290986530482769012451171875,0.000000000047666707999999995,6635482,2019-02-11 15:48:42,btc,1341.2774133682478,0.0,0.000001309999999999999951307938332589753116508290986530482769012451171875,btc,743978.80851844,0.1618387251249067,0.1500586999999952,37
1,[],17,[],2019-02-11 15:48:43,1752.74075282,0.00000025,0.0000000000090967,6635483,2019-02-11 15:48:43,btc,0.055484923979187195,0.0,0.00000025,btc,1387.19918473,0.0,0.00043818518820499993,37
1,[],27,[],2019-02-11 15:48:45,14852.0,0.0000005,0.0000000000181934,6635484,2019-02-11 15:48:45,btc,51.75602025030353,0.0,0.0000005,btc,29579.81438508,0.0,0.00488022,37
1,[],5,[],2019-02-11 16:06:41,1.727e-05,0.00000100,0.000000000036391599999999996,6635875,2019-02-11 16:06:41,btc,0.09446012,0.10299939,0.00000100,btc,9.455e-05,0.0,0.04594977,42
1,[],12,[],2019-02-11 16:06:42,131081.74715161,0.000001069999999999999919816744131662034078544820658862590789794921875,0.000000000038939011999999995,6635876,2019-02-11 16:06:42,btc,96.34266970742111,0.0,0.000001069999999999999919816744131662034078544820658862590789794921875,btc,98048.74782362,0.0353203781941309,0.0500684899999446,42
0,[],27,[],2019-02-11 16:06:45,0.0,0,0,6635877,2019-02-11 16:06:45,,0.00315028,0.0,0,"btc,eth",11.007,0.0,0.0,42
1,[],5,[],2019-02-11 16:06:46,6e-08,0.00000003,0.000000000001091748,6635878,2019-02-11 16:06:46,btc,6.25851383,0.00052003,0.00000003,btc,1.425e-05,0.0,0.56206155,43
1,[],12,[],2019-02-11 16:06:47,3951767.903,0.00000002,0.000000000000727832,6635879,2019-02-11 16:06:47,btc,20007456.492501527,0.0,0.00000002,btc,38967697.19920079,5.5266733267e-06,0.03951772806,43
0,[],17,[],2019-02-11 16:06:49,0.0,0,0,6635880,2019-02-11 16:06:49,btc,0.0,0.0,0,btc,0.0,0.0,0.0,43
1,[],12,[],2019-02-11 16:06:50,760915.0,0.00000005,0.00000000000181958,6635881,2019-02-11 16:06:50,btc,11115166.91779671,0.0,0.00000005,btc,1021507.64235763,0.0029483000899094,0.02130255,44
1,[],4,[],2019-02-11 16:06:51,225376983.73602155,0.00000002,0.000000000000727832,6635882,2019-02-11 16:06:51,btc,0.18861612614882783,0.0,0.00000002,"btc,ltc",4478908.78819572,0.00393722,0.4296352376463262,49
0.0000000001174734,[],4,[],2019-02-11 16:06:52,2631002910.9357986,1.174734e-18,4.27504498344e-23,6635883,2019-02-11 16:06:52,ltc,4.645173507293704,0.0,0.00000001,ltc,3085005624.009269,0.0,3.0907285735752547e-09,52
0,[],22,[],2019-02-11 09:44:56,0.0,0,0,6632671,2019-02-11 09:44:56,,3935.19376955,0.0,0,,263411682.90882352,0.0,0.0,57
0,[],27,[],2019-02-11 09:44:58,0.0,0,0,6632672,2019-02-11 09:44:58,,0.0,0.0,0,"btc,eth",0.0,0.0,0.0,57
0.0000000001174734,[],4,[],2019-02-11 16:06:53,1188281911.688359,5.8736700000000006e-18,2.13752249172e-22,6635884,2019-02-11 16:06:53,ltc,3.2794086075867934,0.0,0.00000005,ltc,929716188.3217124,0.00023558,3.606251502594145e-09,58
1,[],12,[],2019-02-11 16:06:54,1931830227.843957,0.0000000005,0.0000000000000181958,6635885,2019-02-11 16:06:54,btc,224005489727.79065,0.0,0.0000000005,btc,3723368201.151154,0.009245132818181803,0.6809677096011392,58
0,[],17,[],2019-02-11 16:06:56,0.0,0,0,6635886,2019-02-11 16:06:56,btc,1e+24,0.0,0,btc,41481695.95832568,0.0,0.0,58
0.0000000001303696,[],22,[],2019-02-11 16:06:59,137438.0,1.303696e-18,4.74435833536e-23,6635887,2019-02-11 16:06:59,XMR,69.8835922,0.0,0.00000001,XMR,9887963.0,0.0,0.00137438,58
1,[],5,[],2019-02-11 16:07:01,1.251e-05,0.00000078,0.000000000028385448,6635888,2019-02-11 16:07:01,btc,0.21946062,0.01732129,0.00000078,btc,0.0001136,0.0,0.06954117,61
1,[],22,[],2019-02-11 16:07:05,5149.5,0.00000011,0.000000000004003076,6635889,2019-02-11 16:07:05,BTC,1002.29598212,0.0,0.00000011,BTC,14957.700278135757,0.0,0.00051596,61
1,[],26,[],2019-02-11 16:07:05,0.0,0.00000800,0.00000000029113279999999997,6635890,2019-02-11 16:07:05,btc,0.0,0.0,0.00000800,btc,0.0,0.0,0.0,61
1,[],27,[],2019-02-11 16:07:07,12554.3559,0.00000059,0.000000000021471044,6635891,2019-02-11 16:07:07,btc,10.764440334806674,471.78870423,0.00000059,"btc,eth",15310.44146575,0.00094358,0.0013863899827539685,61
1,[],28,[],2019-02-11 16:07:13,19904.304,0.00000101,0.000000000036755516,6635892,2019-02-11 16:07:13,btc,2.056400593700105,665.0,0.00000101,btc,9787.52450005,0.0,0.00994531304,61
1,[],4,[],2019-02-11 15:59:21,489216.9131047,0.00000255,0.000000000092790165,6635701,2019-02-11 15:59:21,btc,1.0673550489097297,0.0,0.00000255,btc,269338.87576552,0.11861763,0.7321017873407505,67
0.0,[],25,[],2019-02-11 15:59:22,0.0,0,0,6635702,2019-02-11 15:59:22,,0.0,0.0,0.0,btc,0.0,0.0,0.0,67
1,[],12,[],2019-02-11 16:07:14,2768594.45763775,0.00000027,0.000000000009825732,6635893,2019-02-11 16:07:14,btc,11115896.507529723,0.0,0.00000027,btc,1903915.65813487,0.021591549920093,0.10913309553202159,71
,[],5,[],2018-11-20 23:02:39,1.5e-07,0.00000005,0.000000000002128045,4862160,2018-11-20 23:02:39,btc,2.84511358,0.0,,btc,0.00036572,0.0,0.07381892,74
1,[],5,[],2019-01-25 15:53:51,3.303e-05,0.00000156,0.000000000055588884,6499610,2019-01-25 15:53:51,btc,1.42844212,0.0,0.00000156,btc,0.00015937,0.0,0.49487621,75
1,[],4,[],2019-02-11 16:07:15,42540453.16892337,0.00000001,0.000000000000363916,6635894,2019-02-11 16:07:15,btc,0.7675855249914513,0.0,0.00000001,btc,14662066.58791845,0.0,0.4254045316892337,81
0,[],20,[],2019-01-25 09:30:31,0.0,0,0,6495923,2019-01-25 09:30:31,btc,0.0,0.0,0,btc,0.0,0.0,0.0,81
1,[],4,[],2019-02-11 16:07:17,23862.44848493,0.00007411,0.000000002696981476,6635895,2019-02-11 16:07:17,btc,0.892637932860265,0.0,0.00007411,btc,8039.7666766,0.00488729,0.0921124165859432,82
1,[],21,[],2019-02-11 16:07:18,64968.06509371,0.00007511999999999999905707370740,0.000000002733736992,6635896,2019-02-11 16:07:18,btc,3.4479833093996444,3311.2862231,0.00007511999999999999905707370739804673576145432889461517333984375,btc,40013.42033587,0.24928984,2.959030433863491,82
0,[],17,[],2019-02-07 10:02:39,0.0,0,0,6611495,2019-02-07 10:02:39,btc,0.0447233088476774,0.0,0,btc,999127.19588126,0.0,0.0,84
0.0000000001174734,[],4,[],2019-02-11 16:07:19,152982679.76589486,1.0572606e-17,3.8475404850960002e-22,6635897,2019-02-11 16:07:19,ltc,0.1956906324634927,0.0,0.00000009,ltc,76428846.95969228,0.0,7.191750502741977e-10,85
,[],22,[],2018-11-20 23:09:34,3408.1,0.0000001,0.0000000000041895,4862324,2018-11-20 23:09:34,BTC,0.04624735,0.0,,BTC,4990.0,0.0,0.00033081,86
0,[],22,[],2019-02-11 15:59:30,0.0,0,0,6635708,2019-02-11 15:59:30,,2.0760781,0.0,0,,140622.94736842104,0.0,0.0,87
0,[],27,[],2019-02-11 15:59:31,0.0,0,0,6635709,2019-02-11 15:59:31,,0.0,0.0,0,btc,0.0,0.0,0.0,87
,[],2,[],2018-11-20 23:10:47,0.0,0,0,4862359,2018-11-20 23:10:47,,0.0,0.0,,,0.0,0.0,0.0,88
1,[],11,[],2019-02-11 16:07:21,94431.14880936,0.0001530500000000000067855443486308786305016838014125823974609375,0.0000000055697343800000004,6635898,2019-02-11 16:07:21,btc,702.3066775257124,1388.31898139,0.0001530500000000000067855443486308786305016838014125823974609375,btc,187464.94921814,0.0,6.250247840321246,89
0,[],2,[],2019-01-20 23:31:45,0.0,0,0,6477083,2019-01-20 23:31:45,,0.0,0.0,0,,0.0,0.0,0.0,91
1,[],12,[],2019-02-11 13:47:32,437960.33682877,0.000003019999999999999884515121395534009707262157462537288665771484375,0.000000000109760692,6634220,2019-02-11 13:47:32,btc,1115.1226716710362,0.0,0.000003019999999999999884515121395534009707262157462537288665771484375,btc,41720.28046543,0.0086842655559191,0.0662389005708671,91
0,[],17,[],2019-02-11 13:47:34,0.0,0,0,6634221,2019-02-11 13:47:34,btc,0.0,0.0,0,btc,0.0,0.0,0.0,91
0.0000000001174734,[],22,[],2019-02-11 16:07:25,23303133.4,5.8736700000000006e-18,2.13752249172e-22,6635899,2019-02-11 16:07:25,LTC,8.17576354,0.0,0.00000005,LTC,67492261.1,5.2899258796560004e-12,0.89647531,95
1,[],4,[],2019-02-11 16:07:26,136161819.13229468,0.00000001,0.000000000000363916,6635900,2019-02-11 16:07:26,btc,0.9627796587681029,0.0,0.00000001,"btc,ltc",47982772.8643683,0.00661617,0.014311956673188549,96
1,[],12,[],2019-02-11 16:07:27,759873.0,0.00000001,0.000000000000363916,6635901,2019-02-11 16:07:27,btc,255063.4736351099,0.0,0.00000001,btc,8812348.54676297,0.0006575,0.007598730000000001,96
0,[],17,[],2019-02-11 16:07:29,0.0,0,0,6635902,2019-02-11 16:07:29,btc,0.0,0.0,0,btc,0.0,0.0,0.0,96
1,[],4,[],2019-02-11 16:07:29,1856187.49666891,0.00000032,0.000000000011645312,6635903,2019-02-11 16:07:29,btc,0.117690094886433,0.0,0.00000032,btc,264549.57269709,0.00553844,0.2372209445267991,99
0,[],2,[],2019-01-20 23:23:55,0.0,0,0,6476914,2019-01-20 23:23:55,,0.0,0.0,0,,0.0,0.0,0.0,100
1,[],4,[],2019-02-11 16:07:31,209348.43086074,0.00004011,0.000000001459667076,6635904,2019-02-11 16:07:31,btc,1.2300930727081116,0.0,0.00004011,btc,27557.39299684,1.13894341,1.145232110935725,100
1,[],22,[],2019-02-11 16:07:45,50000.0,0.00000001,0.000000000000363916,6635905,2019-02-11 16:07:45,BTC,23.50383609,0.0,0.00000001,BTC,11277.22,0.0,0.0005,101
1,[],4,[],2019-02-11 16:07:46,116242.81229739,0.00000102,0.000000000037119432,6635906,2019-02-11 16:07:46,btc,0.4224317596914655,0.0,0.00000102,btc,160186.15851836,0.02012587,0.0662762133050913,103
1,[],12,[],2019-02-11 16:07:50,53067470.4663887,0.000000016,0.0000000000005822656,6635907,2019-02-11 16:07:50,btc,137278794.7154145,0.0,0.000000016,btc,130818464.57786275,0.04552506181618454,0.3179817064622192,105
1,[],27,[],2019-02-11 16:07:51,4209342.89,0.00000001,0.000000000000363916,6635908,2019-02-11 16:07:51,btc,1.62008275136923,0.0,0.00000001,btc,575169.42860553,0.0,0.0420934289,105
0,[],22,[],2019-02-11 16:07:55,0.0,0,0,6635909,2019-02-11 16:07:55,,1.07253299,0.0,0,,94300.0,0.0,0.0,107
1,[],26,[],2019-02-11 16:07:55,0.0,0.00000000,0,6635910,2019-02-11 16:07:55,btc,0.0,0.0,0.00000000,btc,0.0,0.0,0.0,107
1,[],5,[],2019-02-11 16:07:56,1e-08,0.00000001,0.000000000000363916,6635911,2019-02-11 16:07:56,btc,2.8934082,0.01270279,0.00000001,btc,1.571e-05,0.0,0.0863644,112
1,[],22,[],2019-02-11 16:08:00,189099.0,0.00000002,0.000000000000727832,6635912,2019-02-11 16:08:00,BTC,2.81183288,0.0,0.00000002,BTC,808524.0833333334,0.0,0.00189105,112
0.0000000003327582,[],27,[],2019-02-11 16:08:02,500000.0,3.327582e-18,1.210960331112e-22,6635913,2019-02-11 16:08:02,eth,1.35132491849924,0.0,0.00000001,"btc,eth",1328.641654,0.0,1.6637909999999999e-12,112
1,[],4,[],2019-02-11 16:08:03,472827.42584526,0.00000336,0.000000000122275776,6635914,2019-02-11 16:08:03,btc,0.2510554121865054,0.0,0.00000336,btc,56627.44405667,0.10040437,0.2847614970582729,113
1,[],5,[],2019-02-11 16:08:05,1.542e-05,0.00000320,0.00000000011645312,6635915,2019-02-11 16:08:05,btc,0.88316837,0.0,0.00000320,btc,0.00160736,0.0,0.29770676,113
1,[],17,[],2019-02-11 16:08:06,172038.724,0.00000004,0.000000000001455664,6635916,2019-02-11 16:08:06,btc,1.337363027453476,0.0001,0.00000004,btc,60896.221,0.0,0.0029815489599999997,116
0,[],27,[],2019-02-11 16:08:08,0.0,0,0,6635917,2019-02-11 16:08:08,,0.0,0.0,0,btc,0.0,0.0,0.0,116
1,[],4,[],2019-02-11 16:08:09,25415.68787069,0.00002703,0.000000000983664948,6635918,2019-02-11 16:08:09,btc,0.767149251272356,0.0,0.00002703,btc,23489.18353258,4.78585279,0.5565148417004202,120
1,[],7,[],2019-02-11 16:08:10,6368.83929295,0.00003177000000000000244811115823750924391788430511951446533203125,0.000000001156161132,6635919,2019-02-11 16:08:10,btc,115647.2919986346,150.82135862,0.00003177000000000000244811115823750924391788430511951446533203125,btc,29578.55846259,0.00528392,0.0574102858965034,120
1,[],20,[],2019-02-11 16:08:13,1094534.6666,0.000000014,0.0000000000005094824,6635920,2019-02-11 16:08:13,btc,33.8688445501599,0.0,0.000000014,btc,1142782.3764,0.0,0.0052806482171,125
1,[],22,[],2019-02-11 16:08:16,3053.0,0.00000001,0.000000000000363916,6635921,2019-02-11 16:08:16,BTC,0.01444889,0.0,0.00000001,BTC,296264.5111111111,0.0,3.053e-05,126
1,[],4,[],2019-02-11 16:08:18,134340.87724907,0.00001418,0.000000000516032888,6635922,2019-02-11 16:08:18,btc,0.6476566290100039,0.0,0.00001418,btc,35256.39700303,0.14086678,0.5132729213586329,131
0,[],17,[],2019-02-11 16:08:20,0.0,0,0,6635923,2019-02-11 16:08:20,btc,0.0009561751951600001,0.0,0,btc,35.42829368,0.0,0.0,131
0,[],2,[],2019-01-20 23:25:46,0.0,0,0,6476969,2019-01-20 23:25:46,,0.0,0.0,0,,0.0,0.0,0.0,131
1,[],4,[],2019-02-11 16:08:20,4618.72296212,0.00016012,0.000000005827022992,6635924,2019-02-11 16:08:20,btc,1.6397450704738545,0.0,0.00016012,btc,295.92689166,0.0,0.0082576417131625,135
1,[],3,[],2019-02-11 16:08:21,1875334.19227397,0.00000006,0.000000000002183496,6635925,2019-02-11 16:08:21,btc,0.12396011445949519,15710.0,0.00000006,btc,428123.58715515,0.0,0.0704036194414789,136
1,[],4,[],2019-02-11 16:08:22,94100.76784826,0.00000172,0.000000000062593552,6635926,2019-02-11 16:08:22,btc,0.0636865146522921,0.0,0.00000172,btc,30361.45230268,0.06250942,0.1300328913398617,137
1,[],12,[],2019-02-11 16:08:23,308522.42731964,0.000001749999999999999973748754898694723891594549058936536312103271484375,0.0000000000636853,6635927,2019-02-11 16:08:23,btc,11982.945841684776,0.0,0.000001749999999999999973748754898694723891594549058936536312103271484375,btc,157893.23843048,0.0565193034439503,0.0479375169408988,137
1,[],4,[],2019-02-11 16:08:24,3598.76880438,0.00005631,0.000000002049210996,6635928,2019-02-11 16:08:24,btc,1.1841474864835835,0.0,0.00005631,btc,16432.29134134,2.42693968,0.1598179985102655,142
1,[],5,[],2019-02-11 16:08:25,0.00223737,0.00005773,0.000000002100887068,6635929,2019-02-11 16:08:25,btc,1.71208271,2.18107545,0.00005773,btc,0.00363948,0.0,1.73113827,142
1,[],17,[],2019-02-11 16:08:27,22967.386363640002,0.00000088,0.000000000032024608,6635930,2019-02-11 16:08:27,btc,20.069913352555087,0.0,0.00000088,btc,2746.079105,0.0,0.0104613000000032,142
1,[],20,[],2019-02-11 16:08:29,139501.303,0.00005,0.00000000181958,6635931,2019-02-11 16:08:29,btc,0.4187034274372,9451.5938,0.00005,btc,4015.7057,0.7549210403048,0.2955820471728,142
1,[],22,[],2019-02-11 16:08:33,1621.4,0.00001020,0.00000000037119432,6635932,2019-02-11 16:08:33,BTC,3.0087007,0.0,0.00001020,BTC,897.0985020382753,0.0,0.00189903,142
0.0,[],25,[],2019-02-11 16:08:34,0.0,0,0,6635933,2019-02-11 16:08:34,,0.0,0.0,0.0,btc,0.0,0.0,0.0,142
1,[],28,[],2019-02-11 16:08:36,78053.0,0.00004500,0.000000001637622,6635934,2019-02-11 16:08:36,btc,0.048809112,2396.3746,0.00004500,btc,249.5089,0.0,0.0602872,142
0,[],22,[],2019-02-11 16:08:39,0.0,0,0,6635935,2019-02-11 16:08:39,,68.47299197,0.0,0,,888990225.8,0.0,0.0,143
1,[],21,[],2019-02-11 16:08:40,47162501.0646057,0.00000028,0.000000000010189648000000001,6635936,2019-02-11 16:08:40,btc,39.612609007535525,5206827.26090584,0.00000028,btc,76805024.78021981,1.51547259,8.207697196547933,145
0,[],22,[],2019-02-10 17:04:30,0.0,0,0,6625727,2019-02-10 17:04:30,,4.25427726,0.0,0,,2259598.0,0.0,0.0,146
,[],22,[],2018-11-20 23:01:11,0.0,0,0,4862114,2018-11-20 23:01:11,,2.56807021,0.0,,,61828.4988236,0.0,0.0,147
1,[],12,[],2019-02-11 16:08:41,8679622.19461267,0.0000030900000000000000613419905148848698672736645676195621490478515625,0.000000000112450044,6635937,2019-02-11 16:08:41,btc,16.56266922424132,0.0,0.0000030900000000000000613419905148848698672736645676195621490478515625,btc,122138.71584867,0.038657562470881,0.1102000300000207,148
1,[],4,[],2019-02-11 16:08:43,392222.5174039,0.00000045,0.000000000016376219999999998,6635938,2019-02-11 16:08:43,btc,0.7853873559338292,0.0,0.00000045,btc,586983.44659021,0.00092332,0.1177041519886853,152
0,[],22,[],2019-02-11 16:08:45,0.0,0,0,6635939,2019-02-11 16:08:45,,0.0,0.0,0,,0.0,0.0,0.0,152
1,[],5,[],2019-02-11 16:08:46,0.0,0,0,6635940,2019-02-11 16:08:46,btc,4.35601725,0.0,0,btc,0.0021126,0.0,0.0,153
,[],16,[],2019-01-11 15:38:59,0.0,0,0,6366141,2019-01-11 15:38:59,btc,0.0,0.0,,btc,0.0,0.0,0.0,155
0,[],23,[],2019-01-20 23:24:29,0.0,0,0,6476932,2019-01-20 23:24:29,,0.0,0.0,0,,0.0,0.0,0.0,156
0,[],22,[],2019-02-11 16:08:50,0.0,0,0,6635941,2019-02-11 16:08:50,,6.74578916,0.0,0,,4614557.242592593,0.0,0.0,156
1,[],22,[],2019-02-11 16:08:54,7906.0,0.00000801,0.000000000291496716,6635942,2019-02-11 16:08:54,BTC,43.78801181,0.0,0.00000801,BTC,1067.5805334758436,0.0,0.00743836,157
0,[],22,[],2019-02-11 16:08:56,0.0,0,0,6635943,2019-02-11 16:08:56,,50175.67558609,0.0,0,,54029136.04179466,0.0,0.0,158
,[],17,[],2018-11-20 22:56:10,0.0,0,0,4861976,2018-11-20 22:56:10,btc,1.1265625,0.0,,btc,1000.0,0.0,0.0,159
,[],20,[],2018-11-20 22:56:12,0.0,0,0,4861977,2018-11-20 22:56:12,btc,11912.7940471,0.0,,btc,34413894.3617,0.0,0.0,159
1,[],12,[],2019-02-11 16:08:58,186477.24111911,0.000007449999999999999821692110713033940783134312368929386138916015625,0.00000000027111742,6635944,2019-02-11 16:08:58,btc,6.6632217263057205,0.0,0.000007449999999999999821692110713033940783134312368929386138916015625,btc,14905.950160460001,0.0068581579,0.0886686479999914,168
1,[],17,[],2019-02-11 16:09:00,29784.95,0.000001,0.000000000036391599999999996,6635945,2019-02-11 16:09:00,btc,0.03026736251542,0.0,0.000001,btc,144.46171372,0.0,0.00716147,168
0,[],22,[],2019-02-11 16:09:20,0.0,0,0,6635946,2019-02-11 16:09:20,,1.14776715,0.0,0,,721548.0900917595,0.0,0.0,169
1,[],22,[],2019-02-11 16:09:24,245000.0,0.00000011,0.000000000004003076,6635947,2019-02-11 16:09:24,BTC,11.3317861,0.0,0.00000011,BTC,133310.7953486459,0.0,0.0224,171
1,[],22,[],2019-02-11 16:09:29,230377.04554865425,0.00000023,0.000000000008370068,6635948,2019-02-11 16:09:29,BTC,2.6546222,0.0,0.00000023,BTC,236294.02370514462,0.00234255,0.01861125,173
1,[],5,[],2019-02-11 16:01:45,1.727e-05,0.00000314,0.000000000114259262,6635761,2019-02-11 16:01:45,btc,0.32405994,0.01817756,0.00000314,btc,0.00028286,0.0,0.69341984,175
1,[],22,[],2019-02-11 16:09:32,48834.52380952381,0.00000062,0.000000000022562792,6635949,2019-02-11 16:09:32,BTC,0.50041593,0.0,0.00000062,BTC,127686.46882822087,0.0,0.01774008,176
1,[],7,[],2019-02-11 16:09:33,0.0,0,0,6635950,2019-02-11 16:09:33,btc,410973.9169089935,0.0,0,btc,115465110.28145695,0.0,0.0,178
0,[],22,[],2019-02-11 16:09:36,0.0,0,0,6635951,2019-02-11 16:09:36,,1.00242428,0.0,0,,57512.0,0.0,0.0,178
0,[],2,[],2019-01-20 23:28:34,0.0,0,0,6477001,2019-01-20 23:28:34,,0.0,0.0,0,,0.0,0.0,0.0,178
0,[],23,[],2019-01-20 23:25:08,0.0,0,0,6476952,2019-01-20 23:25:08,,0.0,0.0,0,,0.0,0.0,0.0,179
1,[],5,[],2019-02-11 16:09:38,3e-08,0.00000002,0.000000000000727832,6635952,2019-02-11 16:09:38,btc,26.34215109,0.00488328,0.00000002,btc,2.088e-05,0.0,0.93615638,179
1,[],22,[],2019-02-11 16:09:44,7820284.0,0.00000002,0.000000000000727832,6635953,2019-02-11 16:09:44,BTC,5.48293504,0.0,0.00000002,"BTC,LTC",17867921.468656633,0.0,0.38366552,179
1,[],17,[],2019-02-11 16:09:46,10504.725,0.0000001,0.00000000000363916,6635954,2019-02-11 16:09:46,btc,5.2061668798790715,0.0,0.0000001,btc,6755.0074587,0.0,0.0010504725,180
1,[],22,[],2019-02-11 16:09:50,17535.97894736842,0.00000095,0.00000000003457202,6635955,2019-02-11 16:09:50,BTC,0.09342657,0.0,0.00000095,"BTC,LTC",13886.975478042325,0.00052565,0.00555294,180
1,[],26,[],2019-02-11 16:09:50,0.0,0.00000010,0.00000000000363916,6635956,2019-02-11 16:09:50,btc,0.0,0.0,0.00000010,btc,0.0,0.0,0.0,180
,[],7,[],2018-11-20 22:58:01,562227.975654,0.00000085,0.000000000036176765,4862015,2018-11-20 22:58:01,btc,21836.6059674,2491.87645172,,btc,749999.041456,0.00211021,0.127565380455,183
,[],5,[],2019-01-10 08:11:41,0.0,0,0,6347036,2019-01-10 08:11:41,btc,82.15055501,0.00261,,btc,1.19002445,0.0,0.0,187
,[],17,[],2018-11-16 20:58:10,4062536.27273,0.00000001,0.000000000000550501,4708775,2018-11-16 20:58:10,btc,3.36492563466,0.195460381006,,"btc,eth",110697919.549,0.0,0.0157628953496,187
1,[],24,[],2019-02-11 16:09:50,0.0,0.000000000001,3.63916e-17,6635957,2019-02-11 16:09:50,btc,0.0,0.0,0.000000000001,btc,0.0,0.0,0.0,187
0,[],22,[],2019-02-11 16:09:54,0.0,0,0,6635958,2019-02-11 16:09:54,,1.19383767,0.0,0,,14406.036201072173,0.0,0.0,191
0,[],22,[],2019-02-11 16:02:17,0.0,0,0,6635772,2019-02-11 16:02:17,,0.0,0.0,0,,0.0,0.0,0.0,197
0,[],23,[],2019-01-20 23:31:41,0.0,0,0,6477079,2019-01-20 23:31:41,,0.0,0.0,0,,0.0,0.0,0.0,199
1,[],26,[],2019-02-11 16:09:54,0.0,0.00000000,0,6635959,2019-02-11 16:09:54,btc,0.0,761599.0,0.00000000,btc,0.0,0.0,0.0,199
0,[],17,[],2019-01-30 16:32:01,0.0,0,0,6540827,2019-01-30 16:32:01,btc,6.802544163788159,0.0,0,btc,105897.55575295,0.0,0.0,200
0,[],2,[],2019-01-20 23:30:49,0.0,0,0,6477059,2019-01-20 23:30:49,,0.0,0.0,0,,0.0,0.0,0.0,201
1,[],4,[],2019-01-25 15:51:35,2084389.58565343,0.00000936,0.000000000333526752,6499557,2019-01-25 15:51:35,btc,2.0092503037378524,0.0,0.00000936,btc,160195.80207885,0.19272417,1.242687955921835,211
1,[],7,[],2019-02-11 16:10:00,4477685.59880212,0.000001599999999999999927596978921418013896982301957905292510986328125,0.00000000005822656,6635960,2019-02-11 16:10:00,btc,16567792.244371643,719196.491783,0.000001599999999999999927596978921418013896982301957905292510986328125,btc,12428508.85787217,1.13965202,3.3746513505752636,212
1,[],12,[],2019-01-25 02:44:32,207462.42853209,0.000001080000000000000035831255497387193287295303889550268650054931640625,0.000000000038610756000000006,6493050,2019-01-25 02:44:32,btc,85023.03793723314,0.0,0.000001080000000000000035831255497387193287295303889550268650054931640625,btc,43675.73520027,0.000146250909087,0.0348620860622024,213
1,[],5,[],2019-02-11 16:10:01,3.6e-06,0.00000032,0.000000000011645312,6635961,2019-02-11 16:10:01,btc,1.16357232,0.23106261,0.00000032,btc,3.106e-05,0.0,0.2592932,213
1,[],24,[],2019-02-11 16:10:01,0.0,0.000000050000,0.00000000000181958,6635962,2019-02-11 16:10:01,btc,0.0,0.0,0.000000050000,btc,0.0,0.0,0.0,213
1,[],26,[],2019-02-11 16:10:02,0.0,0.00000009,0.000000000003275244,6635963,2019-02-11 16:10:02,btc,0.0,0.0,0.00000009,btc,0.0,0.0,0.0,213
1,[],22,[],2019-02-11 16:10:07,182056.0,0.00000002,0.000000000000727832,6635964,2019-02-11 16:10:07,BTC,2.19518674,0.0,0.00000002,BTC,164778.63137942314,0.00178248,0.00282712,216
1,[],27,[],2019-02-11 16:10:10,5081157.5555,0.00000004,0.000000000001455664,6635965,2019-02-11 16:10:10,btc,391.91107336756,0.0,0.00000004,"btc,ltc",274171.569,0.0,0.05225726222,216
1,[],22,[],2019-02-11 16:10:15,304521.8247499803,0.00000210,0.00000000007642236,6635966,2019-02-11 16:10:15,BTC,12677.00132847,0.0,0.00000210,BTC,394463.1412294151,0.02135529,0.43428173,217
1,[],7,[],2019-02-11 16:10:17,0.0,0,0,6635967,2019-02-11 16:10:17,btc,77970.05582791512,0.0,0,btc,137091858.32140028,0.0,0.0,219
0,[],27,[],2019-02-11 16:10:19,0.0,0,0,6635968,2019-02-11 16:10:19,,5.3418937883169715,0.0,0,btc,1605140.99226592,0.0,0.0,219
0.0000000000000052,[],28,[],2019-02-11 16:10:28,203347515.944,6.5e-18,2.365454e-22,6635969,2019-02-11 16:10:28,doge,88584.47496696751,13117.0,0.00125000,"btc,doge",4974548.69631,0.0,1.7985985508380396e-11,219
1,[],22,[],2019-02-11 16:10:32,229483.57777777777,0.00000099,0.000000000036027684,6635970,2019-02-11 16:10:32,BTC,3.0098249,0.0,0.00000099,BTC,68780.84955994174,0.06134146,0.04399315,221
1,[],24,[],2019-02-11 16:10:32,0.0,0.000000610000,0.000000000022198876,6635971,2019-02-11 16:10:32,btc,0.0,0.0,0.000000610000,btc,0.0,0.0,0.0,221
1,[],20,[],2019-02-11 16:10:35,52202920.2575,0.000000003,0.0000000000001091748,6635972,2019-02-11 16:10:35,btc,49.923482619049,917412.5374,0.000000003,btc,10284905.1748,0.003073764277,0.0547525771171,224
0,[],22,[],2019-02-11 16:10:38,0.0,0,0,6635973,2019-02-11 16:10:38,,0.0,0.0,0,,0.0,0.0,0.0,224
1,[],26,[],2019-02-11 16:10:38,0.0,0.00000045,0.000000000016376219999999998,6635974,2019-02-11 16:10:38,btc,0.0,0.0,0.00000045,btc,0.0,0.0,0.0,231
1,[],26,[],2019-02-11 16:10:39,0.0,0.00000004,0.000000000001455664,6635975,2019-02-11 16:10:39,btc,0.0,100.0,0.00000004,btc,0.0,0.0,0.0,234
0,[],27,[],2019-02-11 16:10:41,0.0,0,0,6635976,2019-02-11 16:10:41,,0.0113483662182,0.0,0,"btc,eth",11462.99618,0.0,0.0,234
0,[],22,[],2019-02-11 16:10:44,0.0,0,0,6635977,2019-02-11 16:10:44,,3.06868068,0.0,0,,103318217.06349206,0.0,0.0,235
1,[],4,[],2019-02-11 16:10:46,1265100.51064733,0.00000068,0.000000000024746287999999998,6635978,2019-02-11 16:10:46,btc,0.1401524629658901,0.0,0.00000068,btc,130817.36222145,0.112321,0.3440391089042537,236
1,[],24,[],2019-02-11 16:10:46,0.0,0.000000020000,0.000000000000727832,6635979,2019-02-11 16:10:46,btc,0.0,0.0,0.000000020000,btc,0.0,0.0,0.0,236
1,[],20,[],2019-02-11 16:10:48,66115193.6648,0.000000064,0.0000000000023290624,6635980,2019-02-11 16:10:48,btc,14.6711303973529,32049847.646,0.000000064,btc,28204702.5653,2.1123659077032,0.4105227746905,237
0.0000000001174734,[],22,[],2019-02-11 16:10:52,14400.0,1.1747340000000001e-17,4.27504498344e-22,6635981,2019-02-11 16:10:52,LTC,0.04083605,0.0,0.0000001,LTC,4179.0,0.0,0.00144,237
1,[],4,[],2019-02-11 16:10:53,4637202.54259056,0.00000033,0.000000000012009228,6635982,2019-02-11 16:10:53,btc,0.5980259794614576,0.0,0.00000033,btc,1530569.95715268,0.46230262,1.4436311846887522,238
1,[],5,[],2019-02-11 16:10:54,4.25e-06,0.00000033,0.000000000012009228,6635983,2019-02-11 16:10:54,btc,0.73021516,0.01172629,0.00000033,btc,2.957e-05,0.0,0.28759682,238
0,[],22,[],2019-02-11 16:10:56,0.0,0,0,6635984,2019-02-11 16:10:56,,15.41678688,0.0,0,,370860.0639027493,0.0,0.0,249
0.0000000001178459,[],22,[],2019-02-11 15:55:16,7124354.333333333,3.535377e-18,1.286410558236e-22,6635601,2019-02-11 15:55:16,LTC,0.36811719,0.0,0.00000003,LTC,11588757.09,0.0,0.21273365,252
1,[],28,[],2019-02-11 16:11:02,3479213.286,0.00000013,0.000000000004730908,6635985,2019-02-11 16:11:02,btc,164693.5026367203,29457.3,0.00000013,btc,555324.17,0.0,0.2108710963,256
1,[],22,[],2019-02-11 16:11:06,114807.0,0.00000001,0.000000000000363916,6635986,2019-02-11 16:11:06,BTC,30.20524227,0.0,0.00000001,BTC,445890.0289327789,0.0,0.00114807,258
1,[],22,[],2019-01-26 20:58:41,368451.0,0.00000001,0.000000000000356135,6510120,2019-01-26 20:58:41,BTC,2.642917,0.0,0.00000001,"BTC,LTC",1862.0,0.0,0.02488451,259
1,[],22,[],2019-02-11 16:11:10,13604.436495933667,0.00000711,0.000000000258744276,6635987,2019-02-11 16:11:10,BTC,1293.13982505,0.0,0.00000711,"BTC,LTC",13283.51591503372,0.01049308,0.02779819,262
1,[],5,[],2019-02-11 16:11:12,4.952e-05,0.00000253,0.000000000092070748,6635988,2019-02-11 16:11:12,btc,1.82942901,0.35127249,0.00000253,btc,0.00061279,0.0,0.17789175,264
1,[],20,[],2019-02-11 16:11:14,1164323.292,0.000001511,0.0000000000549877076,6635989,2019-02-11 16:11:14,btc,4.9608144747912,26270.8149,0.000001511,btc,95550.3566,0.079534310411,0.016007588253,264
1,[],22,[],2019-02-11 16:11:18,95356.5,0.00000002,0.000000000000727832,6635990,2019-02-11 16:11:18,BTC,9.1788482,0.0,0.00000002,BTC,371756.0417119935,0.0,0.0014095,271
0,[],22,[],2019-02-11 16:11:21,0.0,0,0,6635991,2019-02-11 16:11:21,,384.77798703,0.0,0,,15106717515.9,0.0,0.0,272
0.0000000000000052,[],28,[],2019-02-11 16:11:25,188834535602.097,4.68e-21,1.70312688e-25,6635992,2019-02-11 16:11:25,doge,375560608.86070335,3714877873.0,0.0000009,doge,218535264478.4386,0.0,4.92115214771813e-10,272
1,[],22,[],2019-02-11 16:11:31,11542.0,0.00001000,0.000000000363916,6635993,2019-02-11 16:11:31,BTC,74.0785149,0.0,0.00001000,"BTC,LTC",1524.3826333333334,0.0219928,0.01653632,281
