pairValue,buyBook,exchangeId,sellBook,updated,buyTotal,satoshiPrice,usdPrice,exchangeLogId,created,bestPair,sellTotalBtc,volume,pairPrice,activePairs,sellTotal,volumeBtc,buyTotalBtc,coinId
1,[],3,[],2019-02-01 17:48:10,100.956080240151,0.01269679999999999940596406844406374148093163967132568359375,0.00000043950481072,6559414,2019-02-01 17:48:10,btc,106.99906965450805,0.181195819608,0.01269679999999999940596406844406374148093163967132568359375,btc,13.423640099064,0.0,0.08810183578776117,1
1,[],4,[],2019-02-01 17:48:10,25077.50264598,0.01269571,0.000000439467079934,6559415,2019-02-01 17:48:10,btc,0.8917130781359276,0.0,0.01269571,btc,66.54101344,0.30361653,1.2315061325237484,1
1,[],5,[],2019-02-01 17:48:13,0.240019,0.01260010,0.00000043615750154,6559416,2019-02-01 17:48:13,btc,14578.4272724,0.04654948,0.01260010,btc,35555556.26533338,0.0,1.43881476,1
1,[],10,[],2019-02-01 17:48:16,272755.89310508,0.012,0.0000004153848,6559417,2019-02-01 17:48:16,btc,6536.959697400793,1016.57640186,0.012,btc,971.14875675,0.0,5.374930073619627,1
1,[],12,[],2019-02-01 17:48:19,10425.80493893,0.01255000000000000039135361618036768049933016300201416015625,0.00000043442327,6559418,2019-02-01 17:48:19,btc,0.5555480376159,0.0,0.01255000000000000039135361618036768049933016300201416015625,btc,37.83860171,0.7849866599842,0.2229873056039,1
1,[],20,[],2019-02-01 17:48:26,1352.3278,0.010500101,0.0000003634651961554,6559419,2019-02-01 17:48:26,btc,0.0572229104203,0.0,0.010500101,btc,2.5381,0.0,0.1036263430751,1
1,[],21,[],2019-02-01 17:48:27,2218.11954027,0.01257892000000000037873704173,0.00000043542434736800004,6559420,2019-02-01 17:48:27,btc,14.841350972548952,5515.24096266,0.012578920000000000378737041728527401573956012725830078125,"btc,eth",1733.62245849,66.44279429159079,20.377409843111156,1
1,[],22,[],2019-02-01 17:48:31,0.0263776,0.01350000,0.0000004673079,6559421,2019-02-01 17:48:31,BTC,0.31397231,0.0,0.01350000,BTC,0.10124366666666666,0.0,0.00034472,1
1,[],24,[],2019-02-01 17:48:31,0.0,0.000000000000,0,6559422,2019-02-01 17:48:31,btc,0.0,0.0,0.000000000000,btc,0.0,0.0,0.0,1
0.0,[],25,[],2019-02-01 17:48:32,0.0,0,0,6559423,2019-02-01 17:48:32,btc,33.64339999646252,813.53027652,0.0,btc,2592.54274133,10.31,0.0,1
1,[],26,[],2019-02-01 17:49:53,0.0,0,0,6559424,2019-02-01 17:49:53,,0.0,0.0,0,,0.0,0.0,0.0,1
1,[],28,[],2019-02-01 17:49:55,987.9,0.01131000,0.00000039150017400000003,6559425,2019-02-01 17:49:55,btc,0.162839806,17617.25,0.01131000,btc,8.9,0.0,0.024551096,1
0,[],2,[],2019-01-20 23:28:45,0.0,0,0,6477011,2019-01-20 23:28:45,,0.0,0.0,0,,0.0,0.0,0.0,1
1,[],5,[],2019-02-01 17:49:57,1.856e-05,0.00000067,0.000000000023192318,6559426,2019-02-01 17:49:57,btc,0.15270896,0.00061673,0.00000067,btc,7.078e-05,0.0,0.45342501,2
0,[],22,[],2019-02-01 17:49:59,0.0,0,0,6559427,2019-02-01 17:49:59,,0.0,0.0,0,,0.0,0.0,0.0,2
1,[],5,[],2019-02-01 17:50:01,1.42e-06,0.00000017,0.000000000005884618,6559428,2019-02-01 17:50:01,btc,3.84677213,0.30686428,0.00000017,btc,2.267e-05,0.0,3.47568345,3
1,[],12,[],2019-02-01 17:50:02,12417217.27723346,0.00000017,0.000000000005884617999999999,6559429,2019-02-01 17:50:02,btc,921319.8991193783,0.0,0.00000017,btc,7945422.30933175,0.04517400516754724,0.535261225539719,3
0,[],28,[],2019-02-01 17:50:03,0.0,0,0,6559430,2019-02-01 17:50:03,,0.0,0.0,0,,0.0,0.0,0.0,3
0,[],2,[],2019-01-20 23:31:32,0.0,0,0,6477077,2019-01-20 23:31:32,,0.0,0.0,0,,0.0,0.0,0.0,4
1,[],4,[],2019-02-01 17:50:04,399535.63374433,0.00000035,0.00000000001211539,6559431,2019-02-01 17:50:04,btc,0.3990285754119445,0.0,0.00000035,btc,331261.60471303,0.00281198,0.0530602417348723,4
1,[],12,[],2019-02-01 17:50:06,1696508.07755556,0.0000001,0.00000000000346154,6559432,2019-02-01 17:50:06,btc,11014980.058088223,0.0,0.0000001,btc,834085.96308049,0.0541438699101953,0.0386712704400004,5
0,[],2,[],2019-01-20 23:31:51,0.0,0,0,6477087,2019-01-20 23:31:51,,0.0,0.0,0,,0.0,0.0,0.0,6
1,[],11,[],2019-02-01 17:50:08,4108955.5,0.00000001,0.00000000000034615400000000003,6559433,2019-02-01 17:50:08,btc,9433.351919680315,392365.0,0.00000001,btc,41630125.45717939,0.0,0.041089555,6
1,[],3,[],2019-02-01 17:50:08,1069.652384675756,0.000150559999999999995050348200464895853656344115734100341796875,0.0000000052116946239999995,6559434,2019-02-01 17:50:08,btc,28.510202753279106,0.0,0.000150559999999999995050348200464895853656344115734100341796875,btc,234.145665820227,0.0,0.030997767816609203,7
1,[],4,[],2019-02-01 17:50:09,26141.13101815,0.00017137,0.000000005932041098,6559435,2019-02-01 17:50:09,btc,2.30177168105855,0.0,0.00017137,btc,12094.23537945,3.16124902,4.04857734052271,7
1,[],5,[],2019-02-01 17:50:10,0.00510579,0.00017029,0.0000000058946564660000004,6559436,2019-02-01 17:50:10,btc,1.12289796,0.30608225,0.00017029,btc,0.01112353,0.0,1.65603118,7
1,[],20,[],2019-02-01 17:40:14,62771509.8802,0.000000001,0.0000000000000346384,6559233,2019-02-01 17:40:14,btc,136.3892062542774,0.0,0.000000001,btc,29825029.7669,0.0,0.0627715098802,8
0,[],2,[],2019-01-20 23:22:42,0.0,0,0,6476876,2019-01-20 23:22:42,,0.0,0.0,0,,0.0,0.0,0.0,9
0,[],23,[],2019-01-20 23:22:48,0.0,0,0,6476878,2019-01-20 23:22:48,,0.0,0.0,0,,0.0,0.0,0.0,9
1,[],1,[],2019-02-01 17:50:16,873975.98,0.00000193000000000000015618582815957182674537762068212032318115234375,0.000000000066807722,6559437,2019-02-01 17:50:16,btc,5.6590885015,19145995.77,0.00000193000000000000015618582815957182674537762068212032318115234375,btc,2868233.27,35.16721722,1.6654633656,9
1,[],4,[],2019-02-01 17:50:17,507709.37610637,0.00000191,0.000000000066115414,6559438,2019-02-01 17:50:17,btc,0.9113600492042498,0.0,0.00000191,btc,460680.3862406,1.02993842,0.8169576740214123,9
1,[],28,[],2019-02-01 17:50:18,34500.0,0.00000165,0.00000000005711541,6559439,2019-02-01 17:50:18,btc,2708.75028702,3545119.0,0.00000165,btc,7642.68,0.0,0.02854,9
1,[],4,[],2019-02-01 17:50:19,7515436.37826053,0.00000002,0.000000000000692308,6559440,2019-02-01 17:50:19,btc,0.2016722631640986,0.0,0.00000002,btc,4035993.99941361,0.00016824,0.0821381318652106,10
0.0,[],25,[],2019-02-01 17:40:24,0.0,0,0,6559240,2019-02-01 17:40:24,,0.0,0.0,0.0,btc,0.0,0.0,0.0,12
0,[],2,[],2019-01-20 23:23:08,0.0,0,0,6476890,2019-01-20 23:23:08,,0.0,0.0,0,,0.0,0.0,0.0,12
1,[],4,[],2019-02-01 17:50:19,4250995.98515511,0.00000136,0.000000000047076944,6559441,2019-02-01 17:50:19,btc,1.0900136761601136,0.0,0.00000136,btc,760838.1682573,1.46278259,2.4950662721640806,12
1,[],5,[],2019-02-01 17:50:21,1.411e-05,0.00000133,0.000000000046038482,6559442,2019-02-01 17:50:21,btc,0.50207916,0.4225926,0.00000133,btc,0.00011686,0.0,0.32113092,12
1,[],10,[],2019-02-01 17:40:28,561342.31207674,0.00000624,0.00000000021614361600000004,6559242,2019-02-01 17:40:28,btc,666809.5566178134,8494.26620286,0.00000624,btc,726075.64061483,0.0,0.7947561601364421,13
1,[],21,[],2019-02-01 17:40:29,1226654.39846527,0.000006459999999999999982958510253,0.000000000223764064,6559243,2019-02-01 17:40:29,btc,6.0598910862782605,353817.09433892,0.0000064599999999999999829585102528728413062708568759262561798095703125,btc,850017.34625493,2.3088377,6.375843500047586,13
1,[],4,[],2019-02-01 17:50:23,328751.03536872,0.00000642,0.000000000222230868,6559444,2019-02-01 17:50:23,btc,0.4338555553843049,0.0,0.00000642,btc,62316.34270682,0.84356486,1.4567714715734197,13
1,[],4,[],2019-02-01 17:40:30,1098590.86640224,0.00000176,0.000000000060963584,6559244,2019-02-01 17:40:30,btc,0.1182717160893978,0.0,0.00000176,btc,52648.48385308,0.07427455,0.3869626277608982,14
1,[],12,[],2019-02-01 17:40:31,86464.39766082,0.000001709999999999999933207183062944256590753866476006805896759033203125,0.000000000059231664,6559245,2019-02-01 17:40:31,btc,1.7848201777191792,0.0,0.000001709999999999999933207183062944256590753866476006805896759033203125,btc,37415.01291797,0.0015616419871328,0.0101636900000022,14
0,[],17,[],2019-02-01 17:40:32,0.0,0,0,6559246,2019-02-01 17:40:32,btc,0.0,0.0,0,btc,0.0,0.0,0.0,14
1,[],26,[],2019-02-01 17:40:32,0.0,0,0,6559247,2019-02-01 17:40:32,,0.0,0.0,0,,0.0,0.0,0.0,14
0,[],4,[],2019-02-01 17:40:33,0.0,0,0,6559248,2019-02-01 17:40:33,,0.0,0.0,0,,0.0,0.0,0.0,15
,[],12,[],2018-12-01 15:15:48,204241.84496,0.00000489,0.000000000202473384,5260204,2018-12-01 15:15:48,btc,49.5475654835,0.0,,btc,35763.2193806,0.0163153972027625,0.0203389899998,15
1,[],4,[],2019-02-01 17:40:35,23656.50708292,0.00001788,0.000000000619334592,6559249,2019-02-01 17:40:35,btc,1.2345427785902086,0.0,0.00001788,btc,7810.6012157,0.0411033,0.0564744265721237,18
1,[],10,[],2019-02-01 17:40:36,391913.13057601,0.00001686,0.0000000005840034240000001,6559250,2019-02-01 17:40:36,btc,15.540879890506154,21766.9168126,0.00001686,btc,10180.13085335,0.0,0.211095762649316,18
1,[],12,[],2019-02-01 17:40:38,200537.32336191,0.0000176000000000000008976326626441988310034503228962421417236328125,0.0000000006096358400000001,6559251,2019-02-01 17:40:38,btc,0.1840872961719919,0.0,0.0000176000000000000008976326626441988310034503228962421417236328125,btc,1626.89904917,0.0,0.0130140372819968,18
0,[],17,[],2019-02-01 17:40:39,0.0,0,0,6559252,2019-02-01 17:40:39,btc,0.0,0.0,0,btc,0.0,0.0,0.0,18
0,[],2,[],2019-01-20 23:23:38,0.0,0,0,6476906,2019-01-20 23:23:38,,0.0,0.0,0,,0.0,0.0,0.0,18
1,[],3,[],2019-02-01 17:40:40,108656.40270791356,0.00003049999999999999936097123953704368659600731916725635528564453125,0.0000000010564712000000001,6559253,2019-02-01 17:40:40,btc,0.5053804524169234,0.0,0.00003049999999999999936097123953704368659600731916725635528564453125,btc,5470.223200813632,0.0,0.09718100493169825,19
1,[],4,[],2019-02-01 17:40:41,58156.4658672,0.00003211,0.000000001112239024,6559254,2019-02-01 17:40:41,btc,0.4265514905248097,0.0,0.00003211,btc,11934.83048938,0.38457712,1.1330644582324951,19
1,[],5,[],2019-02-01 17:40:42,0.00041295,0.00003156,0.0000000010931879040000002,6559255,2019-02-01 17:40:42,btc,0.30702735,0.0,0.00003156,btc,0.00346038,0.0,0.23877222,19
1,[],12,[],2019-02-01 17:40:43,133614.58579882,0.000027039999999999998606982354321104367045336402952671051025390625,0.000000000936622336,6559256,2019-02-01 17:40:43,btc,1.9915752681663854,0.0,0.000027039999999999998606982354321104367045336402952671051025390625,btc,453.27457877,0.0005314985016975,0.0323704600000928,19
0,[],27,[],2019-02-01 17:40:45,0.0,0,0,6559257,2019-02-01 17:40:45,,0.0,0.0,0,btc,0.0,0.0,0.0,19
0,[],2,[],2019-01-20 23:24:19,0.0,0,0,6476924,2019-01-20 23:24:19,,0.0,0.0,0,,0.0,0.0,0.0,19
1,[],4,[],2019-02-01 17:40:45,9013799.43885938,0.00000013,0.000000000004502992,6559258,2019-02-01 17:40:45,btc,0.8119940963808697,0.0,0.00000013,btc,1597393.93239221,0.0,0.3454124081715698,20
1,[],4,[],2019-02-01 17:40:46,118638626.87822224,0.00000002,0.000000000000692768,6559259,2019-02-01 17:40:46,btc,0.6490064295986204,0.0,0.00000002,btc,16574667.94360579,0.01530547,1.382552121774285,21
1,[],12,[],2019-02-01 17:40:47,18807726.0,0.00000002,0.000000000000692768,6559260,2019-02-01 17:40:47,btc,668.0412868135277,0.0,0.00000002,btc,8451312.66333932,0.0115407495104895,0.24909104,21
0,[],17,[],2019-02-01 17:40:49,0.0,0,0,6559261,2019-02-01 17:40:49,btc,0.0,0.0,0,btc,0.0,0.0,0.0,21
1,[],12,[],2019-02-01 17:40:50,2466853434.531895,0.0000000001,0.0000000000000034638400000000003,6559262,2019-02-01 17:40:50,btc,1729404715475.8154,0.0,0.0000000001,btc,5028253546.497734,0.00955422705134865,0.24668534345318952,23
0,[],27,[],2019-02-01 17:40:52,0.0,0,0,6559263,2019-02-01 17:40:52,,0.424699,0.0,0,eth,424699.0,0.0,0.0,23
1,[],4,[],2019-02-01 17:40:53,880174.11130916,0.00000079,0.000000000027364336000000002,6559264,2019-02-01 17:40:53,btc,0.0834989173607812,0.0,0.00000079,btc,71923.74128049,0.00269688,0.3692091297779411,24
1,[],22,[],2019-02-01 17:40:56,11.76,0.00000100,0.0000000000346384,6559265,2019-02-01 17:40:56,BTC,7.415e-05,0.0,0.00000100,BTC,23.919354838709676,0.0,1.176e-05,24
0.0,[],25,[],2019-02-01 17:40:58,0.0,0,0,6559266,2019-02-01 17:40:58,,0.0,0.0,0.0,btc,0.0,0.0,0.0,24
1,[],4,[],2019-02-01 17:40:58,27065633.91851033,0.00000627,0.00000000021718276800000001,6559267,2019-02-01 17:40:58,btc,0.2289743690704912,0.0,0.00000627,btc,23865.91458094,0.06815844,0.4191082527153176,26
1,[],10,[],2019-02-01 17:41:00,726525.91967029,0.00000659,0.000000000228267056,6559268,2019-02-01 17:41:00,btc,27.98352899357799,388.8110388,0.00000659,btc,13249.47153674,0.0,0.2112892143794172,26
0,[],2,[],2019-01-20 23:25:56,0.0,0,0,6476976,2019-01-20 23:25:56,,0.0,0.0,0,,0.0,0.0,0.0,26
1,[],3,[],2019-02-01 17:41:01,9456223.98763636,0.00000002,0.000000000000692768,6559269,2019-02-01 17:41:01,btc,2.280473792751911,716984.217882,0.00000002,btc,15537217.59918527,0.0,0.1142861793642129,27
1,[],5,[],2019-02-01 17:41:02,3e-08,0.00000002,0.000000000000692768,6559270,2019-02-01 17:41:02,btc,1.52013812,0.03327098,0.00000002,btc,4.69e-05,0.0,0.13282842,27
1,[],11,[],2019-02-01 17:41:04,10615374.41182718,0.00000005,0.00000000000173192,6559271,2019-02-01 17:41:04,btc,370.5931920764931,1000.0,0.00000005,btc,8220964.80991447,0.0,0.4936394994767663,27
1,[],4,[],2019-02-01 17:41:06,189552494.44335383,0.00000003,0.000000000001039152,6559272,2019-02-01 17:41:06,btc,3.9472393049990835,0.0,0.00000003,"btc,ltc",141862188.3244053,0.18506373,2.5641978317199317,29
1,[],7,[],2019-02-01 17:41:08,39470929.941563755,0.00000003,0.000000000001039152,6559273,2019-02-01 17:41:08,btc,44465206.20702025,1065830.03007,0.00000003,btc,40626477.69985822,0.0,0.7170494976112011,29
1,[],4,[],2019-02-01 17:41:09,1383711.57883793,0.00000027,0.000000000009352368,6559274,2019-02-01 17:41:09,btc,0.2780340069921286,0.0,0.00000027,btc,568311.6256136,0.03284382,0.0830273336406065,30
0,[],17,[],2019-02-01 17:41:10,0.0,0,0,6559275,2019-02-01 17:41:10,btc,0.0,0.0,0,btc,0.0,0.0,0.0,30
1,[],4,[],2019-02-01 17:41:11,1136782.55732362,0.00007531,0.000000002608617904,6559276,2019-02-01 17:41:11,btc,2.048147581773741,0.0,0.00007531,btc,23305.07159336,0.92891897,2.539739444613233,31
1,[],21,[],2019-02-01 17:41:12,50236.65057763,0.00007614999999999999427766766980,0.00000000263771416,6559277,2019-02-01 17:41:12,btc,2.7709719210307777,105033.71229015,0.000076149999999999994277667669795306437663384713232517242431640625,btc,33628.61433105,7.9703783,3.4708521392910634,31
0,[],2,[],2019-01-20 23:28:43,0.0,0,0,6477009,2019-01-20 23:28:43,,0.0,0.0,0,,0.0,0.0,0.0,32
1,[],4,[],2019-02-01 17:41:12,147582410.74180397,0.00000006,0.000000000002078304,6559278,2019-02-01 17:41:12,btc,3.225618990208266,0.0,0.00000006,"btc,ltc",54948169.52291201,0.47095693,2.1393243094994148,33
1,[],12,[],2019-02-01 17:41:13,20020668.0,0.00000006,0.000000000002078304,6559279,2019-02-01 17:41:13,btc,17261782.1504207,0.0,0.00000006,btc,88363606.0689309,0.0053363636363639,0.7736395699999999,33
1,[],4,[],2019-02-01 17:41:14,109230951.22515793,0.00000001,0.000000000000346384,6559280,2019-02-01 17:41:14,btc,0.7635704372908659,0.0,0.00000001,btc,25452347.90969553,0.80959035,1.0923095122515794,34
1,[],5,[],2019-02-01 17:41:15,3e-08,0.00000002,0.000000000000692768,6559281,2019-02-01 17:41:15,btc,3.96122894,0.07964584,0.00000002,btc,1.394e-05,0.0,0.78238163,34
0.00000000009408470000000001,[],4,[],2019-02-01 17:41:16,1500255615.9782064,3.763388e-18,1.3035773889920001e-22,6559282,2019-02-01 17:41:16,ltc,8.072086710493311e-09,0.0,0.00000004,ltc,1655388790.621473,0.0,2.4741207715492225e-09,36
1,[],5,[],2019-02-01 17:41:17,0.0,0,0,6559283,2019-02-01 17:41:17,btc,203.09561006,0.0,0,btc,1.295e-05,0.0,0.0,36
0,[],17,[],2019-02-01 17:41:19,0.0,0,0,6559284,2019-02-01 17:41:19,btc,0.0820090446918435,0.0,0,btc,4841707.91583647,0.0,0.0,36
0.00000000009408470000000001,[],27,[],2019-02-01 17:41:21,2000000.0,1.881694e-18,6.517886944960001e-23,6559285,2019-02-01 17:41:21,ltc,447.7310973004,0.0,0.00000002,"ltc,eth",3711879.16,0.0,2.822541e-12,36
1,[],4,[],2019-02-01 17:41:22,438257.96487094,0.00000155,0.000000000053689520000000005,6559286,2019-02-01 17:41:22,btc,0.3627300582988501,0.0,0.00000155,btc,191105.31463555,0.07738194,0.4016851186122496,37
1,[],12,[],2019-02-01 17:41:22,495381.68530573,0.000001599999999999999927596978921418013896982301957905292510986328125,0.00000000005542144,6559287,2019-02-01 17:41:22,btc,1337.6573313591277,0.0,0.000001599999999999999927596978921418013896982301957905292510986328125,btc,720494.1983283,0.2292206611646466,0.4173869764249252,37
1,[],17,[],2019-02-01 17:41:24,1752.74075282,0.00000025,0.0000000000086596,6559288,2019-02-01 17:41:24,btc,0.055487313963618584,0.0,0.00000025,btc,1388.79251806,0.0,0.00043818518820499993,37
1,[],27,[],2019-02-01 17:41:26,16843.0,0.00000046,0.000000000015933664000000002,6559289,2019-02-01 17:41:26,btc,24.48470116075057,0.0,0.00000046,btc,5273.48447516,0.0,0.00561124,37
1,[],5,[],2019-02-01 17:41:27,1.191e-05,0.00000087,0.000000000030135408000000004,6559290,2019-02-01 17:41:27,btc,0.10893915,0.0642717,0.00000087,btc,0.00010618,0.0,0.04545608,42
1,[],12,[],2019-02-01 17:41:28,152982.88558997,0.000001080000000000000035831255497387193287295303889550268650054931640625,0.000000000037409472,6559291,2019-02-01 17:41:28,btc,85.09538160543319,0.0,0.000001080000000000000035831255497387193287295303889550268650054931640625,btc,55897.23405069,0.0761427715005913,0.0534466000000043,42
0,[],27,[],2019-02-01 17:41:31,0.0,0,0,6559292,2019-02-01 17:41:31,,0.00315028,0.0,0,"btc,eth",11.007,0.0,0.0,42
1,[],5,[],2019-02-01 17:41:32,6e-08,0.00000003,0.000000000001039152,6559293,2019-02-01 17:41:32,btc,6.10271066,0.0,0.00000003,btc,1.425e-05,0.0,0.53368313,43
1,[],12,[],2019-02-01 17:41:33,6545118.0,0.00000002,0.000000000000692768,6559294,2019-02-01 17:41:33,btc,20007456.464662522,0.0,0.00000002,btc,38831663.74765234,0.0,0.06548279,43
0,[],17,[],2019-02-01 17:41:34,0.0,0,0,6559295,2019-02-01 17:41:34,btc,0.0,0.0,0,btc,0.0,0.0,0.0,43
1,[],12,[],2019-02-01 17:41:35,908736.0,0.00000009,0.000000000003117456,6559296,2019-02-01 17:41:35,btc,11115205.985706871,0.0,0.00000009,btc,976085.49750248,0.0252957920179884,0.02880353,44
1,[],4,[],2019-02-01 17:41:35,261258740.3031924,0.00000003,0.000000000001039152,6559297,2019-02-01 17:41:35,btc,0.18159382481562059,0.0,0.00000003,"btc,ltc",3731798.20244636,0.00495552,0.5492446155599948,49
0.00000000009408470000000001,[],4,[],2019-02-01 17:41:36,4380520675.230071,9.40847e-19,3.2589434724800003e-23,6559298,2019-02-01 17:41:36,ltc,4.994394634711509,0.0,0.00000001,ltc,2181602426.1229763,0.0,4.121399735728187e-09,52
0,[],22,[],2019-02-01 17:41:39,0.0,0,0,6559299,2019-02-01 17:41:39,,3693.709799,0.0,0,,259802666.90882352,0.0,0.0,57
0,[],27,[],2019-02-01 17:41:41,0.0,0,0,6559300,2019-02-01 17:41:41,,0.0,0.0,0,"btc,eth",0.0,0.0,0.0,57
0.00000000009408470000000001,[],4,[],2019-02-01 17:41:42,1342632684.5789013,5.6450820000000004e-18,1.9553660834880002e-22,6559301,2019-02-01 17:41:42,ltc,3.3101653415870276,0.0,0.00000006,ltc,1030262466.3147229,0.00062181,6.077873376098941e-09,58
1,[],12,[],2019-02-01 17:41:43,2286195798.282997,0.0000000006,0.000000000000020783040000000003,6559302,2019-02-01 17:41:43,btc,685179811991.9001,0.0,0.0000000006,btc,3196642396.33976,0.03696920375104896,0.8825600339645632,58
0,[],17,[],2019-02-01 17:41:45,0.0,0,0,6559303,2019-02-01 17:41:45,btc,1e+24,0.0,0,btc,41616695.95832568,0.0,0.0,58
0.0000000001238469,[],22,[],2019-02-01 17:41:48,137438.0,1.2384690000000001e-18,4.2898584609600003e-23,6559304,2019-02-01 17:41:48,XMR,69.8835922,0.0,0.00000001,XMR,9887963.0,0.0,0.00137438,58
1,[],5,[],2019-02-01 17:41:49,6.94e-06,0.00000060,0.000000000020783040000000002,6559305,2019-02-01 17:41:49,btc,0.47174788,0.01032548,0.00000060,btc,0.0001412,0.0,0.09161635,61
1,[],22,[],2019-02-01 17:41:53,5111.5,0.00000011,0.000000000003810224,6559306,2019-02-01 17:41:53,BTC,1002.29606732,0.0,0.00000011,BTC,15028.700278135757,0.0,0.00051178,61
1,[],26,[],2019-02-01 17:41:53,0.0,0,0,6559307,2019-02-01 17:41:53,,0.0,0.0,0,,0.0,0.0,0.0,61
0,[],27,[],2019-02-01 17:41:55,0.0,0,0,6559308,2019-02-01 17:41:55,,0.1550356,0.0,0,"btc,eth",155.72848,0.0,0.0,61
1,[],28,[],2019-02-01 17:41:56,6898.304,0.00000130,0.000000000045029920000000004,6559309,2019-02-01 17:41:56,btc,2.064424118300105,781.0,0.00000130,btc,11198.17500005,0.0,0.00218011304,61
1,[],4,[],2019-02-01 17:41:57,1272777.19409483,0.00000176,0.000000000060963584,6559310,2019-02-01 17:41:57,btc,0.493885775574758,0.0,0.00000176,btc,200678.88666899,0.12539751,0.9059605788311835,67
0.0,[],25,[],2019-02-01 17:41:58,0.0,0,0,6559311,2019-02-01 17:41:58,,0.0,0.0,0.0,btc,0.0,0.0,0.0,67
1,[],12,[],2019-02-01 17:41:59,3100759.68300001,0.0000001,0.00000000000346384,6559312,2019-02-01 17:41:59,btc,16893709.22570976,0.0,0.0000001,btc,2195079.48111885,0.0004826087412596,0.08499893284111219,71
,[],5,[],2018-11-20 23:02:39,1.5e-07,0.00000005,0.000000000002128045,4862160,2018-11-20 23:02:39,btc,2.84511358,0.0,,btc,0.00036572,0.0,0.07381892,74
1,[],5,[],2019-01-25 15:53:51,3.303e-05,0.00000156,0.000000000055588884,6499610,2019-01-25 15:53:51,btc,1.42844212,0.0,0.00000156,btc,0.00015937,0.0,0.49487621,75
1,[],4,[],2019-02-01 17:42:00,70986551.36292337,0.00000001,0.000000000000346384,6559313,2019-02-01 17:42:00,btc,0.8204883517247847,0.0,0.00000001,btc,15308970.37745218,0.00299418,0.7098655136292337,81
0,[],20,[],2019-01-25 09:30:31,0.0,0,0,6495923,2019-01-25 09:30:31,btc,0.0,0.0,0,btc,0.0,0.0,0.0,81
1,[],4,[],2019-02-01 17:42:02,23722.77701116,0.00007400,0.0000000025632416,6559314,2019-02-01 17:42:02,btc,0.9298286037117097,0.0,0.00007400,btc,8531.28952527,0.00252283,0.0849333677532356,82
1,[],21,[],2019-02-01 17:42:03,87024.85804599,0.00007517999999999999509447956569,0.000000002604114912,6559315,2019-02-01 17:42:03,btc,3.708345726091972,2126.09951577,0.00007517999999999999509447956569374582613818347454071044921875,btc,42160.61490035,0.16213187,4.544874375542803,82
0,[],17,[],2019-02-01 17:42:04,0.0,0,0,6559316,2019-02-01 17:42:04,btc,0.0447233088476774,0.0,0,btc,999127.19588126,0.0,0.0,84
0.00000000009408470000000001,[],4,[],2019-02-01 17:42:05,180088435.23709792,1.3171858e-17,4.5625208614720005e-22,6559317,2019-02-01 17:42:05,ltc,0.19754182488818914,0.0,0.00000014,ltc,69910341.09266268,0.0,1.2574111421817185e-09,85
,[],22,[],2018-11-20 23:09:34,3408.1,0.0000001,0.0000000000041895,4862324,2018-11-20 23:09:34,BTC,0.04624735,0.0,,BTC,4990.0,0.0,0.00033081,86
0,[],22,[],2019-02-01 17:42:08,0.0,0,0,6559318,2019-02-01 17:42:08,,2.07810912,0.0,0,,154826.94736842104,0.0,0.0,87
0,[],27,[],2019-02-01 17:42:10,0.0,0,0,6559319,2019-02-01 17:42:10,,0.0,0.0,0,btc,0.0,0.0,0.0,87
,[],2,[],2018-11-20 23:10:47,0.0,0,0,4862359,2018-11-20 23:10:47,,0.0,0.0,,,0.0,0.0,0.0,88
1,[],11,[],2019-02-01 17:42:12,106420.59571522,0.000186999999999999991749655148254305458976887166500091552734375,0.0000000064773808000000005,6559320,2019-02-01 17:42:12,btc,235.66500410581904,352.8,0.000186999999999999991749655148254305458976887166500091552734375,btc,185010.39558278,0.0,8.256333250903033,89
0,[],2,[],2019-01-20 23:31:45,0.0,0,0,6477083,2019-01-20 23:31:45,,0.0,0.0,0,,0.0,0.0,0.0,91
1,[],12,[],2019-02-01 17:42:13,516690.07788856,0.00000319999999999999985519395784283602779396460391581058502197265625,0.00000000011084288,6559321,2019-02-01 17:42:13,btc,4.60037833622647,0.0,0.00000319999999999999985519395784283602779396460391581058502197265625,btc,24417.99621534,0.02775828983714,0.1476866397587638,91
0,[],17,[],2019-02-01 17:42:15,0.0,0,0,6559322,2019-02-01 17:42:15,btc,0.0,0.0,0,btc,0.0,0.0,0.0,91
0.00000000009408470000000001,[],22,[],2019-02-01 17:42:18,27704795.57142857,6.585929e-18,2.2812604307360002e-22,6559323,2019-02-01 17:42:18,LTC,8.48382787,0.0,0.00000007,LTC,73749658.1,3.91123269758e-13,1.42417449,95
0.00000000009408470000000001,[],4,[],2019-02-01 17:42:19,132648333.55904996,9.6907241e-17,3.3567117766544005e-21,6559324,2019-02-01 17:42:19,ltc,1.3655568838507564,0.0,0.00000103,ltc,68364685.38868108,0.00196825,6.878955485196831e-10,96
1,[],12,[],2019-02-01 17:42:20,334659.0,0.00000001,0.000000000000346384,6559325,2019-02-01 17:42:20,btc,255063.39983932563,0.0,0.00000001,btc,7838364.33297676,0.00877774,0.00334659,96
0,[],17,[],2019-02-01 17:42:21,0.0,0,0,6559326,2019-02-01 17:42:21,btc,0.0,0.0,0,btc,0.0,0.0,0.0,96
1,[],4,[],2019-01-28 01:29:03,1472892.19429314,0.00000039,0.000000000013841295,6517118,2019-01-28 01:29:03,btc,0.30363706505258,0.0,0.00000039,btc,473598.41813208,0.02260545,0.1322524391209234,99
1,[],4,[],2019-02-01 17:42:22,79646.59805825,0.00005291,0.000000001832717744,6559327,2019-02-01 17:42:22,btc,1.4058073773224184,0.0,0.00005291,btc,21816.89019032,4.40635524,2.73364874729421,100
0,[],2,[],2019-01-20 23:23:55,0.0,0,0,6476914,2019-01-20 23:23:55,,0.0,0.0,0,,0.0,0.0,0.0,100
1,[],22,[],2019-02-01 17:42:25,50000.0,0.00000001,0.000000000000346384,6559328,2019-02-01 17:42:25,BTC,23.50383609,0.0,0.00000001,BTC,11277.22,0.0,0.0005,101
1,[],4,[],2019-02-01 17:42:26,139755.76733643,0.00000086,0.000000000029789024,6559329,2019-02-01 17:42:26,btc,0.3975397698266138,0.0,0.00000086,btc,148136.15880692,0.00961657,0.0650294044614976,103
1,[],12,[],2019-02-01 17:42:28,76135209.285,0.000000017,0.0000000000005888528000000001,6559330,2019-02-01 17:42:28,btc,9138279304.22374,0.0,0.000000017,btc,146692576.5658536,0.14605722659624654,0.45678588890099997,105
1,[],27,[],2019-02-01 17:42:30,26305.89,0.00000002,0.000000000000692768,6559331,2019-02-01 17:42:30,btc,0.6918890613760939,0.0,0.00000002,btc,652681.93781977,0.0,0.0002632889,105
0,[],22,[],2019-02-01 17:42:33,0.0,0,0,6559332,2019-02-01 17:42:33,,1.07253299,0.0,0,,94300.0,0.0,0.0,107
1,[],26,[],2019-02-01 17:42:33,0.0,0,0,6559333,2019-02-01 17:42:33,,0.0,0.0,0,,0.0,0.0,0.0,107
1,[],5,[],2019-02-01 17:42:35,1e-08,0.00000001,0.000000000000346384,6559334,2019-02-01 17:42:35,btc,3.16090914,0.09693191,0.00000001,btc,1.512e-05,0.0,0.06708332,112
1,[],22,[],2019-02-01 17:42:38,1966.0,0.00000001,0.000000000000346384,6559335,2019-02-01 17:42:38,BTC,2.84243449,0.0,0.00000001,BTC,977103.5833333334,0.0,1.966e-05,112
0.0000000003074478,[],27,[],2019-02-01 17:42:41,500000.0,3.074478e-18,1.0649499875520001e-22,6559336,2019-02-01 17:42:41,eth,1.25356065,0.0,0.00000001,"btc,eth",1328.0,0.0,1.537239e-12,112
1,[],4,[],2019-02-01 17:42:41,465747.74861496,0.00000377,0.000000000130586768,6559337,2019-02-01 17:42:41,btc,0.4955697056091447,0.0,0.00000377,btc,90931.00860537,0.08632014,0.2402001986762917,113
1,[],5,[],2019-02-01 17:42:43,2.707e-05,0.00000366,0.000000000126776544,6559338,2019-02-01 17:42:43,btc,2.11190725,0.0021892,0.00000366,btc,0.00275714,0.0,0.2020857,113
1,[],17,[],2019-02-01 17:42:45,212548.72400000002,0.00000004,0.000000000001385536,6559339,2019-02-01 17:42:45,btc,1.3368030274022498,0.00083281104,0.00000004,btc,51896.221,0.0,0.00460194896,116
0,[],27,[],2019-02-01 17:42:47,0.0,0,0,6559340,2019-02-01 17:42:47,,0.0,0.0,0,btc,0.0,0.0,0.0,116
1,[],4,[],2019-02-01 17:42:48,16538.16345289,0.00001860,0.0000000006442742400000001,6559341,2019-02-01 17:42:48,btc,0.083885979972457,0.0,0.00001860,btc,3833.74654933,0.08734441,0.2452723710372249,120
1,[],7,[],2019-02-01 17:42:49,2213.52026016,0.00001805000000000000167136270101675421528852893970906734466552734375,0.0000000006252231200000001,6559342,2019-02-01 17:42:49,btc,90.07337542317693,0.0,0.00001805000000000000167136270101675421528852893970906734466552734375,btc,22252.94259609,0.0,0.0213341021241229,120
1,[],20,[],2019-02-01 17:42:56,1607251.0096,0.000000013,0.00000000000045029920000000005,6559343,2019-02-01 17:42:56,btc,33.7489478021123,0.0,0.000000013,btc,1074645.1507,0.0,0.0088351098642,125
1,[],22,[],2019-02-01 17:43:00,3053.0,0.00000001,0.000000000000346384,6559344,2019-02-01 17:43:00,BTC,0.01444889,0.0,0.00000001,BTC,296264.5111111111,0.0,3.053e-05,126
1,[],4,[],2019-02-01 17:43:00,101552.55992512,0.00001495,0.00000000051784408,6559345,2019-02-01 17:43:00,btc,0.578933374374815,0.0,0.00001495,btc,29603.25223108,0.34378733,0.7320358041362707,131
0,[],17,[],2019-02-01 17:43:02,0.0,0,0,6559346,2019-02-01 17:43:02,btc,0.0008451375975800001,0.0,0,btc,30.89614684,0.0,0.0,131
0,[],2,[],2019-01-20 23:25:46,0.0,0,0,6476969,2019-01-20 23:25:46,,0.0,0.0,0,,0.0,0.0,0.0,131
1,[],4,[],2019-02-01 17:43:03,4614.61403844,0.00016003,0.000000005543183152,6559347,2019-02-01 17:43:03,btc,1.6404595935609427,0.0,0.00016003,btc,302.35845559,0.00040005,0.011863973329301,135
1,[],3,[],2019-02-01 17:43:03,1834356.22518509,0.00000008,0.000000000002771072,6559348,2019-02-01 17:43:03,btc,0.1685557201148478,7379.06111112,0.00000008,btc,399446.27963658,0.0,0.065305707337035,136
1,[],4,[],2019-02-01 17:43:04,105102.1293305,0.00000207,0.000000000071701488,6559349,2019-02-01 17:43:04,btc,0.4601907839037357,0.0,0.00000207,btc,172916.65536857,0.17431418,0.1533118012151566,137
1,[],12,[],2019-02-01 17:43:05,310502.75216043,0.000002120000000000000031120939159023919273749925196170806884765625,0.000000000073433408,6559350,2019-02-01 17:43:05,btc,11982.843670130573,0.0,0.000002120000000000000031120939159023919273749925196170806884765625,btc,124113.27253275,0.1427092434397616,0.055788750034656005,137
1,[],5,[],2019-02-01 17:43:07,0.00121812,0.00003611,0.000000001250792624,6559351,2019-02-01 17:43:07,btc,5.2305481,3.25852703,0.00003611,btc,0.00392652,0.0,1.42110897,142
1,[],17,[],2019-02-01 17:43:09,12500.0,0.0000001,0.00000000000346384,6559352,2019-02-01 17:43:09,btc,20.26098602583904,0.0,0.0000001,btc,5932.0,0.0,0.00125,142
1,[],20,[],2019-02-01 17:43:15,150273.1248,0.000031049,0.0000000010754876816000001,6559353,2019-02-01 17:43:15,btc,2.8042903962253,5.0,0.000031049,btc,12101.5227,0.000206695,0.2660366834253,142
1,[],22,[],2019-02-01 17:43:19,990.0,0.00001880,0.0000000006512019200000001,6559354,2019-02-01 17:43:19,BTC,3.00453575,0.0,0.00001880,BTC,900.098,0.0,0.00022106,142
0.0,[],25,[],2019-02-01 17:43:20,0.0,0,0,6559355,2019-02-01 17:43:20,,0.0,0.0,0.0,btc,0.0,0.0,0.0,142
1,[],28,[],2019-02-01 17:43:25,78610.0,0.00002500,0.0000000008659600000000001,6559356,2019-02-01 17:43:25,btc,0.03619767585,1053.0,0.00002500,btc,722.8325,0.0,0.0293237,142
0,[],22,[],2019-01-28 18:33:43,0.0,0,0,6521842,2019-01-28 18:33:43,,61.27958297,0.0,0,,815366265.8,0.0,0.0,143
1,[],21,[],2019-02-01 17:43:26,34607583.03235876,0.00000027,0.000000000009352368,6559357,2019-02-01 17:43:26,btc,52.64917718961334,3875325.89433775,0.00000027,btc,90681722.52866592,1.06397228,4.963667444213096,145
0,[],22,[],2019-02-01 17:43:28,0.0,0,0,6559358,2019-02-01 17:43:28,,4.31833784,0.0,0,,1417838.5,0.0,0.0,146
,[],22,[],2018-11-20 23:01:11,0.0,0,0,4862114,2018-11-20 23:01:11,,2.56807021,0.0,,,61828.4988236,0.0,0.0,147
1,[],12,[],2019-02-01 17:43:30,8691244.86260004,0.00000313000000000000010188356235063533716811434715054929256439208984375,0.00000000010841819200000001,6559359,2019-02-01 17:43:30,btc,16.565748068925764,0.0,0.00000313000000000000010188356235063533716811434715054929256439208984375,btc,112193.49663261,0.0023231212164879,0.12384086298701891,148
1,[],4,[],2019-02-01 17:43:31,209200.19053155,0.00000027,0.000000000009352368,6559360,2019-02-01 17:43:31,btc,0.6885780088270091,0.0,0.00000027,btc,503150.08636268,0.00026329,0.0421574566747385,152
0,[],22,[],2019-02-01 17:43:34,0.0,0,0,6559361,2019-02-01 17:43:34,,0.0,0.0,0,,0.0,0.0,0.0,152
1,[],5,[],2019-02-01 17:43:35,0.0,0,0,6559362,2019-02-01 17:43:35,btc,4.41264381,0.0,0,btc,0.00161275,0.0,0.0,153
,[],16,[],2019-01-11 15:38:59,0.0,0,0,6366141,2019-01-11 15:38:59,btc,0.0,0.0,,btc,0.0,0.0,0.0,155
0,[],22,[],2019-02-01 17:43:39,0.0,0,0,6559363,2019-02-01 17:43:39,,6.73310957,0.0,0,,4562882.742592593,0.0,0.0,156
0,[],23,[],2019-01-20 23:24:29,0.0,0,0,6476932,2019-01-20 23:24:29,,0.0,0.0,0,,0.0,0.0,0.0,156
1,[],22,[],2019-02-01 17:43:43,7906.0,0.00000801,0.000000000277453584,6559364,2019-02-01 17:43:43,BTC,43.78801181,0.0,0.00000801,BTC,1067.5805334758436,0.0,0.00743836,157
0,[],22,[],2019-02-01 17:43:46,0.0,0,0,6559365,2019-02-01 17:43:46,,50175.6753658,0.0,0,,54007107.04179466,0.0,0.0,158
,[],17,[],2018-11-20 22:56:10,0.0,0,0,4861976,2018-11-20 22:56:10,btc,1.1265625,0.0,,btc,1000.0,0.0,0.0,159
,[],20,[],2018-11-20 22:56:12,0.0,0,0,4861977,2018-11-20 22:56:12,btc,11912.7940471,0.0,,btc,34413894.3617,0.0,0.0,159
1,[],12,[],2019-02-01 17:43:47,189443.30269327,0.00000819999999999999941717628015869223645495367236435413360595703125,0.00000000028403487999999997,6559366,2019-02-01 17:43:47,btc,6.689205426420326,0.0,0.00000819999999999999941717628015869223645495367236435413360595703125,btc,14933.1499096,0.0048986175,0.0899425618000254,168
1,[],17,[],2019-02-01 17:43:48,29784.95,0.000001,0.0000000000346384,6559367,2019-02-01 17:43:48,btc,0.0353989844335,0.0,0.000001,btc,196.82520268,0.0,0.00716147,168
0,[],22,[],2019-02-01 17:43:52,0.0,0,0,6559368,2019-02-01 17:43:52,,1.13380276,0.0,0,,689102.5537281231,0.0,0.0,169
1,[],22,[],2019-02-01 17:43:55,79717.8,0.0000004,0.000000000013855360000000001,6559369,2019-02-01 17:43:55,BTC,10.2178679,0.0,0.0000004,BTC,51847.24849195187,0.00640805,0.01442314,171
1,[],22,[],2019-02-01 17:43:59,158599.0,0.0000001,0.0000000000034638400000000003,6559370,2019-02-01 17:43:59,BTC,2.61906591,0.0,0.0000001,BTC,242507.5674200973,0.00263444,0.00769999,173
1,[],5,[],2019-02-01 17:44:00,4.4e-05,0.00000390,0.00000000013508976,6559371,2019-02-01 17:44:00,btc,0.42272008,0.01110157,0.00000390,btc,0.00033829,0.0,0.69827272,175
1,[],22,[],2019-02-01 17:44:05,142554.25714285715,0.00000037,0.000000000012816208000000001,6559372,2019-02-01 17:44:05,BTC,0.6250375,0.0,0.00000037,BTC,161012.17417750834,0.00517251,0.01517392,176
1,[],7,[],2019-02-01 17:44:06,0.0,0,0,6559373,2019-02-01 17:44:06,btc,10965.659150693702,1118.88111887,0,btc,122977465.68292761,1.119e-05,0.0,178
0,[],22,[],2019-02-01 17:44:08,0.0,0,0,6559374,2019-02-01 17:44:08,,1.00242428,0.0,0,,57512.0,0.0,0.0,178
0,[],2,[],2019-01-20 23:28:34,0.0,0,0,6477001,2019-01-20 23:28:34,,0.0,0.0,0,,0.0,0.0,0.0,178
1,[],5,[],2019-02-01 17:44:10,6e-08,0.00000003,0.000000000001039152,6559375,2019-02-01 17:44:10,btc,17.13579102,0.20412788,0.00000003,btc,2.285e-05,0.0,1.38701141,179
1,[],22,[],2019-02-01 17:44:14,7842183.0,0.00000003,0.000000000001039152,6559376,2019-02-01 17:44:14,BTC,5.47629698,0.0,0.00000003,"BTC,LTC",17032733.401989967,0.000378,0.38978517,179
0,[],23,[],2019-01-20 23:25:08,0.0,0,0,6476952,2019-01-20 23:25:08,,0.0,0.0,0,,0.0,0.0,0.0,179
1,[],17,[],2019-02-01 17:44:16,10504.725,0.0000001,0.00000000000346384,6559377,2019-02-01 17:44:16,btc,5.206877489877085,0.0,0.0000001,btc,7465.6174587,0.0,0.0010504725,180
1,[],22,[],2019-02-01 17:44:34,8515.4,0.0000001,0.0000000000034638400000000003,6559378,2019-02-01 17:44:34,BTC,0.09633436,0.0,0.0000001,"BTC,LTC",16823.80336569223,0.0,0.00085154,180
1,[],26,[],2019-02-01 17:44:34,0.0,0,0,6559379,2019-02-01 17:44:34,,0.0,0.0,0,,0.0,0.0,0.0,180
,[],7,[],2018-11-20 22:58:01,562227.975654,0.00000085,0.000000000036176765,4862015,2018-11-20 22:58:01,btc,21836.6059674,2491.87645172,,btc,749999.041456,0.00211021,0.127565380455,183
,[],5,[],2019-01-10 08:11:41,0.0,0,0,6347036,2019-01-10 08:11:41,btc,82.15055501,0.00261,,btc,1.19002445,0.0,0.0,187
1,[],24,[],2019-02-01 17:44:34,0.0,0.000000000001,3.4638400000000005e-17,6559380,2019-02-01 17:44:34,btc,0.0,0.0,0.000000000001,btc,0.0,0.0,0.0,187
,[],17,[],2018-11-16 20:58:10,4062536.27273,0.00000001,0.000000000000550501,4708775,2018-11-16 20:58:10,btc,3.36492563466,0.195460381006,,"btc,eth",110697919.549,0.0,0.0157628953496,187
0,[],22,[],2019-02-01 17:44:36,0.0,0,0,6559381,2019-02-01 17:44:36,,1.19382741,0.0,0,,13380.036201072173,0.0,0.0,191
0,[],22,[],2019-01-29 02:57:02,0.0,0,0,6524994,2019-01-29 02:57:02,,0.0,0.0,0,,0.0,0.0,0.0,197
0,[],23,[],2019-01-20 23:31:41,0.0,0,0,6477079,2019-01-20 23:31:41,,0.0,0.0,0,,0.0,0.0,0.0,199
1,[],26,[],2019-02-01 17:44:37,0.0,0,0,6559382,2019-02-01 17:44:37,,0.0,0.0,0,,0.0,0.0,0.0,199
0,[],17,[],2019-01-30 16:32:01,0.0,0,0,6540827,2019-01-30 16:32:01,btc,6.802544163788159,0.0,0,btc,105897.55575295,0.0,0.0,200
0,[],2,[],2019-01-20 23:30:49,0.0,0,0,6477059,2019-01-20 23:30:49,,0.0,0.0,0,,0.0,0.0,0.0,201
1,[],4,[],2019-01-25 15:51:35,2084389.58565343,0.00000936,0.000000000333526752,6499557,2019-01-25 15:51:35,btc,2.0092503037378524,0.0,0.00000936,btc,160195.80207885,0.19272417,1.242687955921835,211
1,[],7,[],2019-02-01 17:44:40,22411746.160823278,0.000001340000000000000087593235616190145975679115508683025836944580078125,0.00000000004641545600000001,6559383,2019-02-01 17:44:40,btc,16567797.204863759,1493573.45581,0.000001340000000000000087593235616190145975679115508683025836944580078125,btc,14397427.53850008,0.0,7.586215671182436,212
1,[],12,[],2019-01-25 02:44:32,207462.42853209,0.000001080000000000000035831255497387193287295303889550268650054931640625,0.000000000038610756000000006,6493050,2019-01-25 02:44:32,btc,85023.03793723314,0.0,0.000001080000000000000035831255497387193287295303889550268650054931640625,btc,43675.73520027,0.000146250909087,0.0348620860622024,213
1,[],5,[],2019-02-01 17:44:42,5.55e-06,0.00000036,0.000000000012469824,6559384,2019-02-01 17:44:42,btc,1.01412736,0.22005756,0.00000036,btc,3.318e-05,0.0,0.28286237,213
1,[],24,[],2019-02-01 17:44:42,0.0,0.000000050000,0.0000000000017319200000000002,6559385,2019-02-01 17:44:42,btc,0.0,0.0,0.000000050000,btc,0.0,0.0,0.0,213
1,[],26,[],2019-02-01 17:44:42,0.0,0,0,6559386,2019-02-01 17:44:42,,0.0,0.0,0,,0.0,0.0,0.0,213
1,[],22,[],2019-02-01 17:44:45,276400.0,0.00000002,0.000000000000692768,6559387,2019-02-01 17:44:45,BTC,70.20243801,0.0,0.00000002,BTC,241693.63137942314,0.00054,0.004714,216
1,[],27,[],2019-02-01 17:44:48,5094545.0,0.0000001,0.0000000000034638400000000003,6559388,2019-02-01 17:44:48,btc,313.97459420316,500.0,0.0000001,"btc,ltc",267019.13411,0.000215,0.0537135,216
1,[],22,[],2019-02-01 17:44:51,328988.5301038225,0.00000277,0.000000000095948368,6559389,2019-02-01 17:44:51,BTC,12677.72883777,0.0,0.00000277,BTC,437722.452992478,0.02872576,0.52904073,217
1,[],7,[],2019-02-01 17:44:53,0.0,0,0,6559390,2019-02-01 17:44:53,btc,302.57931663911063,0.0,0,btc,134740320.6214003,0.0,0.0,219
0,[],27,[],2019-02-01 17:44:55,0.0,0,0,6559391,2019-02-01 17:44:55,,0.0741038339680918,0.0,0,btc,1542429.2070951,0.0,0.0,219
0.0000000000000055,[],28,[],2019-02-01 17:44:56,205527104.412,5.500055e-18,1.9051310511200003e-22,6559392,2019-02-01 17:44:56,doge,88554.0318717675,14112.0,0.00100001,"btc,doge",4969437.84751,0.0,3.062683916288942e-11,219
1,[],22,[],2019-02-01 17:45:00,202618.0,0.00000055,0.000000000019051120000000002,6559393,2019-02-01 17:45:00,BTC,2.39211741,0.0,0.00000055,BTC,33805.55212317522,0.0,0.02032573,221
1,[],24,[],2019-02-01 17:45:00,0.0,0.000000100000,0.0000000000034638400000000003,6559394,2019-02-01 17:45:00,btc,0.0,435.83775,0.000000100000,btc,0.0,0.00021792,0.0,221
1,[],26,[],2019-02-01 17:45:00,0.0,0,0,6559395,2019-02-01 17:45:00,,0.0,0.0,0,,0.0,0.0,0.0,231
1,[],26,[],2019-02-01 17:45:01,0.0,0,0,6559396,2019-02-01 17:45:01,,0.0,0.0,0,,0.0,0.0,0.0,234
0,[],27,[],2019-02-01 17:47:01,0.0,0,0,6559397,2019-02-01 17:47:01,,0.0113483662182,0.0,0,btc,11462.99618,0.0,0.0,234
0.00000000009408470000000001,[],22,[],2019-02-01 17:47:05,8720000.0,9.40847e-19,3.2589434724800003e-23,6559398,2019-02-01 17:47:05,LTC,3.63435837,0.0,0.00000001,LTC,98030044.01551227,4.835686379452001e-12,0.0872,235
1,[],4,[],2019-02-01 17:47:06,736256.16160604,0.00000073,0.000000000025286032,6559399,2019-02-01 17:47:06,btc,0.1465839108890287,0.0,0.00000073,btc,132378.54687832,0.04131062,0.1653676505983009,236
1,[],24,[],2019-02-01 17:47:06,0.0,0.000000010000,0.000000000000346384,6559400,2019-02-01 17:47:06,btc,0.0,0.0,0.000000010000,btc,0.0,0.0,0.0,236
1,[],20,[],2019-02-01 16:46:20,12112599.4058,0.00000006,0.00000000000207117,6559012,2019-02-01 16:46:20,btc,14.4764685184006,28278993.3257,0.00000006,btc,26387960.4489,1.8208603116324,0.3549105967232,237
1,[],22,[],2019-02-01 17:47:11,10000.0,0.00000001,0.000000000000346384,6559401,2019-02-01 17:47:11,BTC,0.04144357,0.0,0.00000001,BTC,10254.2,0.0,0.0001,237
1,[],4,[],2019-02-01 17:47:12,3634470.3238257,0.00000033,0.000000000011430672000000001,6559402,2019-02-01 17:47:12,btc,0.3680138089046703,0.0,0.00000033,btc,1031374.43955009,0.26224152,1.0929329252845756,238
1,[],5,[],2019-02-01 17:47:13,4.29e-06,0.00000033,0.000000000011430672000000001,6559403,2019-02-01 17:47:13,btc,0.81875342,0.00065749,0.00000033,btc,2.957e-05,0.0,0.37224806,238
1,[],22,[],2019-02-01 17:47:17,257468.0,0.00000004,0.000000000001385536,6559404,2019-02-01 17:47:17,BTC,15.41279218,0.0,0.00000004,BTC,272289.6139027493,9.209e-05,0.00829884,249
0.00000000009408470000000001,[],22,[],2019-02-01 17:47:22,4179658.0,3.763388e-18,1.3035773889920001e-22,6559405,2019-02-01 17:47:22,LTC,0.80669199,0.0,0.00000004,LTC,14605861.015,4.4528660844690006e-12,0.12455864,252
1,[],28,[],2019-02-01 17:47:23,2289298.428,0.00000008,0.000000000002771072,6559406,2019-02-01 17:47:23,btc,164692.29364341125,107501.44,0.00000008,btc,796648.6695,0.0,0.07612174624,256
1,[],22,[],2019-02-01 17:47:27,104473.57142857143,0.00000008,0.000000000002771072,6559407,2019-02-01 17:47:27,BTC,35605.56349731,0.0,0.00000008,BTC,499357.43279209774,0.00060338,0.00314707,258
1,[],22,[],2019-01-26 20:58:41,368451.0,0.00000001,0.000000000000356135,6510120,2019-01-26 20:58:41,BTC,2.642917,0.0,0.00000001,"BTC,LTC",1862.0,0.0,0.02488451,259
1,[],22,[],2019-02-01 17:47:30,2299.8434677419355,0.00000800,0.0000000002771072,6559408,2019-02-01 17:47:30,BTC,4.68960145,0.0,0.00000800,BTC,6366.988399675977,4.234e-05,0.01602867,262
1,[],5,[],2019-02-01 17:47:32,6.676e-05,0.00000380,0.00000000013162592,6559409,2019-02-01 17:47:32,btc,1.26445762,0.54852699,0.00000380,btc,0.00102363,0.0,0.26449891,264
1,[],20,[],2019-02-01 17:47:38,1174781.8409,0.000003841,0.00000000013304609440000002,6559410,2019-02-01 17:47:38,btc,5.0309799668454,26635.1651,0.000003841,btc,96907.1658,0.1093584680853,0.0326549087847,264
1,[],22,[],2019-02-01 17:47:42,143431.0,0.00000002,0.000000000000692768,6559411,2019-02-01 17:47:42,BTC,8.65643669,0.0,0.00000002,BTC,330779.0934647885,4.4e-06,0.00237099,271
0,[],22,[],2019-02-01 17:47:45,0.0,0,0,6559412,2019-02-01 17:47:45,,365.48564614,0.0,0,,14203859303.9,0.0,0.0,272
0.0000000000000055,[],28,[],2019-02-01 17:47:50,211924714199.014,7.59e-21,2.6290545600000004e-25,6559413,2019-02-01 17:47:50,doge,75059632.15304373,16841424712.91,0.00000138,doge,176259117306.662,0.0,6.937428093305708e-10,272
