pairValue,buyBook,exchangeId,sellBook,updated,buyTotal,satoshiPrice,usdPrice,exchangeLogId,created,bestPair,sellTotalBtc,volume,pairPrice,activePairs,sellTotal,volumeBtc,buyTotalBtc,coinId
1,[],3,[],2019-03-12 18:32:24,30539.337648352262,0.01265739999999999920721194257566821761429309844970703125,0.00000049095649694,6915348,2019-03-12 18:32:24,btc,61.10349148516945,0.18324895,0.01265739999999999920721194257566821761429309844970703125,btc,24.431090899329,0.0,0.23813181006352485,1
1,[],4,[],2019-03-12 18:32:25,207755.75754114,0.01279366,0.000000496241763446,6915349,2019-03-12 18:32:25,btc,9.8715938345053,0.0,0.01279366,btc,318.2960332,1.50611819,1.1575032839669857,1
1,[],5,[],2019-03-12 18:32:28,0.0,0,0,6915350,2019-03-12 18:32:28,btc,0.0,0.25009451,0,btc,0.0,0.0,0.0,1
1,[],10,[],2019-03-12 18:32:31,413767.94786405,0.01020433,0.000000395806572473,6915351,2019-03-12 18:32:31,btc,6522.074095282589,980.46684163,0.01020433,btc,1100.43645133,0.0,4.54577835631963,1
1,[],12,[],2019-03-12 18:32:34,111.40802327,0.01265999999999999937883021772222491563297808170318603515625,0.000000491057346,6915352,2019-03-12 18:32:34,btc,0.2805947479699,0.0,0.01265999999999999937883021772222491563297808170318603515625,btc,20.94111556,0.0117249168417,0.3497326775359,1
1,[],20,[],2019-03-12 18:32:36,1152.4727,0.01050023,0.000000407283971263,6915353,2019-03-12 18:32:36,btc,0.0551639868997,0.0234,0.01050023,btc,2.4565,0.0002924953786,0.0959654646971,1
1,[],21,[],2019-03-12 18:32:38,1868.32208865,0.01271788000000000085076834466,0.000000493302401228,6915354,2019-03-12 18:32:38,btc,25.57651848958207,14775.545835,0.01271788000000000085076834466235595755279064178466796875,"btc,eth",2834.28893044,160.7304806247073,16.72057050422764,1
1,[],22,[],2019-03-12 18:32:43,0.0059712,0.01250000,0.00000048485125,6915355,2019-03-12 18:32:43,BTC,0.31439419,0.0,0.01250000,BTC,0.12751438772928525,0.0,7.464e-05,1
1,[],24,[],2019-03-12 18:32:43,0.0,0.000000000000,0,6915356,2019-03-12 18:32:43,btc,0.0,0.0,0.000000000000,btc,0.0,0.0,0.0,1
0.0,[],25,[],2019-03-12 18:32:44,0.0,0,0,6915357,2019-03-12 18:32:44,btc,26.89649999841733,251.23451777,0.0,btc,2061.50573006,3.2532,0.0,1
1,[],26,[],2019-03-12 18:32:54,0.0,0,0,6915358,2019-03-12 18:32:54,,0.0,0.0,0,,0.0,0.0,0.0,1
1,[],28,[],2019-03-12 18:32:55,992.9,0.01231000,0.000000477481511,6915359,2019-03-12 18:32:55,btc,0.147901439075,17359.15,0.01231000,btc,7.9421,0.0,0.086101096,1
0,[],2,[],2019-01-20 23:28:45,0.0,0,0,6477011,2019-01-20 23:28:45,,0.0,0.0,0,,0.0,0.0,0.0,1
1,[],5,[],2019-03-12 18:32:58,0.0,0,0,6915360,2019-03-12 18:32:58,btc,0.0,0.07888107,0,btc,0.0,0.0,0.0,2
0,[],22,[],2019-03-12 18:33:01,0.0,0,0,6915361,2019-03-12 18:33:01,,0.0,0.0,0,,0.0,0.0,0.0,2
1,[],5,[],2019-03-12 18:33:02,0.0,0,0,6915362,2019-03-12 18:33:02,btc,0.0,0.14665233,0,btc,0.0,0.0,0.0,3
1,[],12,[],2019-03-12 18:33:03,2782509.00456038,0.00000019,0.000000000007369739,6915363,2019-03-12 18:33:03,btc,22811.44868261386,0.0,0.00000019,btc,924624.75088511,0.07188318204297472,0.388447235005143,3
0,[],28,[],2019-03-12 18:33:05,0.0,0,0,6915364,2019-03-12 18:33:05,,0.0,0.0,0,,0.0,0.0,0.0,3
0,[],2,[],2019-01-20 23:31:32,0.0,0,0,6477077,2019-01-20 23:31:32,,0.0,0.0,0,,0.0,0.0,0.0,4
1,[],4,[],2019-03-09 19:03:36,394362.28616607,0.00000032,0.000000000012569280000000001,6889097,2019-03-09 19:03:36,btc,32.15548375957025,0.0,0.00000032,btc,707361.31512647,0.00109114,0.0476374485302292,4
1,[],12,[],2019-03-12 18:33:06,438700.0,0.00000002,0.0000000000007757620000000001,6915365,2019-03-12 18:33:06,btc,1111742.1545516,0.0,0.00000002,btc,727568.0,0.00020076,0.00523374,5
0,[],2,[],2019-01-20 23:31:51,0.0,0,0,6477087,2019-01-20 23:31:51,,0.0,0.0,0,,0.0,0.0,0.0,6
1,[],11,[],2019-03-12 18:33:08,4588642.39882,0.00000002,0.0000000000007757620000000001,6915366,2019-03-12 18:33:08,btc,9568.17181851299,25935.0,0.00000002,btc,42705547.275313936,0.0,0.0587117913342,6
1,[],3,[],2019-03-12 18:33:08,1087.833962084558,0.000154759999999999988719301402539940681890584528446197509765625,0.000000006002846356,6915367,2019-03-12 18:33:08,btc,29.634085403952064,0.0,0.000154759999999999988719301402539940681890584528446197509765625,btc,239.122414578101,0.0,0.03439493781756314,7
1,[],4,[],2019-03-12 18:33:09,90528.70898549,0.00023719,0.000000009200149439,6915368,2019-03-12 18:33:09,btc,8.541540134888255,0.0,0.00023719,btc,28226.02398694,6.07918734,7.8486382227121005,7
1,[],5,[],2019-03-12 18:33:10,0.0,0,0,6915369,2019-03-12 18:33:10,btc,0.0,0.86675154,0,btc,0.0,0.0,0.0,7
1,[],20,[],2019-02-20 02:16:17,39399275.8418,0.000000001,0.0000000000000390183,6728586,2019-02-20 02:16:17,btc,116.9737569154545,525.0,0.000000001,btc,56932965.8895,5.25e-07,0.0393992758418,8
1,[],4,[],2019-03-12 18:33:12,1563846.86492635,0.00000148,0.000000000057406388,6915370,2019-03-12 18:33:12,btc,4.931078795107907,0.0,0.00000148,btc,2546240.62407487,1.57407701,1.42538031160103,9
1,[],28,[],2019-03-12 18:33:14,26353.0,0.00000159,0.000000000061673079,6915371,2019-03-12 18:33:14,btc,2708.770107851883,3656422.43,0.00000159,btc,17176.9197,0.0,0.0147295,9
0,[],2,[],2019-01-20 23:22:42,0.0,0,0,6476876,2019-01-20 23:22:42,,0.0,0.0,0,,0.0,0.0,0.0,9
0,[],23,[],2019-01-20 23:22:48,0.0,0,0,6476878,2019-01-20 23:22:48,,0.0,0.0,0,,0.0,0.0,0.0,9
1,[],1,[],2019-02-17 23:31:42,1822507.21,0.00000181000000000000003456111265232042484285557293333113193511962890625,0.000000000066086901,6701244,2019-02-17 23:31:42,btc,3.6990969245,17153386.5,0.00000181000000000000003456111265232042484285557293333113193511962890625,btc,1997391.71,31.11772986,3.2610482446,9
1,[],4,[],2019-02-17 11:22:43,4341674.27126056,0.00000002,0.0000000000007272960000000001,6696112,2019-02-17 11:22:43,btc,0.1997230937751353,0.0,0.00000002,btc,4109766.79808031,0.00215132,0.0479381022052112,10
1,[],4,[],2019-03-12 18:33:15,5904413.9807669,0.00000124,0.000000000048097244,6915372,2019-03-12 18:33:15,btc,8.883386404815328,0.0,0.00000124,btc,4865831.46659646,1.87375085,3.488720060449174,12
1,[],5,[],2019-03-12 18:33:16,0.0,0,0,6915373,2019-03-12 18:33:16,btc,0.0,0.06472239,0,btc,0.0,0.0,0.0,12
0.0,[],25,[],2019-03-12 18:33:17,0.0,0,0,6915374,2019-03-12 18:33:17,,0.0,0.0,0.0,btc,0.0,0.0,0.0,12
0,[],2,[],2019-01-20 23:23:08,0.0,0,0,6476890,2019-01-20 23:23:08,,0.0,0.0,0,,0.0,0.0,0.0,12
1,[],4,[],2019-03-12 18:33:18,32058948.72637182,0.00000654,0.000000000253674174,6915375,2019-03-12 18:33:18,btc,2.771136600863024,0.0,0.00000654,btc,291905.80257038,1.73274648,1.492586331451681,13
1,[],10,[],2019-03-12 18:33:20,438174.54477312,0.00000652,0.000000000252898412,6915376,2019-03-12 18:33:20,btc,666802.2545117515,19065.4032629,0.00000652,btc,706842.89996461,0.0,0.2688747426623347,13
1,[],21,[],2019-03-12 18:33:22,1974536.09331811,0.000006669999999999999666406170357,0.000000000258716627,6915377,2019-03-12 18:33:22,btc,8.667943675896964,1906536.71417554,0.0000066699999999999996664061703566250827179828775115311145782470703125,btc,1159401.56615392,12.08130868,12.01620039514171,13
1,[],4,[],2019-03-12 18:33:23,660922.23130063,0.00000123,0.000000000047709363,6915378,2019-03-12 18:33:23,btc,6.632018388387246,0.0,0.00000123,btc,1078194.92574862,0.08355282,0.0669850468869925,14
1,[],12,[],2019-03-12 18:33:24,267331.0,0.000001269999999999999910766366496839285815667608403600752353668212890625,0.000000000049260886999999995,6915379,2019-03-12 18:33:24,btc,0.0535906758498665,0.0,0.000001269999999999999910766366496839285815667608403600752353668212890625,btc,8932.48329661,0.000193613,0.02150678,14
0,[],17,[],2019-03-12 18:33:26,0.0,0,0,6915380,2019-03-12 18:33:26,btc,0.0,0.0,0,btc,0.0,0.0,0.0,14
1,[],26,[],2019-03-12 18:33:26,0.0,0.00000050,0.00000000001939405,6915381,2019-03-12 18:33:26,btc,0.0,0.0,0.00000050,btc,0.0,0.0,0.0,14
0,[],4,[],2019-03-12 18:33:27,0.0,0,0,6915382,2019-03-12 18:33:27,,0.0,0.0,0,,0.0,0.0,0.0,15
,[],12,[],2018-12-01 15:15:48,204241.84496,0.00000489,0.000000000202473384,5260204,2018-12-01 15:15:48,btc,49.5475654835,0.0,,btc,35763.2193806,0.0163153972027625,0.0203389899998,15
1,[],4,[],2019-03-12 18:33:29,35996.71983836,0.00001704,0.000000000660949224,6915383,2019-03-12 18:33:29,btc,4.180574798031542,0.0,0.00001704,btc,18168.81604641,0.03025573,0.100517474022368,18
1,[],10,[],2019-03-12 18:33:30,781636.0932163,0.00001711,0.000000000663664391,6915384,2019-03-12 18:33:30,btc,15.407125711274668,1936.25919136,0.00001711,btc,13302.36440746,0.0,0.1113682038747933,18
1,[],12,[],2019-03-12 18:33:31,314081.01236837,0.0000165299999999999992837500240039361187882605008780956268310546875,0.000000000641167293,6915385,2019-03-12 18:33:31,btc,33214.726679869236,0.0,0.0000165299999999999992837500240039361187882605008780956268310546875,btc,800.45322312,0.00677684992467,0.0333477378467388,18
0,[],17,[],2019-03-12 18:33:33,0.0,0,0,6915386,2019-03-12 18:33:33,btc,0.0,0.0,0,btc,0.0,0.0,0.0,18
0,[],2,[],2019-01-20 23:23:38,0.0,0,0,6476906,2019-01-20 23:23:38,,0.0,0.0,0,,0.0,0.0,0.0,18
1,[],3,[],2019-03-12 18:33:33,117181.65256917539,0.0000174999999999999984669381281054967303134617395699024200439453125,0.0000000006787917499999999,6915387,2019-03-12 18:33:33,btc,0.6540631065384892,301.7,0.0000174999999999999984669381281054967303134617395699024200439453125,btc,14655.171468174085,0.0,0.013783351272372674,19
1,[],4,[],2019-03-12 18:33:34,214690.72932398,0.00001980,0.00000000076800438,6915388,2019-03-12 18:33:34,btc,2.657765200228932,0.0,0.00001980,btc,93582.61175419,0.1344543,2.1171801469060774,19
1,[],5,[],2019-03-12 18:33:36,0.0,0,0,6915389,2019-03-12 18:33:36,btc,0.0,0.01825324,0,btc,0.0,0.0,0.0,19
1,[],12,[],2019-03-12 18:33:37,192250.45177657,0.00001671999999999999915868513500338821131663280539214611053466796875,0.000000000648537032,6915390,2019-03-12 18:33:37,btc,0.3094859991256511,0.0,0.00001671999999999999915868513500338821131663280539214611053466796875,btc,450.56770578,0.0036894402397406,0.0401978599998818,19
0,[],27,[],2019-03-12 18:33:39,0.0,0,0,6915391,2019-03-12 18:33:39,,0.0,0.0,0,btc,0.0,0.0,0.0,19
0,[],2,[],2019-01-20 23:24:19,0.0,0,0,6476924,2019-01-20 23:24:19,,0.0,0.0,0,,0.0,0.0,0.0,19
1,[],4,[],2019-03-12 18:13:51,2768884.31543344,0.00000012,0.000000000004663788,6915008,2019-03-12 18:13:51,btc,7.3883038778920955,0.0,0.00000012,btc,2888450.60266467,0.00023941,0.0766387845231281,20
1,[],4,[],2019-03-12 18:33:41,103361196.30897026,0.00000002,0.000000000000775762,6915392,2019-03-12 18:33:41,btc,1899.6037010020632,0.0,0.00000002,btc,54060427.3328267,0.00619989,1.1529643693000455,21
1,[],12,[],2019-03-12 18:33:42,1375286.0,0.00000001,0.00000000000038788100000000003,6915393,2019-03-12 18:33:42,btc,1247.5321034093006,0.0,0.00000001,btc,2589646.96503496,0.0001999000999,0.01375286,21
0,[],17,[],2019-03-12 18:33:44,0.0,0,0,6915394,2019-03-12 18:33:44,btc,0.0,0.0,0,btc,0.0,0.0,0.0,21
1,[],12,[],2019-03-12 18:33:45,3217524404.0,0.0000000001,0.0000000000000038788100000000004,6915395,2019-03-12 18:33:45,btc,1933717.2620756156,0.0,0.0000000001,btc,1735325826.9264624,0.002687558820579424,0.3217524404,23
0,[],27,[],2019-03-12 18:33:47,0.0,0,0,6915396,2019-03-12 18:33:47,,13.823034242813412,0.0,0,eth,4620333.31314486,0.0,0.0,23
1,[],4,[],2019-03-12 18:33:48,625093.00748318,0.00000041,0.000000000015903121,6915397,2019-03-12 18:33:48,btc,9.147553040424857,0.0,0.00000041,btc,1596746.5104425,0.0067441,0.1497777379114545,24
1,[],22,[],2019-03-12 18:33:52,11.76,0.00000100,0.0000000000387881,6915398,2019-03-12 18:33:52,BTC,7.415e-05,0.0,0.00000100,BTC,23.919354838709676,0.0,1.176e-05,24
0.0,[],25,[],2019-03-12 18:33:54,0.0,0,0,6915399,2019-03-12 18:33:54,,0.0,0.0,0.0,btc,0.0,0.0,0.0,24
1,[],4,[],2019-03-12 18:33:55,26578064.38008747,0.00000619,0.000000000240098339,6915400,2019-03-12 18:33:55,btc,135.50898616337764,0.0,0.00000619,btc,255418.30519152,0.08112923,0.4421631837491354,26
1,[],10,[],2019-03-12 18:33:57,686453.64890644,0.00000602,0.000000000233504362,6915401,2019-03-12 18:33:57,btc,26.12730332107639,4415.31009727,0.00000602,btc,14081.99315372,0.0,0.215901713884087,26
0,[],2,[],2019-01-20 23:25:56,0.0,0,0,6476976,2019-01-20 23:25:56,,0.0,0.0,0,,0.0,0.0,0.0,26
1,[],3,[],2019-03-12 18:33:57,8415347.59501412,0.00000001,0.00000000000038788100000000003,6915402,2019-03-12 18:33:57,btc,2.035925771038287,1062552.19301,0.00000001,btc,14386817.73160952,0.0,0.0841534759501412,27
1,[],5,[],2019-03-12 18:33:59,0.0,0,0,6915403,2019-03-12 18:33:59,btc,0.0,0.00036173,0,btc,0.0,0.0,0.0,27
1,[],11,[],2019-03-12 18:34:01,8483578.24590115,0.00000006,0.000000000002327286,6915404,2019-03-12 18:34:01,btc,67506.32807964063,5956.66666667,0.00000006,btc,7966196.08369704,0.0,0.4686349049180229,27
1,[],4,[],2019-03-12 18:34:02,2113705512.4949636,0.00000001,0.000000000000387881,6915405,2019-03-12 18:34:02,btc,5.225169103068135,0.0,0.00000001,"btc,ltc",338503067.41641665,0.24353139,9.53123996758048,29
1,[],7,[],2019-03-12 18:34:03,35606551.76455675,0.00000001,0.00000000000038788100000000003,6915406,2019-03-12 18:34:03,btc,44461616.82424166,19307.2677323,0.00000001,btc,52062278.61332269,0.0,0.3560655176455675,29
1,[],4,[],2019-03-12 18:34:04,1641703.17337285,0.00000017,0.000000000006593977,6915407,2019-03-12 18:34:04,btc,2.7081804599305515,0.0,0.00000017,btc,2179306.69024981,0.06263413,0.0991237584600001,30
0,[],17,[],2019-03-12 18:26:29,0.0,0,0,6915217,2019-03-12 18:26:29,btc,0.0,0.0,0,btc,0.0,0.0,0.0,30
1,[],4,[],2019-03-12 18:34:17,190125.71745658,0.00005569,0.000000002160109289,6915408,2019-03-12 18:34:17,btc,10.012016738698856,0.0,0.00005569,btc,127424.85852939,0.97641074,2.186752434553885,31
1,[],21,[],2019-03-12 18:34:18,45806.72052348,0.00005657000000000000217289727877,0.000000002194242817,6915409,2019-03-12 18:34:18,btc,6.417214398611434,204968.85977362,0.0000565700000000000021728972787737887983894324861466884613037109375,btc,97652.50239931,11.27735588,2.4691376233774576,31
0,[],2,[],2019-01-20 23:28:43,0.0,0,0,6477009,2019-01-20 23:28:43,,0.0,0.0,0,,0.0,0.0,0.0,32
1,[],4,[],2019-03-12 18:34:19,456348385.79987127,0.00000004,0.000000000001551524,6915410,2019-03-12 18:34:19,btc,8.843913413348831,0.0,0.00000004,"btc,ltc",170599609.93314096,1.78782891,8.440853746563638,33
1,[],12,[],2019-03-12 18:34:20,25771120.63066667,0.00000004,0.0000000000015515240000000001,6915411,2019-03-12 18:34:20,btc,2322985.285149445,0.0,0.00000004,btc,18090497.49350644,0.0019315444554245,0.59802903892,33
1,[],4,[],2019-03-12 18:34:21,108951699.46021807,0.00000001,0.000000000000387881,6915412,2019-03-12 18:34:21,btc,3.4127407052846963,0.0,0.00000001,btc,99087869.16361183,0.0216697,1.0895169946021808,34
1,[],5,[],2019-03-12 18:34:23,0.0,0,0,6915413,2019-03-12 18:34:23,btc,0.0,0.02025543,0,btc,0.0,0.0,0.0,34
0.0000000001451526,[],4,[],2019-03-12 18:34:24,3848364032.6210127,1.4515260000000002e-18,5.63019356406e-23,6915414,2019-03-12 18:34:24,ltc,4.52815306653416e-08,0.0,0.00000001,ltc,6120733349.88917,0.0,5.586000450814248e-09,36
1,[],5,[],2019-03-12 18:34:26,0.0,0,0,6915415,2019-03-12 18:34:26,btc,0.0,0.0,0,btc,0.0,0.0,0.0,36
0,[],17,[],2019-03-12 18:34:39,0.0,0,0,6915416,2019-03-12 18:34:39,btc,0.0746458232965017,0.0,0,btc,4103573.70243647,0.0,0.0,36
0.0000000003421005,[],27,[],2019-03-12 18:34:41,1088163.16325,3.421005e-18,1.326942840405e-22,6915417,2019-03-12 18:34:41,eth,222.5593908357632,0.0,0.00000001,"ltc,eth",11165406.63658689,0.0,1.7104558102940664e-12,36
1,[],4,[],2019-03-12 18:14:42,229331.45229589,0.00000059,0.000000000022930291,6915034,2019-03-12 18:14:42,btc,19772.477169423237,0.0,0.00000059,btc,556251.12148199,0.0066366,0.0974610065273185,37
1,[],12,[],2019-03-12 18:14:43,444048.95573369,0.00000061,0.000000000023707589,6915035,2019-03-12 18:14:43,btc,26.357727877858128,0.0,0.00000061,btc,425663.60146513,0.0483999098452249,0.1328547433924296,37
1,[],17,[],2019-03-12 18:14:45,1752.74075282,0.00000025,0.000000000009716224999999998,6915036,2019-03-12 18:14:45,btc,0.05548492398481962,0.0,0.00000025,btc,1387.19918473,0.0,0.00043818518820499993,37
1,[],27,[],2019-03-12 18:14:47,14685.567,0.00000045,0.000000000017489205,6915037,2019-03-12 18:14:47,btc,24.25536383611233,0.0,0.00000045,btc,6518.38138508,0.0,0.00480032515,37
1,[],5,[],2019-03-12 18:34:43,0.0,0,0,6915418,2019-03-12 18:34:43,btc,0.0,0.10202457,0,btc,0.0,0.0,0.0,42
1,[],12,[],2019-03-12 18:34:44,259364.20317439,0.000001080000000000000035831255497387193287295303889550268650054931640625,0.000000000041891148,6915419,2019-03-12 18:34:44,btc,5.574962178513596,0.0,0.000001080000000000000035831255497387193287295303889550268650054931640625,btc,30557.566586509998,0.0429548876625623,0.0246874295154082,42
0.0000000003421005,[],27,[],2019-03-12 18:34:47,2000.0,3.421005e-18,1.326942840405e-22,6915420,2019-03-12 18:34:47,eth,0.00315028,0.0,0.00000001,"btc,eth",11.007,0.0,6.84201e-15,42
1,[],5,[],2019-03-12 18:26:47,0.0,0,0,6915228,2019-03-12 18:26:47,btc,0.0,0.02299556,0,btc,0.0,0.0,0.0,43
1,[],12,[],2019-03-12 18:26:48,1621233.0,0.00000001,0.000000000000388357,6915229,2019-03-12 18:26:48,btc,29058.004787318663,0.0,0.00000001,btc,5967581.93306694,1.998001998e-06,0.01621233,43
0,[],17,[],2019-03-12 18:26:50,0.0,0,0,6915230,2019-03-12 18:26:50,btc,0.0,0.0,0,btc,0.0,0.0,0.0,43
1,[],12,[],2019-03-05 01:54:08,639326.02,0.00000004,0.000000000001486676,6845775,2019-03-05 01:54:08,btc,11116042.728239931,0.0,0.00000004,btc,1103841.4595604,0.0003330765234764,0.014975410599999999,44
1,[],4,[],2019-03-12 18:34:48,299062026.6656663,0.00000002,0.000000000000775762,6915421,2019-03-12 18:34:48,btc,946.4898467153814,0.0,0.00000002,"btc,ltc",16820505.48768139,0.00611993,0.2779942703049797,49
0.0000000001451526,[],4,[],2019-03-12 18:34:49,885021772.085984,1.4515260000000002e-18,5.63019356406e-23,6915422,2019-03-12 18:34:49,ltc,25.866299557323888,0.0,0.00000001,ltc,10686682336.83858,0.0,1.28463211274888e-09,52
0.0000000001262903,[],22,[],2019-03-12 18:34:54,80645562.0,1.262903e-18,4.89856078543e-23,6915423,2019-03-12 18:34:54,XMR,4368.67077283,0.0,0.00000001,XMR,279827473.5359664,0.0,0.80645562,57
0.0000000003421005,[],27,[],2019-03-12 18:34:56,2000.0,3.421005e-18,1.326942840405e-22,6915424,2019-03-12 18:34:56,eth,0.0,0.0,0.00000001,"btc,eth",0.0,0.0,6.84201e-15,57
0.0000000001451526,[],4,[],2019-03-12 18:34:57,416367857.03396165,2.9030520000000003e-18,1.126038712812e-22,6915425,2019-03-12 18:34:57,ltc,18.65741682899836,0.0,0.00000002,ltc,4757320074.050395,0.0,6.755381651427078e-10,58
1,[],12,[],2019-03-12 18:34:58,1224981779.0,0.0000000003,0.00000000000001163643,6915426,2019-03-12 18:34:58,btc,4023098.990768508,0.0,0.0000000003,btc,1664492470.6473525,0.009505464460839172,0.3152156578,58
0,[],17,[],2019-03-12 18:34:59,0.0,0,0,6915427,2019-03-12 18:34:59,btc,1e+24,0.0,0,btc,49306342.21952568,0.0,0.0,58
0.0000000001262903,[],22,[],2019-03-12 18:35:05,137438.0,1.262903e-18,4.89856078543e-23,6915428,2019-03-12 18:35:05,XMR,69.8835922,0.0,0.00000001,XMR,9887963.0,0.0,0.00137438,58
1,[],5,[],2019-03-12 18:35:07,0.0,0,0,6915429,2019-03-12 18:35:07,btc,0.0,0.00309384,0,btc,0.0,0.0,0.0,61
1,[],22,[],2019-03-12 18:35:11,13757.0,0.00000012,0.000000000004654572,6915430,2019-03-12 18:35:11,BTC,1002.2960049,0.0,0.00000012,BTC,14976.68361146909,0.0,0.00154987,61
1,[],26,[],2019-03-12 18:35:11,0.0,0.00000800,0.0000000003103048,6915431,2019-03-12 18:35:11,btc,0.0,0.0,0.00000800,btc,0.0,0.0,0.0,61
1,[],27,[],2019-03-12 18:35:13,4411.22008,0.00000047,0.000000000018230407,6915432,2019-03-12 18:35:13,btc,2.8990263703141324,0.0,0.00000047,"btc,eth",19485.01257617,0.0,0.00124375995947747,61
1,[],28,[],2019-03-12 18:35:15,13880.304,0.0000005,0.00000000001939405,6915433,2019-03-12 18:35:15,btc,2.056312978300105,825.0,0.0000005,btc,9730.59500005,0.0,0.00566391304,61
1,[],4,[],2019-03-12 18:35:16,1485791.09900778,0.00000202,0.000000000078351962,6915434,2019-03-12 18:35:16,btc,9.611282463768234,0.0,0.00000202,btc,819736.67077829,0.08751996,1.3743434508046306,67
0.0,[],25,[],2019-03-12 18:35:17,0.0,0,0,6915435,2019-03-12 18:35:17,,0.0,0.0,0.0,btc,0.0,0.0,0.0,67
1,[],12,[],2019-03-12 18:35:19,2613758.82828282,0.00000012,0.000000000004654572,6915436,2019-03-12 18:35:19,btc,1111215.0146145679,0.0,0.00000012,btc,945000.9423441,0.027435788630149,0.1043533499999991,71
,[],5,[],2018-11-20 23:02:39,1.5e-07,0.00000005,0.000000000002128045,4862160,2018-11-20 23:02:39,btc,2.84511358,0.0,,btc,0.00036572,0.0,0.07381892,74
1,[],5,[],2019-03-12 18:35:21,0.0,0,0,6915437,2019-03-12 18:35:21,btc,0.0,0.0,0,btc,0.0,0.0,0.0,75
1,[],4,[],2019-03-12 18:35:22,13122677.09824166,0.00000001,0.000000000000387881,6915438,2019-03-12 18:35:22,btc,11388.984771024567,0.0,0.00000001,btc,39980793.51032191,0.00077355,0.1312267709824166,81
0,[],20,[],2019-01-25 09:30:31,0.0,0,0,6495923,2019-01-25 09:30:31,btc,0.0,0.0,0,btc,0.0,0.0,0.0,81
1,[],4,[],2019-03-12 18:35:24,24778.49141534,0.00007393,0.000000002867604233,6915439,2019-03-12 18:35:24,btc,18.156635114463644,0.0,0.00007393,btc,12763.24457813,0.02188622,0.1579224816085062,82
1,[],21,[],2019-03-12 18:35:24,944392.43599467,0.00007401999999999999942448813961,0.000000002871095162,6915440,2019-03-12 18:35:24,btc,3.53305699262066,11409.75216364,0.0000740199999999999994244881396099344783578999340534210205078125,btc,42573.23223156,0.83287666,3.5092522485078423,82
0,[],17,[],2019-03-12 18:35:26,0.0,0,0,6915441,2019-03-12 18:35:26,btc,0.0447233088476774,0.0,0,btc,999127.19588126,0.0,0.0,84
0.0000000001451526,[],4,[],2019-03-12 18:35:27,192567220.71204397,4.354578e-18,1.689058069218e-22,6915442,2019-03-12 18:35:27,ltc,1.6816215415606832,0.0,0.00000003,ltc,391775574.6521779,0.00050898,4.629590465586185e-10,85
,[],22,[],2018-11-20 23:09:34,3408.1,0.0000001,0.0000000000041895,4862324,2018-11-20 23:09:34,BTC,0.04624735,0.0,,BTC,4990.0,0.0,0.00033081,86
1,[],22,[],2019-03-12 18:35:31,110870.0,0.00000005,0.000000000001939405,6915443,2019-03-12 18:35:31,BTC,2.07858175,0.0,0.00000005,BTC,170145.94736842104,0.00046282,0.0017035,87
1,[],27,[],2019-03-12 18:35:33,55.0,0.00000001,0.000000000000387881,6915444,2019-03-12 18:35:33,btc,15.200084700234012,0.32659,0.00000001,btc,13342.9236248,0.00037218,5.5e-07,87
,[],2,[],2018-11-20 23:10:47,0.0,0,0,4862359,2018-11-20 23:10:47,,0.0,0.0,,,0.0,0.0,0.0,88
1,[],11,[],2019-03-12 18:35:35,95084.05955255,0.000147930000000000001596223153654818815994076430797576904296875,0.000000005737923633,6915445,2019-03-12 18:35:35,btc,611.5535603436313,2053.50376796,0.000147930000000000001596223153654818815994076430797576904296875,btc,98000.15830999,0.0,6.579943014073183,89
0,[],2,[],2019-01-20 23:31:45,0.0,0,0,6477083,2019-01-20 23:31:45,,0.0,0.0,0,,0.0,0.0,0.0,91
1,[],12,[],2019-03-12 18:27:42,266896.96381489,0.00000099,0.000000000038447343000000005,6915255,2019-03-12 18:27:42,btc,61.00053831168938,0.0,0.00000099,btc,118639.07078687,0.0222360154755247,0.0489582078999863,91
0,[],17,[],2019-03-12 18:27:53,0.0,0,0,6915256,2019-03-12 18:27:53,btc,0.0,0.0,0,btc,0.0,0.0,0.0,91
1,[],22,[],2019-03-12 18:27:56,65900.0,0.00000001,0.000000000000388357,6915257,2019-03-12 18:27:56,BTC,3e-06,0.0,0.00000001,BTC,1.0,0.0,0.000659,91
0.0000000001451526,[],22,[],2019-03-12 18:35:38,52834053.0,1.4515260000000002e-18,5.63019356406e-23,6915446,2019-03-12 18:35:38,LTC,3.2019494,0.0,0.00000001,LTC,37203526.79047619,0.0,0.52834053,95
0.0000000001451526,[],4,[],2019-03-12 18:35:38,634094082.3097469,7.6930878e-17,2.9840025889518e-21,6915447,2019-03-12 18:35:38,ltc,11.894590689392665,0.0,0.00000053,ltc,135843086.5154975,0.00025948,1.6064326298417553e-09,96
0,[],12,[],2019-03-12 18:35:40,0.0,0,0,6915448,2019-03-12 18:35:40,btc,10.189766683176822,0.0,0,btc,3076055.31768231,3.1268731269e-06,0.0,96
0,[],17,[],2019-03-12 18:35:51,0.0,0,0,6915449,2019-03-12 18:35:51,btc,0.0,0.0,0,btc,0.0,0.0,0.0,96
1,[],4,[],2019-03-12 10:13:14,2544101.88493427,0.00000025,0.0000000000097174,6911574,2019-03-12 10:13:14,btc,2.5031007307816195,0.0,0.00000025,btc,2555984.39269018,0.04718357,0.3381776086135513,99
0,[],2,[],2019-01-20 23:23:55,0.0,0,0,6476914,2019-01-20 23:23:55,,0.0,0.0,0,,0.0,0.0,0.0,100
1,[],4,[],2019-03-12 18:35:52,272652.65017133,0.00003472,0.000000001346722832,6915450,2019-03-12 18:35:52,btc,11.83507575783113,0.0,0.00003472,btc,182309.1086811,2.63400463,1.0576710236210378,100
1,[],22,[],2019-03-12 18:36:09,50000.0,0.00000001,0.000000000000387881,6915451,2019-03-12 18:36:09,BTC,23.49896609,0.0,0.00000001,BTC,10277.22,0.0,0.0005,101
1,[],4,[],2019-03-12 18:36:10,455644.64107576,0.00000082,0.000000000031806242,6915452,2019-03-12 18:36:10,btc,308.0831412874471,0.0,0.00000082,btc,507143.21105814,0.00423507,0.2253175540217109,103
1,[],12,[],2019-03-12 18:36:13,21354781.93780044,0.000000008,0.00000000000031030480000000005,6915453,2019-03-12 18:36:13,btc,3219146.007965452,0.0,0.000000008,btc,75228203.68920672,0.00797252880309804,0.04496052650240352,105
1,[],27,[],2019-03-12 18:36:15,223920.39,0.00000001,0.000000000000387881,6915454,2019-03-12 18:36:15,btc,36.605890344913405,0.0,0.00000001,btc,1300442.23571724,0.0,0.0022392039,105
1,[],22,[],2019-03-12 18:36:18,9328.0,0.00000001,0.000000000000387881,6915455,2019-03-12 18:36:18,BTC,51.10837004,0.0,0.00000001,BTC,470435.0,0.0,9.328e-05,107
1,[],26,[],2019-03-12 18:36:18,0.0,0.00000000,0,6915456,2019-03-12 18:36:18,btc,0.0,0.0,0.00000000,btc,0.0,0.0,0.0,107
1,[],5,[],2019-03-12 18:36:20,0.0,0,0,6915457,2019-03-12 18:36:20,btc,0.0,0.06396288,0,btc,0.0,0.0,0.0,112
1,[],22,[],2019-03-12 18:36:23,1966.0,0.00000001,0.000000000000387881,6915458,2019-03-12 18:36:23,BTC,2.7975128,0.0,0.00000001,BTC,826524.0833333334,0.0,1.966e-05,112
0.0000000003421005,[],27,[],2019-03-12 18:36:26,2000.0,3.421005e-18,1.326942840405e-22,6915459,2019-03-12 18:36:26,eth,1.24996908,0.0,0.00000001,"btc,eth",1289.0,0.0,6.84201e-15,112
1,[],4,[],2019-03-12 18:28:52,1285800.03074444,0.00000193,0.00000000007495290100000001,6915271,2019-03-12 18:28:52,btc,5.417183842385816,0.0,0.00000193,btc,372762.11557182,0.01387015,0.9689449400933099,113
1,[],5,[],2019-03-12 18:28:53,0.0,0,0,6915272,2019-03-12 18:28:53,btc,0.0,0.00059906,0,btc,0.0,0.0,0.0,113
1,[],17,[],2019-03-12 18:28:55,152738.278,0.00000004,0.000000000001553428,6915273,2019-03-12 18:28:55,btc,1.3368030274726894,0.0,0.00000004,btc,51896.221,0.0,0.0022095311199999998,116
0,[],27,[],2019-03-12 18:28:57,0.0,0,0,6915274,2019-03-12 18:28:57,,0.0,0.0,0,btc,0.0,0.0,0.0,116
1,[],4,[],2019-03-12 18:36:27,110251.79773829,0.00005600,0.0000000021721336,6915460,2019-03-12 18:36:27,btc,83.89503392184525,0.0,0.00005600,btc,20503.27873034,6.99558138,2.294548442326189,120
1,[],7,[],2019-03-12 18:36:29,20810.29911911,0.0000388599999999999972462479125301371141176787205040454864501953125,0.000000001507305566,6915461,2019-03-12 18:36:29,btc,121183.01437979992,29871.3435542,0.0000388599999999999972462479125301371141176787205040454864501953125,btc,26005.40804976,0.94808431,0.053635228279095906,120
1,[],20,[],2019-03-12 18:37:01,1750076.2541,0.000000034,0.0000000000013187954,6915462,2019-03-12 18:37:01,btc,33.6158440906568,4295.05,0.000000034,btc,1013150.479,0.0001460317,0.0181902127388,125
1,[],22,[],2019-03-12 18:37:05,3053.0,0.00000001,0.000000000000387881,6915463,2019-03-12 18:37:05,BTC,0.01444887,0.0,0.00000001,BTC,296263.5111111111,0.0,3.053e-05,126
1,[],4,[],2019-03-12 18:37:06,131282.57403214,0.00001196,0.000000000463905676,6915464,2019-03-12 18:37:06,btc,3.548421698018303,0.0,0.00001196,btc,115729.91504071,0.13728523,0.4592240755132208,131
0,[],17,[],2019-03-12 18:37:19,0.0,0,0,6915465,2019-03-12 18:37:19,btc,0.0009561751951600001,0.0,0,btc,35.42829368,0.0,0.0,131
0,[],2,[],2019-01-20 23:25:46,0.0,0,0,6476969,2019-01-20 23:25:46,,0.0,0.0,0,,0.0,0.0,0.0,131
1,[],4,[],2019-03-12 18:29:12,4617.57468942,0.00016716,0.000000006491775612,6915281,2019-03-12 18:29:12,btc,1.6130319801080157,0.0,0.00016716,btc,216.14794274,0.00737808,0.0186643903157649,135
1,[],3,[],2019-03-07 00:20:44,877702.73244099,0.00000004,0.00000000000154846,6863392,2019-03-07 00:20:44,btc,0.119366241821405,0.0,0.00000004,btc,760637.99421222,0.0,0.023771231960604298,136
1,[],4,[],2019-03-12 18:37:19,253604.5487411,0.00000146,0.000000000056630626,6915466,2019-03-12 18:37:19,btc,38.6196682968334,0.0,0.00000146,btc,539090.81707693,0.03691827,0.0218189103884645,137
1,[],12,[],2019-03-12 18:37:21,142048.36318407,0.000001480000000000000017730500227741696761540879379026591777801513671875,0.000000000057406388,6915467,2019-03-12 18:37:21,btc,5.049406496030937,0.0,0.000001480000000000000017730500227741696761540879379026591777801513671875,btc,5641.45414514,2.97e-06,0.0093706099999872,137
1,[],4,[],2019-03-12 18:37:23,11692.4244099,0.00003392,0.000000001315692352,6915468,2019-03-12 18:37:23,btc,28.707977386618012,0.0,0.00003392,btc,51227.99783562,0.13572024,0.22523023725047,142
1,[],5,[],2019-03-12 18:37:25,0.0,0,0,6915469,2019-03-12 18:37:25,btc,0.0,0.11431541,0,btc,0.0,0.0,0.0,142
1,[],17,[],2019-03-12 17:18:40,22967.386363640002,0.00000088,0.000000000034215544000000005,6914958,2019-03-12 17:18:40,btc,20.0699133484,0.0,0.00000088,btc,405.079105,0.0,0.0104613000000032,142
1,[],20,[],2019-03-12 18:37:27,153052.0316,0.000033,0.0000000012800073,6915470,2019-03-12 18:37:27,btc,0.3361564156272,0.08,0.000033,btc,2245.1871,2.64e-06,0.3093295352117,142
1,[],22,[],2019-03-12 18:37:31,1470.8988921568628,0.00004000,0.000000001551524,6915471,2019-03-12 18:37:31,BTC,3.00385504,0.0,0.00004000,BTC,891.218,0.0,0.0012358,142
0.0,[],25,[],2019-03-12 18:37:32,0.0,0,0,6915472,2019-03-12 18:37:32,,0.0,0.0,0.0,btc,0.0,0.0,0.0,142
1,[],28,[],2019-03-12 18:37:34,76600.0,0.00002270,0.00000000088048987,6915473,2019-03-12 18:37:34,btc,0.067100461059305,1376.0,0.00002270,btc,552.61077999,0.0,0.0154572,142
0,[],22,[],2019-03-12 18:29:30,0.0,0,0,6915290,2019-03-12 18:29:30,,65.83990167,0.0,0,,1043231670.8,0.0,0.0,143
0,[],22,[],2019-02-25 15:42:22,0.0,0,0,6783783,2019-02-25 15:42:22,,4.2131946,0.0,0,,2322156.0,0.0,0.0,146
,[],22,[],2018-11-20 23:01:11,0.0,0,0,4862114,2018-11-20 23:01:11,,2.56807021,0.0,,,61828.4988236,0.0,0.0,147
1,[],12,[],2019-03-12 18:29:32,347406.57464769,0.00000224000000000000015274565466627532117627197294495999813079833984375,0.00000000008699196800000001,6915291,2019-03-12 18:29:32,btc,7.931978452605939,0.0,0.00000224000000000000015274565466627532117627197294495999813079833984375,btc,101341.33942272,0.0022489130697453,0.0802950199998282,148
1,[],4,[],2019-03-12 18:29:33,248097.88911156,0.00000030,0.000000000011650710000000001,6915292,2019-03-12 18:29:33,btc,219.9981163332034,0.0,0.00000030,btc,839391.71915744,0.0,0.0588022344301683,152
0,[],22,[],2019-03-12 18:29:35,0.0,0,0,6915293,2019-03-12 18:29:35,,0.0,0.0,0,,0.0,0.0,0.0,152
1,[],5,[],2019-03-12 18:37:36,0.0,0,0,6915474,2019-03-12 18:37:36,btc,0.0,0.0,0,btc,0.0,0.0,0.0,153
,[],16,[],2019-01-11 15:38:59,0.0,0,0,6366141,2019-01-11 15:38:59,btc,0.0,0.0,,btc,0.0,0.0,0.0,155
0,[],23,[],2019-01-20 23:24:29,0.0,0,0,6476932,2019-01-20 23:24:29,,0.0,0.0,0,,0.0,0.0,0.0,156
0,[],22,[],2019-03-12 18:37:39,0.0,0,0,6915475,2019-03-12 18:37:39,,6.7463781,0.0,0,,4673397.242592593,0.0,0.0,156
1,[],22,[],2019-03-12 18:37:53,7073.8,0.00005300,0.0000000020557693,6915476,2019-03-12 18:37:53,BTC,1.79802465,0.0,0.00005300,BTC,802.6461988741639,0.0,0.00104336,157
0,[],22,[],2019-03-12 18:37:55,0.0,0,0,6915477,2019-03-12 18:37:55,,50175.67608608,0.0,0,,54079135.04179466,0.0,0.0,158
,[],17,[],2018-11-20 22:56:10,0.0,0,0,4861976,2018-11-20 22:56:10,btc,1.1265625,0.0,,btc,1000.0,0.0,0.0,159
,[],20,[],2018-11-20 22:56:12,0.0,0,0,4861977,2018-11-20 22:56:12,btc,11912.7940471,0.0,,btc,34413894.3617,0.0,0.0,159
1,[],12,[],2019-03-12 18:37:57,212421.06777679,0.00000760999999999999998385839805603580998649704270064830780029296875,0.000000000295177441,6915478,2019-03-12 18:37:57,btc,1.7038806969949964,0.0,0.00000760999999999999998385839805603580998649704270064830780029296875,btc,9545.78629373,0.0013881525,0.0997995554013008,168
1,[],17,[],2019-03-12 18:37:59,29784.95,0.000001,0.0000000000387881,6915479,2019-03-12 18:37:59,btc,0.03026736251542,0.0,0.000001,btc,144.46171372,0.0,0.00716147,168
0,[],22,[],2019-03-12 18:38:01,0.0,0,0,6915480,2019-03-12 18:38:01,,1.1340533,0.0,0,,524928.174707144,0.0,0.0,169
1,[],22,[],2019-03-12 18:38:06,204847.95238095237,0.00000021,0.000000000008145501,6915481,2019-03-12 18:38:06,BTC,14.34918366,0.0,0.00000021,BTC,152018.04525947114,0.0001201,0.00252801,171
1,[],22,[],2019-03-12 18:38:11,522947.3333333333,0.00000011,0.000000000004266691,6915482,2019-03-12 18:38:11,BTC,2.59755008,0.0,0.00000011,"BTC,LTC",330744.13144289755,0.0057754,0.02376217,173
1,[],5,[],2019-03-05 01:59:40,0.0,0,0,6845846,2019-03-05 01:59:40,btc,0.0,0.00384852,0,btc,0.0,0.0,0.0,175
1,[],22,[],2019-03-12 18:38:14,35500.0,0.00000012,0.000000000004654572,6915483,2019-03-12 18:38:14,BTC,0.54559973,0.0,0.00000012,BTC,137776.41444619838,0.0,0.00206,176
1,[],7,[],2019-03-12 18:38:16,0.0,0,0,6915484,2019-03-12 18:38:16,btc,408082.77102362673,0.0,0,btc,114863618.23151591,0.0,0.0,178
0,[],22,[],2019-03-12 18:38:18,0.0,0,0,6915485,2019-03-12 18:38:18,,1.00242438,0.0,0,,57522.0,0.0,0.0,178
0,[],2,[],2019-01-20 23:28:34,0.0,0,0,6477001,2019-01-20 23:28:34,,0.0,0.0,0,,0.0,0.0,0.0,178
0,[],23,[],2019-01-20 23:25:08,0.0,0,0,6476952,2019-01-20 23:25:08,,0.0,0.0,0,,0.0,0.0,0.0,179
1,[],5,[],2019-03-12 18:38:19,0.0,0,0,6915486,2019-03-12 18:38:19,btc,0.0,0.21147023,0,btc,0.0,0.0,0.0,179
1,[],22,[],2019-03-12 18:38:23,6867106.0,0.00000002,0.000000000000775762,6915487,2019-03-12 18:38:23,BTC,5.63500652,0.0,0.00000002,"BTC,LTC",17355770.756535422,0.0,0.37228284,179
1,[],17,[],2019-03-12 18:38:25,10504.725,0.0000001,0.00000000000387881,6915488,2019-03-12 18:38:25,btc,5.201069583843855,0.0,0.0000001,btc,5033.45945,0.0,0.0010504725,180
1,[],22,[],2019-03-12 18:38:29,667027.3305598357,0.00000177,0.000000000068654937,6915489,2019-03-12 18:38:29,BTC,0.21259205,0.0,0.00000177,"BTC,LTC",60678.47088290236,0.00082502,0.57349128,180
1,[],26,[],2019-03-12 18:38:29,0.0,0.00000125,0.000000000048485125,6915490,2019-03-12 18:38:29,btc,0.0,0.0,0.00000125,btc,0.0,0.0,0.0,180
,[],7,[],2018-11-20 22:58:01,562227.975654,0.00000085,0.000000000036176765,4862015,2018-11-20 22:58:01,btc,21836.6059674,2491.87645172,,btc,749999.041456,0.00211021,0.127565380455,183
,[],5,[],2019-01-10 08:11:41,0.0,0,0,6347036,2019-01-10 08:11:41,btc,82.15055501,0.00261,,btc,1.19002445,0.0,0.0,187
1,[],24,[],2019-03-12 18:38:30,0.0,0.000000000001,3.87881e-17,6915491,2019-03-12 18:38:30,btc,0.0,0.0,0.000000000001,btc,0.0,0.0,0.0,187
,[],17,[],2018-11-16 20:58:10,4062536.27273,0.00000001,0.000000000000550501,4708775,2018-11-16 20:58:10,btc,3.36492563466,0.195460381006,,"btc,eth",110697919.549,0.0,0.0157628953496,187
0,[],22,[],2019-03-12 18:38:33,0.0,0,0,6915492,2019-03-12 18:38:33,,7.54797454,0.0,0,,79361.7243344055,0.0,0.0,191
0,[],22,[],2019-03-12 18:38:38,0.0,0,0,6915493,2019-03-12 18:38:38,,0.0,0.0,0,,0.0,0.0,0.0,197
0,[],23,[],2019-01-20 23:31:41,0.0,0,0,6477079,2019-01-20 23:31:41,,0.0,0.0,0,,0.0,0.0,0.0,199
0,[],22,[],2019-03-12 18:38:42,0.0,0,0,6915494,2019-03-12 18:38:42,,5.19581047,0.0,0,,21561978.0,0.0,0.0,199
1,[],26,[],2019-03-12 18:38:42,0.0,0.00000000,0,6915495,2019-03-12 18:38:42,btc,0.0,133292.0,0.00000000,btc,0.0,0.0,0.0,199
0,[],17,[],2019-01-30 16:32:01,0.0,0,0,6540827,2019-01-30 16:32:01,btc,6.802544163788159,0.0,0,btc,105897.55575295,0.0,0.0,200
0,[],2,[],2019-01-20 23:30:49,0.0,0,0,6477059,2019-01-20 23:30:49,,0.0,0.0,0,,0.0,0.0,0.0,201
1,[],4,[],2019-01-25 15:51:35,2084389.58565343,0.00000936,0.000000000333526752,6499557,2019-01-25 15:51:35,btc,2.0092503037378524,0.0,0.00000936,btc,160195.80207885,0.19272417,1.242687955921835,211
1,[],7,[],2019-03-12 18:38:54,5929157.84208457,0.000001030000000000000091033409109486651544784763245843350887298583984375,0.000000000039951743000000006,6915496,2019-03-12 18:38:54,btc,15476655.738542397,194609.726168,0.000001030000000000000091033409109486651544784763245843350887298583984375,btc,14770653.54564233,0.0,2.8466051987834327,212
1,[],12,[],2019-01-25 02:44:32,207462.42853209,0.000001080000000000000035831255497387193287295303889550268650054931640625,0.000000000038610756000000006,6493050,2019-01-25 02:44:32,btc,85023.03793723314,0.0,0.000001080000000000000035831255497387193287295303889550268650054931640625,btc,43675.73520027,0.000146250909087,0.0348620860622024,213
1,[],5,[],2019-03-12 18:38:56,0.0,0,0,6915497,2019-03-12 18:38:56,btc,0.0,0.18450186,0,btc,0.0,0.0,0.0,213
1,[],24,[],2019-03-12 18:38:57,0.0,0.000000150000,0.000000000005818215,6915498,2019-03-12 18:38:57,btc,0.0,0.0,0.000000150000,btc,0.0,0.0,0.0,213
1,[],26,[],2019-03-12 18:38:57,0.0,0.00000010,0.00000000000387881,6915499,2019-03-12 18:38:57,btc,0.0,0.0,0.00000010,btc,0.0,0.0,0.0,213
1,[],22,[],2019-03-12 18:30:43,49000.0,0.00000002,0.000000000000776714,6915320,2019-03-12 18:30:43,BTC,2.27972134,0.0,0.00000002,BTC,650798.3963726171,0.00100164,0.00073,216
1,[],27,[],2019-03-12 18:30:46,1298122.0,0.00000003,0.000000000001165071,6915321,2019-03-12 18:30:46,btc,317.9840526547724,0.0,0.00000003,"btc,ltc",240753.990324,0.0,0.03375764000026133,216
1,[],22,[],2019-03-12 18:39:01,186927.0,0.00000170,0.00000000006593977,6915500,2019-03-12 18:39:01,BTC,12673.60339645,0.0,0.00000170,BTC,428618.9847912904,0.00012078,0.20640381,217
1,[],7,[],2019-03-12 18:39:03,0.0,0,0,6915501,2019-03-12 18:39:03,btc,77971.81411323446,0.0,0,btc,135963412.7426053,0.0,0.0,219
0,[],27,[],2019-03-12 18:39:05,0.0,0,0,6915502,2019-03-12 18:39:05,,0.0404796,0.0,0,btc,2057905.0,0.0,0.0,219
0.0000000000000052,[],28,[],2019-03-12 18:39:07,168498989.876,9.100000000000001e-18,3.5297171e-22,6915503,2019-03-12 18:39:07,doge,83813.6359944575,687779.937,0.00175000,"btc,doge",3632668.34751,0.0,1.668793242526124e-11,219
1,[],22,[],2019-03-12 18:31:02,436133.0,0.00000008,0.000000000003106856,6915326,2019-03-12 18:31:02,BTC,18.0683074,0.0,0.00000008,BTC,93423.54541875875,0.0,0.02056713,221
1,[],24,[],2019-03-12 18:31:02,0.0,0.000000200000,0.000000000007767140000000001,6915327,2019-03-12 18:31:02,btc,0.0,0.0,0.000000200000,btc,0.0,0.0,0.0,221
1,[],20,[],2019-03-12 18:22:14,42294460.0253,0.000000002,0.0000000000000777298,6915137,2019-03-12 18:22:14,btc,48.4384026224949,1934140.0,0.000000002,btc,14809046.302,0.008692184,0.0454835905253,224
0,[],22,[],2019-03-12 18:22:17,0.0,0,0,6915138,2019-03-12 18:22:17,,0.0,0.0,0,,0.0,0.0,0.0,224
1,[],26,[],2019-03-12 18:31:03,0.0,0.00000035,0.000000000013592495000000001,6915328,2019-03-12 18:31:03,btc,0.0,0.0,0.00000035,btc,0.0,0.0,0.0,231
1,[],26,[],2019-03-12 18:31:03,0.0,0.00000005,0.0000000000019417850000000003,6915329,2019-03-12 18:31:03,btc,0.0,0.0,0.00000005,btc,0.0,0.0,0.0,234
0.0000000003422514,[],27,[],2019-03-12 18:31:06,2000.0,3.422514e-18,1.3291572694980002e-22,6915330,2019-03-12 18:31:06,eth,0.01134836604,0.0,0.00000001,"btc,eth",11462.996,0.0,6.845028e-15,234
1,[],4,[],2019-03-12 18:31:07,825680.42550743,0.00000070,0.000000000027184990000000002,6915331,2019-03-12 18:31:07,btc,4.27190323969862,0.0,0.00000070,btc,1208546.37104524,0.13859354,0.2174818349504856,236
1,[],24,[],2019-03-12 18:31:08,0.0,0.000000500000,0.000000000019417850000000002,6915332,2019-03-12 18:31:08,btc,0.0,0.0,0.000000500000,btc,0.0,0.0,0.0,236
1,[],20,[],2019-03-12 18:39:10,225285712.7544,0.000000048,0.0000000000018618288,6915504,2019-03-12 18:39:10,btc,12.9675653996335,22522665.413,0.000000048,btc,35210030.7301,1.19855787666,0.2945463117159,237
0.0000000001451526,[],22,[],2019-03-12 18:39:13,751594.9,2.4675942e-17,9.571329058902e-22,6915505,2019-03-12 18:39:13,LTC,0.0405823,0.0,0.00000017,LTC,3164.0,0.0,0.12541949,237
1,[],4,[],2019-03-12 18:39:15,7520602.93425726,0.00000034,0.000000000013187954,6915506,2019-03-12 18:39:15,btc,7.17792812245081,0.0,0.00000034,btc,10808278.17299939,0.22087888,1.818994809918098,238
1,[],5,[],2019-03-12 18:39:17,0.0,0,0,6915507,2019-03-12 18:39:17,btc,0.0,0.05929591,0,btc,0.0,0.0,0.0,238
0,[],22,[],2019-03-12 16:49:32,0.0,0,0,6914458,2019-03-12 16:49:32,,0.40415746,0.0,0,,526736.5639027493,0.0,0.0,249
0.0000000001451526,[],22,[],2019-03-12 18:39:21,49087200.666666664,5.8061040000000006e-18,2.252077425624e-22,6915508,2019-03-12 18:39:21,LTC,0.93198307,0.0,0.00000004,LTC,18333276.253636364,0.0,1.18162413,252
1,[],28,[],2019-03-12 18:39:23,2536132.164,0.00000043,0.000000000016678883,6915509,2019-03-12 18:39:23,btc,164780.40296794,639262.419,0.00000043,btc,300244.88,0.0,0.67569943157,256
1,[],22,[],2019-03-12 18:39:39,1349990.8333333333,0.00000004,0.000000000001551524,6915510,2019-03-12 18:39:39,BTC,31.44472734,0.0,0.00000004,BTC,567181.6568978056,0.00082962,0.01950783,258
1,[],22,[],2019-03-12 16:49:50,47146.0,0.00000001,0.000000000000388161,6914462,2019-03-12 16:49:50,BTC,2.415167,0.0,0.00000001,BTC,157.0,0.0,0.00047146,259
1,[],5,[],2019-03-12 18:39:41,0.0,0,0,6915511,2019-03-12 18:39:41,btc,0.0,0.26785796,0,btc,0.0,0.0,0.0,264
1,[],20,[],2019-03-12 18:39:43,1216052.2747,0.0000021,0.00000000008145501,6915512,2019-03-12 18:39:43,btc,7.1842934684,141949.3607,0.0000021,btc,97167.0008,0.2996074664908,0.0176071669089,264
0,[],22,[],2019-03-12 18:31:48,0.0,0,0,6915342,2019-03-12 18:31:48,,8.75660439,0.0,0,,474745.2241309945,0.0,0.0,271
0,[],22,[],2019-03-12 18:39:46,0.0,0,0,6915513,2019-03-12 18:39:46,,111821.04152134,0.0,0,,13992847597.692,0.0,0.0,272
0.0000000000000052,[],28,[],2019-03-12 18:39:49,214329256712.905,5.096e-21,1.976641576e-25,6915514,2019-03-12 18:39:49,doge,46101875.05498212,19939476886.1967,0.00000098,doge,238889886598.6149,0.0,5.837479543432298e-10,272
1,[],22,[],2019-03-12 18:39:54,268235.08,0.00000250,0.00000000009697025,6915515,2019-03-12 18:39:54,BTC,237.01592093,0.0,0.00000250,"BTC,LTC",45108.91778575859,0.00104284,0.1130245,281
1,[],22,[],2019-03-12 18:39:58,1400575.5,0.00000025,0.000000000009697025,6915516,2019-03-12 18:39:58,BTC,1.34702275,0.0,0.00000025,BTC,187381.99883542754,0.01452736,0.07725869,286
0,[],22,[],2019-03-12 18:40:02,0.0,0,0,6915517,2019-03-12 18:40:02,,1044638.85409864,0.0,0,,705144707.0,0.0,0.0,294
