pairValue,buyBook,exchangeId,sellBook,updated,buyTotal,satoshiPrice,usdPrice,exchangeLogId,created,bestPair,sellTotalBtc,volume,pairPrice,activePairs,sellTotal,volumeBtc,buyTotalBtc,coinId
1,[],3,[],2019-03-06 20:17:50,30534.156545013208,0.0126985499999999994213961684863534173928201198577880859375,0.00000048945037149,6861977,2019-03-06 20:17:50,btc,61.102673835308146,0.012946771716,0.0126985499999999994213961684863534173928201198577880859375,btc,24.361452456169,0.0,0.20109703021908087,1
1,[],4,[],2019-03-06 20:17:51,207891.62594446,0.01270001,0.000000489506645438,6861978,2019-03-06 20:17:51,btc,9.832138024431087,0.0,0.01270001,btc,306.99651087,0.79937411,2.8408282865361505,1
1,[],5,[],2019-03-06 20:17:55,0.0,0,0,6861979,2019-03-06 20:17:55,btc,0.0,0.01600215,0,btc,0.0,0.0,0.0,1
1,[],10,[],2019-03-06 20:17:57,414580.81314062,0.010976,0.0000004230567488,6861980,2019-03-06 20:17:57,btc,6523.022575013602,1115.32620858,0.010976,btc,1168.39549503,0.0,5.394560574049919,1
1,[],12,[],2019-03-06 20:18:01,112.85966428,0.01272000000000000040356606945124440244399011135101318359375,0.0000004902771360000001,6861981,2019-03-06 20:18:01,btc,0.1536374294224,0.0,0.01272000000000000040356606945124440244399011135101318359375,btc,9.82875419,0.0721952080012,0.4188033253729,1
1,[],20,[],2019-03-06 20:18:02,1152.5864,0.010500286,0.0000004047209235268,6861982,2019-03-06 20:18:02,btc,0.0554564883395,0.3915,0.010500286,btc,2.4799,0.0046697723592,0.1059709135933,1
1,[],21,[],2019-03-06 20:18:03,1940.86573938,0.01275352000000000082802209533,0.0000004915691241760001,6861983,2019-03-06 20:18:03,btc,15.678884291276711,2456.89498551,0.0127535200000000008280220953338357503525912761688232421875,"btc,eth",1614.03497392,29.09532253156849,17.833831779130854,1
1,[],22,[],2019-03-06 20:18:18,0.006382215384615385,0.01300000,0.0000005010694,6861984,2019-03-06 20:18:18,BTC,0.31439419,0.0,0.01300000,BTC,0.12751438772928525,0.0,7.978e-05,1
1,[],24,[],2019-03-06 20:18:18,0.0,0.000000000000,0,6861985,2019-03-06 20:18:18,btc,0.0,0.0,0.000000000000,btc,0.0,0.0,0.0,1
0.0,[],25,[],2019-03-06 20:18:19,0.0,0,0,6861986,2019-03-06 20:18:19,btc,33.08109999793933,67.30880035,0.0,btc,2510.71552768,0.8574,0.0,1
1,[],26,[],2019-03-06 20:18:29,0.0,0,0,6861987,2019-03-06 20:18:29,,0.0,0.0,0,,0.0,0.0,0.0,1
1,[],28,[],2019-03-06 20:18:35,994.047,0.01560000,0.00000060128328,6861988,2019-03-06 20:18:35,btc,0.147239806,17929.185,0.01560000,btc,7.9,0.0,0.103420756,1
0,[],2,[],2019-01-20 23:28:45,0.0,0,0,6477011,2019-01-20 23:28:45,,0.0,0.0,0,,0.0,0.0,0.0,1
1,[],5,[],2019-03-06 20:18:37,0.0,0,0,6861989,2019-03-06 20:18:37,btc,0.0,0.00391211,0,btc,0.0,0.0,0.0,2
0.0000000001263191,[],22,[],2019-03-06 20:18:41,1148.0,1.3895101e-16,5.3556999392380004e-21,6861990,2019-03-06 20:18:41,XMR,21.01373823,0.0,0.00000110,XMR,14319.12581,0.0,0.00087635,2
1,[],5,[],2019-03-06 20:18:43,0.0,0,0,6861991,2019-03-06 20:18:43,btc,0.0,1.43031042,0,btc,0.0,0.0,0.0,3
1,[],12,[],2019-03-06 20:18:46,1724261.7873769,0.000000181,0.0000000000069764278,6861992,2019-03-06 20:18:46,btc,18476.780195774936,0.0,0.000000181,btc,753581.24384075,0.03940656459632825,0.255880278292276,3
0,[],28,[],2019-03-06 20:18:52,0.0,0,0,6861993,2019-03-06 20:18:52,,0.0,0.0,0,,0.0,0.0,0.0,3
0,[],2,[],2019-01-20 23:31:32,0.0,0,0,6477077,2019-01-20 23:31:32,,0.0,0.0,0,,0.0,0.0,0.0,4
1,[],4,[],2019-03-06 07:42:51,399811.41130817,0.00000037,0.000000000014225612,6856592,2019-03-06 07:42:51,btc,32.25588008858344,0.0,0.00000037,btc,710412.77475616,0.01275082,0.0541874837964531,4
1,[],12,[],2019-03-06 20:18:53,455335.0,0.00000002,0.0000000000007708760000000001,6861994,2019-03-06 20:18:53,btc,6.68086922,0.0,0.00000002,btc,353744.0,0.00020234,0.00646644,5
0,[],2,[],2019-01-20 23:31:51,0.0,0,0,6477087,2019-01-20 23:31:51,,0.0,0.0,0,,0.0,0.0,0.0,6
1,[],11,[],2019-03-06 20:18:54,5580884.5,0.00000002,0.0000000000007708760000000001,6861995,2019-03-06 20:18:54,btc,9568.23120290766,133333.333333,0.00000002,btc,42611702.90271394,0.0,0.079092525,6
1,[],3,[],2019-03-06 20:18:55,1083.885997582546,0.00015153000000000000778606346063526189027470536530017852783203125,0.000000005840542014000001,6861996,2019-03-06 20:18:55,btc,28.402034233092024,0.0,0.00015153000000000000778606346063526189027470536530017852783203125,btc,243.122414578101,0.0,0.03369894471784717,7
1,[],4,[],2019-03-06 20:18:56,98995.44711803,0.00024703,0.000000009521474914000001,6861997,2019-03-06 20:18:56,btc,11.77985591015846,0.0,0.00024703,btc,36564.76421453,6.83704174,6.66157010380003,7
1,[],5,[],2019-03-06 20:18:58,0.0,0,0,6861998,2019-03-06 20:18:58,btc,0.0,1.307954,0,btc,0.0,0.0,0.0,7
1,[],20,[],2019-02-20 02:16:17,39399275.8418,0.000000001,0.0000000000000390183,6728586,2019-02-20 02:16:17,btc,116.9737569154545,525.0,0.000000001,btc,56932965.8895,5.25e-07,0.0393992758418,8
0,[],2,[],2019-01-20 23:22:42,0.0,0,0,6476876,2019-01-20 23:22:42,,0.0,0.0,0,,0.0,0.0,0.0,9
0,[],23,[],2019-01-20 23:22:48,0.0,0,0,6476878,2019-01-20 23:22:48,,0.0,0.0,0,,0.0,0.0,0.0,9
1,[],4,[],2019-03-06 20:19:01,1170272.0951671,0.00000152,0.000000000058586576,6861999,2019-03-06 20:19:01,btc,5.360215071597587,0.0,0.00000152,btc,2638580.45133916,2.87876772,0.8983811337246482,9
1,[],28,[],2019-03-06 20:19:07,38863.15,0.00000166,0.00000000006398270800000001,6862000,2019-03-06 20:19:07,btc,2708.761281370583,3549800.0,0.00000166,btc,11954.1497,0.0,0.035782829,9
1,[],1,[],2019-02-17 23:31:42,1822507.21,0.00000181000000000000003456111265232042484285557293333113193511962890625,0.000000000066086901,6701244,2019-02-17 23:31:42,btc,3.6990969245,17153386.5,0.00000181000000000000003456111265232042484285557293333113193511962890625,btc,1997391.71,31.11772986,3.2610482446,9
1,[],4,[],2019-02-17 11:22:43,4341674.27126056,0.00000002,0.0000000000007272960000000001,6696112,2019-02-17 11:22:43,btc,0.1997230937751353,0.0,0.00000002,btc,4109766.79808031,0.00215132,0.0479381022052112,10
0,[],2,[],2019-01-20 23:23:08,0.0,0,0,6476890,2019-01-20 23:23:08,,0.0,0.0,0,,0.0,0.0,0.0,12
1,[],4,[],2019-03-06 20:19:08,6622088.7426581,0.00000125,0.00000000004817975,6862001,2019-03-06 20:19:08,btc,13.824294600914525,0.0,0.00000125,btc,6824482.00172304,2.67584367,4.2401897244316755,12
1,[],5,[],2019-03-06 20:19:11,0.0,0,0,6862002,2019-03-06 20:19:11,btc,0.0,0.3482824,0,btc,0.0,0.0,0.0,12
0.0,[],25,[],2019-03-06 20:19:12,0.0,0,0,6862003,2019-03-06 20:19:12,,0.0,0.0,0.0,btc,0.0,0.0,0.0,12
1,[],4,[],2019-03-06 20:19:13,31996391.905217,0.00000595,0.00000000022933561000000002,6862004,2019-03-06 20:19:13,btc,3.0619174619649905,0.0,0.00000595,btc,411809.49930018,0.70446526,1.085340524123355,13
1,[],21,[],2019-03-06 20:19:16,1104459.98128225,0.000006059999999999999577542791895,0.000000000233575428,6862005,2019-03-06 20:19:16,btc,4.062881831084928,880447.65591775,0.0000060599999999999995775427918953681682978640310466289520263671875,btc,589908.51316174,5.45409384,6.084617156431187,13
1,[],10,[],2019-03-06 20:07:53,395950.56302822,0.00000561,0.00000000021625147499999998,6861810,2019-03-06 20:07:53,btc,666801.2925052214,6582.15531421,0.00000561,btc,711999.58814582,0.0,0.2497127750927527,13
1,[],4,[],2019-03-06 20:19:17,736469.41914342,0.00000137,0.000000000052805006,6862006,2019-03-06 20:19:17,btc,11.888111416889817,0.0,0.00000137,btc,911340.84538126,0.00860424,0.1959825731894443,14
1,[],12,[],2019-03-06 20:19:18,271560.8405163,0.00000128000000000000002678087786256444502441809163428843021392822265625,0.000000000049336064000000004,6862007,2019-03-06 20:19:18,btc,0.1120602737912637,0.0,0.00000128000000000000002678087786256444502441809163428843021392822265625,btc,6589.20458465,3.489006995e-05,0.049166157999995,14
0,[],17,[],2019-03-06 20:19:20,0.0,0,0,6862008,2019-03-06 20:19:20,btc,0.0,0.0,0,btc,0.0,0.0,0.0,14
1,[],26,[],2019-03-06 20:19:20,0.0,0.00000050,0.0000000000192719,6862009,2019-03-06 20:19:20,btc,0.0,0.0,0.00000050,btc,0.0,0.0,0.0,14
,[],12,[],2018-12-01 15:15:48,204241.84496,0.00000489,0.000000000202473384,5260204,2018-12-01 15:15:48,btc,49.5475654835,0.0,,btc,35763.2193806,0.0163153972027625,0.0203389899998,15
0,[],4,[],2019-03-06 20:19:21,0.0,0,0,6862010,2019-03-06 20:19:21,,0.0,0.0,0,,0.0,0.0,0.0,15
0,[],17,[],2019-03-06 19:19:32,0.0,0,0,6861638,2019-03-06 19:19:32,btc,0.0,0.0,0,btc,0.0,0.0,0.0,18
0,[],2,[],2019-01-20 23:23:38,0.0,0,0,6476906,2019-01-20 23:23:38,,0.0,0.0,0,,0.0,0.0,0.0,18
1,[],4,[],2019-03-06 20:19:23,24625.27783983,0.00001764,0.000000000679912632,6862011,2019-03-06 20:19:23,btc,1.3786036615722685,0.0,0.00001764,btc,11446.53392302,0.03111354,0.0592707072168698,18
1,[],10,[],2019-03-06 20:19:27,785488.13546269,0.00001728,0.0000000006660368640000001,6862012,2019-03-06 20:19:27,btc,15.38661186955356,1499.78784495,0.00001728,btc,13289.5582641,0.0,0.1664952651021149,18
1,[],12,[],2019-03-06 20:19:29,362120.85335439,0.00001400999999999999969424631374170786557442625053226947784423828125,0.000000000539998638,6862013,2019-03-06 20:19:29,btc,0.003072736145417,0.0,0.00001400999999999999969424631374170786557442625053226947784423828125,btc,168.38265461,0.0028215152158044,0.0207967450770481,18
0,[],2,[],2019-01-20 23:24:19,0.0,0,0,6476924,2019-01-20 23:24:19,,0.0,0.0,0,,0.0,0.0,0.0,19
1,[],3,[],2019-03-06 20:19:30,118544.61627169137,0.00001900000000000000104603825601401467793039046227931976318359375,0.0000000007323322000000001,6862014,2019-03-06 20:19:30,btc,0.5082967540055637,4842.48050044,0.00001900000000000000104603825601401467793039046227931976318359375,btc,8887.67868255862,0.0,0.034366315749730515,19
1,[],4,[],2019-03-06 20:19:32,309605.22720509,0.00001911,0.000000000736572018,6862015,2019-03-06 20:19:32,btc,3.4178711900062013,0.0,0.00001911,btc,125510.74383381,0.57271573,2.594759867092643,19
1,[],5,[],2019-03-06 20:19:33,0.0,0,0,6862016,2019-03-06 20:19:33,btc,0.0,0.00670047,0,btc,0.0,0.0,0.0,19
1,[],12,[],2019-03-06 20:19:34,168899.83526248,0.000011120000000000000259128656032725501745517249219119548797607421875,0.00000000042860705600000004,6862017,2019-03-06 20:19:34,btc,0.1285280392792738,0.0,0.000011120000000000000259128656032725501745517249219119548797607421875,btc,221.27457877,0.0,0.0200142599999486,19
0,[],27,[],2019-03-06 20:19:36,0.0,0,0,6862018,2019-03-06 20:19:36,,0.0,0.0,0,btc,0.0,0.0,0.0,19
1,[],4,[],2019-03-06 20:19:38,2770050.9819615,0.00000012,0.000000000004625256,6862019,2019-03-06 20:19:38,btc,7.379832289760813,0.0,0.00000012,btc,2857583.25385408,0.00107699,0.0767787845064953,20
0,[],17,[],2019-03-06 19:19:45,0.0,0,0,6861647,2019-03-06 19:19:45,btc,0.0,0.0,0,btc,0.0,0.0,0.0,21
1,[],4,[],2019-03-06 20:19:40,104044721.4240369,0.00000002,0.0000000000007708760000000001,6862020,2019-03-06 20:19:40,btc,1803.1968178724417,0.0,0.00000002,btc,55486694.38439335,0.0,1.1676348716013787,21
1,[],12,[],2019-03-06 20:19:41,1198724.0,0.00000001,0.00000000000038543800000000003,6862021,2019-03-06 20:19:41,btc,0.59575809003996,0.0,0.00000001,btc,1345236.001998,3.996004e-08,0.01198724,21
1,[],12,[],2019-03-06 20:19:43,2344269189.0,0.0000000001,0.00000000000000385438,6862022,2019-03-06 20:19:43,btc,5304.37063135874,0.0,0.0000000001,btc,1212179618.6986904,0.00230513577854365,0.2344269189,23
0,[],27,[],2019-03-06 20:19:45,0.0,0,0,6862023,2019-03-06 20:19:45,,13.506612999873411,0.0,0,eth,1987910.31314486,0.0,0.0,23
1,[],4,[],2019-03-06 20:21:46,578330.30201432,0.00000047,0.000000000018115586000000002,6862024,2019-03-06 20:21:46,btc,9.804454604744928,0.0,0.00000047,btc,1600810.06393038,0.0,0.1522818468640771,24
1,[],22,[],2019-03-06 20:21:50,11.76,0.00000100,0.0000000000385438,6862025,2019-03-06 20:21:50,BTC,7.415e-05,0.0,0.00000100,BTC,23.919354838709676,0.0,1.176e-05,24
0.0,[],25,[],2019-03-06 20:21:51,0.0,0,0,6862026,2019-03-06 20:21:51,,0.0,0.0,0.0,btc,0.0,0.0,0.0,24
0,[],2,[],2019-01-20 23:25:56,0.0,0,0,6476976,2019-01-20 23:25:56,,0.0,0.0,0,,0.0,0.0,0.0,26
1,[],4,[],2019-03-06 20:21:54,26584225.73982808,0.00000597,0.00000000023010648600000002,6862027,2019-03-06 20:21:54,btc,66.81458342055694,0.0,0.00000597,btc,239865.88891085,0.12298248,0.4749018373263895,26
1,[],10,[],2019-03-06 20:21:56,685519.81094845,0.00000605,0.00000000023318999,6862028,2019-03-06 20:21:56,btc,26.13081034507156,4420.59689981,0.00000605,btc,14754.6569521,0.0,0.2282456370192701,26
1,[],3,[],2019-03-06 20:21:57,10349566.88133568,0.00000001,0.00000000000038543800000000003,6862029,2019-03-06 20:21:57,btc,2.142920671138151,490.0,0.00000001,btc,16667731.21946317,0.0,0.1034956688133568,27
1,[],5,[],2019-03-06 20:21:58,0.0,0,0,6862030,2019-03-06 20:21:58,btc,0.0,9.598e-05,0,btc,0.0,0.0,0.0,27
1,[],11,[],2019-03-06 20:22:00,9461840.38103613,0.00000005,0.00000000000192719,6862031,2019-03-06 20:22:00,btc,67506.32843704063,170.63047893,0.00000005,btc,7972152.75036371,0.0,0.44099231334143857,27
1,[],4,[],2019-03-06 20:22:02,1236279221.968031,0.00000002,0.0000000000007708760000000001,6862032,2019-03-06 20:22:02,btc,2.8009609149603807,0.0,0.00000002,"btc,ltc",215351315.82634088,0.63016727,8.60410961063966,29
1,[],7,[],2019-03-06 20:22:04,36316371.09046388,0.00000002,0.0000000000007708760000000001,6862033,2019-03-06 20:22:04,btc,44462590.65723749,646303.4434,0.00000002,btc,45906156.35566037,0.0,0.3828508836542195,29
1,[],4,[],2019-03-06 20:22:05,2364815.65592457,0.00000024,0.000000000009250512,6862034,2019-03-06 20:22:05,btc,2.480861358410705,0.0,0.00000024,btc,1866753.09078417,0.00419127,0.1084435168556465,30
0,[],17,[],2019-03-06 20:22:07,0.0,0,0,6862035,2019-03-06 20:22:07,btc,0.0,0.0,0,btc,0.0,0.0,0.0,30
1,[],4,[],2019-03-06 20:22:08,204037.11872927,0.00006321,0.000000002436353598,6862036,2019-03-06 20:22:08,btc,9.086536298163415,0.0,0.00006321,btc,92368.08232505,0.75269792,3.3576060084235326,31
1,[],21,[],2019-03-06 20:22:09,66483.84303267,0.00006600000000000000506018837942,0.0000000025438908000000002,6862037,2019-03-06 20:22:09,btc,12.015376883923855,763036.61354446,0.00006600000000000000506018837942434629439958371222019195556640625,btc,153225.75544629,51.99770979,4.134528043934787,31
0,[],2,[],2019-01-20 23:28:43,0.0,0,0,6477009,2019-01-20 23:28:43,,0.0,0.0,0,,0.0,0.0,0.0,32
1,[],4,[],2019-03-06 20:22:11,451813658.6961014,0.00000004,0.0000000000015417520000000001,6862038,2019-03-06 20:22:11,btc,10.748685614382278,0.0,0.00000004,"btc,ltc",199163046.2047758,0.0447593,10.909229348520114,33
1,[],12,[],2019-03-06 20:22:12,19558782.63066667,0.00000003,0.000000000001156314,6862039,2019-03-06 20:22:12,btc,292.9945478081019,0.0,0.00000003,btc,9298520.39660334,0.0086687921878134,0.45600062892000004,33
1,[],4,[],2019-03-06 20:22:13,109153261.6460919,0.00000001,0.00000000000038543800000000003,6862040,2019-03-06 20:22:13,btc,3.6334037331912943,0.0,0.00000001,btc,102476573.7719167,0.08285891,1.091532616460919,34
1,[],5,[],2019-03-06 20:22:15,0.0,0,0,6862041,2019-03-06 20:22:15,btc,0.0,0.04957922,0,btc,0.0,0.0,0.0,34
0.00000000014237130000000002,[],4,[],2019-03-06 20:22:15,1767542775.8173335,1.4237130000000002e-18,5.48753091294e-23,6862042,2019-03-06 20:22:15,ltc,6.92593971858905e-08,0.0,0.00000001,ltc,7560442336.532033,0.0,2.5164736279872234e-09,36
1,[],5,[],2019-03-06 20:22:17,0.0,0,0,6862043,2019-03-06 20:22:17,btc,0.0,0.0,0,btc,0.0,0.0,0.0,36
0,[],17,[],2019-03-06 20:22:19,0.0,0,0,6862044,2019-03-06 20:22:19,btc,0.07464582821489457,0.0,0,btc,4105386.20243647,0.0,0.0,36
0.00000000035485280000000003,[],27,[],2019-03-06 20:22:22,11290000.0,3.548528e-18,1.367737535264e-22,6862045,2019-03-06 20:22:22,eth,222.6013767858684,0.0,0.00000001,"ltc,eth",11165403.32426039,0.0,2.3467039870000002e-11,36
1,[],4,[],2019-03-06 20:22:22,295366.22681513,0.00000058,0.000000000022355404,6862046,2019-03-06 20:22:22,btc,19772.482106287887,0.0,0.00000058,btc,562511.35440177,0.01778294,0.1290769650689238,37
1,[],12,[],2019-03-06 20:22:24,412039.78167263,0.00000056,0.000000000021584528,6862047,2019-03-06 20:22:24,btc,3.2701565845078826,0.0,0.00000056,btc,301530.70830927,0.0272622473290031,0.1133803887281079,37
1,[],27,[],2019-03-06 20:22:38,14685.567,0.00000045,0.00000000001734471,6862048,2019-03-06 20:22:38,btc,25.77745805411233,0.0,0.00000045,btc,6527.38138508,0.0,0.00480032515,37
1,[],17,[],2019-03-06 18:24:35,1752.74075282,0.00000025,0.0000000000096183,6861286,2019-03-06 18:24:35,btc,0.05548492399218034,0.0,0.00000025,btc,1387.19918473,0.0,0.00043818518820499993,37
1,[],5,[],2019-03-06 20:22:40,0.0,0,0,6862049,2019-03-06 20:22:40,btc,0.0,0.01645205,0,btc,0.0,0.0,0.0,42
1,[],12,[],2019-03-06 20:22:41,124357.38210253,0.00000110000000000000005610204141526242693771564518101513385772705078125,0.000000000042398180000000006,6862050,2019-03-06 20:22:41,btc,0.1741228657612631,0.0,0.00000110000000000000005610204141526242693771564518101513385772705078125,btc,11357.15748888,0.0126999820134084,0.0077183120000006,42
0.00000000035485280000000003,[],27,[],2019-03-06 20:22:44,22000.0,3.5485280000000004e-17,1.367737535264e-21,6862051,2019-03-06 20:22:44,eth,0.00315028,0.0,0.0000001,"btc,eth",11.007,0.0,7.168026560000001e-13,42
1,[],5,[],2019-03-06 20:24:44,0.0,0,0,6862052,2019-03-06 20:24:44,btc,0.0,0.0,0,btc,0.0,0.0,0.0,43
1,[],12,[],2019-03-06 20:24:45,455579.0,0.00000001,0.00000000000038543800000000003,6862053,2019-03-06 20:24:45,btc,0.57460791999001,0.0,0.00000001,btc,2733125.4995005,9.99000999e-06,0.00455579,43
0,[],17,[],2019-03-06 20:24:47,0.0,0,0,6862054,2019-03-06 20:24:47,btc,0.0,0.0,0,btc,0.0,0.0,0.0,43
1,[],12,[],2019-03-05 01:54:08,639326.02,0.00000004,0.000000000001486676,6845775,2019-03-05 01:54:08,btc,11116042.728239931,0.0,0.00000004,btc,1103841.4595604,0.0003330765234764,0.014975410599999999,44
1,[],4,[],2019-03-06 20:24:48,299392334.2752441,0.00000003,0.000000000001156314,6862055,2019-03-06 20:24:48,btc,473.66918307200893,0.0,0.00000003,"btc,ltc",12411631.53483079,0.03904739,0.32593621426076197,49
0.00000000014237130000000002,[],4,[],2019-03-06 20:24:51,238696611.20779,1.4237130000000002e-18,5.48753091294e-23,6862056,2019-03-06 20:24:51,ltc,25.80854541077625,0.0,0.00000001,ltc,9720361351.52634,0.00023846,3.398354684324763e-10,52
0.0000000001263191,[],22,[],2019-03-06 20:24:54,80845862.0,1.263191e-18,4.86881812658e-23,6862057,2019-03-06 20:24:54,XMR,4366.97466637,0.0,0.00000001,XMR,255820234.67882353,0.0,0.80845862,57
0.00000000035485280000000003,[],27,[],2019-03-06 20:24:57,2000.0,3.548528e-18,1.367737535264e-22,6862058,2019-03-06 20:24:57,eth,0.0,0.0,0.00000001,"btc,eth",0.0,0.0,7.097056e-15,57
0,[],17,[],2019-03-06 20:09:56,0.0,0,0,6861865,2019-03-06 20:09:56,btc,1e+24,0.0,0,btc,49226522.0897055,0.0,0.0,58
0.00000000014237130000000002,[],4,[],2019-03-06 20:24:58,609366680.1895965,4.2711390000000006e-18,1.646259273882e-22,6862059,2019-03-06 20:24:58,ltc,18.807188812827544,0.0,0.00000003,ltc,4596166651.173908,0.0,1.3308456026480304e-09,58
1,[],12,[],2019-03-06 20:24:59,450390210.8425,0.0000000004,0.00000000000001541752,6862060,2019-03-06 20:24:59,btc,2631.982150905895,0.0,0.0000000004,btc,530077243.99001,0.000719431372627365,0.138320021337,58
0.0000000001263191,[],22,[],2019-03-06 20:25:14,137438.0,1.263191e-18,4.86881812658e-23,6862061,2019-03-06 20:25:14,XMR,69.8835922,0.0,0.00000001,XMR,9887963.0,0.0,0.00137438,58
1,[],5,[],2019-03-06 20:25:16,0.0,0,0,6862062,2019-03-06 20:25:16,btc,0.0,0.01309388,0,btc,0.0,0.0,0.0,61
1,[],22,[],2019-03-06 20:25:19,13759.5,0.00000012,0.000000000004625256,6862063,2019-03-06 20:25:19,BTC,1002.2960049,0.0,0.00000012,BTC,14976.68361146909,0.0,0.00155017,61
1,[],26,[],2019-03-06 20:25:19,0.0,0.00000800,0.0000000003083504,6862064,2019-03-06 20:25:19,btc,0.0,0.0,0.00000800,btc,0.0,0.0,0.0,61
1,[],27,[],2019-03-06 20:25:22,4412.22008,0.00000047,0.000000000018115586000000002,6862065,2019-03-06 20:25:22,btc,2.898491041314132,2001.0,0.00000047,"btc,eth",19485.01257617,0.010005,0.001244229959584732,61
1,[],28,[],2019-03-06 20:25:24,13880.304,0.0000005,0.0000000000192719,6862066,2019-03-06 20:25:24,btc,2.056312978300105,736.0,0.0000005,btc,9730.59500005,0.0,0.00566391304,61
1,[],4,[],2019-03-06 20:25:25,1253944.84471245,0.00000263,0.000000000101370194,6862067,2019-03-06 20:25:25,btc,9.2257363834924,0.0,0.00000263,btc,769513.1200759,0.39008805,0.9163987759476833,67
0.0,[],25,[],2019-03-06 20:25:26,0.0,0,0,6862068,2019-03-06 20:25:26,,0.0,0.0,0.0,btc,0.0,0.0,0.0,67
1,[],12,[],2019-03-06 20:25:27,192257.56752996,0.00000029,0.000000000011177702,6862069,2019-03-06 20:25:27,btc,1.9228417654538004,0.0,0.00000029,btc,635322.41850741,0.0160599804790535,0.0368734977137344,71
,[],5,[],2018-11-20 23:02:39,1.5e-07,0.00000005,0.000000000002128045,4862160,2018-11-20 23:02:39,btc,2.84511358,0.0,,btc,0.00036572,0.0,0.07381892,74
1,[],5,[],2019-03-06 20:25:29,0.0,0,0,6862070,2019-03-06 20:25:29,btc,0.0,0.0,0,btc,0.0,0.0,0.0,75
0,[],20,[],2019-01-25 09:30:31,0.0,0,0,6495923,2019-01-25 09:30:31,btc,0.0,0.0,0,btc,0.0,0.0,0.0,81
1,[],4,[],2019-03-06 20:25:31,13147768.81424166,0.00000001,0.00000000000038543800000000003,6862071,2019-03-06 20:25:31,btc,11388.985544584346,0.0,0.00000001,btc,40019471.49932191,0.0,0.1314776881424166,81
1,[],4,[],2019-03-06 20:25:33,27713.9130372,0.00007930,0.00000000305652334,6862072,2019-03-06 20:25:33,btc,18.10901488435937,0.0,0.00007930,btc,12210.08218722,0.01538265,0.1278426220352842,82
1,[],21,[],2019-03-06 20:25:34,762227.14423905,0.00007357999999999999686094848128,0.000000002836052804,6862073,2019-03-06 20:25:34,btc,2.4581529078683655,2351.98596219,0.000073579999999999996860948481280928490377846173942089080810546875,btc,28367.82406264,0.17664034,2.6708328604998886,82
0,[],17,[],2019-03-06 20:25:45,0.0,0,0,6862074,2019-03-06 20:25:45,btc,0.0447233088476774,0.0,0,btc,999127.19588126,0.0,0.0,84
0.00000000014237130000000002,[],4,[],2019-03-06 20:25:48,117354661.02290782,4.2711390000000006e-18,1.646259273882e-22,6862075,2019-03-06 20:25:48,ltc,1.749364716232115,0.0,0.00000003,ltc,413273910.8443816,0.0,2.4164523816854766e-10,85
,[],22,[],2018-11-20 23:09:34,3408.1,0.0000001,0.0000000000041895,4862324,2018-11-20 23:09:34,BTC,0.04624735,0.0,,BTC,4990.0,0.0,0.00033081,86
0,[],22,[],2019-02-22 12:52:35,0.0,0,0,6758847,2019-02-22 12:52:35,,2.0760781,0.0,0,,140622.94736842104,0.0,0.0,87
0,[],27,[],2019-02-22 12:52:37,0.0,0,0,6758848,2019-02-22 12:52:37,,0.0,0.0,0,btc,0.0,0.0,0.0,87
,[],2,[],2018-11-20 23:10:47,0.0,0,0,4862359,2018-11-20 23:10:47,,0.0,0.0,,,0.0,0.0,0.0,88
1,[],11,[],2019-03-06 20:25:50,95327.46341989,0.000150010000000000008786582572639645150047726929187774658203125,0.000000005781955438000001,6862076,2019-03-06 20:25:50,btc,607.9443062523578,4198.95408754,0.000150010000000000008786582572639645150047726929187774658203125,btc,93040.28936793,0.0,6.604462883549784,89
0,[],2,[],2019-01-20 23:31:45,0.0,0,0,6477083,2019-01-20 23:31:45,,0.0,0.0,0,,0.0,0.0,0.0,91
1,[],12,[],2019-03-06 20:25:52,185113.21849042,0.00000068,0.000000000026209784,6862077,2019-03-06 20:25:52,btc,20.697218995479705,0.0,0.00000068,btc,10353.12171978,0.0169307083647838,0.0311243399999657,91
0,[],17,[],2019-03-06 20:25:54,0.0,0,0,6862078,2019-03-06 20:25:54,btc,0.0,0.0,0,btc,0.0,0.0,0.0,91
1,[],22,[],2019-03-06 20:25:57,65900.0,0.00000001,0.00000000000038543800000000003,6862079,2019-03-06 20:25:57,BTC,3e-06,0.0,0.00000001,BTC,1.0,0.0,0.000659,91
0.00000000014237130000000002,[],22,[],2019-03-06 20:26:04,1580418.0,7.118565e-18,2.74376545647e-22,6862080,2019-03-06 20:26:04,LTC,8.53121199,0.0,0.00000005,LTC,71989912.1,0.0,0.0790209,95
0.00000000014237130000000002,[],4,[],2019-03-06 20:26:05,641069653.0047666,9.2541345e-17,3.566895093411e-21,6862081,2019-03-06 20:26:05,ltc,11.88628576077285,0.0,0.00000065,ltc,135482317.9791913,0.0,1.7077564173578907e-09,96
1,[],12,[],2019-03-06 20:26:06,9471.0,0.00000001,0.00000000000038543800000000003,6862082,2019-03-06 20:26:06,btc,0.630704,0.0,0.00000001,btc,1900713.0,0.001106,9.471e-05,96
0,[],17,[],2019-03-06 20:11:11,0.0,0,0,6861887,2019-03-06 20:11:11,btc,0.0,0.0,0,btc,0.0,0.0,0.0,96
1,[],4,[],2019-03-06 20:26:09,1429068.02620388,0.00000023,0.000000000008865074,6862083,2019-03-06 20:26:09,btc,2.636952999054606,0.0,0.00000023,btc,2566394.52009809,0.0129295,0.0945223619868489,99
1,[],4,[],2019-03-06 20:26:10,321779.54453036,0.00003882,0.000000001496270316,6862084,2019-03-06 20:26:10,btc,11.17133604086018,0.0,0.00003882,btc,158120.84077652,1.62479297,1.8581248905662302,100
0,[],2,[],2019-01-20 23:23:55,0.0,0,0,6476914,2019-01-20 23:23:55,,0.0,0.0,0,,0.0,0.0,0.0,100
1,[],22,[],2019-03-06 20:26:14,50000.0,0.00000001,0.00000000000038543800000000003,6862085,2019-03-06 20:26:14,BTC,23.49896609,0.0,0.00000001,BTC,10277.22,0.0,0.0005,101
1,[],4,[],2019-03-06 20:26:16,429392.78596584,0.00000086,0.000000000033147668,6862086,2019-03-06 20:26:16,btc,308.0240248183137,0.0,0.00000086,btc,481026.40116703,0.03589188,0.209068269936058,103
1,[],12,[],2019-03-06 20:26:19,18970698.887000002,0.000000009,0.0000000000003468942,6862087,2019-03-06 20:26:19,btc,14.380281750136863,0.0,0.000000009,btc,29465287.92207793,0.0051168307861079,0.105949568983,105
1,[],27,[],2019-03-06 20:26:21,115397.89,0.00000001,0.00000000000038543800000000003,6862088,2019-03-06 20:26:21,btc,36.59791032491341,0.0,0.00000001,btc,1051440.73571724,0.0,0.0011539789,105
1,[],22,[],2019-03-06 20:26:25,9328.0,0.00000001,0.00000000000038543800000000003,6862089,2019-03-06 20:26:25,BTC,51.10837004,0.0,0.00000001,BTC,470435.0,0.0,9.328e-05,107
1,[],26,[],2019-03-06 20:26:25,0.0,0.00000000,0,6862090,2019-03-06 20:26:25,btc,0.0,0.0,0.00000000,btc,0.0,0.0,0.0,107
1,[],5,[],2019-03-06 20:26:27,0.0,0,0,6862091,2019-03-06 20:26:27,btc,0.0,0.00045893,0,btc,0.0,0.0,0.0,112
1,[],22,[],2019-03-06 20:26:32,1966.0,0.00000001,0.00000000000038543800000000003,6862092,2019-03-06 20:26:32,BTC,2.78279272,0.0,0.00000001,BTC,828524.0833333334,0.0,1.966e-05,112
0.00000000035485280000000003,[],27,[],2019-03-06 20:26:34,2000.0,3.548528e-18,1.367737535264e-22,6862093,2019-03-06 20:26:34,eth,1.24892491849924,0.0,0.00000001,"btc,eth",1288.641654,0.0,7.097056e-15,112
1,[],4,[],2019-03-06 20:26:35,1318458.14506455,0.00000200,0.0000000000770876,6862094,2019-03-06 20:26:35,btc,4.7275713152877605,0.0,0.00000200,btc,342708.30797249,0.04180255,1.0435665484494359,113
1,[],5,[],2019-03-06 20:26:37,0.0,0,0,6862095,2019-03-06 20:26:37,btc,0.0,2.5e-07,0,btc,0.0,0.0,0.0,113
0,[],27,[],2019-03-06 20:26:50,0.0,0,0,6862096,2019-03-06 20:26:50,,0.0,0.0,0,btc,0.0,0.0,0.0,116
1,[],17,[],2019-03-06 18:10:32,152738.278,0.00000004,0.0000000000015429600000000001,6860961,2019-03-06 18:10:32,btc,1.33680302678,0.0,0.00000004,btc,50696.221,0.0,0.0022095311199999998,116
1,[],4,[],2019-03-06 20:26:52,64161.67127504,0.00002389,0.0000000009208113820000001,6862097,2019-03-06 20:26:52,btc,28.17418811630869,0.0,0.00002389,btc,97926.90106652,0.1667754,0.8684047105777645,120
1,[],7,[],2019-03-06 20:26:53,21447.27021693,0.0000212500000000000015265566588595902430824935436248779296875,0.0000000008190557500000001,6862098,2019-03-06 20:26:53,btc,115646.94528398775,10.19183207,0.0000212500000000000015265566588595902430824935436248779296875,btc,36704.21881556,0.00028585,0.0540048060108892,120
1,[],20,[],2019-03-06 20:26:56,3003934.3805,0.000000035,0.000000000001349033,6862099,2019-03-06 20:26:56,btc,33.6157428614428,5554.25,0.000000035,btc,1009912.7699,0.00019439875,0.0406958634044,125
1,[],22,[],2019-03-06 20:27:18,3053.0,0.00000001,0.00000000000038543800000000003,6862100,2019-03-06 20:27:18,BTC,0.01444887,0.0,0.00000001,BTC,296263.5111111111,0.0,3.053e-05,126
1,[],4,[],2019-03-06 20:27:19,149306.72348905,0.00001447,0.000000000557728786,6862101,2019-03-06 20:27:19,btc,7.5516372286991995,0.0,0.00001447,btc,129228.05098213,0.24869618,0.6974536239207795,131
0,[],17,[],2019-03-06 20:27:20,0.0,0,0,6862102,2019-03-06 20:27:20,btc,0.0009561751951600001,0.0,0,btc,35.42829368,0.0,0.0,131
0,[],2,[],2019-01-20 23:25:46,0.0,0,0,6476969,2019-01-20 23:25:46,,0.0,0.0,0,,0.0,0.0,0.0,131
1,[],4,[],2019-03-06 20:27:21,4555.7892029,0.00016000,0.000000006167008,6862103,2019-03-06 20:27:21,btc,1.6203770710168734,0.0,0.00016000,btc,241.25503526,0.00022072,0.0081656353126054,135
1,[],3,[],2019-03-06 20:11:55,877702.73244099,0.00000004,0.0000000000015419000000000001,6861909,2019-03-06 20:11:55,btc,0.123366241821405,171798.723327,0.00000004,btc,800637.9942122201,0.0,0.023771231960604298,136
1,[],4,[],2019-03-06 20:27:23,313978.13709999,0.00000168,0.000000000064753584,6862104,2019-03-06 20:27:23,btc,38.249997031065476,0.0,0.00000168,btc,521363.52095265,0.03677183,0.092020004900508,137
1,[],12,[],2019-03-06 20:27:24,228477.36627555,0.000001709999999999999933207183062944256590753866476006805896759033203125,0.000000000065909898,6862105,2019-03-06 20:27:24,btc,4.05582406610486,0.0,0.000001709999999999999933207183062944256590753866476006805896759033203125,btc,2018.51630562,0.0007675849866992,0.08883766454774161,137
1,[],4,[],2019-03-06 20:27:25,11152.55454228,0.00004330,0.00000000166894654,6862106,2019-03-06 20:27:25,btc,28.215572844997215,0.0,0.00004330,btc,41986.04360614,0.26068017,0.2536443887818047,142
1,[],5,[],2019-03-06 20:27:28,0.0,0,0,6862107,2019-03-06 20:27:28,btc,0.0,0.1912343,0,btc,0.0,0.0,0.0,142
1,[],17,[],2019-03-06 20:27:29,22967.386363640002,0.00000088,0.000000000033918544000000004,6862108,2019-03-06 20:27:29,btc,20.0699133484,0.0,0.00000088,btc,405.079105,0.0,0.0104613000000032,142
1,[],20,[],2019-03-06 20:27:31,132878.0215,0.00004165,0.00000000160534927,6862109,2019-03-06 20:27:31,btc,0.2851895504742,3247.5602,0.00004165,btc,1097.7116,0.1567236649382,0.2302286223499,142
1,[],22,[],2019-03-06 20:27:34,1470.8988921568628,0.00004000,0.000000001541752,6862110,2019-03-06 20:27:34,BTC,3.00385504,0.0,0.00004000,BTC,891.218,0.0,0.0012358,142
0.0,[],25,[],2019-03-06 20:27:36,0.0,0,0,6862111,2019-03-06 20:27:36,,0.0,0.0,0.0,btc,0.0,0.0,0.0,142
1,[],28,[],2019-03-06 20:27:37,76124.0,0.00000820,0.00000000031605916,6862112,2019-03-06 20:27:37,btc,0.067100461059305,1996.0,0.00000820,btc,552.61077999,0.0,0.004304,142
0,[],22,[],2019-03-06 20:27:40,0.0,0,0,6862113,2019-03-06 20:27:40,,62.13631169,0.0,0,,837691921.3,0.0,0.0,143
0,[],22,[],2019-02-25 15:42:22,0.0,0,0,6783783,2019-02-25 15:42:22,,4.2131946,0.0,0,,2322156.0,0.0,0.0,146
,[],22,[],2018-11-20 23:01:11,0.0,0,0,4862114,2018-11-20 23:01:11,,2.56807021,0.0,,,61828.4988236,0.0,0.0,147
1,[],12,[],2019-03-06 20:12:22,287642.55117544,0.000001480000000000000017730500227741696761540879379026591777801513671875,0.000000000057050300000000005,6861918,2019-03-06 20:12:22,btc,0.0466701733810409,0.0,0.000001480000000000000017730500227741696761540879379026591777801513671875,btc,5740.52867981,0.0139370688724232,0.0194276379999401,148
1,[],4,[],2019-03-06 20:27:41,270792.84371203,0.00000029,0.000000000011177702,6862114,2019-03-06 20:27:41,btc,219.99867057106937,0.0,0.00000029,btc,840456.57195852,0.0,0.065195223645257,152
0,[],22,[],2019-03-06 20:27:44,0.0,0,0,6862115,2019-03-06 20:27:44,,0.0,0.0,0,,0.0,0.0,0.0,152
1,[],5,[],2019-03-06 20:27:46,0.0,0,0,6862116,2019-03-06 20:27:46,btc,0.0,0.0,0,btc,0.0,0.0,0.0,153
,[],16,[],2019-01-11 15:38:59,0.0,0,0,6366141,2019-01-11 15:38:59,btc,0.0,0.0,,btc,0.0,0.0,0.0,155
0,[],22,[],2019-03-06 20:27:52,0.0,0,0,6862117,2019-03-06 20:27:52,,6.7463875,0.0,0,,4674391.242592593,0.0,0.0,156
0,[],23,[],2019-01-20 23:24:29,0.0,0,0,6476932,2019-01-20 23:24:29,,0.0,0.0,0,,0.0,0.0,0.0,156
1,[],22,[],2019-03-06 20:27:57,7073.8,0.00005300,0.0000000020428214000000002,6862118,2019-03-06 20:27:57,BTC,1.80343699,0.0,0.00005300,BTC,899.6422341958436,0.0,0.00104336,157
0,[],22,[],2019-03-06 20:27:59,0.0,0,0,6862119,2019-03-06 20:27:59,,50175.67608608,0.0,0,,54079135.04179466,0.0,0.0,158
,[],17,[],2018-11-20 22:56:10,0.0,0,0,4861976,2018-11-20 22:56:10,btc,1.1265625,0.0,,btc,1000.0,0.0,0.0,159
,[],20,[],2018-11-20 22:56:12,0.0,0,0,4861977,2018-11-20 22:56:12,btc,11912.7940471,0.0,,btc,34413894.3617,0.0,0.0,159
1,[],12,[],2019-03-06 20:28:01,107314.43864694,0.00000672000000000000003472049037167579399465466849505901336669921875,0.000000000259014336,6862120,2019-03-06 20:28:01,btc,0.0043097098169951,0.0,0.00000672000000000000003472049037167579399465466849505901336669921875,btc,354.7477954,0.0022982435646101,0.0121291651599349,168
1,[],17,[],2019-03-06 20:28:02,29784.95,0.000001,0.0000000000385438,6862121,2019-03-06 20:28:02,btc,0.03026736251542,0.0,0.000001,btc,144.46171372,0.0,0.00716147,168
0,[],22,[],2019-03-06 20:28:05,0.0,0,0,6862122,2019-03-06 20:28:05,,1.1339604,0.0,0,,520283.17470714403,0.0,0.0,169
1,[],22,[],2019-03-06 20:28:09,203585.5,0.00000002,0.0000000000007708760000000001,6862123,2019-03-06 20:28:09,BTC,13.25047831,0.0,0.00000002,BTC,146317.2939341018,2.9e-07,0.00207171,171
1,[],22,[],2019-03-06 20:28:17,1225924.3076923077,0.00000013,0.000000000005010694000000001,6862124,2019-03-06 20:28:17,BTC,2.81240537,0.0,0.00000013,"BTC,LTC",278386.88605610904,7.732e-05,0.03115996,173
1,[],5,[],2019-03-05 01:59:40,0.0,0,0,6845846,2019-03-05 01:59:40,btc,0.0,0.00384852,0,btc,0.0,0.0,0.0,175
1,[],22,[],2019-03-06 20:28:21,36500.0,0.00000021,0.000000000008094198,6862125,2019-03-06 20:28:21,BTC,0.54826403,0.0,0.00000021,BTC,138776.41384013777,0.0,0.00227,176
1,[],7,[],2019-03-06 20:28:23,0.0,0,0,6862126,2019-03-06 20:28:23,btc,410918.8425310273,2153.84615384,0,btc,117732479.9975507,2.154e-05,0.0,178
0,[],22,[],2019-03-06 20:28:26,0.0,0,0,6862127,2019-03-06 20:28:26,,1.00242438,0.0,0,,57522.0,0.0,0.0,178
0,[],2,[],2019-01-20 23:28:34,0.0,0,0,6477001,2019-01-20 23:28:34,,0.0,0.0,0,,0.0,0.0,0.0,178
1,[],5,[],2019-03-06 20:28:29,0.0,0,0,6862128,2019-03-06 20:28:29,btc,0.0,0.0092054,0,btc,0.0,0.0,0.0,179
1,[],22,[],2019-03-06 20:28:33,6947902.0,0.00000002,0.0000000000007708760000000001,6862129,2019-03-06 20:28:33,BTC,5.67356573,0.0,0.00000002,"BTC,LTC",18498890.756535422,2.556e-05,0.37389876,179
0,[],23,[],2019-01-20 23:25:08,0.0,0,0,6476952,2019-01-20 23:25:08,,0.0,0.0,0,,0.0,0.0,0.0,179
1,[],22,[],2019-03-06 20:28:49,149605.4,0.00000105,0.00000000004047099,6862130,2019-03-06 20:28:49,BTC,0.2550108,0.0,0.00000105,"BTC,LTC",87995.24002835188,0.0008125,0.01285544,180
1,[],26,[],2019-03-06 20:28:49,0.0,0.00000125,0.00000000004817975,6862131,2019-03-06 20:28:49,btc,0.0,200.0,0.00000125,btc,0.0,0.0,0.0,180
1,[],17,[],2019-03-06 20:13:29,10504.725,0.0000001,0.0000000000038547499999999995,6861934,2019-03-06 20:13:29,btc,5.2010695838170005,0.0,0.0000001,btc,4994.45945,0.0,0.0010504725,180
,[],7,[],2018-11-20 22:58:01,562227.975654,0.00000085,0.000000000036176765,4862015,2018-11-20 22:58:01,btc,21836.6059674,2491.87645172,,btc,749999.041456,0.00211021,0.127565380455,183
,[],5,[],2019-01-10 08:11:41,0.0,0,0,6347036,2019-01-10 08:11:41,btc,82.15055501,0.00261,,btc,1.19002445,0.0,0.0,187
1,[],24,[],2019-03-06 20:28:50,0.0,0.000000000001,3.85438e-17,6862132,2019-03-06 20:28:50,btc,0.0,0.0,0.000000000001,btc,0.0,0.0,0.0,187
,[],17,[],2018-11-16 20:58:10,4062536.27273,0.00000001,0.000000000000550501,4708775,2018-11-16 20:58:10,btc,3.36492563466,0.195460381006,,"btc,eth",110697919.549,0.0,0.0157628953496,187
0,[],22,[],2019-03-06 20:29:03,0.0,0,0,6862133,2019-03-06 20:29:03,,7.42841024,0.0,0,,79361.7243078683,0.0,0.0,191
0,[],22,[],2019-03-06 20:29:08,0.0,0,0,6862134,2019-03-06 20:29:08,,0.0,0.0,0,,0.0,0.0,0.0,197
0,[],23,[],2019-01-20 23:31:41,0.0,0,0,6477079,2019-01-20 23:31:41,,0.0,0.0,0,,0.0,0.0,0.0,199
0,[],22,[],2019-03-06 20:29:11,0.0,0,0,6862135,2019-03-06 20:29:11,,5.19077622,0.0,0,,21058553.0,0.0,0.0,199
1,[],26,[],2019-03-06 20:29:11,0.0,0.00000000,0,6862136,2019-03-06 20:29:11,btc,0.0,131145.0,0.00000000,btc,0.0,0.0,0.0,199
0,[],17,[],2019-01-30 16:32:01,0.0,0,0,6540827,2019-01-30 16:32:01,btc,6.802544163788159,0.0,0,btc,105897.55575295,0.0,0.0,200
0,[],2,[],2019-01-20 23:30:49,0.0,0,0,6477059,2019-01-20 23:30:49,,0.0,0.0,0,,0.0,0.0,0.0,201
1,[],4,[],2019-01-25 15:51:35,2084389.58565343,0.00000936,0.000000000333526752,6499557,2019-01-25 15:51:35,btc,2.0092503037378524,0.0,0.00000936,btc,160195.80207885,0.19272417,1.242687955921835,211
1,[],7,[],2019-03-06 20:29:14,2349221.78799496,0.000001219999999999999965968520108938744073157067759893834590911865234375,0.000000000047023436,6862137,2019-03-06 20:29:14,btc,15476653.648639664,556704.057905,0.000001219999999999999965968520108938744073157067759893834590911865234375,btc,13141254.23977557,0.0,1.8847782420652275,212
1,[],5,[],2019-03-06 20:29:17,0.0,0,0,6862138,2019-03-06 20:29:17,btc,0.0,0.32394052,0,btc,0.0,0.0,0.0,213
1,[],24,[],2019-03-06 20:29:17,0.0,0.000000120000,0.000000000004625256,6862139,2019-03-06 20:29:17,btc,0.0,0.0,0.000000120000,btc,0.0,0.0,0.0,213
1,[],26,[],2019-03-06 20:29:17,0.0,0.00000010,0.00000000000385438,6862140,2019-03-06 20:29:17,btc,0.0,0.0,0.00000010,btc,0.0,0.0,0.0,213
1,[],12,[],2019-01-25 02:44:32,207462.42853209,0.000001080000000000000035831255497387193287295303889550268650054931640625,0.000000000038610756000000006,6493050,2019-01-25 02:44:32,btc,85023.03793723314,0.0,0.000001080000000000000035831255497387193287295303889550268650054931640625,btc,43675.73520027,0.000146250909087,0.0348620860622024,213
1,[],22,[],2019-03-06 20:29:21,45999.0,0.00000003,0.000000000001156314,6862141,2019-03-06 20:29:21,BTC,2.23624342,0.0,0.00000003,BTC,708045.3963726171,0.0,0.00079827,216
1,[],27,[],2019-03-06 20:29:24,1304297.0,0.00000004,0.0000000000015417520000000001,6862142,2019-03-06 20:29:24,btc,318.0718494147724,12000.0,0.00000004,"btc,ltc",240763.990324,0.0012,0.03399984000025627,216
1,[],22,[],2019-03-06 20:29:28,193618.52409638555,0.00000183,0.000000000070535154,6862143,2019-03-06 20:29:28,BTC,12673.38307765,0.0,0.00000183,BTC,380844.8847564608,0.04222346,0.23567675,217
1,[],7,[],2019-03-06 20:29:29,0.0,0,0,6862144,2019-03-06 20:29:29,btc,77969.66166622133,0.0,0,btc,136268679.67428493,0.0,0.0,219
0,[],27,[],2019-03-06 20:29:31,0.0,0,0,6862145,2019-03-06 20:29:31,,0.03997288,0.0,0,btc,2007233.0,0.0,0.0,219
0.0000000000000051,[],28,[],2019-03-06 20:29:33,168861539.41,5.610051e-18,2.162326837338e-22,6862146,2019-03-06 20:29:33,doge,84213.6333059275,158295.668,0.00110001,"btc,doge",3563815.34751,0.0,1.5837245892841266e-11,219
1,[],22,[],2019-03-06 20:29:36,380439.0,0.00000005,0.00000000000192719,6862147,2019-03-06 20:29:36,BTC,2.78506839,0.0,0.00000005,BTC,82701.27041875875,0.0,0.01539161,221
1,[],24,[],2019-03-06 20:29:36,0.0,0.000000200000,0.00000000000770876,6862148,2019-03-06 20:29:36,btc,0.0,0.0,0.000000200000,btc,0.0,0.0,0.0,221
1,[],20,[],2019-03-06 20:29:38,39105329.5253,0.000000001,0.0000000000000385438,6862149,2019-03-06 20:29:38,btc,48.4416536687255,172770.0,0.000000001,btc,15934115.0042,0.00034554,0.0391053295253,224
0,[],22,[],2019-03-06 20:29:41,0.0,0,0,6862150,2019-03-06 20:29:41,,0.0,0.0,0,,0.0,0.0,0.0,224
1,[],26,[],2019-03-06 20:29:42,0.0,0.00000035,0.00000000001349033,6862151,2019-03-06 20:29:42,btc,0.0,0.0,0.00000035,btc,0.0,0.0,0.0,231
1,[],26,[],2019-03-06 20:29:42,0.0,0.00000005,0.00000000000192719,6862152,2019-03-06 20:29:42,btc,0.0,0.0,0.00000005,btc,0.0,0.0,0.0,234
0.00000000035485280000000003,[],27,[],2019-03-06 20:29:45,2000.0,3.548528e-18,1.367737535264e-22,6862153,2019-03-06 20:29:45,eth,0.01134836604,0.0,0.00000001,"btc,eth",11462.996,0.0,7.097056e-15,234
1,[],4,[],2019-03-06 20:29:47,802372.4432885,0.00000072,0.000000000027751536000000002,6862154,2019-03-06 20:29:47,btc,4.746406732133018,0.0,0.00000072,btc,1276837.35227406,0.01465273,0.2121812231292931,236
1,[],24,[],2019-03-06 20:29:47,0.0,0.000000300000,0.00000000001156314,6862155,2019-03-06 20:29:47,btc,0.0,0.0,0.000000300000,btc,0.0,0.0,0.0,236
1,[],20,[],2019-03-06 20:29:49,166491767.9881,0.00000006,0.000000000002312628,6862156,2019-03-06 20:29:49,btc,13.7850162164335,24276061.8727,0.00000006,btc,41273060.264,1.5823188402553,0.5133628283181,237
0.00000000014237130000000002,[],22,[],2019-03-06 20:29:53,751594.9,2.4203121e-17,9.328802551998002e-22,6862157,2019-03-06 20:29:53,LTC,0.0405823,0.0,0.00000017,LTC,3164.0,0.0,0.12541949,237
1,[],4,[],2019-03-06 20:29:54,8301806.02271482,0.00000035,0.00000000001349033,6862158,2019-03-06 20:29:54,btc,8.879591876519429,0.0,0.00000035,btc,10423355.81768123,1.70728762,2.0362287570759663,238
1,[],5,[],2019-03-06 20:29:56,0.0,0,0,6862159,2019-03-06 20:29:56,btc,0.0,0.02892484,0,btc,0.0,0.0,0.0,238
0,[],22,[],2019-03-06 06:43:11,0.0,0,0,6856376,2019-03-06 06:43:11,,0.41338918,0.0,0,,316326.5639027493,0.0,0.0,249
0.00000000014237130000000002,[],22,[],2019-03-06 20:29:59,82163180.66666667,7.118565e-18,2.74376545647e-22,6862160,2019-03-06 20:29:59,LTC,1.57875566,0.0,0.00000005,LTC,23806938.09,0.0,2.70466333,252
1,[],28,[],2019-03-06 20:30:07,2993680.314,0.00000037,0.000000000014261206000000001,6862161,2019-03-06 20:30:07,btc,164733.05389792018,54704.7,0.00000037,btc,2769729.43877059,0.0,0.49587162972,256
1,[],22,[],2019-03-06 20:30:12,1060561.0,0.00000003,0.000000000001156314,6862162,2019-03-06 20:30:12,BTC,31.48066378,0.0,0.00000003,BTC,699281.3457866946,0.00021623,0.01074975,258
1,[],22,[],2019-03-06 20:30:37,48751.0,0.00000001,0.00000000000038543800000000003,6862163,2019-03-06 20:30:37,BTC,2.4175745,0.0,0.00000001,BTC,1762.0,0.0,0.00048751,259
1,[],5,[],2019-03-06 20:30:39,0.0,0,0,6862164,2019-03-06 20:30:39,btc,0.0,0.09153068,0,btc,0.0,0.0,0.0,264
1,[],20,[],2019-03-06 20:30:41,1254438.1419,0.00000191,0.000000000073618658,6862165,2019-03-06 20:30:41,btc,7.4972309750486,36241.0058,0.00000191,btc,112597.6263,0.083933363017,0.0186922856706,264
0,[],22,[],2019-03-06 20:30:45,0.0,0,0,6862166,2019-03-06 20:30:45,,8.45820143,0.0,0,,451287.34411321935,0.0,0.0,271
0,[],22,[],2019-03-06 20:30:48,0.0,0,0,6862167,2019-03-06 20:30:48,,266.25196314,0.0,0,,13937792677.692,0.0,0.0,272
0.0000000000000051,[],28,[],2019-03-06 20:30:53,250481201307.905,4.845e-21,1.8674471100000001e-25,6862168,2019-03-06 20:30:53,doge,152021099.07324085,23632391304.0,0.00000095,doge,196402342440.8003,0.0,7.453021009729065e-10,272
1,[],22,[],2019-03-06 20:31:20,238619.74,0.00000100,0.0000000000385438,6862169,2019-03-06 20:31:20,BTC,74.48662049,0.0,0.00000100,"BTC,LTC",46113.48778575859,0.07689464,0.07159362,281
1,[],22,[],2019-03-06 20:31:25,257562.86842105264,0.00000019,0.000000000007323322,6862170,2019-03-06 20:31:25,BTC,1.15772804,0.0,0.00000019,BTC,96638.97522694696,0.00935568,0.02511429,286
0,[],22,[],2019-03-06 20:31:28,0.0,0,0,6862171,2019-03-06 20:31:28,,43641.21062909,0.0,0,,846557752.0,0.0,0.0,294
