pairValue,buyBook,exchangeId,sellBook,updated,buyTotal,satoshiPrice,usdPrice,exchangeLogId,created,bestPair,sellTotalBtc,volume,pairPrice,activePairs,sellTotal,volumeBtc,buyTotalBtc,coinId
1,[],3,[],2019-02-19 10:24:20,30558.579185885086,0.0131471899999999995711785771845825365744531154632568359375,0.0000005101398958179999,6719000,2019-02-19 10:24:20,btc,107.09369058728267,0.005,0.0131471899999999995711785771845825365744531154632568359375,btc,23.433864906307,0.0,0.3042338465958696,1
1,[],4,[],2019-02-19 10:24:21,87.37862675,0.01330001,0.000000516069648022,6719001,2019-02-19 10:24:21,btc,0.7364754553089579,0.0,0.01330001,btc,50.80219848,1.30966248,1.0816006250942296,1
1,[],5,[],2019-02-19 10:24:22,0.0,0,0,6719002,2019-02-19 10:24:22,btc,0.0,0.19945814,0,btc,0.0,0.0,0.0,1
1,[],10,[],2019-02-19 10:24:25,414160.31932416,0.01190401,0.00000046190177682199996,6719003,2019-02-19 10:24:25,btc,6520.764631400856,1475.81879645,0.01190401,btc,895.42644328,0.0,4.7373899796766805,1
1,[],12,[],2019-02-19 10:24:27,10449.50453185,0.01310000000000000053290705182007513940334320068359375,0.00000050830882,6719004,2019-02-19 10:24:27,btc,0.342487184536,0.0,0.01310000000000000053290705182007513940334320068359375,btc,18.98689528,0.2330339800554,0.5187431160172,1
1,[],20,[],2019-02-19 10:24:29,1151.1263,0.010500214,0.0000004074314036708,6719005,2019-02-19 10:24:29,btc,0.0588401269655,0.0098,0.010500214,btc,2.6354,0.0001029020776,0.0961852616737,1
1,[],21,[],2019-02-19 10:24:30,2364.1351110699998,0.01312264999999999959268137673,0.00000050918768983,6719006,2019-02-19 10:24:30,btc,25.92449518267313,3427.94402835,0.01312264999999999959268137672552256844937801361083984375,"btc,eth",2438.20893316,38.36075313638172,23.68766306826502,1
1,[],22,[],2019-02-19 10:16:25,0.0163776,0.01300000,0.0000005062083,6718805,2019-02-19 10:16:25,BTC,0.31407927,0.0,0.01300000,BTC,0.10751954901960785,0.0,0.00020972,1
1,[],24,[],2019-02-19 10:16:26,0.0,0.000000000000,0,6718806,2019-02-19 10:16:26,btc,0.0,0.0,0.000000000000,btc,0.0,0.0,0.0,1
0.0,[],25,[],2019-02-19 10:16:26,0.0,0,0,6718807,2019-02-19 10:16:26,btc,26.113199997886955,672.94923468,0.0,btc,1933.72886364,8.9343,0.0,1
1,[],26,[],2019-02-19 10:16:36,0.0,0,0,6718808,2019-02-19 10:16:36,,0.0,0.0,0,,0.0,0.0,0.0,1
1,[],28,[],2019-02-19 10:16:37,992.968,0.01231000,0.000000479340321,6718809,2019-02-19 10:16:37,btc,0.162839806,18004.7,0.01231000,btc,8.9,0.0,0.086870176,1
0,[],2,[],2019-01-20 23:28:45,0.0,0,0,6477011,2019-01-20 23:28:45,,0.0,0.0,0,,0.0,0.0,0.0,1
1,[],5,[],2019-02-19 10:16:38,0.0,0,0,6718810,2019-02-19 10:16:38,btc,0.0,0.0033176,0,btc,0.0,0.0,0.0,2
0.0000000001294302,[],22,[],2019-02-19 10:16:42,1148.0,1.4237322e-16,5.543885050902e-21,6718811,2019-02-19 10:16:42,XMR,21.01373823,0.0,0.00000110,XMR,14319.12581,0.0,0.00087635,2
1,[],5,[],2019-02-19 10:16:43,0.0,0,0,6718812,2019-02-19 10:16:43,btc,0.0,0.02351346,0,btc,0.0,0.0,0.0,3
1,[],12,[],2019-02-19 10:16:45,12322434.53557912,0.000000172,0.0000000000066975252,6718813,2019-02-19 10:16:45,btc,924398.313495752,0.0,0.000000172,btc,9076176.7007164,0.04706182922547845,0.5205036913099736,3
0,[],28,[],2019-02-19 10:16:50,0.0,0,0,6718814,2019-02-19 10:16:50,,0.0,0.0,0,,0.0,0.0,0.0,3
0,[],2,[],2019-01-20 23:31:32,0.0,0,0,6477077,2019-01-20 23:31:32,,0.0,0.0,0,,0.0,0.0,0.0,4
1,[],4,[],2019-02-19 10:16:51,400837.32322918,0.00000032,0.000000000012460512,6718815,2019-02-19 10:16:51,btc,0.384841883779883,0.0,0.00000032,btc,337830.34099658,0.0,0.0548027982399035,4
1,[],12,[],2019-02-19 10:16:52,1351022.18866667,0.00000003,0.000000000001168173,6718816,2019-02-19 10:16:52,btc,11113878.272800837,0.0,0.00000003,btc,1235369.19484872,0.00039417,0.0216563404400001,5
0,[],2,[],2019-01-20 23:31:51,0.0,0,0,6477087,2019-01-20 23:31:51,,0.0,0.0,0,,0.0,0.0,0.0,6
1,[],11,[],2019-02-19 10:16:54,1381209.5,0.00000002,0.000000000000778782,6718817,2019-02-19 10:16:54,btc,9433.307563620638,10000.0,0.00000002,btc,40314064.15478057,0.0,0.019133885,6
1,[],3,[],2019-02-19 10:16:55,1098.373531456364,0.0001540099999999999975941467056372857769019901752471923828125,0.0000000059970107909999995,6718818,2019-02-19 10:16:55,btc,27.605796873748474,0.0,0.0001540099999999999975941467056372857769019901752471923828125,btc,249.144760639695,0.0,0.035197822951488364,7
1,[],4,[],2019-02-19 10:16:56,13828.35642525,0.00021300,0.0000000082940283,6718819,2019-02-19 10:16:56,btc,3.105204421340444,0.0,0.00021300,btc,13152.289072,4.06178071,2.6297223286411797,7
1,[],5,[],2019-02-19 10:16:57,0.0,0,0,6718820,2019-02-19 10:16:57,btc,0.0,0.80049068,0,btc,0.0,0.0,0.0,7
1,[],20,[],2019-02-19 06:57:36,39399800.8418,0.000000001,0.0000000000000389284,6716631,2019-02-19 06:57:36,btc,116.9737581404545,0.0,0.000000001,btc,56932990.8895,0.0,0.0393998008418,8
0,[],2,[],2019-01-20 23:22:42,0.0,0,0,6476876,2019-01-20 23:22:42,,0.0,0.0,0,,0.0,0.0,0.0,9
0,[],23,[],2019-01-20 23:22:48,0.0,0,0,6476878,2019-01-20 23:22:48,,0.0,0.0,0,,0.0,0.0,0.0,9
1,[],4,[],2019-02-19 10:16:59,346314.3540006,0.00000178,0.000000000069311598,6718821,2019-02-19 10:16:59,btc,1.8307318540682929,0.0,0.00000178,btc,995924.72908425,2.01745705,0.5871175792759734,9
1,[],28,[],2019-02-19 10:17:04,43300.0,0.00000166,0.000000000064638906,6718822,2019-02-19 10:17:04,btc,2709.147620057195,3655395.0,0.00000166,btc,204959.7701,0.0,0.043148,9
1,[],1,[],2019-02-17 23:31:42,1822507.21,0.00000181000000000000003456111265232042484285557293333113193511962890625,0.000000000066086901,6701244,2019-02-17 23:31:42,btc,3.6990969245,17153386.5,0.00000181000000000000003456111265232042484285557293333113193511962890625,btc,1997391.71,31.11772986,3.2610482446,9
1,[],4,[],2019-02-17 11:22:43,4341674.27126056,0.00000002,0.0000000000007272960000000001,6696112,2019-02-17 11:22:43,btc,0.1997230937751353,0.0,0.00000002,btc,4109766.79808031,0.00215132,0.0479381022052112,10
0,[],2,[],2019-01-20 23:23:08,0.0,0,0,6476890,2019-01-20 23:23:08,,0.0,0.0,0,,0.0,0.0,0.0,12
1,[],4,[],2019-02-19 10:17:05,1771709.47251409,0.00000152,0.000000000059187432,6718823,2019-02-19 10:17:05,btc,3.406394399931821,0.0,0.00000152,btc,1917021.75687021,6.79837846,2.551986735144255,12
1,[],5,[],2019-02-19 10:17:06,0.0,0,0,6718824,2019-02-19 10:17:06,btc,0.0,1.00999914,0,btc,0.0,0.0,0.0,12
0.0,[],25,[],2019-02-19 10:17:07,0.0,0,0,6718825,2019-02-19 10:17:07,,0.0,0.0,0.0,btc,0.0,0.0,0.0,12
1,[],4,[],2019-02-19 10:17:09,1306598.22580609,0.00000581,0.000000000226236171,6718826,2019-02-19 10:17:09,btc,0.4074418173500261,0.0,0.00000581,btc,63508.517145,1.2025756,1.3210140631932483,13
1,[],10,[],2019-02-19 10:17:11,458405.39003721,0.00000578,0.00000000022506799799999997,6718827,2019-02-19 10:17:11,btc,666802.4632003767,7114.24699986,0.00000578,btc,723034.67384413,0.0,0.3903858456607146,13
1,[],21,[],2019-02-19 10:17:12,1106049.4237714,0.000005910000000000000166665726359,0.000000000230130081,6718828,2019-02-19 10:17:12,btc,4.257244704234704,1617519.39131991,0.0000059100000000000001666657263588167126044936594553291797637939453125,btc,650024.20258811,9.64460919,3.135377090729322,13
1,[],4,[],2019-02-19 10:17:14,1054280.68336118,0.00000152,0.000000000059187432,6718829,2019-02-19 10:17:14,btc,0.1417931382796445,0.0,0.00000152,btc,67429.00660014,0.09307776,0.4932287367311203,14
1,[],12,[],2019-02-19 10:17:15,86459.2534435,0.000001579999999999999907326193003542780246561960666440427303314208984375,0.000000000061523778,6718830,2019-02-19 10:17:15,btc,5.30757764626373,0.0,0.000001579999999999999907326193003542780246561960666440427303314208984375,btc,31452.002997,0.0016767885073913,0.010641009999965,14
0,[],17,[],2019-02-19 10:17:17,0.0,0,0,6718831,2019-02-19 10:17:17,btc,0.0,0.0,0,btc,0.0,0.0,0.0,14
1,[],26,[],2019-02-19 10:17:17,0.0,0.00000050,0.00000000001946955,6718832,2019-02-19 10:17:17,btc,0.0,0.0,0.00000050,btc,0.0,0.0,0.0,14
0,[],4,[],2019-02-19 10:17:19,0.0,0,0,6718833,2019-02-19 10:17:19,,0.0,0.0,0,,0.0,0.0,0.0,15
,[],12,[],2018-12-01 15:15:48,204241.84496,0.00000489,0.000000000202473384,5260204,2018-12-01 15:15:48,btc,49.5475654835,0.0,,btc,35763.2193806,0.0163153972027625,0.0203389899998,15
0,[],2,[],2019-01-20 23:23:38,0.0,0,0,6476906,2019-01-20 23:23:38,,0.0,0.0,0,,0.0,0.0,0.0,18
1,[],4,[],2019-02-19 10:17:20,28119.5983168,0.00001832,0.000000000713364312,6718834,2019-02-19 10:17:20,btc,1.208414605591177,0.0,0.00001832,btc,6716.02049878,0.02077445,0.1211861693252463,18
1,[],10,[],2019-02-19 10:17:22,784489.10822467,0.00001901,0.0000000007402322909999999,6718835,2019-02-19 10:17:22,btc,15.522732785479489,22548.9364503,0.00001901,btc,9884.71118817,0.0,0.2231962075377021,18
1,[],12,[],2019-02-19 10:17:24,204193.59041228,0.00001855000000000000027230821764145929364531184546649456024169921875,0.000000000722320305,6718836,2019-02-19 10:17:24,btc,21.90984697195737,0.0,0.00001855000000000000027230821764145929364531184546649456024169921875,btc,1745.36187689,0.0013816055635788,0.03244227555332,18
0,[],17,[],2019-02-19 10:17:25,0.0,0,0,6718837,2019-02-19 10:17:25,btc,0.0,0.0,0,btc,0.0,0.0,0.0,18
1,[],3,[],2019-02-19 10:17:29,121726.11096523897,0.0000229400000000000005924601087503589269545045681297779083251953125,0.000000000893262954,6718838,2019-02-19 10:17:29,btc,0.48908791223369324,2070.81791577,0.0000229400000000000005924601087503589269545045681297779083251953125,btc,5244.077411380873,0.0,0.1014581916059219,19
1,[],4,[],2019-02-19 10:17:30,324186.22674914,0.00002272,0.000000000884696352,6718839,2019-02-19 10:17:30,btc,0.4155068978803771,0.0,0.00002272,btc,16423.94164685,0.63497749,3.6636268213578242,19
1,[],5,[],2019-02-19 10:17:31,0.0,0,0,6718840,2019-02-19 10:17:31,btc,0.0,0.01947388,0,btc,0.0,0.0,0.0,19
1,[],12,[],2019-02-19 10:17:32,134798.92936473,0.000022509999999999999627242619482103691552765667438507080078125,0.0000000008765191409999999,6718841,2019-02-19 10:17:32,btc,0.0291788367813548,0.0,0.000022509999999999999627242619482103691552765667438507080078125,btc,280.66393647,0.0003454945055518,0.032363230000072296,19
0,[],27,[],2019-02-19 10:17:35,0.0,0,0,6718842,2019-02-19 10:17:35,,0.0,0.0,0,btc,0.0,0.0,0.0,19
0,[],2,[],2019-01-20 23:24:19,0.0,0,0,6476924,2019-01-20 23:24:19,,0.0,0.0,0,,0.0,0.0,0.0,19
1,[],4,[],2019-02-19 10:17:35,8074365.41899576,0.00000014,0.000000000005451474,6718843,2019-02-19 10:17:35,btc,0.7489880752473539,0.0,0.00000014,btc,1600922.19540293,0.001,0.2590475804948392,20
1,[],4,[],2019-02-19 10:08:59,109972799.95820357,0.00000002,0.000000000000780212,6718648,2019-02-19 10:08:59,btc,0.4047937008108997,0.0,0.00000002,btc,11907646.42013239,0.01908485,1.2372964430447118,21
1,[],12,[],2019-02-19 10:09:01,18389644.0,0.00000002,0.000000000000780212,6718649,2019-02-19 10:09:01,btc,669.7773900317494,0.0,0.00000002,btc,8580697.27073194,7.8e-07,0.24003316,21
0,[],17,[],2019-02-19 10:09:02,0.0,0,0,6718650,2019-02-19 10:09:02,btc,0.0,0.0,0,btc,0.0,0.0,0.0,21
1,[],12,[],2019-02-19 10:17:37,3360667970.043896,0.0000000002,0.00000000000000778782,6718844,2019-02-19 10:17:37,btc,880865841716.6705,0.0,0.0000000002,btc,4743344896.973478,0.01292058277582418,0.3864330342555898,23
0,[],27,[],2019-02-19 10:17:39,0.0,0,0,6718845,2019-02-19 10:17:39,,1.3429826565934113,0.0,0,eth,1964879.85514486,0.0,0.0,23
1,[],4,[],2019-02-19 10:17:41,314039.73217521,0.00000063,0.000000000024531633,6718846,2019-02-19 10:17:41,btc,0.1766097117055832,0.0,0.00000063,btc,183716.1882291,0.00892094,0.1586353619516207,24
1,[],22,[],2019-02-19 10:17:44,11.76,0.00000100,0.0000000000389391,6718847,2019-02-19 10:17:44,BTC,7.415e-05,0.0,0.00000100,BTC,23.919354838709676,0.0,1.176e-05,24
0.0,[],25,[],2019-02-19 10:17:46,0.0,0,0,6718848,2019-02-19 10:17:46,,0.0,0.0,0.0,btc,0.0,0.0,0.0,24
1,[],4,[],2019-02-19 10:17:47,26860026.25570734,0.00000596,0.00000000023207703599999998,6718849,2019-02-19 10:17:47,btc,0.5391934003989254,0.0,0.00000596,btc,46981.53479688,0.10071125,0.4400605647624468,26
1,[],10,[],2019-02-19 10:17:49,683124.19163166,0.0000054,0.00000000021027114,6718850,2019-02-19 10:17:49,btc,25.927272136924913,0.0,0.0000054,btc,14351.41452713,0.0,0.2138635226438311,26
0,[],2,[],2019-01-20 23:25:56,0.0,0,0,6476976,2019-01-20 23:25:56,,0.0,0.0,0,,0.0,0.0,0.0,26
1,[],3,[],2019-02-19 10:17:51,5972327.70213569,0.00000001,0.000000000000389391,6718851,2019-02-19 10:17:51,btc,2.7177458034899336,0.0,0.00000001,btc,17631823.38485497,0.0,0.059723277021356894,27
1,[],5,[],2019-02-19 10:17:52,0.0,0,0,6718852,2019-02-19 10:17:52,btc,0.0,1e-05,0,btc,0.0,0.0,0.0,27
1,[],11,[],2019-02-19 10:17:53,9803584.35433359,0.00000005,0.000000000001946955,6718853,2019-02-19 10:17:53,btc,67506.53097482225,8080.0,0.00000005,btc,8171781.9463934,0.0,0.458287845339645,27
1,[],4,[],2019-02-19 10:17:54,562710273.7859316,0.00000002,0.000000000000778782,6718854,2019-02-19 10:17:54,btc,0.22148681141860446,0.0,0.00000002,"btc,ltc",32309480.58640931,0.17195152,7.040291985790166,29
1,[],7,[],2019-02-19 10:17:56,35487782.78930467,0.00000002,0.000000000000778782,6718855,2019-02-19 10:17:56,btc,44465227.34040545,2832212.45123,0.00000002,btc,58736636.48923861,0.0,0.3548962318253802,29
1,[],4,[],2019-02-19 10:17:56,1489149.63138881,0.00000028,0.000000000010902948,6718856,2019-02-19 10:17:56,btc,0.2428007729290107,0.0,0.00000028,btc,490150.91763237,0.00633679,0.1188380933539266,30
0,[],17,[],2019-02-19 10:18:08,0.0,0,0,6718857,2019-02-19 10:18:08,btc,0.0,0.0,0,btc,0.0,0.0,0.0,30
1,[],4,[],2019-02-19 10:18:09,35832.65688008,0.00006063,0.000000002360877633,6718858,2019-02-19 10:18:09,btc,2.0533011297746,0.0,0.00006063,btc,30942.39281878,2.12619019,1.4031177748954045,31
1,[],21,[],2019-02-19 10:18:10,46958.97990837,0.00006102999999999999674064540822,0.000000002376453273,6718859,2019-02-19 10:18:10,btc,2.410712393613502,107529.33637432,0.0000610299999999999967406454082219369183803792111575603485107421875,btc,36743.588606670004,6.60184247,2.5282008481120206,31
0,[],2,[],2019-01-20 23:28:43,0.0,0,0,6477009,2019-01-20 23:28:43,,0.0,0.0,0,,0.0,0.0,0.0,32
1,[],4,[],2019-02-19 10:18:11,135798631.36932376,0.00000004,0.000000000001557564,6718860,2019-02-19 10:18:11,btc,4.055111517145345,0.0,0.00000004,"btc,ltc",84541065.15741529,0.46329,2.294946997065296,33
1,[],12,[],2019-02-19 10:18:12,15135734.225,0.00000005,0.000000000001946955,6718861,2019-02-19 10:18:12,btc,35620106.540146925,0.0,0.00000005,btc,88814451.06992981,0.013978030919081,0.50013196125,33
1,[],4,[],2019-02-19 10:18:13,133886735.72663936,0.00000001,0.000000000000389391,6718862,2019-02-19 10:18:13,btc,0.914079867588849,0.0,0.00000001,btc,37904886.02289838,0.0250517,1.3388673572663936,34
1,[],5,[],2019-02-19 10:18:14,0.0,0,0,6718863,2019-02-19 10:18:14,btc,0.0,0.33039495,0,btc,0.0,0.0,0.0,34
0.0000000001213972,[],4,[],2019-02-19 10:18:15,1029493987.2590978,2.427944e-18,9.45419542104e-23,6718864,2019-02-19 10:18:15,ltc,9.21311773478429e-09,0.0,0.00000002,ltc,1830198993.726183,0.0,2.0306236244512977e-09,36
1,[],5,[],2019-02-19 10:18:16,0.0,0,0,6718865,2019-02-19 10:18:16,btc,0.0,0.0,0,btc,0.0,0.0,0.0,36
0,[],17,[],2019-02-19 10:18:28,0.0,0,0,6718866,2019-02-19 10:18:28,btc,0.0746458232965017,0.0,0,btc,4103573.70243647,0.0,0.0,36
0,[],27,[],2019-02-19 10:18:31,0.0,0,0,6718867,2019-02-19 10:18:31,,113.82128944818679,0.0,0,"ltc,eth",3757762.7424504,0.0,0.0,36
1,[],4,[],2019-02-19 10:18:32,480872.1389736,0.00000081,0.000000000031540671,6718868,2019-02-19 10:18:32,btc,0.2900772876362425,0.0,0.00000081,btc,213500.28620538,0.22357577,0.1657939174488368,37
1,[],12,[],2019-02-19 10:18:33,447781.1988942,0.00000084,0.000000000032708844,6718869,2019-02-19 10:18:33,btc,1364.2462274458132,0.0,0.00000084,btc,872727.5381638,0.2573496492860235,0.1038093773800012,37
1,[],17,[],2019-02-19 10:18:44,1752.74075282,0.00000025,0.000000000009734775,6718870,2019-02-19 10:18:44,btc,0.055484923777095005,0.0,0.00000025,btc,1319.19918473,0.0,0.00043818518820499993,37
1,[],27,[],2019-02-19 10:18:47,14752.0,0.00000045,0.000000000017522595,6718871,2019-02-19 10:18:47,btc,26.25770832162233,0.0,0.00000045,btc,6830.24738508,0.0,0.00483022,37
1,[],5,[],2019-02-19 10:18:48,0.0,0,0,6718872,2019-02-19 10:18:48,btc,0.0,0.09419299,0,btc,0.0,0.0,0.0,42
1,[],12,[],2019-02-19 10:18:49,133204.41665589,0.00000091,0.000000000035434580999999996,6718873,2019-02-19 10:18:49,btc,94.67433698186319,0.0,0.00000091,btc,89526.29317003,0.000850258391606,0.0406170999999997,42
0,[],27,[],2019-02-19 10:18:52,0.0,0,0,6718874,2019-02-19 10:18:52,,0.00315028,0.0,0,"btc,eth",11.007,0.0,0.0,42
1,[],5,[],2019-02-19 10:18:53,0.0,0,0,6718875,2019-02-19 10:18:53,btc,0.0,0.0,0,btc,0.0,0.0,0.0,43
1,[],12,[],2019-02-19 10:18:54,4098288.0,0.00000002,0.000000000000778782,6718876,2019-02-19 10:18:54,btc,20007435.274506606,0.0,0.00000002,btc,38974229.21618381,0.00015321002997,0.04098291,43
0,[],17,[],2019-02-19 10:18:58,0.0,0,0,6718877,2019-02-19 10:18:58,btc,0.0,0.0,0,btc,0.0,0.0,0.0,43
1,[],12,[],2019-02-19 10:18:59,678331.0,0.00000005,0.000000000001946955,6718878,2019-02-19 10:18:59,btc,11115167.675810482,0.0,0.00000005,btc,1069843.31470526,0.00081266,0.0172333,44
1,[],4,[],2019-02-19 10:19:00,324831703.28946257,0.00000002,0.000000000000778782,6718879,2019-02-19 10:19:00,btc,0.188226606938679,0.0,0.00000002,"btc,ltc",4537751.25245401,0.00509342,0.42363633371089304,49
0.0000000001213972,[],4,[],2019-02-19 10:19:00,70571662.822,1.213972e-18,4.72709771052e-23,6718880,2019-02-19 10:19:00,ltc,4.645173508133186,0.0,0.00000001,ltc,3578858652.409339,0.0,8.567202265934898e-11,52
0,[],22,[],2019-02-19 10:19:03,0.0,0,0,6718881,2019-02-19 10:19:03,,4368.07440295,0.0,0,,262751443.67882353,0.0,0.0,57
0,[],27,[],2019-02-19 10:19:07,0.0,0,0,6718882,2019-02-19 10:19:07,,0.0,0.0,0,"btc,eth",0.0,0.0,0.0,57
0.0000000001213972,[],4,[],2019-02-19 10:19:08,765641409.1511539,3.641916e-18,1.418129313156e-22,6718883,2019-02-19 10:19:08,ltc,3.2722090047069594,0.0,0.00000003,ltc,1294381864.428509,0.0,1.7236145623808722e-09,58
1,[],12,[],2019-02-19 10:19:09,1658604193.843957,0.0000000004,0.00000000000001557564,6718884,2019-02-19 10:19:09,btc,224005479821.39276,0.0,0.0000000004,btc,3707236011.106195,0.12129202683315414,0.5381727816011391,58
0,[],17,[],2019-02-19 10:19:11,0.0,0,0,6718885,2019-02-19 10:19:11,btc,1e+24,0.0,0,btc,41481695.95832568,0.0,0.0,58
0.0000000001294302,[],22,[],2019-02-19 10:19:15,137438.0,1.294302e-18,5.03989550082e-23,6718886,2019-02-19 10:19:15,XMR,69.8835922,0.0,0.00000001,XMR,9887963.0,0.0,0.00137438,58
1,[],5,[],2019-02-19 10:19:16,0.0,0,0,6718887,2019-02-19 10:19:16,btc,0.0,0.00796769,0,btc,0.0,0.0,0.0,61
1,[],22,[],2019-02-19 10:19:19,5149.5,0.00000011,0.000000000004283301,6718888,2019-02-19 10:19:19,BTC,1002.29597012,0.0,0.00000011,BTC,14947.700278135757,0.0,0.00051596,61
1,[],26,[],2019-02-19 10:19:19,0.0,0.00000800,0.0000000003115128,6718889,2019-02-19 10:19:19,btc,0.0,0.0,0.00000800,btc,0.0,0.0,0.0,61
1,[],27,[],2019-02-19 10:19:23,5582.64,0.00000045,0.000000000017522595,6718890,2019-02-19 10:19:23,btc,2.935325846318174,0.0,0.00000045,"btc,eth",18504.38399471,0.0,0.0009709972051393802,61
1,[],28,[],2019-02-19 10:19:28,13882.304,0.0000005,0.00000000001946955,6718891,2019-02-19 10:19:28,btc,2.062488404235105,730.0,0.0000005,btc,15611.87550005,0.0,0.00566491304,61
1,[],4,[],2019-02-19 10:10:28,363803.81299712,0.00000346,0.000000000134976676,6718692,2019-02-19 10:10:28,btc,1.0290375120593902,0.0,0.00000346,btc,239413.21876522,0.46987684,0.7967564049589648,67
0.0,[],25,[],2019-02-19 10:10:29,0.0,0,0,6718693,2019-02-19 10:10:29,,0.0,0.0,0.0,btc,0.0,0.0,0.0,67
1,[],12,[],2019-02-19 10:19:28,3106929.56820635,0.00000017,0.0000000000066196469999999995,6718892,2019-02-19 10:19:28,btc,11115995.889382072,0.0,0.00000017,btc,1833445.5628272,0.0097392005483117,0.1144173264411115,71
,[],5,[],2018-11-20 23:02:39,1.5e-07,0.00000005,0.000000000002128045,4862160,2018-11-20 23:02:39,btc,2.84511358,0.0,,btc,0.00036572,0.0,0.07381892,74
1,[],5,[],2019-02-19 10:19:30,0.0,0,0,6718893,2019-02-19 10:19:30,btc,0.0,0.0,0,btc,0.0,0.0,0.0,75
1,[],4,[],2019-02-19 10:19:31,17976001.10892337,0.00000001,0.000000000000389391,6718894,2019-02-19 10:19:31,btc,0.8634517537739842,0.0,0.00000001,btc,15391342.79181637,0.0,0.1797600110892337,81
0,[],20,[],2019-01-25 09:30:31,0.0,0,0,6495923,2019-01-25 09:30:31,btc,0.0,0.0,0,btc,0.0,0.0,0.0,81
1,[],4,[],2019-02-19 10:19:33,34232.60727921,0.00007712,0.0000000030029833919999998,6718895,2019-02-19 10:19:33,btc,1.310958964545657,0.0,0.00007712,btc,11118.64847295,0.02084958,0.5765872580815075,82
1,[],21,[],2019-02-19 10:19:33,167169.30557213,0.00008498999999999999773164088834,0.000000003309434109,6718896,2019-02-19 10:19:33,btc,2.746234537818893,8153.72251376,0.000084989999999999997731640888343207507205079309642314910888671875,btc,26232.10642383,0.65765351,3.252371763583677,82
0,[],17,[],2019-02-19 10:19:35,0.0,0,0,6718897,2019-02-19 10:19:35,btc,0.0447233088476774,0.0,0,btc,999127.19588126,0.0,0.0,84
0.0000000001213972,[],4,[],2019-02-19 10:19:37,131454839.41182955,7.283832e-18,2.836258626312e-22,6718898,2019-02-19 10:19:37,ltc,0.19541526448889962,0.0,0.00000006,ltc,108729499.21399496,0.0,5.224428697020301e-10,85
,[],22,[],2018-11-20 23:09:34,3408.1,0.0000001,0.0000000000041895,4862324,2018-11-20 23:09:34,BTC,0.04624735,0.0,,BTC,4990.0,0.0,0.00033081,86
0,[],22,[],2019-02-19 10:19:39,0.0,0,0,6718899,2019-02-19 10:19:39,,2.0760781,0.0,0,,140622.94736842104,0.0,0.0,87
0,[],27,[],2019-02-19 10:19:41,0.0,0,0,6718900,2019-02-19 10:19:41,,0.0,0.0,0,btc,0.0,0.0,0.0,87
,[],2,[],2018-11-20 23:10:47,0.0,0,0,4862359,2018-11-20 23:10:47,,0.0,0.0,,,0.0,0.0,0.0,88
1,[],11,[],2019-02-19 10:19:43,97154.29429743,0.0001450000000000000008500145032286354762618429958820343017578125,0.0000000056461695,6718901,2019-02-19 10:19:43,btc,610.2099592329828,764.48989621,0.0001450000000000000008500145032286354762618429958820343017578125,btc,94894.42397335,0.0,6.593242105567662,89
0,[],2,[],2019-01-20 23:31:45,0.0,0,0,6477083,2019-01-20 23:31:45,,0.0,0.0,0,,0.0,0.0,0.0,91
1,[],12,[],2019-02-19 10:19:45,435764.40275599,0.000001870000000000000095373470405946125794116596807725727558135986328125,0.000000000072816117,6718902,2019-02-19 10:19:45,btc,15.377507434764613,0.0,0.000001870000000000000095373470405946125794116596807725727558135986328125,btc,50159.79834005,0.007733292711378,0.0628285740999907,91
0,[],17,[],2019-02-19 10:19:47,0.0,0,0,6718903,2019-02-19 10:19:47,btc,0.0,0.0,0,btc,0.0,0.0,0.0,91
0.0000000001213972,[],22,[],2019-02-19 10:19:50,3506520.0,4.855888e-18,1.890839084208e-22,6718904,2019-02-19 10:19:50,LTC,9.13211897,0.0,0.00000004,LTC,72065348.1,2.4279439999999998e-14,0.1050108,95
0.0000000001213972,[],4,[],2019-02-19 10:19:51,135032367.11567372,9.4689816e-17,3.6871362142056e-21,6718905,2019-02-19 10:19:51,ltc,0.6426186834554622,0.0,0.00000078,ltc,37192412.08879285,0.00798995,1.0964402088829212e-09,96
1,[],12,[],2019-02-19 10:19:52,257615.0,0.00000001,0.000000000000389391,6718906,2019-02-19 10:19:52,btc,255075.83077264484,0.0,0.00000001,btc,8791501.79451522,0.0003674285014986,0.00257615,96
0,[],17,[],2019-02-19 10:11:04,0.0,0,0,6718708,2019-02-19 10:11:04,btc,0.0,0.0,0,btc,0.0,0.0,0.0,96
1,[],4,[],2019-02-19 10:19:53,1769565.90343343,0.00000035,0.000000000013628685,6718907,2019-02-19 10:19:53,btc,0.6163199692840775,0.0,0.00000035,btc,960554.49125866,1.44222453,0.2447493873629894,99
0,[],2,[],2019-01-20 23:23:55,0.0,0,0,6476914,2019-01-20 23:23:55,,0.0,0.0,0,,0.0,0.0,0.0,100
1,[],4,[],2019-02-19 10:19:55,189971.92213829,0.00003838,0.000000001494482658,6718908,2019-02-19 10:19:55,btc,1.2631693946680524,0.0,0.00003838,btc,28792.55751826,0.74409976,0.9751404157163863,100
1,[],22,[],2019-02-19 10:19:58,50000.0,0.00000001,0.000000000000389391,6718909,2019-02-19 10:19:58,BTC,23.49896609,0.0,0.00000001,BTC,10277.22,0.0,0.0005,101
1,[],4,[],2019-02-19 10:19:59,441422.38655626,0.00000087,0.000000000033877017,6718910,2019-02-19 10:19:59,btc,0.3994242181423437,0.0,0.00000087,btc,161105.28599502,0.02263208,0.2304967266953749,103
1,[],12,[],2019-02-19 10:20:01,57443361.0,0.000000015,0.0000000000005840865,6718911,2019-02-19 10:20:01,btc,137279442.54103938,0.0,0.000000015,btc,120317139.8543896,0.05314660401469449,0.20425033,105
1,[],27,[],2019-02-19 10:20:05,397342.89,0.00000001,0.000000000000389391,6718912,2019-02-19 10:20:05,btc,0.2583299431492299,0.0,0.00000001,btc,303168.20460553,0.0,0.0039734289,105
1,[],22,[],2019-02-19 10:20:09,9328.0,0.00000001,0.000000000000389391,6718913,2019-02-19 10:20:09,BTC,51.10825004,0.0,0.00000001,BTC,468935.0,0.0,9.328e-05,107
1,[],26,[],2019-02-19 10:20:09,0.0,0.00000000,0,6718914,2019-02-19 10:20:09,btc,0.0,0.0,0.00000000,btc,0.0,0.0,0.0,107
1,[],5,[],2019-02-19 10:20:10,0.0,0,0,6718915,2019-02-19 10:20:10,btc,0.0,0.00402262,0,btc,0.0,0.0,0.0,112
1,[],22,[],2019-02-19 10:20:14,1966.0,0.00000001,0.000000000000389391,6718916,2019-02-19 10:20:14,BTC,2.81183288,0.0,0.00000001,BTC,808524.0833333334,0.0,1.966e-05,112
0,[],27,[],2019-02-19 10:20:17,0.0,0,0,6718917,2019-02-19 10:20:17,,1.35132491849924,0.0,0,"btc,eth",1328.641654,0.0,0.0,112
1,[],4,[],2019-02-19 10:20:18,458594.0055544,0.00000330,0.00000000012849903,6718918,2019-02-19 10:20:18,btc,0.3169672171555107,0.0,0.00000330,btc,77925.66973968,0.36023251,0.2152213894531235,113
1,[],5,[],2019-02-19 10:20:19,0.0,0,0,6718919,2019-02-19 10:20:19,btc,0.0,0.0,0,btc,0.0,0.0,0.0,113
1,[],17,[],2019-02-19 10:20:21,152738.278,0.00000004,0.000000000001557564,6718920,2019-02-19 10:20:21,btc,1.3368030275376992,0.0,0.00000004,btc,51896.221,0.0,0.0022095311199999998,116
0,[],27,[],2019-02-19 10:20:25,0.0,0,0,6718921,2019-02-19 10:20:25,,0.0,0.0,0,btc,0.0,0.0,0.0,116
1,[],4,[],2019-02-19 10:20:26,26018.9328635,0.00003122,0.000000001215678702,6718922,2019-02-19 10:20:26,btc,1.023168158040069,0.0,0.00003122,btc,30057.97734598,0.66968696,0.6763819340525858,120
1,[],7,[],2019-02-19 10:20:28,18204.3102915,0.0000295399999999999983879735154790324713758309371769428253173828125,0.0000000011502610139999998,6718923,2019-02-19 10:20:28,btc,115649.94813953193,41.62128753,0.0000295399999999999983879735154790324713758309371769428253173828125,btc,27735.63194245,0.00125102,0.0761009850998088,120
1,[],20,[],2019-02-19 10:20:31,1073509.3397,0.000000017,0.0000000000006619647,6718924,2019-02-19 10:20:31,btc,31.909191296025,3076.05,0.000000017,btc,1141578.7853,5.229285e-05,0.0050788561674,125
1,[],22,[],2019-02-19 10:20:35,3053.0,0.00000001,0.000000000000389391,6718925,2019-02-19 10:20:35,BTC,0.01444887,0.0,0.00000001,BTC,296263.5111111111,0.0,3.053e-05,126
0,[],2,[],2019-01-20 23:25:46,0.0,0,0,6476969,2019-01-20 23:25:46,,0.0,0.0,0,,0.0,0.0,0.0,131
1,[],4,[],2019-02-19 10:20:36,126424.80775073,0.00001656,0.000000000644831496,6718926,2019-02-19 10:20:36,btc,0.7616229332496905,0.0,0.00001656,btc,37604.44711386,0.42533538,1.0396099436436494,131
0,[],17,[],2019-02-19 10:20:37,0.0,0,0,6718927,2019-02-19 10:20:37,btc,0.0009561751951600001,0.0,0,btc,35.42829368,0.0,0.0,131
1,[],4,[],2019-02-19 10:20:39,4559.19470373,0.00016250,0.00000000632760375,6718928,2019-02-19 10:20:39,btc,1.647401424516374,0.0,0.00016250,btc,334.44418488,0.0,0.0093092758892604,135
1,[],3,[],2019-02-19 10:20:40,1701123.63905174,0.00000005,0.000000000001946955,6718929,2019-02-19 10:20:40,btc,0.1307779625138315,36152.0,0.00000005,btc,549674.90940695,0.0,0.0617199017803675,136
1,[],4,[],2019-02-19 10:20:41,60190.86625485,0.00000170,0.00000000006619646999999999,6718930,2019-02-19 10:20:41,btc,0.1194358780946992,0.0,0.00000170,btc,57151.81185598,0.08242159,0.0700082572761872,137
1,[],12,[],2019-02-19 10:20:42,295649.56670303,0.0000016899999999999999129363971450690229403335251845419406890869140625,0.00000000006580707899999999,6718931,2019-02-19 10:20:42,btc,11807.701075998053,0.0,0.0000016899999999999999129363971450690229403335251845419406890869140625,btc,158020.15676263,0.0003825899994118,0.0252921100000185,137
1,[],4,[],2019-02-19 10:20:42,211056.6998956,0.00005135,0.000000001999522785,6718932,2019-02-19 10:20:42,btc,0.9735408162279371,0.0,0.00005135,btc,15095.67277601,1.40149551,0.4854373904942797,142
1,[],5,[],2019-02-19 10:20:43,0.0,0,0,6718933,2019-02-19 10:20:43,btc,0.0,0.80770942,0,btc,0.0,0.0,0.0,142
1,[],17,[],2019-02-19 10:20:55,22967.386363640002,0.00000088,0.000000000034266408,6718934,2019-02-19 10:20:55,btc,20.0699133484,0.0,0.00000088,btc,405.079105,0.0,0.0104613000000032,142
1,[],20,[],2019-02-19 10:20:57,134353.3227,0.00003388,0.000000001319256708,6718935,2019-02-19 10:20:57,btc,0.3650013293402,5089.7983,0.00003388,btc,3364.7313,0.389674957848,0.2646169680364,142
1,[],22,[],2019-02-19 10:21:01,1613.354305200341,0.00003220,0.00000000125383902,6718936,2019-02-19 10:21:01,BTC,3.0070065,0.0,0.00003220,BTC,896.9784641392417,0.0,0.0018856,142
0.0,[],25,[],2019-02-19 10:21:02,0.0,0,0,6718937,2019-02-19 10:21:02,,0.0,0.0,0.0,btc,0.0,0.0,0.0,142
1,[],28,[],2019-02-19 10:21:08,77743.0,0.00004500,0.0000000017522595,6718938,2019-02-19 10:21:08,btc,0.057100837,474.0,0.00004500,btc,356.4989,0.0,0.0519372,142
0,[],22,[],2019-02-19 10:21:11,0.0,0,0,6718939,2019-02-19 10:21:11,,67.24443376,0.0,0,,817363658.3,0.0,0.0,143
1,[],21,[],2019-02-19 10:21:12,32094209.36435447,0.00000025,0.000000000009734775,6718940,2019-02-19 10:21:12,btc,59.67316799106662,23231966.74915681,0.00000025,btc,103221693.09479964,5.94140478,4.472199253734076,145
0,[],22,[],2019-02-19 10:21:16,0.0,0,0,6718941,2019-02-19 10:21:16,,4.24946284,0.0,0,,1812156.0,0.0,0.0,146
,[],22,[],2018-11-20 23:01:11,0.0,0,0,4862114,2018-11-20 23:01:11,,2.56807021,0.0,,,61828.4988236,0.0,0.0,147
1,[],12,[],2019-02-19 10:21:17,8679764.95243715,0.000002810000000000000201067461291781768295550136826932430267333984375,0.00000000010941887100000001,6718942,2019-02-19 10:21:17,btc,16.56455536621038,0.0,0.000002810000000000000201067461291781768295550136826932430267333984375,btc,118287.3460165,0.0009800616703456,0.108140768,148
1,[],4,[],2019-02-19 10:21:19,247751.67438999,0.00000030,0.00000000001168173,6718943,2019-02-19 10:21:19,btc,0.7779012554979076,0.0,0.00000030,btc,593167.18068715,0.00020876,0.0586340587886126,152
0,[],22,[],2019-02-19 10:21:21,0.0,0,0,6718944,2019-02-19 10:21:21,,0.0,0.0,0,,0.0,0.0,0.0,152
1,[],5,[],2019-02-19 10:21:22,0.0,0,0,6718945,2019-02-19 10:21:22,btc,0.0,0.0,0,btc,0.0,0.0,0.0,153
,[],16,[],2019-01-11 15:38:59,0.0,0,0,6366141,2019-01-11 15:38:59,btc,0.0,0.0,,btc,0.0,0.0,0.0,155
0,[],23,[],2019-01-20 23:24:29,0.0,0,0,6476932,2019-01-20 23:24:29,,0.0,0.0,0,,0.0,0.0,0.0,156
0,[],22,[],2019-02-19 10:21:27,0.0,0,0,6718946,2019-02-19 10:21:27,,6.74608761,0.0,0,,4644402.242592593,0.0,0.0,156
1,[],22,[],2019-02-19 10:21:30,7073.8,0.00005300,0.0000000020637723,6718947,2019-02-19 10:21:30,BTC,43.78801181,0.0,0.00005300,BTC,1067.5805334758436,0.0,0.00104336,157
0,[],22,[],2019-02-19 10:21:33,0.0,0,0,6718948,2019-02-19 10:21:33,,50175.68008609,0.0,0,,54479136.04179466,0.0,0.0,158
,[],17,[],2018-11-20 22:56:10,0.0,0,0,4861976,2018-11-20 22:56:10,btc,1.1265625,0.0,,btc,1000.0,0.0,0.0,159
,[],20,[],2018-11-20 22:56:12,0.0,0,0,4861977,2018-11-20 22:56:12,btc,11912.7940471,0.0,,btc,34413894.3617,0.0,0.0,159
1,[],17,[],2019-02-19 09:25:13,29784.95,0.000001,0.0000000000392204,6718350,2019-02-19 09:25:13,btc,0.03026736251542,0.0,0.000001,btc,144.46171372,0.0,0.00716147,168
1,[],12,[],2019-02-19 10:21:34,188005.6076583,0.00000740000000000000030041073795228356857478502206504344940185546875,0.00000000028814934,6718949,2019-02-19 10:21:34,btc,6.657334554139989,0.0,0.00000740000000000000030041073795228356857478502206504344940185546875,btc,14470.77239612,0.0066292448657922,0.0932915914999894,168
0,[],22,[],2019-02-19 10:21:47,0.0,0,0,6718950,2019-02-19 10:21:47,,1.14655792,0.0,0,,759972.8900917594,0.0,0.0,169
1,[],22,[],2019-02-19 10:21:51,179295.22727272726,0.00000022,0.000000000008566602,6718951,2019-02-19 10:21:51,BTC,13.29319817,0.0,0.00000022,BTC,167294.62985648506,1.108e-05,0.02507459,171
1,[],22,[],2019-02-19 10:13:04,133596.6,0.00000005,0.00000000000195053,6718749,2019-02-19 10:13:04,BTC,2.66365745,0.0,0.00000005,BTC,269090.92790191405,0.00377032,0.00533987,173
1,[],5,[],2019-02-19 10:21:52,0.0,0,0,6718952,2019-02-19 10:21:52,btc,0.0,0.13072546,0,btc,0.0,0.0,0.0,175
1,[],22,[],2019-02-19 10:21:56,37430.0,0.0000003,0.00000000001168173,6718953,2019-02-19 10:21:56,BTC,0.53059598,0.0,0.0000003,BTC,143403.40970790636,0.0,0.0032426,176
0,[],2,[],2019-01-20 23:28:34,0.0,0,0,6477001,2019-01-20 23:28:34,,0.0,0.0,0,,0.0,0.0,0.0,178
1,[],7,[],2019-02-19 10:21:58,0.0,0,0,6718954,2019-02-19 10:21:58,btc,410918.63489866455,0.0,0,btc,115828955.16222881,0.0,0.0,178
0,[],22,[],2019-02-19 10:22:00,0.0,0,0,6718955,2019-02-19 10:22:00,,1.00242428,0.0,0,,57512.0,0.0,0.0,178
0,[],23,[],2019-01-20 23:25:08,0.0,0,0,6476952,2019-01-20 23:25:08,,0.0,0.0,0,,0.0,0.0,0.0,179
1,[],5,[],2019-02-19 10:22:02,0.0,0,0,6718956,2019-02-19 10:22:02,btc,0.0,0.95925247,0,btc,0.0,0.0,0.0,179
1,[],22,[],2019-02-19 10:22:06,7859285.0,0.00000002,0.000000000000778782,6718957,2019-02-19 10:22:06,BTC,5.49491223,0.0,0.00000002,"BTC,LTC",17558294.468656633,0.0,0.38444554,179
1,[],17,[],2019-02-19 10:22:12,10504.725,0.0000001,0.00000000000389391,6718958,2019-02-19 10:22:12,btc,5.2010695838170005,0.0,0.0000001,btc,4994.45945,0.0,0.0010504725,180
1,[],22,[],2019-02-19 10:22:16,128933.32,0.00000025,0.000000000009734775,6718959,2019-02-19 10:22:16,BTC,0.19903667,0.0,0.00000025,"BTC,LTC",57249.550688868796,0.0003,0.00134617,180
1,[],26,[],2019-02-19 10:22:16,0.0,0.00000100,0.0000000000389391,6718960,2019-02-19 10:22:16,btc,0.0,0.0,0.00000100,btc,0.0,0.0,0.0,180
,[],7,[],2018-11-20 22:58:01,562227.975654,0.00000085,0.000000000036176765,4862015,2018-11-20 22:58:01,btc,21836.6059674,2491.87645172,,btc,749999.041456,0.00211021,0.127565380455,183
,[],5,[],2019-01-10 08:11:41,0.0,0,0,6347036,2019-01-10 08:11:41,btc,82.15055501,0.00261,,btc,1.19002445,0.0,0.0,187
,[],17,[],2018-11-16 20:58:10,4062536.27273,0.00000001,0.000000000000550501,4708775,2018-11-16 20:58:10,btc,3.36492563466,0.195460381006,,"btc,eth",110697919.549,0.0,0.0157628953496,187
1,[],24,[],2019-02-19 10:22:17,0.0,0.000000000001,3.89391e-17,6718961,2019-02-19 10:22:17,btc,0.0,0.0,0.000000000001,btc,0.0,0.0,0.0,187
0,[],22,[],2019-02-19 10:22:19,0.0,0,0,6718962,2019-02-19 10:22:19,,1.19374426,0.0,0,,16338.869534405507,0.0,0.0,191
0,[],22,[],2019-02-19 10:22:24,0.0,0,0,6718963,2019-02-19 10:22:24,,0.0,0.0,0,,0.0,0.0,0.0,197
0,[],23,[],2019-01-20 23:31:41,0.0,0,0,6477079,2019-01-20 23:31:41,,0.0,0.0,0,,0.0,0.0,0.0,199
0,[],22,[],2019-02-19 10:22:28,0.0,0,0,6718964,2019-02-19 10:22:28,,5.17330081,0.0,0,,21824453.0,0.0,0.0,199
1,[],26,[],2019-02-19 10:22:28,0.0,0.00000000,0,6718965,2019-02-19 10:22:28,btc,0.0,636198.0,0.00000000,btc,0.0,0.0,0.0,199
0,[],17,[],2019-01-30 16:32:01,0.0,0,0,6540827,2019-01-30 16:32:01,btc,6.802544163788159,0.0,0,btc,105897.55575295,0.0,0.0,200
0,[],2,[],2019-01-20 23:30:49,0.0,0,0,6477059,2019-01-20 23:30:49,,0.0,0.0,0,,0.0,0.0,0.0,201
1,[],4,[],2019-01-25 15:51:35,2084389.58565343,0.00000936,0.000000000333526752,6499557,2019-01-25 15:51:35,btc,2.0092503037378524,0.0,0.00000936,btc,160195.80207885,0.19272417,1.242687955921835,211
1,[],7,[],2019-02-19 10:22:31,4948026.23271826,0.00000137999999999999991637657063836552850943917292170226573944091796875,0.00000000005373595799999999,6718966,2019-02-19 10:22:31,btc,15475875.828798696,1084108.36323,0.00000137999999999999991637657063836552850943917292170226573944091796875,btc,12675379.75950878,0.0,3.4101253780629492,212
1,[],12,[],2019-01-25 02:44:32,207462.42853209,0.000001080000000000000035831255497387193287295303889550268650054931640625,0.000000000038610756000000006,6493050,2019-01-25 02:44:32,btc,85023.03793723314,0.0,0.000001080000000000000035831255497387193287295303889550268650054931640625,btc,43675.73520027,0.000146250909087,0.0348620860622024,213
1,[],5,[],2019-02-19 10:22:32,0.0,0,0,6718967,2019-02-19 10:22:32,btc,0.0,0.05514471,0,btc,0.0,0.0,0.0,213
1,[],24,[],2019-02-19 10:22:33,0.0,0.000000050000,0.000000000001946955,6718968,2019-02-19 10:22:33,btc,0.0,20.0,0.000000050000,btc,0.0,1.76e-05,0.0,213
1,[],26,[],2019-02-19 10:22:33,0.0,0.00000009,0.000000000003504519,6718969,2019-02-19 10:22:33,btc,0.0,0.0,0.00000009,btc,0.0,0.0,0.0,213
0,[],22,[],2019-02-19 10:22:36,0.0,0,0,6718970,2019-02-19 10:22:36,,2.19551377,0.0,0,,211112.59081706151,0.0,0.0,216
1,[],27,[],2019-02-19 10:22:41,5204157.5615,0.00000006,0.000000000002336346,6718971,2019-02-19 10:22:41,btc,362.0745472606,0.0,0.00000006,"btc,ltc",264161.775,0.0,0.05478726246,216
1,[],22,[],2019-02-19 10:22:45,185150.4215558848,0.00000194,0.000000000075541854,6718972,2019-02-19 10:22:45,BTC,12676.77385515,0.0,0.00000194,BTC,399021.58148959326,0.05787054,0.20771683,217
1,[],7,[],2019-02-19 10:22:47,0.0,0,0,6718973,2019-02-19 10:22:47,btc,77969.6156418105,0.0,0,btc,137055636.5050253,0.0,0.0,219
0,[],27,[],2019-02-19 10:22:49,0.0,0,0,6718974,2019-02-19 10:22:49,,5.341833788316972,0.0,0,btc,1599140.99226595,0.0,0.0,219
0.0000000000000053,[],28,[],2019-02-19 10:22:51,168163313.092,4.399477e-18,1.7131167485070001e-22,6718975,2019-02-19 10:22:51,doge,84047.8870939895,14071.0,0.00083009,"btc,doge",4762557.44411,0.0,1.1688635191466321e-11,219
1,[],22,[],2019-02-19 10:22:55,245477.6,0.00000019,0.000000000007398429,6718976,2019-02-19 10:22:55,BTC,2.99426303,0.0,0.00000019,BTC,90991.48152986987,0.0,0.02663551,221
1,[],24,[],2019-02-19 10:22:55,0.0,0.000000180000,0.000000000007009038,6718977,2019-02-19 10:22:55,btc,0.0,0.0,0.000000180000,btc,0.0,0.0,0.0,221
0,[],22,[],2019-02-19 10:22:59,0.0,0,0,6718978,2019-02-19 10:22:59,,0.0,0.0,0,,0.0,0.0,0.0,224
1,[],20,[],2019-02-19 10:15:00,41161710.8437,0.000000002,0.0000000000000780212,6718775,2019-02-19 10:15:00,btc,47.9786214075211,0.0,0.000000002,btc,10194573.1132,0.0,0.0417908661075,224
1,[],26,[],2019-02-19 10:22:59,0.0,0.00000034,0.000000000013239294,6718979,2019-02-19 10:22:59,btc,0.0,0.0,0.00000034,btc,0.0,0.0,0.0,231
1,[],26,[],2019-02-19 10:23:00,0.0,0.00000006,0.000000000002336346,6718980,2019-02-19 10:23:00,btc,0.0,100.0,0.00000006,btc,0.0,0.0,0.0,234
0,[],27,[],2019-02-19 10:23:03,0.0,0,0,6718981,2019-02-19 10:23:03,,0.0113483662182,0.0,0,"btc,eth",11462.99618,0.0,0.0,234
0,[],22,[],2019-02-19 10:23:07,0.0,0,0,6718982,2019-02-19 10:23:07,,4.08286522,0.0,0,,104073927.81349206,0.0,0.0,235
1,[],4,[],2019-02-19 10:23:08,857973.53017198,0.00000082,0.000000000031930062,6718983,2019-02-19 10:23:08,btc,0.3140421556031655,0.0,0.00000082,btc,248256.91160642,0.03247268,0.239876541459962,236
1,[],24,[],2019-02-19 10:23:08,0.0,0.000000020010,0.000000000000779171391,6718984,2019-02-19 10:23:08,btc,0.0,0.0,0.000000020010,btc,0.0,0.0,0.0,236
1,[],20,[],2019-02-19 10:23:10,67534940.0132,0.000000072,0.0000000000028036151999999998,6718985,2019-02-19 10:23:10,btc,16.9996709303331,37199155.5556,0.000000072,btc,41486574.4022,2.8202745750784,0.4905646253441,237
1,[],22,[],2019-02-19 10:23:15,116403.0,0.00000004,0.000000000001557564,6718986,2019-02-19 10:23:15,BTC,0.0405823,0.0,0.00000004,"BTC,LTC",3164.0,0.0,0.00482009,237
1,[],4,[],2019-02-19 10:23:16,4758259.90522733,0.00000034,0.000000000013239294,6718987,2019-02-19 10:23:16,btc,0.4517355307053209,0.0,0.00000034,btc,1161306.14585818,0.35987265,1.5123305894390822,238
1,[],5,[],2019-02-19 10:23:17,0.0,0,0,6718988,2019-02-19 10:23:17,btc,0.0,0.03634749,0,btc,0.0,0.0,0.0,238
0,[],22,[],2019-02-19 10:23:20,0.0,0,0,6718989,2019-02-19 10:23:20,,27.41701007,0.0,0,,370860.0639027493,0.0,0.0,249
0.0000000001213972,[],22,[],2019-02-19 10:23:24,7021097.666666667,3.641916e-18,1.418129313156e-22,6718990,2019-02-19 10:23:24,LTC,0.56670218,0.0,0.00000003,LTC,15147487.09,0.0,0.20963595,252
1,[],28,[],2019-02-19 10:23:29,4391956.698,0.0000001,0.00000000000389391,6718991,2019-02-19 10:23:29,btc,164693.70277468514,66711.4,0.0000001,btc,1125305.4751,0.0,0.2663411375,256
1,[],22,[],2019-02-19 10:23:33,1494873.6666666667,0.00000003,0.000000000001168173,6718992,2019-02-19 10:23:33,BTC,31.40192641,0.0,0.00000003,BTC,467378.47912002786,0.0,0.04370093,258
1,[],22,[],2019-02-19 10:06:49,49651.0,0.00000002,0.000000000000777414,6718596,2019-02-19 10:06:49,BTC,2.629917,0.0,0.00000002,BTC,1762.0,0.0,0.00050551,259
1,[],22,[],2019-02-19 10:23:37,10631.0,0.00000800,0.0000000003115128,6718993,2019-02-19 10:23:37,BTC,1293.00671322,0.0,0.00000800,"BTC,LTC",5161.329812607565,0.0,0.01101185,262
1,[],5,[],2019-02-19 10:23:38,0.0,0,0,6718994,2019-02-19 10:23:38,btc,0.0,0.08735987,0,btc,0.0,0.0,0.0,264
1,[],20,[],2019-02-19 10:23:40,1235748.7546,0.0000026,0.00000000010124165999999999,6718995,2019-02-19 10:23:40,btc,8.6272157839506,18672.1709,0.0000026,btc,151616.2182,0.06862247536,0.0187236279084,264
1,[],22,[],2019-02-19 10:23:45,53663.5,0.00000002,0.000000000000778782,6718996,2019-02-19 10:23:45,BTC,8.43553312,0.0,0.00000002,BTC,415509.1485028838,0.00017,0.00057564,271
0,[],22,[],2019-02-19 10:23:47,0.0,0,0,6718997,2019-02-19 10:23:47,,385.44178703,0.0,0,,15173097515.9,0.0,0.0,272
0.0000000000000053,[],28,[],2019-02-19 10:23:52,212363939445.506,4.2400000000000005e-21,1.6510178400000001e-25,6718998,2019-02-19 10:23:52,doge,441766727.47659695,24275552879.603,0.0000008,doge,216995362677.33868,0.0,5.705969203731709e-10,272
1,[],22,[],2019-02-19 10:23:58,19114.156998003993,0.00000650,0.00000000025310415,6718999,2019-02-19 10:23:58,BTC,74.23005231,0.0,0.00000650,"BTC,LTC",4515.887704275736,0.05193403,0.07313123,281
