pairValue,buyBook,exchangeId,sellBook,updated,buyTotal,satoshiPrice,usdPrice,exchangeLogId,created,bestPair,sellTotalBtc,volume,pairPrice,activePairs,sellTotal,volumeBtc,buyTotalBtc,coinId
1,[],3,[],2019-06-26 15:24:33,31395.935935627807,0.00846392999999999971760811234844368300400674343109130859375,0.000001092360730550999961776010767,7767905,2019-06-26 15:24:33,btc,9.389861297312894,59.272011977,0.00846392999999999971760811234844368300400674343109130859375,btc,41.619085134133,0.0,0.28480170864498633,1
1,[],4,[],2019-06-26 15:24:34,207796.92653865,0.00858001,0.000001107342096606999998197316741,7767906,2019-06-26 15:24:34,btc,9.423505785451313,0.0,0.00858001,btc,443.81337545,6.80496385,0.597559753000321,1
1,[],5,[],2019-06-26 15:24:36,0.0,0,0,7767907,2019-06-26 15:24:36,btc,0.0,0.28081417,0,btc,0.0,0.0,0.0,1
1,[],10,[],2019-06-26 15:24:38,308932.01573404,0.00220553,0.000000284647245671,7767908,2019-06-26 15:24:38,btc,6521.427664046414,1602.92063253,0.00220553,btc,1261.52805219,0.0,1.5942371045880206,1
1,[],12,[],2019-06-26 15:24:41,100.15092398,0.00854000000000000071553873937091339030303061008453369140625,0.000001102178378000000090553653530,7767909,2019-06-26 15:24:41,btc,0.259147398435,0.0,0.00854000000000000071553873937091339030303061008453369140625,btc,23.84287921,1.322126382521,0.1583353077833,1
1,[],20,[],2019-06-26 15:24:43,928.196,0.00801003,0.000001033780078820999998317071077,7767910,2019-06-26 15:24:43,btc,0.1510413640872,2.2742,0.00801003,btc,11.3342,0.0231201280876,0.1259940410623,1
1,[],21,[],2019-06-26 15:24:44,2049.72836069,0.008547300000000000730349114519,0.000001103120521110000092463557164,7767911,2019-06-26 15:24:44,btc,10.833346159088682,15643.81215252,0.008547300000000000730349114519412978552281856536865234375,"btc,eth",1574.60589043,125.31261766107241,13.358595711279174,1
1,[],22,[],2019-06-26 15:24:48,0.0199,0.00110000,0.00000014196677,7767912,2019-06-26 15:24:48,BTC,0.01666796,0.0,0.00110000,BTC,0.25318100557485945,0.0,2.189e-05,1
1,[],24,[],2019-06-26 15:24:48,0.0,0.000000000000,0,7767913,2019-06-26 15:24:48,btc,0.0,0.0,0.000000000000,btc,0.0,0.0,0.0,1
0.0,[],25,[],2019-06-26 15:24:50,0.0,0,0,7767914,2019-06-26 15:24:50,btc,46.984499998767255,19086.24547635,0.0,btc,5308.72621756,179.831,0.0,1
1,[],26,[],2019-06-26 15:24:54,0.0,0,0,7767915,2019-06-26 15:24:54,,0.0,0.0,0,,0.0,0.0,0.0,1
0,[],28,[],2019-06-26 15:24:55,0.0,0,0,7767916,2019-06-26 15:24:55,,0.0,0.0,0,,0.0,0.0,0.0,1
0,[],2,[],2019-01-20 23:28:45,0.0,0,0,6477011,2019-01-20 23:28:45,,0.0,0.0,0,,0.0,0.0,0.0,1
1,[],5,[],2019-06-17 14:29:02,0.0,0,0,7740076,2019-06-17 14:29:02,btc,0.0,2.72e-05,0,btc,0.0,0.0,0.0,2
1,[],22,[],2019-06-17 14:29:06,11550.3,0.0000002,0.0000000000185828,7740077,2019-06-17 14:29:06,BTC,21.00897301,0.0,0.0000002,"BTC,XMR",20678.87287795317,1.754e-05,0.00143681,2
1,[],5,[],2019-06-03 14:48:58,0.0,0,0,7731126,2019-06-03 14:48:58,btc,0.0,0.05905545,0,btc,0.0,0.0,0.0,3
1,[],12,[],2019-06-03 14:48:59,3468623.70302,0.000000116,0.000000000009823402000000002,7731127,2019-06-03 14:48:59,btc,169531.0336573751,0.0,0.000000116,btc,2361209.62379607,0.041350953071,0.33764769154428,3
0,[],28,[],2019-06-03 14:49:00,0.0,0,0,7731128,2019-06-03 14:49:00,,0.0,0.0,0,,0.0,0.0,0.0,3
0,[],2,[],2019-01-20 23:31:32,0.0,0,0,6477077,2019-01-20 23:31:32,,0.0,0.0,0,,0.0,0.0,0.0,4
1,[],4,[],2019-05-18 21:29:50,562734.9206932,0.00000010,0.000000000007298720000000001,7650946,2019-05-18 21:29:50,btc,41.9347137769675,0.0,0.00000010,btc,1123702.32192634,0.00052462,0.029254593370966,4
0,[],12,[],2019-06-02 05:03:43,0.0,0,0,7724919,2019-06-02 05:03:43,btc,625.901992874995,0.0,0,btc,1211362.4995005,0.0,0.0,5
0,[],2,[],2019-01-20 23:31:51,0.0,0,0,6477087,2019-01-20 23:31:51,,0.0,0.0,0,,0.0,0.0,0.0,6
1,[],11,[],2019-06-26 15:24:57,6351847.276736,0.00000001,0.000000000001290607,7767917,2019-06-26 15:24:57,btc,9583.564929362632,10000.0,0.00000001,btc,76260844.64770687,0.0,0.06351847276736,6
1,[],3,[],2019-06-26 15:24:58,11529.948866225666,0.0000508699999999999991485803707558233099916833452880382537841796875,0.000000006565317809,7767918,2019-06-26 15:24:58,btc,1026.2840496605593,627.29874475,0.0000508699999999999991485803707558233099916833452880382537841796875,btc,366.257407854402,0.0,0.013054630358088865,7
1,[],4,[],2019-06-26 15:24:58,315146.03024901,0.00006313,0.000000008147601991,7767919,2019-06-26 15:24:58,btc,6.606182273955554,0.0,0.00006313,btc,51233.82833429,1.53177835,1.6316172883300284,7
1,[],5,[],2019-06-26 15:25:00,0.0,0,0,7767920,2019-06-26 15:25:00,btc,0.0,0.20595484,0,btc,0.0,0.0,0.0,7
1,[],20,[],2019-04-07 22:06:50,3201475.0482,0.000000001,0.000000000000051590000000000004,7213932,2019-04-07 22:06:50,btc,30.8005781811902,0.0,0.000000001,btc,23077405.3926,0.0,0.0032014750482,8
0,[],2,[],2019-01-20 23:22:42,0.0,0,0,6476876,2019-01-20 23:22:42,,0.0,0.0,0,,0.0,0.0,0.0,9
0,[],23,[],2019-01-20 23:22:48,0.0,0,0,6476878,2019-01-20 23:22:48,,0.0,0.0,0,,0.0,0.0,0.0,9
1,[],4,[],2019-06-26 15:25:04,2013016.64075135,0.00000041,0.000000000052914887,7767921,2019-06-26 15:25:04,btc,2.8982617375430317,0.0,0.00000041,btc,3013558.86811069,0.46256376,0.3645128418563474,9
0,[],28,[],2019-06-26 15:25:05,0.0,0,0,7767922,2019-06-26 15:25:05,,0.0,0.0,0,,0.0,0.0,0.0,9
1,[],1,[],2019-02-17 23:31:42,1822507.21,0.00000181000000000000003456111265232042484285557293333113193511962890625,0.000000000066086901,6701244,2019-02-17 23:31:42,btc,3.6990969245,17153386.5,0.00000181000000000000003456111265232042484285557293333113193511962890625,btc,1997391.71,31.11772986,3.2610482446,9
1,[],4,[],2019-02-17 11:22:43,4341674.27126056,0.00000002,0.0000000000007272960000000001,6696112,2019-02-17 11:22:43,btc,0.1997230937751353,0.0,0.00000002,btc,4109766.79808031,0.00215132,0.0479381022052112,10
0,[],2,[],2019-01-20 23:23:08,0.0,0,0,6476890,2019-01-20 23:23:08,,0.0,0.0,0,,0.0,0.0,0.0,12
1,[],4,[],2019-06-26 15:25:05,40818649.59247783,0.00000025,0.000000000032265175,7767923,2019-06-26 15:25:05,btc,6.884109301374671,0.0,0.00000025,btc,8220318.07417487,0.69473593,1.5854392248837652,12
1,[],5,[],2019-06-26 15:25:06,0.0,0,0,7767924,2019-06-26 15:25:06,btc,0.0,0.06234383,0,btc,0.0,0.0,0.0,12
0.0,[],25,[],2019-06-26 15:25:08,0.0,0,0,7767925,2019-06-26 15:25:08,,0.0,0.0,0.0,btc,0.0,0.0,0.0,12
1,[],4,[],2019-06-26 15:25:10,562137.89436046,0.00000273,0.000000000352335711,7767926,2019-06-26 15:25:10,btc,1.9828640441298961,0.0,0.00000273,btc,338583.17277018,0.29904681,0.2564846889483898,13
1,[],21,[],2019-06-26 15:25:13,6097376.64791365,0.000002780000000000000064782164008,0.000000000358788746,7767927,2019-06-26 15:25:13,btc,3.4890371094425556,1174958.20285186,0.00000278000000000000006478216400818137543637931230477988719940185546875,btc,954783.1124526,3.43201446,3.0436795565472337,13
1,[],10,[],2019-06-26 14:48:23,601059.53369543,0.00000284,0.000000000367968576,7767759,2019-06-26 14:48:23,btc,666797.87550774,45376.3758996,0.00000284,btc,868320.53469098,0.0,0.2462104693567154,13
1,[],4,[],2019-06-26 15:25:14,945542.3996759,0.00000042,0.000000000054205494,7767928,2019-06-26 15:25:14,btc,3.9708604317990055,0.0,0.00000042,btc,1565329.27528589,0.01569399,0.0687482384237274,14
1,[],12,[],2019-06-26 15:25:15,231954.82270743,0.00000051,0.000000000065820957,7767929,2019-06-26 15:25:15,btc,193.48127439767606,0.0,0.00000051,btc,37572.58920806,0.007374671539,0.0130637999999852,14
1,[],26,[],2019-06-26 15:27:16,0.0,0.00000050,0.00000000006453035,7767930,2019-06-26 15:27:16,btc,0.0,0.0,0.00000050,btc,0.0,0.0,0.0,14
0,[],17,[],2019-05-03 00:53:32,0.0,0,0,7558876,2019-05-03 00:53:32,btc,0.0,0.0,0,btc,0.0,0.0,0.0,14
0,[],4,[],2019-06-26 15:27:17,0.0,0,0,7767931,2019-06-26 15:27:17,,0.0,0.0,0,,0.0,0.0,0.0,15
,[],12,[],2018-12-01 15:15:48,204241.84496,0.00000489,0.000000000202473384,5260204,2018-12-01 15:15:48,btc,49.5475654835,0.0,,btc,35763.2193806,0.0163153972027625,0.0203389899998,15
0,[],2,[],2019-01-20 23:23:38,0.0,0,0,6476906,2019-01-20 23:23:38,,0.0,0.0,0,,0.0,0.0,0.0,18
1,[],4,[],2019-06-26 15:27:18,30507.62575361,0.00000857,0.000000001106050199,7767932,2019-06-26 15:27:18,btc,2.4503696873030396,0.0,0.00000857,btc,16585.52408871,0.02281254,0.0338461394273793,18
1,[],10,[],2019-06-26 15:27:20,419444.30743007,0.000008,0.0000000010324855999999999,7767933,2019-06-26 15:27:20,btc,14.890225035842011,17286.8781989,0.000008,btc,10989.60558197,0.0,0.3133965569250076,18
1,[],12,[],2019-06-26 15:27:22,970.72013448,0.000008509999999999999837252580292545900420009274967014789581298828125,0.000000001098306557,7767934,2019-06-26 15:27:22,btc,0.5224306896463493,0.0,0.000008509999999999999837252580292545900420009274967014789581298828125,btc,1928.74278592,2.898816e-06,0.0038489530849148,18
0,[],17,[],2019-05-03 00:53:39,0.0,0,0,7558882,2019-05-03 00:53:39,btc,0.0,0.0,0,btc,0.0,0.0,0.0,18
0,[],2,[],2019-01-20 23:24:19,0.0,0,0,6476924,2019-01-20 23:24:19,,0.0,0.0,0,,0.0,0.0,0.0,19
1,[],3,[],2019-06-26 15:29:23,154173.53968407412,0.000008410000000000000794689834771045156003310694359242916107177734375,0.000000001085400487,7767935,2019-06-26 15:29:23,btc,190.32268082202663,16275.943587,0.000008410000000000000794689834771045156003310694359242916107177734375,btc,18000.391879920637,0.0,0.0583408086057333,19
1,[],4,[],2019-06-26 15:29:23,329124.49814786,0.00000821,0.000000001059588347,7767936,2019-06-26 15:29:23,btc,5.448452943559397,0.0,0.00000821,btc,252909.33480758,0.32163742,1.4695413940580826,19
1,[],5,[],2019-06-26 15:29:24,0.0,0,0,7767937,2019-06-26 15:29:24,btc,0.0,0.00995685,0,btc,0.0,0.0,0.0,19
1,[],12,[],2019-06-26 15:29:26,107187.3945799,0.0000060599999999999995775427918953681682978640310466289520263671875,0.000000000782107842,7767938,2019-06-26 15:29:26,btc,1.2063306577290605,0.0,0.0000060599999999999995775427918953681682978640310466289520263671875,btc,3008.56634116,4.7762537e-05,0.009692549999813,19
0,[],27,[],2019-06-26 15:29:31,0.0,0,0,7767939,2019-06-26 15:29:31,,0.0,0.0,0,btc,0.0,0.0,0.0,19
1,[],4,[],2019-06-26 15:29:32,10090138.5653973,0.00000005,0.000000000006453035,7767940,2019-06-26 15:29:32,btc,5.170127655812324,0.0,0.00000005,btc,2245045.26778403,0.00297019,0.1172023382581316,20
0,[],4,[],2019-06-26 15:29:33,0.0,0,0,7767941,2019-06-26 15:29:33,,12503.52308048411,0.0,0,,84134481.80349497,0.0,0.0,21
0,[],12,[],2019-06-26 15:29:34,0.0,0,0,7767942,2019-06-26 15:29:34,btc,2602.952815246953,0.0,0,btc,8020363.49350646,5.654346e-06,0.0,21
0,[],17,[],2019-05-03 00:53:51,0.0,0,0,7558891,2019-05-03 00:53:51,btc,0.0,0.0,0,btc,0.0,0.0,0.0,21
1,[],12,[],2019-06-26 15:31:36,5944069951.277,0.0000000004,0.000000000000051624280000000004,7767943,2019-06-26 15:31:36,btc,1426620272819.2974,0.0,0.0000000004,btc,2752882438.1103234,0.054131108507,1.4701478009108002,23
0.00000000026855020000000003,[],27,[],2019-06-26 15:31:41,115918000.53796203,8.056506e-18,1.0397783039142e-21,7767944,2019-06-26 15:31:41,eth,1072.79537230082,494196.96203796,0.00000003,eth,5546298.756,3.981501095682e-12,5.891771018764294e-10,23
1,[],4,[],2019-06-22 05:45:29,6100414.07522138,0.00000017,0.00000000001823352,7751732,2019-06-22 05:45:29,btc,10.22685272773715,0.0,0.00000017,btc,1790815.48208265,0.0,0.1345450262400025,24
0,[],22,[],2019-06-22 05:45:31,0.0,0,0,7751733,2019-06-22 05:45:31,,6.22e-05,0.0,0,,517.4264705882352,0.0,0.0,24
0.0,[],25,[],2019-06-22 05:45:32,0.0,0,0,7751734,2019-06-22 05:45:32,,0.0,0.0,0.0,btc,0.0,0.0,0.0,24
1,[],4,[],2019-06-26 15:31:41,26909540.37255669,0.00000337,0.000000000434934559,7767945,2019-06-26 15:31:41,btc,6.541648504409777,0.0,0.00000337,btc,216695.05935745,0.06806088,0.3286870925369284,26
1,[],10,[],2019-06-26 15:31:43,163168.47828161,0.00000455,0.0000000005872261849999999,7767946,2019-06-26 15:31:43,btc,25.362600251960796,5756.67278945,0.00000455,btc,20541.29240583,0.0,0.0518492240328435,26
0,[],2,[],2019-01-20 23:25:56,0.0,0,0,6476976,2019-01-20 23:25:56,,0.0,0.0,0,,0.0,0.0,0.0,26
1,[],5,[],2019-04-26 09:47:06,0.0,0,0,7465326,2019-04-26 09:47:06,btc,0.0,0.0,0,btc,0.0,0.0,0.0,27
1,[],3,[],2019-06-17 14:30:26,13571825.64059417,0.00000001,0.00000000000092914,7740112,2019-06-17 14:30:26,btc,3.485049956644059,4264730.43754,0.00000001,btc,23500048.28518193,0.0,0.1357182564059417,27
1,[],11,[],2019-06-17 14:30:28,2031833.58157834,0.00000001,0.00000000000092914,7740113,2019-06-17 14:30:28,btc,67502.92060589766,32677.9652116,0.00000001,btc,6487362.95640949,0.0,0.0203183358157834,27
1,[],4,[],2019-06-26 15:31:44,479194210.36304027,0.00000001,0.000000000001290607,7767947,2019-06-26 15:31:44,btc,8.865816966885218,0.0,0.00000001,"btc,ltc",525738146.3485925,3.385802,1.1228693249775623,29
1,[],7,[],2019-06-26 15:31:45,65862588.63461273,0.00000001,0.000000000001290607,7767948,2019-06-26 15:31:45,btc,46548272.26835632,20680165.209,0.00000001,btc,40789211.57040084,0.20697936,0.6586258863461273,29
1,[],4,[],2019-06-26 15:31:46,15209363.21680175,0.00000003,0.000000000003871821,7767949,2019-06-26 15:31:46,btc,2.5886090158638044,0.0,0.00000003,btc,2251231.51566908,0.00634512,0.1627517889387151,30
0,[],17,[],2019-05-03 01:11:25,0.0,0,0,7559066,2019-05-03 01:11:25,btc,0.0,0.0,0,btc,0.0,0.0,0.0,30
1,[],4,[],2019-06-26 15:33:47,231487.03401669,0.00002750,0.00000000354916925,7767950,2019-06-26 15:33:47,btc,3.3919328811104448,0.0,0.00002750,btc,55074.33265899,0.74562016,0.3637570961767574,31
1,[],21,[],2019-06-26 15:33:48,831538.9819184,0.00002858999999999999901329796048,0.0000000036898454129999997,7767951,2019-06-26 15:33:48,btc,7.520832696968509,1208023.11592987,0.00002858999999999999901329796048177200873396941460669040679931640625,btc,207389.02098572,37.755983,4.093227685829348,31
0,[],2,[],2019-01-20 23:28:43,0.0,0,0,6477009,2019-01-20 23:28:43,,0.0,0.0,0,,0.0,0.0,0.0,32
0,[],4,[],2019-06-26 15:33:49,0.0,0,0,7767952,2019-06-26 15:33:49,,0.0,0.0,0,,0.0,0.0,0.0,33
1,[],12,[],2019-03-30 07:55:10,40641173.964,0.00000003,0.000000000001228359,7108785,2019-03-30 07:55:10,btc,4233210.82356125,0.0,0.00000003,btc,28378394.68333462,0.0126927883965248,0.90752895892,33
0.000000000105796,[],4,[],2019-06-26 15:33:50,149061718.08852223,4.655024e-17,6.007806559568e-21,7767953,2019-06-26 15:33:50,ltc,4.299505224515293,0.0,0.00000044,ltc,163652429.46139085,0.00111336,6.541733161713388e-10,34
1,[],5,[],2019-06-26 15:33:52,0.0,0,0,7767954,2019-06-26 15:33:52,btc,0.0,0.0457168,0,btc,0.0,0.0,0.0,34
0.0000000002926451,[],17,[],2019-05-02 18:17:47,200000.0,2.9264510000000002e-18,1.596703856561e-22,7556430,2019-05-02 18:17:47,eth,0.20942468735267253,0.0,0.00000001,"btc,eth",1018272.20243647,0.0,5.852902e-13,36
0.0000000001311821,[],4,[],2019-05-31 13:28:19,2417517744.0607657,1.311821e-18,1.105058333085e-22,7717483,2019-05-31 13:28:19,ltc,5.019900492391546e-08,0.0,0.00000001,ltc,7102398142.262129,0.0,3.171350544531538e-09,36
1,[],5,[],2019-05-31 13:28:21,0.0,0,0,7717484,2019-05-31 13:28:21,btc,0.0,0.0,0,btc,0.0,0.0,0.0,36
0.0000000003108179,[],27,[],2019-05-31 13:30:34,10388811.226876,6.216358000000001e-18,5.236566733830001e-22,7717485,2019-05-31 13:30:34,eth,1569.8708019850988,761866.634299,0.00000002,"ltc,eth",5084024.2511555,4.736034912207001e-12,3.3251980286483705e-11,36
1,[],4,[],2019-06-25 10:05:55,10747826.61931615,0.00000014,0.000000000015920562,7762320,2019-06-25 10:05:55,btc,19773.05513423956,0.0,0.00000014,btc,682946.14349671,0.0006293,0.1362851255028938,37
1,[],12,[],2019-06-25 10:05:57,4167862.54235103,0.00000013,0.000000000014783379,7762321,2019-06-25 10:05:57,btc,7.381091518261743,0.0,0.00000013,btc,1713444.53926904,0.016313049979,0.1478110147956336,37
1,[],27,[],2019-06-25 10:08:02,10970.0,0.00000019,0.000000000021606477,7762322,2019-06-25 10:08:02,btc,22.62970013895233,0.0,0.00000019,btc,4298.824295,0.0,0.00167419,37
1,[],17,[],2019-05-03 01:11:36,211752.74075282,0.00000025,0.000000000013700074999999998,7559074,2019-05-03 01:11:36,btc,0.055484923955058496,0.0,0.00000025,"btc,eth",1387.19918473,0.0,0.0005381851887916605,37
1,[],5,[],2019-06-26 15:33:53,0.0,0,0,7767955,2019-06-26 15:33:53,btc,0.0,0.30295637,0,btc,0.0,0.0,0.0,42
1,[],12,[],2019-06-26 15:33:54,2029790.20713678,0.00000095,0.000000000122607665,7767956,2019-06-26 15:33:54,btc,524.5580371610065,0.0,0.00000095,btc,136559.25705691,0.101661340517,0.0649308299999439,42
1,[],27,[],2019-06-26 15:34:00,683.0,0.00000140,0.00000000018068498,7767957,2019-06-26 15:34:00,btc,0.07600425,0.0,0.00000140,"btc,eth",18.0,0.0,0.0005422,42
1,[],12,[],2019-03-13 09:13:29,1112112.0,0.00000001,0.000000000000386531,6919902,2019-03-13 09:13:29,btc,29058.00478931866,0.0,0.00000001,btc,5967681.93306694,9.99000999e-07,0.01112112,43
1,[],5,[],2019-04-26 22:38:52,0.0,0,0,7474154,2019-04-26 22:38:52,btc,0.0,0.02638891,0,btc,0.0,0.0,0.0,43
0,[],17,[],2019-04-26 22:38:53,0.0,0,0,7474155,2019-04-26 22:38:53,btc,0.0,0.0,0,btc,0.0,0.0,0.0,43
1,[],12,[],2019-03-05 01:54:08,639326.02,0.00000004,0.000000000001486676,6845775,2019-03-05 01:54:08,btc,11116042.728239931,0.0,0.00000004,btc,1103841.4595604,0.0003330765234764,0.014975410599999999,44
0.000000000105796,[],4,[],2019-06-26 15:34:01,108351376.9511354,4.443432e-17,5.734724443224e-21,7767958,2019-06-26 15:34:01,ltc,2559.687694160565,0.0,0.00000042,ltc,26091590.73096898,0.00152616,4.985761355671334e-10,49
0.000000000105796,[],4,[],2019-06-26 15:34:02,315902573.45360464,2.010124e-17,2.594280105268e-21,7767959,2019-06-26 15:34:02,ltc,28152.373268821022,0.0,0.00000019,ltc,196446741.8101631,0.0,1.988407682642683e-09,52
0,[],22,[],2019-06-26 15:34:05,0.0,0,0,7767960,2019-06-26 15:34:05,,10289.80784133,0.0,0,,287058287.4566013,0.0,0.0,57
0,[],27,[],2019-06-26 15:34:11,0.0,0,0,7767961,2019-06-26 15:34:11,,0.0,0.0,0,"btc,eth",0.0,0.0,0.0,57
0,[],4,[],2019-06-26 15:34:12,0.0,0,0,7767962,2019-06-26 15:34:12,,19.71936327263394,0.0,0,,6040987733.402391,0.0,0.0,58
0,[],12,[],2019-06-26 15:34:13,0.0,0,0,7767963,2019-06-26 15:34:13,btc,53605104.93434071,0.0,0,btc,3676059729.6343226,0.039534978573,0.0,58
0.00000000008567750000000001,[],22,[],2019-06-26 15:36:17,126877.0,8.567750000000001e-19,1.1057598124250002e-22,7767964,2019-06-26 15:36:17,XMR,68.17454206,0.0,0.00000001,XMR,9626402.6,0.0,0.00126877,58
1,[],17,[],2019-05-03 01:12:09,1200000.0,0.0000000001,0.00000000000000548003,7559085,2019-05-03 01:12:09,btc,1e+24,0.0,0.0000000001,"btc,eth",39516342.31952568,0.0,0.00010000000058666061,58
1,[],5,[],2019-06-17 14:31:27,0.0,0,0,7740135,2019-06-17 14:31:27,btc,0.0,0.00079154,0,btc,0.0,0.0,0.0,61
1,[],22,[],2019-06-17 14:31:30,13612.833333333334,0.00000012,0.00000000001114968,7740136,2019-06-17 14:31:30,BTC,1002.29123003,0.0,0.00000012,BTC,15014.200177125656,0.0,0.00153257,61
1,[],26,[],2019-06-17 14:31:30,0.0,0.00000050,0.000000000046457,7740137,2019-06-17 14:31:30,btc,0.0,0.0,0.00000050,btc,0.0,0.0,0.0,61
1,[],27,[],2019-06-17 14:31:36,8400.0,0.00000018,0.00000000001672452,7740138,2019-06-17 14:31:36,btc,1.9742539297246655,0.0,0.00000018,"btc,eth",10953.51663696,0.0,0.001512,61
0,[],28,[],2019-06-17 14:31:38,0.0,0,0,7740139,2019-06-17 14:31:38,,0.0,0.0,0,,0.0,0.0,0.0,61
1,[],4,[],2019-06-26 15:36:17,390766.4953298,0.00000068,0.000000000087761276,7767965,2019-06-26 15:36:17,btc,3.4433199081582258,0.0,0.00000068,btc,1286864.08398788,0.07227772,0.1993928748797706,67
0.0,[],25,[],2019-06-26 15:36:19,0.0,0,0,7767966,2019-06-26 15:36:19,,0.0,0.0,0.0,btc,0.0,0.0,0.0,67
1,[],12,[],2019-06-02 06:23:14,910048.355,0.00000006,0.000000000005154929999999999,7725270,2019-06-02 06:23:14,btc,5.167005424215783,0.0,0.00000006,btc,738530.60239759,0.003159757462,0.0187188113,71
,[],5,[],2018-11-20 23:02:39,1.5e-07,0.00000005,0.000000000002128045,4862160,2018-11-20 23:02:39,btc,2.84511358,0.0,,btc,0.00036572,0.0,0.07381892,74
1,[],5,[],2019-06-26 15:36:20,0.0,0,0,7767967,2019-06-26 15:36:20,btc,0.0,0.02444841,0,btc,0.0,0.0,0.0,75
1,[],4,[],2019-06-04 03:25:15,715281.46076168,0.00000001,0.000000000000803619,7734085,2019-06-04 03:25:15,btc,581089.6218469425,0.0,0.00000001,btc,37692563.61091116,0.0,0.0071528146076168,81
0,[],20,[],2019-01-25 09:30:31,0.0,0,0,6495923,2019-01-25 09:30:31,btc,0.0,0.0,0,btc,0.0,0.0,0.0,81
1,[],4,[],2019-06-26 15:36:21,186183.45283017,0.00008417,0.000000010863039119,7767968,2019-06-26 15:36:21,btc,57.59746704018293,0.0,0.00008417,btc,117605.46728457,0.14560321,0.2656514653491604,82
1,[],21,[],2019-06-26 15:36:22,285405.89198206,0.00007812000000000000421527396322,0.000000010082221884000001,7767969,2019-06-26 15:36:22,btc,5.276563568025391,44885.25116286,0.000078120000000000004215273963215082630995311774313449859619140625,btc,52617.78346327,3.74765287,2.653385654109448,82
0,[],17,[],2019-03-25 22:42:34,0.0,0,0,7038780,2019-03-25 22:42:34,btc,0.0445064681804024,0.0,0,btc,995513.18476001,0.0,0.0,84
0.0000000001161485,[],4,[],2019-05-20 13:09:39,216715621.0206096,1.161485e-18,9.0533806701e-23,7657228,2019-05-20 13:09:39,ltc,1.6511566870244727,0.0,0.00000001,ltc,471032407.9048656,0.0,2.5171194308112273e-10,85
,[],22,[],2018-11-20 23:09:34,3408.1,0.0000001,0.0000000000041895,4862324,2018-11-20 23:09:34,BTC,0.04624735,0.0,,BTC,4990.0,0.0,0.00033081,86
1,[],22,[],2019-06-26 09:07:19,62694.0,0.00000005,0.0000000000063518149999999994,7766682,2019-06-26 09:07:19,BTC,1.85249053,0.0,0.00000005,BTC,287024.94736842107,0.0003,0.00062846,87
1,[],27,[],2019-06-26 09:07:25,361781.0,0.0000002,0.000000000025407259999999998,7766683,2019-06-26 09:07:25,btc,19.86923154858,99950.0,0.0000002,btc,548343.482,0.01999,0.01237888,87
,[],2,[],2018-11-20 23:10:47,0.0,0,0,4862359,2018-11-20 23:10:47,,0.0,0.0,,,0.0,0.0,0.0,88
1,[],11,[],2019-06-17 14:31:59,193715.3529613,0.000073310000000000001140094962881477158589405007660388946533203125,0.00000000681152534,7740147,2019-06-17 14:31:59,btc,168.35454702024953,5791.70569014,0.000073310000000000001140094962881477158589405007660388946533203125,btc,196971.41170107,0.0,1.1996165759440112,89
0,[],2,[],2019-01-20 23:31:45,0.0,0,0,6477083,2019-01-20 23:31:45,,0.0,0.0,0,,0.0,0.0,0.0,91
1,[],12,[],2019-06-18 02:35:48,427715.74,0.00000015,0.000000000013911045000000001,7746087,2019-06-18 02:35:48,btc,116.61022144471085,0.0,0.00000015,btc,193315.55943968,0.000180759303,0.0129558314,91
1,[],22,[],2019-06-20 20:27:07,75910.0,0.00000002,0.000000000001914908,7746207,2019-06-20 20:27:07,BTC,0.49565371,0.0,0.00000002,"BTC,LTC",6.384990670617935,0.0,0.0016592,91
0,[],17,[],2019-05-03 01:12:26,0.0,0,0,7559096,2019-05-03 01:12:26,btc,0.0,0.0,0,btc,0.0,0.0,0.0,91
1,[],22,[],2019-06-26 15:36:26,105655.66666666667,0.00000003,0.000000000003871821,7767970,2019-06-26 15:36:26,BTC,11.48170281,0.0,0.00000003,"BTC,LTC",314416.4683191416,0.0,0.06677967,95
0.000000000105796,[],4,[],2019-06-26 15:36:28,538347584.9427185,2.221716e-17,2.867362221612e-21,7767971,2019-06-26 15:36:28,ltc,10.918604928293306,0.0,0.00000021,ltc,155967435.93840697,0.0,7.14802391140176e-10,96
0,[],12,[],2019-06-26 15:36:29,0.0,0,0,7767972,2019-06-26 15:36:29,btc,36.38284688884116,0.0,0,btc,9951840.88411588,0.0,0.0,96
0,[],17,[],2019-05-03 01:12:32,0.0,0,0,7559100,2019-05-03 01:12:32,btc,0.0,0.0,0,btc,0.0,0.0,0.0,96
1,[],4,[],2019-04-14 03:32:46,1039404.33283278,0.00000038,0.000000000019245518,7293458,2019-04-14 03:32:46,btc,4.170086055365747,0.0,0.00000038,btc,3097704.34561074,0.06260606,0.1859928211030784,99
0,[],2,[],2019-01-20 23:23:55,0.0,0,0,6476914,2019-01-20 23:23:55,,0.0,0.0,0,,0.0,0.0,0.0,100
1,[],4,[],2019-06-26 15:38:30,273657.39037126,0.00000904,0.000000001166708728,7767973,2019-06-26 15:38:30,btc,7.617819658696388,0.0,0.00000904,btc,170775.68323969,0.22378062,0.2491447787158256,100
1,[],22,[],2019-06-05 06:30:35,150000.0,0.00000002,0.000000000001558192,7740007,2019-06-05 06:30:35,BTC,28.56386409,0.0,0.00000002,BTC,12787.719,0.0,0.0017,101
1,[],4,[],2019-06-26 15:38:31,544278.56233853,0.00000154,0.000000000198753478,7767974,2019-06-26 15:38:31,btc,883.9321154993816,0.0,0.00000154,btc,753300.7595244,0.01125552,0.0936934296757367,103
1,[],12,[],2019-06-17 14:32:14,179201505.10870332,0.000000005,0.00000000000046457,7740154,2019-06-17 14:32:14,btc,113577.79366343976,0.0,0.000000005,btc,79148141.67831126,0.019059029059,0.27280986350611003,105
1,[],27,[],2019-06-17 14:32:19,18306828.03496503,0.00000002,0.00000000000185828,7740155,2019-06-17 14:32:19,btc,180.7198218385489,1083.96503497,0.00000002,btc,276513.60142659,7.588e-05,0.3661365606993006,105
1,[],22,[],2019-04-21 00:17:26,21333.0,0.00000001,0.000000000000532493,7385819,2019-04-21 00:17:26,BTC,51.38182867,0.0,0.00000001,BTC,470435.0,0.0,0.00021333,107
1,[],26,[],2019-04-21 00:17:26,0.0,0.00000000,0,7385820,2019-04-21 00:17:26,btc,0.0,0.0,0.00000000,btc,0.0,0.0,0.0,107
1,[],5,[],2019-06-26 15:38:34,0.0,0,0,7767975,2019-06-26 15:38:34,btc,0.0,0.015,0,btc,0.0,0.0,0.0,112
0,[],22,[],2019-06-26 15:38:36,0.0,0,0,7767976,2019-06-26 15:38:36,,6.79500102,0.0,0,,3375892.0833333335,0.0,0.0,112
1,[],27,[],2019-06-26 15:38:42,1.0,0.00000001,0.000000000001290607,7767977,2019-06-26 15:38:42,btc,0.0,0.0,0.00000001,"btc,eth",0.0,0.0,1e-08,112
1,[],4,[],2019-06-26 15:38:43,936855.32760049,0.00000042,0.000000000054205494,7767978,2019-06-26 15:38:43,btc,6.389096159011913,0.0,0.00000042,btc,989009.74456379,0.13623361,0.0999539928113848,113
1,[],5,[],2019-06-26 15:38:44,0.0,0,0,7767979,2019-06-26 15:38:44,btc,0.0,0.0,0,btc,0.0,0.0,0.0,113
1,[],17,[],2019-04-26 02:17:47,162738.278,0.00000004,0.0000000000021069000000000002,7461287,2019-04-26 02:17:47,btc,1.3331140273775473,0.0,0.00000004,btc,51796.221,0.0,0.00230953112,116
1,[],27,[],2019-05-22 05:13:01,210000.0,0.00000001,0.00000000000079145,7666372,2019-05-22 05:13:01,btc,3919.0005001478,0.0,0.00000001,btc,128660.871,0.0,0.0021,116
1,[],4,[],2019-05-21 22:31:11,138169.03963019,0.00000701,0.000000000558364025,7664793,2019-05-21 22:31:11,btc,150.95388250938234,0.0,0.00000701,btc,344631.17141974,0.07552974,0.4288357684941946,120
1,[],7,[],2019-05-21 22:31:12,3901.07750076,0.000010679999999999999389654892212320191902108490467071533203125,0.0000000008506887,7664794,2019-05-21 22:31:12,btc,231188.94669936574,0.0,0.000010679999999999999389654892212320191902108490467071533203125,btc,4133.83151364,0.0,0.0113888422364489,120
1,[],20,[],2019-04-07 18:42:29,1914137.0852,0.000000035,0.0000000000017871910000000002,7211992,2019-04-07 18:42:29,btc,32.2497668025648,25528.85,0.000000035,btc,1001975.4986,0.00089350975,0.0152723574729,125
1,[],22,[],2019-06-17 14:32:38,10000.0,0.00000001,0.00000000000092914,7740161,2019-06-17 14:32:38,BTC,0.032061,0.0,0.00000001,BTC,299316.7611111111,0.0,0.0001,126
0,[],2,[],2019-01-20 23:25:46,0.0,0,0,6476969,2019-01-20 23:25:46,,0.0,0.0,0,,0.0,0.0,0.0,131
1,[],4,[],2019-06-26 15:38:45,1195820.16542651,0.00000332,0.000000000428481524,7767980,2019-06-26 15:38:45,btc,2.408278203958994,0.0,0.00000332,btc,175596.47272259,0.08744344,0.6863457197937503,131
1,[],17,[],2019-05-03 01:13:10,10000.0,0.00000001,0.000000000000548003,7559115,2019-05-03 01:13:10,btc,0.0953976503951408,0.0,0.00000001,btc,5037.62507334,0.0,0.0001,131
1,[],4,[],2019-06-17 14:32:42,4848.49465417,0.00007919,0.00000000735785966,7740163,2019-06-17 14:32:42,btc,0.9905723729472744,0.0,0.00007919,btc,202.13055914,0.0,0.0061509344290166,135
1,[],3,[],2019-06-05 06:33:11,40600.27748212,0.00000001,0.000000000000779096,7740019,2019-06-05 06:33:11,btc,0.2308097808993716,2146378.52189,0.00000001,btc,2477992.76904676,0.0,0.0004060027748212,136
1,[],4,[],2019-06-26 15:40:46,808487.52555023,0.00000160,0.00000000020649712,7767981,2019-06-26 15:40:46,btc,112.67747929712337,0.0,0.00000160,btc,513702.84425129,0.06557518,0.3004994486745073,137
1,[],12,[],2019-06-26 15:40:47,67581.22635729,0.000001610000000000000043611490287143173105732785188592970371246337890625,0.000000000207787727,7767982,2019-06-26 15:40:47,btc,80.24168042862527,0.0,0.000001610000000000000043611490287143173105732785188592970371246337890625,btc,83175.92097078,1.62e-06,0.0162422199999633,137
1,[],4,[],2019-06-26 15:40:47,450097.13513799,0.00000948,0.000000001223495436,7767983,2019-06-26 15:40:47,btc,5.6075564619549345,0.0,0.00000948,btc,177459.92204505,0.19098364,0.3746023744660523,142
1,[],5,[],2019-06-26 15:40:49,0.0,0,0,7767984,2019-06-26 15:40:49,btc,0.0,0.01054199,0,btc,0.0,0.0,0.0,142
1,[],20,[],2019-06-26 15:42:50,270217.3147,0.000010143,0.0000000013090626801,7767985,2019-06-26 15:42:50,btc,1.609281940854,71.3191,0.000010143,btc,9994.3792,0.0007465826375,0.0067855976775,142
1,[],22,[],2019-06-26 15:42:54,10820.0,0.00000600,0.0000000007743642,7767986,2019-06-26 15:42:54,BTC,2.99759384,0.0,0.00000600,BTC,835.7198755539798,0.0,0.0053672,142
0.0,[],25,[],2019-06-26 15:43:20,0.0,0,0,7767987,2019-06-26 15:43:20,,0.0,0.0,0.0,btc,0.0,0.0,0.0,142
0,[],28,[],2019-06-26 15:43:22,0.0,0,0,7767988,2019-06-26 15:43:22,,0.0,0.0,0,,0.0,0.0,0.0,142
1,[],17,[],2019-05-03 01:13:16,32967.38636364,0.00000088,0.000000000048224264,7559122,2019-05-03 01:13:16,btc,20.06976206696776,0.0,0.00000088,btc,2746.079105,0.0,0.0105613000000032,142
0,[],22,[],2019-06-26 15:43:24,0.0,0,0,7767989,2019-06-26 15:43:24,,1635.98618676,0.0,0,,788450755.3,0.0,0.0,143
0,[],22,[],2019-02-25 15:42:22,0.0,0,0,6783783,2019-02-25 15:42:22,,4.2131946,0.0,0,,2322156.0,0.0,0.0,146
,[],22,[],2018-11-20 23:01:11,0.0,0,0,4862114,2018-11-20 23:01:11,,2.56807021,0.0,,,61828.4988236,0.0,0.0,147
1,[],12,[],2019-04-21 06:38:04,193091.5971266,0.00000071,0.000000000037635183,7388679,2019-04-21 06:38:04,btc,2.301232411611175,0.0,0.00000071,btc,9957.48302385,0.00023528,0.0313308199999888,148
1,[],4,[],2019-03-19 21:31:25,255810.0415942,0.00000029,0.000000000011615747,6982695,2019-03-19 21:31:25,btc,218.94922712414143,0.0,0.00000029,btc,793529.37642722,0.00117,0.0608347789473395,152
0,[],22,[],2019-03-19 21:31:27,0.0,0,0,6982696,2019-03-19 21:31:27,,0.0,0.0,0,,0.0,0.0,0.0,152
1,[],5,[],2019-04-26 09:36:59,0.0,0,0,7465040,2019-04-26 09:36:59,btc,0.0,0.0,0,btc,0.0,0.0,0.0,153
,[],16,[],2019-01-11 15:38:59,0.0,0,0,6366141,2019-01-11 15:38:59,btc,0.0,0.0,,btc,0.0,0.0,0.0,155
0,[],23,[],2019-01-20 23:24:29,0.0,0,0,6476932,2019-01-20 23:24:29,,0.0,0.0,0,,0.0,0.0,0.0,156
0,[],22,[],2019-06-04 06:02:09,0.0,0,0,7734688,2019-06-04 06:02:09,,7.43375324,0.0,0,,5955762.942592593,0.0,0.0,156
1,[],22,[],2019-06-26 15:43:27,6996.0,0.00000001,0.000000000001290607,7767990,2019-06-26 15:43:27,BTC,1.7543039,0.0,0.00000001,BTC,57.0,0.0,6.996e-05,157
0,[],22,[],2019-05-21 23:40:32,0.0,0,0,7665049,2019-05-21 23:40:32,,50234.60468402,0.0,0,,54786159.03179465,0.0,0.0,158
,[],17,[],2018-11-20 22:56:10,0.0,0,0,4861976,2018-11-20 22:56:10,btc,1.1265625,0.0,,btc,1000.0,0.0,0.0,159
,[],20,[],2018-11-20 22:56:12,0.0,0,0,4861977,2018-11-20 22:56:12,btc,11912.7940471,0.0,,btc,34413894.3617,0.0,0.0,159
1,[],12,[],2019-05-24 02:51:20,9178.522006449999,0.00000191999999999999982841307998027158276954651228152215480804443359375,0.000000000151222656,7676256,2019-05-24 02:51:20,btc,149.80414728631675,0.0,0.00000191999999999999982841307998027158276954651228152215480804443359375,btc,1115.7451448499999,0.01783167678326,0.0120075778999181,168
1,[],17,[],2019-05-03 01:13:36,42852.0,0.00000002,0.000000000001096006,7559132,2019-05-03 01:13:36,btc,0.04279856251542,0.0,0.00000002,btc,274.46171372,0.0,0.00052852,168
1,[],22,[],2019-05-17 03:01:52,10.0,0.00000001,0.000000000000778341,7642059,2019-05-17 03:01:52,BTC,41.95893009,0.0,0.00000001,BTC,1753972.7737547632,0.0,1e-07,169
1,[],22,[],2019-05-30 08:38:18,202834.0,0.00000002,0.0000000000017416160000000001,7711049,2019-05-30 08:38:18,BTC,27.87002826,0.0,0.00000002,BTC,462189.5410507793,0.0,0.00211768,171
1,[],22,[],2019-05-29 08:05:18,349870.0,0.00000002,0.000000000001705894,7705265,2019-05-29 08:05:18,BTC,24.05907723,0.0,0.00000002,"BTC,LTC",1224285.4355616204,0.0,0.0039847,173
1,[],5,[],2019-06-26 15:43:28,0.0,0,0,7767991,2019-06-26 15:43:28,btc,0.0,0.01783164,0,btc,0.0,0.0,0.0,175
1,[],22,[],2019-06-17 14:33:12,90671.0,0.00000001,0.00000000000092914,7740175,2019-06-17 14:33:12,BTC,394.35459412,0.0,0.00000001,BTC,136275.61833431243,0.0,0.00090671,176
1,[],7,[],2019-06-26 15:43:31,0.0,0,0,7767992,2019-06-26 15:43:31,btc,522525.8680776949,0.0,0,btc,27147422.41796134,0.0,0.0,178
0,[],22,[],2019-06-26 15:43:33,0.0,0,0,7767993,2019-06-26 15:43:33,,1.00242428,0.0,0,,57512.0,0.0,0.0,178
0,[],2,[],2019-01-20 23:28:34,0.0,0,0,6477001,2019-01-20 23:28:34,,0.0,0.0,0,,0.0,0.0,0.0,178
0,[],23,[],2019-01-20 23:25:08,0.0,0,0,6476952,2019-01-20 23:25:08,,0.0,0.0,0,,0.0,0.0,0.0,179
1,[],5,[],2019-06-26 15:43:34,0.0,0,0,7767994,2019-06-26 15:43:34,btc,0.0,0.00019051,0,btc,0.0,0.0,0.0,179
0,[],22,[],2019-06-26 15:43:37,0.0,0,0,7767995,2019-06-26 15:43:37,,5.31753917,0.0,0,,14450788.311946675,0.0,0.0,179
1,[],22,[],2019-06-26 15:45:41,675493.3113636364,0.0000004,0.00000000005162428,7767996,2019-06-26 15:45:41,BTC,40.6057021,0.0,0.0000004,"BTC,LTC",159909.76349408494,0.00181744,0.5627408,180
1,[],26,[],2019-06-26 15:45:41,0.0,0.00000010,0.00000000001290607,7767997,2019-06-26 15:45:41,btc,0.0,0.0,0.00000010,btc,0.0,0.0,0.0,180
1,[],17,[],2019-05-03 01:13:56,20504.725000000002,0.0000001,0.00000000000548003,7559141,2019-05-03 01:13:56,btc,5.2010695838400265,0.0,0.0000001,btc,5033.45945,0.0,0.0011504725,180
,[],7,[],2018-11-20 22:58:01,562227.975654,0.00000085,0.000000000036176765,4862015,2018-11-20 22:58:01,btc,21836.6059674,2491.87645172,,btc,749999.041456,0.00211021,0.127565380455,183
,[],5,[],2019-01-10 08:11:41,0.0,0,0,6347036,2019-01-10 08:11:41,btc,82.15055501,0.00261,,btc,1.19002445,0.0,0.0,187
,[],17,[],2018-11-16 20:58:10,4062536.27273,0.00000001,0.000000000000550501,4708775,2018-11-16 20:58:10,btc,3.36492563466,0.195460381006,,"btc,eth",110697919.549,0.0,0.0157628953496,187
1,[],24,[],2019-05-22 21:04:52,0.0,0.000000000014,0.0000000000000010960978,7670219,2019-05-22 21:04:52,btc,0.0,0.0,0.000000000014,btc,0.0,0.0,0.0,187
0,[],22,[],2019-04-25 02:54:07,0.0,0,0,7447896,2019-04-25 02:54:07,,7.54794454,0.0,0,,76361.7243344055,0.0,0.0,191
0,[],22,[],2019-06-17 14:33:34,0.0,0,0,7740182,2019-06-17 14:33:34,,0.0,0.0,0,,0.0,0.0,0.0,197
0,[],23,[],2019-01-20 23:31:41,0.0,0,0,6477079,2019-01-20 23:31:41,,0.0,0.0,0,,0.0,0.0,0.0,199
0,[],22,[],2019-06-26 15:45:43,0.0,0,0,7767998,2019-06-26 15:45:43,,10.58263174,0.0,0,,84280969.0,0.0,0.0,199
1,[],26,[],2019-06-26 15:45:43,0.0,0.00000000,0,7767999,2019-06-26 15:45:43,btc,0.0,0.0,0.00000000,btc,0.0,0.0,0.0,199
0,[],2,[],2019-01-20 23:30:49,0.0,0,0,6477059,2019-01-20 23:30:49,,0.0,0.0,0,,0.0,0.0,0.0,201
1,[],4,[],2019-01-25 15:51:35,2084389.58565343,0.00000936,0.000000000333526752,6499557,2019-01-25 15:51:35,btc,2.0092503037378524,0.0,0.00000936,btc,160195.80207885,0.19272417,1.242687955921835,211
1,[],7,[],2019-06-26 15:45:53,1170054124.6898527,0.00000018,0.000000000023230925999999998,7768000,2019-06-26 15:45:53,btc,1346838.6258339162,0.0,0.00000018,btc,5739479.26464841,0.0,11.954344045954047,212
1,[],12,[],2019-01-25 02:44:32,207462.42853209,0.000001080000000000000035831255497387193287295303889550268650054931640625,0.000000000038610756000000006,6493050,2019-01-25 02:44:32,btc,85023.03793723314,0.0,0.000001080000000000000035831255497387193287295303889550268650054931640625,btc,43675.73520027,0.000146250909087,0.0348620860622024,213
1,[],5,[],2019-05-30 00:07:46,0.0,0,0,7709357,2019-05-30 00:07:46,btc,0.0,0.06425239,0,btc,0.0,0.0,0.0,213
1,[],24,[],2019-05-30 00:07:46,0.0,0.000000399202,0.0000000000344859829346,7709358,2019-05-30 00:07:46,btc,0.0,0.0,0.000000399202,btc,0.0,0.0,0.0,213
1,[],26,[],2019-05-30 00:07:47,0.0,0.00000040,0.000000000034554919999999996,7709359,2019-05-30 00:07:47,btc,0.0,0.0,0.00000040,btc,0.0,0.0,0.0,213
0,[],22,[],2019-06-26 15:45:55,0.0,0,0,7768001,2019-06-26 15:45:55,,9.56923849,0.0,0,,3661587.2040649247,0.0,0.0,216
0,[],27,[],2019-06-26 15:46:03,0.0,0,0,7768002,2019-06-26 15:46:03,,1948.7055054461975,915.0,0,"btc,ltc",477687.29534794,9.15e-06,0.0,216
1,[],22,[],2019-06-26 15:46:06,1423275.723076923,0.00000017,0.000000000021940319,7768003,2019-06-26 15:46:06,BTC,12055.86384887,0.0,0.00000017,BTC,548988.8422816568,0.00238455,0.03825961,217
1,[],7,[],2019-06-26 15:46:07,0.0,0,0,7768004,2019-06-26 15:46:07,btc,2123800.2786640613,4000.0,0,btc,82453746.4752352,4e-05,0.0,219
0,[],27,[],2019-06-26 15:46:13,0.0,0,0,7768005,2019-06-26 15:46:13,,250.23456542469674,0.0,0,btc,2160556.935837,0.0,0.0,219
0,[],28,[],2019-06-26 15:46:14,0.0,0,0,7768006,2019-06-26 15:46:14,,0.0,0.0,0,,0.0,0.0,0.0,219
0,[],22,[],2019-06-26 15:46:16,0.0,0,0,7768007,2019-06-26 15:46:16,,56.75439223,0.0,0,,184664.6482738741,0.0,0.0,221
1,[],24,[],2019-06-26 15:46:17,0.0,0.000000030000,0.000000000003871821,7768008,2019-06-26 15:46:17,btc,0.0,0.0,0.000000030000,btc,0.0,0.0,0.0,221
1,[],20,[],2019-06-17 14:34:11,26882155.8301,0.000000003,0.000000000000278742,7740192,2019-06-17 14:34:11,btc,100050.81956632523,233521.3529,0.000000003,btc,38769742.8604,0.0007925640587,0.0306863532672,224
0,[],22,[],2019-06-17 14:34:13,0.0,0,0,7740193,2019-06-17 14:34:13,,0.0,0.0,0,,0.0,0.0,0.0,224
1,[],26,[],2019-06-26 15:46:17,0.0,0.00000022,0.000000000028393354,7768009,2019-06-26 15:46:17,btc,0.0,0.0,0.00000022,btc,0.0,0.0,0.0,231
1,[],26,[],2019-06-26 15:46:17,0.0,0.00000005,0.000000000006453035,7768010,2019-06-26 15:46:17,btc,0.0,0.0,0.00000005,btc,0.0,0.0,0.0,234
0.00000000026855020000000003,[],27,[],2019-06-26 15:46:24,100.0,2.6855020000000003e-18,3.4659276797140002e-22,7768011,2019-06-26 15:46:24,eth,0.0,0.0,0.00000001,"btc,eth",0.0,0.0,2.685502e-16,234
1,[],4,[],2019-05-22 17:06:12,91780.56053785,0.00000078,0.000000000061977552,7669277,2019-05-22 17:06:12,btc,5.573372450018177,0.0,0.00000078,btc,729173.93529783,0.0,0.0307060663355679,236
1,[],24,[],2019-05-22 17:06:12,0.0,0.000000010000,0.000000000000794584,7669278,2019-05-22 17:06:12,btc,0.0,0.0,0.000000010000,btc,0.0,0.0,0.0,236
1,[],5,[],2019-06-26 15:46:26,0.0,0,0,7768012,2019-06-26 15:46:26,btc,0.0,1.40062669,0,btc,0.0,0.0,0.0,237
1,[],20,[],2019-06-26 15:46:28,145234339.9741,0.000000073,0.0000000000094214311,7768013,2019-06-26 15:46:28,btc,8172549.50335774,25587504.7406,0.000000073,btc,48252913.1316,1.9246951637168,1.1015627244379,237
1,[],22,[],2019-06-26 15:46:32,2084614.0,0.00000004,0.000000000005162428,7768014,2019-06-26 15:46:32,BTC,1.20112188,0.0,0.00000004,"BTC,LTC",14507.148717948718,0.0,0.02587451,237
1,[],4,[],2019-06-26 15:46:32,29382838.64601719,0.00000006,0.000000000007743642,7768015,2019-06-26 15:46:32,btc,2.129479970964648,0.0,0.00000006,btc,10186637.21815214,0.19505291,0.4629957483371252,238
1,[],5,[],2019-06-26 15:46:34,0.0,0,0,7768016,2019-06-26 15:46:34,btc,0.0,0.01684233,0,btc,0.0,0.0,0.0,238
0,[],22,[],2019-03-12 16:49:32,0.0,0,0,6914458,2019-03-12 16:49:32,,0.40415746,0.0,0,,526736.5639027493,0.0,0.0,249
0,[],22,[],2019-05-28 23:53:45,0.0,0,0,7703643,2019-05-28 23:53:45,,13.44714864,0.0,0,,43777534.3426455,0.0,0.0,252
0,[],28,[],2019-06-26 15:46:36,0.0,0,0,7768017,2019-06-26 15:46:36,,0.0,0.0,0,,0.0,0.0,0.0,256
1,[],22,[],2019-06-26 15:46:39,539194.0,0.00000001,0.000000000001290607,7768018,2019-06-26 15:46:39,BTC,31464.57209997,0.0,0.00000001,BTC,1031955.2230878276,7.149e-05,0.00539194,258
1,[],22,[],2019-05-19 18:12:02,400.0,0.00000001,0.0000000000007957800000000001,7653905,2019-05-19 18:12:02,BTC,2.415167,0.0,0.00000001,BTC,157.0,0.0,4e-06,259
1,[],5,[],2019-06-26 15:46:40,0.0,0,0,7768019,2019-06-26 15:46:40,btc,0.0,0.02594864,0,btc,0.0,0.0,0.0,264
1,[],20,[],2019-06-26 15:46:42,933910.4233,0.000000138,0.0000000000178103766,7768020,2019-06-26 15:46:42,btc,1.0499646295459,6203.8411,0.000000138,btc,33080.3178,0.0037511507996,0.0055074328627,264
0,[],22,[],2019-04-12 17:57:27,0.0,0,0,7278186,2019-04-12 17:57:27,,66.37522201,0.0,0,,677842.4169881374,0.0,0.0,271
0,[],22,[],2019-06-26 15:46:45,0.0,0,0,7768021,2019-06-26 15:46:45,,33050469.74148113,0.0,0,,14261527780.7,0.0,0.0,272
0,[],28,[],2019-06-26 15:46:46,0.0,0,0,7768022,2019-06-26 15:46:46,,0.0,0.0,0,,0.0,0.0,0.0,272
1,[],22,[],2019-05-23 07:12:29,219930.0,0.00000004,0.000000000003048688,7671985,2019-05-23 07:12:29,BTC,426.77835217,0.0,0.00000004,BTC,248664.3325962929,0.0,0.00739728,281
1,[],22,[],2019-06-26 15:46:50,2019102.6,0.00000002,0.000000000002581214,7768023,2019-06-26 15:46:50,BTC,4.68199829,0.0,0.00000002,"BTC,LTC",1091500.0324313042,0.00047418,0.02468672,286
0,[],22,[],2019-06-17 14:34:53,0.0,0,0,7740207,2019-06-17 14:34:53,,7337915.80475575,0.0,0,,2078527309.6797826,0.0,0.0,294
