pairValue,buyBook,exchangeId,sellBook,updated,buyTotal,satoshiPrice,usdPrice,exchangeLogId,created,bestPair,sellTotalBtc,volume,pairPrice,activePairs,sellTotal,volumeBtc,buyTotalBtc,coinId
0,[],2,[],2019-01-20 23:28:45,0.0,0,0,6477011,2019-01-20 23:28:45,,0.0,0.0,0,,0.0,0.0,0.0,1
1,[],3,[],2019-06-01 02:04:08,67.074448569422,0.0111000300000000003131095382968851481564342975616455078125,0.0000009510350303580001,7720672,2019-06-01 02:04:08,btc,1.3767377654655324,43.1523657165,0.0111000300000000003131095382968851481564342975616455078125,btc,21.157454250204,0.0,0.24768290571275373,1
1,[],4,[],2019-06-01 02:04:09,207689.35756668,0.01090854,0.0000009346284352440001,7720673,2019-06-01 02:04:09,btc,7.631364143652305,0.0,0.01090854,btc,300.51872683,1.40340134,0.6060609271632053,1
1,[],5,[],2019-06-01 02:04:12,0.0,0,0,7720674,2019-06-01 02:04:12,btc,0.0,0.0128793,0,btc,0.0,0.0,0.0,1
1,[],10,[],2019-06-01 02:04:14,312492.9236226,0.00681234,0.000000583671753924,7720675,2019-06-01 02:04:14,btc,6520.12377473079,1539.12251473,0.00681234,btc,1204.36330969,0.0,2.3943168439496834,1
1,[],12,[],2019-06-01 02:04:17,72.62295908,0.0108900000000000003741451592986777541227638721466064453125,0.0000009330399540000001,7720676,2019-06-01 02:04:17,btc,0.1757216165567,0.0,0.0108900000000000003741451592986777541227638721466064453125,btc,15.23072149,0.010665173873,0.2628562609326,1
1,[],20,[],2019-06-01 02:04:19,934.1413,0.00920886,0.0000007890022323960001,7720677,2019-06-01 02:04:19,btc,0.2238080820174,0.5116,0.00920886,btc,17.3543,0.0054077113918,0.0996090442871,1
1,[],21,[],2019-06-01 02:04:21,1915.83597778,0.01088067000000000027204460906,0.0000009322405726620001,7720678,2019-06-01 02:04:21,btc,10.085172388811099,2082.29376706,0.01088067000000000027204460906204985803924500942230224609375,"btc,eth",1270.73479526,20.47552287460209,17.492627787279698,1
1,[],22,[],2019-06-01 02:04:24,0.0025666666666666667,0.00900000,0.0000007711074000000001,7720679,2019-06-01 02:04:24,BTC,0.31629903,0.0,0.00900000,BTC,0.2505752479991019,0.0,2.31e-05,1
1,[],24,[],2019-06-01 02:04:25,0.0,0.000000000000,0,7720680,2019-06-01 02:04:25,btc,0.0,0.0,0.000000000000,btc,0.0,0.0,0.0,1
0.0,[],25,[],2019-06-01 02:04:26,0.0,0,0,7720681,2019-06-01 02:04:26,btc,10.714999999413308,2003.02055816,0.0,btc,903.53983987,22.155,0.0,1
1,[],26,[],2019-06-01 02:04:28,0.0,0,0,7720682,2019-06-01 02:04:28,,0.0,0.0,0,,0.0,0.0,0.0,1
0,[],28,[],2019-06-01 02:05:18,0.0,0,0,7720683,2019-06-01 02:05:18,,0.0,349210.1,0,,0.0,0.0,0.0,1
1,[],5,[],2019-06-01 02:05:20,0.0,0,0,7720684,2019-06-01 02:05:20,btc,0.0,0.00204234,0,btc,0.0,0.0,0.0,2
0,[],22,[],2019-06-01 02:05:23,0.0,0,0,7720685,2019-06-01 02:05:23,,0.0,0.0,0,,0.0,0.0,0.0,2
1,[],5,[],2019-06-01 02:05:25,0.0,0,0,7720686,2019-06-01 02:05:25,btc,0.0,1.01445876,0,btc,0.0,0.0,0.0,3
1,[],12,[],2019-06-01 02:05:26,1242159.54856,0.000000119,0.0000000000101957534,7720687,2019-06-01 02:05:26,btc,169517.44722224725,0.0,0.000000119,btc,2750198.94478469,0.104262499405,0.09232671543874,3
0,[],28,[],2019-06-01 02:05:28,0.0,0,0,7720688,2019-06-01 02:05:28,,0.0,0.0,0,,0.0,0.0,0.0,3
0,[],2,[],2019-01-20 23:31:32,0.0,0,0,6477077,2019-01-20 23:31:32,,0.0,0.0,0,,0.0,0.0,0.0,4
1,[],4,[],2019-05-18 21:29:50,562734.9206932,0.00000010,0.000000000007298720000000001,7650946,2019-05-18 21:29:50,btc,41.9347137769675,0.0,0.00000010,btc,1123702.32192634,0.00052462,0.029254593370966,4
0,[],12,[],2019-05-31 23:13:02,0.0,0,0,7720137,2019-05-31 23:13:02,btc,625.901992874995,0.0,0,btc,1211362.4995005,0.0,0.0,5
0,[],2,[],2019-01-20 23:31:51,0.0,0,0,6477087,2019-01-20 23:31:51,,0.0,0.0,0,,0.0,0.0,0.0,6
1,[],11,[],2019-06-01 02:05:30,9060347.776736,0.00000002,0.0000000000017135720000000003,7720689,2019-06-01 02:05:30,btc,9582.916036042945,3292184.0,0.00000002,btc,68308596.46260394,0.0,0.13675210276736,6
1,[],3,[],2019-06-01 02:05:32,11366.30994619846,0.000088889999999999997661037642870951458462513983249664306640625,0.000000007615970754,7720690,2019-06-01 02:05:32,btc,0.049071737833766296,176.533509258,0.000088889999999999997661037642870951458462513983249664306640625,btc,173.178246764518,0.0,0.021021253972312012,7
1,[],4,[],2019-06-01 02:05:32,319777.79071357,0.00009502,0.000000008141180572,7720691,2019-06-01 02:05:32,btc,9.57343073335539,0.0,0.00009502,btc,56318.61516702,3.12687594,1.8482851753735274,7
1,[],5,[],2019-06-01 02:05:34,0.0,0,0,7720692,2019-06-01 02:05:34,btc,0.0,0.56500319,0,btc,0.0,0.0,0.0,7
1,[],20,[],2019-04-07 22:06:50,3201475.0482,0.000000001,0.000000000000051590000000000004,7213932,2019-04-07 22:06:50,btc,30.8005781811902,0.0,0.000000001,btc,23077405.3926,0.0,0.0032014750482,8
0,[],2,[],2019-01-20 23:22:42,0.0,0,0,6476876,2019-01-20 23:22:42,,0.0,0.0,0,,0.0,0.0,0.0,9
0,[],23,[],2019-01-20 23:22:48,0.0,0,0,6476878,2019-01-20 23:22:48,,0.0,0.0,0,,0.0,0.0,0.0,9
1,[],1,[],2019-02-17 23:31:42,1822507.21,0.00000181000000000000003456111265232042484285557293333113193511962890625,0.000000000066086901,6701244,2019-02-17 23:31:42,btc,3.6990969245,17153386.5,0.00000181000000000000003456111265232042484285557293333113193511962890625,btc,1997391.71,31.11772986,3.2610482446,9
1,[],4,[],2019-06-01 02:05:37,22362458.31494124,0.00000047,0.000000000040268942000000003,7720693,2019-06-01 02:05:37,btc,3.272213873154684,0.0,0.00000047,btc,3178224.53028524,0.45059134,0.4039463117132516,9
0,[],28,[],2019-06-01 02:05:51,0.0,0,0,7720694,2019-06-01 02:05:51,,0.0,3670208.0,0,,0.0,0.0,0.0,9
1,[],4,[],2019-02-17 11:22:43,4341674.27126056,0.00000002,0.0000000000007272960000000001,6696112,2019-02-17 11:22:43,btc,0.1997230937751353,0.0,0.00000002,btc,4109766.79808031,0.00215132,0.0479381022052112,10
0,[],2,[],2019-01-20 23:23:08,0.0,0,0,6476890,2019-01-20 23:23:08,,0.0,0.0,0,,0.0,0.0,0.0,12
1,[],4,[],2019-06-01 02:05:52,7073973.625977,0.00000044,0.000000000037698584000000006,7720695,2019-06-01 02:05:52,btc,4.758816259293617,0.0,0.00000044,btc,5007820.54841213,0.8005134,1.015829198853653,12
1,[],5,[],2019-06-01 02:05:53,0.0,0,0,7720696,2019-06-01 02:05:53,btc,0.0,0.22176886,0,btc,0.0,0.0,0.0,12
0.0,[],25,[],2019-06-01 02:05:54,0.0,0,0,7720697,2019-06-01 02:05:54,,0.0,0.0,0.0,btc,0.0,0.0,0.0,12
1,[],4,[],2019-06-01 02:05:55,329417.08540858,0.00000548,0.0000000004695187280000001,7720698,2019-06-01 02:05:55,btc,1.6773026263445527,0.0,0.00000548,btc,215843.64232153,0.37708474,0.4441373978749873,13
1,[],10,[],2019-06-01 02:05:57,649439.85959953,0.00000547,0.0000000004686619420000001,7720699,2019-06-01 02:05:57,btc,666803.1926622669,23104.5583498,0.00000547,btc,858733.19372195,0.0,0.230515898328263,13
1,[],21,[],2019-06-01 02:05:59,1809338.74762744,0.000005570000000000000033820602569,0.000000000477229802,7720700,2019-06-01 02:05:59,btc,2.61342367826177,609331.44538333,0.0000055700000000000000338206025685128253144284826703369617462158203125,btc,409791.43931733,3.41773155,7.335699680644122,13
0,[],17,[],2019-05-03 00:53:32,0.0,0,0,7558876,2019-05-03 00:53:32,btc,0.0,0.0,0,btc,0.0,0.0,0.0,14
1,[],4,[],2019-06-01 02:06:00,904011.12927245,0.00000076,0.00000000006511573600000001,7720701,2019-06-01 02:06:00,btc,4.315034211296138,0.0,0.00000076,btc,846579.5698504,0.01157984,0.0769455344247107,14
1,[],12,[],2019-06-01 02:06:02,135585.02652158,0.00000073,0.000000000062545378,7720702,2019-06-01 02:06:02,btc,14.134150797843073,0.0,0.00000073,btc,21650.79261605,0.0,0.0152333299999744,14
1,[],26,[],2019-06-01 02:08:02,0.0,0.00000050,0.0000000000428393,7720703,2019-06-01 02:08:02,btc,0.0,0.0,0.00000050,btc,0.0,0.0,0.0,14
0,[],4,[],2019-06-01 02:08:03,0.0,0,0,7720704,2019-06-01 02:08:03,,0.0,0.0,0,,0.0,0.0,0.0,15
,[],12,[],2018-12-01 15:15:48,204241.84496,0.00000489,0.000000000202473384,5260204,2018-12-01 15:15:48,btc,49.5475654835,0.0,,btc,35763.2193806,0.0163153972027625,0.0203389899998,15
1,[],4,[],2019-06-01 02:08:04,34299.57603993,0.00001058,0.0000000009064795880000001,7720705,2019-06-01 02:08:04,btc,0.9942327858239632,0.0,0.00001058,btc,12989.55752113,0.0493064,0.0790112475809643,18
1,[],10,[],2019-06-01 02:08:07,498062.71600566,0.00001244,0.000000001065841784,7720706,2019-06-01 02:08:07,btc,15.338575839333886,2492.18844666,0.00001244,btc,13128.42602483,0.0,0.1523503676599954,18
1,[],12,[],2019-06-01 02:08:07,3290.96551939,0.000012310000000000000724086589298789107260745367966592311859130859375,0.000000001054703566,7720707,2019-06-01 02:08:07,btc,0.400770046740424,0.0,0.000012310000000000000724086589298789107260745367966592311859130859375,btc,1455.9362923,1.64875e-06,0.0134930741775896,18
0,[],2,[],2019-01-20 23:23:38,0.0,0,0,6476906,2019-01-20 23:23:38,,0.0,0.0,0,,0.0,0.0,0.0,18
0,[],17,[],2019-05-03 00:53:39,0.0,0,0,7558882,2019-05-03 00:53:39,btc,0.0,0.0,0,btc,0.0,0.0,0.0,18
1,[],3,[],2019-06-01 02:10:08,149923.03562082906,0.0000050799999999999996430654659873571432626704336144030094146728515625,0.000000000435247288,7720708,2019-06-01 02:10:08,btc,0.24599919837768458,3787.61204435,0.0000050799999999999996430654659873571432626704336144030094146728515625,btc,5247.115953265815,0.0,0.0536699244880425,19
1,[],4,[],2019-06-01 02:10:09,513675.29649399,0.00000814,0.0000000006974238040000001,7720709,2019-06-01 02:10:09,btc,3.9978051458219106,0.0,0.00000814,btc,169705.84432114,0.05951193,0.4098925968386177,19
1,[],5,[],2019-06-01 02:10:10,0.0,0,0,7720710,2019-06-01 02:10:10,btc,0.0,0.00098835,0,btc,0.0,0.0,0.0,19
1,[],12,[],2019-06-01 02:10:11,15064.07587719,0.000007109999999999999688846986922730053493069135583937168121337890625,0.000000000609174846,7720711,2019-06-01 02:10:11,btc,0.0584253534410161,0.0,0.000007109999999999999688846986922730053493069135583937168121337890625,btc,1678.60747297,0.000964805194,0.0268946999995625,19
0,[],27,[],2019-06-01 02:10:21,0.0,0,0,7720712,2019-06-01 02:10:21,,0.0,0.0,0,btc,0.0,0.0,0.0,19
0,[],2,[],2019-01-20 23:24:19,0.0,0,0,6476924,2019-01-20 23:24:19,,0.0,0.0,0,,0.0,0.0,0.0,19
1,[],4,[],2019-06-01 02:10:21,10062076.88478525,0.00000007,0.000000000005997502,7720713,2019-06-01 02:10:21,btc,6.411239436602338,0.0,0.00000007,btc,2322306.93095912,0.0,0.1174938176872809,20
1,[],4,[],2019-06-01 02:10:23,8932456.648,0.00000001,0.000000000000856786,7720714,2019-06-01 02:10:23,btc,1793.5326709130711,0.0,0.00000001,btc,71273445.02851576,0.15287032,0.08932456648,21
1,[],12,[],2019-06-01 02:10:24,2225192.0,0.00000001,0.0000000000008567860000000001,7720715,2019-06-01 02:10:24,btc,2566.6125287053546,0.0,0.00000001,btc,5033244.76723275,0.000104027481,0.02225192,21
0,[],17,[],2019-05-03 00:53:51,0.0,0,0,7558891,2019-05-03 00:53:51,btc,0.0,0.0,0,btc,0.0,0.0,0.0,21
1,[],12,[],2019-06-01 02:12:25,5167934789.0,0.0000000003,0.000000000000025703580000000003,7720716,2019-06-01 02:12:25,btc,709129761.6011091,0.0,0.0000000003,btc,3271847194.9906526,0.214912403527,1.1830809356,23
0.0000000003178296,[],27,[],2019-06-01 02:12:30,65366422.5039447,9.534888e-18,8.169358549968001e-22,7720717,2019-06-01 02:12:30,eth,105173.3122904728,54394949.51609598,0.00000003,eth,20108492.028,5.18649752837304e-10,3.9015933270539494e-10,23
1,[],4,[],2019-06-01 02:12:31,1872147.62106841,0.00000027,0.000000000023133222,7720718,2019-06-01 02:12:31,btc,10.62584400964341,0.0,0.00000027,btc,1713889.23538978,0.0576759,0.0662828375800128,24
1,[],22,[],2019-06-01 02:12:34,21.76,0.00000100,0.0000000000856786,7720719,2019-06-01 02:12:34,BTC,7.415e-05,0.0,0.00000100,BTC,23.919354838709676,0.0,1.186e-05,24
0.0,[],25,[],2019-06-01 02:12:35,0.0,0,0,7720720,2019-06-01 02:12:35,,0.0,0.0,0.0,btc,0.0,0.0,0.0,24
1,[],4,[],2019-06-01 02:12:37,26943366.80989224,0.00000476,0.00000000040783013600000005,7720721,2019-06-01 02:12:37,btc,14.003237297171179,0.0,0.00000476,btc,245736.00706115,0.08922003,0.4816844198123753,26
1,[],10,[],2019-06-01 02:12:39,150655.24411091,0.00000422,0.0000000003615636920000001,7720722,2019-06-01 02:12:39,btc,25.587071532724224,5759.66462669,0.00000422,btc,23615.73262762,0.0,0.0358210810213725,26
0,[],2,[],2019-01-20 23:25:56,0.0,0,0,6476976,2019-01-20 23:25:56,,0.0,0.0,0,,0.0,0.0,0.0,26
1,[],3,[],2019-06-01 02:12:40,21937858.685043,0.00000001,0.0000000000008567860000000001,7720723,2019-06-01 02:12:40,btc,3.7661312427403306,10187472.1857,0.00000001,btc,26160215.96460736,0.0,0.21937858685043,27
1,[],11,[],2019-06-01 02:12:42,2110243.08157834,0.00000002,0.0000000000017135720000000003,7720724,2019-06-01 02:12:42,btc,67503.04527066177,19676.5543251,0.00000002,btc,6588861.32608848,0.0,0.0211134458157834,27
1,[],5,[],2019-04-26 09:47:06,0.0,0,0,7465326,2019-04-26 09:47:06,btc,0.0,0.0,0,btc,0.0,0.0,0.0,27
1,[],4,[],2019-06-01 02:12:43,1083458087.7044728,0.00000001,0.000000000000856786,7720725,2019-06-01 02:12:43,btc,4.8732684007626705,0.0,0.00000001,"btc,ltc",296898616.21093136,0.03415516,7.466178589804259,29
1,[],7,[],2019-06-01 02:12:43,85451021.33155985,0.00000001,0.0000000000008567860000000001,7720726,2019-06-01 02:12:43,btc,46548272.1303997,95984.0758483,0.00000001,btc,35158584.76433702,0.00095984,0.8545102133155985,29
1,[],4,[],2019-06-01 02:12:44,15256875.78730119,0.00000007,0.000000000005997502,7720727,2019-06-01 02:12:44,btc,2.598792341939883,0.0,0.00000007,btc,2103132.23973194,0.0,0.1695993014565784,30
0,[],17,[],2019-05-03 01:11:25,0.0,0,0,7559066,2019-05-03 01:11:25,btc,0.0,0.0,0,btc,0.0,0.0,0.0,30
1,[],4,[],2019-06-01 02:14:45,105921.04340397,0.00004232,0.0000000036259183520000004,7720728,2019-06-01 02:14:45,btc,3.31171420095648,0.0,0.00004232,btc,44932.7730682,0.59443629,0.5126155710934815,31
1,[],21,[],2019-06-01 02:14:46,182012.27855001998,0.00004500000000000000283410447888,0.000000003855537,7720729,2019-06-01 02:14:46,btc,6.394557090451307,156142.5120116,0.0000450000000000000028341044788771085904954816214740276336669921875,btc,128005.15195700001,6.82067076,6.778318899882839,31
0,[],2,[],2019-01-20 23:28:43,0.0,0,0,6477009,2019-01-20 23:28:43,,0.0,0.0,0,,0.0,0.0,0.0,32
0,[],4,[],2019-06-01 02:14:48,0.0,0,0,7720730,2019-06-01 02:14:48,,0.0,0.0,0,,0.0,0.0,0.0,33
1,[],12,[],2019-03-30 07:55:10,40641173.964,0.00000003,0.000000000001228359,7108785,2019-03-30 07:55:10,btc,4233210.82356125,0.0,0.00000003,btc,28378394.68333462,0.0126927883965248,0.90752895892,33
0.00000000013433560000000002,[],4,[],2019-06-01 02:14:49,509790226.4487445,3.35839e-17,2.8774215345400005e-21,7720731,2019-06-01 02:14:49,ltc,3.605929838210106,0.0,0.00000025,ltc,154155480.91045117,0.00124777,2.0912669792867666e-09,34
1,[],5,[],2019-06-01 02:14:51,0.0,0,0,7720732,2019-06-01 02:14:51,btc,0.0,2e-05,0,btc,0.0,0.0,0.0,34
0.0000000002926451,[],17,[],2019-05-02 18:17:47,200000.0,2.9264510000000002e-18,1.596703856561e-22,7556430,2019-05-02 18:17:47,eth,0.20942468735267253,0.0,0.00000001,"btc,eth",1018272.20243647,0.0,5.852902e-13,36
0.0000000001311821,[],4,[],2019-05-31 13:28:19,2417517744.0607657,1.311821e-18,1.105058333085e-22,7717483,2019-05-31 13:28:19,ltc,5.019900492391546e-08,0.0,0.00000001,ltc,7102398142.262129,0.0,3.171350544531538e-09,36
1,[],5,[],2019-05-31 13:28:21,0.0,0,0,7717484,2019-05-31 13:28:21,btc,0.0,0.0,0,btc,0.0,0.0,0.0,36
0.0000000003108179,[],27,[],2019-05-31 13:30:34,10388811.226876,6.216358000000001e-18,5.236566733830001e-22,7717485,2019-05-31 13:30:34,eth,1569.8708019850988,761866.634299,0.00000002,"ltc,eth",5084024.2511555,4.736034912207001e-12,3.3251980286483705e-11,36
1,[],4,[],2019-06-01 02:14:52,9887050.9222678,0.00000015,0.00000000001285179,7720733,2019-06-01 02:14:52,btc,19772.52054387075,0.0,0.00000015,btc,730230.57933135,0.00108946,0.12321525301137,37
1,[],12,[],2019-06-01 02:14:53,3617604.84028571,0.00000019,0.000000000016278934000000003,7720734,2019-06-01 02:14:53,btc,12.423283537350656,0.0,0.00000019,btc,1003023.97383448,0.018682076976,0.1654873112514278,37
1,[],27,[],2019-06-01 02:16:59,6137.0,0.00000016,0.000000000013708576,7720735,2019-06-01 02:16:59,btc,24.12337022903233,50.0,0.00000016,btc,5792.49438508,8e-06,0.00075592,37
1,[],17,[],2019-05-03 01:11:36,211752.74075282,0.00000025,0.000000000013700074999999998,7559074,2019-05-03 01:11:36,btc,0.055484923955058496,0.0,0.00000025,"btc,eth",1387.19918473,0.0,0.0005381851887916605,37
1,[],5,[],2019-06-01 02:17:00,0.0,0,0,7720736,2019-06-01 02:17:00,btc,0.0,0.0010356,0,btc,0.0,0.0,0.0,42
1,[],12,[],2019-06-01 02:17:01,124355.05929896,0.00000091,0.00000000007796752600000001,7720737,2019-06-01 02:17:01,btc,24.790372397940185,0.0,0.00000091,btc,72391.88087489,0.002986581288,0.0408649099999535,42
1,[],27,[],2019-06-01 02:17:10,506.0,0.00000002,0.000000000001713572,7720738,2019-06-01 02:17:10,btc,0.07600425,0.0,0.00000002,"btc,eth",18.0,0.0,6.000000333911778e-06,42
1,[],12,[],2019-03-13 09:13:29,1112112.0,0.00000001,0.000000000000386531,6919902,2019-03-13 09:13:29,btc,29058.00478931866,0.0,0.00000001,btc,5967681.93306694,9.99000999e-07,0.01112112,43
1,[],5,[],2019-04-26 22:38:52,0.0,0,0,7474154,2019-04-26 22:38:52,btc,0.0,0.02638891,0,btc,0.0,0.0,0.0,43
0,[],17,[],2019-04-26 22:38:53,0.0,0,0,7474155,2019-04-26 22:38:53,btc,0.0,0.0,0,btc,0.0,0.0,0.0,43
1,[],12,[],2019-03-05 01:54:08,639326.02,0.00000004,0.000000000001486676,6845775,2019-03-05 01:54:08,btc,11116042.728239931,0.0,0.00000004,btc,1103841.4595604,0.0003330765234764,0.014975410599999999,44
1,[],4,[],2019-06-01 02:17:11,111373128.56287183,0.00000001,0.000000000000856786,7720739,2019-06-01 02:17:11,btc,303169.60575945047,0.0,0.00000001,"btc,ltc",28272947.90928054,0.00106178,0.035779381170323844,49
0.00000000013433560000000002,[],4,[],2019-06-01 02:17:12,130915815.07786185,3.6270612000000005e-17,3.1076152573032006e-21,7720740,2019-06-01 02:17:12,ltc,22049.959233050093,0.0,0.00000027,ltc,159330127.355901,0.0,1.3227406294155366e-09,52
0,[],22,[],2019-06-01 02:17:15,0.0,0,0,7720741,2019-06-01 02:17:15,,10289.55991011,0.0,0,,308568058.4566013,0.0,0.0,57
1,[],27,[],2019-06-01 02:17:20,2297.0,0.0000003,0.00000000002570358,7720742,2019-06-01 02:17:20,btc,0.0,0.0,0.0000003,"btc,eth",0.0,0.0,0.0003891,57
0.00000000013433560000000002,[],4,[],2019-06-01 02:17:21,3423118777.8051414,1.343356e-18,1.1509686138160001e-22,7720743,2019-06-01 02:17:21,ltc,19.34101401436135,0.0,0.00000001,ltc,5852232846.057803,0.0,4.598467148877204e-09,58
1,[],12,[],2019-06-01 02:17:22,644047490.0,0.0000000001,0.00000000000000856786,7720744,2019-06-01 02:17:22,btc,2233541.1369955437,0.0,0.0000000001,btc,3366498462.2387176,0.003209070394,0.064404749,58
1,[],17,[],2019-05-03 01:12:09,1200000.0,0.0000000001,0.00000000000000548003,7559085,2019-05-03 01:12:09,btc,1e+24,0.0,0.0000000001,"btc,eth",39516342.31952568,0.0,0.00010000000058666061,58
0.0000000001094437,[],22,[],2019-06-01 01:49:54,126877.0,1.094437e-18,9.376249722030001e-23,7720644,2019-06-01 01:49:54,XMR,68.17454206,0.0,0.00000001,XMR,9626402.6,0.0,0.00126877,58
1,[],5,[],2019-06-01 01:49:56,0.0,0,0,7720645,2019-06-01 01:49:56,btc,0.0,0.01150379,0,btc,0.0,0.0,0.0,61
1,[],22,[],2019-06-01 01:49:59,13613.833333333334,0.00000012,0.000000000010280628000000001,7720646,2019-06-01 01:49:59,BTC,1002.29123003,0.0,0.00000012,BTC,15014.200177125656,0.0,0.00153269,61
1,[],26,[],2019-06-01 01:49:59,0.0,0.00000050,0.000000000042835950000000006,7720647,2019-06-01 01:49:59,btc,0.0,0.0,0.00000050,btc,0.0,0.0,0.0,61
1,[],27,[],2019-06-01 01:50:06,8450.0,0.0000002,0.00000000001713438,7720648,2019-06-01 01:50:06,btc,1.9582485601246655,0.0,0.0000002,"btc,eth",11379.41563696,0.0,0.001522,61
0,[],28,[],2019-06-01 01:51:03,0.0,0,0,7720649,2019-06-01 01:51:03,,0.0,685.0,0,,0.0,0.0,0.0,61
1,[],4,[],2019-06-01 01:51:03,837036.81821689,0.00000071,0.00000000006082704900000001,7720650,2019-06-01 01:51:03,btc,2.9504901610402916,0.0,0.00000071,btc,919827.44343803,0.10919759,0.4239543066636339,67
0.0,[],25,[],2019-06-01 01:51:05,0.0,0,0,7720651,2019-06-01 01:51:05,,0.0,0.0,0.0,btc,0.0,0.0,0.0,67
1,[],12,[],2019-06-01 01:51:06,787665.0,0.00000006,0.000000000005140314,7720652,2019-06-01 01:51:06,btc,5.169939505524473,0.0,0.00000006,btc,775746.19280716,0.001228407712,0.016704,71
,[],5,[],2018-11-20 23:02:39,1.5e-07,0.00000005,0.000000000002128045,4862160,2018-11-20 23:02:39,btc,2.84511358,0.0,,btc,0.00036572,0.0,0.07381892,74
1,[],5,[],2019-06-01 01:51:08,0.0,0,0,7720653,2019-06-01 01:51:08,btc,0.0,0.15709989,0,btc,0.0,0.0,0.0,75
0,[],4,[],2019-05-25 21:33:44,0.0,0,0,7686249,2019-05-25 21:33:44,,133656.37989170782,0.0,0,,33439209.5909442,0.0,0.0,81
0,[],20,[],2019-01-25 09:30:31,0.0,0,0,6495923,2019-01-25 09:30:31,btc,0.0,0.0,0,btc,0.0,0.0,0.0,81
1,[],4,[],2019-06-01 01:51:09,166633.64258518,0.00011970,0.00000001025492643,7720654,2019-06-01 01:51:09,btc,55.537547037927816,0.0,0.00011970,btc,120239.49519927,0.17235347,0.7389803859670455,82
1,[],21,[],2019-06-01 01:51:10,65188.67238345,0.0001149299999999999990661289639,0.000000009846271467000002,7720655,2019-06-01 01:51:10,btc,17.468912309218,56538.49026898,0.000114929999999999999066128963942645668794284574687480926513671875,btc,103483.30261116,6.2822672,5.359811298248248,82
0,[],17,[],2019-03-25 22:42:34,0.0,0,0,7038780,2019-03-25 22:42:34,btc,0.0445064681804024,0.0,0,btc,995513.18476001,0.0,0.0,84
0.0000000001161485,[],4,[],2019-05-20 13:09:39,216715621.0206096,1.161485e-18,9.0533806701e-23,7657228,2019-05-20 13:09:39,ltc,1.6511566870244727,0.0,0.00000001,ltc,471032407.9048656,0.0,2.5171194308112273e-10,85
,[],22,[],2018-11-20 23:09:34,3408.1,0.0000001,0.0000000000041895,4862324,2018-11-20 23:09:34,BTC,0.04624735,0.0,,BTC,4990.0,0.0,0.00033081,86
1,[],22,[],2019-06-01 01:51:13,62656.0,0.00000001,0.000000000000856719,7720656,2019-06-01 01:51:13,BTC,1.45392802,0.0,0.00000001,BTC,376558.04736842104,0.0,0.00062656,87
1,[],27,[],2019-06-01 01:51:18,97382.0,0.00000007,0.000000000005997033000000001,7720657,2019-06-01 01:51:18,btc,5.052574818036,390442.0,0.00000007,btc,45323.67341,0.0390442,0.00122414,87
,[],2,[],2018-11-20 23:10:47,0.0,0,0,4862359,2018-11-20 23:10:47,,0.0,0.0,,,0.0,0.0,0.0,88
1,[],11,[],2019-06-01 01:51:20,125711.62475569,0.000080000000000000006544244313122504763668985106050968170166015625,0.000000006853752000000001,7720658,2019-06-01 01:51:20,btc,167.35525521578577,980.42360458,0.000080000000000000006544244313122504763668985106050968170166015625,btc,200724.3742181,0.0,2.055429031033835,89
0,[],2,[],2019-01-20 23:31:45,0.0,0,0,6477083,2019-01-20 23:31:45,,0.0,0.0,0,,0.0,0.0,0.0,91
0,[],17,[],2019-05-03 01:12:26,0.0,0,0,7559096,2019-05-03 01:12:26,btc,0.0,0.0,0,btc,0.0,0.0,0.0,91
1,[],12,[],2019-06-01 01:51:22,265942.40853,0.00000032,0.000000000027415008,7720659,2019-06-01 01:51:22,btc,87.6935637915159,0.0,0.00000032,btc,147085.49496614,2.447552e-06,0.0122517583999951,91
1,[],22,[],2019-06-01 01:53:26,75910.55,0.0000002,0.00000000001713438,7720660,2019-06-01 01:53:26,BTC,0.497,0.0,0.0000002,"BTC,LTC",6.95,0.0,0.00165931,91
1,[],22,[],2019-04-09 20:17:52,374949.73333333334,0.00000015,0.000000000007771935,7235704,2019-04-09 20:17:52,BTC,6.87372503,0.0,0.00000015,"BTC,LTC",159980.01196797504,1.1e-05,0.80510266,95
0,[],17,[],2019-05-03 01:12:32,0.0,0,0,7559100,2019-05-03 01:12:32,btc,0.0,0.0,0,btc,0.0,0.0,0.0,96
0.0000000001343221,[],4,[],2019-06-01 01:53:27,543290765.8351129,2.8207641e-17,2.4166021989879e-21,7720661,2019-06-01 01:53:27,ltc,11.29882967036311,0.0,0.00000021,ltc,153722510.5490942,0.00247066,8.936600027047898e-10,96
0,[],12,[],2019-06-01 01:53:29,0.0,0,0,7720662,2019-06-01 01:53:29,btc,17.17668343048951,0.0,0,btc,9673399.04895105,0.0,0.0,96
1,[],4,[],2019-04-14 03:32:46,1039404.33283278,0.00000038,0.000000000019245518,7293458,2019-04-14 03:32:46,btc,4.170086055365747,0.0,0.00000038,btc,3097704.34561074,0.06260606,0.1859928211030784,99
0,[],2,[],2019-01-20 23:23:55,0.0,0,0,6476914,2019-01-20 23:23:55,,0.0,0.0,0,,0.0,0.0,0.0,100
1,[],4,[],2019-06-01 01:55:30,244332.87284302,0.00001769,0.000000001515535911,7720663,2019-06-01 01:55:30,btc,7.605926829030557,0.0,0.00001769,btc,162951.11305164,0.07381,0.3738017491121627,100
1,[],22,[],2019-06-01 01:22:22,150000.0,0.00000002,0.00000000000171436,7720513,2019-06-01 01:22:22,BTC,24.83526409,0.0,0.00000002,BTC,11187.719,0.0,0.0017,101
1,[],4,[],2019-06-01 01:55:30,548744.8781355,0.00000172,0.000000000147355668,7720664,2019-06-01 01:55:30,btc,366.2716414769808,0.0,0.00000172,btc,667149.40327437,0.11647304,0.1996413854646515,103
1,[],12,[],2019-06-01 01:22:25,172592416.0,0.000000004,0.000000000000342872,7720515,2019-06-01 01:22:25,btc,2404.3773549029265,0.0,0.000000004,btc,69905124.77921364,0.012299341422,0.224365204,105
0,[],27,[],2019-06-01 01:22:32,0.0,0,0,7720516,2019-06-01 01:22:32,,0.32738209,295623.0,0,btc,2095427.0,0.00295623,0.0,105
1,[],22,[],2019-04-21 00:17:26,21333.0,0.00000001,0.000000000000532493,7385819,2019-04-21 00:17:26,BTC,51.38182867,0.0,0.00000001,BTC,470435.0,0.0,0.00021333,107
1,[],26,[],2019-04-21 00:17:26,0.0,0.00000000,0,7385820,2019-04-21 00:17:26,btc,0.0,0.0,0.00000000,btc,0.0,0.0,0.0,107
1,[],5,[],2019-06-01 01:55:33,0.0,0,0,7720665,2019-06-01 01:55:33,btc,0.0,0.0,0,btc,0.0,0.0,0.0,112
0,[],22,[],2019-06-01 01:55:36,0.0,0,0,7720666,2019-06-01 01:55:36,,6.79500102,0.0,0,,3375892.0833333335,0.0,0.0,112
1,[],27,[],2019-06-01 01:55:45,1.0,0.00000001,0.000000000000856719,7720667,2019-06-01 01:55:45,btc,1.15032588,0.0,0.00000001,"btc,eth",1818.0,0.0,1e-08,112
1,[],4,[],2019-06-01 01:55:46,271600.98112569,0.00000091,0.00000000007796142900000001,7720668,2019-06-01 01:55:46,btc,5.567981247443371,0.0,0.00000091,btc,617572.41847821,0.03463311,0.16826335480825,113
1,[],5,[],2019-06-01 01:55:48,0.0,0,0,7720669,2019-06-01 01:55:48,btc,0.0,0.0,0,btc,0.0,0.0,0.0,113
1,[],17,[],2019-04-26 02:17:47,162738.278,0.00000004,0.0000000000021069000000000002,7461287,2019-04-26 02:17:47,btc,1.3331140273775473,0.0,0.00000004,btc,51796.221,0.0,0.00230953112,116
1,[],27,[],2019-05-22 05:13:01,210000.0,0.00000001,0.00000000000079145,7666372,2019-05-22 05:13:01,btc,3919.0005001478,0.0,0.00000001,btc,128660.871,0.0,0.0021,116
1,[],4,[],2019-05-21 22:31:11,138169.03963019,0.00000701,0.000000000558364025,7664793,2019-05-21 22:31:11,btc,150.95388250938234,0.0,0.00000701,btc,344631.17141974,0.07552974,0.4288357684941946,120
1,[],7,[],2019-05-21 22:31:12,3901.07750076,0.000010679999999999999389654892212320191902108490467071533203125,0.0000000008506887,7664794,2019-05-21 22:31:12,btc,231188.94669936574,0.0,0.000010679999999999999389654892212320191902108490467071533203125,btc,4133.83151364,0.0,0.0113888422364489,120
1,[],20,[],2019-04-07 18:42:29,1914137.0852,0.000000035,0.0000000000017871910000000002,7211992,2019-04-07 18:42:29,btc,32.2497668025648,25528.85,0.000000035,btc,1001975.4986,0.00089350975,0.0152723574729,125
1,[],22,[],2019-06-01 01:55:53,10000.0,0.00000001,0.000000000000856719,7720670,2019-06-01 01:55:53,BTC,0.032061,0.0,0.00000001,BTC,299316.7611111111,0.0,0.0001,126
0,[],2,[],2019-01-20 23:25:46,0.0,0,0,6476969,2019-01-20 23:25:46,,0.0,0.0,0,,0.0,0.0,0.0,131
1,[],17,[],2019-05-03 01:13:10,10000.0,0.00000001,0.000000000000548003,7559115,2019-05-03 01:13:10,btc,0.0953976503951408,0.0,0.00000001,btc,5037.62507334,0.0,0.0001,131
1,[],4,[],2019-06-01 01:55:55,432864.97465207,0.00000976,0.0000000008361577440000001,7720671,2019-06-01 01:55:55,btc,5.257128078217113,0.0,0.00000976,btc,160673.46211848,0.90290271,1.5945889088408336,131
1,[],4,[],2019-06-01 01:24:49,4882.85387387,0.00007920,0.0000000067888656,7720524,2019-06-01 01:24:49,btc,5.031046639374514,0.0,0.00007920,btc,202.13055914,0.0,0.0068019410096105,135
1,[],3,[],2019-06-01 01:24:50,565457.22392675,0.00000001,0.00000000000085718,7720525,2019-06-01 01:24:50,btc,0.2226973385083191,1636349.79937,0.00000001,btc,1905502.43168451,0.0,0.0056545722392675,136
1,[],4,[],2019-06-01 01:26:50,2108264.92116122,0.00000185,0.00000000015857829999999998,7720526,2019-06-01 01:26:50,btc,109.1085386736134,0.0,0.00000185,btc,528911.68008882,0.03125427,0.5039891960320458,137
1,[],12,[],2019-06-01 01:26:53,88469.30688862,0.000001749999999999999973748754898694723891594549058936536312103271484375,0.00000000015000649999999998,7720527,2019-06-01 01:26:53,btc,57.841897453106306,0.0,0.000001749999999999999973748754898694723891594549058936536312103271484375,btc,50821.8164856,0.0004236,0.0178749399999263,137
1,[],4,[],2019-06-01 01:26:54,100559.60320309,0.00001866,0.00000000159949788,7720528,2019-06-01 01:26:54,btc,8.57329536536716,0.0,0.00001866,btc,117682.50636401,0.34097406,0.9081945651137472,142
1,[],5,[],2019-06-01 01:26:55,0.0,0,0,7720529,2019-06-01 01:26:55,btc,0.0,0.03658834,0,btc,0.0,0.0,0.0,142
1,[],20,[],2019-06-01 01:28:57,209042.5229,0.000015001,0.000000001285855718,7720530,2019-06-01 01:28:57,btc,1.6084727300573,0.0,0.000015001,btc,9872.8163,0.0,0.0187095600469,142
1,[],22,[],2019-06-01 01:29:00,11028.645,0.00001000,0.0000000008571799999999999,7720531,2019-06-01 01:29:00,BTC,3.2754788,0.0,0.00001000,BTC,1133.9993657797618,0.0,0.00745365,142
0.0,[],25,[],2019-06-01 01:29:02,0.0,0,0,7720532,2019-06-01 01:29:02,,0.0,0.0,0.0,btc,0.0,0.0,0.0,142
0,[],28,[],2019-06-01 01:29:54,0.0,0,0,7720533,2019-06-01 01:29:54,,0.0,0.0,0,,0.0,0.0,0.0,142
1,[],17,[],2019-05-03 01:13:16,32967.38636364,0.00000088,0.000000000048224264,7559122,2019-05-03 01:13:16,btc,20.06976206696776,0.0,0.00000088,btc,2746.079105,0.0,0.0105613000000032,142
0,[],22,[],2019-06-01 01:29:57,0.0,0,0,7720534,2019-06-01 01:29:57,,64.98618676,0.0,0,,787024755.3,0.0,0.0,143
0,[],22,[],2019-02-25 15:42:22,0.0,0,0,6783783,2019-02-25 15:42:22,,4.2131946,0.0,0,,2322156.0,0.0,0.0,146
,[],22,[],2018-11-20 23:01:11,0.0,0,0,4862114,2018-11-20 23:01:11,,2.56807021,0.0,,,61828.4988236,0.0,0.0,147
1,[],12,[],2019-04-21 06:38:04,193091.5971266,0.00000071,0.000000000037635183,7388679,2019-04-21 06:38:04,btc,2.301232411611175,0.0,0.00000071,btc,9957.48302385,0.00023528,0.0313308199999888,148
1,[],4,[],2019-03-19 21:31:25,255810.0415942,0.00000029,0.000000000011615747,6982695,2019-03-19 21:31:25,btc,218.94922712414143,0.0,0.00000029,btc,793529.37642722,0.00117,0.0608347789473395,152
0,[],22,[],2019-03-19 21:31:27,0.0,0,0,6982696,2019-03-19 21:31:27,,0.0,0.0,0,,0.0,0.0,0.0,152
1,[],5,[],2019-04-26 09:36:59,0.0,0,0,7465040,2019-04-26 09:36:59,btc,0.0,0.0,0,btc,0.0,0.0,0.0,153
,[],16,[],2019-01-11 15:38:59,0.0,0,0,6366141,2019-01-11 15:38:59,btc,0.0,0.0,,btc,0.0,0.0,0.0,155
0,[],22,[],2019-06-01 01:30:00,0.0,0,0,7720535,2019-06-01 01:30:00,,7.44455324,0.0,0,,5955762.942592593,0.0,0.0,156
0,[],23,[],2019-01-20 23:24:29,0.0,0,0,6476932,2019-01-20 23:24:29,,0.0,0.0,0,,0.0,0.0,0.0,156
1,[],22,[],2019-06-01 01:30:06,6996.0,0.00000001,0.00000000000085718,7720536,2019-06-01 01:30:06,BTC,1.7543039,0.0,0.00000001,BTC,57.0,0.0,6.996e-05,157
0,[],22,[],2019-05-21 23:40:32,0.0,0,0,7665049,2019-05-21 23:40:32,,50234.60468402,0.0,0,,54786159.03179465,0.0,0.0,158
,[],17,[],2018-11-20 22:56:10,0.0,0,0,4861976,2018-11-20 22:56:10,btc,1.1265625,0.0,,btc,1000.0,0.0,0.0,159
,[],20,[],2018-11-20 22:56:12,0.0,0,0,4861977,2018-11-20 22:56:12,btc,11912.7940471,0.0,,btc,34413894.3617,0.0,0.0,159
1,[],12,[],2019-05-24 02:51:20,9178.522006449999,0.00000191999999999999982841307998027158276954651228152215480804443359375,0.000000000151222656,7676256,2019-05-24 02:51:20,btc,149.80414728631675,0.0,0.00000191999999999999982841307998027158276954651228152215480804443359375,btc,1115.7451448499999,0.01783167678326,0.0120075778999181,168
1,[],17,[],2019-05-03 01:13:36,42852.0,0.00000002,0.000000000001096006,7559132,2019-05-03 01:13:36,btc,0.04279856251542,0.0,0.00000002,btc,274.46171372,0.0,0.00052852,168
1,[],22,[],2019-05-17 03:01:52,10.0,0.00000001,0.000000000000778341,7642059,2019-05-17 03:01:52,BTC,41.95893009,0.0,0.00000001,BTC,1753972.7737547632,0.0,1e-07,169
1,[],22,[],2019-05-30 08:38:18,202834.0,0.00000002,0.0000000000017416160000000001,7711049,2019-05-30 08:38:18,BTC,27.87002826,0.0,0.00000002,BTC,462189.5410507793,0.0,0.00211768,171
1,[],22,[],2019-05-29 08:05:18,349870.0,0.00000002,0.000000000001705894,7705265,2019-05-29 08:05:18,BTC,24.05907723,0.0,0.00000002,"BTC,LTC",1224285.4355616204,0.0,0.0039847,173
1,[],5,[],2019-06-01 01:30:09,0.0,0,0,7720537,2019-06-01 01:30:09,btc,0.0,0.04418873,0,btc,0.0,0.0,0.0,175
1,[],22,[],2019-06-01 01:30:12,90671.0,0.00000001,0.00000000000085718,7720538,2019-06-01 01:30:12,BTC,394.35459412,0.0,0.00000001,BTC,136275.61833431243,0.0,0.00090671,176
1,[],7,[],2019-06-01 01:30:14,0.0,0,0,7720539,2019-06-01 01:30:14,btc,522274.28208915493,0.0,0,btc,21993385.47972966,0.0,0.0,178
0,[],22,[],2019-06-01 01:30:16,0.0,0,0,7720540,2019-06-01 01:30:16,,1.00242428,0.0,0,,57512.0,0.0,0.0,178
0,[],2,[],2019-01-20 23:28:34,0.0,0,0,6477001,2019-01-20 23:28:34,,0.0,0.0,0,,0.0,0.0,0.0,178
1,[],5,[],2019-06-01 01:30:17,0.0,0,0,7720541,2019-06-01 01:30:17,btc,0.0,0.17825959,0,btc,0.0,0.0,0.0,179
0,[],22,[],2019-06-01 01:30:21,0.0,0,0,7720542,2019-06-01 01:30:21,,5.31746724,0.0,0,,13645739.811946675,0.0,0.0,179
0,[],23,[],2019-01-20 23:25:08,0.0,0,0,6476952,2019-01-20 23:25:08,,0.0,0.0,0,,0.0,0.0,0.0,179
1,[],22,[],2019-06-01 01:32:25,683244.1315646544,0.00000108,0.00000000009257544,7720543,2019-06-01 01:32:25,BTC,39.18230804,0.0,0.00000108,"BTC,LTC",139450.22486667262,0.00250476,0.58283106,180
1,[],26,[],2019-06-01 01:32:25,0.0,0.00000010,0.0000000000085718,7720544,2019-06-01 01:32:25,btc,0.0,0.0,0.00000010,btc,0.0,0.0,0.0,180
1,[],17,[],2019-05-03 01:13:56,20504.725000000002,0.0000001,0.00000000000548003,7559141,2019-05-03 01:13:56,btc,5.2010695838400265,0.0,0.0000001,btc,5033.45945,0.0,0.0011504725,180
,[],7,[],2018-11-20 22:58:01,562227.975654,0.00000085,0.000000000036176765,4862015,2018-11-20 22:58:01,btc,21836.6059674,2491.87645172,,btc,749999.041456,0.00211021,0.127565380455,183
,[],5,[],2019-01-10 08:11:41,0.0,0,0,6347036,2019-01-10 08:11:41,btc,82.15055501,0.00261,,btc,1.19002445,0.0,0.0,187
,[],17,[],2018-11-16 20:58:10,4062536.27273,0.00000001,0.000000000000550501,4708775,2018-11-16 20:58:10,btc,3.36492563466,0.195460381006,,"btc,eth",110697919.549,0.0,0.0157628953496,187
1,[],24,[],2019-05-22 21:04:52,0.0,0.000000000014,0.0000000000000010960978,7670219,2019-05-22 21:04:52,btc,0.0,0.0,0.000000000014,btc,0.0,0.0,0.0,187
0,[],22,[],2019-04-25 02:54:07,0.0,0,0,7447896,2019-04-25 02:54:07,,7.54794454,0.0,0,,76361.7243344055,0.0,0.0,191
0,[],22,[],2019-06-01 01:32:29,0.0,0,0,7720545,2019-06-01 01:32:29,,0.0,0.0,0,,0.0,0.0,0.0,197
0,[],23,[],2019-01-20 23:31:41,0.0,0,0,6477079,2019-01-20 23:31:41,,0.0,0.0,0,,0.0,0.0,0.0,199
0,[],22,[],2019-06-01 01:32:32,0.0,0,0,7720546,2019-06-01 01:32:32,,10.93271999,0.0,0,,99750037.0,0.0,0.0,199
1,[],26,[],2019-06-01 01:32:32,0.0,0.00000000,0,7720547,2019-06-01 01:32:32,btc,0.0,0.0,0.00000000,btc,0.0,0.0,0.0,199
0,[],2,[],2019-01-20 23:30:49,0.0,0,0,6477059,2019-01-20 23:30:49,,0.0,0.0,0,,0.0,0.0,0.0,201
1,[],4,[],2019-01-25 15:51:35,2084389.58565343,0.00000936,0.000000000333526752,6499557,2019-01-25 15:51:35,btc,2.0092503037378524,0.0,0.00000936,btc,160195.80207885,0.19272417,1.242687955921835,211
1,[],7,[],2019-06-01 01:32:35,1197581831.4127145,0.0000006,0.000000000051430799999999994,7720548,2019-06-01 01:32:35,btc,15201837.768490901,547049.028494,0.0000006,btc,8033945.8498584,0.0,13.499598952972946,212
1,[],12,[],2019-01-25 02:44:32,207462.42853209,0.000001080000000000000035831255497387193287295303889550268650054931640625,0.000000000038610756000000006,6493050,2019-01-25 02:44:32,btc,85023.03793723314,0.0,0.000001080000000000000035831255497387193287295303889550268650054931640625,btc,43675.73520027,0.000146250909087,0.0348620860622024,213
1,[],5,[],2019-05-30 00:07:46,0.0,0,0,7709357,2019-05-30 00:07:46,btc,0.0,0.06425239,0,btc,0.0,0.0,0.0,213
1,[],24,[],2019-05-30 00:07:46,0.0,0.000000399202,0.0000000000344859829346,7709358,2019-05-30 00:07:46,btc,0.0,0.0,0.000000399202,btc,0.0,0.0,0.0,213
1,[],26,[],2019-05-30 00:07:47,0.0,0.00000040,0.000000000034554919999999996,7709359,2019-05-30 00:07:47,btc,0.0,0.0,0.00000040,btc,0.0,0.0,0.0,213
0,[],22,[],2019-06-01 01:32:37,0.0,0,0,7720549,2019-06-01 01:32:37,,9.61445386,0.0,0,,3661587.094064925,0.0,0.0,216
1,[],27,[],2019-06-01 01:32:44,196550.0,0.00000001,0.00000000000085718,7720550,2019-06-01 01:32:44,btc,75.60593967917752,1000.0,0.00000001,"btc,ltc",383835.407688,1e-05,0.001955500000001352,216
1,[],22,[],2019-06-01 01:32:47,718459.0714285715,0.00000028,0.000000000024001039999999997,7720551,2019-06-01 01:32:47,BTC,12056.48936734,0.0,0.00000028,BTC,532606.1643343819,0.00014,0.0535133,217
1,[],7,[],2019-06-01 01:32:49,0.0,0,0,7720552,2019-06-01 01:32:49,btc,1234864.1040716618,0.0,0,btc,164001712.13147992,0.0,0.0,219
0,[],27,[],2019-06-01 01:32:55,0.0,0,0,7720553,2019-06-01 01:32:55,,261.41644782671324,425794.0,0,btc,15857918.74381025,0.00425794,0.0,219
0,[],28,[],2019-06-01 01:33:47,0.0,0,0,7720554,2019-06-01 01:33:47,,0.0,14890.0,0,,0.0,0.0,0.0,219
1,[],22,[],2019-05-23 16:41:05,172069.0,0.00000004,0.0000000000031167080000000004,7674065,2019-05-23 16:41:05,BTC,56.76466137,0.0,0.00000004,BTC,127061.6482738741,0.0,0.00393676,221
1,[],24,[],2019-05-23 16:41:05,0.0,0.000000010000,0.0000000000007791770000000001,7674066,2019-05-23 16:41:05,btc,0.0,0.0,0.000000010000,btc,0.0,0.0,0.0,221
1,[],20,[],2019-06-01 01:33:49,4435424.0,0.000000001,0.000000000000085718,7720555,2019-06-01 01:33:49,btc,100053.66176028931,0.0,0.000000001,btc,47862684.0678,0.0,0.004435424,224
0,[],22,[],2019-06-01 01:33:52,0.0,0,0,7720556,2019-06-01 01:33:52,,0.0,0.0,0,,0.0,0.0,0.0,224
1,[],26,[],2019-06-01 01:33:52,0.0,0.00000025,0.0000000000214295,7720557,2019-06-01 01:33:52,btc,0.0,0.0,0.00000025,btc,0.0,0.0,0.0,231
1,[],26,[],2019-06-01 01:33:53,0.0,0.00000006,0.0000000000051430799999999995,7720558,2019-06-01 01:33:53,btc,0.0,0.0,0.00000006,btc,0.0,0.0,0.0,234
0.0000000003192245,[],27,[],2019-06-01 01:33:58,100.0,3.192245e-18,2.7363285691e-22,7720559,2019-06-01 01:33:58,eth,0.01134836604,0.0,0.00000001,"btc,eth",11462.996,0.0,3.1922449999999997e-16,234
1,[],4,[],2019-05-22 17:06:12,91780.56053785,0.00000078,0.000000000061977552,7669277,2019-05-22 17:06:12,btc,5.573372450018177,0.0,0.00000078,btc,729173.93529783,0.0,0.0307060663355679,236
1,[],24,[],2019-05-22 17:06:12,0.0,0.000000010000,0.000000000000794584,7669278,2019-05-22 17:06:12,btc,0.0,0.0,0.000000010000,btc,0.0,0.0,0.0,236
1,[],5,[],2019-06-01 01:33:59,0.0,0,0,7720560,2019-06-01 01:33:59,btc,0.0,0.1751114,0,btc,0.0,0.0,0.0,237
1,[],20,[],2019-06-01 01:34:01,118909124.9155,0.000000039,0.0000000000033430019999999997,7720561,2019-06-01 01:34:01,btc,412.7369453199099,5832940.892,0.000000039,btc,42904671.2771,0.2449845689656,0.4149419843722,237
1,[],22,[],2019-06-01 01:34:04,288100.0,0.00000003,0.0000000000025715399999999998,7720562,2019-06-01 01:34:04,BTC,1.20267422,0.0,0.00000003,"BTC,LTC",17930.94871794872,0.0,0.007541,237
1,[],4,[],2019-06-01 01:34:05,26928169.92304659,0.00000012,0.000000000010286159999999999,7720563,2019-06-01 01:34:05,btc,2.88643698944716,0.0,0.00000012,btc,9356277.57713684,0.12917766,0.5532730827510066,238
1,[],5,[],2019-06-01 01:34:06,0.0,0,0,7720564,2019-06-01 01:34:06,btc,0.0,0.01623091,0,btc,0.0,0.0,0.0,238
0,[],22,[],2019-03-12 16:49:32,0.0,0,0,6914458,2019-03-12 16:49:32,,0.40415746,0.0,0,,526736.5639027493,0.0,0.0,249
0,[],22,[],2019-05-28 23:53:45,0.0,0,0,7703643,2019-05-28 23:53:45,,13.44714864,0.0,0,,43777534.3426455,0.0,0.0,252
0,[],28,[],2019-06-01 01:34:41,0.0,0,0,7720565,2019-06-01 01:34:41,,0.0,380742.239,0,,0.0,0.0,0.0,256
1,[],22,[],2019-06-01 01:34:44,1023211.0,0.00000001,0.00000000000085718,7720566,2019-06-01 01:34:44,BTC,31464.5506333,0.0,0.00000001,BTC,584951.6675322719,0.00015955,0.01023211,258
1,[],22,[],2019-05-19 18:12:02,400.0,0.00000001,0.0000000000007957800000000001,7653905,2019-05-19 18:12:02,BTC,2.415167,0.0,0.00000001,BTC,157.0,0.0,4e-06,259
1,[],5,[],2019-06-01 01:34:46,0.0,0,0,7720567,2019-06-01 01:34:46,btc,0.0,0.09250564,0,btc,0.0,0.0,0.0,264
1,[],20,[],2019-06-01 01:34:48,955898.5394,0.000000154,0.000000000013200572,7720568,2019-06-01 01:34:48,btc,0.9761378127969,92491.1221,0.000000154,btc,51736.5911,0.05228027448,0.0076237773878,264
0,[],22,[],2019-04-12 17:57:27,0.0,0,0,7278186,2019-04-12 17:57:27,,66.37522201,0.0,0,,677842.4169881374,0.0,0.0,271
0,[],22,[],2019-05-29 08:10:20,0.0,0,0,7705301,2019-05-29 08:10:20,,33050470.74998113,0.0,0,,14361377780.7,0.0,0.0,272
0,[],28,[],2019-05-29 08:10:54,0.0,0,0,7705302,2019-05-29 08:10:54,,0.0,22189957216.5758,0,,0.0,0.0,0.0,272
1,[],22,[],2019-05-23 07:12:29,219930.0,0.00000004,0.000000000003048688,7671985,2019-05-23 07:12:29,BTC,426.77835217,0.0,0.00000004,BTC,248664.3325962929,0.0,0.00739728,281
1,[],22,[],2019-06-01 01:34:51,379782.43333333335,0.00000004,0.00000000000342872,7720569,2019-06-01 01:34:51,BTC,31.67317945,0.0,0.00000004,"BTC,LTC",1517689.4569583754,0.00040059,0.01593497,286
0,[],22,[],2019-06-01 01:34:54,0.0,0,0,7720570,2019-06-01 01:34:54,,7337904.96568486,0.0,0,,2004620112.6797826,0.0,0.0,294
