pairValue,buyBook,exchangeId,sellBook,updated,buyTotal,satoshiPrice,usdPrice,exchangeLogId,created,bestPair,sellTotalBtc,volume,pairPrice,activePairs,sellTotal,volumeBtc,buyTotalBtc,coinId
1,[],3,[],2019-05-30 07:48:24,29.760132333616,0.01083286999999999965227370779530247091315686702728271484375,0.000000944436688775,7710849,2019-05-30 07:48:24,btc,0.14001979120049649,43.2230157683,0.01083286999999999965227370779530247091315686702728271484375,btc,12.286153103446,0.0,0.2505766508725784,1
1,[],4,[],2019-05-30 07:48:24,207680.27119864,0.01083353,0.0000009444942292250001,7710850,2019-05-30 07:48:24,btc,7.590408674869422,0.0,0.01083353,btc,296.13764732,0.82018259,0.5880960533031039,1
1,[],5,[],2019-05-30 07:48:27,0.0,0,0,7710851,2019-05-30 07:48:27,btc,0.0,0.00495881,0,btc,0.0,0.0,0.0,1
1,[],10,[],2019-05-30 07:48:29,312365.33940533,0.00655,0.0000005710453750000001,7710852,2019-05-30 07:48:29,btc,6521.223921120815,1132.81847238,0.00655,btc,1322.34446894,0.0,2.2897294615714765,1
1,[],12,[],2019-05-30 07:48:32,74.88413704999999,0.010829999999999999349409307569658267311751842498779296875,0.000000944186475,7710853,2019-05-30 07:48:32,btc,0.152077407523,0.0,0.010829999999999999349409307569658267311751842498779296875,btc,13.19812123,0.082971423656,0.2650197854055,1
1,[],20,[],2019-05-30 07:48:34,973.2403,0.00920101,0.000000802167054325,7710854,2019-05-30 07:48:34,btc,0.2240569290673,26.013,0.00920101,btc,17.3679,0.266439956668,0.1064348472942,1
1,[],21,[],2019-05-30 07:48:35,2442.5424516499997,0.01087654000000000051318060912,0.00000094824394855,7710855,2019-05-30 07:48:35,btc,11.795084582956724,5825.11824612,0.0108765400000000005131806091185353579930961132049560546875,"btc,eth",1370.63507915,58.823451398957566,22.64231401635265,1
1,[],22,[],2019-05-30 07:50:36,0.0025666666666666667,0.00900000,0.0000007846425,7710856,2019-05-30 07:50:36,BTC,0.31629903,0.0,0.00900000,BTC,0.2505752479991019,0.0,2.31e-05,1
1,[],24,[],2019-05-30 07:50:37,0.0,0.000000000000,0,7710857,2019-05-30 07:50:37,btc,0.0,0.0,0.000000000000,btc,0.0,0.0,0.0,1
0.0,[],25,[],2019-05-30 07:50:37,0.0,0,0,7710858,2019-05-30 07:50:37,btc,45.249999997937756,6718.16971335,0.0,btc,4017.68469307,73.996,0.0,1
1,[],26,[],2019-05-30 07:50:39,0.0,0,0,7710859,2019-05-30 07:50:39,,0.0,0.0,0,,0.0,0.0,0.0,1
0,[],28,[],2019-05-30 07:51:47,0.0,0,0,7710860,2019-05-30 07:51:47,,0.0,357717.35,0,,0.0,0.0,0.0,1
0,[],2,[],2019-01-20 23:28:45,0.0,0,0,6477011,2019-01-20 23:28:45,,0.0,0.0,0,,0.0,0.0,0.0,1
1,[],5,[],2019-05-30 07:51:48,0.0,0,0,7710861,2019-05-30 07:51:48,btc,0.0,0.03007621,0,btc,0.0,0.0,0.0,2
1,[],22,[],2019-05-30 07:51:52,11638.0,0.0000002,0.0000000000174365,7710862,2019-05-30 07:51:52,BTC,21.00897301,0.0,0.0000002,"BTC,XMR",20678.87287795317,0.0,0.00145435,2
1,[],5,[],2019-05-30 07:51:55,0.0,0,0,7710863,2019-05-30 07:51:55,btc,0.0,0.05161599,0,btc,0.0,0.0,0.0,3
1,[],12,[],2019-05-30 07:51:56,1122264.37333,0.0000001,0.00000000000871825,7710864,2019-05-30 07:51:56,btc,169516.7617278982,0.0,0.0000001,btc,4703981.18457154,0.291781379235,0.06639624075299999,3
0,[],28,[],2019-05-30 07:51:58,0.0,0,0,7710865,2019-05-30 07:51:58,,0.0,0.0,0,,0.0,0.0,0.0,3
0,[],2,[],2019-01-20 23:31:32,0.0,0,0,6477077,2019-01-20 23:31:32,,0.0,0.0,0,,0.0,0.0,0.0,4
1,[],4,[],2019-05-18 21:29:50,562734.9206932,0.00000010,0.000000000007298720000000001,7650946,2019-05-18 21:29:50,btc,41.9347137769675,0.0,0.00000010,btc,1123702.32192634,0.00052462,0.029254593370966,4
0,[],12,[],2019-05-30 06:39:45,0.0,0,0,7710558,2019-05-30 06:39:45,btc,625.871451684995,0.0,0,btc,1111653.4995005,0.0,0.0,5
0,[],2,[],2019-01-20 23:31:51,0.0,0,0,6477087,2019-01-20 23:31:51,,0.0,0.0,0,,0.0,0.0,0.0,6
1,[],11,[],2019-05-30 07:51:59,14049382.776736,0.00000002,0.0000000000017436500000000001,7710866,2019-05-30 07:51:59,btc,9582.920201082945,209754.0,0.00000002,btc,68449772.46260394,0.0,0.23653280276736,6
1,[],3,[],2019-05-30 07:52:39,12031.80153454379,0.0000888800000000000028389790518446034184307791292667388916015625,0.0000000077487806,7710867,2019-05-30 07:52:39,btc,0.08126699313799383,176.533509258,0.0000888800000000000028389790518446034184307791292667388916015625,btc,215.50355458451799,0.0,0.024327613386360986,7
1,[],4,[],2019-05-30 07:52:40,329034.43799829,0.00009281,0.000000008091407825000001,7710868,2019-05-30 07:52:40,btc,8.922395430998955,0.0,0.00009281,btc,51908.4201831,2.79888128,2.3885642698335667,7
1,[],5,[],2019-05-30 07:52:42,0.0,0,0,7710869,2019-05-30 07:52:42,btc,0.0,0.67552667,0,btc,0.0,0.0,0.0,7
1,[],20,[],2019-04-07 22:06:50,3201475.0482,0.000000001,0.000000000000051590000000000004,7213932,2019-04-07 22:06:50,btc,30.8005781811902,0.0,0.000000001,btc,23077405.3926,0.0,0.0032014750482,8
0,[],2,[],2019-01-20 23:22:42,0.0,0,0,6476876,2019-01-20 23:22:42,,0.0,0.0,0,,0.0,0.0,0.0,9
0,[],23,[],2019-01-20 23:22:48,0.0,0,0,6476878,2019-01-20 23:22:48,,0.0,0.0,0,,0.0,0.0,0.0,9
1,[],4,[],2019-05-30 07:52:44,20919046.60705696,0.00000050,0.00000000004359125,7710870,2019-05-30 07:52:44,btc,3.291077980543041,0.0,0.00000050,btc,3055253.1790884,0.3226921,0.5247081536188073,9
0,[],28,[],2019-05-30 07:53:48,0.0,0,0,7710871,2019-05-30 07:53:48,,0.0,3607286.0,0,,0.0,0.0,0.0,9
1,[],1,[],2019-02-17 23:31:42,1822507.21,0.00000181000000000000003456111265232042484285557293333113193511962890625,0.000000000066086901,6701244,2019-02-17 23:31:42,btc,3.6990969245,17153386.5,0.00000181000000000000003456111265232042484285557293333113193511962890625,btc,1997391.71,31.11772986,3.2610482446,9
1,[],4,[],2019-02-17 11:22:43,4341674.27126056,0.00000002,0.0000000000007272960000000001,6696112,2019-02-17 11:22:43,btc,0.1997230937751353,0.0,0.00000002,btc,4109766.79808031,0.00215132,0.0479381022052112,10
0,[],2,[],2019-01-20 23:23:08,0.0,0,0,6476890,2019-01-20 23:23:08,,0.0,0.0,0,,0.0,0.0,0.0,12
1,[],4,[],2019-05-30 07:53:48,7181413.34801319,0.00000047,0.000000000040975775,7710872,2019-05-30 07:53:48,btc,4.7063645939122445,0.0,0.00000047,btc,4882670.2938064,1.05288452,1.105141533816416,12
1,[],5,[],2019-05-30 07:53:49,0.0,0,0,7710873,2019-05-30 07:53:49,btc,0.0,0.06670318,0,btc,0.0,0.0,0.0,12
0.0,[],25,[],2019-05-30 07:53:50,0.0,0,0,7710874,2019-05-30 07:53:50,,0.0,0.0,0.0,btc,0.0,0.0,0.0,12
1,[],4,[],2019-05-30 07:53:51,334718.62581417,0.00000555,0.000000000483862875,7710875,2019-05-30 07:53:51,btc,1.827579322803068,0.0,0.00000555,btc,237095.29306414,0.81093139,0.4794634487896414,13
1,[],10,[],2019-05-30 07:53:53,651951.54540201,0.00000538,0.00000000046904185,7710876,2019-05-30 07:53:53,btc,666803.3400608493,27883.7745718,0.00000538,btc,871568.88072904,0.0,0.2301844799888298,13
1,[],21,[],2019-05-30 07:53:55,1813614.02654405,0.000005669999999999999923416295344,0.000000000494324775,7710877,2019-05-30 07:53:55,btc,2.6771647955127356,739802.94566582,0.000005669999999999999923416295344313908799449563957750797271728515625,btc,414622.89369463,4.17359056,7.343603043919584,13
1,[],4,[],2019-05-30 07:53:56,855198.32288236,0.00000075,0.000000000065386875,7710878,2019-05-30 07:53:56,btc,3.7907219410099873,0.0,0.00000075,btc,811263.80607826,0.014022,0.0408520262837202,14
1,[],12,[],2019-05-30 07:53:57,135231.53320362,0.00000066,0.000000000057540450000000004,7710879,2019-05-30 07:53:57,btc,14.13474905397685,0.0,0.00000066,btc,21650.79261605,0.000294001119,0.0150893299999714,14
1,[],26,[],2019-05-30 07:55:57,0.0,0.00000050,0.00000000004359125,7710880,2019-05-30 07:55:57,btc,0.0,0.0,0.00000050,btc,0.0,0.0,0.0,14
0,[],17,[],2019-05-03 00:53:32,0.0,0,0,7558876,2019-05-03 00:53:32,btc,0.0,0.0,0,btc,0.0,0.0,0.0,14
0,[],4,[],2019-05-30 07:55:58,0.0,0,0,7710881,2019-05-30 07:55:58,,0.0,0.0,0,,0.0,0.0,0.0,15
,[],12,[],2018-12-01 15:15:48,204241.84496,0.00000489,0.000000000202473384,5260204,2018-12-01 15:15:48,btc,49.5475654835,0.0,,btc,35763.2193806,0.0163153972027625,0.0203389899998,15
1,[],4,[],2019-05-30 07:19:14,34788.7482807,0.00001193,0.0000000010380424230000001,7710729,2019-05-30 07:19:14,btc,0.9616990907348093,0.0,0.00001193,btc,10221.37222077,0.04163571,0.0878215467779339,18
1,[],10,[],2019-05-30 07:19:16,494452.93967516,0.00001235,0.000000001074587085,7710730,2019-05-30 07:19:16,btc,15.338539945767062,1888.63612094,0.00001235,btc,13129.32035973,0.0,0.1278227397688066,18
1,[],12,[],2019-05-30 07:19:18,3231.79412258,0.000012119999999999999155085583790736336595728062093257904052734375,0.000000001054574532,7710731,2019-05-30 07:19:18,btc,0.39650400690470183,0.0,0.000012119999999999999155085583790736336595728062093257904052734375,btc,1085.90221603,0.003116521381,0.0121141281515579,18
0,[],2,[],2019-01-20 23:23:38,0.0,0,0,6476906,2019-01-20 23:23:38,,0.0,0.0,0,,0.0,0.0,0.0,18
0,[],17,[],2019-05-03 00:53:39,0.0,0,0,7558882,2019-05-03 00:53:39,btc,0.0,0.0,0,btc,0.0,0.0,0.0,18
0,[],2,[],2019-01-20 23:24:19,0.0,0,0,6476924,2019-01-20 23:24:19,,0.0,0.0,0,,0.0,0.0,0.0,19
1,[],3,[],2019-05-30 07:55:59,147130.66391172906,0.00000253999999999999982153273299367857163133521680720150470733642578125,0.00000000022144354999999998,7710882,2019-05-30 07:55:59,btc,0.35707431541889406,3802.61204435,0.00000253999999999999982153273299367857163133521680720150470733642578125,btc,6066.852543465906,0.0,0.0438654108999764,19
1,[],4,[],2019-05-30 07:56:00,514060.72293675,0.00000803,0.000000000700075475,7710883,2019-05-30 07:56:00,btc,3.552841715789085,0.0,0.00000803,btc,162879.39628128,0.4940471,0.414238928409737,19
1,[],5,[],2019-05-30 07:56:01,0.0,0,0,7710884,2019-05-30 07:56:01,btc,0.0,0.01246359,0,btc,0.0,0.0,0.0,19
1,[],12,[],2019-05-30 07:56:02,15096.43306417,0.000007109999999999999688846986922730053493069135583937168121337890625,0.000000000619867575,7710885,2019-05-30 07:56:02,btc,0.0587943559943375,0.0,0.000007109999999999999688846986922730053493069135583937168121337890625,btc,1933.55052991,0.00103952,0.0270303599994847,19
0,[],27,[],2019-05-30 07:56:11,0.0,0,0,7710886,2019-05-30 07:56:11,,0.0,0.0,0,btc,0.0,0.0,0.0,19
1,[],4,[],2019-05-30 07:56:11,10062076.88478525,0.00000007,0.000000000006102775,7710887,2019-05-30 07:56:11,btc,6.411239436602338,0.0,0.00000007,btc,2322306.93095912,0.0,0.1174938176872809,20
1,[],4,[],2019-05-30 07:21:31,72092660.2473748,0.00000001,0.0000000000008701110000000001,7710738,2019-05-30 07:21:31,btc,1738.9048867371803,0.0,0.00000001,btc,67086502.01973631,0.0,0.7209266024737481,21
1,[],12,[],2019-05-30 07:21:32,2397851.0,0.00000001,0.0000000000008701110000000001,7710739,2019-05-30 07:21:32,btc,1010.9711713328372,0.0,0.00000001,btc,5961673.6413586205,0.00033585,0.02397851,21
0,[],17,[],2019-05-03 00:53:51,0.0,0,0,7558891,2019-05-03 00:53:51,btc,0.0,0.0,0,btc,0.0,0.0,0.0,21
1,[],12,[],2019-05-30 07:56:12,5566603834.0,0.0000000004,0.000000000000034873000000000003,7710888,2019-05-30 07:56:12,btc,708410091.3329917,0.0,0.0000000004,btc,2967006399.808192,0.096479323431,1.2001774672,23
0.0000000003262722,[],27,[],2019-05-30 07:56:21,131008751.72788174,9.788166e-18,8.53356782295e-22,7710889,2019-05-30 07:56:21,eth,1178.8206565074,228484930.79682797,0.00000003,eth,86084770.474,2.981931240906006e-09,9.8713967710964e-10,23
1,[],4,[],2019-05-30 07:56:22,1815308.21147871,0.00000019,0.000000000016564675,7710890,2019-05-30 07:56:22,btc,13.311517515720256,0.0,0.00000019,btc,2104290.36723926,0.01274061,0.0558977467044525,24
1,[],22,[],2019-05-30 07:56:26,21.76,0.00000100,0.0000000000871825,7710891,2019-05-30 07:56:26,BTC,7.415e-05,0.0,0.00000100,BTC,23.919354838709676,0.0,1.186e-05,24
0.0,[],25,[],2019-05-30 07:56:27,0.0,0,0,7710892,2019-05-30 07:56:27,,0.0,0.0,0.0,btc,0.0,0.0,0.0,24
1,[],4,[],2019-05-30 07:56:28,7640462.51699587,0.00000463,0.00000000040365497500000003,7710893,2019-05-30 07:56:28,btc,15.001892744011808,0.0,0.00000463,btc,253257.20272535,0.30884305,0.2701894732555938,26
1,[],10,[],2019-05-30 07:56:30,149275.81847034,0.00000582,0.00000000050740215,7710894,2019-05-30 07:56:30,btc,25.579767064734188,4118.95636439,0.00000582,btc,22455.90194355,0.0,0.0346960553738946,26
0,[],2,[],2019-01-20 23:25:56,0.0,0,0,6476976,2019-01-20 23:25:56,,0.0,0.0,0,,0.0,0.0,0.0,26
1,[],5,[],2019-04-26 09:47:06,0.0,0,0,7465326,2019-04-26 09:47:06,btc,0.0,0.0,0,btc,0.0,0.0,0.0,27
1,[],3,[],2019-05-30 07:56:31,22445890.0,0.00000001,0.0000000000008718250000000001,7710895,2019-05-30 07:56:31,btc,3.7662028311563076,15809654.3837,0.00000001,btc,26160432.89920123,0.0,0.22445890000000002,27
1,[],11,[],2019-05-30 07:56:32,1070969.08157834,0.00000002,0.0000000000017436500000000001,7710896,2019-05-30 07:56:32,btc,67503.02945665807,19676.5543251,0.00000002,btc,6590405.9414731,0.0,0.0107207058157834,27
1,[],4,[],2019-05-30 07:56:33,1106732855.761583,0.00000001,0.000000000000871825,7710897,2019-05-30 07:56:33,btc,4.854716995340513,0.0,0.00000001,"btc,ltc",283447155.5586636,0.38058847,7.33351753547857,29
1,[],7,[],2019-05-30 07:56:34,85534659.40740813,0.00000001,0.0000000000008718250000000001,7710898,2019-05-30 07:56:34,btc,46548272.1104508,0.0,0.00000001,btc,35005880.84028096,0.0,0.8553465940740813,29
0,[],17,[],2019-05-03 01:11:25,0.0,0,0,7559066,2019-05-03 01:11:25,btc,0.0,0.0,0,btc,0.0,0.0,0.0,30
1,[],4,[],2019-05-30 07:56:36,15312729.61768213,0.00000006,0.00000000000523095,7710899,2019-05-30 07:56:36,btc,2.7068190303212707,0.0,0.00000006,btc,2102648.09973194,0.00194769,0.1713519591165775,30
1,[],4,[],2019-05-30 07:58:37,105689.76983728,0.00004286,0.00000000373664195,7710900,2019-05-30 07:58:37,btc,3.5133396794939666,0.0,0.00004286,btc,47385.43112926,0.53147117,0.4244484442390084,31
1,[],21,[],2019-05-30 07:58:39,64474.03154807,0.00004245999999999999665982464148,0.00000000370176895,7710901,2019-05-30 07:58:39,btc,4.842265905274647,164053.98825166,0.00004245999999999999665982464147617747585172764956951141357421875,btc,99483.33758239,7.24943408,2.5186234313766627,31
0,[],2,[],2019-01-20 23:28:43,0.0,0,0,6477009,2019-01-20 23:28:43,,0.0,0.0,0,,0.0,0.0,0.0,32
1,[],12,[],2019-03-30 07:55:10,40641173.964,0.00000003,0.000000000001228359,7108785,2019-03-30 07:55:10,btc,4233210.82356125,0.0,0.00000003,btc,28378394.68333462,0.0126927883965248,0.90752895892,33
0,[],4,[],2019-05-30 07:58:40,0.0,0,0,7710902,2019-05-30 07:58:40,,0.0,0.0,0,,0.0,0.0,0.0,33
0.0000000001345318,[],4,[],2019-05-30 07:58:41,510968892.5746273,2.8251678e-17,2.4630519172350003e-21,7710903,2019-05-30 07:58:41,ltc,3.5123938950655926,0.0,0.00000021,ltc,154530047.776859,0.0,2.106157041251329e-09,34
1,[],5,[],2019-05-30 07:58:43,0.0,0,0,7710904,2019-05-30 07:58:43,btc,0.0,0.0,0,btc,0.0,0.0,0.0,34
0.0000000002926451,[],17,[],2019-05-02 18:17:47,200000.0,2.9264510000000002e-18,1.596703856561e-22,7556430,2019-05-02 18:17:47,eth,0.20942468735267253,0.0,0.00000001,"btc,eth",1018272.20243647,0.0,5.852902e-13,36
0.0000000001345318,[],4,[],2019-05-30 07:58:44,59384001.42676589,1.3453180000000001e-18,1.17288186535e-22,7710905,2019-05-30 07:58:44,ltc,5.1448443311569606e-08,0.0,0.00000001,ltc,7087906061.087266,0.0,7.989036603145384e-11,36
1,[],5,[],2019-05-30 07:58:45,0.0,0,0,7710906,2019-05-30 07:58:45,btc,0.0,0.0,0,btc,0.0,0.0,0.0,36
0.0000000003262722,[],27,[],2019-05-30 08:01:03,11879411.226876,9.788166e-18,8.53356782295e-22,7710907,2019-05-30 08:01:03,eth,1581.3765019850987,460058265.77312404,0.00000003,"ltc,eth",5932624.2511555,2.761091459505734e-09,4.524515069165437e-11,36
1,[],17,[],2019-05-03 01:11:36,211752.74075282,0.00000025,0.000000000013700074999999998,7559074,2019-05-03 01:11:36,btc,0.055484923955058496,0.0,0.00000025,"btc,eth",1387.19918473,0.0,0.0005381851887916605,37
1,[],4,[],2019-05-30 08:01:03,9962034.4438194,0.00000018,0.00000000001569285,7710908,2019-05-30 08:01:03,btc,19772.53850766184,0.0,0.00000018,btc,722622.50751044,0.01900979,0.1388079792569666,37
1,[],12,[],2019-05-30 08:01:05,3769172.36528572,0.00000019,0.000000000016564675,7710909,2019-05-30 08:01:05,btc,8.378813068404337,0.0,0.00000019,btc,976329.02325206,0.010601520074,0.1828387461442866,37
1,[],27,[],2019-05-30 08:03:10,6187.0,0.00000016,0.0000000000139492,7710910,2019-05-30 08:03:10,btc,24.11463822903233,0.0,0.00000016,btc,5792.59438508,0.0,0.00076392,37
1,[],5,[],2019-05-30 08:03:12,0.0,0,0,7710911,2019-05-30 08:03:12,btc,0.0,0.12275303,0,btc,0.0,0.0,0.0,42
1,[],12,[],2019-05-30 08:03:13,133430.25311703,0.000001,0.0000000000871825,7710912,2019-05-30 08:03:13,btc,24.789655099838612,0.0,0.000001,btc,72012.51105406,0.003046337146,0.046497629999958,42
1,[],27,[],2019-05-30 08:03:19,506.0,0.00000002,0.00000000000174365,7710913,2019-05-30 08:03:19,btc,0.39085425,0.0,0.00000002,"btc,eth",735.0,0.0,6.000000342781573e-06,42
1,[],12,[],2019-03-13 09:13:29,1112112.0,0.00000001,0.000000000000386531,6919902,2019-03-13 09:13:29,btc,29058.00478931866,0.0,0.00000001,btc,5967681.93306694,9.99000999e-07,0.01112112,43
1,[],5,[],2019-04-26 22:38:52,0.0,0,0,7474154,2019-04-26 22:38:52,btc,0.0,0.02638891,0,btc,0.0,0.0,0.0,43
0,[],17,[],2019-04-26 22:38:53,0.0,0,0,7474155,2019-04-26 22:38:53,btc,0.0,0.0,0,btc,0.0,0.0,0.0,43
1,[],12,[],2019-03-05 01:54:08,639326.02,0.00000004,0.000000000001486676,6845775,2019-03-05 01:54:08,btc,11116042.728239931,0.0,0.00000004,btc,1103841.4595604,0.0003330765234764,0.014975410599999999,44
1,[],4,[],2019-05-30 08:03:20,115383823.76643461,0.00000001,0.000000000000871825,7710914,2019-05-30 08:03:20,btc,291324.2192730656,0.0,0.00000001,"btc,ltc",27179164.23224099,0.00059752,0.078595847756046,49
0.0000000001345318,[],4,[],2019-05-30 08:03:21,174705148.04307222,4.1704858e-17,3.635933782585e-21,7710915,2019-05-30 08:03:21,ltc,22049.973371102442,0.0,0.00000031,ltc,159886180.64757714,0.0,1.3296872360308157e-09,52
0,[],22,[],2019-05-30 06:54:25,0.0,0,0,7710614,2019-05-30 06:54:25,,10289.55991011,0.0,0,,308568058.4566013,0.0,0.0,57
1,[],27,[],2019-05-30 06:54:32,2297.0,0.0000003,0.00000000002619543,7710615,2019-05-30 06:54:32,btc,0.0,0.0,0.0000003,"btc,eth",0.0,0.0,0.0003891,57
1,[],17,[],2019-05-03 01:12:09,1200000.0,0.0000000001,0.00000000000000548003,7559085,2019-05-03 01:12:09,btc,1e+24,0.0,0.0000000001,"btc,eth",39516342.31952568,0.0,0.00010000000058666061,58
0.0000000001345318,[],4,[],2019-05-30 08:03:21,2661554925.956109,1.3453180000000001e-18,1.17288186535e-22,7710916,2019-05-30 08:03:21,ltc,19.26387219225737,0.0,0.00000001,ltc,5784416102.343987,0.0,3.5806377498774208e-09,58
1,[],12,[],2019-05-30 08:03:22,1093668770.0,0.0000000001,0.000000000000008718250000000001,7710917,2019-05-30 08:03:22,btc,2192508.694292905,0.0,0.0000000001,btc,2581355857.9170394,0.001051467068,0.109366877,58
0.0000000001093694,[],22,[],2019-05-30 08:05:25,126877.0,1.0936939999999999e-18,9.535097715499999e-23,7710918,2019-05-30 08:05:25,XMR,68.17454206,0.0,0.00000001,XMR,9626402.6,0.0,0.00126877,58
1,[],5,[],2019-05-30 08:05:28,0.0,0,0,7710919,2019-05-30 08:05:28,btc,0.0,0.00262707,0,btc,0.0,0.0,0.0,61
1,[],22,[],2019-05-30 08:05:32,13613.833333333334,0.00000012,0.0000000000104619,7710920,2019-05-30 08:05:32,BTC,1002.29123003,0.0,0.00000012,BTC,15014.200177125656,0.0,0.00153269,61
1,[],26,[],2019-05-30 08:05:32,0.0,0.00000050,0.00000000004359125,7710921,2019-05-30 08:05:32,btc,0.0,0.0,0.00000050,btc,0.0,0.0,0.0,61
1,[],27,[],2019-05-30 08:05:41,8450.0,0.0000002,0.0000000000174365,7710922,2019-05-30 08:05:41,btc,1.9582485601246655,0.0,0.0000002,"btc,eth",11379.41563696,0.0,0.001522,61
0,[],28,[],2019-05-30 08:06:41,0.0,0,0,7710923,2019-05-30 08:06:41,,0.0,823.0,0,,0.0,0.0,0.0,61
1,[],4,[],2019-05-30 08:06:42,941343.88407701,0.00000079,0.000000000068874175,7710924,2019-05-30 08:06:42,btc,2.5944461444970286,0.0,0.00000079,btc,842629.67864554,0.0372106,0.5417430690785412,67
0.0,[],25,[],2019-05-30 08:06:43,0.0,0,0,7710925,2019-05-30 08:06:43,,0.0,0.0,0.0,btc,0.0,0.0,0.0,67
1,[],12,[],2019-05-30 08:06:44,813745.0,0.00000005,0.000000000004359125,7710926,2019-05-30 08:06:44,btc,5.1710944970829145,0.0,0.00000005,btc,773732.038961,0.000182606943,0.01771841,71
,[],5,[],2018-11-20 23:02:39,1.5e-07,0.00000005,0.000000000002128045,4862160,2018-11-20 23:02:39,btc,2.84511358,0.0,,btc,0.00036572,0.0,0.07381892,74
1,[],5,[],2019-05-30 07:33:02,0.0,0,0,7710779,2019-05-30 07:33:02,btc,0.0,0.05081265,0,btc,0.0,0.0,0.0,75
0,[],4,[],2019-05-25 21:33:44,0.0,0,0,7686249,2019-05-25 21:33:44,,133656.37989170782,0.0,0,,33439209.5909442,0.0,0.0,81
0,[],20,[],2019-01-25 09:30:31,0.0,0,0,6495923,2019-01-25 09:30:31,btc,0.0,0.0,0,btc,0.0,0.0,0.0,81
1,[],4,[],2019-05-30 08:06:45,42428.49879359,0.00010316,0.0000000089937467,7710927,2019-05-30 08:06:45,btc,34.27581661300835,0.0,0.00010316,btc,72302.2330887,1.70886476,0.9056224559112934,82
1,[],21,[],2019-05-30 08:06:46,51845.15436285,0.0001128000000000000042129494338,0.000000009834186,7710928,2019-05-30 08:06:46,btc,32.19514191286493,121614.51068488,0.00011280000000000000421294943375727370948879979550838470458984375,btc,180272.10995282,15.33843853,4.9689805300717556,82
0,[],17,[],2019-03-25 22:42:34,0.0,0,0,7038780,2019-03-25 22:42:34,btc,0.0445064681804024,0.0,0,btc,995513.18476001,0.0,0.0,84
0.0000000001161485,[],4,[],2019-05-20 13:09:39,216715621.0206096,1.161485e-18,9.0533806701e-23,7657228,2019-05-20 13:09:39,ltc,1.6511566870244727,0.0,0.00000001,ltc,471032407.9048656,0.0,2.5171194308112273e-10,85
,[],22,[],2018-11-20 23:09:34,3408.1,0.0000001,0.0000000000041895,4862324,2018-11-20 23:09:34,BTC,0.04624735,0.0,,BTC,4990.0,0.0,0.00033081,86
1,[],22,[],2019-05-30 07:33:07,65156.0,0.00000001,0.0000000000008701110000000001,7710782,2019-05-30 07:33:07,BTC,1.44927101,0.0,0.00000001,BTC,187555.29736842104,5.94e-05,0.00065156,87
1,[],27,[],2019-05-30 07:33:15,27543.0,0.00000003,0.0000000000026103330000000004,7710783,2019-05-30 07:33:15,btc,5.076787018036,30197.0,0.00000003,btc,152173.67341,0.00120788,0.00061309,87
,[],2,[],2018-11-20 23:10:47,0.0,0,0,4862359,2018-11-20 23:10:47,,0.0,0.0,,,0.0,0.0,0.0,88
1,[],11,[],2019-05-30 07:33:17,205026.66125102,0.000080010000000000001366302904148852803700719960033893585205078125,0.000000006961758111,7710784,2019-05-30 07:33:17,btc,186.61460908456812,2.0,0.000080010000000000001366302904148852803700719960033893585205078125,btc,239524.89417038,0.0,2.2079407649943223,89
0,[],2,[],2019-01-20 23:31:45,0.0,0,0,6477083,2019-01-20 23:31:45,,0.0,0.0,0,,0.0,0.0,0.0,91
1,[],12,[],2019-05-30 07:33:18,266511.14550723,0.00000032,0.000000000027843552000000003,7710785,2019-05-30 07:33:18,btc,87.69232215066168,0.0,0.00000032,btc,145517.20253856,0.001144954886,0.0123334619999961,91
1,[],22,[],2019-05-30 07:35:22,75910.55,0.0000002,0.00000000001740222,7710786,2019-05-30 07:35:22,BTC,0.495,0.0,0.0000002,"BTC,LTC",4.95,0.0,0.00165931,91
0,[],17,[],2019-05-03 01:12:26,0.0,0,0,7559096,2019-05-03 01:12:26,btc,0.0,0.0,0,btc,0.0,0.0,0.0,91
1,[],22,[],2019-04-09 20:17:52,374949.73333333334,0.00000015,0.000000000007771935,7235704,2019-04-09 20:17:52,BTC,6.87372503,0.0,0.00000015,"BTC,LTC",159980.01196797504,1.1e-05,0.80510266,95
0,[],17,[],2019-05-03 01:12:32,0.0,0,0,7559100,2019-05-03 01:12:32,btc,0.0,0.0,0,btc,0.0,0.0,0.0,96
0.0000000001345318,[],4,[],2019-05-30 08:06:47,543146386.6788857,2.8251678e-17,2.4630519172350003e-21,7710929,2019-05-30 08:06:47,ltc,11.298912868293954,0.0,0.00000021,ltc,152106263.82867935,0.0,9.006155864292213e-10,96
0,[],12,[],2019-05-30 08:06:49,0.0,0,0,7710930,2019-05-30 08:06:49,btc,17.13202428037962,0.0,0,btc,9673314.03796204,0.0,0.0,96
1,[],4,[],2019-04-14 03:32:46,1039404.33283278,0.00000038,0.000000000019245518,7293458,2019-04-14 03:32:46,btc,4.170086055365747,0.0,0.00000038,btc,3097704.34561074,0.06260606,0.1859928211030784,99
1,[],4,[],2019-05-30 07:37:24,209177.25501145,0.00001724,0.0000000015000713640000002,7710789,2019-05-30 07:37:24,btc,6.920492461283588,0.0,0.00001724,btc,137808.06373981,0.31586466,0.341612963464107,100
0,[],2,[],2019-01-20 23:23:55,0.0,0,0,6476914,2019-01-20 23:23:55,,0.0,0.0,0,,0.0,0.0,0.0,100
1,[],22,[],2019-05-30 07:37:28,150000.0,0.00000002,0.0000000000017402220000000002,7710790,2019-05-30 07:37:28,BTC,24.83526409,0.0,0.00000002,BTC,11187.719,0.0,0.0017,101
1,[],4,[],2019-05-30 07:37:28,525462.4192094,0.00000161,0.00000000014008787100000002,7710791,2019-05-30 07:37:28,btc,362.1766774956304,0.0,0.00000161,btc,571048.92911907,0.09552763,0.1528479635405501,103
1,[],12,[],2019-05-30 07:37:32,144264150.83268034,0.000000004,0.00000000000034804440000000007,7710792,2019-05-30 07:37:32,btc,2395.368154429762,0.0,0.000000004,btc,63128655.14635865,0.033041721688,0.1834804783307214,105
1,[],27,[],2019-05-30 07:37:38,10339.0,0.00000001,0.0000000000008701110000000001,7710793,2019-05-30 07:37:38,btc,0.3134633023531397,1123436.915,0.00000001,btc,620151.35947933,0.01123437,0.00010339,105
1,[],22,[],2019-04-21 00:17:26,21333.0,0.00000001,0.000000000000532493,7385819,2019-04-21 00:17:26,BTC,51.38182867,0.0,0.00000001,BTC,470435.0,0.0,0.00021333,107
1,[],26,[],2019-04-21 00:17:26,0.0,0.00000000,0,7385820,2019-04-21 00:17:26,btc,0.0,0.0,0.00000000,btc,0.0,0.0,0.0,107
1,[],5,[],2019-05-30 07:37:40,0.0,0,0,7710794,2019-05-30 07:37:40,btc,0.0,0.0,0,btc,0.0,0.0,0.0,112
0,[],22,[],2019-05-30 07:37:43,0.0,0,0,7710795,2019-05-30 07:37:43,,6.79726681,0.0,0,,3375892.0833333335,0.0,0.0,112
1,[],27,[],2019-05-30 07:37:49,1.0,0.00000001,0.0000000000008701110000000001,7710796,2019-05-30 07:37:49,btc,1.15032588,0.0,0.00000001,"btc,eth",1818.0,0.0,1e-08,112
1,[],4,[],2019-05-30 07:37:50,308539.26200966,0.00000087,0.00000000007569965700000001,7710797,2019-05-30 07:37:50,btc,5.7056528671497775,0.0,0.00000087,btc,595427.17391563,0.05387687,0.197387730842547,113
1,[],5,[],2019-05-30 07:37:52,0.0,0,0,7710798,2019-05-30 07:37:52,btc,0.0,0.0,0,btc,0.0,0.0,0.0,113
1,[],17,[],2019-04-26 02:17:47,162738.278,0.00000004,0.0000000000021069000000000002,7461287,2019-04-26 02:17:47,btc,1.3331140273775473,0.0,0.00000004,btc,51796.221,0.0,0.00230953112,116
1,[],27,[],2019-05-22 05:13:01,210000.0,0.00000001,0.00000000000079145,7666372,2019-05-22 05:13:01,btc,3919.0005001478,0.0,0.00000001,btc,128660.871,0.0,0.0021,116
1,[],4,[],2019-05-21 22:31:11,138169.03963019,0.00000701,0.000000000558364025,7664793,2019-05-21 22:31:11,btc,150.95388250938234,0.0,0.00000701,btc,344631.17141974,0.07552974,0.4288357684941946,120
1,[],7,[],2019-05-21 22:31:12,3901.07750076,0.000010679999999999999389654892212320191902108490467071533203125,0.0000000008506887,7664794,2019-05-21 22:31:12,btc,231188.94669936574,0.0,0.000010679999999999999389654892212320191902108490467071533203125,btc,4133.83151364,0.0,0.0113888422364489,120
1,[],20,[],2019-04-07 18:42:29,1914137.0852,0.000000035,0.0000000000017871910000000002,7211992,2019-04-07 18:42:29,btc,32.2497668025648,25528.85,0.000000035,btc,1001975.4986,0.00089350975,0.0152723574729,125
1,[],22,[],2019-05-30 07:37:55,10000.0,0.00000001,0.0000000000008701110000000001,7710799,2019-05-30 07:37:55,BTC,0.032061,0.0,0.00000001,BTC,299316.7611111111,0.0,0.0001,126
1,[],4,[],2019-05-30 07:37:56,371823.6085305,0.00000662,0.000000000576013482,7710800,2019-05-30 07:37:56,btc,5.077097885496824,0.0,0.00000662,btc,198955.93142494,0.43306109,1.1208130822344264,131
0,[],2,[],2019-01-20 23:25:46,0.0,0,0,6476969,2019-01-20 23:25:46,,0.0,0.0,0,,0.0,0.0,0.0,131
1,[],17,[],2019-05-03 01:13:10,10000.0,0.00000001,0.000000000000548003,7559115,2019-05-03 01:13:10,btc,0.0953976503951408,0.0,0.00000001,btc,5037.62507334,0.0,0.0001,131
1,[],4,[],2019-05-30 07:39:56,4754.32383414,0.00007919,0.000000006890409009000001,7710801,2019-05-30 07:39:56,btc,5.031238978437071,0.0,0.00007919,btc,200.49216285,0.0,0.0065709533892935,135
1,[],3,[],2019-05-30 07:39:57,611052.22392675,0.00000001,0.0000000000008701110000000001,7710802,2019-05-30 07:39:57,btc,0.2228399259153858,1590754.79937,0.00000001,btc,1910497.4316845,0.0,0.0061105222392675,136
1,[],4,[],2019-05-30 07:39:58,2689767.34491101,0.00000194,0.00000000016880153400000002,7710803,2019-05-30 07:39:58,btc,108.73095299812358,0.0,0.00000194,btc,517891.40406142,0.04029025,0.5614806830305182,137
1,[],12,[],2019-05-30 07:39:58,88619.26958327,0.0000018500000000000000751026844880708921436962555162608623504638671875,0.00000000016097053500000002,7710804,2019-05-30 07:39:58,btc,57.78083206709235,0.0,0.0000018500000000000000751026844880708921436962555162608623504638671875,btc,49738.34635867,0.000276653347,0.0186619499999084,137
1,[],4,[],2019-05-30 07:39:59,62645.13486842,0.00001872,0.0000000016288477920000002,7710805,2019-05-30 07:39:59,btc,9.58811844999625,0.0,0.00001872,btc,154391.18731559,0.92098433,0.4063433128722131,142
1,[],5,[],2019-05-30 07:40:00,0.0,0,0,7710806,2019-05-30 07:40:00,btc,0.0,0.01384229,0,btc,0.0,0.0,0.0,142
1,[],20,[],2019-05-30 07:42:02,209024.732,0.00001423,0.000000001238167953,7710807,2019-05-30 07:42:02,btc,1.6088282939346,0.0,0.00001423,btc,9872.8163,0.0,0.0184995637693,142
1,[],22,[],2019-05-30 07:42:06,11028.645,0.00001000,0.0000000008701110000000001,7710808,2019-05-30 07:42:06,BTC,3.2754788,0.0,0.00001000,BTC,1133.9993657797618,0.0,0.00745365,142
0.0,[],25,[],2019-05-30 07:42:07,0.0,0,0,7710809,2019-05-30 07:42:07,,0.0,0.0,0.0,btc,0.0,0.0,0.0,142
0,[],28,[],2019-05-30 07:42:09,0.0,0,0,7710810,2019-05-30 07:42:09,,0.0,0.0,0,,0.0,0.0,0.0,142
1,[],17,[],2019-05-03 01:13:16,32967.38636364,0.00000088,0.000000000048224264,7559122,2019-05-03 01:13:16,btc,20.06976206696776,0.0,0.00000088,btc,2746.079105,0.0,0.0105613000000032,142
0,[],22,[],2019-05-30 07:42:12,0.0,0,0,7710811,2019-05-30 07:42:12,,65.51518676,0.0,0,,839924755.3,0.0,0.0,143
0,[],22,[],2019-02-25 15:42:22,0.0,0,0,6783783,2019-02-25 15:42:22,,4.2131946,0.0,0,,2322156.0,0.0,0.0,146
,[],22,[],2018-11-20 23:01:11,0.0,0,0,4862114,2018-11-20 23:01:11,,2.56807021,0.0,,,61828.4988236,0.0,0.0,147
1,[],12,[],2019-04-21 06:38:04,193091.5971266,0.00000071,0.000000000037635183,7388679,2019-04-21 06:38:04,btc,2.301232411611175,0.0,0.00000071,btc,9957.48302385,0.00023528,0.0313308199999888,148
1,[],4,[],2019-03-19 21:31:25,255810.0415942,0.00000029,0.000000000011615747,6982695,2019-03-19 21:31:25,btc,218.94922712414143,0.0,0.00000029,btc,793529.37642722,0.00117,0.0608347789473395,152
0,[],22,[],2019-03-19 21:31:27,0.0,0,0,6982696,2019-03-19 21:31:27,,0.0,0.0,0,,0.0,0.0,0.0,152
1,[],5,[],2019-04-26 09:36:59,0.0,0,0,7465040,2019-04-26 09:36:59,btc,0.0,0.0,0,btc,0.0,0.0,0.0,153
,[],16,[],2019-01-11 15:38:59,0.0,0,0,6366141,2019-01-11 15:38:59,btc,0.0,0.0,,btc,0.0,0.0,0.0,155
0,[],22,[],2019-05-30 07:42:16,0.0,0,0,7710812,2019-05-30 07:42:16,,7.44455324,0.0,0,,5955762.942592593,0.0,0.0,156
0,[],23,[],2019-01-20 23:24:29,0.0,0,0,6476932,2019-01-20 23:24:29,,0.0,0.0,0,,0.0,0.0,0.0,156
1,[],22,[],2019-05-30 07:42:19,6996.0,0.00000001,0.0000000000008701110000000001,7710813,2019-05-30 07:42:19,BTC,1.7543039,0.0,0.00000001,BTC,57.0,0.0,6.996e-05,157
0,[],22,[],2019-05-21 23:40:32,0.0,0,0,7665049,2019-05-21 23:40:32,,50234.60468402,0.0,0,,54786159.03179465,0.0,0.0,158
,[],17,[],2018-11-20 22:56:10,0.0,0,0,4861976,2018-11-20 22:56:10,btc,1.1265625,0.0,,btc,1000.0,0.0,0.0,159
,[],20,[],2018-11-20 22:56:12,0.0,0,0,4861977,2018-11-20 22:56:12,btc,11912.7940471,0.0,,btc,34413894.3617,0.0,0.0,159
1,[],12,[],2019-05-24 02:51:20,9178.522006449999,0.00000191999999999999982841307998027158276954651228152215480804443359375,0.000000000151222656,7676256,2019-05-24 02:51:20,btc,149.80414728631675,0.0,0.00000191999999999999982841307998027158276954651228152215480804443359375,btc,1115.7451448499999,0.01783167678326,0.0120075778999181,168
1,[],17,[],2019-05-03 01:13:36,42852.0,0.00000002,0.000000000001096006,7559132,2019-05-03 01:13:36,btc,0.04279856251542,0.0,0.00000002,btc,274.46171372,0.0,0.00052852,168
1,[],22,[],2019-05-17 03:01:52,10.0,0.00000001,0.000000000000778341,7642059,2019-05-17 03:01:52,BTC,41.95893009,0.0,0.00000001,BTC,1753972.7737547632,0.0,1e-07,169
1,[],22,[],2019-05-30 07:42:22,202834.0,0.00000002,0.0000000000017402220000000002,7710814,2019-05-30 07:42:22,BTC,27.87002826,0.0,0.00000002,BTC,462189.5410507793,0.0,0.00211768,171
1,[],22,[],2019-05-29 08:05:18,349870.0,0.00000002,0.000000000001705894,7705265,2019-05-29 08:05:18,BTC,24.05907723,0.0,0.00000002,"BTC,LTC",1224285.4355616204,0.0,0.0039847,173
1,[],5,[],2019-05-30 07:42:23,0.0,0,0,7710815,2019-05-30 07:42:23,btc,0.0,0.01216123,0,btc,0.0,0.0,0.0,175
1,[],22,[],2019-05-30 07:42:26,90671.0,0.00000001,0.0000000000008701110000000001,7710816,2019-05-30 07:42:26,BTC,394.35459412,0.0,0.00000001,BTC,136275.61833431243,0.0,0.00090671,176
1,[],7,[],2019-05-30 07:42:27,0.0,0,0,7710817,2019-05-30 07:42:27,btc,522274.2174909908,0.0,0,btc,22741313.06866789,0.0,0.0,178
0,[],22,[],2019-05-30 07:42:30,0.0,0,0,7710818,2019-05-30 07:42:30,,1.00242428,0.0,0,,57512.0,0.0,0.0,178
0,[],2,[],2019-01-20 23:28:34,0.0,0,0,6477001,2019-01-20 23:28:34,,0.0,0.0,0,,0.0,0.0,0.0,178
1,[],5,[],2019-05-30 07:42:31,0.0,0,0,7710819,2019-05-30 07:42:31,btc,0.0,0.05374849,0,btc,0.0,0.0,0.0,179
0,[],22,[],2019-05-30 07:42:35,0.0,0,0,7710820,2019-05-30 07:42:35,,5.31522813,0.0,0,,13498409.311946675,0.0,0.0,179
0,[],23,[],2019-01-20 23:25:08,0.0,0,0,6476952,2019-01-20 23:25:08,,0.0,0.0,0,,0.0,0.0,0.0,179
1,[],22,[],2019-05-30 07:44:39,673185.2839456068,0.00000103,0.000000000089621433,7710821,2019-05-30 07:44:39,BTC,39.22062498,0.0,0.00000103,"BTC,LTC",168389.49729297083,0.01121608,0.57184976,180
1,[],26,[],2019-05-30 07:44:39,0.0,0.00000010,0.00000000000870111,7710822,2019-05-30 07:44:39,btc,0.0,0.0,0.00000010,btc,0.0,0.0,0.0,180
1,[],17,[],2019-05-03 01:13:56,20504.725000000002,0.0000001,0.00000000000548003,7559141,2019-05-03 01:13:56,btc,5.2010695838400265,0.0,0.0000001,btc,5033.45945,0.0,0.0011504725,180
,[],7,[],2018-11-20 22:58:01,562227.975654,0.00000085,0.000000000036176765,4862015,2018-11-20 22:58:01,btc,21836.6059674,2491.87645172,,btc,749999.041456,0.00211021,0.127565380455,183
,[],5,[],2019-01-10 08:11:41,0.0,0,0,6347036,2019-01-10 08:11:41,btc,82.15055501,0.00261,,btc,1.19002445,0.0,0.0,187
,[],17,[],2018-11-16 20:58:10,4062536.27273,0.00000001,0.000000000000550501,4708775,2018-11-16 20:58:10,btc,3.36492563466,0.195460381006,,"btc,eth",110697919.549,0.0,0.0157628953496,187
1,[],24,[],2019-05-22 21:04:52,0.0,0.000000000014,0.0000000000000010960978,7670219,2019-05-22 21:04:52,btc,0.0,0.0,0.000000000014,btc,0.0,0.0,0.0,187
0,[],22,[],2019-04-25 02:54:07,0.0,0,0,7447896,2019-04-25 02:54:07,,7.54794454,0.0,0,,76361.7243344055,0.0,0.0,191
0,[],22,[],2019-05-30 07:44:43,0.0,0,0,7710823,2019-05-30 07:44:43,,0.0,0.0,0,,0.0,0.0,0.0,197
0,[],23,[],2019-01-20 23:31:41,0.0,0,0,6477079,2019-01-20 23:31:41,,0.0,0.0,0,,0.0,0.0,0.0,199
0,[],22,[],2019-05-30 07:44:46,0.0,0,0,7710824,2019-05-30 07:44:46,,10.92249999,0.0,0,,98728037.0,0.0,0.0,199
1,[],26,[],2019-05-30 07:44:47,0.0,0.00000000,0,7710825,2019-05-30 07:44:47,btc,0.0,0.0,0.00000000,btc,0.0,0.0,0.0,199
0,[],2,[],2019-01-20 23:30:49,0.0,0,0,6477059,2019-01-20 23:30:49,,0.0,0.0,0,,0.0,0.0,0.0,201
1,[],4,[],2019-01-25 15:51:35,2084389.58565343,0.00000936,0.000000000333526752,6499557,2019-01-25 15:51:35,btc,2.0092503037378524,0.0,0.00000936,btc,160195.80207885,0.19272417,1.242687955921835,211
1,[],7,[],2019-05-30 07:47:00,1183482372.7443774,0.00000058,0.000000000050466438,7710826,2019-05-30 07:47:00,btc,15201840.993350448,242814.784528,0.00000058,btc,8434848.28349116,0.0,13.425984337188453,212
1,[],12,[],2019-01-25 02:44:32,207462.42853209,0.000001080000000000000035831255497387193287295303889550268650054931640625,0.000000000038610756000000006,6493050,2019-01-25 02:44:32,btc,85023.03793723314,0.0,0.000001080000000000000035831255497387193287295303889550268650054931640625,btc,43675.73520027,0.000146250909087,0.0348620860622024,213
1,[],5,[],2019-05-30 00:07:46,0.0,0,0,7709357,2019-05-30 00:07:46,btc,0.0,0.06425239,0,btc,0.0,0.0,0.0,213
1,[],24,[],2019-05-30 00:07:46,0.0,0.000000399202,0.0000000000344859829346,7709358,2019-05-30 00:07:46,btc,0.0,0.0,0.000000399202,btc,0.0,0.0,0.0,213
1,[],26,[],2019-05-30 00:07:47,0.0,0.00000040,0.000000000034554919999999996,7709359,2019-05-30 00:07:47,btc,0.0,0.0,0.00000040,btc,0.0,0.0,0.0,213
0,[],22,[],2019-05-30 07:47:03,0.0,0,0,7710827,2019-05-30 07:47:03,,9.61445386,0.0,0,,3661587.094064925,0.0,0.0,216
1,[],27,[],2019-05-30 07:47:09,196550.0,0.00000001,0.0000000000008701110000000001,7710828,2019-05-30 07:47:09,btc,75.61743967917752,4683.0,0.00000001,"btc,ltc",386835.407688,4.683e-05,0.0019655,216
1,[],22,[],2019-05-30 07:47:12,720626.8260869565,0.00000027,0.000000000023492997000000002,7710829,2019-05-30 07:47:12,BTC,12056.4798896,0.0,0.00000027,BTC,520778.74051135295,0.004977,0.0536882,217
1,[],7,[],2019-05-30 07:47:15,0.0,0,0,7710830,2019-05-30 07:47:15,btc,1234864.1040716618,0.0,0,btc,164001712.13147992,0.0,0.0,219
0,[],27,[],2019-05-30 07:47:19,0.0,0,0,7710831,2019-05-30 07:47:19,,0.444939536343255,7544073.475915,0,btc,15404860.50681425,0.07544073,0.0,219
0,[],28,[],2019-05-30 07:47:21,0.0,0,0,7710832,2019-05-30 07:47:21,,0.0,16381928.8703,0,,0.0,0.0,0.0,219
1,[],22,[],2019-05-23 16:41:05,172069.0,0.00000004,0.0000000000031167080000000004,7674065,2019-05-23 16:41:05,BTC,56.76466137,0.0,0.00000004,BTC,127061.6482738741,0.0,0.00393676,221
1,[],24,[],2019-05-23 16:41:05,0.0,0.000000010000,0.0000000000007791770000000001,7674066,2019-05-23 16:41:05,btc,0.0,0.0,0.000000010000,btc,0.0,0.0,0.0,221
1,[],20,[],2019-05-30 07:47:23,2683426.3644,0.000000001,0.0000000000000870111,7710833,2019-05-30 07:47:23,btc,100053.67854003386,6675997.5333,0.000000001,btc,49809393.1499,0.0080763584831,0.0026834263644,224
0,[],22,[],2019-05-30 07:47:26,0.0,0,0,7710834,2019-05-30 07:47:26,,0.0,0.0,0,,0.0,0.0,0.0,224
1,[],26,[],2019-05-30 07:47:27,0.0,0.00000025,0.000000000021752775000000002,7710835,2019-05-30 07:47:27,btc,0.0,0.0,0.00000025,btc,0.0,0.0,0.0,231
1,[],26,[],2019-05-30 07:47:27,0.0,0.00000006,0.000000000005220666000000001,7710836,2019-05-30 07:47:27,btc,0.0,0.0,0.00000006,btc,0.0,0.0,0.0,234
0,[],27,[],2019-05-30 07:47:32,0.0,0,0,7710837,2019-05-30 07:47:32,,0.01134836604,0.0,0,"btc,eth",11462.996,0.0,0.0,234
1,[],4,[],2019-05-22 17:06:12,91780.56053785,0.00000078,0.000000000061977552,7669277,2019-05-22 17:06:12,btc,5.573372450018177,0.0,0.00000078,btc,729173.93529783,0.0,0.0307060663355679,236
1,[],24,[],2019-05-22 17:06:12,0.0,0.000000010000,0.000000000000794584,7669278,2019-05-22 17:06:12,btc,0.0,0.0,0.000000010000,btc,0.0,0.0,0.0,236
1,[],5,[],2019-05-30 07:47:34,0.0,0,0,7710838,2019-05-30 07:47:34,btc,0.0,0.02221069,0,btc,0.0,0.0,0.0,237
1,[],20,[],2019-05-30 07:47:36,121541917.2877,0.000000037,0.0000000000032194107000000003,7710839,2019-05-30 07:47:36,btc,58795.19595120892,12760592.4734,0.000000037,btc,43586308.8253,0.5438505270673,0.4880725826517,237
1,[],22,[],2019-05-30 07:47:39,288100.0,0.00000003,0.0000000000026103330000000004,7710840,2019-05-30 07:47:39,BTC,1.20267422,0.0,0.00000003,"BTC,LTC",17930.94871794872,0.0,0.007541,237
1,[],4,[],2019-05-30 07:47:40,27088923.25059484,0.00000011,0.000000000009571221000000001,7710841,2019-05-30 07:47:40,btc,2.773124391726384,0.0,0.00000011,btc,8765303.13280404,0.09648187,0.577792265964392,238
1,[],5,[],2019-05-30 07:47:41,0.0,0,0,7710842,2019-05-30 07:47:41,btc,0.0,0.00739893,0,btc,0.0,0.0,0.0,238
0,[],22,[],2019-03-12 16:49:32,0.0,0,0,6914458,2019-03-12 16:49:32,,0.40415746,0.0,0,,526736.5639027493,0.0,0.0,249
0,[],22,[],2019-05-28 23:53:45,0.0,0,0,7703643,2019-05-28 23:53:45,,13.44714864,0.0,0,,43777534.3426455,0.0,0.0,252
0,[],28,[],2019-05-30 07:47:44,0.0,0,0,7710843,2019-05-30 07:47:44,,0.0,293752.9,0,,0.0,0.0,0.0,256
1,[],22,[],2019-05-30 07:47:48,1039243.0,0.00000001,0.0000000000008701110000000001,7710844,2019-05-30 07:47:48,BTC,31464.5506474,0.0,0.00000001,BTC,585656.6675322719,0.0,0.01039243,258
1,[],22,[],2019-05-19 18:12:02,400.0,0.00000001,0.0000000000007957800000000001,7653905,2019-05-19 18:12:02,BTC,2.415167,0.0,0.00000001,BTC,157.0,0.0,4e-06,259
1,[],5,[],2019-05-30 07:47:51,0.0,0,0,7710845,2019-05-30 07:47:51,btc,0.0,0.04762371,0,btc,0.0,0.0,0.0,264
1,[],20,[],2019-05-30 07:47:53,956797.7871,0.000000153,0.0000000000133126983,7710846,2019-05-30 07:47:53,btc,0.9767313719541,23429.506,0.000000153,btc,52933.9807,0.013556486057,0.0077237773917,264
0,[],22,[],2019-04-12 17:57:27,0.0,0,0,7278186,2019-04-12 17:57:27,,66.37522201,0.0,0,,677842.4169881374,0.0,0.0,271
0,[],22,[],2019-05-29 08:10:20,0.0,0,0,7705301,2019-05-29 08:10:20,,33050470.74998113,0.0,0,,14361377780.7,0.0,0.0,272
0,[],28,[],2019-05-29 08:10:54,0.0,0,0,7705302,2019-05-29 08:10:54,,0.0,22189957216.5758,0,,0.0,0.0,0.0,272
1,[],22,[],2019-05-23 07:12:29,219930.0,0.00000004,0.000000000003048688,7671985,2019-05-23 07:12:29,BTC,426.77835217,0.0,0.00000004,BTC,248664.3325962929,0.0,0.00739728,281
1,[],22,[],2019-05-30 07:47:57,382821.68333333335,0.00000004,0.0000000000034804440000000004,7710847,2019-05-30 07:47:57,BTC,31.66097635,0.0,0.00000004,"BTC,LTC",1341974.3712440897,0.00351706,0.01605622,286
0,[],22,[],2019-05-30 07:48:00,0.0,0,0,7710848,2019-05-30 07:48:00,,7337904.96568486,0.0,0,,2004620112.6797826,0.0,0.0,294
