pairValue,buyBook,exchangeId,sellBook,updated,buyTotal,satoshiPrice,usdPrice,exchangeLogId,created,bestPair,sellTotalBtc,volume,pairPrice,activePairs,sellTotal,volumeBtc,buyTotalBtc,coinId
1,[],3,[],2019-07-04 02:48:55,31386.790629822735,0.0073212199999999998112354404611323843710124492645263671875,0.0000008742839857160001,7793760,2019-07-04 02:48:55,btc,9.268232346062675,78.8908967921,0.0073212199999999998112354404611323843710124492645263671875,btc,37.390545283084,0.0,0.1907912302214728,1
1,[],4,[],2019-07-04 02:48:56,208242.2683878,0.00754308,0.0000009007780188240001,7793761,2019-07-04 02:48:56,btc,7.198581136911815,0.0,0.00754308,btc,403.5316159,6.64927372,0.5563787305634403,1
1,[],5,[],2019-07-04 02:49:00,0.0,0,0,7793762,2019-07-04 02:49:00,btc,0.0,0.07171853,0,btc,0.0,0.0,0.0,1
1,[],10,[],2019-07-04 02:49:02,246739.32773723,0.00280035,0.00000033441163623000004,7793763,2019-07-04 02:49:02,btc,6525.402076141496,1240.4636621,0.00280035,btc,1935.09835245,0.0,1.5402138735692168,1
1,[],12,[],2019-07-04 02:49:05,104.72066692,0.007499999999999999722444243843710864894092082977294921875,0.0000008956335,7793764,2019-07-04 02:49:05,btc,0.5883772737858,0.0,0.007499999999999999722444243843710864894092082977294921875,btc,22.02618417,1.369667849846,0.1885159386752,1
1,[],20,[],2019-07-04 02:49:07,928.4814,0.007639349,0.0000009122742510122,7793765,2019-07-04 02:49:07,btc,0.1549733933502,1.3274,0.007639349,btc,11.8249,0.0119638576465,0.1256268816895,1
1,[],21,[],2019-07-04 02:49:09,2935.08593648,0.007475660000000000290909518696,0.0000008927268707480001,7793766,2019-07-04 02:49:09,btc,8.403741027778613,7974.26942845,0.00747566000000000029090951869648051797412335872650146484375,"btc,eth",1546.68187599,58.86427073773905,16.78886433130748,1
1,[],22,[],2019-07-04 02:49:13,1.1199,0.00200000,0.0000002388356,7793767,2019-07-04 02:49:13,BTC,0.01667896,0.0,0.00200000,BTC,0.2541810146658512,0.0,0.00197189,1
1,[],24,[],2019-07-04 02:49:14,0.0,0.000000000000,0,7793768,2019-07-04 02:49:14,btc,0.0,0.0,0.000000000000,btc,0.0,0.0,0.0,1
0.0,[],25,[],2019-07-04 02:49:15,0.0,0,0,7793769,2019-07-04 02:49:15,btc,13.677099999418818,26625.61520923,0.0,btc,1741.55794334,208.2439,0.0,1
1,[],26,[],2019-07-04 02:49:17,0.0,0,0,7793770,2019-07-04 02:49:17,,0.0,0.0,0,,0.0,0.0,0.0,1
1,[],28,[],2019-07-04 02:49:42,1039.924,0.00730000,0.0000008717499400000001,7793771,2019-07-04 02:49:42,btc,0.373339197,118050.75,0.00730000,btc,23.6711,0.0,0.268011296,1
0,[],2,[],2019-01-20 23:28:45,0.0,0,0,6477011,2019-01-20 23:28:45,,0.0,0.0,0,,0.0,0.0,0.0,1
1,[],5,[],2019-07-04 02:49:44,0.0,0,0,7793772,2019-07-04 02:49:44,btc,0.0,0.0038052,0,btc,0.0,0.0,0.0,2
1,[],22,[],2019-07-04 02:49:48,11550.3,0.0000002,0.000000000023883560000000002,7793773,2019-07-04 02:49:48,BTC,21.00878619,0.0,0.0000002,"BTC,XMR",19931.59287795317,0.0,0.00143681,2
1,[],5,[],2019-06-03 14:48:58,0.0,0,0,7731126,2019-06-03 14:48:58,btc,0.0,0.05905545,0,btc,0.0,0.0,0.0,3
1,[],12,[],2019-06-03 14:48:59,3468623.70302,0.000000116,0.000000000009823402000000002,7731127,2019-06-03 14:48:59,btc,169531.0336573751,0.0,0.000000116,btc,2361209.62379607,0.041350953071,0.33764769154428,3
0,[],28,[],2019-06-03 14:49:00,0.0,0,0,7731128,2019-06-03 14:49:00,,0.0,0.0,0,,0.0,0.0,0.0,3
0,[],2,[],2019-01-20 23:31:32,0.0,0,0,6477077,2019-01-20 23:31:32,,0.0,0.0,0,,0.0,0.0,0.0,4
1,[],4,[],2019-05-18 21:29:50,562734.9206932,0.00000010,0.000000000007298720000000001,7650946,2019-05-18 21:29:50,btc,41.9347137769675,0.0,0.00000010,btc,1123702.32192634,0.00052462,0.029254593370966,4
0,[],12,[],2019-06-02 05:03:43,0.0,0,0,7724919,2019-06-02 05:03:43,btc,625.901992874995,0.0,0,btc,1211362.4995005,0.0,0.0,5
0,[],2,[],2019-01-20 23:31:51,0.0,0,0,6477087,2019-01-20 23:31:51,,0.0,0.0,0,,0.0,0.0,0.0,6
1,[],11,[],2019-07-03 09:34:02,4305910.27673599,0.00000001,0.000000000001114197,7791170,2019-07-03 09:34:02,btc,9583.61440324221,317319.0,0.00000001,btc,78212351.53970686,0.0,0.0430591027673599,6
1,[],3,[],2019-07-04 02:49:48,11722.667751811414,0.0000630299999999999979206910527551599443540908396244049072265625,0.000000007526903934000001,7793774,2019-07-04 02:49:48,btc,1026.2865281833015,627.29874475,0.0000630299999999999979206910527551599443540908396244049072265625,btc,381.799173744402,0.0,0.020413298970155272,7
1,[],4,[],2019-07-04 02:49:49,314259.90264548,0.00007184,0.000000008578974752,7793775,2019-07-04 02:49:49,btc,7.199274118091629,0.0,0.00007184,btc,52404.87889736,1.88335805,1.909585952463975,7
1,[],5,[],2019-07-04 02:49:51,0.0,0,0,7793776,2019-07-04 02:49:51,btc,0.0,0.01490875,0,btc,0.0,0.0,0.0,7
1,[],20,[],2019-04-07 22:06:50,3201475.0482,0.000000001,0.000000000000051590000000000004,7213932,2019-04-07 22:06:50,btc,30.8005781811902,0.0,0.000000001,btc,23077405.3926,0.0,0.0032014750482,8
0,[],2,[],2019-01-20 23:22:42,0.0,0,0,6476876,2019-01-20 23:22:42,,0.0,0.0,0,,0.0,0.0,0.0,9
0,[],23,[],2019-01-20 23:22:48,0.0,0,0,6476878,2019-01-20 23:22:48,,0.0,0.0,0,,0.0,0.0,0.0,9
1,[],4,[],2019-07-04 02:49:53,1738792.30982232,0.00000041,0.000000000048961298000000004,7793777,2019-07-04 02:49:53,btc,2.6834183128996063,0.0,0.00000041,btc,3075349.20104658,0.24615885,0.2653640959756819,9
1,[],28,[],2019-07-04 02:50:01,20043.809,0.00000042,0.000000000050155476000000004,7793778,2019-07-04 02:50:01,btc,2708.795936875,99145.0,0.00000042,btc,60856.555,0.0,0.00270157978,9
1,[],1,[],2019-02-17 23:31:42,1822507.21,0.00000181000000000000003456111265232042484285557293333113193511962890625,0.000000000066086901,6701244,2019-02-17 23:31:42,btc,3.6990969245,17153386.5,0.00000181000000000000003456111265232042484285557293333113193511962890625,btc,1997391.71,31.11772986,3.2610482446,9
1,[],4,[],2019-02-17 11:22:43,4341674.27126056,0.00000002,0.0000000000007272960000000001,6696112,2019-02-17 11:22:43,btc,0.1997230937751353,0.0,0.00000002,btc,4109766.79808031,0.00215132,0.0479381022052112,10
0,[],2,[],2019-01-20 23:23:08,0.0,0,0,6476890,2019-01-20 23:23:08,,0.0,0.0,0,,0.0,0.0,0.0,12
1,[],4,[],2019-07-04 02:50:02,6908568.55437109,0.00000021,0.000000000025077738000000002,7793779,2019-07-04 02:50:02,btc,7.436866415723422,0.0,0.00000021,btc,9450023.32353692,0.37156502,0.5978081703630033,12
1,[],5,[],2019-07-04 02:50:04,0.0,0,0,7793780,2019-07-04 02:50:04,btc,0.0,0.06835837,0,btc,0.0,0.0,0.0,12
0.0,[],25,[],2019-07-04 02:50:07,0.0,0,0,7793781,2019-07-04 02:50:07,,0.0,0.0,0.0,btc,0.0,0.0,0.0,12
1,[],4,[],2019-07-03 05:13:15,584689.47355813,0.00000244,0.0000000002788066,7790600,2019-07-03 05:13:15,btc,2.1849123684917955,0.0,0.00000244,btc,410884.35721095,0.22629225,0.257981043015862,13
1,[],21,[],2019-07-03 05:13:19,5464503.61926811,0.000002560000000000000053561755725,0.0000000002925184,7790601,2019-07-03 05:13:19,btc,2.210907882880977,615243.9733135,0.0000025600000000000000535617557251288900488361832685768604278564453125,btc,645862.4277429,1.61860588,2.668924574171489,13
1,[],10,[],2019-07-03 04:50:28,599111.48051128,0.00000253,0.000000000286717816,7790504,2019-07-03 04:50:28,btc,666798.5185763352,11564.1307772,0.00000253,btc,1070197.84077692,0.0,0.2329213413435623,13
1,[],4,[],2019-07-04 02:50:08,1093100.77905589,0.00000035,0.00000000004179623,7793782,2019-07-04 02:50:08,btc,2.4811984001466576,0.0,0.00000035,btc,717477.07832476,0.00760441,0.0969013708667089,14
1,[],12,[],2019-07-04 02:50:09,228710.22582813,0.00000035,0.00000000004179623,7793783,2019-07-04 02:50:09,btc,186.35616644899568,0.0,0.00000035,btc,39056.2972986,0.00202617564,0.0150953819999933,14
1,[],26,[],2019-07-04 02:52:09,0.0,0.00000050,0.0000000000597089,7793784,2019-07-04 02:52:09,btc,0.0,0.0,0.00000050,btc,0.0,0.0,0.0,14
0,[],17,[],2019-05-03 00:53:32,0.0,0,0,7558876,2019-05-03 00:53:32,btc,0.0,0.0,0,btc,0.0,0.0,0.0,14
0,[],4,[],2019-07-04 02:52:10,0.0,0,0,7793785,2019-07-04 02:52:10,,0.0,0.0,0,,0.0,0.0,0.0,15
,[],12,[],2018-12-01 15:15:48,204241.84496,0.00000489,0.000000000202473384,5260204,2018-12-01 15:15:48,btc,49.5475654835,0.0,,btc,35763.2193806,0.0163153972027625,0.0203389899998,15
0,[],2,[],2019-01-20 23:23:38,0.0,0,0,6476906,2019-01-20 23:23:38,,0.0,0.0,0,,0.0,0.0,0.0,18
1,[],4,[],2019-07-04 02:52:11,34604.90583738,0.00000850,0.0000000010150513000000001,7793786,2019-07-04 02:52:11,btc,2.3491074410699806,0.0,0.00000850,btc,15087.99372149,0.04349675,0.0702137659254315,18
1,[],10,[],2019-07-04 02:52:13,414380.2705294,0.00000852,0.0000000010174396560000001,7793787,2019-07-04 02:52:13,btc,15.058035699287485,3143.94817268,0.00000852,btc,18516.55798621,0.0,0.3748635916936976,18
1,[],12,[],2019-07-04 02:52:15,2274.17219178,0.00000815999999999999980015118195009193868827424012124538421630859375,0.000000000974449248,7793788,2019-07-04 02:52:15,btc,0.528279602157,0.0,0.00000815999999999999980015118195009193868827424012124538421630859375,btc,1921.08108852,1.6765787e-05,0.0050921435630006,18
0,[],17,[],2019-05-03 00:53:39,0.0,0,0,7558882,2019-05-03 00:53:39,btc,0.0,0.0,0,btc,0.0,0.0,0.0,18
0,[],2,[],2019-01-20 23:24:19,0.0,0,0,6476924,2019-01-20 23:24:19,,0.0,0.0,0,,0.0,0.0,0.0,19
1,[],3,[],2019-07-04 02:54:16,160104.89614401,0.000007930000000000000308190972742039548393222503364086151123046875,0.0000000009469831540000001,7793789,2019-07-04 02:54:16,btc,190.3099411678804,15936.0573282,0.000007930000000000000308190972742039548393222503364086151123046875,btc,18228.808459760636,0.0,0.1050561257431475,19
1,[],4,[],2019-07-04 02:54:17,293016.84057069,0.00000642,0.0000000007666622760000001,7793790,2019-07-04 02:54:17,btc,2.694382860020169,0.0,0.00000642,btc,183719.51766812,0.49441484,1.1869886680827255,19
1,[],5,[],2019-07-04 02:54:19,0.0,0,0,7793791,2019-07-04 02:54:19,btc,0.0,0.0,0,btc,0.0,0.0,0.0,19
1,[],12,[],2019-07-04 02:54:20,107503.26167861,0.000005800000000000000372813759030865554677802720107138156890869140625,0.0000000006926232400000001,7793792,2019-07-04 02:54:20,btc,0.3653419504440371,0.0,0.000005800000000000000372813759030865554677802720107138156890869140625,btc,3013.18297673,0.0,0.0105809179997748,19
0,[],27,[],2019-07-04 02:54:25,0.0,0,0,7793793,2019-07-04 02:54:25,,0.0,0.0,0,btc,0.0,0.0,0.0,19
1,[],4,[],2019-07-04 02:54:26,9925191.09278478,0.00000005,0.000000000005970890000000001,7793794,2019-07-04 02:54:26,btc,5.160614082205169,0.0,0.00000005,btc,2226103.13343337,0.0,0.1102994166205056,20
0,[],4,[],2019-07-03 05:17:38,0.0,0,0,7790614,2019-07-03 05:17:38,,13630.874493644571,0.0,0,,166276624.1737067,0.0,0.0,21
0,[],12,[],2019-07-03 05:17:41,0.0,0,0,7790615,2019-07-03 05:17:41,btc,2602.9596941675427,0.0,0,btc,9905024.55244751,3.996e-08,0.0,21
0,[],17,[],2019-05-03 00:53:51,0.0,0,0,7558891,2019-05-03 00:53:51,btc,0.0,0.0,0,btc,0.0,0.0,0.0,21
1,[],12,[],2019-07-04 02:54:27,6675612329.864567,0.0000000007,0.00000000000008359246,7793795,2019-07-04 02:54:27,btc,1426620312767.6106,0.0,0.0000000007,btc,3025098129.5454545,0.174256593942,2.2707762742454833,23
0.000000000251289,[],27,[],2019-07-04 02:54:33,117530727.01298691,1.256445e-16,1.50041897721e-20,7793796,2019-07-04 02:54:33,eth,1360.4829160192228,50000.0,0.0000005,eth,6217563.5506114,3.8949795e-12,1.1018907525273408e-08,23
1,[],4,[],2019-06-22 05:45:29,6100414.07522138,0.00000017,0.00000000001823352,7751732,2019-06-22 05:45:29,btc,10.22685272773715,0.0,0.00000017,btc,1790815.48208265,0.0,0.1345450262400025,24
0,[],22,[],2019-06-22 05:45:31,0.0,0,0,7751733,2019-06-22 05:45:31,,6.22e-05,0.0,0,,517.4264705882352,0.0,0.0,24
0.0,[],25,[],2019-06-22 05:45:32,0.0,0,0,7751734,2019-06-22 05:45:32,,0.0,0.0,0.0,btc,0.0,0.0,0.0,24
1,[],4,[],2019-07-04 02:54:34,26976171.93789921,0.00000330,0.00000000039407874,7793797,2019-07-04 02:54:34,btc,6.098470226595541,0.0,0.00000330,btc,204178.37690334,0.11639032,0.4894946907572888,26
1,[],10,[],2019-07-04 02:54:36,228180.6088699,0.00000346,0.000000000413185588,7793798,2019-07-04 02:54:36,btc,26.161876574866977,6529.33537059,0.00000346,btc,21012.29483672,0.0,0.0496019039217244,26
0,[],2,[],2019-01-20 23:25:56,0.0,0,0,6476976,2019-01-20 23:25:56,,0.0,0.0,0,,0.0,0.0,0.0,26
1,[],5,[],2019-04-26 09:47:06,0.0,0,0,7465326,2019-04-26 09:47:06,btc,0.0,0.0,0,btc,0.0,0.0,0.0,27
1,[],3,[],2019-06-17 14:30:26,13571825.64059417,0.00000001,0.00000000000092914,7740112,2019-06-17 14:30:26,btc,3.485049956644059,4264730.43754,0.00000001,btc,23500048.28518193,0.0,0.1357182564059417,27
1,[],11,[],2019-06-17 14:30:28,2031833.58157834,0.00000001,0.00000000000092914,7740113,2019-06-17 14:30:28,btc,67502.92060589766,32677.9652116,0.00000001,btc,6487362.95640949,0.0,0.0203183358157834,27
0.0000000001011855,[],4,[],2019-07-04 02:54:37,505331209.79232025,7.690098000000001e-17,9.183345849444002e-21,7793799,2019-07-04 02:54:37,ltc,10.676845484662378,0.0,0.00000076,ltc,679398112.9601626,0.00012881,8.836808084918691e-09,29
1,[],7,[],2019-07-04 02:54:38,0.0,0,0,7793800,2019-07-04 02:54:38,btc,46548272.66228736,0.0,0,btc,50856517.10551067,0.0,0.0,29
1,[],4,[],2019-07-04 02:54:39,15303614.0400687,0.00000005,0.000000000005970890000000001,7793801,2019-07-04 02:54:39,btc,2.573393984778842,0.0,0.00000005,btc,2249253.14278687,0.0,0.1687191145933902,30
0,[],17,[],2019-05-03 01:11:25,0.0,0,0,7559066,2019-05-03 01:11:25,btc,0.0,0.0,0,btc,0.0,0.0,0.0,30
1,[],4,[],2019-07-04 02:56:40,239787.79074782,0.00003060,0.0000000036541846800000005,7793802,2019-07-04 02:56:40,btc,3.4968959429444437,0.0,0.00003060,btc,58123.06666569,0.40983821,0.8055321242696812,31
1,[],21,[],2019-07-04 02:56:42,241056.46512858,0.00003426000000000000063078015033,0.000000004091253828000001,7793803,2019-07-04 02:56:42,btc,5.220514875081947,104948.46784216,0.000034260000000000000630780150334686595670063979923725128173828125,btc,119110.17766091,3.59485205,3.8623757445583973,31
0,[],2,[],2019-01-20 23:28:43,0.0,0,0,6477009,2019-01-20 23:28:43,,0.0,0.0,0,,0.0,0.0,0.0,32
0,[],4,[],2019-07-04 02:56:43,0.0,0,0,7793804,2019-07-04 02:56:43,,0.0,0.0,0,,0.0,0.0,0.0,33
1,[],12,[],2019-03-30 07:55:10,40641173.964,0.00000003,0.000000000001228359,7108785,2019-03-30 07:55:10,btc,4233210.82356125,0.0,0.00000003,btc,28378394.68333462,0.0126927883965248,0.90752895892,33
0.0000000001011855,[],4,[],2019-07-04 02:56:45,148801988.53994268,3.3391215e-17,3.987505434627001e-21,7793805,2019-07-04 02:56:45,ltc,4.568892867056311,0.0,0.00000033,ltc,169732060.3803718,0.0,5.831901113537438e-10,34
1,[],5,[],2019-07-04 02:56:47,0.0,0,0,7793806,2019-07-04 02:56:47,btc,0.0,1.656e-05,0,btc,0.0,0.0,0.0,34
0.0000000002926451,[],17,[],2019-05-02 18:17:47,200000.0,2.9264510000000002e-18,1.596703856561e-22,7556430,2019-05-02 18:17:47,eth,0.20942468735267253,0.0,0.00000001,"btc,eth",1018272.20243647,0.0,5.852902e-13,36
0.0000000001311821,[],4,[],2019-05-31 13:28:19,2417517744.0607657,1.311821e-18,1.105058333085e-22,7717483,2019-05-31 13:28:19,ltc,5.019900492391546e-08,0.0,0.00000001,ltc,7102398142.262129,0.0,3.171350544531538e-09,36
1,[],5,[],2019-05-31 13:28:21,0.0,0,0,7717484,2019-05-31 13:28:21,btc,0.0,0.0,0,btc,0.0,0.0,0.0,36
0.0000000003108179,[],27,[],2019-05-31 13:30:34,10388811.226876,6.216358000000001e-18,5.236566733830001e-22,7717485,2019-05-31 13:30:34,eth,1569.8708019850988,761866.634299,0.00000002,"ltc,eth",5084024.2511555,4.736034912207001e-12,3.3251980286483705e-11,36
1,[],4,[],2019-06-25 10:05:55,10747826.61931615,0.00000014,0.000000000015920562,7762320,2019-06-25 10:05:55,btc,19773.05513423956,0.0,0.00000014,btc,682946.14349671,0.0006293,0.1362851255028938,37
1,[],12,[],2019-06-25 10:05:57,4167862.54235103,0.00000013,0.000000000014783379,7762321,2019-06-25 10:05:57,btc,7.381091518261743,0.0,0.00000013,btc,1713444.53926904,0.016313049979,0.1478110147956336,37
1,[],27,[],2019-06-25 10:08:02,10970.0,0.00000019,0.000000000021606477,7762322,2019-06-25 10:08:02,btc,22.62970013895233,0.0,0.00000019,btc,4298.824295,0.0,0.00167419,37
1,[],17,[],2019-05-03 01:11:36,211752.74075282,0.00000025,0.000000000013700074999999998,7559074,2019-05-03 01:11:36,btc,0.055484923955058496,0.0,0.00000025,"btc,eth",1387.19918473,0.0,0.0005381851887916605,37
1,[],5,[],2019-07-04 02:56:49,0.0,0,0,7793807,2019-07-04 02:56:49,btc,0.0,0.15351119,0,btc,0.0,0.0,0.0,42
1,[],12,[],2019-07-04 02:56:50,193417.62717061,0.00000128999999999999993103715241471451946608794969506561756134033203125,0.000000000154048962,7793808,2019-07-04 02:56:50,btc,525.2810469983075,0.0,0.00000128999999999999993103715241471451946608794969506561756134033203125,btc,148746.48246026,0.063546341805,0.045333101041281396,42
1,[],27,[],2019-07-04 02:56:56,300.0,0.00000002,0.0000000000023883560000000002,7793809,2019-07-04 02:56:56,btc,0.07600425,0.0,0.00000002,"btc,eth",18.0,0.0,6e-06,42
1,[],12,[],2019-03-13 09:13:29,1112112.0,0.00000001,0.000000000000386531,6919902,2019-03-13 09:13:29,btc,29058.00478931866,0.0,0.00000001,btc,5967681.93306694,9.99000999e-07,0.01112112,43
1,[],5,[],2019-04-26 22:38:52,0.0,0,0,7474154,2019-04-26 22:38:52,btc,0.0,0.02638891,0,btc,0.0,0.0,0.0,43
0,[],17,[],2019-04-26 22:38:53,0.0,0,0,7474155,2019-04-26 22:38:53,btc,0.0,0.0,0,btc,0.0,0.0,0.0,43
1,[],12,[],2019-03-05 01:54:08,639326.02,0.00000004,0.000000000001486676,6845775,2019-03-05 01:54:08,btc,11116042.728239931,0.0,0.00000004,btc,1103841.4595604,0.0003330765234764,0.014975410599999999,44
0.0000000001011855,[],4,[],2019-07-04 02:56:57,109851225.84882408,4.4521620000000005e-17,5.316673912836001e-21,7793810,2019-07-04 02:56:57,ltc,2762.230431424969,0.0,0.00000044,ltc,28379920.97363348,0.0,4.6040052841940355e-10,49
0.0000000001011855,[],4,[],2019-07-04 02:56:58,317798362.9537498,2.5296375000000002e-17,3.0208374504750005e-21,7793811,2019-07-04 02:56:58,ltc,27253.817007494137,0.0,0.00000025,ltc,194100908.63156465,0.0,1.8695714884322417e-09,52
0,[],22,[],2019-07-04 02:57:01,0.0,0,0,7793812,2019-07-04 02:57:01,,10289.80784133,0.0,0,,287058287.4566013,0.0,0.0,57
0,[],27,[],2019-07-04 02:57:08,0.0,0,0,7793813,2019-07-04 02:57:08,,0.0,0.0,0,"btc,eth",0.0,0.0,0.0,57
0,[],4,[],2019-07-04 02:57:09,0.0,0,0,7793814,2019-07-04 02:57:09,,19.719103665263564,0.0,0,,6107907538.982692,0.0,0.0,58
0,[],12,[],2019-07-04 02:57:10,0.0,0,0,7793815,2019-07-04 02:57:10,btc,654781714.288536,0.0,0,btc,3772184422.5554013,0.001750139558,0.0,58
0.0000000000750226,[],22,[],2019-07-04 02:59:14,126877.0,7.502260000000001e-19,8.959033842280001e-23,7793816,2019-07-04 02:59:14,XMR,68.17454206,0.0,0.00000001,XMR,9626402.6,0.0,0.00126877,58
1,[],17,[],2019-05-03 01:12:09,1200000.0,0.0000000001,0.00000000000000548003,7559085,2019-05-03 01:12:09,btc,1e+24,0.0,0.0000000001,"btc,eth",39516342.31952568,0.0,0.00010000000058666061,58
1,[],5,[],2019-06-17 14:31:27,0.0,0,0,7740135,2019-06-17 14:31:27,btc,0.0,0.00079154,0,btc,0.0,0.0,0.0,61
1,[],22,[],2019-06-17 14:31:30,13612.833333333334,0.00000012,0.00000000001114968,7740136,2019-06-17 14:31:30,BTC,1002.29123003,0.0,0.00000012,BTC,15014.200177125656,0.0,0.00153257,61
1,[],26,[],2019-06-17 14:31:30,0.0,0.00000050,0.000000000046457,7740137,2019-06-17 14:31:30,btc,0.0,0.0,0.00000050,btc,0.0,0.0,0.0,61
1,[],27,[],2019-06-17 14:31:36,8400.0,0.00000018,0.00000000001672452,7740138,2019-06-17 14:31:36,btc,1.9742539297246655,0.0,0.00000018,"btc,eth",10953.51663696,0.0,0.001512,61
0,[],28,[],2019-06-17 14:31:38,0.0,0,0,7740139,2019-06-17 14:31:38,,0.0,0.0,0,,0.0,0.0,0.0,61
1,[],4,[],2019-07-04 02:59:15,1464530.10844294,0.00000037,0.000000000044184586,7793817,2019-07-04 02:59:15,btc,3.230398377632568,0.0,0.00000037,btc,1291229.79906388,0.025492,0.2602855532540961,67
0.0,[],25,[],2019-07-04 02:59:17,0.0,0,0,7793818,2019-07-04 02:59:17,,0.0,0.0,0.0,btc,0.0,0.0,0.0,67
1,[],12,[],2019-06-02 06:23:14,910048.355,0.00000006,0.000000000005154929999999999,7725270,2019-06-02 06:23:14,btc,5.167005424215783,0.0,0.00000006,btc,738530.60239759,0.003159757462,0.0187188113,71
,[],5,[],2018-11-20 23:02:39,1.5e-07,0.00000005,0.000000000002128045,4862160,2018-11-20 23:02:39,btc,2.84511358,0.0,,btc,0.00036572,0.0,0.07381892,74
1,[],5,[],2019-07-04 02:59:19,0.0,0,0,7793819,2019-07-04 02:59:19,btc,0.0,0.00197822,0,btc,0.0,0.0,0.0,75
1,[],4,[],2019-06-04 03:25:15,715281.46076168,0.00000001,0.000000000000803619,7734085,2019-06-04 03:25:15,btc,581089.6218469425,0.0,0.00000001,btc,37692563.61091116,0.0,0.0071528146076168,81
0,[],20,[],2019-01-25 09:30:31,0.0,0,0,6495923,2019-01-25 09:30:31,btc,0.0,0.0,0,btc,0.0,0.0,0.0,81
1,[],4,[],2019-07-04 02:59:20,184790.01215408,0.00006618,0.000000007903070004000001,7793820,2019-07-04 02:59:20,btc,59.18904829891423,0.0,0.00006618,btc,129241.51009899,0.53522615,0.3226344148557209,82
1,[],21,[],2019-07-04 02:59:21,289463.25883592,0.00006885000000000000657234683343,0.000000008221915530000001,7793821,2019-07-04 02:59:21,btc,4.266674932274945,4074.23332679,0.000068850000000000006572346833433329038598458282649517059326171875,btc,43556.40222905,0.28463004,2.9207228443676567,82
0,[],17,[],2019-03-25 22:42:34,0.0,0,0,7038780,2019-03-25 22:42:34,btc,0.0445064681804024,0.0,0,btc,995513.18476001,0.0,0.0,84
0.0000000001161485,[],4,[],2019-05-20 13:09:39,216715621.0206096,1.161485e-18,9.0533806701e-23,7657228,2019-05-20 13:09:39,ltc,1.6511566870244727,0.0,0.00000001,ltc,471032407.9048656,0.0,2.5171194308112273e-10,85
,[],22,[],2018-11-20 23:09:34,3408.1,0.0000001,0.0000000000041895,4862324,2018-11-20 23:09:34,BTC,0.04624735,0.0,,BTC,4990.0,0.0,0.00033081,86
1,[],22,[],2019-07-04 02:59:24,37288.0,0.00000001,0.0000000000011941780000000001,7793822,2019-07-04 02:59:24,BTC,1.86392327,0.0,0.00000001,BTC,380878.94736842107,0.00025,0.00037288,87
1,[],27,[],2019-07-04 02:59:29,91796.3,0.00000006,0.000000000007165068000000001,7793823,2019-07-04 02:59:29,btc,15.897763694,15378.0,0.00000006,btc,586221.956,0.00092268,0.005046168,87
,[],2,[],2018-11-20 23:10:47,0.0,0,0,4862359,2018-11-20 23:10:47,,0.0,0.0,,,0.0,0.0,0.0,88
1,[],11,[],2019-06-17 14:31:59,193715.3529613,0.000073310000000000001140094962881477158589405007660388946533203125,0.00000000681152534,7740147,2019-06-17 14:31:59,btc,168.35454702024953,5791.70569014,0.000073310000000000001140094962881477158589405007660388946533203125,btc,196971.41170107,0.0,1.1996165759440112,89
0,[],2,[],2019-01-20 23:31:45,0.0,0,0,6477083,2019-01-20 23:31:45,,0.0,0.0,0,,0.0,0.0,0.0,91
1,[],12,[],2019-07-04 02:59:31,398483.88680909,0.00000029,0.000000000034631162,7793824,2019-07-04 02:59:31,btc,121.78960664571977,0.0,0.00000029,btc,295185.8639166,0.000297645002,0.026184804153839,91
1,[],22,[],2019-07-04 03:01:35,75900.0,0.00000001,0.0000000000011941780000000001,7793825,2019-07-04 03:01:35,BTC,0.495,0.0,0.00000001,"BTC,LTC",4.95,0.0,0.001659,91
0,[],17,[],2019-05-03 01:12:26,0.0,0,0,7559096,2019-05-03 01:12:26,btc,0.0,0.0,0,btc,0.0,0.0,0.0,91
1,[],22,[],2019-07-04 03:01:40,94060.0,0.00000002,0.0000000000023883560000000002,7793826,2019-07-04 03:01:40,BTC,11.52307074,0.0,0.00000002,"BTC,LTC",341043.4683191416,0.0,0.0662712,95
0.0000000001011855,[],4,[],2019-07-04 03:01:41,536605279.86898446,2.4284520000000003e-17,2.9000039524560005e-21,7793827,2019-07-04 03:01:41,ltc,10.868243575249656,0.0,0.00000024,ltc,153278702.70491034,0.0,6.548007909346792e-10,96
0,[],12,[],2019-07-04 03:01:42,0.0,0,0,7793828,2019-07-04 03:01:42,btc,36.54048692651349,0.0,0,btc,10035950.65134864,0.0,0.0,96
0,[],17,[],2019-05-03 01:12:32,0.0,0,0,7559100,2019-05-03 01:12:32,btc,0.0,0.0,0,btc,0.0,0.0,0.0,96
1,[],4,[],2019-04-14 03:32:46,1039404.33283278,0.00000038,0.000000000019245518,7293458,2019-04-14 03:32:46,btc,4.170086055365747,0.0,0.00000038,btc,3097704.34561074,0.06260606,0.1859928211030784,99
0,[],2,[],2019-01-20 23:23:55,0.0,0,0,6476914,2019-01-20 23:23:55,,0.0,0.0,0,,0.0,0.0,0.0,100
1,[],4,[],2019-07-04 03:03:43,174464.49763781,0.00001234,0.000000001473615652,7793829,2019-07-04 03:03:43,btc,13.071195356538585,0.0,0.00001234,btc,288120.70870514,0.0777416,0.3671854617715003,100
1,[],22,[],2019-06-05 06:30:35,150000.0,0.00000002,0.000000000001558192,7740007,2019-06-05 06:30:35,BTC,28.56386409,0.0,0.00000002,BTC,12787.719,0.0,0.0017,101
1,[],4,[],2019-07-04 03:03:44,474140.79692115,0.00000127,0.00000000015166060600000002,7793830,2019-07-04 03:03:44,btc,882.5906463985391,0.0,0.00000127,btc,762040.67153719,0.02373593,0.0856508110446678,103
1,[],12,[],2019-06-17 14:32:14,179201505.10870332,0.000000005,0.00000000000046457,7740154,2019-06-17 14:32:14,btc,113577.79366343976,0.0,0.000000005,btc,79148141.67831126,0.019059029059,0.27280986350611003,105
1,[],27,[],2019-06-17 14:32:19,18306828.03496503,0.00000002,0.00000000000185828,7740155,2019-06-17 14:32:19,btc,180.7198218385489,1083.96503497,0.00000002,btc,276513.60142659,7.588e-05,0.3661365606993006,105
1,[],22,[],2019-04-21 00:17:26,21333.0,0.00000001,0.000000000000532493,7385819,2019-04-21 00:17:26,BTC,51.38182867,0.0,0.00000001,BTC,470435.0,0.0,0.00021333,107
1,[],26,[],2019-04-21 00:17:26,0.0,0.00000000,0,7385820,2019-04-21 00:17:26,btc,0.0,0.0,0.00000000,btc,0.0,0.0,0.0,107
1,[],5,[],2019-07-04 03:03:48,0.0,0,0,7793831,2019-07-04 03:03:48,btc,0.0,0.0,0,btc,0.0,0.0,0.0,112
0,[],22,[],2019-07-04 03:03:50,0.0,0,0,7793832,2019-07-04 03:03:50,,6.79500102,0.0,0,,3375892.0833333335,0.0,0.0,112
1,[],27,[],2019-07-04 03:03:57,1.0,0.00000001,0.0000000000011941780000000001,7793833,2019-07-04 03:03:57,btc,0.0,0.0,0.00000001,"btc,eth",0.0,0.0,1e-08,112
1,[],4,[],2019-07-04 03:03:58,1005674.29447156,0.00000038,0.000000000045378764000000006,7793834,2019-07-04 03:03:58,btc,6.393802647321444,0.0,0.00000038,btc,960983.49601838,0.02666263,0.1235540205131928,113
1,[],5,[],2019-07-04 03:03:59,0.0,0,0,7793835,2019-07-04 03:03:59,btc,0.0,2.1e-07,0,btc,0.0,0.0,0.0,113
1,[],17,[],2019-04-26 02:17:47,162738.278,0.00000004,0.0000000000021069000000000002,7461287,2019-04-26 02:17:47,btc,1.3331140273775473,0.0,0.00000004,btc,51796.221,0.0,0.00230953112,116
1,[],27,[],2019-07-04 03:06:05,95525.16595526,0.00000001,0.0000000000011941780000000001,7793836,2019-07-04 03:06:05,btc,3918.966122084,0.0,0.00000001,btc,85259.687,0.0,0.0009552516595526,116
1,[],4,[],2019-05-21 22:31:11,138169.03963019,0.00000701,0.000000000558364025,7664793,2019-05-21 22:31:11,btc,150.95388250938234,0.0,0.00000701,btc,344631.17141974,0.07552974,0.4288357684941946,120
1,[],7,[],2019-05-21 22:31:12,3901.07750076,0.000010679999999999999389654892212320191902108490467071533203125,0.0000000008506887,7664794,2019-05-21 22:31:12,btc,231188.94669936574,0.0,0.000010679999999999999389654892212320191902108490467071533203125,btc,4133.83151364,0.0,0.0113888422364489,120
1,[],20,[],2019-04-07 18:42:29,1914137.0852,0.000000035,0.0000000000017871910000000002,7211992,2019-04-07 18:42:29,btc,32.2497668025648,25528.85,0.000000035,btc,1001975.4986,0.00089350975,0.0152723574729,125
1,[],22,[],2019-06-17 14:32:38,10000.0,0.00000001,0.00000000000092914,7740161,2019-06-17 14:32:38,BTC,0.032061,0.0,0.00000001,BTC,299316.7611111111,0.0,0.0001,126
0,[],2,[],2019-01-20 23:25:46,0.0,0,0,6476969,2019-01-20 23:25:46,,0.0,0.0,0,,0.0,0.0,0.0,131
1,[],4,[],2019-07-04 03:06:06,549976.62160182,0.00000409,0.0000000004884188020000001,7793837,2019-07-04 03:06:06,btc,2.9589440304762267,0.0,0.00000409,btc,192617.83913277,0.05122348,0.5904426623431913,131
1,[],17,[],2019-05-03 01:13:10,10000.0,0.00000001,0.000000000000548003,7559115,2019-05-03 01:13:10,btc,0.0953976503951408,0.0,0.00000001,btc,5037.62507334,0.0,0.0001,131
1,[],4,[],2019-06-17 14:32:42,4848.49465417,0.00007919,0.00000000735785966,7740163,2019-06-17 14:32:42,btc,0.9905723729472744,0.0,0.00007919,btc,202.13055914,0.0,0.0061509344290166,135
1,[],3,[],2019-07-04 03:08:07,11159.26592867,0.00000001,0.0000000000011941780000000001,7793838,2019-07-04 03:08:07,btc,405.4681145520013,2089064.6768,0.00000001,btc,3141155.52866817,0.0,0.0001115926592867,136
1,[],4,[],2019-07-04 03:08:08,162611.31087537,0.00000136,0.000000000162408208,7793839,2019-07-04 03:08:08,btc,112.57111103261228,0.0,0.00000136,btc,534549.37629046,0.0066367,0.1181178002812948,137
1,[],12,[],2019-07-04 03:08:10,70305.70183853,0.0000015000000000000000380012861456169304119612206704914569854736328125,0.00000000017912670000000001,7793840,2019-07-04 03:08:10,btc,57.901651936444736,0.0,0.0000015000000000000000380012861456169304119612206704914569854736328125,btc,82402.41598677001,9.103e-05,0.0166239939999402,137
1,[],4,[],2019-07-04 03:08:11,345135.02830737,0.00001130,0.0000000013494211400000002,7793841,2019-07-04 03:08:11,btc,6.185760099584258,0.0,0.00001130,btc,187778.95961169,0.3345526,0.4124309060159173,142
1,[],5,[],2019-07-04 03:08:13,0.0,0,0,7793842,2019-07-04 03:08:13,btc,0.0,0.00400903,0,btc,0.0,0.0,0.0,142
1,[],20,[],2019-07-04 03:10:15,113250.962,0.0000075,0.0000000008956335,7793843,2019-07-04 03:10:15,btc,1.5679453463371,0.01,0.0000075,btc,9882.1432,7.5e-08,0.0068967334012,142
1,[],22,[],2019-07-04 03:10:18,10820.0,0.00000600,0.0000000007165068000000001,7793844,2019-07-04 03:10:18,BTC,2.99759384,0.0,0.00000600,BTC,835.7198755539798,0.0,0.0053672,142
0.0,[],25,[],2019-07-04 03:10:20,0.0,0,0,7793845,2019-07-04 03:10:20,,0.0,0.0,0.0,btc,0.0,0.0,0.0,142
1,[],28,[],2019-07-04 03:10:34,76110.0,0.00001110,0.0000000013255375800000001,7793846,2019-07-04 03:10:34,btc,0.438587390411,3146.0,0.00001110,btc,1381.1951,0.0,0.0042182,142
1,[],17,[],2019-05-03 01:13:16,32967.38636364,0.00000088,0.000000000048224264,7559122,2019-05-03 01:13:16,btc,20.06976206696776,0.0,0.00000088,btc,2746.079105,0.0,0.0105613000000032,142
0,[],22,[],2019-07-04 03:10:37,0.0,0,0,7793847,2019-07-04 03:10:37,,67.81665877,0.0,0,,754491934.7744589,0.0,0.0,143
0,[],22,[],2019-02-25 15:42:22,0.0,0,0,6783783,2019-02-25 15:42:22,,4.2131946,0.0,0,,2322156.0,0.0,0.0,146
,[],22,[],2018-11-20 23:01:11,0.0,0,0,4862114,2018-11-20 23:01:11,,2.56807021,0.0,,,61828.4988236,0.0,0.0,147
1,[],12,[],2019-04-21 06:38:04,193091.5971266,0.00000071,0.000000000037635183,7388679,2019-04-21 06:38:04,btc,2.301232411611175,0.0,0.00000071,btc,9957.48302385,0.00023528,0.0313308199999888,148
1,[],4,[],2019-03-19 21:31:25,255810.0415942,0.00000029,0.000000000011615747,6982695,2019-03-19 21:31:25,btc,218.94922712414143,0.0,0.00000029,btc,793529.37642722,0.00117,0.0608347789473395,152
0,[],22,[],2019-03-19 21:31:27,0.0,0,0,6982696,2019-03-19 21:31:27,,0.0,0.0,0,,0.0,0.0,0.0,152
1,[],5,[],2019-04-26 09:36:59,0.0,0,0,7465040,2019-04-26 09:36:59,btc,0.0,0.0,0,btc,0.0,0.0,0.0,153
,[],16,[],2019-01-11 15:38:59,0.0,0,0,6366141,2019-01-11 15:38:59,btc,0.0,0.0,,btc,0.0,0.0,0.0,155
0,[],23,[],2019-01-20 23:24:29,0.0,0,0,6476932,2019-01-20 23:24:29,,0.0,0.0,0,,0.0,0.0,0.0,156
0,[],22,[],2019-06-04 06:02:09,0.0,0,0,7734688,2019-06-04 06:02:09,,7.43375324,0.0,0,,5955762.942592593,0.0,0.0,156
1,[],22,[],2019-07-04 03:10:41,6996.0,0.00000001,0.0000000000011941780000000001,7793848,2019-07-04 03:10:41,BTC,1.7543039,0.0,0.00000001,BTC,57.0,0.0,6.996e-05,157
0,[],22,[],2019-05-21 23:40:32,0.0,0,0,7665049,2019-05-21 23:40:32,,50234.60468402,0.0,0,,54786159.03179465,0.0,0.0,158
,[],17,[],2018-11-20 22:56:10,0.0,0,0,4861976,2018-11-20 22:56:10,btc,1.1265625,0.0,,btc,1000.0,0.0,0.0,159
,[],20,[],2018-11-20 22:56:12,0.0,0,0,4861977,2018-11-20 22:56:12,btc,11912.7940471,0.0,,btc,34413894.3617,0.0,0.0,159
1,[],12,[],2019-05-24 02:51:20,9178.522006449999,0.00000191999999999999982841307998027158276954651228152215480804443359375,0.000000000151222656,7676256,2019-05-24 02:51:20,btc,149.80414728631675,0.0,0.00000191999999999999982841307998027158276954651228152215480804443359375,btc,1115.7451448499999,0.01783167678326,0.0120075778999181,168
1,[],17,[],2019-05-03 01:13:36,42852.0,0.00000002,0.000000000001096006,7559132,2019-05-03 01:13:36,btc,0.04279856251542,0.0,0.00000002,btc,274.46171372,0.0,0.00052852,168
1,[],22,[],2019-05-17 03:01:52,10.0,0.00000001,0.000000000000778341,7642059,2019-05-17 03:01:52,BTC,41.95893009,0.0,0.00000001,BTC,1753972.7737547632,0.0,1e-07,169
1,[],22,[],2019-07-04 03:10:46,100126.0,0.00000001,0.0000000000011941780000000001,7793849,2019-07-04 03:10:46,BTC,27.84093381,0.0,0.00000001,"BTC,LTC",276616.94947371836,0.0,0.00119126,171
1,[],22,[],2019-05-29 08:05:18,349870.0,0.00000002,0.000000000001705894,7705265,2019-05-29 08:05:18,BTC,24.05907723,0.0,0.00000002,"BTC,LTC",1224285.4355616204,0.0,0.0039847,173
1,[],5,[],2019-07-04 03:10:48,0.0,0,0,7793850,2019-07-04 03:10:48,btc,0.0,0.01608252,0,btc,0.0,0.0,0.0,175
1,[],22,[],2019-06-17 14:33:12,90671.0,0.00000001,0.00000000000092914,7740175,2019-06-17 14:33:12,BTC,394.35459412,0.0,0.00000001,BTC,136275.61833431243,0.0,0.00090671,176
1,[],7,[],2019-07-01 10:15:32,0.0,0,0,7783526,2019-07-01 10:15:32,btc,521516.2326888725,0.0,0,btc,26809253.73522063,0.0,0.0,178
1,[],22,[],2019-07-04 03:10:52,30.0,0.00000001,0.0000000000011941780000000001,7793851,2019-07-04 03:10:52,BTC,1.00242428,0.0,0.00000001,BTC,57512.0,0.0,3e-07,178
0,[],2,[],2019-01-20 23:28:34,0.0,0,0,6477001,2019-01-20 23:28:34,,0.0,0.0,0,,0.0,0.0,0.0,178
0,[],23,[],2019-01-20 23:25:08,0.0,0,0,6476952,2019-01-20 23:25:08,,0.0,0.0,0,,0.0,0.0,0.0,179
1,[],5,[],2019-07-04 03:10:54,0.0,0,0,7793852,2019-07-04 03:10:54,btc,0.0,0.0,0,btc,0.0,0.0,0.0,179
0,[],22,[],2019-07-04 03:10:57,0.0,0,0,7793853,2019-07-04 03:10:57,,9.36109844,0.0,0,,14660796.311946675,0.0,0.0,179
1,[],22,[],2019-07-04 03:13:01,764539.5147420147,0.00000065,0.00000000007762157,7793854,2019-07-04 03:13:01,BTC,40.64267357,0.0,0.00000065,"BTC,LTC",193731.411571008,0.0038637,0.59671816,180
1,[],26,[],2019-07-04 03:13:01,0.0,0.00000010,0.000000000011941780000000001,7793855,2019-07-04 03:13:01,btc,0.0,0.0,0.00000010,btc,0.0,0.0,0.0,180
1,[],17,[],2019-05-03 01:13:56,20504.725000000002,0.0000001,0.00000000000548003,7559141,2019-05-03 01:13:56,btc,5.2010695838400265,0.0,0.0000001,btc,5033.45945,0.0,0.0011504725,180
,[],7,[],2018-11-20 22:58:01,562227.975654,0.00000085,0.000000000036176765,4862015,2018-11-20 22:58:01,btc,21836.6059674,2491.87645172,,btc,749999.041456,0.00211021,0.127565380455,183
,[],5,[],2019-01-10 08:11:41,0.0,0,0,6347036,2019-01-10 08:11:41,btc,82.15055501,0.00261,,btc,1.19002445,0.0,0.0,187
,[],17,[],2018-11-16 20:58:10,4062536.27273,0.00000001,0.000000000000550501,4708775,2018-11-16 20:58:10,btc,3.36492563466,0.195460381006,,"btc,eth",110697919.549,0.0,0.0157628953496,187
1,[],24,[],2019-05-22 21:04:52,0.0,0.000000000014,0.0000000000000010960978,7670219,2019-05-22 21:04:52,btc,0.0,0.0,0.000000000014,btc,0.0,0.0,0.0,187
0,[],22,[],2019-04-25 02:54:07,0.0,0,0,7447896,2019-04-25 02:54:07,,7.54794454,0.0,0,,76361.7243344055,0.0,0.0,191
0,[],22,[],2019-06-17 14:33:34,0.0,0,0,7740182,2019-06-17 14:33:34,,0.0,0.0,0,,0.0,0.0,0.0,197
0,[],23,[],2019-01-20 23:31:41,0.0,0,0,6477079,2019-01-20 23:31:41,,0.0,0.0,0,,0.0,0.0,0.0,199
0,[],22,[],2019-07-04 03:13:04,0.0,0,0,7793856,2019-07-04 03:13:04,,10.58263174,0.0,0,,84280969.0,0.0,0.0,199
1,[],26,[],2019-07-04 03:13:04,0.0,0.00000000,0,7793857,2019-07-04 03:13:04,btc,0.0,0.0,0.00000000,btc,0.0,0.0,0.0,199
0,[],2,[],2019-01-20 23:30:49,0.0,0,0,6477059,2019-01-20 23:30:49,,0.0,0.0,0,,0.0,0.0,0.0,201
1,[],4,[],2019-01-25 15:51:35,2084389.58565343,0.00000936,0.000000000333526752,6499557,2019-01-25 15:51:35,btc,2.0092503037378524,0.0,0.00000936,btc,160195.80207885,0.19272417,1.242687955921835,211
1,[],7,[],2019-07-01 02:21:28,1170054124.6898527,0.00000018,0.000000000019815389999999997,7782694,2019-07-01 02:21:28,btc,1346735.6331920293,0.0,0.00000018,btc,5516233.71348162,0.0,11.954344045954047,212
1,[],12,[],2019-01-25 02:44:32,207462.42853209,0.000001080000000000000035831255497387193287295303889550268650054931640625,0.000000000038610756000000006,6493050,2019-01-25 02:44:32,btc,85023.03793723314,0.0,0.000001080000000000000035831255497387193287295303889550268650054931640625,btc,43675.73520027,0.000146250909087,0.0348620860622024,213
1,[],5,[],2019-05-30 00:07:46,0.0,0,0,7709357,2019-05-30 00:07:46,btc,0.0,0.06425239,0,btc,0.0,0.0,0.0,213
1,[],24,[],2019-05-30 00:07:46,0.0,0.000000399202,0.0000000000344859829346,7709358,2019-05-30 00:07:46,btc,0.0,0.0,0.000000399202,btc,0.0,0.0,0.0,213
1,[],26,[],2019-05-30 00:07:47,0.0,0.00000040,0.000000000034554919999999996,7709359,2019-05-30 00:07:47,btc,0.0,0.0,0.00000040,btc,0.0,0.0,0.0,213
0,[],22,[],2019-07-04 03:13:10,0.0,0,0,7793858,2019-07-04 03:13:10,,9.54523049,0.0,0,,3658586.2040649247,0.0,0.0,216
0,[],27,[],2019-07-04 03:13:17,0.0,0,0,7793859,2019-07-04 03:13:17,,1998.7959475321786,0.0,0,"btc,ltc",547782.57344694,0.0,0.0,216
1,[],22,[],2019-07-04 03:13:20,520757.55,0.0000002,0.000000000023883560000000002,7793860,2019-07-04 03:13:20,BTC,12055.8657102,0.0,0.0000002,BTC,592756.1352334714,0.00327241,0.03613929,217
1,[],7,[],2019-06-27 19:02:35,0.0,0,0,7772298,2019-06-27 19:02:35,btc,2123800.2774640615,0.0,0,btc,82333746.4752352,0.0,0.0,219
0,[],27,[],2019-07-04 03:13:25,0.0,0,0,7793861,2019-07-04 03:13:25,,250.20642758069673,0.0,0,btc,46772.535837,0.0,0.0,219
0.000000000000002845,[],28,[],2019-07-04 03:13:34,3312820234.054,6.424009999999999e-19,7.67141141378e-23,7793862,2019-07-04 03:13:34,doge,125846.04510800431,7167.0,0.00022580,"btc,doge",120666781.230909,0.0,2.4924719546328758e-11,219
0,[],22,[],2019-06-26 23:36:41,0.0,0,0,7769178,2019-06-26 23:36:41,,56.75439223,0.0,0,,184664.6482738741,0.0,0.0,221
1,[],24,[],2019-06-26 23:36:41,0.0,0.000000030000,0.000000000003835668,7769179,2019-06-26 23:36:41,btc,0.0,0.0,0.000000030000,btc,0.0,0.0,0.0,221
1,[],20,[],2019-06-17 14:34:11,26882155.8301,0.000000003,0.000000000000278742,7740192,2019-06-17 14:34:11,btc,100050.81956632523,233521.3529,0.000000003,btc,38769742.8604,0.0007925640587,0.0306863532672,224
0,[],22,[],2019-06-17 14:34:13,0.0,0,0,7740193,2019-06-17 14:34:13,,0.0,0.0,0,,0.0,0.0,0.0,224
1,[],26,[],2019-07-04 03:13:34,0.0,0.00000022,0.000000000026271916,7793863,2019-07-04 03:13:34,btc,0.0,0.0,0.00000022,btc,0.0,0.0,0.0,231
1,[],26,[],2019-07-04 03:13:34,0.0,0.00000005,0.000000000005970890000000001,7793864,2019-07-04 03:13:34,btc,0.0,0.0,0.00000005,btc,0.0,0.0,0.0,234
0.000000000251289,[],27,[],2019-07-04 03:13:40,100.0,2.51289e-18,3.0008379544200003e-22,7793865,2019-07-04 03:13:40,eth,0.0,0.0,0.00000001,"btc,eth",0.0,0.0,2.51289e-16,234
1,[],4,[],2019-05-22 17:06:12,91780.56053785,0.00000078,0.000000000061977552,7669277,2019-05-22 17:06:12,btc,5.573372450018177,0.0,0.00000078,btc,729173.93529783,0.0,0.0307060663355679,236
1,[],24,[],2019-05-22 17:06:12,0.0,0.000000010000,0.000000000000794584,7669278,2019-05-22 17:06:12,btc,0.0,0.0,0.000000010000,btc,0.0,0.0,0.0,236
1,[],5,[],2019-07-04 03:13:42,0.0,0,0,7793866,2019-07-04 03:13:42,btc,0.0,0.25088568,0,btc,0.0,0.0,0.0,237
1,[],20,[],2019-07-04 03:13:44,127488653.5582,0.000000058,0.0000000000069262324,7793867,2019-07-04 03:13:44,btc,549.2553487688575,7721544.3102,0.000000058,btc,43857545.3827,0.4500097040486,0.8168776878128,237
1,[],22,[],2019-07-04 03:13:48,2092139.0,0.00000004,0.0000000000047767120000000005,7793868,2019-07-04 03:13:48,BTC,1.20109922,0.0,0.00000004,"BTC,LTC",14430.948717948719,0.0,0.02706123,237
1,[],4,[],2019-07-04 03:13:49,26064424.40415208,0.00000005,0.000000000005970890000000001,7793869,2019-07-04 03:13:49,btc,3.004521809452808,0.0,0.00000005,btc,14976981.12170053,0.0673426,0.4659856004045668,238
1,[],5,[],2019-07-04 03:13:50,0.0,0,0,7793870,2019-07-04 03:13:50,btc,0.0,0.01591994,0,btc,0.0,0.0,0.0,238
0,[],22,[],2019-03-12 16:49:32,0.0,0,0,6914458,2019-03-12 16:49:32,,0.40415746,0.0,0,,526736.5639027493,0.0,0.0,249
0,[],22,[],2019-07-04 00:31:08,0.0,0,0,7793393,2019-07-04 00:31:08,,13.44711564,0.0,0,,43776457.3426455,0.0,0.0,252
1,[],28,[],2019-07-04 03:13:57,868253.2,0.00000005,0.000000000005970890000000001,7793871,2019-07-04 03:13:57,btc,3.54704826272,709502.5603,0.00000005,btc,5015234.9054,0.0,0.025939894,256
0.0000000001011855,[],22,[],2019-07-04 03:14:00,10000.0,2.5296375000000002e-17,3.0208374504750005e-21,7793872,2019-07-04 03:14:00,LTC,31471.46309386,0.0,0.00000025,LTC,721242.028948892,0.0,0.0025,258
1,[],22,[],2019-05-19 18:12:02,400.0,0.00000001,0.0000000000007957800000000001,7653905,2019-05-19 18:12:02,BTC,2.415167,0.0,0.00000001,BTC,157.0,0.0,4e-06,259
1,[],5,[],2019-07-02 14:44:15,0.0,0,0,7788374,2019-07-02 14:44:15,btc,0.0,0.02775788,0,btc,0.0,0.0,0.0,264
1,[],20,[],2019-07-02 14:44:17,953070.9962,0.000000178,0.000000000017956461999999998,7788375,2019-07-02 14:44:17,btc,1.1507330656826,14313.4023,0.000000178,btc,65222.866,0.0046947959544,0.0049363258649,264
0,[],22,[],2019-04-12 17:57:27,0.0,0,0,7278186,2019-04-12 17:57:27,,66.37522201,0.0,0,,677842.4169881374,0.0,0.0,271
0,[],22,[],2019-07-04 03:14:03,0.0,0,0,7793873,2019-07-04 03:14:03,,33050469.74148113,0.0,0,,14261527780.7,0.0,0.0,272
0.000000000000002845,[],28,[],2019-07-04 03:14:09,298340668501.712,5.121e-22,6.115385538e-26,7793874,2019-07-04 03:14:09,doge,70853372.95006967,50000450.0,0.00000018,doge,231037960251.7146,0.0,6.405670940464783e-11,272
1,[],22,[],2019-05-23 07:12:29,219930.0,0.00000004,0.000000000003048688,7671985,2019-05-23 07:12:29,BTC,426.77835217,0.0,0.00000004,BTC,248664.3325962929,0.0,0.00739728,281
1,[],22,[],2019-07-02 18:15:29,1409605.9,0.00000002,0.000000000002147082,7789011,2019-07-02 18:15:29,BTC,7.87630805,0.0,0.00000002,"BTC,LTC",1137979.797623037,0.00674692,0.02432534,286
0,[],22,[],2019-06-17 14:34:53,0.0,0,0,7740207,2019-06-17 14:34:53,,7337915.80475575,0.0,0,,2078527309.6797826,0.0,0.0,294
