pairValue,buyBook,exchangeId,sellBook,updated,buyTotal,satoshiPrice,usdPrice,exchangeLogId,created,bestPair,sellTotalBtc,volume,pairPrice,activePairs,sellTotal,volumeBtc,buyTotalBtc,coinId
1,[],3,[],2019-01-23 17:46:53,99.976910141538,0.01259774999999999957334129163655234151519834995269775390625,0.000000449874470925,6497434,2019-01-23 17:46:53,btc,106.96108834618494,0.179903642022,0.01259774999999999957334129163655234151519834995269775390625,btc,13.480509709446,0.0,0.12383142088434856,1
1,[],4,[],2019-01-23 17:46:54,25081.64733492,0.01248162,0.000000445727387334,6497435,2019-01-23 17:46:54,btc,1.6066933973918485,0.0,0.01248162,btc,122.67764755,0.75957455,1.2790570122238731,1
1,[],5,[],2019-01-23 17:46:56,0.24765632,0.01240108,0.00000044285124755600005,6497436,2019-01-23 17:46:56,btc,14578.54802906,0.04306876,0.01240108,btc,35555556.31761094,0.0,1.3234849,1
1,[],10,[],2019-01-23 17:46:58,268981.4252008,0.01247571,0.000000445516337097,6497437,2019-01-23 17:46:58,btc,6369.08890250534,864.94252822,0.01247571,btc,977.54945077,0.0,2.0148170898938758,1
1,[],12,[],2019-01-23 17:49:00,10379.18384063,0.012510000000000000286437540353290387429296970367431640625,0.00000044674085700000003,6497438,2019-01-23 17:49:00,btc,0.6242187516779,0.0,0.012510000000000000286437540353290387429296970367431640625,btc,43.11938048,0.1055926443464,0.2016959763665,1
1,[],20,[],2019-01-23 17:49:02,1344.3693,0.010510001,0.00000037531949271070004,6497439,2019-01-23 17:49:02,btc,0.0746164438962,0.0,0.010510001,btc,3.5114,0.0,0.0888300480751,1
30.44264210473121116167256905,[],21,[],2019-01-23 17:49:02,2221.87157944,11.61237475135972032233495486,0.0004146860310333815922016085427,6497440,2019-01-23 17:49:02,eth,4116.13539565338,1773.14815138,0.381450950000000010842171604963368736207485198974609375,"btc,eth",2486.42482772,20.96947936,3536.198586773966,1
1,[],22,[],2019-01-23 17:49:07,0.0363776,0.01400000,0.0000004999498,6497441,2019-01-23 17:49:07,BTC,0.312,0.0,0.01400000,BTC,0.031,0.0,0.00048472,1
1,[],24,[],2019-01-23 17:49:07,0.0,0.000000000000,0,6497442,2019-01-23 17:49:07,btc,0.0,0.0,0.000000000000,btc,0.0,0.0,0.0,1
1,[],25,[],2019-01-23 17:49:08,254.74817412,0.01225000,0.000000437456075,6497443,2019-01-23 17:49:08,btc,12.73789999823666,1250.064191,0.01225000,btc,988.8995994,16.113,3.0549999995888557,1
1,[],28,[],2019-01-23 17:49:09,987.9,0.01131000,0.000000403888017,6497444,2019-01-23 17:49:09,btc,0.162839806,35041.1,0.01131000,btc,8.9,0.0,0.024551096,1
,[],26,[],2018-11-28 08:36:25,0.0,0.02269021,0.000000905623006625,5137884,2018-11-28 08:36:25,btc,0.0,2559.40051283,,btc,0.0,0.0,0.0,1
0,[],2,[],2019-01-21 03:09:18,0.0,0,0,6478827,2019-01-21 03:09:18,,0.0,0.0,0,,0.0,0.0,0.0,1
1,[],5,[],2019-01-23 18:32:50,1.684e-05,0.00000068,0.000000000024233976,6497468,2019-01-23 18:32:50,btc,0.17414286,0.03168251,0.00000068,btc,7.716e-05,0.0,0.5123697,2
79.49365720109192682783034324,[],22,[],2019-01-23 18:32:54,1254.625335862178,0.00008744302292120111951061337756,0.00000000311631193947035,6497469,2019-01-23 18:32:54,XMR,0.0231611,0.0,0.00000110,"BTC,XMR",14562.72385,0.0,0.00091682,2
1,[],5,[],2019-01-23 18:33:08,1.42e-06,0.00000017,0.000000000006058494,6497477,2019-01-23 18:33:08,btc,3.25277879,0.0276582,0.00000017,btc,2.267e-05,0.0,2.94021922,3
1,[],12,[],2019-01-23 18:33:09,11525807.6545943,0.00000017,0.000000000006058494,6497478,2019-01-23 18:33:09,btc,921314.9012825777,0.0,0.00000017,btc,8128144.56165429,0.02899799632654613,0.543457563449945,3
0,[],28,[],2019-01-23 18:33:12,0.0,0,0,6497479,2019-01-23 18:33:12,,0.0,0.0,0,,0.0,0.0,0.0,3
0,[],2,[],2019-01-21 03:02:05,0.0,0,0,6478666,2019-01-21 03:02:05,,0.0,0.0,0,,0.0,0.0,0.0,4
1,[],4,[],2019-01-23 18:35:56,1128605.34278738,0.00000049,0.000000000017462718000000002,6497498,2019-01-23 18:35:56,btc,0.4775480017156114,0.0,0.00000049,btc,320373.46693463,0.00302237,0.0648316607738051,4
1,[],12,[],2019-01-23 18:35:57,1212127.5219999999,0.00000002,0.0000000000007127640000000001,6497500,2019-01-23 18:35:57,btc,11013867.818600481,0.0,0.00000002,btc,978378.15654341,1.98e-06,0.01587509044,5
0,[],2,[],2019-01-21 03:02:32,0.0,0,0,6478676,2019-01-21 03:02:32,,0.0,0.0,0,,0.0,0.0,0.0,6
1,[],11,[],2019-01-23 18:36:10,3713283.5,0.00000002,0.0000000000007127640000000001,6497505,2019-01-23 18:36:10,btc,9432.238206679964,333125.0,0.00000002,btc,41220870.70959839,0.0,0.040317360000000003,6
1,[],3,[],2019-01-23 18:36:16,1049.631568128516,0.00015050999999999999383500093319554480331134982407093048095703125,0.000000005363905482,6497508,2019-01-23 18:36:16,btc,30.108593419388622,0.0,0.00015050999999999999383500093319554480331134982407093048095703125,btc,231.077492617847,0.0,0.027978323718350753,7
1,[],4,[],2019-01-23 18:36:16,24712.56184806,0.00017443,0.000000006216371226000001,6497509,2019-01-23 18:36:16,btc,2.2588274297512054,0.0,0.00017443,btc,11915.42620226,1.46174997,3.7868918409609105,7
1,[],5,[],2019-01-23 18:36:18,0.00518374,0.00017023,0.000000006066690786,6497510,2019-01-23 18:36:18,btc,1.29330371,0.18210937,0.00017023,btc,0.01165849,0.0,1.81320115,7
1,[],20,[],2019-01-23 18:36:27,61774165.6382,0.000000001,0.0000000000000356382,6497513,2019-01-23 18:36:27,btc,121.1920033527386,7238828.4357,0.000000001,btc,25363671.9975,0.0124738294316,0.0617741656382,8
1,[],1,[],2019-01-23 17:42:50,4204189.57,0.0000018500000000000000751026844880708921436962555162608623504638671875,0.00000000006606479500000001,6497308,2019-01-23 17:42:50,btc,1.6244044235,22705928.91,0.0000018500000000000000751026844880708921436962555162608623504638671875,btc,858443.32,42.99088733,7.6203760889,9
1,[],4,[],2019-01-23 17:42:50,526496.01997452,0.00000185,0.000000000066064795,6497309,2019-01-23 17:42:50,btc,0.8479594528712134,0.0,0.00000185,btc,425147.61899329,1.02079057,0.8984197196119679,9
1,[],28,[],2019-01-23 17:42:52,34500.0,0.00000165,0.000000000058922655,6497310,2019-01-23 17:42:52,btc,2708.7525973402,7025550.0,0.00000165,btc,8331.02,0.0,0.02854,9
0,[],2,[],2019-01-21 03:03:13,0.0,0,0,6478691,2019-01-21 03:03:13,,0.0,0.0,0,,0.0,0.0,0.0,9
0,[],23,[],2019-01-21 03:03:25,0.0,0,0,6478693,2019-01-21 03:03:25,,0.0,0.0,0,,0.0,0.0,0.0,9
1,[],4,[],2019-01-23 17:42:57,5382778.695,0.00000002,0.000000000000714214,6497314,2019-01-23 17:42:57,btc,0.2155193129307594,0.0,0.00000002,btc,3899888.68768744,0.00100699,0.0594849184,10
1,[],4,[],2019-01-23 17:43:08,1681906.46023272,0.00000150,0.00000000005356605,6497321,2019-01-23 17:43:08,btc,1.0316924542893446,0.0,0.00000150,btc,660798.14218477,1.66674514,2.3751074406338044,12
1,[],5,[],2019-01-23 17:43:11,1.713e-05,0.00000145,0.000000000051780515,6497322,2019-01-23 17:43:11,btc,0.25562971,0.28609443,0.00000145,btc,0.00011246,0.0,0.16428551,12
0,[],2,[],2019-01-21 03:05:49,0.0,0,0,6478705,2019-01-21 03:05:49,,0.0,0.0,0,,0.0,0.0,0.0,12
,[],25,[],2019-01-11 15:39:35,0.0,0,0,6366164,2019-01-11 15:39:35,,0.0,0.0,,btc,0.0,0.0,0.0,12
1,[],4,[],2019-01-23 17:46:08,342042.70221267,0.00000703,0.00000000025104622100000004,6497407,2019-01-23 17:46:08,btc,0.2108937425061071,0.0,0.00000703,btc,28215.98515698,0.69520871,1.6038373282668936,13
1,[],10,[],2019-01-23 17:46:10,622619.04452803,0.00000692,0.000000000247118044,6497408,2019-01-23 17:46:10,btc,666784.4542608194,3499.96026433,0.00000692,btc,831039.84732885,0.0,0.8893703218628142,13
1,[],21,[],2019-01-23 17:46:11,1580977.88650987,0.0000071600000000000000571613069377807647697409265674650669097900390625,0.000000000255688612,6497409,2019-01-23 17:46:11,btc,6.070146095943339,330063.55183812,0.0000071600000000000000571613069377807647697409265674650669097900390625,btc,773154.69801425,2.3762857,6.5492422488292865,13
1,[],4,[],2019-01-23 17:43:23,23039052.19059433,0.00000201,0.00000000007177850700000001,6497330,2019-01-23 17:43:23,btc,0.2016251805616558,0.0,0.00000201,btc,79318.37779011,0.025696,0.6187393291841249,14
1,[],12,[],2019-01-23 17:43:24,88921.17862033,0.000001799999999999999918546601286595265634105089702643454074859619140625,0.00000000006427926,6497331,2019-01-23 17:43:24,btc,1.785722115555644,0.0,0.000001799999999999999918546601286595265634105089702643454074859619140625,btc,35486.9101839,0.0011500737086569,0.0221433729335821,14
0,[],17,[],2019-01-23 17:43:26,0.0,0,0,6497332,2019-01-23 17:43:26,btc,0.0,0.0,0,btc,0.0,0.0,0.0,14
1,[],26,[],2019-01-23 17:43:26,0.0,0.00000020,0.00000000000714214,6497333,2019-01-23 17:43:26,btc,0.0,0.0,0.00000020,btc,0.0,0.0,0.0,14
,[],12,[],2018-12-01 15:15:48,204241.84496,0.00000489,0.000000000202473384,5260204,2018-12-01 15:15:48,btc,49.5475654835,0.0,,btc,35763.2193806,0.0163153972027625,0.0203389899998,15
0,[],4,[],2019-01-23 17:49:22,0.0,0,0,6497453,2019-01-23 17:49:22,,0.0,0.0,0,,0.0,0.0,0.0,15
1,[],4,[],2019-01-23 17:43:33,32473.63541074,0.00001766,0.000000000630650962,6497336,2019-01-23 17:43:33,btc,0.9353825947961254,0.0,0.00001766,btc,13567.18249405,0.02330766,0.1866687254507525,18
1,[],10,[],2019-01-23 17:43:35,390727.42610077,0.00001771,0.0000000006324364970000001,6497337,2019-01-23 17:43:35,btc,15.548951479597834,11703.3999357,0.00001771,btc,10227.6055702,0.0,0.1940251067315051,18
1,[],12,[],2019-01-23 17:43:37,200249.02532215999,0.0000170500000000000010813398787501427023016731254756450653076171875,0.000000000608867435,6497338,2019-01-23 17:43:37,btc,0.4586395414836766,0.0,0.0000170500000000000010813398787501427023016731254756450653076171875,btc,2062.88767383,0.0020206371740895,0.0177087606957353,18
0,[],17,[],2019-01-23 17:43:38,0.0,0,0,6497339,2019-01-23 17:43:38,btc,0.0,0.0,0,btc,0.0,0.0,0.0,18
0,[],2,[],2019-01-21 03:06:22,0.0,0,0,6478721,2019-01-21 03:06:22,,0.0,0.0,0,,0.0,0.0,0.0,18
1,[],3,[],2019-01-23 17:44:04,108490.7856425757,0.0000397999999999999984107330874838481804545153863728046417236328125,0.0000000014212858600000001,6497352,2019-01-23 17:44:04,btc,1.311142888821322,3.68907282877,0.0000397999999999999984107330874838481804545153863728046417236328125,btc,8541.441022191411,0.0,0.1061358904691691,19
1,[],4,[],2019-01-23 17:44:05,72538.39521189,0.00004033,0.0000000014402125310000002,6497353,2019-01-23 17:44:05,btc,2.1821823550222934,0.0,0.00004033,btc,45905.0005485,0.57904352,1.6516313295226537,19
1,[],5,[],2019-01-23 17:44:06,0.00033084,0.00003255,0.0000000011623832850000001,6497354,2019-01-23 17:44:06,btc,0.30995489,0.0,0.00003255,btc,0.0034802,0.0,0.19130093,19
1,[],12,[],2019-01-23 17:44:07,129235.30074074,0.0000405099999999999966951262642123055002230103127658367156982421875,0.000000001446640457,6497355,2019-01-23 17:44:07,btc,1.9930186450836138,0.0,0.0000405099999999999966951262642123055002230103127658367156982421875,btc,397.27457877,0.0019926751306722,0.038403539999969996,19
0,[],27,[],2019-01-23 17:44:09,0.0,0,0,6497356,2019-01-23 17:44:09,,0.0,0.0,0,btc,0.0,0.0,0.0,19
0,[],2,[],2019-01-21 03:06:55,0.0,0,0,6478739,2019-01-21 03:06:55,,0.0,0.0,0,,0.0,0.0,0.0,19
1,[],4,[],2019-01-23 17:44:42,8473476.27733589,0.00000015,0.0000000000053566050000000005,6497372,2019-01-23 17:44:42,btc,0.7553749448895439,0.0,0.00000015,btc,1439644.06953057,0.00100618,0.4177561676657917,20
1,[],4,[],2019-01-23 17:45:05,132382459.34217471,0.00000002,0.000000000000714214,6497378,2019-01-23 17:45:05,btc,0.5332356683587579,0.0,0.00000002,btc,15165217.69091683,0.00668605,1.6906918808933347,21
1,[],12,[],2019-01-23 17:45:07,21316366.102000073,0.00000002,0.000000000000714214,6497379,2019-01-23 17:45:07,btc,668.0563746217096,0.0,0.00000002,btc,8958350.01199062,0.0,0.30108258204000143,21
0,[],17,[],2019-01-23 17:45:08,0.0,0,0,6497380,2019-01-23 17:45:08,btc,0.0,0.0,0,btc,0.0,0.0,0.0,21
1,[],12,[],2019-01-23 17:45:35,4558672945.531896,0.0000000001,0.000000000000003571070000000001,6497388,2019-01-23 17:45:35,btc,621663601795.9185,0.0,0.0000000001,btc,6285216271.413817,0.013173637104295704,0.4558672945531896,23
0,[],27,[],2019-01-23 17:45:36,0.0,0,0,6497389,2019-01-23 17:45:36,,0.424699,0.0,0,eth,424699.0,0.0,0.0,23
,[],25,[],2019-01-11 15:42:09,0.0,0,0,6366241,2019-01-11 15:42:09,,0.0,0.0,,btc,0.0,0.0,0.0,24
1,[],4,[],2019-01-23 17:45:45,2232570.74848599,0.00000091,0.000000000032496737,6497392,2019-01-23 17:45:45,btc,0.1477016670810988,0.0,0.00000091,btc,103924.34421747,0.01169965,0.4480342904933457,24
1,[],22,[],2019-01-23 17:45:48,11.76,0.00000100,0.0000000000357107,6497393,2019-01-23 17:45:48,BTC,7.415e-05,0.0,0.00000100,BTC,23.919354838709676,0.0,1.176e-05,24
1,[],4,[],2019-01-23 17:45:59,29625242.5538096,0.00000807,0.00000000028818534900000004,6497400,2019-01-23 17:45:59,btc,0.4556604969278613,0.0,0.00000807,btc,31973.66221592,0.1494354,0.5317201509041739,26
1,[],10,[],2019-01-23 17:46:01,734094.75493527,0.00000769,0.000000000274615283,6497401,2019-01-23 17:46:01,btc,27.974465764792924,0.0,0.00000769,btc,12525.42087038,0.0,0.2220622173992068,26
0,[],2,[],2019-01-21 03:08:30,0.0,0,0,6478791,2019-01-21 03:08:30,,0.0,0.0,0,,0.0,0.0,0.0,26
1,[],3,[],2019-01-23 17:46:02,7686089.32908122,0.00000001,0.000000000000357107,6497402,2019-01-23 17:46:02,btc,3.0752937709335133,30313.0,0.00000001,btc,17598360.85644621,0.0,0.0768608932908122,27
1,[],5,[],2019-01-23 17:46:03,1e-08,0.00000001,0.000000000000357107,6497403,2019-01-23 17:46:03,btc,2.62189326,3.848e-05,0.00000001,btc,4.332e-05,0.0,0.01079372,27
1,[],11,[],2019-01-23 17:46:05,10597882.41182718,0.00000005,0.000000000001785535,6497404,2019-01-23 17:46:05,btc,370.5327807235078,1000.0,0.00000005,btc,8221470.80991447,0.0,0.4932896594767663,27
111.6500084854006378771913641,[],4,[],2019-01-23 17:46:06,225123590.02152285,0.0004443670337718945387512216291,0.000000015868657832917995,6497405,2019-01-23 17:46:06,ltc,22396.6594107166,0.0,0.00000398,"btc,ltc",106513435.60841435,2.52237264,39740.44511524628,29
1,[],7,[],2019-01-23 17:46:07,35872935.84480006,0.00000003,0.0000000000010713209999999999,6497406,2019-01-23 17:46:07,btc,44465218.118592024,320439.806366,0.00000003,btc,39023225.52718103,0.0,0.6926194259600384,29
1,[],4,[],2019-01-23 17:46:36,1294406.99969636,0.00000038,0.000000000013570066,6497424,2019-01-23 17:46:36,btc,0.3301824026371737,0.0,0.00000038,btc,491474.32645222,0.03518614,0.0788003837120302,30
0,[],17,[],2019-01-23 17:46:38,0.0,0,0,6497425,2019-01-23 17:46:38,btc,0.0,0.0,0,btc,0.0,0.0,0.0,30
1,[],4,[],2019-01-23 17:46:51,39298.82572541,0.00010004,0.000000003572498428,6497431,2019-01-23 17:46:51,btc,1.061115652626115,0.0,0.00010004,btc,9497.70699797,2.51723289,2.85489874256622,31
1,[],21,[],2019-01-23 17:46:51,88489.91903316,0.00010003999999999999763293512256012718353304080665111541748046875,0.000000003572498428,6497432,2019-01-23 17:46:51,btc,12.180044071379566,847842.80483109,0.00010003999999999999763293512256012718353304080665111541748046875,btc,112260.35229529,91.18848997,8.296600285183604,31
0,[],2,[],2019-01-21 03:09:16,0.0,0,0,6478825,2019-01-21 03:09:16,,0.0,0.0,0,,0.0,0.0,0.0,32
111.6500084854006378771913641,[],4,[],2019-01-23 17:49:23,123166313.09806973,0.0007279580553248121589592876939,0.00000002599589172628777,6497454,2019-01-23 17:49:23,ltc,6237.436153710638,0.0,0.00000652,"btc,ltc",10518339.13249404,1.39919292,6052.922218832526,33
1,[],12,[],2019-01-23 17:49:24,21478918.0,0.00000006,0.0000000000021426419999999998,6497455,2019-01-23 17:49:24,btc,17261785.05047754,0.0,0.00000006,btc,86682296.19280708,0.006524301118881,0.8331875799999999,33
1,[],4,[],2019-01-23 17:49:25,101382812.28136285,0.00000002,0.000000000000714214,6497456,2019-01-23 17:49:25,btc,0.8215975407830011,0.0,0.00000002,btc,27100662.38828351,0.00339095,1.0371725096136108,34
1,[],5,[],2019-01-23 17:49:27,3e-08,0.00000002,0.000000000000714214,6497457,2019-01-23 17:49:27,btc,3.13196319,0.00771961,0.00000002,btc,1.394e-05,0.0,1.25195683,34
111.6500084854006378771913641,[],4,[],2019-01-23 17:44:37,2894955674.294628,0.000004466000339416025515087654564,0.00000000015948399832078387,6497368,2019-01-23 17:44:37,ltc,5192.731651668296,0.0,0.00000004,ltc,774238892.8144282,0.0,8928.875774403541,36
1,[],5,[],2019-01-23 17:44:38,0.0,0,0,6497369,2019-01-23 17:44:38,btc,202.42219131,0.0,0,btc,1.295e-05,0.0,0.0,36
0,[],17,[],2019-01-23 17:44:39,0.0,0,0,6497370,2019-01-23 17:44:39,btc,424.46636702842756,0.0,0,btc,5843697.91583647,0.0,0.0,36
111.6500084854006378771913641,[],27,[],2019-01-23 17:44:41,1000000.0,0.000001116500084854006378771913641,0.00000000003987099958019597,6497371,2019-01-23 17:44:41,ltc,448.55669329,0.0,0.00000001,"ltc,eth",3581972.58,0.0,1.1165000848540063,36
1,[],4,[],2019-01-23 17:44:25,480342.33896749,0.00000146,0.000000000052137622000000004,6497363,2019-01-23 17:44:25,btc,0.4343161913681868,0.0,0.00000146,btc,226651.85851219,0.05845402,0.4514022517719937,37
1,[],12,[],2019-01-23 17:44:26,532058.20256708,0.000001480000000000000017730500227741696761540879379026591777801513671875,0.000000000052851836000000004,6497364,2019-01-23 17:44:26,btc,1330.872779865437,0.0,0.000001480000000000000017730500227741696761540879379026591777801513671875,btc,719156.44042862,0.2180060176082395,0.3949720459678113,37
1,[],17,[],2019-01-23 17:44:28,1752.74075282,0.00000025,0.000000000008927675,6497365,2019-01-23 17:44:28,btc,18.525038278717517,0.0,0.00000025,btc,1388.79251806,0.0,0.00043818518820499993,37
0,[],27,[],2019-01-23 17:44:30,0.0,0,0,6497366,2019-01-23 17:44:30,,0.0,0.0,0,btc,0.0,0.0,0.0,37
1,[],5,[],2019-01-23 18:35:19,1.138e-05,0.00000120,0.00000000004276584,6497484,2019-01-23 18:35:19,btc,0.11095948,0.11734311,0.00000120,btc,0.00010823,0.0,0.040022,42
1,[],12,[],2019-01-23 18:35:21,84920.21642521,0.000001250000000000000102253817392539136932327892282046377658843994140625,0.000000000044547750000000004,6497485,2019-01-23 18:35:21,btc,108.83339991114585,0.0,0.000001250000000000000102253817392539136932327892282046377658843994140625,btc,37204.23940839,0.0392282406639039,0.0323801871141452,42
0,[],27,[],2019-01-23 18:35:23,0.0,0,0,6497486,2019-01-23 18:35:23,,0.00315028,0.0,0,"btc,eth",11.007,0.0,0.0,42
1,[],5,[],2019-01-23 18:36:31,3e-08,0.00000002,0.0000000000007127640000000001,6497515,2019-01-23 18:36:31,btc,5.83445513,0.0,0.00000002,btc,1.425e-05,0.0,0.4722758,43
1,[],12,[],2019-01-23 18:36:33,8721810.0,0.00000001,0.00000000000035638200000000004,6497516,2019-01-23 18:36:33,btc,20007433.12866367,0.0,0.00000001,btc,38551720.38101898,2.397602398e-07,0.0872181,43
0,[],17,[],2019-01-23 18:36:34,0.0,0,0,6497517,2019-01-23 18:36:34,btc,0.0,0.0,0,btc,0.0,0.0,0.0,43
1,[],12,[],2019-01-23 18:35:37,871029.0,0.00000007,0.000000000002494674,6497491,2019-01-23 18:35:37,btc,11114760.533999365,0.0,0.00000007,btc,956252.37320198,0.00015057,0.02620022,44
111.9038879886842812449191155,[],4,[],2019-01-23 18:33:15,239415261.38356465,0.0002562599034940870040508647745,0.000000009132641692702971,6497481,2019-01-23 18:33:15,ltc,13526.315697222972,0.0,0.00000229,"btc,ltc",6444629.07182458,0.00256748,573.9560329082676,49
111.6500084854006378771913641,[],4,[],2019-01-23 17:46:34,2624901511.4376497,0.000002233000169708012757543827282,0.00000000007974199916039193,6497422,2019-01-23 17:46:34,ltc,2507.4308708839717,0.0,0.00000002,ltc,1146627860.3470917,0.0,3101.0016882078157,52
0,[],22,[],2019-01-23 17:46:15,0.0,0,0,6497410,2019-01-23 17:46:15,,3707.82363808,0.0,0,,255315328.40932402,0.0,0.0,57
0,[],27,[],2019-01-23 17:46:17,0.0,0,0,6497411,2019-01-23 17:46:17,,0.0,0.0,0,"btc,eth",0.0,0.0,0.0,57
111.9038879886842812449191155,[],4,[],2019-01-23 18:33:00,1686679890.3559737,0.000006714233279321056874695146930,0.0000000002392831884550997,6497473,2019-01-23 18:33:00,ltc,6378.065128836621,0.0,0.00000006,ltc,941207113.1792278,0.00089475,9292.161287578618,58
1,[],12,[],2019-01-23 18:33:01,2484669539.3279524,0.0000000006,0.00000000000002138292,6497474,2019-01-23 18:33:01,btc,123038813538.39677,0.0,0.0000000006,btc,3117957984.226873,0.21469219691828173,0.9327834812915362,58
0,[],17,[],2019-01-23 18:33:03,0.0,0,0,6497475,2019-01-23 18:33:03,btc,1e+24,0.0,0,btc,41616695.958325684,0.0,0.0,58
79.49365720109192682783034324,[],22,[],2019-01-23 18:33:07,137438.0,0.0000007949365720109193,0.000000000028330108540639544,6497476,2019-01-23 18:33:07,XMR,69.8835922,0.0,0.00000001,XMR,9887963.0,0.0,0.00137438,58
1,[],5,[],2019-01-23 17:45:11,2.23e-06,0.00000035,0.000000000012498745000000001,6497382,2019-01-23 17:45:11,btc,0.4733239,0.0283006,0.00000035,btc,0.0001341,0.0,0.0266961,61
1,[],22,[],2019-01-23 17:45:14,5111.5,0.00000011,0.000000000003928177000000001,6497383,2019-01-23 17:45:14,BTC,1002.29606732,0.0,0.00000011,BTC,15028.700278135757,0.0,0.00051178,61
1,[],26,[],2019-01-23 17:45:14,0.0,0.00000800,0.0000000002856856,6497384,2019-01-23 17:45:14,btc,0.0,0.0,0.00000800,btc,0.0,0.0,0.0,61
0,[],27,[],2019-01-23 17:45:16,0.0,0,0,6497385,2019-01-23 17:45:16,,0.0,0.0,0,"btc,eth",0.0,0.0,0.0,61
1,[],28,[],2019-01-23 17:45:24,1880.304,0.00000022,0.000000000007856354000000001,6497386,2019-01-23 17:45:24,btc,2.065678837430106,1508.0,0.00000022,btc,11618.08240005,0.0,0.00016391304,61
,[],25,[],2019-01-11 15:43:02,0.0,0,0,6366273,2019-01-11 15:43:02,,0.0,0.0,,btc,0.0,0.0,0.0,67
1,[],4,[],2019-01-23 17:46:29,1254980.98548631,0.00000189,0.00000000006749322300000001,6497420,2019-01-23 17:46:29,btc,0.3620240917484352,0.0,0.00000189,btc,126841.18860266,0.05978202,0.8866044649900485,67
1,[],12,[],2019-01-23 17:44:01,2851220.0,0.00000008,0.000000000002856856,6497350,2019-01-23 17:44:01,btc,16893773.052610997,0.0,0.00000008,btc,2166957.09450545,0.0188546687212802,0.07601208,71
,[],5,[],2018-11-20 23:02:39,1.5e-07,0.00000005,0.000000000002128045,4862160,2018-11-20 23:02:39,btc,2.84511358,0.0,,btc,0.00036572,0.0,0.07381892,74
1,[],5,[],2019-01-23 18:36:00,3.421e-05,0.00000156,0.000000000055595592,6497501,2019-01-23 18:36:00,btc,1.43011192,0.0,0.00000156,btc,0.0001585,0.0,0.50003041,75
0,[],20,[],2019-01-23 18:37:09,0.0,0,0,6497536,2019-01-23 18:37:09,btc,0.0,0.0,0,btc,0.0,0.0,0.0,81
1,[],4,[],2019-01-23 18:37:08,64421539.78469478,0.00000001,0.00000000000035638200000000004,6497535,2019-01-23 18:37:08,btc,0.7486706825842339,0.0,0.00000001,btc,13906829.86456505,0.0,0.6442153978469478,81
1,[],4,[],2019-01-23 18:32:27,25460.30128317,0.00008100,0.0000000028866942,6497461,2019-01-23 18:32:27,btc,1.2813620180055416,0.0,0.00008100,btc,11020.26916644,0.03851383,0.2215528653887605,82
1,[],21,[],2019-01-23 18:32:28,71197.98893943,0.000081019999999999993390252528424611000446020625531673431396484375,0.000000002887406964,6497462,2019-01-23 18:32:28,btc,3.518664399143663,7729.52934945,0.000081019999999999993390252528424611000446020625531673431396484375,btc,38712.07184351,0.6359783,4.807994118824833,82
0,[],17,[],2019-01-23 18:37:21,0.0,0,0,6497545,2019-01-23 18:37:21,btc,0.0447233088476774,0.0,0,btc,999127.19588126,0.0,0.0,84
111.6500084854006378771913641,[],4,[],2019-01-23 17:45:54,479205934.9982839,0.00001451450110310208292403487733,0.0000000005183229945425475,6497397,2019-01-23 17:45:54,ltc,1259.9191681459968,0.0,0.00000013,ltc,72428812.37087657,0.0,2018.586179749861,85
,[],22,[],2018-11-20 23:09:34,3408.1,0.0000001,0.0000000000041895,4862324,2018-11-20 23:09:34,BTC,0.04624735,0.0,,BTC,4990.0,0.0,0.00033081,86
0,[],22,[],2019-01-23 17:45:57,0.0,0,0,6497398,2019-01-23 17:45:57,,2.07810912,0.0,0,,154826.94736842104,0.0,0.0,87
0,[],27,[],2019-01-23 17:45:59,0.0,0,0,6497399,2019-01-23 17:45:59,,0.0,0.0,0,btc,0.0,0.0,0.0,87
,[],2,[],2018-11-20 23:10:47,0.0,0,0,4862359,2018-11-20 23:10:47,,0.0,0.0,,,0.0,0.0,0.0,88
1,[],11,[],2019-01-23 18:32:59,102256.79654714,0.000210000000000000008708311849403571613947860896587371826171875,0.000000007484022000000001,6497472,2019-01-23 18:32:59,btc,236.03543587009318,479.91059617,0.000210000000000000008708311849403571613947860896587371826171875,btc,182348.98506779,0.0,8.166263524208725,89
0,[],2,[],2019-01-21 03:02:22,0.0,0,0,6478672,2019-01-21 03:02:22,,0.0,0.0,0,,0.0,0.0,0.0,91
1,[],12,[],2019-01-23 18:36:02,246504.50650571,0.000001520000000000000058272072063492164062381561961956322193145751953125,0.000000000054170064000000003,6497502,2019-01-23 18:36:02,btc,1.1160783935413314,0.0,0.000001520000000000000058272072063492164062381561961956322193145751953125,btc,4767.401769,0.1324274315628174,0.0628292521999467,91
0,[],17,[],2019-01-23 18:36:04,0.0,0,0,6497503,2019-01-23 18:36:04,btc,0.0,0.0,0,btc,0.0,0.0,0.0,91
111.6500084854006378771913641,[],22,[],2019-01-23 17:44:46,43031955.0,0.000004466000339416025515087654564,0.00000000015948399832078387,6497373,2019-01-23 17:44:46,LTC,9.28010141,0.0,0.00000004,LTC,79818955.1,0.0,1.14095865,95
111.9038879886842812449191155,[],4,[],2019-01-23 18:37:10,140898837.24832997,0.0001174990823881184953071650713,0.000000004187455797964245,6497537,2019-01-23 18:37:10,ltc,2084.617473988581,0.0,0.00000105,"btc,ltc",68189770.79446198,0.00038799,883.5556529264336,96
1,[],12,[],2019-01-23 18:37:11,1213466.0,0.00000001,0.00000000000035638200000000004,6497538,2019-01-23 18:37:11,btc,255059.26033964028,0.0,0.00000001,btc,7846587.56674301,1.02e-06,0.01213466,96
0,[],17,[],2019-01-23 18:37:13,0.0,0,0,6497539,2019-01-23 18:37:13,btc,0.0,0.0,0,btc,0.0,0.0,0.0,96
1,[],4,[],2019-01-23 17:45:09,1584111.14912319,0.00000041,0.000000000014641387,6497381,2019-01-23 17:45:09,btc,0.3000387404461456,0.0,0.00000041,btc,466212.70933221,0.00775101,0.1762719092814931,99
1,[],4,[],2019-01-23 18:37:34,139513.76586411,0.00004252,0.0000000015153362640000001,6497553,2019-01-23 18:37:34,btc,1.2796751376334228,0.0,0.00004252,btc,26660.15240147,2.39151126,3.2341298180982196,100
0,[],2,[],2019-01-21 03:06:36,0.0,0,0,6478729,2019-01-21 03:06:36,,0.0,0.0,0,,0.0,0.0,0.0,100
1,[],22,[],2019-01-23 18:37:33,50000.0,0.00000001,0.00000000000035638200000000004,6497551,2019-01-23 18:37:33,BTC,23.49896609,0.0,0.00000001,BTC,10277.22,0.0,0.0005,101
1,[],4,[],2019-01-23 17:49:10,122978.27433441,0.00000105,0.000000000037496235000000004,6497445,2019-01-23 17:49:10,btc,0.3949074308418893,0.0,0.00000105,btc,141108.83074901,0.01621115,0.0577724148037561,103
1,[],12,[],2019-01-23 18:32:56,93814341.24669921,0.000000016,0.0000000000005702112,6497470,2019-01-23 18:32:56,btc,9137281645.045599,0.0,0.000000016,btc,147307088.8381582,0.26262350382194566,0.5470555189471874,105
1,[],27,[],2019-01-23 18:32:57,261901.0,0.00000006,0.000000000002138292,6497471,2019-01-23 18:32:57,btc,0.0720402019,0.0,0.00000006,btc,580.038,0.0,0.01014994,105
0,[],22,[],2019-01-23 17:44:49,0.0,0,0,6497374,2019-01-23 17:44:49,,1.07253299,0.0,0,,94300.0,0.0,0.0,107
1,[],26,[],2019-01-23 17:44:49,0.0,0.00000000,0,6497375,2019-01-23 17:44:49,btc,0.0,0.0,0.00000000,btc,0.0,0.0,0.0,107
1,[],5,[],2019-01-23 17:44:17,1e-08,0.00000001,0.000000000000357107,6497359,2019-01-23 17:44:17,btc,5.98456343,0.004911,0.00000001,btc,1.512e-05,0.0,0.02500021,112
1,[],22,[],2019-01-23 17:44:20,1966.0,0.00000001,0.000000000000357107,6497360,2019-01-23 17:44:20,BTC,2.85046692,0.0,0.00000001,BTC,1092967.0833333333,0.005,1.966e-05,112
0,[],27,[],2019-01-23 17:44:22,0.0,0,0,6497361,2019-01-23 17:44:22,,1.25125,0.0,0,"btc,eth",79.0,0.0,0.0,112
1,[],4,[],2019-01-23 18:33:16,448386.51169096,0.00000421,0.00000000015003682200000002,6497482,2019-01-23 18:33:16,btc,0.4231811626069739,0.0,0.00000421,btc,69492.79317458,0.30470341,0.410387552851943,113
1,[],5,[],2019-01-23 18:35:16,0.0,0,0,6497483,2019-01-23 18:35:16,btc,0.0,0.0010543,0,btc,0.0,0.0,0.0,113
1,[],17,[],2019-01-23 18:36:58,233369.0,0.00000004,0.0000000000014255280000000001,6497529,2019-01-23 18:36:58,btc,63.00488631859228,0.0,0.00000004,btc,72546.975,0.0,0.00543476,116
0,[],27,[],2019-01-23 18:37:00,0.0,0,0,6497530,2019-01-23 18:37:00,,0.0,0.0,0,btc,0.0,0.0,0.0,116
1,[],4,[],2019-01-23 18:36:40,84995.04043371,0.00001881,0.000000000670354542,6497522,2019-01-23 18:36:40,btc,0.4302707692778545,0.0,0.00001881,btc,18632.62862551,1.92874344,1.148313683576236,120
1,[],7,[],2019-01-23 18:36:48,23795.6630864,0.000013410000000000000356672157086901364664299762807786464691162109375,0.000000000477908262,6497523,2019-01-23 18:36:48,btc,124.94032379059445,4298.25751455,0.000013410000000000000356672157086901364664299762807786464691162109375,btc,23755.91567921,0.16060331,0.1935571819912686,120
1,[],20,[],2019-01-23 18:36:57,1216157.4088,0.000000013,0.0000000000004632966,6497528,2019-01-23 18:36:57,btc,31.5508063254312,0.0,0.000000013,btc,1105130.7355,0.0,0.0068540359106,125
1,[],22,[],2019-01-23 18:35:36,3053.0,0.00000001,0.00000000000035638200000000004,6497490,2019-01-23 18:35:36,BTC,0.01415863,0.0,0.00000001,BTC,293039.4,3.198e-05,3.053e-05,126
0,[],22,[],2019-01-23 17:45:40,0.0,0,0,6497390,2019-01-23 17:45:40,,3.30709612,0.0,0,,19391.67229247642,0.0,0.0,130
1,[],4,[],2019-01-23 17:45:50,86682.65127741,0.00001585,0.000000000566014595,6497394,2019-01-23 17:45:50,btc,0.6495213789433641,0.0,0.00001585,btc,32388.89495596,0.15990673,0.5263578651891985,131
0,[],17,[],2019-01-23 17:45:52,0.0,0,0,6497395,2019-01-23 17:45:52,btc,0.0008451375975800001,0.0,0,btc,30.89614684,0.0,0.0,131
0,[],2,[],2019-01-21 03:08:20,0.0,0,0,6478784,2019-01-21 03:08:20,,0.0,0.0,0,,0.0,0.0,0.0,131
1,[],4,[],2019-01-23 17:46:52,4563.56646742,0.00019454,0.0000000069471595780000005,6497433,2019-01-23 17:46:52,btc,1.6269232683341472,0.0,0.00019454,btc,206.10257325,0.0,0.0099032677563449,135
1,[],3,[],2019-01-23 18:37:58,216835.2001851,0.00000003,0.000000000001069146,6497567,2019-01-23 18:37:58,btc,0.2460893918751273,61206.25,0.00000003,btc,1234227.69793913,0.0,0.0043449073370353,136
1,[],4,[],2019-01-23 18:32:44,97622.07927884,0.00000185,0.00000000006593067000000001,6497466,2019-01-23 18:32:44,btc,0.4805311707319535,0.0,0.00000185,btc,185434.26429577,0.09386561,0.1201541661137353,137
1,[],12,[],2019-01-23 18:32:45,303881.03016339,0.0000019499999999999999646983772638719756287173368036746978759765625,0.00000000006949449,6497467,2019-01-23 18:32:45,btc,11798.821600404332,0.0,0.0000019499999999999999646983772638719756287173368036746978759765625,btc,132631.07380608,0.0778996563553301,0.033065190000007696,137
,[],25,[],2019-01-11 15:38:27,0.0,0,0,6366122,2019-01-11 15:38:27,,0.0,0.0,,btc,0.0,0.0,0.0,142
1,[],5,[],2019-01-23 18:35:43,0.00104159,0.00002918,0.000000001039922676,6497493,2019-01-23 18:35:43,btc,5.73824329,0.71851,0.00002918,btc,0.00184256,0.0,1.49523097,142
1,[],17,[],2019-01-23 18:35:45,12500.0,0.0000001,0.00000000000356382,6497494,2019-01-23 18:35:45,btc,381.04129786017864,0.0,0.0000001,btc,4834.207754,0.0,0.00125,142
1,[],20,[],2019-01-23 18:35:47,152911.3297,0.00002502,0.000000000891667764,6497495,2019-01-23 18:35:47,btc,2.5057686606,120.1271,0.00002502,btc,5122.8931,0.0038780859993,0.1971377546538,142
1,[],22,[],2019-01-23 18:35:52,990.0,0.00001880,0.00000000066999816,6497496,2019-01-23 18:35:52,BTC,0.00152287,0.0,0.00001880,BTC,15.055608820709493,6.551e-05,0.00022106,142
1,[],28,[],2019-01-23 18:35:55,78430.0,0.00002000,0.0000000007127640000000001,6497497,2019-01-23 18:35:55,btc,0.05152625387,92812.0,0.00002000,btc,1349.7234,0.0,0.0242247,142
0,[],22,[],2019-01-23 17:46:33,0.0,0,0,6497421,2019-01-23 17:46:33,,54.93330297,0.0,0,,667563265.8,0.0,0.0,143
1,[],21,[],2019-01-23 17:46:50,43951251.6594464,0.0000003,0.000000000010713210000000001,6497430,2019-01-23 17:46:50,btc,43.64324198667127,24234608.21928003,0.0000003,btc,83785151.91334552,7.53655128,7.6785628508861015,145
0,[],22,[],2019-01-23 18:36:21,0.0,0,0,6497511,2019-01-23 18:36:21,,2.39270934,0.0,0,,786514.0,0.0,0.0,146
,[],22,[],2018-11-20 23:01:11,0.0,0,0,4862114,2018-11-20 23:01:11,,2.56807021,0.0,,,61828.4988236,0.0,0.0,147
1,[],12,[],2019-01-23 17:46:35,8696752.98633055,0.000005100000000000000298610962345957631214332650415599346160888671875,0.00000000018212457000000003,6497423,2019-01-23 17:46:35,btc,17.07825754133715,0.0,0.000005100000000000000298610962345957631214332650415599346160888671875,btc,111516.07891109,0.0021479424645417,0.1126787863614459,148
1,[],4,[],2019-01-23 17:49:17,111789.6074185,0.00000038,0.000000000013570066,6497449,2019-01-23 17:49:17,btc,0.696510137123281,0.0,0.00000038,btc,522239.78263584,0.00171599,0.0312220905090131,152
0,[],22,[],2019-01-23 17:49:19,0.0,0,0,6497450,2019-01-23 17:49:19,,0.0,0.0,0,,0.0,0.0,0.0,152
1,[],5,[],2019-01-23 18:38:12,0.0,0,0,6497572,2019-01-23 18:38:12,btc,4.30475246,1.001e-05,0,btc,0.00161275,0.0,0.0,153
,[],16,[],2019-01-11 15:38:59,0.0,0,0,6366141,2019-01-11 15:38:59,btc,0.0,0.0,,btc,0.0,0.0,0.0,155
0,[],22,[],2019-01-23 18:38:00,0.0,0,0,6497568,2019-01-23 18:38:00,,6.78848922,0.0,0,,4237721.742592593,0.0,0.0,156
0,[],23,[],2019-01-21 03:07:07,0.0,0,0,6478747,2019-01-21 03:07:07,,0.0,0.0,0,,0.0,0.0,0.0,156
1,[],22,[],2019-01-23 17:45:34,7906.0,0.00000801,0.000000000286042707,6497387,2019-01-23 17:45:34,BTC,43.81543407,0.0,0.00000801,BTC,1572.3690079421112,0.0,0.00743836,157
0,[],22,[],2019-01-23 18:36:40,0.0,0,0,6497521,2019-01-23 18:36:40,,50175.67300261,0.0,0,,53770788.04179466,0.0,0.0,158
,[],17,[],2018-11-20 22:56:10,0.0,0,0,4861976,2018-11-20 22:56:10,btc,1.1265625,0.0,,btc,1000.0,0.0,0.0,159
,[],20,[],2018-11-20 22:56:12,0.0,0,0,4861977,2018-11-20 22:56:12,btc,11912.7940471,0.0,,btc,34413894.3617,0.0,0.0,159
1,[],12,[],2019-01-23 18:37:39,184957.72896635,0.000011519999999999999817511427135929835685601574368774890899658203125,0.000000000410552064,6497556,2019-01-23 18:37:39,btc,6.654663981995528,0.0,0.000011519999999999999817511427135929835685601574368774890899658203125,btc,14096.81680601,0.0038874299541697,0.1047688678993257,168
1,[],17,[],2019-01-23 18:37:40,29784.95,0.000001,0.0000000000356382,6497557,2019-01-23 18:37:40,btc,0.0353989844335,0.0,0.000001,btc,196.82520268,0.0,0.00716147,168
0,[],22,[],2019-01-23 18:37:30,0.0,0,0,6497550,2019-01-23 18:37:30,,1.13392792,0.0,0,,692360.5537281231,0.0,0.0,169
1,[],22,[],2019-01-23 18:36:24,54682.555555555555,0.00000027,0.000000000009622314000000001,6497512,2019-01-23 18:36:24,BTC,2.75403855,0.0,0.00000027,BTC,67328.81207749767,0.00120045,0.00696758,171
1,[],22,[],2019-01-23 18:37:44,187175.9,0.0000002,0.00000000000712764,6497558,2019-01-23 18:37:44,BTC,2.84560901,0.0,0.0000002,BTC,240286.75781187782,8.649e-05,0.01031215,173
1,[],5,[],2019-01-23 18:37:52,5.754e-05,0.00000470,0.00000000016749954,6497561,2019-01-23 18:37:52,btc,0.41758584,0.01766695,0.00000470,btc,0.00035977,0.0,0.93919315,175
1,[],22,[],2019-01-23 18:35:41,56132.99333333333,0.00000150,0.0000000000534573,6497492,2019-01-23 18:35:41,BTC,0.60035542,0.0,0.00000150,BTC,118760.29444388876,1.202e-05,0.04159907,176
1,[],7,[],2019-01-23 17:46:39,0.0,0,0,6497426,2019-01-23 17:46:39,btc,10931.262742621293,0.0,0,btc,125037464.01384753,0.0,0.0,178
0,[],22,[],2019-01-23 17:46:48,0.0,0,0,6497427,2019-01-23 17:46:48,,1.00242428,0.0,0,,57512.0,0.0,0.0,178
0,[],2,[],2019-01-21 03:09:08,0.0,0,0,6478817,2019-01-21 03:09:08,,0.0,0.0,0,,0.0,0.0,0.0,178
1,[],5,[],2019-01-23 18:38:39,6e-08,0.00000003,0.000000000001069146,6497586,2019-01-23 18:38:39,btc,12.62798586,0.71840747,0.00000003,btc,2.424e-05,0.0,1.89037105,179
111.9038879886842812449191155,[],22,[],2019-01-23 18:38:44,9708639.666666666,0.0001119038879886842812449191155,0.000000003988053140918328,6497587,2019-01-23 18:38:44,LTC,5.82738921,0.0,0.00000100,"BTC,LTC",17143362.451989967,0.00561239,0.42203715,179
0,[],23,[],2019-01-21 03:07:45,0.0,0,0,6478767,2019-01-21 03:07:45,,0.0,0.0,0,,0.0,0.0,0.0,179
1,[],17,[],2019-01-23 18:32:30,10504.725,0.0000001,0.00000000000356382,6497463,2019-01-23 18:32:30,btc,7.598827191739904,0.0,0.0000001,btc,7852.8949587,0.0,0.0010504725,180
111.9038879886842812449191155,[],22,[],2019-01-23 18:32:33,1468.0,0.00001119038879886842812449191155,0.00000000039880531409183283,6497464,2019-01-23 18:32:33,LTC,0.22769588,0.0,0.0000001,"BTC,LTC",26805.816254853482,0.0,0.00040342,180
1,[],26,[],2019-01-23 18:32:43,0.0,0.00000010,0.00000000000356382,6497465,2019-01-23 18:32:43,btc,0.0,3579.0,0.00000010,btc,0.0,0.0,0.0,180
,[],7,[],2018-11-20 22:58:01,562227.975654,0.00000085,0.000000000036176765,4862015,2018-11-20 22:58:01,btc,21836.6059674,2491.87645172,,btc,749999.041456,0.00211021,0.127565380455,183
1,[],24,[],2019-01-23 18:37:34,0.0,0.000000000001,3.56382e-17,6497552,2019-01-23 18:37:34,btc,0.0,0.0,0.000000000001,btc,0.0,0.0,0.0,187
,[],5,[],2019-01-10 08:11:41,0.0,0,0,6347036,2019-01-10 08:11:41,btc,82.15055501,0.00261,,btc,1.19002445,0.0,0.0,187
,[],17,[],2018-11-16 20:58:10,4062536.27273,0.00000001,0.000000000000550501,4708775,2018-11-16 20:58:10,btc,3.36492563466,0.195460381006,,"btc,eth",110697919.549,0.0,0.0157628953496,187
0,[],22,[],2019-01-23 17:49:29,0.0,0,0,6497458,2019-01-23 17:49:29,,1.19423634,0.0,0,,16383.656201072174,0.0,0.0,191
0,[],22,[],2019-01-23 17:45:44,0.0,0,0,6497391,2019-01-23 17:45:44,,0.0,0.0,0,,0.0,0.0,0.0,197
0,[],23,[],2019-01-21 03:02:13,0.0,0,0,6478668,2019-01-21 03:02:13,,0.0,0.0,0,,0.0,0.0,0.0,199
1,[],26,[],2019-01-23 18:35:56,0.0,0.00000000,0,6497499,2019-01-23 18:35:56,btc,0.0,757214.0,0.00000000,btc,0.0,0.0,0.0,199
0,[],17,[],2019-01-23 17:46:49,0.0,0,0,6497428,2019-01-23 17:46:49,btc,174.35884630650432,0.0,0,btc,105897.55575295,0.0,0.0,200
0,[],2,[],2019-01-21 03:00:56,0.0,0,0,6478648,2019-01-21 03:00:56,,0.0,0.0,0,,0.0,0.0,0.0,201
1,[],4,[],2019-01-23 17:49:16,207324.07607456,0.00000966,0.00000000034496536200000005,6497448,2019-01-23 17:49:16,btc,2.188137144979496,0.0,0.00000966,btc,175815.00976331,0.29563246,1.4887006470615247,211
1,[],7,[],2019-01-23 17:45:53,17846001.04272189,0.00000119000000000000004144145963891343598106686840765178203582763671875,0.00000000004249573300000001,6497396,2019-01-23 17:45:53,btc,16317791.418008251,835629.292557,0.00000119000000000000004144145963891343598106686840765178203582763671875,btc,12850794.41755003,0.99311845,7.946434888848598,212
1,[],5,[],2019-01-23 17:46:27,4.96e-06,0.00000032,0.000000000011427424,6497416,2019-01-23 17:46:27,btc,0.86938657,0.15127063,0.00000032,btc,2.998e-05,0.0,0.0944053,213
1,[],12,[],2019-01-23 17:46:28,233472.12121212,0.0000010600000000000000155604695795119596368749625980854034423828125,0.000000000037853342,6497417,2019-01-23 17:46:28,btc,85023.04762054652,0.0,0.0000010600000000000000155604695795119596368749625980854034423828125,btc,43699.73819726,0.000650695304722,0.0081181199999999,213
1,[],24,[],2019-01-23 17:46:28,0.0,0.000000050000,0.000000000001785535,6497418,2019-01-23 17:46:28,btc,0.0,0.0,0.000000050000,btc,0.0,0.0,0.0,213
1,[],26,[],2019-01-23 17:46:29,0.0,0.00000003,0.000000000001071321,6497419,2019-01-23 17:46:29,btc,0.0,0.0,0.00000003,btc,0.0,0.0,0.0,213
1,[],22,[],2019-01-23 18:35:26,336251.75,0.00000004,0.0000000000014255280000000001,6497487,2019-01-23 18:35:26,BTC,70.22061894,0.0,0.00000004,BTC,153150.48402122577,0.0003432,0.00700807,216
1,[],27,[],2019-01-23 18:35:29,5077895.0,0.00000011,0.0000000000039202020000000005,6497488,2019-01-23 18:35:29,btc,619.88519807916,0.0,0.00000011,"btc,ltc",268896.09411,0.0,0.052497,216
1,[],22,[],2019-01-23 17:49:36,294044.98182760586,0.00000226,0.000000000080706182,6497460,2019-01-23 17:49:36,BTC,12547.82052643,0.0,0.00000226,BTC,358436.9247427998,0.12328779,0.41821594,217
1,[],7,[],2019-01-23 18:36:51,0.0,0,0,6497525,2019-01-23 18:36:51,btc,302.5729991391106,0.0,0,btc,133152724.1214003,0.0,0.0,219
0,[],27,[],2019-01-23 18:36:53,0.0,0,0,6497526,2019-01-23 18:36:53,,0.0707349848198,0.0,0,btc,1405342.29226592,0.0,0.0,219
1754385.964912280553026141504,[],28,[],2019-01-23 18:36:55,238816286.198,701.7719298245613440159868630,0.02500988838947368376244558786,6497527,2019-01-23 18:36:55,doge,143035.5147296175,566618.0,0.00040001,"btc,doge",6854257.34751,0.0,5351337555.86042,219
1,[],22,[],2019-01-23 18:37:06,203636.0,0.00000071,0.000000000025303122000000002,6497533,2019-01-23 18:37:06,BTC,2.08260673,0.0,0.00000071,BTC,18722.55212317522,0.01222786,0.02108112,221
1,[],24,[],2019-01-23 18:37:07,0.0,0.000000800000,0.00000000002851056,6497534,2019-01-23 18:37:07,btc,0.0,0.0,0.000000800000,btc,0.0,0.0,0.0,221
1,[],26,[],2019-01-23 17:46:49,0.0,0.00000002,0.000000000000714214,6497429,2019-01-23 17:46:49,btc,0.0,10598.0,0.00000002,btc,0.0,0.0,0.0,231
1,[],26,[],2019-01-23 17:46:22,0.0,0.00000003,0.000000000001071321,6497414,2019-01-23 17:46:22,btc,0.0,10430.0,0.00000003,btc,0.0,0.0,0.0,234
0,[],27,[],2019-01-23 17:46:24,0.0,0,0,6497415,2019-01-23 17:46:24,,0.001146299618,0.0,0,"btc,eth",11462.99618,0.0,0.0,234
0,[],22,[],2019-01-23 18:36:29,0.0,0,0,6497514,2019-01-23 18:36:29,,3.09206605,0.0,0,,90218749.52329598,0.0,0.0,235
1,[],4,[],2019-01-23 17:49:21,729447.58522854,0.00000111,0.000000000039638877,6497451,2019-01-23 17:49:21,btc,0.4148926204728866,0.0,0.00000111,btc,294477.55658476,0.12156305,0.2585211646136181,236
1,[],24,[],2019-01-23 17:49:21,0.0,0.000000010000,0.000000000000357107,6497452,2019-01-23 17:49:21,btc,0.0,0.0,0.000000010000,btc,0.0,0.0,0.0,236
1,[],20,[],2019-01-23 17:46:19,35427447.17,0.000000059,0.0000000000021069313,6497412,2019-01-23 17:46:19,btc,14.4748583489645,21025509.6637,0.000000059,btc,28146302.0555,1.2392005906279,0.4489757744758,237
0,[],22,[],2019-01-23 17:46:22,0.0,0,0,6497413,2019-01-23 17:46:22,,0.04083605,0.0,0,,4179.0,0.0,0.0,237
1,[],4,[],2019-01-23 18:37:35,5175226.00440024,0.00000031,0.000000000011047842000000001,6497554,2019-01-23 18:37:35,btc,0.5875901771702462,0.0,0.00000031,btc,1737056.98769098,0.24984986,1.4908319387300564,238
1,[],5,[],2019-01-23 18:37:38,3.96e-06,0.00000032,0.000000000011404224000000001,6497555,2019-01-23 18:37:38,btc,0.60662044,3.294e-05,0.00000032,btc,2.906e-05,0.0,0.20689282,238
1,[],22,[],2019-01-23 18:37:47,281968.75,0.00000005,0.00000000000178191,6497559,2019-01-23 18:37:47,BTC,15.40308959,0.0,0.00000005,BTC,224038.69643307183,0.00012245,0.00945438,249
111.9038879886842812449191155,[],22,[],2019-01-23 18:37:19,2572166.0,0.000005595194399434214062245955775,0.00000000019940265704591641,6497544,2019-01-23 18:37:19,LTC,0.4349076,0.0,0.00000005,LTC,12631898.29,0.16226063758359222,0.05220538,252
1,[],28,[],2019-01-23 18:38:22,3215469.1,0.00000009,0.0000000000032074380000000004,6497577,2019-01-23 18:38:22,btc,164692.82198327387,329657.91,0.00000009,btc,1089681.7025,0.0,0.05558683991,256
0,[],27,[],2019-01-23 18:33:14,0.0,0,0,6497480,2019-01-23 18:33:14,,4.96668,0.0,0,"btc,eth",90.59,0.0,0.0,257
1,[],22,[],2019-01-23 18:36:08,55875.166666666664,0.00000009,0.0000000000032074380000000004,6497504,2019-01-23 18:36:08,BTC,35605.68088025,0.0,0.00000009,BTC,709585.3310213444,6.789e-05,0.00080556,258
1,[],22,[],2019-01-23 17:49:33,6620.804,0.00000750,0.00000000026783025,6497459,2019-01-23 17:49:33,BTC,4.68382194,0.0,0.00000750,BTC,5828.378238095238,0.00022857,0.03359089,262
1,[],5,[],2019-01-23 17:49:13,9.387e-05,0.00000320,0.00000000011427424,6497446,2019-01-23 17:49:13,btc,7.01015888,0.13407554,0.00000320,btc,0.01071806,0.0,0.1852756,264
1,[],20,[],2019-01-23 17:49:15,1783417.9688,0.000001671,0.0000000000596725797,6497447,2019-01-23 17:49:15,btc,5.1529642730957,6466.0097,0.000001671,btc,86224.0867,0.0490723280411,0.0353261161702,264
1,[],22,[],2019-01-23 18:35:32,152106.0,0.0000002,0.00000000000712764,6497489,2019-01-23 18:35:32,BTC,126.56510974,0.0,0.0000002,BTC,202161.05470818645,0.0021543,0.00491783,271
0,[],22,[],2019-01-23 18:36:12,0.0,0,0,6497506,2019-01-23 18:36:12,,105.69699934,0.0,0,,10568699925.0,0.0,0.0,272
1754385.964912280553026141504,[],28,[],2019-01-23 18:36:14,365447250000.0,0.8245614035087718599222865069,0.00002938588421052631526299199093,6497507,2019-01-23 18:36:14,doge,4431971.265060808,1107706127.574,0.00000047,doge,122797538596.127,0.0,151581535087.7193,272
