pairValue,buyBook,exchangeId,sellBook,updated,buyTotal,satoshiPrice,usdPrice,exchangeLogId,created,bestPair,sellTotalBtc,volume,pairPrice,activePairs,sellTotal,volumeBtc,buyTotalBtc,coinId
0,[],2,[],2019-01-20 23:28:45,0.0,0,0,6477011,2019-01-20 23:28:45,,0.0,0.0,0,,0.0,0.0,0.0,1
1,[],3,[],2019-01-31 14:53:51,125.717231445921,0.01269679999999999940596406844406374148093163967132568359375,0.00000043535803584,6549206,2019-01-31 14:53:51,btc,106.99894444310935,0.0,0.01269679999999999940596406844406374148093163967132568359375,btc,13.418441724303001,0.0,0.3952627741239673,1
1,[],4,[],2019-01-31 14:53:52,25075.94744924,0.01250685,0.00000042884487828,6549207,2019-01-31 14:53:52,btc,0.9958310591540444,0.0,0.01250685,btc,74.32002769,0.65533387,1.2117743442992919,1
1,[],5,[],2019-01-31 14:53:54,0.24830223,0.01252305,0.00000042940035684,6549208,2019-01-31 14:53:54,btc,14578.44977993,0.00999556,0.01252305,btc,35555556.31693306,0.0,1.52645224,1
1,[],10,[],2019-01-31 14:53:57,272604.72145517,0.01241199,0.000000425592242712,6549209,2019-01-31 14:53:57,btc,6536.256294221257,1218.05568676,0.01241199,btc,910.04470839,0.0,4.629289823503773,1
1,[],12,[],2019-01-31 14:53:59,10439.48795105,0.01255999999999999998390176614293523016385734081268310546875,0.000000430667328,6549210,2019-01-31 14:53:59,btc,0.4211359582564,0.0,0.01255999999999999998390176614293523016385734081268310546875,btc,27.49518469,1.0208161765269,0.3922792466094,1
1,[],20,[],2019-01-31 14:54:01,1454.8147,0.010500101,0.0000003600358631688,6549211,2019-01-31 14:54:01,btc,0.0564711704203,0.0,0.010500101,btc,2.4781,0.0,0.1068228486506,1
1,[],21,[],2019-01-31 14:54:03,2069.26292073,0.01257707999999999916307391601,0.000000431252980704,6549212,2019-01-31 14:54:03,btc,16.83997424966429,3755.46780696,0.01257707999999999916307391600867049419321119785308837890625,"btc,eth",1990.52231274,43.188686734324975,19.445709960765175,1
1,[],22,[],2019-01-31 14:54:09,0.0263776,0.01350000,0.00000046289880000000004,6549213,2019-01-31 14:54:09,BTC,0.31380731,0.0,0.01350000,BTC,0.09124366666666667,0.00013976,0.00034472,1
1,[],24,[],2019-01-31 14:54:10,0.0,0.000000000000,0,6549214,2019-01-31 14:54:10,btc,0.0,0.0,0.000000000000,btc,0.0,0.0,0.0,1
0.0,[],25,[],2019-01-31 14:54:11,0.0,0,0,6549215,2019-01-31 14:54:11,btc,17.483599997515835,522.97674713,0.0,btc,1359.89066036,6.6504,0.0,1
1,[],26,[],2019-01-31 14:54:22,0.0,0,0,6549216,2019-01-31 14:54:22,,0.0,0.0,0,,0.0,0.0,0.0,1
1,[],28,[],2019-01-31 14:54:26,987.9,0.01131000,0.000000387806328,6549217,2019-01-31 14:54:26,btc,0.162839806,17577.95,0.01131000,btc,8.9,0.0,0.024551096,1
1,[],5,[],2019-01-31 14:54:28,1.997e-05,0.00000076,0.000000000026059488,6549218,2019-01-31 14:54:28,btc,0.14924709,0.01490141,0.00000076,btc,7.345e-05,0.0,0.45515176,2
1,[],22,[],2019-01-31 14:54:32,1754.625335862178,0.0000004,0.000000000013715520000000001,6549219,2019-01-31 14:54:32,BTC,0.0231601,0.0,0.0000004,"BTC,XMR",14562.72385,0.0,0.00111682,2
1,[],5,[],2019-01-31 14:54:33,1.42e-06,0.00000017,0.000000000005829096,6549220,2019-01-31 14:54:33,btc,3.85083003,0.05457198,0.00000017,btc,2.267e-05,0.0,3.6660023,3
1,[],12,[],2019-01-31 14:54:34,12543194.38961237,0.000000174,0.0000000000059662512,6549221,2019-01-31 14:54:34,btc,921319.913106305,0.0,0.000000174,btc,8009614.44138956,0.06642363826898813,0.558721466535997,3
0,[],28,[],2019-01-31 14:54:36,0.0,0,0,6549222,2019-01-31 14:54:36,,0.0,0.0,0,,0.0,0.0,0.0,3
0,[],2,[],2019-01-20 23:31:32,0.0,0,0,6477077,2019-01-20 23:31:32,,0.0,0.0,0,,0.0,0.0,0.0,4
1,[],4,[],2019-01-31 14:54:37,236142.79925374,0.00000035,0.00000000001200108,6549223,2019-01-31 14:54:37,btc,0.412090676937241,0.0,0.00000035,btc,332389.44494238,0.00099999,0.0194263704202203,4
1,[],12,[],2019-01-25 15:53:49,1222127.5219999999,0.00000003,0.000000000001069017,6499609,2019-01-25 15:53:49,btc,11013867.817925906,0.0,0.00000003,btc,969763.77092902,0.0,0.01617509044,5
0,[],2,[],2019-01-20 23:31:51,0.0,0,0,6477087,2019-01-20 23:31:51,,0.0,0.0,0,,0.0,0.0,0.0,6
1,[],11,[],2019-01-31 14:54:39,4608955.5,0.00000002,0.000000000000685776,6549224,2019-01-31 14:54:39,btc,9432.82643271156,49539.0,0.00000002,btc,41906999.95537939,0.0,0.047089555,6
1,[],3,[],2019-01-31 14:54:39,1069.652384675756,0.000150559999999999995050348200464895853656344115734100341796875,0.000000005162521728,6549225,2019-01-31 14:54:39,btc,28.510202753279106,0.0,0.000150559999999999995050348200464895853656344115734100341796875,btc,234.145665820227,0.0,0.030997767816609203,7
1,[],4,[],2019-01-31 14:54:40,24778.11574139,0.00017000,0.0000000058290960000000004,6549226,2019-01-31 14:54:40,btc,2.8755550927773577,0.0,0.00017000,btc,15410.63015293,1.8602697,3.756205512317702,7
1,[],5,[],2019-01-31 14:54:42,0.00509299,0.00016501,0.000000005657994888,6549227,2019-01-31 14:54:42,btc,1.32424839,0.46741488,0.00016501,btc,0.01074506,0.0,1.38759292,7
1,[],20,[],2019-01-31 14:54:43,62771509.8802,0.000000001,0.0000000000000342888,6549228,2019-01-31 14:54:43,btc,136.3840608482848,3088827.1843,0.000000001,btc,27252064.2706,0.0061776543686,0.0627715098802,8
0,[],2,[],2019-01-20 23:22:42,0.0,0,0,6476876,2019-01-20 23:22:42,,0.0,0.0,0,,0.0,0.0,0.0,9
0,[],23,[],2019-01-20 23:22:48,0.0,0,0,6476878,2019-01-20 23:22:48,,0.0,0.0,0,,0.0,0.0,0.0,9
1,[],1,[],2019-01-31 14:54:44,840946.66,0.000001870000000000000095373470405946125794116596807725727558135986328125,0.000000000064120056,6549229,2019-01-31 14:54:44,btc,3.1418412845,19943105.95,0.000001870000000000000095373470405946125794116596807725727558135986328125,btc,1646030.47,35.4408678,1.5427239226,9
1,[],4,[],2019-01-31 14:54:45,1198326.49601289,0.00000180,0.00000000006171984,6549230,2019-01-31 14:54:45,btc,1.178510527741486,0.0,0.00000180,btc,611943.95064342,0.79483778,0.5107530890461169,9
1,[],28,[],2019-01-31 14:54:50,34500.0,0.00000165,0.00000000005657652,6549231,2019-01-31 14:54:50,btc,2708.74912872,3596371.0,0.00000165,btc,7312.68,0.0,0.02854,9
1,[],4,[],2019-01-31 14:54:51,7679694.56126053,0.00000002,0.000000000000685776,6549232,2019-01-31 14:54:51,btc,0.2046692131640986,0.0,0.00000002,btc,4047624.99941361,0.00095629,0.0823063818452106,10
0,[],2,[],2019-01-20 23:23:08,0.0,0,0,6476890,2019-01-20 23:23:08,,0.0,0.0,0,,0.0,0.0,0.0,12
1,[],4,[],2019-01-31 14:54:52,4441404.5059826,0.00000139,0.000000000047661432,6549233,2019-01-31 14:54:52,btc,1.0404165680178408,0.0,0.00000139,btc,717287.74369367,1.15340349,2.761652538272093,12
1,[],5,[],2019-01-31 14:54:53,1.824e-05,0.00000136,0.000000000046632768,6549234,2019-01-31 14:54:53,btc,0.45186044,1.05401701,0.00000136,btc,0.00011555,0.0,0.78670634,12
0.0,[],25,[],2019-01-31 14:54:54,0.0,0,0,6549235,2019-01-31 14:54:54,,0.0,0.0,0.0,btc,0.0,0.0,0.0,12
1,[],4,[],2019-01-31 14:54:55,404160.84495393,0.00000642,0.000000000220134096,6549236,2019-01-31 14:54:55,btc,0.3487723653154733,0.0,0.00000642,btc,50458.2821987,0.56546738,1.9384977179550062,13
1,[],10,[],2019-01-31 14:54:57,585243.67589558,0.00000631,0.000000000216362328,6549237,2019-01-31 14:54:57,btc,666811.0401181371,8488.79645247,0.00000631,btc,836165.3104418,0.0,0.8498719142294175,13
1,[],21,[],2019-01-31 14:54:59,1467818.56127407,0.000006579999999999999681066752133,0.000000000225620304,6549238,2019-01-31 14:54:59,btc,5.038576011925803,904959.53189169,0.000006579999999999999681066752132974073674631654284894466400146484375,btc,692847.89384632,6.05271214,7.099263660096928,13
1,[],4,[],2019-01-31 14:54:59,780644.15810565,0.00000131,0.000000000044918328,6549239,2019-01-31 14:54:59,btc,0.1757018635971453,0.0,0.00000131,btc,84773.21575997,0.01871071,0.0949780015576398,14
1,[],12,[],2019-01-31 14:55:01,86160.42857143,0.0000011599999999999999051561623553130431218960438854992389678955078125,0.000000000039775008,6549240,2019-01-31 14:55:01,btc,1.7867572834519772,0.0,0.0000011599999999999999051561623553130431218960438854992389678955078125,btc,38567.61958427,0.0,0.0095683200000016,14
0,[],17,[],2019-01-31 14:55:03,0.0,0,0,6549241,2019-01-31 14:55:03,btc,0.0,0.0,0,btc,0.0,0.0,0.0,14
1,[],26,[],2019-01-31 14:55:03,0.0,0.00000049,0.000000000016801512,6549242,2019-01-31 14:55:03,btc,0.0,0.0,0.00000049,btc,0.0,0.0,0.0,14
,[],12,[],2018-12-01 15:15:48,204241.84496,0.00000489,0.000000000202473384,5260204,2018-12-01 15:15:48,btc,49.5475654835,0.0,,btc,35763.2193806,0.0163153972027625,0.0203389899998,15
0,[],4,[],2019-01-31 14:55:04,0.0,0,0,6549243,2019-01-31 14:55:04,,0.0,0.0,0,,0.0,0.0,0.0,15
0,[],2,[],2019-01-20 23:23:38,0.0,0,0,6476906,2019-01-20 23:23:38,,0.0,0.0,0,,0.0,0.0,0.0,18
1,[],4,[],2019-01-31 14:55:05,24838.20208799,0.00001820,0.0000000006240561600000001,6549244,2019-01-31 14:55:05,btc,1.2257810658981123,0.0,0.00001820,btc,7341.9361362,0.01655219,0.0788060456829062,18
1,[],10,[],2019-01-31 14:55:07,395923.43809649,0.00001723,0.000000000590796024,6549245,2019-01-31 14:55:07,btc,15.550374821993124,9847.95135032,0.00001723,btc,10347.82982222,0.0,0.2846093830833491,18
1,[],12,[],2019-01-31 14:55:09,200675.19183345,0.0000176000000000000008976326626441988310034503228962421417236328125,0.0000000006034828800000001,6549246,2019-01-31 14:55:09,btc,0.1841467047159347,0.0,0.0000176000000000000008976326626441988310034503228962421417236328125,btc,1629.21932889,0.0216297040407206,0.014945091041824201,18
0,[],17,[],2019-01-31 14:55:10,0.0,0,0,6549247,2019-01-31 14:55:10,btc,0.0,0.0,0,btc,0.0,0.0,0.0,18
1,[],3,[],2019-01-31 14:55:11,108653.16860955291,0.00003009999999999999980258846843383935265592299401760101318359375,0.0000000010320928800000001,6549248,2019-01-31 14:55:11,btc,1.2090775967545029,388.209656734,0.00003009999999999999980258846843383935265592299401760101318359375,btc,8656.581861359313,0.0,0.09708236493169828,19
1,[],4,[],2019-01-31 14:55:12,68932.20973524,0.00003313,0.000000001135987944,6549249,2019-01-31 14:55:12,btc,0.6893237858397667,0.0,0.00003313,btc,18454.48886363,0.73993784,1.4684443612223403,19
1,[],5,[],2019-01-31 14:55:13,0.00043801,0.00003156,0.000000001082154528,6549250,2019-01-31 14:55:13,btc,0.31055961,0.01094686,0.00003156,btc,0.00346048,0.0,0.23914025,19
1,[],12,[],2019-01-31 14:55:15,133622.62219101,0.000028479999999999998372413045899520511738955974578857421875,0.000000000976545024,6549251,2019-01-31 14:55:15,btc,1.9913823450484411,0.0,0.000028479999999999998372413045899520511738955974578857421875,btc,449.27457877,0.00029979,0.0326576399999648,19
0,[],27,[],2019-01-31 14:55:17,0.0,0,0,6549252,2019-01-31 14:55:17,,0.0,0.0,0,btc,0.0,0.0,0.0,19
0,[],2,[],2019-01-20 23:24:19,0.0,0,0,6476924,2019-01-20 23:24:19,,0.0,0.0,0,,0.0,0.0,0.0,19
1,[],4,[],2019-01-31 14:55:18,9013019.43885938,0.00000013,0.000000000004457544,6549253,2019-01-31 14:55:18,btc,0.8119940963808697,0.0,0.00000013,btc,1597393.93239221,0.0,0.3453110081715698,20
1,[],4,[],2019-01-31 14:55:18,119330431.31523025,0.00000002,0.000000000000685776,6549254,2019-01-31 14:55:18,btc,0.6254108204414744,0.0,0.00000002,btc,14942361.16181205,0.00436935,1.3963882105144454,21
1,[],12,[],2019-01-31 14:55:20,19384239.0,0.00000002,0.000000000000685776,6549255,2019-01-31 14:55:20,btc,668.0328486030381,0.0,0.00000002,btc,8169130.31368897,9.76294505501e-05,0.2606213,21
0,[],17,[],2019-01-31 14:55:21,0.0,0,0,6549256,2019-01-31 14:55:21,btc,0.0,0.0,0,btc,0.0,0.0,0.0,21
1,[],12,[],2019-01-31 14:55:23,2632833714.531895,0.0000000001,0.0000000000000034288800000000002,6549257,2019-01-31 14:55:23,btc,1721704714488.7026,0.0,0.0000000001,btc,5001923854.744487,0.2124376322929071,0.26328337145318953,23
0,[],27,[],2019-01-31 14:55:25,0.0,0,0,6549258,2019-01-31 14:55:25,,0.424699,0.0,0,eth,424699.0,0.0,0.0,23
1,[],4,[],2019-01-31 14:55:26,881217.57016878,0.00000083,0.000000000028459704,6549259,2019-01-31 14:55:26,btc,0.0885431245121351,0.0,0.00000083,btc,74356.30566767,0.00762993,0.3700942227430026,24
1,[],22,[],2019-01-31 14:55:29,11.76,0.00000100,0.000000000034288800000000004,6549260,2019-01-31 14:55:29,BTC,7.415e-05,0.0,0.00000100,BTC,23.919354838709676,0.0,1.176e-05,24
0.0,[],25,[],2019-01-31 14:55:30,0.0,0,0,6549261,2019-01-31 14:55:30,,0.0,0.0,0.0,btc,0.0,0.0,0.0,24
1,[],4,[],2019-01-31 14:55:31,27063109.38774087,0.00000693,0.00000000023762138400000003,6549262,2019-01-31 14:55:31,btc,0.4706572956486329,0.0,0.00000693,btc,38803.48001732,0.12844978,0.4006401671578723,26
1,[],10,[],2019-01-31 14:55:33,729315.66961599,0.0000066,0.00000000022630608000000003,6549263,2019-01-31 14:55:33,btc,27.983578969498137,813.80210273,0.0000066,btc,13249.47153674,0.0,0.2097058138505031,26
0,[],2,[],2019-01-20 23:25:56,0.0,0,0,6476976,2019-01-20 23:25:56,,0.0,0.0,0,,0.0,0.0,0.0,26
1,[],3,[],2019-01-31 14:55:34,6396014.03885143,0.00000001,0.000000000000342888,6549264,2019-01-31 14:55:34,btc,3.006340766672451,124901.0,0.00000001,btc,19125333.7722977,0.0,0.0639601403885143,27
1,[],5,[],2019-01-31 14:55:35,1e-08,0.00000001,0.000000000000342888,6549265,2019-01-31 14:55:35,btc,1.49909862,0.0,0.00000001,btc,4.661e-05,0.0,0.10489321,27
1,[],11,[],2019-01-31 14:55:37,10597882.41182718,0.00000005,0.00000000000171444,6549266,2019-01-31 14:55:37,btc,370.5931920764931,1000.0,0.00000005,btc,8220964.80991447,0.0,0.4932896594767663,27
1,[],4,[],2019-01-31 14:55:38,137949068.2443256,0.00000003,0.000000000001028664,6549267,2019-01-31 14:55:38,btc,3.8737096220726652,0.0,0.00000003,"btc,ltc",147442865.85260648,0.1358192,1.9003184205632384,29
1,[],7,[],2019-01-31 14:55:39,39003903.57175802,0.00000003,0.0000000000010286639999999999,6549268,2019-01-31 14:55:39,btc,44465206.16414562,1169089.88511,0.00000003,btc,39554611.69978831,0.0,0.7017801808422143,29
1,[],4,[],2019-01-31 14:55:40,1298287.59617273,0.00000034,0.000000000011658192,6549269,2019-01-31 14:55:40,btc,0.2850615324581037,0.0,0.00000034,btc,549865.56912699,0.0036896,0.0667528145984913,30
0,[],17,[],2019-01-31 14:55:41,0.0,0,0,6549270,2019-01-31 14:55:41,btc,0.0,0.0,0,btc,0.0,0.0,0.0,30
1,[],4,[],2019-01-31 14:55:43,122322.94152135,0.00007800,0.0000000026745264,6549271,2019-01-31 14:55:43,btc,1.897648007672185,0.0,0.00007800,btc,20986.4823044,1.78929777,1.6953750200124313,31
1,[],21,[],2019-01-31 14:55:43,63693.02453344,0.00007799999999999999858793509055,0.0000000026745264,6549272,2019-01-31 14:55:43,btc,1.574355060996235,216488.12444608,0.0000779999999999999985879350905548790251486934721469879150390625,btc,18925.44848196,17.57967789,4.576421172640957,31
0,[],2,[],2019-01-20 23:28:43,0.0,0,0,6477009,2019-01-20 23:28:43,,0.0,0.0,0,,0.0,0.0,0.0,32
1,[],4,[],2019-01-31 14:55:44,139541702.76272544,0.00000005,0.0000000000017144400000000001,6549273,2019-01-31 14:55:44,btc,3.0441126239776333,0.0,0.00000005,"btc,ltc",52534558.25911662,0.86819287,2.0550808943165526,33
1,[],12,[],2019-01-31 14:55:45,20427639.0,0.00000006,0.0000000000020573279999999997,6549274,2019-01-31 14:55:45,btc,17261782.330924124,0.0,0.00000006,btc,89238613.83516467,0.065868505454546,0.78984819,33
1,[],4,[],2019-01-31 14:48:44,113115485.46315794,0.00000001,0.00000000000034285900000000004,6549072,2019-01-31 14:48:44,btc,0.8244709483782687,0.0,0.00000001,btc,27482364.94594229,3.36941173,1.1311548546315793,34
1,[],5,[],2019-01-31 14:48:45,1e-08,0.00000001,0.00000000000034285900000000004,6549073,2019-01-31 14:48:45,btc,3.8851112,2.35383548,0.00000001,btc,1.394e-05,0.0,0.7864605,34
0.0000000000910269,[],4,[],2019-01-31 14:55:46,1423645818.951773,3.641076e-18,1.2484812674880002e-22,6549275,2019-01-31 14:55:46,ltc,7.605806585544967e-09,0.0,0.00000004,ltc,1609824834.762824,0.0,2.210939475983107e-09,36
1,[],5,[],2019-01-31 14:55:48,0.0,0,0,6549276,2019-01-31 14:55:48,btc,203.13458898,0.0,0,btc,1.295e-05,0.0,0.0,36
0,[],17,[],2019-01-31 14:55:50,0.0,0,0,6549277,2019-01-31 14:55:50,btc,0.14892131547964996,0.0,0,btc,12533924.99083647,0.0,0.0,36
0.0000000000910269,[],27,[],2019-01-31 14:55:52,2000000.0,1.820538e-18,6.242406337440001e-23,6549278,2019-01-31 14:55:52,ltc,448.594787045,0.0,0.00000002,"ltc,eth",3711932.58,0.0,2.730807e-12,36
1,[],4,[],2019-01-31 14:48:53,405451.8486645,0.00000148,0.000000000050743132,6549078,2019-01-31 14:48:53,btc,0.3468708294260754,0.0,0.00000148,btc,186580.93815242,0.08475129,0.3515625892074381,37
1,[],12,[],2019-01-31 14:48:55,487002.01256986,0.000001489999999999999921986774779891771203210737439803779125213623046875,0.000000000051085991,6549079,2019-01-31 14:48:55,btc,1337.7537863353382,0.0,0.000001489999999999999921986774779891771203210737439803779125213623046875,btc,781057.69590354,0.1240565151477354,0.3952996115266888,37
1,[],17,[],2019-01-31 14:48:57,1752.74075282,0.00000025,0.000000000008571475000000001,6549080,2019-01-31 14:48:57,btc,0.055487313964194526,0.0,0.00000025,btc,1388.79251806,0.0,0.00043818518820499993,37
1,[],27,[],2019-01-31 14:48:59,35522.0,0.00000046,0.000000000015771514000000002,6549081,2019-01-31 14:48:59,btc,24.49747661895233,0.00054,0.00000046,btc,5231.144295,1e-07,0.00744009,37
1,[],5,[],2019-01-31 14:55:53,7e-06,0.00000072,0.000000000024687936000000002,6549279,2019-01-31 14:55:53,btc,0.10298273,0.03749351,0.00000072,btc,0.00010706,0.0,0.03163565,42
1,[],12,[],2019-01-31 14:55:55,114883.66666667,0.00000073,0.000000000025030824,6549280,2019-01-31 14:55:55,btc,109.30668358192237,0.0,0.00000073,btc,83275.54958495,0.012170223454507,0.0222523700000021,42
0,[],27,[],2019-01-31 14:55:57,0.0,0,0,6549281,2019-01-31 14:55:57,,0.00315028,0.0,0,"btc,eth",11.007,0.0,0.0,42
1,[],5,[],2019-01-31 14:55:59,3e-08,0.00000002,0.000000000000685776,6549282,2019-01-31 14:55:59,btc,6.10605038,0.01121603,0.00000002,btc,1.475e-05,0.0,0.51720649,43
1,[],12,[],2019-01-31 14:56:00,6445117.0,0.00000002,0.000000000000685776,6549283,2019-01-31 14:56:00,btc,20007456.464662522,0.0,0.00000002,btc,38831663.74765234,0.001004864015984,0.06448277,43
0,[],17,[],2019-01-31 14:56:02,0.0,0,0,6549284,2019-01-31 14:56:02,btc,0.0,0.0,0,btc,0.0,0.0,0.0,43
1,[],12,[],2019-01-31 14:56:03,935697.0,0.00000009,0.0000000000030859920000000002,6549285,2019-01-31 14:56:03,btc,11115200.12896602,0.0,0.00000009,btc,968091.69930067,0.048838712497365,0.0303428,44
1,[],4,[],2019-01-31 14:56:04,261441846.13103163,0.00000003,0.000000000001028664,6549286,2019-01-31 14:56:04,btc,0.18273209940549476,0.0,0.00000003,"btc,ltc",3773315.25410563,0.00099522,0.5548525755303462,49
0.0000000000910269,[],4,[],2019-01-31 14:56:05,3797833320.4944696,9.10269e-19,3.1212031687200005e-23,6549287,2019-01-31 14:56:05,ltc,4.994394634407764,0.0,0.00000001,ltc,2206300149.1039367,0.0,3.4570499388131806e-09,52
0,[],22,[],2019-01-31 14:56:08,0.0,0,0,6549288,2019-01-31 14:56:08,,3693.8150203,0.0,0,,265324796.90882352,0.0,0.0,57
0,[],27,[],2019-01-31 14:56:11,0.0,0,0,6549289,2019-01-31 14:56:11,,0.0,0.0,0,"btc,eth",0.0,0.0,0.0,57
0.0000000000910269,[],4,[],2019-01-31 14:56:11,1522861754.8431017,6.3718830000000006e-18,2.184842218104e-22,6549290,2019-01-31 14:56:11,ltc,3.3107871561215347,0.0,0.00000007,ltc,1086343139.775789,0.01087416,6.90306738627049e-09,58
1,[],12,[],2019-01-31 14:56:13,2349977810.282997,0.0000000006,0.00000000000002057328,6549291,2019-01-31 14:56:13,btc,684074800888.9218,0.0,0.0000000006,btc,3115971773.7033963,0.019019773827172827,0.9204065212645631,58
0,[],17,[],2019-01-31 14:56:15,0.0,0,0,6549292,2019-01-31 14:56:15,btc,1e+24,0.0,0,btc,41616695.95832568,0.0,0.0,58
0.0000000001248494,[],22,[],2019-01-31 14:56:19,137438.0,1.248494e-18,4.2809361067200005e-23,6549293,2019-01-31 14:56:19,XMR,69.8835922,0.0,0.00000001,XMR,9887963.0,0.0,0.00137438,58
1,[],5,[],2019-01-31 14:56:20,7.71e-06,0.00000073,0.000000000025030824,6549294,2019-01-31 14:56:20,btc,0.46461893,0.12497521,0.00000073,btc,0.00014108,0.0,0.096354,61
1,[],22,[],2019-01-31 14:56:24,5111.5,0.00000011,0.000000000003771768,6549295,2019-01-31 14:56:24,BTC,1002.29606732,0.0,0.00000011,BTC,15028.700278135757,0.0,0.00051178,61
1,[],26,[],2019-01-31 14:56:25,0.0,0.00000800,0.00000000027431040000000003,6549296,2019-01-31 14:56:25,btc,0.0,0.0,0.00000800,btc,0.0,0.0,0.0,61
0,[],27,[],2019-01-31 14:56:27,0.0,0,0,6549297,2019-01-31 14:56:27,,0.14879968,0.00032,0,"btc,eth",148.79968,3.2e-07,0.0,61
1,[],28,[],2019-01-31 14:56:29,6900.304,0.00000210,0.00000000007200648,6549298,2019-01-31 14:56:29,btc,2.064440110600106,774.0,0.00000210,btc,11198.17500005,0.0,0.00218431304,61
1,[],4,[],2019-01-31 14:56:30,1310547.77289596,0.00000185,0.00000000006343428000000001,6549299,2019-01-31 14:56:30,btc,0.7205788886192626,0.0,0.00000185,btc,240788.88046258,0.13626709,0.9744609009349896,67
0.0,[],25,[],2019-01-31 14:56:31,0.0,0,0,6549300,2019-01-31 14:56:31,,0.0,0.0,0.0,btc,0.0,0.0,0.0,67
1,[],12,[],2019-01-31 14:56:32,3081483.12744445,0.0000001,0.00000000000342888,6549301,2019-01-31 14:56:32,btc,16893710.2247447,0.0,0.0000001,btc,2191965.17242755,0.0007052581287511,0.0823891128411118,71
,[],5,[],2018-11-20 23:02:39,1.5e-07,0.00000005,0.000000000002128045,4862160,2018-11-20 23:02:39,btc,2.84511358,0.0,,btc,0.00036572,0.0,0.07381892,74
1,[],5,[],2019-01-25 15:53:51,3.303e-05,0.00000156,0.000000000055588884,6499610,2019-01-25 15:53:51,btc,1.42844212,0.0,0.00000156,btc,0.00015937,0.0,0.49487621,75
1,[],4,[],2019-01-31 14:56:34,71314460.37587337,0.00000001,0.000000000000342888,6549302,2019-01-31 14:56:34,btc,0.8144650091483037,0.0,0.00000001,btc,15000789.10300357,0.0,0.7131446037587337,81
0,[],20,[],2019-01-25 09:30:31,0.0,0,0,6495923,2019-01-25 09:30:31,btc,0.0,0.0,0,btc,0.0,0.0,0.0,81
1,[],4,[],2019-01-31 14:56:36,23692.59162616,0.00007329,0.0000000025130261520000003,6549303,2019-01-31 14:56:36,btc,0.9306403848172553,0.0,0.00007329,btc,8535.85597688,0.01648122,0.0828749800063835,82
1,[],21,[],2019-01-31 14:56:37,70053.21332974,0.00007860999999999999444163373274,0.000000002695442568,6549304,2019-01-31 14:56:37,btc,3.5977831647375225,1319.90531262,0.000078609999999999994441633732744634244227199815213680267333984375,btc,40789.02412556,0.10472407,3.3343054571983397,82
0,[],17,[],2019-01-31 14:56:38,0.0,0,0,6549305,2019-01-31 14:56:38,btc,0.0447233088476774,0.0,0,btc,999127.19588126,0.0,0.0,84
0.0000000000910269,[],4,[],2019-01-31 14:56:39,184042449.08966216,1.2743766000000001e-17,4.369684436208e-22,6549306,2019-01-31 14:56:39,ltc,0.19754182485976898,0.0,0.00000014,ltc,67646371.36873327,0.0,1.2610729861938804e-09,85
,[],22,[],2018-11-20 23:09:34,3408.1,0.0000001,0.0000000000041895,4862324,2018-11-20 23:09:34,BTC,0.04624735,0.0,,BTC,4990.0,0.0,0.00033081,86
0,[],22,[],2019-01-31 14:56:42,0.0,0,0,6549307,2019-01-31 14:56:42,,2.07810912,0.0,0,,154826.94736842104,0.0,0.0,87
0,[],27,[],2019-01-31 14:56:44,0.0,0,0,6549308,2019-01-31 14:56:44,,0.0,0.0,0,btc,0.0,0.0,0.0,87
,[],2,[],2018-11-20 23:10:47,0.0,0,0,4862359,2018-11-20 23:10:47,,0.0,0.0,,,0.0,0.0,0.0,88
1,[],11,[],2019-01-31 14:56:46,107976.32760431,0.0001850199999999999869899902638081812256132252514362335205078125,0.000000006344113776,6549309,2019-01-31 14:56:46,btc,235.56746785491512,683.6,0.0001850199999999999869899902638081812256132252514362335205078125,btc,184432.4796615,0.0,8.553025879903071,89
0,[],2,[],2019-01-20 23:31:45,0.0,0,0,6477083,2019-01-20 23:31:45,,0.0,0.0,0,,0.0,0.0,0.0,91
1,[],12,[],2019-01-31 14:56:48,572985.38091817,0.00000358999999999999993283692802104045682654032134450972080230712890625,0.000000000123096792,6549310,2019-01-31 14:56:48,btc,3.269537545410295,0.0,0.00000358999999999999993283692802104045682654032134450972080230712890625,btc,16287.74875837,0.0331520332071303,0.1731462631582369,91
0,[],17,[],2019-01-31 14:56:49,0.0,0,0,6549311,2019-01-31 14:56:49,btc,0.0,0.0,0,btc,0.0,0.0,0.0,91
0.0000000000910269,[],22,[],2019-01-31 14:56:53,38733515.0,4.551345e-18,1.56060158436e-22,6549312,2019-01-31 14:56:53,LTC,8.48838501,0.0,0.00000005,LTC,73842260.1,0.0,1.38604729,95
0.0000000000910269,[],4,[],2019-01-31 14:56:55,132664703.93904997,9.3757707e-17,3.2148392637816003e-21,6549313,2019-01-31 14:56:55,ltc,1.3208490705102514,0.0,0.00000103,ltc,66914135.09468108,0.00398788,6.670734470183152e-10,96
1,[],12,[],2019-01-31 14:56:56,1220958.0,0.00000001,0.000000000000342888,6549314,2019-01-31 14:56:56,btc,255062.8774658456,0.0,0.00000001,btc,8705414.33297676,5e-07,0.01220958,96
0,[],17,[],2019-01-31 14:56:58,0.0,0,0,6549315,2019-01-31 14:56:58,btc,0.0,0.0,0,btc,0.0,0.0,0.0,96
1,[],4,[],2019-01-28 01:29:03,1472892.19429314,0.00000039,0.000000000013841295,6517118,2019-01-28 01:29:03,btc,0.30363706505258,0.0,0.00000039,btc,473598.41813208,0.02260545,0.1322524391209234,99
1,[],4,[],2019-01-31 14:56:59,256078.56710869,0.00004209,0.000000001443215592,6549316,2019-01-31 14:56:59,btc,1.1854952654788822,0.0,0.00004209,btc,23961.86846484,1.98696446,4.027303847203892,100
0,[],2,[],2019-01-20 23:23:55,0.0,0,0,6476914,2019-01-20 23:23:55,,0.0,0.0,0,,0.0,0.0,0.0,100
1,[],22,[],2019-01-31 14:57:04,50000.0,0.00000001,0.000000000000342888,6549317,2019-01-31 14:57:04,BTC,23.50383609,0.0,0.00000001,BTC,11277.22,0.0,0.0005,101
1,[],4,[],2019-01-31 14:57:05,144748.76722112,0.00000096,0.000000000032917248,6549318,2019-01-31 14:57:05,btc,0.4001097628001387,0.0,0.00000096,btc,152176.86579991,0.01084657,0.0731612491242242,103
1,[],12,[],2019-01-31 14:57:08,78004979.0,0.000000017,0.0000000000005829096000000001,6549319,2019-01-31 14:57:08,btc,9138292654.790094,0.0,0.000000017,btc,151891145.6805065,0.15160547095234608,0.488931978,105
1,[],27,[],2019-01-31 14:57:10,356282.89,0.00000001,0.000000000000342888,6549320,2019-01-31 14:57:10,btc,0.6904160142503467,65555.0,0.00000001,btc,643385.49146249,0.0013111,0.0035628289,105
0,[],22,[],2019-01-31 14:50:18,0.0,0,0,6549122,2019-01-31 14:50:18,,1.07253299,0.0,0,,94300.0,0.0,0.0,107
1,[],26,[],2019-01-31 14:50:18,0.0,0.00000000,0,6549123,2019-01-31 14:50:18,btc,0.0,0.0,0.00000000,btc,0.0,0.0,0.0,107
1,[],5,[],2019-01-31 14:57:11,1e-08,0.00000001,0.000000000000342888,6549321,2019-01-31 14:57:11,btc,3.28912461,0.00873295,0.00000001,btc,1.512e-05,0.0,0.03648547,112
1,[],22,[],2019-01-31 14:57:15,1966.0,0.00000001,0.000000000000342888,6549322,2019-01-31 14:57:15,BTC,2.84243449,0.0,0.00000001,BTC,977103.5833333334,0.0,1.966e-05,112
0.0000000003083937,[],27,[],2019-01-31 14:57:17,500000.0,3.0839370000000002e-18,1.0574449900560001e-22,6549323,2019-01-31 14:57:17,eth,1.25356065,0.0,0.00000001,"btc,eth",1328.0,0.0,1.5419685e-12,112
1,[],4,[],2019-01-31 14:57:18,466777.23788501,0.00000375,0.000000000128583,6549324,2019-01-31 14:57:18,btc,0.5535825626131768,0.0,0.00000375,btc,96517.5888649,0.60710499,0.2429350321207006,113
1,[],5,[],2019-01-31 14:57:21,2.1e-05,0.00000366,0.000000000125497008,6549325,2019-01-31 14:57:21,btc,2.31738781,0.000148,0.00000366,btc,0.00357954,0.0,0.2019857,113
1,[],17,[],2019-01-31 14:57:22,233369.0,0.00000004,0.000000000001371552,6549326,2019-01-31 14:57:22,btc,1.3376358384441642,0.0,0.00000004,btc,72716.497,0.0,0.00543476,116
0,[],27,[],2019-01-31 14:57:25,0.0,0,0,6549327,2019-01-31 14:57:25,,0.0,0.0,0,btc,0.0,0.0,0.0,116
1,[],4,[],2019-01-31 14:57:26,162134.84495039,0.00001880,0.0000000006446294400000001,6549328,2019-01-31 14:57:26,btc,0.3068544339790845,0.0,0.00001880,btc,13364.40113664,0.21536586,0.7833718554733459,120
1,[],7,[],2019-01-31 14:57:28,2154.7280056600002,0.000034999999999999996933876256210993460626923479139804840087890625,0.0000000012001079999999999,6549329,2019-01-31 14:57:28,btc,90.07903863563575,273.05386781,0.000034999999999999996933876256210993460626923479139804840087890625,btc,22395.79385025,0.00801623,0.020282470859595298,120
1,[],20,[],2019-01-31 14:57:30,1162393.8668,0.000000013,0.0000000000004457544,6549330,2019-01-31 14:57:30,btc,33.7489442370083,0.0,0.000000013,btc,1074422.3317,0.0,0.0061551098646,125
1,[],22,[],2019-01-31 14:57:34,3053.0,0.00000001,0.000000000000342888,6549331,2019-01-31 14:57:34,BTC,0.01415863,0.0,0.00000001,BTC,293039.4,0.0,3.053e-05,126
1,[],4,[],2019-01-31 14:57:36,110096.99179445,0.00001496,0.000000000512960448,6549332,2019-01-31 14:57:36,btc,0.6300005638653948,0.0,0.00001496,btc,33027.61171941,0.19811365,0.8590902658777424,131
0,[],17,[],2019-01-31 14:57:37,0.0,0,0,6549333,2019-01-31 14:57:37,btc,0.0008451375975800001,0.0,0,btc,30.89614684,0.0,0.0,131
0,[],2,[],2019-01-20 23:25:46,0.0,0,0,6476969,2019-01-20 23:25:46,,0.0,0.0,0,,0.0,0.0,0.0,131
1,[],4,[],2019-01-31 14:50:43,4611.64343527,0.00016000,0.0000000054857440000000006,6549137,2019-01-31 14:50:43,btc,1.640531842385155,0.0,0.00016000,btc,302.35845559,0.00314558,0.0113649633526352,135
1,[],3,[],2019-01-31 14:57:38,1872062.85018509,0.00000006,0.0000000000020573279999999997,6549334,2019-01-31 14:57:38,btc,0.1237266558843118,31920.0,0.00000006,btc,247789.9875051,0.0,0.067608027337035,136
1,[],4,[],2019-01-31 14:50:44,99282.05128113,0.00000223,0.000000000076457557,6549139,2019-01-31 14:50:44,btc,0.6237771949611469,0.0,0.00000223,btc,213865.66409912,0.37553394,0.1418127867233548,137
1,[],12,[],2019-01-31 14:50:46,325455.05531876,0.00000217999999999999988017506009907453545793032390065491199493408203125,0.000000000074743262,6549140,2019-01-31 14:50:46,btc,11983.243421185653,0.0,0.00000217999999999999988017506009907453545793032390065491199493408203125,btc,127801.43809955,0.2220349998588396,0.0877080200000032,137
1,[],5,[],2019-01-31 14:57:40,0.00129141,0.00003678,0.0000000012611420640000001,6549335,2019-01-31 14:57:40,btc,3.35944397,1.74072028,0.00003678,btc,0.00320002,0.0,1.39994254,142
1,[],17,[],2019-01-31 14:57:41,12500.0,0.0000001,0.00000000000342888,6549336,2019-01-31 14:57:41,btc,20.26098602585085,0.0,0.0000001,btc,5932.0,0.0,0.00125,142
1,[],20,[],2019-01-31 14:57:43,150077.6687,0.00003553,0.000000001218281064,6549337,2019-01-31 14:57:43,btc,2.8911515929492,400.4111,0.00003553,btc,11596.8228,0.0155183009232,0.2590981057085,142
1,[],22,[],2019-01-31 14:57:47,990.0,0.00001880,0.0000000006446294400000001,6549338,2019-01-31 14:57:47,BTC,3.00453575,0.0,0.00001880,BTC,900.098,0.0,0.00022106,142
0.0,[],25,[],2019-01-31 14:57:48,0.0,0,0,6549339,2019-01-31 14:57:48,,0.0,0.0,0.0,btc,0.0,0.0,0.0,142
1,[],28,[],2019-01-31 14:57:50,78710.0,0.00002500,0.0000000008572200000000001,6549340,2019-01-31 14:57:50,btc,0.15329397587,1140.0,0.00002500,btc,3062.8305,0.0,0.0312247,142
0,[],22,[],2019-01-28 18:33:43,0.0,0,0,6521842,2019-01-28 18:33:43,,61.27958297,0.0,0,,815366265.8,0.0,0.0,143
1,[],21,[],2019-01-31 15:08:42,31972774.51513582,0.00000027,0.000000000009262107,6549530,2019-01-31 15:08:42,btc,52.43820203502693,10232187.98602892,0.00000027,btc,90310037.80184904,2.87454905,4.142038887084311,145
0,[],22,[],2019-01-31 15:08:45,0.0,0,0,6549531,2019-01-31 15:08:45,,4.48974784,0.0,0,,1468738.5,0.0,0.0,146
,[],22,[],2018-11-20 23:01:11,0.0,0,0,4862114,2018-11-20 23:01:11,,2.56807021,0.0,,,61828.4988236,0.0,0.0,147
1,[],12,[],2019-01-31 14:51:04,8691716.54620439,0.00000299000000000000017174629773908378638225258328020572662353515625,0.00000000010251484100000001,6549149,2019-01-31 14:51:04,btc,17.122374998650436,0.0,0.00000299000000000000017174629773908378638225258328020572662353515625,btc,111817.83189148,0.0036791380532766,0.122362129900003,148
1,[],4,[],2019-01-31 15:08:46,209200.19053155,0.00000027,0.000000000009262107,6549532,2019-01-31 15:08:46,btc,0.6887778344180687,0.0,0.00000027,btc,503776.9729341,0.00112927,0.0421574566747385,152
0,[],22,[],2019-01-31 15:08:54,0.0,0,0,6549533,2019-01-31 15:08:54,,0.0,0.0,0,,0.0,0.0,0.0,152
1,[],5,[],2019-01-31 15:08:55,0.0,0,0,6549534,2019-01-31 15:08:55,btc,4.41084415,0.0,0,btc,0.00161275,0.0,0.0,153
,[],16,[],2019-01-11 15:38:59,0.0,0,0,6366141,2019-01-11 15:38:59,btc,0.0,0.0,,btc,0.0,0.0,0.0,155
0,[],22,[],2019-01-31 15:09:00,0.0,0,0,6549535,2019-01-31 15:09:00,,6.73310957,0.0,0,,4562882.742592593,0.0,0.0,156
0,[],23,[],2019-01-20 23:24:29,0.0,0,0,6476932,2019-01-20 23:24:29,,0.0,0.0,0,,0.0,0.0,0.0,156
1,[],22,[],2019-01-31 15:09:04,7906.0,0.00000801,0.000000000274775841,6549536,2019-01-31 15:09:04,BTC,43.78801181,0.0,0.00000801,BTC,1067.5805334758436,0.0,0.00743836,157
0,[],22,[],2019-01-31 15:09:07,0.0,0,0,6549537,2019-01-31 15:09:07,,50175.6753658,0.0,0,,54007107.04179466,0.0,0.0,158
,[],17,[],2018-11-20 22:56:10,0.0,0,0,4861976,2018-11-20 22:56:10,btc,1.1265625,0.0,,btc,1000.0,0.0,0.0,159
,[],20,[],2018-11-20 22:56:12,0.0,0,0,4861977,2018-11-20 22:56:12,btc,11912.7940471,0.0,,btc,34413894.3617,0.0,0.0,159
1,[],12,[],2019-01-31 15:09:09,194467.18424411,0.00001020000000000000059722192469191526242866530083119869232177734375,0.00000000034990182,6549538,2019-01-31 15:09:09,btc,6.683877267133879,0.0,0.00001020000000000000059722192469191526242866530083119869232177734375,btc,14516.3799096,0.0056076825102497,0.0969042966010448,168
1,[],17,[],2019-01-31 15:09:10,29784.95,0.000001,0.000000000034304099999999996,6549539,2019-01-31 15:09:10,btc,0.0353989844335,0.0,0.000001,btc,196.82520268,0.0,0.00716147,168
0,[],22,[],2019-01-31 15:09:13,0.0,0,0,6549540,2019-01-31 15:09:13,,1.13380276,0.0,0,,689102.5537281231,0.0,0.0,169
1,[],22,[],2019-01-31 15:09:17,44741.670967741935,0.00000031,0.000000000010634271,6549541,2019-01-31 15:09:17,BTC,2.4671518,0.0,0.00000031,BTC,60334.58679007069,0.0019822,0.01142472,171
1,[],22,[],2019-01-31 15:09:20,170801.0,0.00000022,0.000000000007546902,6549542,2019-01-31 15:09:20,BTC,2.628077,0.0,0.00000022,BTC,246112.8245857688,0.01053606,0.01026043,173
1,[],5,[],2019-01-31 15:09:22,4.129e-05,0.00000410,0.00000000014064681,6549543,2019-01-31 15:09:22,btc,0.41500173,0.09568084,0.00000410,btc,0.00033829,0.0,0.70303565,175
1,[],22,[],2019-01-31 15:09:25,43553.0,0.00000075,0.000000000025728074999999998,6549544,2019-01-31 15:09:25,BTC,0.6478828,0.0,0.00000075,BTC,161666.14177009382,1.33e-06,0.01705243,176
1,[],7,[],2019-01-31 15:09:27,0.0,0,0,6549545,2019-01-31 15:09:27,btc,10965.660273001395,0.0,0,btc,123200465.68292762,0.0,0.0,178
0,[],22,[],2019-01-31 15:09:30,0.0,0,0,6549546,2019-01-31 15:09:30,,1.00242428,0.0,0,,57512.0,0.0,0.0,178
0,[],2,[],2019-01-20 23:28:34,0.0,0,0,6477001,2019-01-20 23:28:34,,0.0,0.0,0,,0.0,0.0,0.0,178
1,[],5,[],2019-01-31 15:09:31,6e-08,0.00000003,0.000000000001029123,6549547,2019-01-31 15:09:31,btc,16.61628582,0.47301792,0.00000003,btc,2.285e-05,0.0,1.26065233,179
1,[],22,[],2019-01-31 15:09:35,8317447.0,0.00000003,0.000000000001029123,6549548,2019-01-31 15:09:35,BTC,5.47667498,0.0,0.00000003,"BTC,LTC",17042183.401989967,0.0059972,0.40404309,179
0,[],23,[],2019-01-20 23:25:08,0.0,0,0,6476952,2019-01-20 23:25:08,,0.0,0.0,0,,0.0,0.0,0.0,179
1,[],17,[],2019-01-31 15:09:37,10504.725,0.0000001,0.0000000000034304099999999997,6549549,2019-01-31 15:09:37,btc,5.20687748987717,0.0,0.0000001,btc,7465.6174587,0.0,0.0010504725,180
1,[],22,[],2019-01-31 15:09:47,5785.4,0.00000001,0.000000000000343041,6549550,2019-01-31 15:09:47,BTC,0.09633436,0.0,0.00000001,"BTC,LTC",16823.80336569223,0.0,7.724e-05,180
1,[],26,[],2019-01-31 15:09:47,0.0,0.00000010,0.00000000000343041,6549551,2019-01-31 15:09:47,btc,0.0,7285.1686,0.00000010,btc,0.0,0.0,0.0,180
,[],7,[],2018-11-20 22:58:01,562227.975654,0.00000085,0.000000000036176765,4862015,2018-11-20 22:58:01,btc,21836.6059674,2491.87645172,,btc,749999.041456,0.00211021,0.127565380455,183
,[],5,[],2019-01-10 08:11:41,0.0,0,0,6347036,2019-01-10 08:11:41,btc,82.15055501,0.00261,,btc,1.19002445,0.0,0.0,187
1,[],24,[],2019-01-31 15:09:47,0.0,0.000000000001,3.43041e-17,6549552,2019-01-31 15:09:47,btc,0.0,0.0,0.000000000001,btc,0.0,0.0,0.0,187
,[],17,[],2018-11-16 20:58:10,4062536.27273,0.00000001,0.000000000000550501,4708775,2018-11-16 20:58:10,btc,3.36492563466,0.195460381006,,"btc,eth",110697919.549,0.0,0.0157628953496,187
0,[],22,[],2019-01-31 15:09:49,0.0,0,0,6549553,2019-01-31 15:09:49,,1.19382741,0.0,0,,13380.036201072173,0.0,0.0,191
0,[],22,[],2019-01-29 02:57:02,0.0,0,0,6524994,2019-01-29 02:57:02,,0.0,0.0,0,,0.0,0.0,0.0,197
0,[],23,[],2019-01-20 23:31:41,0.0,0,0,6477079,2019-01-20 23:31:41,,0.0,0.0,0,,0.0,0.0,0.0,199
1,[],26,[],2019-01-31 15:09:50,0.0,0.00000000,0,6549554,2019-01-31 15:09:50,btc,0.0,770632.0,0.00000000,btc,0.0,0.0,0.0,199
0,[],17,[],2019-01-30 16:32:01,0.0,0,0,6540827,2019-01-30 16:32:01,btc,6.802544163788159,0.0,0,btc,105897.55575295,0.0,0.0,200
0,[],2,[],2019-01-20 23:30:49,0.0,0,0,6477059,2019-01-20 23:30:49,,0.0,0.0,0,,0.0,0.0,0.0,201
1,[],4,[],2019-01-25 15:51:35,2084389.58565343,0.00000936,0.000000000333526752,6499557,2019-01-25 15:51:35,btc,2.0092503037378524,0.0,0.00000936,btc,160195.80207885,0.19272417,1.242687955921835,211
1,[],7,[],2019-01-31 15:09:53,14639226.223769318,0.000001210000000000000061712245556788669631487209699116647243499755859375,0.000000000041507961,6549555,2019-01-31 15:09:53,btc,16567792.757023618,236530.723306,0.000001210000000000000061712245556788669631487209699116647243499755859375,btc,11438310.57148169,0.0,6.108429976127817,212
1,[],5,[],2019-01-31 15:09:55,5.23e-06,0.00000035,0.000000000012006435,6549556,2019-01-31 15:09:55,btc,0.95716129,0.14928978,0.00000035,btc,3.228e-05,0.0,0.38088087,213
1,[],24,[],2019-01-31 15:09:55,0.0,0.000000050000,0.000000000001715205,6549557,2019-01-31 15:09:55,btc,0.0,0.0,0.000000050000,btc,0.0,0.0,0.0,213
1,[],26,[],2019-01-31 15:09:56,0.0,0.00000003,0.000000000001029123,6549558,2019-01-31 15:09:56,btc,0.0,0.0,0.00000003,btc,0.0,0.0,0.0,213
1,[],12,[],2019-01-25 02:44:32,207462.42853209,0.000001080000000000000035831255497387193287295303889550268650054931640625,0.000000000038610756000000006,6493050,2019-01-25 02:44:32,btc,85023.03793723314,0.0,0.000001080000000000000035831255497387193287295303889550268650054931640625,btc,43675.73520027,0.000146250909087,0.0348620860622024,213
1,[],22,[],2019-01-31 15:09:59,276400.0,0.00000002,0.000000000000686082,6549559,2019-01-31 15:09:59,BTC,70.22563965,0.0,0.00000002,BTC,269624.63907173084,0.0,0.004714,216
1,[],27,[],2019-01-31 15:10:02,5075645.0,0.0000001,0.00000000000343041,6549560,2019-01-31 15:10:02,btc,323.33822920316,14400.0,0.0000001,"btc,ltc",264819.13311,0.007056,0.0518235,216
1,[],22,[],2019-01-31 15:10:06,353430.7064599573,0.00000309,0.00000000010599966899999999,6549561,2019-01-31 15:10:06,BTC,12678.14683513,0.0,0.00000309,BTC,388167.04112649016,0.03538607,0.59908828,217
1,[],7,[],2019-01-31 15:10:08,0.0,0,0,6549562,2019-01-31 15:10:08,btc,302.5343166391106,0.0,0,btc,130240320.6214003,0.0,0.0,219
0,[],27,[],2019-01-31 15:10:10,0.0,0,0,6549563,2019-01-31 15:10:10,,0.0741038339680918,0.0,0,btc,1542429.2070951,0.0,0.0,219
0.0000000000000056,[],28,[],2019-01-31 15:10:19,204978472.379,5.6e-18,1.9210296e-22,6549564,2019-01-31 15:10:19,doge,88554.0338717675,14797.0,0.00100000,"btc,doge",5169437.84751,0.0,2.8139633749003786e-11,219
1,[],22,[],2019-01-31 15:10:22,202578.0,0.00000055,0.000000000018867255,6549565,2019-01-31 15:10:22,BTC,2.39211741,0.0,0.00000055,BTC,33805.55212317522,0.000572,0.02031773,221
1,[],24,[],2019-01-31 15:10:22,0.0,0.000000500003,0.0000000000171521529123,6549566,2019-01-31 15:10:22,btc,0.0,10157.80497,0.000000500003,btc,0.0,0.00528053,0.0,221
1,[],26,[],2019-01-31 15:10:23,0.0,0.00000002,0.000000000000686082,6549567,2019-01-31 15:10:23,btc,0.0,11566.0,0.00000002,btc,0.0,0.0,0.0,231
1,[],26,[],2019-01-31 15:10:23,0.0,0.00000004,0.000000000001372164,6549568,2019-01-31 15:10:23,btc,0.0,0.0,0.00000004,btc,0.0,0.0,0.0,234
0,[],27,[],2019-01-31 15:10:26,0.0,0,0,6549569,2019-01-31 15:10:26,,0.0113483662182,0.0,0,"btc,eth",11462.99618,0.0,0.0,234
0.00000000009106059999999999,[],22,[],2019-01-31 15:10:30,6260000.0,1.821212e-18,6.24750385692e-23,6549570,2019-01-31 15:10:30,LTC,3.0626131,0.0,0.00000002,LTC,91636158.49444444,1.2687121904083999e-11,0.0872,235
1,[],4,[],2019-01-31 15:10:30,730784.99945743,0.00000076,0.000000000026071115999999998,6549571,2019-01-31 15:10:30,btc,0.1549679581036804,0.0,0.00000076,btc,134253.90051422,0.04547546,0.1638495453783155,236
1,[],24,[],2019-01-31 15:10:31,0.0,0.000000010000,0.000000000000343041,6549572,2019-01-31 15:10:31,btc,0.0,0.0,0.000000010000,btc,0.0,0.0,0.0,236
1,[],20,[],2019-01-31 15:10:33,11137637.5314,0.000000063,0.0000000000021611583,6549573,2019-01-31 15:10:33,btc,14.3643539529627,18282535.7919,0.000000063,btc,25313818.0369,1.2319064973766,0.5107738212993,237
1,[],22,[],2019-01-31 15:10:36,10000.0,0.00000001,0.000000000000343041,6549574,2019-01-31 15:10:36,BTC,0.04144357,0.0,0.00000001,BTC,10254.2,0.0,0.0001,237
1,[],4,[],2019-01-31 15:10:37,3871330.99634238,0.00000033,0.000000000011320353,6549575,2019-01-31 15:10:37,btc,0.403628935417659,0.0,0.00000033,btc,1116000.16001794,0.14299342,1.1723299071201172,238
1,[],5,[],2019-01-31 15:10:38,4.29e-06,0.00000033,0.000000000011320353,6549576,2019-01-31 15:10:38,btc,0.77397273,0.06703385,0.00000033,btc,2.957e-05,0.0,0.37730416,238
1,[],22,[],2019-01-31 15:10:43,246607.25,0.00000004,0.000000000001372164,6549577,2019-01-31 15:10:43,BTC,15.4110742,0.0,0.00000004,BTC,257151.95286378826,0.00033687,0.00786441,249
0.00000000009106059999999999,[],22,[],2019-01-31 15:10:47,7182656.0,2.7318179999999997e-18,9.37125578538e-23,6549578,2019-01-31 15:10:47,LTC,0.6912168,0.0,0.00000003,LTC,15447447.015,1.6383623152e-14,0.17941884,252
1,[],28,[],2019-01-31 15:10:52,2266692.343,0.00000007,0.000000000002401287,6549579,2019-01-31 15:10:52,btc,164692.82880082083,35330.96,0.00000007,btc,1209345.0395,0.0,0.07471535629,256
0,[],27,[],2019-01-31 15:01:46,0.0,0,0,6549388,2019-01-31 15:01:46,,4.96668,0.0,0,"btc,eth",90.59,0.0,0.0,257
1,[],22,[],2019-01-31 15:01:50,209809.42857142858,0.00000007,0.000000000002400216,6549389,2019-01-31 15:01:50,BTC,35605.56345536,0.0,0.00000007,BTC,498818.29945876444,0.00073829,0.00371856,258
1,[],22,[],2019-01-26 20:58:41,368451.0,0.00000001,0.000000000000356135,6510120,2019-01-26 20:58:41,BTC,2.642917,0.0,0.00000001,"BTC,LTC",1862.0,0.0,0.02488451,259
1,[],22,[],2019-01-31 15:11:03,2402.2534677419353,0.00000800,0.0000000002744328,6549580,2019-01-31 15:11:03,BTC,4.68851153,0.0,0.00000800,BTC,6267.552217656,0.00888071,0.01684795,262
1,[],5,[],2019-01-31 15:01:58,0.00010862,0.00000506,0.000000000173501328,6549391,2019-01-31 15:01:58,btc,2.45691292,1.43307625,0.00000506,btc,0.00163393,0.0,0.28485293,264
1,[],20,[],2019-01-31 15:02:00,1192709.15,0.00000319,0.00000000010938127200000001,6549392,2019-01-31 15:02:00,btc,5.1521144252162,37351.6716,0.00000319,btc,108433.3818,0.1661343287586,0.0723688033618,264
1,[],22,[],2019-01-31 15:02:04,143651.0,0.00000002,0.000000000000685776,6549393,2019-01-31 15:02:04,BTC,8.34443242,0.0,0.00000002,BTC,250710.09387426634,0.00011,0.00237539,271
0,[],22,[],2019-01-31 15:02:07,0.0,0,0,6549394,2019-01-31 15:02:07,,360.74578824,0.0,0,,13892460724.9,0.0,0.0,272
0.0000000000000056,[],28,[],2019-01-31 15:02:09,240410822934.316,7.224000000000001e-21,2.4770229120000005e-25,6549395,2019-01-31 15:02:09,doge,75279212.64056882,52933206197.6347,0.00000129,doge,105854454285.1005,0.0,8.829094701334791e-10,272
