pairValue,buyBook,exchangeId,sellBook,updated,buyTotal,satoshiPrice,usdPrice,exchangeLogId,created,bestPair,sellTotalBtc,volume,pairPrice,activePairs,sellTotal,volumeBtc,buyTotalBtc,coinId
1,[],3,[],2019-02-18 08:27:03,30565.092658413912,0.012970320000000000459916549289118847809731960296630859375,0.000000484550402688,6705029,2019-02-18 08:27:03,btc,107.05633283660734,0.006176402402,0.012970320000000000459916549289118847809731960296630859375,btc,20.737041060051002,0.0,0.3664735004358875,1
1,[],4,[],2019-02-18 08:27:04,87.90111659,0.01303070,0.00000048680610288,6705030,2019-02-18 08:27:04,btc,0.7735269082306718,0.0,0.01303070,btc,54.28676029,0.70916198,1.0620290391491467,1
1,[],5,[],2019-02-18 08:27:06,0.3072252,0.01300001,0.0000004856595735840001,6705031,2019-02-18 08:27:06,btc,16.55812634,0.33294166,0.01300001,btc,35556.38836221,0.0,1.9667819,1
1,[],10,[],2019-02-18 08:27:09,415348.06608204,0.00930863,0.00000034775552299200004,6705032,2019-02-18 08:27:09,btc,6527.217423394488,1864.01473744,0.00930863,btc,1219.90606424,0.0,3.9122077685274093,1
1,[],12,[],2019-02-18 08:27:12,10447.98805805,0.013010000000000000730526750203353003598749637603759765625,0.000000486032784,6705033,2019-02-18 08:27:12,btc,0.2556588376739,0.0,0.013010000000000000730526750203353003598749637603759765625,btc,12.61834287,1.2869030267482,0.4942193304375,1
1,[],20,[],2019-02-18 08:27:14,1152.9273,0.010500212,0.00000039227111998080003,6705034,2019-02-18 08:27:14,btc,0.0588401269655,0.0,0.010500212,btc,2.6354,0.0,0.1086609348315,1
1,[],21,[],2019-02-18 08:27:15,2246.70713832,0.01300874999999999948041562448,0.000000485986086,6705035,2019-02-18 08:27:15,btc,23.459947033022868,4230.74693272,0.01300874999999999948041562447542673908174037933349609375,"btc,eth",2099.21594748,51.279274128666614,24.45659709457957,1
1,[],22,[],2019-02-18 08:27:34,0.0163776,0.01300000,0.0000004856592,6705036,2019-02-18 08:27:34,BTC,0.31407927,0.0,0.01300000,BTC,0.10751954901960785,0.0,0.00020972,1
1,[],24,[],2019-02-18 08:27:35,0.0,0.000000000000,0,6705037,2019-02-18 08:27:35,btc,0.0,0.0,0.000000000000,btc,0.0,0.0,0.0,1
0.0,[],25,[],2019-02-18 08:27:36,0.0,0,0,6705038,2019-02-18 08:27:36,btc,29.436299996859134,1058.30419634,0.0,btc,2207.01194206,13.807,0.0,1
1,[],26,[],2019-02-18 08:27:45,0.0,0,0,6705039,2019-02-18 08:27:45,,0.0,0.0,0,,0.0,0.0,0.0,1
1,[],28,[],2019-02-18 08:27:47,992.968,0.01231000,0.00000045988190400000004,6705040,2019-02-18 08:27:47,btc,0.162839806,18148.3,0.01231000,btc,8.9,0.0,0.086870176,1
0,[],2,[],2019-01-20 23:28:45,0.0,0,0,6477011,2019-01-20 23:28:45,,0.0,0.0,0,,0.0,0.0,0.0,1
1,[],5,[],2019-02-18 08:27:48,1.536e-05,0.00000066,0.000000000024656544,6705041,2019-02-18 08:27:48,btc,0.12696541,0.00291354,0.00000066,btc,6.166e-05,0.0,0.25195547,2
0,[],22,[],2019-02-18 08:27:53,0.0,0,0,6705042,2019-02-18 08:27:53,,0.0,0.0,0,,0.0,0.0,0.0,2
1,[],5,[],2019-02-18 08:27:55,1.29e-06,0.00000017,0.000000000006350928,6705043,2019-02-18 08:27:55,btc,3.54481632,0.02647619,0.00000017,btc,2.345e-05,0.0,3.38920842,3
1,[],12,[],2019-02-18 08:27:56,12779289.26405522,0.000000169,0.0000000000063135696,6705044,2019-02-18 08:27:56,btc,923761.865547487,0.0,0.000000169,btc,9112568.61512906,0.2455326936670253,0.5496442096237975,3
0,[],28,[],2019-02-18 08:27:58,0.0,0,0,6705045,2019-02-18 08:27:58,,0.0,0.0,0,,0.0,0.0,0.0,3
0,[],2,[],2019-01-20 23:31:32,0.0,0,0,6477077,2019-01-20 23:31:32,,0.0,0.0,0,,0.0,0.0,0.0,4
1,[],4,[],2019-02-18 08:27:59,400837.32322918,0.00000032,0.000000000011954688000000001,6705046,2019-02-18 08:27:59,btc,0.3843001729051422,0.0,0.00000032,btc,337830.34099658,0.0,0.0548027982399035,4
1,[],12,[],2019-02-18 08:28:00,1364161.18866667,0.00000003,0.000000000001120752,6705047,2019-02-18 08:28:00,btc,11113878.263403386,0.0,0.00000003,btc,1200442.19484872,0.00187444,0.0220505104400001,5
0,[],2,[],2019-01-20 23:31:51,0.0,0,0,6477087,2019-01-20 23:31:51,,0.0,0.0,0,,0.0,0.0,0.0,6
1,[],11,[],2019-02-18 08:28:02,1381209.5,0.00000002,0.0000000000007471680000000001,6705048,2019-02-18 08:28:02,btc,9433.292073620638,10000.0,0.00000002,btc,40118064.15478057,0.0,0.019133885,6
1,[],3,[],2019-02-18 08:28:02,1098.978072720048,0.0001505300000000000105841724273858517335611395537853240966796875,0.000000005623559952000001,6705049,2019-02-18 08:28:02,btc,27.605796873748474,0.0,0.0001505300000000000105841724273858517335611395537853240966796875,btc,249.144760639695,0.0,0.03520097445836332,7
1,[],4,[],2019-02-18 08:28:03,13442.33264828,0.00023929,0.000000008939491536,6705050,2019-02-18 08:28:03,btc,3.1691475481834845,0.0,0.00023929,btc,12237.55530596,4.98917659,2.6923458944029193,7
1,[],5,[],2019-02-18 08:28:05,0.00792537,0.00023503,0.000000008780344752,6705051,2019-02-18 08:28:05,btc,1.88488865,0.62893068,0.00023503,btc,0.01500176,0.0,1.75427465,7
1,[],20,[],2019-02-18 07:29:12,39399800.8418,0.000000001,0.0000000000000374464,6704650,2019-02-18 07:29:12,btc,116.9737581404545,0.0,0.000000001,btc,56932990.8895,0.0,0.0393998008418,8
0,[],2,[],2019-01-20 23:22:42,0.0,0,0,6476876,2019-01-20 23:22:42,,0.0,0.0,0,,0.0,0.0,0.0,9
0,[],23,[],2019-01-20 23:22:48,0.0,0,0,6476878,2019-01-20 23:22:48,,0.0,0.0,0,,0.0,0.0,0.0,9
1,[],4,[],2019-02-18 08:28:06,408458.44042517,0.00000180,0.00000000006724512,6705052,2019-02-18 08:28:06,btc,0.8934275118584716,0.0,0.00000180,btc,476472.08933967,2.06527051,0.7129988553697162,9
1,[],28,[],2019-02-18 08:28:09,43336.934,0.00000167,0.00000000006238852800000001,6705053,2019-02-18 08:28:09,btc,2708.76126858,3614038.0,0.00000167,btc,11769.36,0.0,0.04320967978,9
1,[],1,[],2019-02-17 23:31:42,1822507.21,0.00000181000000000000003456111265232042484285557293333113193511962890625,0.000000000066086901,6701244,2019-02-17 23:31:42,btc,3.6990969245,17153386.5,0.00000181000000000000003456111265232042484285557293333113193511962890625,btc,1997391.71,31.11772986,3.2610482446,9
1,[],4,[],2019-02-17 11:22:43,4341674.27126056,0.00000002,0.0000000000007272960000000001,6696112,2019-02-17 11:22:43,btc,0.1997230937751353,0.0,0.00000002,btc,4109766.79808031,0.00215132,0.0479381022052112,10
0,[],2,[],2019-01-20 23:23:08,0.0,0,0,6476890,2019-01-20 23:23:08,,0.0,0.0,0,,0.0,0.0,0.0,12
1,[],4,[],2019-02-18 08:28:11,1280598.87295701,0.00000161,0.00000000006014702400000001,6705054,2019-02-18 08:28:11,btc,1.584293898436913,0.0,0.00000161,btc,925916.61541425,4.95840131,1.995476296239104,12
1,[],5,[],2019-02-18 08:28:12,2.934e-05,0.00000158,0.00000000005902627200000001,6705055,2019-02-18 08:28:12,btc,0.48197247,0.53874605,0.00000158,btc,0.00012648,0.0,0.43866574,12
0.0,[],25,[],2019-02-18 08:28:13,0.0,0,0,6705056,2019-02-18 08:28:13,,0.0,0.0,0.0,btc,0.0,0.0,0.0,12
1,[],10,[],2019-02-18 07:29:25,452130.50221348,0.00000611,0.000000000228797504,6704657,2019-02-18 07:29:25,btc,666805.4496169178,6843.25492258,0.00000611,btc,724863.64260914,0.0,0.4084733345060967,13
1,[],4,[],2019-02-18 08:28:14,1398617.93236453,0.00000615,0.00000000022975416,6705057,2019-02-18 08:28:14,btc,0.7541448031329151,0.0,0.00000615,btc,109999.25479787,0.31283813,1.8791227160096573,13
1,[],21,[],2019-02-18 08:28:18,835365.52703562,0.000006219999999999999739709079238,0.000000000232369248,6705058,2019-02-18 08:28:18,btc,12.06917633125883,496623.37739518,0.000006219999999999999739709079238370037501226761378347873687744140625,btc,1691465.58003334,3.0934698,4.813870271007286,13
1,[],4,[],2019-02-18 08:28:19,979933.82163812,0.00000135,0.00000000005043384,6705059,2019-02-18 08:28:19,btc,0.0991401872597754,0.0,0.00000135,btc,55906.24652758,0.02605517,0.403590686880915,14
1,[],12,[],2019-02-18 08:28:21,86061.2231405,0.000001269999999999999910766366496839285815667608403600752353668212890625,0.000000000047445168,6705060,2019-02-18 08:28:21,btc,3.7514571315014975,0.0,0.000001269999999999999910766366496839285815667608403600752353668212890625,btc,31721.22909905,5.67432568e-06,0.009995180000005,14
1,[],26,[],2019-02-18 08:28:32,0.0,0.00000050,0.0000000000186792,6705061,2019-02-18 08:28:32,btc,0.0,0.0,0.00000050,btc,0.0,0.0,0.0,14
0,[],17,[],2019-02-18 07:42:28,0.0,0,0,6704861,2019-02-18 07:42:28,btc,0.0,0.0,0,btc,0.0,0.0,0.0,14
0,[],4,[],2019-02-18 08:28:33,0.0,0,0,6705062,2019-02-18 08:28:33,,0.0,0.0,0,,0.0,0.0,0.0,15
,[],12,[],2018-12-01 15:15:48,204241.84496,0.00000489,0.000000000202473384,5260204,2018-12-01 15:15:48,btc,49.5475654835,0.0,,btc,35763.2193806,0.0163153972027625,0.0203389899998,15
0,[],17,[],2019-02-18 07:29:46,0.0,0,0,6704666,2019-02-18 07:29:46,btc,0.0,0.0,0,btc,0.0,0.0,0.0,18
0,[],2,[],2019-01-20 23:23:38,0.0,0,0,6476906,2019-01-20 23:23:38,,0.0,0.0,0,,0.0,0.0,0.0,18
1,[],4,[],2019-02-18 08:28:34,28313.09636494,0.00001851,0.0000000006915039840000001,6705063,2019-02-18 08:28:34,btc,1.213837811364285,0.0,0.00001851,btc,6996.02855899,0.01841287,0.1247950778794841,18
1,[],10,[],2019-02-18 08:28:36,787208.36569625,0.0000195,0.0000000007284888000000001,6705064,2019-02-18 08:28:36,btc,15.538832748932972,4739.20544604,0.0000195,btc,10637.14697819,0.0,0.2747448082012903,18
1,[],12,[],2019-02-18 08:28:37,204190.9268755,0.0000177300000000000013470301263307504768818034790456295013427734375,0.0000000006623644320000001,6705065,2019-02-18 08:28:37,btc,21.911157668565405,0.0,0.0000177300000000000013470301263307504768818034790456295013427734375,btc,1814.85997733,0.0024054857630498,0.0322355013172608,18
0,[],2,[],2019-01-20 23:24:19,0.0,0,0,6476924,2019-01-20 23:24:19,,0.0,0.0,0,,0.0,0.0,0.0,19
1,[],3,[],2019-02-18 08:28:49,123795.9511501996,0.000023240000000000001108280134332062516477890312671661376953125,0.0000000008682092160000001,6705066,2019-02-18 08:28:49,btc,0.5151629217797592,29.8912871105,0.000023240000000000001108280134332062516477890312671661376953125,btc,7110.107464235501,0.0,0.14866220410598283,19
1,[],4,[],2019-02-18 08:28:50,328993.03961304,0.00002379,0.0000000008887563360000001,6705067,2019-02-18 08:28:50,btc,0.1295992302560316,0.0,0.00002379,btc,4770.12539329,0.41840732,3.5767183726895344,19
1,[],5,[],2019-02-18 08:28:52,0.00017231,0.00002102,0.000000000785273568,6705068,2019-02-18 08:28:52,btc,0.25488401,0.00243753,0.00002102,btc,0.0029916,0.0,0.06705201,19
1,[],12,[],2019-02-18 08:28:53,134811.83503326,0.0000225499999999999992442677176907039893194450996816158294677734375,0.00000000084243192,6705069,2019-02-18 08:28:53,btc,0.0295248030524163,0.0,0.0000225499999999999992442677176907039893194450996816158294677734375,btc,292.66393647,0.0,0.032677200000013,19
0,[],27,[],2019-02-18 08:28:58,0.0,0,0,6705070,2019-02-18 08:28:58,,0.0,0.0,0,btc,0.0,0.0,0.0,19
1,[],4,[],2019-02-18 08:28:59,8073815.96800667,0.00000014,0.000000000005230176,6705071,2019-02-18 08:28:59,btc,0.7572130042171294,0.0,0.00000014,btc,1593790.99844627,0.00205832,0.2590475804358234,20
1,[],4,[],2019-02-18 08:28:59,110831872.1666164,0.00000002,0.0000000000007471680000000001,6705072,2019-02-18 08:28:59,btc,0.4052000963908996,0.0,0.00000002,btc,11921192.93946572,0.01313368,1.2544778872129683,21
1,[],12,[],2019-02-18 08:29:01,18391683.0,0.00000002,0.0000000000007471680000000001,6705073,2019-02-18 08:29:01,btc,669.7087783817494,0.0,0.00000002,btc,8580697.27073194,0.00046974997003,0.24005394,21
0,[],17,[],2019-02-18 07:43:12,0.0,0,0,6704875,2019-02-18 07:43:12,btc,0.0,0.0,0,btc,0.0,0.0,0.0,21
1,[],12,[],2019-02-18 08:29:13,2553183034.043896,0.0000000002,0.00000000000000747168,6705074,2019-02-18 08:29:13,btc,880864730545.5945,0.0,0.0000000002,btc,4281358696.0843673,0.005016243406193807,0.2575730157555898,23
0,[],27,[],2019-02-18 08:29:15,0.0,0,0,6705075,2019-02-18 08:29:15,,1.3429826565934113,0.0,0,eth,1964879.85514486,0.0,0.0,23
1,[],4,[],2019-02-18 08:29:17,304611.03225666,0.00000063,0.000000000023535792,6705076,2019-02-18 08:29:17,btc,0.1650738383029866,0.0,0.00000063,btc,172746.92356306,0.03085121,0.1528862850274893,24
1,[],22,[],2019-02-18 08:29:36,11.76,0.00000100,0.0000000000373584,6705077,2019-02-18 08:29:36,BTC,7.415e-05,0.0,0.00000100,BTC,23.919354838709676,0.0,1.176e-05,24
0.0,[],25,[],2019-02-18 08:29:37,0.0,0,0,6705078,2019-02-18 08:29:37,,0.0,0.0,0.0,btc,0.0,0.0,0.0,24
0,[],2,[],2019-01-20 23:25:56,0.0,0,0,6476976,2019-01-20 23:25:56,,0.0,0.0,0,,0.0,0.0,0.0,26
1,[],4,[],2019-02-18 08:29:38,26867556.98875908,0.00000605,0.00000000022601832000000002,6705079,2019-02-18 08:29:38,btc,0.5823962760398481,0.0,0.00000605,btc,52518.23895325,0.14935606,0.4832156848168684,26
1,[],10,[],2019-02-18 08:29:40,682874.19163166,0.0000054,0.00000000020173536,6705080,2019-02-18 08:29:40,btc,25.927272136924913,275.07855722,0.0000054,btc,14351.41452713,0.0,0.2128385226438311,26
1,[],3,[],2019-02-18 08:29:41,5834257.70213569,0.00000001,0.00000000000037358400000000005,6705081,2019-02-18 08:29:41,btc,2.6940148765093017,175106.257,0.00000001,btc,16894679.30434958,0.0,0.058342577021356895,27
1,[],5,[],2019-02-18 08:29:42,1e-08,0.00000001,0.00000000000037358400000000005,6705082,2019-02-18 08:29:42,btc,1.67088176,0.0024325,0.00000001,btc,4.335e-05,0.0,0.10640322,27
1,[],11,[],2019-02-18 08:29:44,9803584.35433359,0.00000005,0.00000000000186792,6705083,2019-02-18 08:29:44,btc,67506.53097482225,8080.0,0.00000005,btc,8171781.9463934,0.0,0.458287845339645,27
1,[],4,[],2019-02-18 08:29:46,610751367.8740184,0.00000002,0.0000000000007471680000000001,6705084,2019-02-18 08:29:46,btc,0.22373299199060492,0.0,0.00000002,"btc,ltc",16652351.95299547,0.18434942,8.239791948690053,29
1,[],7,[],2019-02-18 08:29:48,28331222.78473078,0.00000002,0.0000000000007471680000000001,6705085,2019-02-18 08:29:48,btc,44465227.259257816,45649.8501875,0.00000002,btc,56272664.01797909,0.00132082,0.41177753124638994,29
1,[],4,[],2019-02-18 08:29:48,1457019.08703626,0.00000029,0.000000000010833936,6705086,2019-02-18 08:29:48,btc,0.2692790490729691,0.0,0.00000029,btc,528409.98261314,0.11452531,0.1094144982869056,30
0,[],17,[],2019-02-18 08:29:51,0.0,0,0,6705087,2019-02-18 08:29:51,btc,0.0,0.0,0,btc,0.0,0.0,0.0,30
1,[],4,[],2019-02-18 08:29:52,1143594.78384141,0.00006200,0.0000000023162208,6705088,2019-02-18 08:29:52,btc,0.6264220689152625,0.0,0.00006200,btc,9057.6718597,1.73451612,1.8910366176783888,31
1,[],21,[],2019-02-18 08:29:52,62565.57244772,0.00006105000000000000671355332438,0.0000000022807303200000004,6705089,2019-02-18 08:29:52,btc,2.1997800899740505,143480.38960581,0.000061050000000000006713553324377841136083588935434818267822265625,btc,33232.92331185,8.9018361,3.573973169632768,31
0,[],2,[],2019-01-20 23:28:43,0.0,0,0,6477009,2019-01-20 23:28:43,,0.0,0.0,0,,0.0,0.0,0.0,32
1,[],4,[],2019-02-18 08:29:53,135887374.39924765,0.00000004,0.0000000000014943360000000002,6705090,2019-02-18 08:29:53,btc,2.558579616191688,0.0,0.00000004,"btc,ltc",53493930.36584459,2.79788159,2.2775455708256334,33
1,[],12,[],2019-02-18 08:29:54,14681667.225,0.00000005,0.00000000000186792,6705091,2019-02-18 08:29:54,btc,34508971.12815061,0.0,0.00000005,btc,88935664.41858116,0.0023375478821197,0.47736257125,33
1,[],4,[],2019-02-18 08:29:54,134168126.82863936,0.00000001,0.00000000000037358400000000005,6705092,2019-02-18 08:29:54,btc,1.010056271096579,0.0,0.00000001,btc,42413257.31378488,0.03541397,1.3416812682863937,34
1,[],5,[],2019-02-18 08:29:57,1e-08,0.00000001,0.00000000000037358400000000005,6705093,2019-02-18 08:29:57,btc,5.09095893,0.00557545,0.00000001,btc,1.343e-05,0.0,0.85129011,34
0.0000000001185705,[],4,[],2019-02-18 08:29:58,910458576.2315063,2.37141e-18,8.8592083344e-23,6705094,2019-02-18 08:29:58,ltc,9.833501751900887e-09,0.0,0.00000002,ltc,1994323488.3317482,0.0,1.6123089836060666e-09,36
1,[],5,[],2019-02-18 08:29:59,0.0,0,0,6705095,2019-02-18 08:29:59,btc,197.51755732,0.0,0,btc,1.325e-05,0.0,0.0,36
0,[],17,[],2019-02-18 08:30:01,0.0,0,0,6705096,2019-02-18 08:30:01,btc,0.14155809404650171,0.0,0,btc,10794800.77743647,0.0,0.0,36
0,[],27,[],2019-02-18 08:30:05,0.0,0,0,6705097,2019-02-18 08:30:05,,113.82128944818679,7.0,0,"ltc,eth",3757762.7424504,2.5764291e-17,0.0,36
1,[],4,[],2019-02-18 08:30:05,308583.68417383,0.00000070,0.000000000026150880000000002,6705098,2019-02-18 08:30:05,btc,0.2372189559024791,0.0,0.00000070,btc,184173.75644612,0.18393307,0.1429665380284639,37
1,[],12,[],2019-02-18 08:30:07,456692.6677983,0.00000072,0.000000000026898048,6705099,2019-02-18 08:30:07,btc,1364.1185502107187,0.0,0.00000072,btc,796783.21873709,0.0660488478328364,0.0897794613577617,37
1,[],17,[],2019-02-18 08:30:09,1752.74075282,0.00000025,0.0000000000093396,6705100,2019-02-18 08:30:09,btc,0.05548492400039779,0.0,0.00000025,btc,1387.19918473,0.0,0.00043818518820499993,37
1,[],27,[],2019-02-18 08:30:12,16202.0,0.00000046,0.000000000017184864000000002,6705101,2019-02-18 08:30:12,btc,26.25770832162233,0.0,0.00000046,btc,6830.24738508,0.0,0.00549722,37
1,[],5,[],2019-02-18 08:30:13,1e-05,0.00000095,0.000000000035490480000000004,6705102,2019-02-18 08:30:13,btc,0.08560244,0.08932367,0.00000095,btc,9.285e-05,0.0,0.03419366,42
1,[],12,[],2019-02-18 08:30:15,135056.28223277,0.0000009,0.00000000003362256,6705103,2019-02-18 08:30:15,btc,93.60783762143487,0.0,0.0000009,btc,90098.20504743,0.000259909090911,0.0421281699999988,42
0,[],27,[],2019-02-18 08:30:19,0.0,0,0,6705104,2019-02-18 08:30:19,,0.00315028,0.0,0,"btc,eth",11.007,0.0,0.0,42
1,[],5,[],2019-02-18 08:30:20,3e-08,0.00000002,0.0000000000007471680000000001,6705105,2019-02-18 08:30:20,btc,5.88691955,0.0086795,0.00000002,btc,1.375e-05,0.0,0.61013204,43
1,[],12,[],2019-02-18 08:30:22,4098413.0,0.00000002,0.0000000000007471680000000001,6705106,2019-02-18 08:30:22,btc,20007457.494386546,0.0,0.00000002,btc,38970367.21718281,0.000840482827173,0.0409855,43
0,[],17,[],2019-02-18 08:30:23,0.0,0,0,6705107,2019-02-18 08:30:23,btc,0.0,0.0,0,btc,0.0,0.0,0.0,43
1,[],12,[],2019-02-18 08:30:24,697931.0,0.00000005,0.00000000000186792,6705108,2019-02-18 08:30:24,btc,11115167.401633533,0.0,0.00000005,btc,1013050.31470526,0.0011968994005995,0.0179013,44
1,[],4,[],2019-02-18 08:30:25,325072175.49007607,0.00000002,0.0000000000007471680000000001,6705109,2019-02-18 08:30:25,btc,0.19032078490111573,0.0,0.00000002,"btc,ltc",4619421.45245401,0.00015554,0.4287297559783665,49
0,[],4,[],2019-02-18 08:30:26,0.0,0,0,6705110,2019-02-18 08:30:26,,4.6451735079180185,0.0,0,,3554124807.1701035,0.0,0.0,52
0,[],22,[],2019-02-18 08:30:59,0.0,0,0,6705111,2019-02-18 08:30:59,,4368.07440295,0.0,0,,262751443.67882353,0.0,0.0,57
0,[],27,[],2019-02-18 08:31:02,0.0,0,0,6705112,2019-02-18 08:31:02,,0.0,0.0,0,"btc,eth",0.0,0.0,0.0,57
0.0000000001185705,[],4,[],2019-02-18 08:31:02,976335026.1325742,4.74282e-18,1.77184166688e-22,6705113,2019-02-18 08:31:02,ltc,3.272209003618901,0.0,0.00000004,ltc,1058220421.0216062,0.0,2.7457828248831778e-09,58
1,[],12,[],2019-02-18 08:31:03,1763861929.843957,0.0000000005,0.0000000000000186792,6705114,2019-02-18 08:31:03,btc,224005480191.29407,0.0,0.0000000005,btc,3703598346.9505253,0.02032651578963442,0.5970203912011391,58
0,[],17,[],2019-02-18 08:31:15,0.0,0,0,6705115,2019-02-18 08:31:15,btc,1e+24,0.0,0,btc,41401875.8285055,0.0,0.0,58
0.00000000013003040000000001,[],22,[],2019-02-18 08:31:34,137438.0,1.300304e-18,4.85772769536e-23,6705116,2019-02-18 08:31:34,XMR,69.8835922,0.0,0.00000001,XMR,9887963.0,0.0,0.00137438,58
1,[],5,[],2019-02-18 08:31:35,4.34e-06,0.00000048,0.000000000017932032,6705117,2019-02-18 08:31:35,btc,0.11662523,0.01258081,0.00000048,btc,5.291e-05,0.0,0.07647711,61
1,[],22,[],2019-02-18 08:31:58,5149.5,0.00000011,0.000000000004109424,6705118,2019-02-18 08:31:58,BTC,1002.29597012,0.0,0.00000011,BTC,14947.700278135757,0.0,0.00051596,61
1,[],26,[],2019-02-18 08:31:58,0.0,0.00000800,0.0000000002988672,6705119,2019-02-18 08:31:58,btc,0.0,0.0,0.00000800,btc,0.0,0.0,0.0,61
1,[],27,[],2019-02-18 08:32:01,28774.23,0.00000033,0.000000000012328272,6705120,2019-02-18 08:32:01,btc,2.9683433586282,0.0,0.00000033,"btc,eth",18762.955832,0.0,0.0007713997087052675,61
1,[],28,[],2019-02-18 08:32:03,13882.304,0.0000005,0.0000000000186792,6705121,2019-02-18 08:32:03,btc,2.062488404235105,808.0,0.0000005,btc,15611.87550005,0.0,0.00566491304,61
1,[],4,[],2019-02-18 07:32:09,429652.69799161,0.00000332,0.000000000124322048,6704720,2019-02-18 07:32:09,btc,1.1545797387965149,0.0,0.00000332,btc,257834.55441536,0.70462581,0.9499232397105051,67
0.0,[],25,[],2019-02-18 07:32:10,0.0,0,0,6704721,2019-02-18 07:32:10,,0.0,0.0,0.0,btc,0.0,0.0,0.0,67
1,[],12,[],2019-02-18 08:32:04,3418258.4253492,0.00000014,0.000000000005230176000000001,6705122,2019-02-18 08:32:04,btc,11115995.90405737,0.0,0.00000014,btc,1892416.59926134,0.0033988055838294,0.1277346264411106,71
,[],5,[],2018-11-20 23:02:39,1.5e-07,0.00000005,0.000000000002128045,4862160,2018-11-20 23:02:39,btc,2.84511358,0.0,,btc,0.00036572,0.0,0.07381892,74
1,[],5,[],2019-02-18 08:32:06,2.914e-05,0.00000156,0.000000000058279104,6705123,2019-02-18 08:32:06,btc,1.5424315,0.0,0.00000156,btc,0.00016981,0.0,0.29134564,75
0,[],20,[],2019-01-25 09:30:31,0.0,0,0,6495923,2019-01-25 09:30:31,btc,0.0,0.0,0,btc,0.0,0.0,0.0,81
1,[],4,[],2019-02-18 08:32:07,29738604.75692337,0.00000001,0.00000000000037358400000000005,6705124,2019-02-18 08:32:07,btc,0.8487978482018892,0.0,0.00000001,btc,15391342.79181637,0.0,0.2973860475692337,81
1,[],4,[],2019-02-18 08:32:09,28677.71531825,0.00008188,0.000000003058905792,6705125,2019-02-18 08:32:09,btc,1.3192138209251687,0.0,0.00008188,btc,11104.25818601,0.0241581,0.1976980740500213,82
1,[],21,[],2019-02-18 08:32:10,164167.05951347,0.00007776999999999999570784309233,0.000000002905362768,6705126,2019-02-18 08:32:10,btc,2.6244416216959734,4298.61424607,0.000077769999999999995707843092329625278580351732671260833740234375,btc,25519.42642976,0.3499366,3.00141498139727,82
0,[],17,[],2019-02-18 05:40:11,0.0,0,0,6704121,2019-02-18 05:40:11,btc,0.0447233088476774,0.0,0,btc,999127.19588126,0.0,0.0,84
0.0000000001185705,[],4,[],2019-02-18 08:32:22,166156459.60134614,8.299935e-18,3.1007229170400002e-22,6705127,2019-02-18 08:32:22,ltc,0.1954152643935149,0.0,0.00000007,ltc,96821277.8676936,0.00027536,7.844454136846129e-10,85
,[],22,[],2018-11-20 23:09:34,3408.1,0.0000001,0.0000000000041895,4862324,2018-11-20 23:09:34,BTC,0.04624735,0.0,,BTC,4990.0,0.0,0.00033081,86
0,[],22,[],2019-02-18 08:32:56,0.0,0,0,6705128,2019-02-18 08:32:56,,2.0760781,0.0,0,,140622.94736842104,0.0,0.0,87
0,[],27,[],2019-02-18 08:33:00,0.0,0,0,6705129,2019-02-18 08:33:00,,0.0,0.0,0,btc,0.0,0.0,0.0,87
,[],2,[],2018-11-20 23:10:47,0.0,0,0,4862359,2018-11-20 23:10:47,,0.0,0.0,,,0.0,0.0,0.0,88
1,[],11,[],2019-02-18 08:33:02,96198.87375396,0.00014326000000000000734502736410291845459141768515110015869140625,0.000000005351964384000001,6705130,2019-02-18 08:33:02,btc,609.7775500912858,328.4,0.00014326000000000000734502736410291845459141768515110015869140625,btc,93373.49928474,0.0,6.4596123455688765,89
0,[],2,[],2019-01-20 23:31:45,0.0,0,0,6477083,2019-01-20 23:31:45,,0.0,0.0,0,,0.0,0.0,0.0,91
1,[],12,[],2019-02-18 08:33:04,438007.1718269,0.00000206000000000000018206681821897330308956952649168670177459716796875,0.00000000007695830400000001,6705131,2019-02-18 08:33:04,btc,4.173283830033077,0.0,0.00000206000000000000018206681821897330308956952649168670177459716796875,btc,49056.30743096,0.0030706954487911,0.0601997056729735,91
0,[],17,[],2019-02-18 08:33:06,0.0,0,0,6705132,2019-02-18 08:33:06,btc,0.0,0.0,0,btc,0.0,0.0,0.0,91
0.0000000001185705,[],22,[],2019-02-18 08:33:48,3511520.0,4.74282e-18,1.77184166688e-22,6705133,2019-02-18 08:33:48,LTC,9.13211897,0.0,0.00000004,LTC,72065348.1,4.7261252735999995e-12,0.1052108,95
0.0000000001185705,[],4,[],2019-02-18 08:33:49,135761792.34819254,9.248498999999999e-17,3.455091250416e-21,6705134,2019-02-18 08:33:49,ltc,0.9657951712271774,0.0,0.00000078,ltc,47731001.79557148,0.00127007,1.1376207146174462e-09,96
1,[],12,[],2019-02-18 08:33:50,294199.0,0.00000001,0.00000000000037358400000000005,6705135,2019-02-18 08:33:50,btc,255074.72067417332,0.0,0.00000001,btc,8790773.71859115,4.90767032966e-05,0.0029419900000000002,96
0,[],17,[],2019-02-18 08:33:52,0.0,0,0,6705136,2019-02-18 08:33:52,btc,0.0,0.0,0,btc,0.0,0.0,0.0,96
1,[],4,[],2019-02-18 08:33:53,1466357.37744066,0.00000032,0.000000000011954688000000001,6705137,2019-02-18 08:33:53,btc,0.2998188023256105,0.0,0.00000032,btc,563069.84682361,0.28295888,0.1578467878939512,99
0,[],2,[],2019-01-20 23:23:55,0.0,0,0,6476914,2019-01-20 23:23:55,,0.0,0.0,0,,0.0,0.0,0.0,100
1,[],4,[],2019-02-18 08:33:54,195470.300732,0.00003970,0.00000000148312848,6705138,2019-02-18 08:33:54,btc,0.8958598608360261,0.0,0.00003970,btc,20473.66471141,0.68903101,1.1908736209998452,100
1,[],22,[],2019-02-18 08:34:02,50000.0,0.00000001,0.00000000000037358400000000005,6705139,2019-02-18 08:34:02,BTC,23.49896609,0.0,0.00000001,BTC,10277.22,0.0,0.0005,101
1,[],4,[],2019-02-18 08:34:03,416170.1425724,0.00000094,0.000000000035116896,6705140,2019-02-18 08:34:03,btc,0.4032493307514912,0.0,0.00000094,btc,159994.22282224,0.03006777,0.2095636193449118,103
1,[],12,[],2019-02-18 08:34:06,40884212.4663887,0.000000016,0.0000000000005977344,6705141,2019-02-18 08:34:06,btc,137279208.99420407,0.0,0.000000016,btc,122237563.44237219,0.05612456940582767,0.1270954454622192,105
1,[],27,[],2019-02-18 08:34:08,3997411.89,0.00000001,0.00000000000037358400000000005,6705142,2019-02-18 08:34:08,btc,0.2583299431492299,0.0,0.00000001,btc,303168.20460553,0.0,0.0399741189,105
1,[],22,[],2019-02-18 08:34:17,9328.0,0.00000001,0.00000000000037358400000000005,6705143,2019-02-18 08:34:17,BTC,51.10825004,0.0,0.00000001,BTC,468935.0,0.0,9.328e-05,107
1,[],26,[],2019-02-18 08:34:17,0.0,0.00000000,0,6705144,2019-02-18 08:34:17,btc,0.0,0.0,0.00000000,btc,0.0,0.0,0.0,107
1,[],5,[],2019-02-18 08:34:19,1e-08,0.00000001,0.00000000000037358400000000005,6705145,2019-02-18 08:34:19,btc,2.92409144,1.128e-05,0.00000001,btc,1.523e-05,0.0,0.08576752,112
1,[],22,[],2019-02-18 08:34:37,1966.0,0.00000001,0.00000000000037358400000000005,6705146,2019-02-18 08:34:37,BTC,2.81183288,0.0,0.00000001,BTC,808524.0833333334,0.0,1.966e-05,112
0,[],27,[],2019-02-18 08:34:41,0.0,0,0,6705147,2019-02-18 08:34:41,,1.35132491849924,0.0,0,"btc,eth",1328.641654,0.0,0.0,112
1,[],4,[],2019-02-18 08:34:42,462500.04983141,0.00000335,0.00000000012515064,6705148,2019-02-18 08:34:42,btc,0.2963696633759569,0.0,0.00000335,btc,71913.04505024,0.2424494,0.2220996010879728,113
1,[],5,[],2019-02-18 08:34:43,1.451e-05,0.00000312,0.000000000116558208,6705149,2019-02-18 08:34:43,btc,1.11050023,7.32e-05,0.00000312,btc,0.00248921,0.0,0.23350727,113
1,[],17,[],2019-02-18 07:35:48,152738.278,0.00000004,0.000000000001497856,6704748,2019-02-18 07:35:48,btc,1.33680302678,0.0,0.00000004,btc,50696.221,0.0,0.0022095311199999998,116
0,[],27,[],2019-02-18 08:34:57,0.0,0,0,6705150,2019-02-18 08:34:57,,0.0,0.0,0,btc,0.0,0.0,0.0,116
1,[],7,[],2019-02-18 08:35:00,18252.80757963,0.00003004000000000000037705082112093890600590384565293788909912109375,0.000000001122246336,6705152,2019-02-18 08:35:00,btc,115647.13841594788,7.60769026,0.00003004000000000000037705082112093890600590384565293788909912109375,btc,27876.74678351,0.00025206,0.077096660095558,120
1,[],4,[],2019-02-18 08:34:59,33483.74823766,0.00003032,0.0000000011327066880000002,6705151,2019-02-18 08:34:59,btc,0.9395731997105755,0.0,0.00003032,btc,26899.33891392,2.00606862,0.8063865169108873,120
1,[],20,[],2019-02-18 08:35:05,1076585.3897,0.000000017,0.0000000000006350928000000001,6705153,2019-02-18 08:35:05,btc,31.909198496025,4188.2,0.000000017,btc,1141978.7853,6.70112e-05,0.0051311490174,125
1,[],22,[],2019-02-18 08:35:45,3053.0,0.00000001,0.00000000000037358400000000005,6705154,2019-02-18 08:35:45,BTC,0.01444887,0.0,0.00000001,BTC,296263.5111111111,0.0,3.053e-05,126
1,[],4,[],2019-02-18 08:35:45,120519.34125205,0.00001728,0.0000000006455531520000001,6705155,2019-02-18 08:35:45,btc,1.1002888722415969,0.0,0.00001728,btc,53405.17912098,0.36981268,0.946916468107566,131
0,[],17,[],2019-02-18 07:58:54,0.0,0,0,6704953,2019-02-18 07:58:54,btc,0.0009561751951600001,0.0,0,btc,35.42829368,0.0,0.0,131
0,[],2,[],2019-01-20 23:25:46,0.0,0,0,6476969,2019-01-20 23:25:46,,0.0,0.0,0,,0.0,0.0,0.0,131
1,[],4,[],2019-02-18 08:35:57,4559.36765792,0.00016043,0.000000005993408112000001,6705156,2019-02-18 08:35:57,btc,1.642035329786246,0.0,0.00016043,btc,307.87409808,0.00010658,0.0093059261310196,135
1,[],3,[],2019-02-18 08:35:58,1793630.03905174,0.00000005,0.00000000000186792,6705157,2019-02-18 08:35:58,btc,0.1275363531211645,12690.0,0.00000005,btc,524595.71602917,0.0,0.0660789217803675,136
1,[],4,[],2019-02-18 08:36:00,62244.14656765,0.00000184,0.00000000006873945600000001,6705158,2019-02-18 08:36:00,btc,0.1246933968501467,0.0,0.00000184,btc,57623.16188542,0.11907843,0.0762291629635505,137
1,[],12,[],2019-02-18 08:36:01,301270.9853772,0.000001769999999999999994019540816569957542014890350401401519775390625,0.000000000066124368,6705159,2019-02-18 08:36:01,btc,11981.702030121902,0.0,0.000001769999999999999994019540816569957542014890350401401519775390625,btc,157935.15676263,0.0011826870095241,0.0351591598319988,137
1,[],4,[],2019-02-18 08:36:02,114158.77735036,0.00004878,0.000000001822342752,6705160,2019-02-18 08:36:02,btc,0.7226640793801502,0.0,0.00004878,btc,11235.29771879,0.595967,0.4164977292310548,142
1,[],5,[],2019-02-18 08:36:03,0.00163045,0.00005077,0.000000001896685968,6705161,2019-02-18 08:36:03,btc,0.93991839,0.2834586,0.00005077,btc,0.0032619,0.0,1.32582444,142
1,[],17,[],2019-02-18 08:36:05,22967.386363640002,0.00000088,0.000000000032875392,6705162,2019-02-18 08:36:05,btc,20.069913352995908,0.0,0.00000088,btc,2746.079105,0.0,0.0104613000000032,142
1,[],20,[],2019-02-18 08:36:06,133867.9447,0.000034962,0.0000000013061243808,6705163,2019-02-18 08:36:06,btc,0.3508303524462,0.0,0.000034962,btc,3170.3501,0.0,0.2515306851173,142
1,[],22,[],2019-02-18 08:36:23,1613.354305200341,0.00003220,0.00000000120294048,6705164,2019-02-18 08:36:23,BTC,3.0070065,0.0,0.00003220,BTC,896.9784641392417,0.0,0.0018856,142
0.0,[],25,[],2019-02-18 08:36:24,0.0,0,0,6705165,2019-02-18 08:36:24,,0.0,0.0,0.0,btc,0.0,0.0,0.0,142
1,[],28,[],2019-02-18 08:36:26,77743.0,0.00004500,0.0000000016811280000000002,6705166,2019-02-18 08:36:26,btc,0.057100837,1995.0,0.00004500,btc,356.4989,0.0,0.0519372,142
0,[],22,[],2019-02-18 08:36:42,0.0,0,0,6705167,2019-02-18 08:36:42,,67.48874799,0.0,0,,840795081.3,0.0,0.0,143
1,[],21,[],2019-02-18 08:36:44,33999464.12548738,0.00000026,0.000000000009713184,6705168,2019-02-18 08:36:44,btc,63.655655795456006,11859430.25546316,0.00000026,btc,100233007.8171502,3.19019765,4.981378098096701,145
0,[],22,[],2019-02-18 08:37:08,0.0,0,0,6705169,2019-02-18 08:37:08,,4.24946284,0.0,0,,1812156.0,0.0,0.0,146
,[],22,[],2018-11-20 23:01:11,0.0,0,0,4862114,2018-11-20 23:01:11,,2.56807021,0.0,,,61828.4988236,0.0,0.0,147
1,[],12,[],2019-02-18 08:37:10,8679429.06965243,0.00000279999999999999987329471311248152431971902842633426189422607421875,0.00000000010460352,6705170,2019-02-18 08:37:10,btc,16.5841143716419,0.0,0.00000279999999999999987329471311248152431971902842633426189422607421875,btc,122582.2162754,0.0007619783321568,0.1082531200000103,148
1,[],4,[],2019-02-18 08:37:11,252439.56402332,0.00000030,0.00000000001120752,6705171,2019-02-18 08:37:11,btc,0.7786500854895733,0.0,0.00000030,btc,592738.21898097,0.0,0.0600404256786116,152
0,[],22,[],2019-02-18 08:37:34,0.0,0,0,6705172,2019-02-18 08:37:34,,0.0,0.0,0,,0.0,0.0,0.0,152
1,[],5,[],2019-02-18 08:37:36,0.0,0,0,6705173,2019-02-18 08:37:36,btc,10.61570492,0.0,0,btc,0.00092785,0.0,0.0,153
,[],16,[],2019-01-11 15:38:59,0.0,0,0,6366141,2019-01-11 15:38:59,btc,0.0,0.0,,btc,0.0,0.0,0.0,155
0,[],22,[],2019-02-18 08:37:48,0.0,0,0,6705174,2019-02-18 08:37:48,,6.74608761,0.0,0,,4644402.242592593,0.0,0.0,156
0,[],23,[],2019-01-20 23:24:29,0.0,0,0,6476932,2019-01-20 23:24:29,,0.0,0.0,0,,0.0,0.0,0.0,156
1,[],22,[],2019-02-18 08:37:58,7073.8,0.00005300,0.0000000019799952000000003,6705175,2019-02-18 08:37:58,BTC,43.78801181,0.0,0.00005300,BTC,1067.5805334758436,0.0,0.00104336,157
0,[],22,[],2019-02-18 08:39:25,0.0,0,0,6705176,2019-02-18 08:39:25,,50175.68008609,0.0,0,,54479136.04179466,0.0,0.0,158
,[],17,[],2018-11-20 22:56:10,0.0,0,0,4861976,2018-11-20 22:56:10,btc,1.1265625,0.0,,btc,1000.0,0.0,0.0,159
,[],20,[],2018-11-20 22:56:12,0.0,0,0,4861977,2018-11-20 22:56:12,btc,11912.7940471,0.0,,btc,34413894.3617,0.0,0.0,159
1,[],12,[],2019-02-18 08:39:26,188017.71071389,0.00000711999999999999959310326147488012793473899364471435546875,0.000000000265991808,6705177,2019-02-18 08:39:26,btc,6.657120871980757,0.0,0.00000711999999999999959310326147488012793473899364471435546875,btc,14449.00629987,0.0003919697,0.0983083254652814,168
1,[],17,[],2019-02-18 08:39:28,29784.95,0.000001,0.0000000000373584,6705178,2019-02-18 08:39:28,btc,0.03026736251542,0.0,0.000001,btc,144.46171372,0.0,0.00716147,168
1,[],22,[],2019-02-18 08:39:39,17704.5,0.00000002,0.0000000000007471680000000001,6705179,2019-02-18 08:39:39,BTC,1.14476679,0.0,0.00000002,BTC,605042.5234250928,0.00263423,0.00035309,169
1,[],22,[],2019-02-18 08:39:46,176276.0,0.00000019,0.000000000007098096,6705180,2019-02-18 08:39:46,BTC,13.29056586,0.0,0.00000019,BTC,160878.0788360769,0.00070444,0.02446036,171
1,[],22,[],2019-02-18 08:39:54,158688.41176470587,0.00000017,0.000000000006350928,6705181,2019-02-18 08:39:54,BTC,2.66654961,0.0,0.00000017,BTC,271868.79665050836,0.0,0.00911019,173
1,[],5,[],2019-02-18 08:39:56,2.522e-05,0.00000201,0.000000000075090384,6705182,2019-02-18 08:39:56,btc,0.26401045,7.66e-06,0.00000201,btc,0.00023803,0.0,0.23477778,175
1,[],22,[],2019-02-18 08:40:04,51114.0,0.0000002,0.00000000000747168,6705183,2019-02-18 08:40:04,BTC,0.52247321,0.0,0.0000002,BTC,134986.47031396697,0.000355,0.0052914,176
1,[],7,[],2019-02-18 08:40:07,0.0,0,0,6705184,2019-02-18 08:40:07,btc,410918.63489866455,1108.89110889,0,btc,115828955.16222881,1.109e-05,0.0,178
0,[],22,[],2019-02-18 08:40:16,0.0,0,0,6705185,2019-02-18 08:40:16,,1.00242428,0.0,0,,57512.0,0.0,0.0,178
0,[],2,[],2019-01-20 23:28:34,0.0,0,0,6477001,2019-01-20 23:28:34,,0.0,0.0,0,,0.0,0.0,0.0,178
1,[],5,[],2019-02-18 08:40:18,3e-08,0.00000002,0.0000000000007471680000000001,6705186,2019-02-18 08:40:18,btc,18.51423753,0.00224726,0.00000002,btc,1.664e-05,0.0,0.74843723,179
1,[],22,[],2019-02-18 08:40:46,7779285.0,0.00000002,0.0000000000007471680000000001,6705187,2019-02-18 08:40:46,BTC,5.50797558,0.0,0.00000002,"BTC,LTC",17857364.676989965,0.0,0.38284554,179
0,[],23,[],2019-01-20 23:25:08,0.0,0,0,6476952,2019-01-20 23:25:08,,0.0,0.0,0,,0.0,0.0,0.0,179
1,[],22,[],2019-02-18 08:42:07,129174.85333333333,0.00000150,0.000000000056037600000000005,6705188,2019-02-18 08:42:07,BTC,0.13774116,0.0,0.00000150,"BTC,LTC",27870.388894466552,0.0001228,0.00215962,180
1,[],26,[],2019-02-18 08:42:07,0.0,0.00000100,0.0000000000373584,6705189,2019-02-18 08:42:07,btc,0.0,0.0,0.00000100,btc,0.0,0.0,0.0,180
1,[],17,[],2019-02-18 08:03:08,10504.725,0.0000001,0.00000000000374209,6704985,2019-02-18 08:03:08,btc,5.201913593536834,0.0,0.0000001,btc,5466.1328087,0.0,0.0010504725,180
,[],7,[],2018-11-20 22:58:01,562227.975654,0.00000085,0.000000000036176765,4862015,2018-11-20 22:58:01,btc,21836.6059674,2491.87645172,,btc,749999.041456,0.00211021,0.127565380455,183
,[],5,[],2019-01-10 08:11:41,0.0,0,0,6347036,2019-01-10 08:11:41,btc,82.15055501,0.00261,,btc,1.19002445,0.0,0.0,187
1,[],24,[],2019-02-18 08:42:07,0.0,0.000000000001,3.73584e-17,6705190,2019-02-18 08:42:07,btc,0.0,0.0,0.000000000001,btc,0.0,0.0,0.0,187
,[],17,[],2018-11-16 20:58:10,4062536.27273,0.00000001,0.000000000000550501,4708775,2018-11-16 20:58:10,btc,3.36492563466,0.195460381006,,"btc,eth",110697919.549,0.0,0.0157628953496,187
0,[],22,[],2019-02-18 08:42:12,0.0,0,0,6705191,2019-02-18 08:42:12,,1.19374426,0.0,0,,16338.869534405507,0.0,0.0,191
0,[],22,[],2019-02-18 08:42:21,0.0,0,0,6705192,2019-02-18 08:42:21,,0.0,0.0,0,,0.0,0.0,0.0,197
0,[],23,[],2019-01-20 23:31:41,0.0,0,0,6477079,2019-01-20 23:31:41,,0.0,0.0,0,,0.0,0.0,0.0,199
0,[],22,[],2019-02-18 08:42:26,0.0,0,0,6705193,2019-02-18 08:42:26,,5.17192327,0.0,0,,21801494.0,0.0,0.0,199
1,[],26,[],2019-02-18 08:42:26,0.0,0.00000000,0,6705194,2019-02-18 08:42:26,btc,0.0,419038.0,0.00000000,btc,0.0,0.0,0.0,199
0,[],17,[],2019-01-30 16:32:01,0.0,0,0,6540827,2019-01-30 16:32:01,btc,6.802544163788159,0.0,0,btc,105897.55575295,0.0,0.0,200
0,[],2,[],2019-01-20 23:30:49,0.0,0,0,6477059,2019-01-20 23:30:49,,0.0,0.0,0,,0.0,0.0,0.0,201
1,[],4,[],2019-01-25 15:51:35,2084389.58565343,0.00000936,0.000000000333526752,6499557,2019-01-25 15:51:35,btc,2.0092503037378524,0.0,0.00000936,btc,160195.80207885,0.19272417,1.242687955921835,211
1,[],7,[],2019-02-18 08:42:29,5149381.00060282,0.000001489999999999999921986774779891771203210737439803779125213623046875,0.000000000055664016,6705195,2019-02-18 08:42:29,btc,15475863.742816016,845805.042581,0.000001489999999999999921986774779891771203210737439803779125213623046875,btc,12397859.75030787,0.0,3.6516082645130687,212
1,[],5,[],2019-02-18 08:42:30,2.95e-06,0.00000029,0.000000000010833936,6705196,2019-02-18 08:42:30,btc,0.99109872,0.12562297,0.00000029,btc,2.899e-05,0.0,0.24868676,213
1,[],24,[],2019-02-18 08:42:30,0.0,0.000000050000,0.00000000000186792,6705197,2019-02-18 08:42:30,btc,0.0,0.0,0.000000050000,btc,0.0,0.0,0.0,213
1,[],26,[],2019-02-18 08:42:30,0.0,0.00000009,0.0000000000033622560000000004,6705198,2019-02-18 08:42:30,btc,0.0,0.0,0.00000009,btc,0.0,0.0,0.0,213
1,[],12,[],2019-01-25 02:44:32,207462.42853209,0.000001080000000000000035831255497387193287295303889550268650054931640625,0.000000000038610756000000006,6493050,2019-01-25 02:44:32,btc,85023.03793723314,0.0,0.000001080000000000000035831255497387193287295303889550268650054931640625,btc,43675.73520027,0.000146250909087,0.0348620860622024,213
0,[],22,[],2019-02-18 08:42:38,0.0,0,0,6705199,2019-02-18 08:42:38,,2.19551377,0.0,0,,211112.59081706151,0.0,0.0,216
1,[],27,[],2019-02-18 08:42:41,5204157.5615,0.00000006,0.000000000002241504,6705200,2019-02-18 08:42:41,btc,362.0759367606,0.0,0.00000006,"btc,ltc",273491.775,0.0,0.05478726246,216
1,[],22,[],2019-02-18 08:42:56,190918.08494294639,0.00000189,0.000000000070607376,6705201,2019-02-18 08:42:56,BTC,12677.12645112,0.0,0.00000189,BTC,458224.4106563183,0.01506847,0.21141987,217
1,[],7,[],2019-02-18 08:42:57,0.0,0,0,6705202,2019-02-18 08:42:57,btc,77969.6156418105,0.0,0,btc,137055636.5050253,0.0,0.0,219
0,[],27,[],2019-02-18 08:43:01,0.0,0,0,6705203,2019-02-18 08:43:01,,5.341833788316972,0.0,0,btc,1599140.99226595,0.0,0.0,219
0.0000000000000054,[],28,[],2019-02-18 08:43:08,168566769.653,2.4301080000000002e-18,9.078494670720002e-23,6705204,2019-02-18 08:43:08,doge,84062.9976427895,14615.0,0.00045002,"btc,doge",4762557.44411,0.0,1.1924395374754351e-11,219
1,[],22,[],2019-02-18 08:43:29,244807.6,0.00000014,0.000000000005230176,6705205,2019-02-18 08:43:29,BTC,3.03110627,0.0,0.00000014,BTC,124292.57041875875,0.0,0.02637076,221
1,[],24,[],2019-02-18 08:43:29,0.0,0.000000170000,0.000000000006350928,6705206,2019-02-18 08:43:29,btc,0.0,28042.67826,0.000000170000,btc,0.0,0.00453642,0.0,221
1,[],20,[],2019-02-18 08:43:32,50869322.3415,0.000000002,0.0000000000000747168,6705207,2019-02-18 08:43:32,btc,47.9783305350875,255256.0808,0.000000002,btc,10158214.059,0.0007707393782,0.0517226281053,224
0,[],22,[],2019-02-18 08:43:47,0.0,0,0,6705208,2019-02-18 08:43:47,,0.0,0.0,0,,0.0,0.0,0.0,224
1,[],26,[],2019-02-18 08:43:47,0.0,0.00000033,0.000000000012328272,6705209,2019-02-18 08:43:47,btc,0.0,0.0,0.00000033,btc,0.0,0.0,0.0,231
1,[],26,[],2019-02-18 08:43:48,0.0,0.00000006,0.000000000002241504,6705210,2019-02-18 08:43:48,btc,0.0,0.0,0.00000006,btc,0.0,0.0,0.0,234
0,[],27,[],2019-02-18 08:43:51,0.0,0,0,6705211,2019-02-18 08:43:51,,0.0113483662182,0.0,0,"btc,eth",11462.99618,0.0,0.0,234
0,[],22,[],2019-02-18 08:44:03,0.0,0,0,6705212,2019-02-18 08:44:03,,3.02211091,0.0,0,,107455782.06349206,0.0,0.0,235
1,[],4,[],2019-02-18 08:44:05,1113013.01674374,0.00000089,0.000000000033248976000000005,6705213,2019-02-18 08:44:05,btc,0.4956997242928541,0.0,0.00000089,btc,349652.97016819,0.06743463,0.4103965560985237,236
1,[],24,[],2019-02-18 08:44:05,0.0,0.000000020010,0.0000000000007475415840000001,6705214,2019-02-18 08:44:05,btc,0.0,0.0,0.000000020010,btc,0.0,0.0,0.0,236
1,[],20,[],2019-02-18 08:44:08,74174486.2508,0.000000077,0.0000000000028765968000000003,6705215,2019-02-18 08:44:08,btc,16.0995187956763,24376203.6999,0.000000077,btc,35716128.4651,1.9588868684079,0.9017809903525,237
1,[],22,[],2019-02-18 08:44:29,116403.0,0.00000004,0.0000000000014943360000000002,6705216,2019-02-18 08:44:29,BTC,0.0405823,0.0,0.00000004,"BTC,LTC",3164.0,0.0,0.00482009,237
1,[],4,[],2019-02-18 08:44:29,5442841.0875205,0.00000033,0.000000000012328272,6705217,2019-02-18 08:44:29,btc,0.4581821318498264,0.0,0.00000033,btc,1268239.42729605,0.08053535,1.674899376220758,238
1,[],5,[],2019-02-18 08:44:31,4.77e-06,0.00000034,0.000000000012701856,6705218,2019-02-18 08:44:31,btc,0.78858569,0.00140728,0.00000034,btc,3.059e-05,0.0,0.28321621,238
0,[],22,[],2019-02-18 08:44:37,0.0,0,0,6705219,2019-02-18 08:44:37,,1978.15996288,0.0,0,,370860.0639027493,0.0,0.0,249
0.0000000001185705,[],22,[],2019-02-18 08:44:47,7021097.666666667,3.557115e-18,1.32888125016e-22,6705220,2019-02-18 08:44:47,LTC,0.56670218,0.0,0.00000003,LTC,15147487.09,1.6605798525e-14,0.20963595,252
1,[],28,[],2019-02-18 08:44:53,4391956.698,0.0000001,0.00000000000373584,6705221,2019-02-18 08:44:53,btc,164693.69249005214,17216.7,0.0000001,btc,1044622.2751,0.0,0.2663411375,256
1,[],22,[],2019-02-18 08:45:18,1494873.6666666667,0.00000003,0.000000000001120752,6705222,2019-02-18 08:45:18,BTC,30.15633433,0.0,0.00000003,BTC,391113.92423192423,0.00042873,0.04370093,258
1,[],22,[],2019-02-18 08:46:06,49651.0,0.00000002,0.0000000000007471680000000001,6705223,2019-02-18 08:46:06,BTC,2.629917,0.0,0.00000002,BTC,1762.0,0.0,0.00050551,259
1,[],22,[],2019-02-18 08:46:51,10584.0,0.00001220,0.00000000045577248,6705224,2019-02-18 08:46:51,BTC,1293.01559406,0.0,0.00001220,"BTC,LTC",5506.310425202369,0.00935328,0.01102465,262
1,[],5,[],2019-02-18 08:46:53,9.96e-06,0.00000135,0.00000000005043384,6705225,2019-02-18 08:46:53,btc,0.70917903,0.01261351,0.00000135,btc,0.00036591,0.0,0.16975999,264
1,[],20,[],2019-02-18 08:46:55,1219124.3371,0.000004004,0.0000000001495830336,6705226,2019-02-18 08:46:55,btc,7.3407497585629,75427.7828,0.000004004,btc,87685.5004,0.205822592258,0.0210871085485,264
1,[],22,[],2019-02-18 08:47:08,69663.5,0.00000002,0.0000000000007471680000000001,6705227,2019-02-18 08:47:08,BTC,8.50078806,0.0,0.00000002,BTC,408009.1588548506,7.886e-05,0.00089564,271
0,[],22,[],2019-02-18 08:47:18,0.0,0,0,6705228,2019-02-18 08:47:18,,385.44178703,0.0,0,,15173097515.9,0.0,0.0,272
0.0000000000000054,[],28,[],2019-02-18 08:47:23,214453613274.711,4.374e-21,1.6340564160000001e-25,6705229,2019-02-18 08:47:23,doge,441836174.30109054,32947842805.9992,0.00000081,doge,199586504247.20148,0.0,5.87570761730177e-10,272
1,[],22,[],2019-02-18 08:47:41,25563.363076923077,0.00001500,0.000000000560376,6705230,2019-02-18 08:47:41,BTC,74.25529289,0.0,0.00001500,"BTC,LTC",4195.787545323318,0.00365968,0.10087415,281
