pairValue,buyBook,exchangeId,sellBook,updated,buyTotal,satoshiPrice,usdPrice,exchangeLogId,created,bestPair,sellTotalBtc,volume,pairPrice,activePairs,sellTotal,volumeBtc,buyTotalBtc,coinId
1,[],10,[],2019-01-23 20:59:15,269026.53992027,0.01238851,0.000000436662767374,6479616,2019-01-23 20:59:15,btc,6369.025748492159,1051.67610268,0.01238851,btc,972.59412848,0.0,2.0101183397788764,1
1,[],12,[],2019-01-23 20:59:17,10381.58472144,0.0125199999999999998789856903158579370938241481781005859375,0.00000044129744799999997,6479617,2019-01-23 20:59:17,btc,0.6386244284712,0.0,0.0125199999999999998789856903158579370938241481781005859375,btc,44.24652165,0.0916886253464,0.23119390433150003,1
1,[],20,[],2019-01-23 20:59:19,1344.3693,0.010510001,0.0000003704502092474,6479618,2019-01-23 20:59:19,btc,0.0746164438962,0.0,0.010510001,btc,3.5114,0.0,0.0888300480751,1
0.00000000032660320000000003,[],21,[],2019-01-23 20:59:20,2240.830061,0.0000000001025534048,0.00000000000000361474088034752,6479619,2019-01-23 20:59:20,eth,28.0515994767914,2051.23725497,0.314000000000000001332267629550187848508358001708984375,"btc,eth",2560.54865979,24.34776631,23.636311801656273,1
1,[],22,[],2019-01-23 20:59:23,0.0363776,0.01400000,0.0000004934636,6479620,2019-01-23 20:59:23,BTC,0.312,0.0,0.01400000,BTC,0.031,0.0,0.00048472,1
1,[],24,[],2019-01-23 20:59:24,0.0,0.000000000000,0,6479621,2019-01-23 20:59:24,btc,0.0,0.0,0.000000000000,btc,0.0,0.0,0.0,1
1,[],25,[],2019-01-23 20:59:24,236.0206024,0.01225000,0.00000043178065,6479622,2019-01-23 20:59:24,btc,13.127099998471804,753.81586758,0.01225000,btc,1024.73100385,9.663,2.829999999850834,1
1,[],28,[],2019-01-23 20:59:26,987.9,0.01131000,0.000000398648094,6479623,2019-01-23 20:59:26,btc,0.162839806,34879.8,0.01131000,btc,8.9,0.0,0.024551096,1
0,[],2,[],2019-01-20 23:28:45,0.0,0,0,6477011,2019-01-20 23:28:45,,0.0,0.0,0,,0.0,0.0,0.0,1
,[],26,[],2018-11-28 08:36:25,0.0,0.02269021,0.000000905623006625,5137884,2018-11-28 08:36:25,btc,0.0,2559.40051283,,btc,0.0,0.0,0.0,1
1,[],3,[],2019-01-23 20:59:10,104.571708431538,0.012336329999999999518234261586258071474730968475341796875,0.000000434823558042,6479613,2019-01-23 20:59:10,btc,106.96043850614079,0.099139052022,0.012336329999999999518234261586258071474730968475341796875,btc,13.433665454806,0.0,0.11975433333082157,1
1,[],4,[],2019-01-23 20:59:11,25078.52881327,0.01248166,0.000000439946062684,6479614,2019-01-23 20:59:11,btc,1.651761842962143,0.0,0.01248166,btc,126.37831834,0.63635891,1.2402494792315193,1
1,[],5,[],2019-01-23 20:59:13,0.18344547,0.01232200,0.0000004343184628,6479615,2019-01-23 20:59:13,btc,14578.49579847,0.08461031,0.01232200,btc,35555556.31333294,0.0,1.20346216,1
1,[],5,[],2019-01-23 20:53:30,1.616e-05,0.00000067,0.000000000023615758,6479438,2019-01-23 20:53:30,btc,0.17461654,0.03700233,0.00000067,btc,7.716e-05,0.0,0.50791005,2
1,[],22,[],2019-01-23 20:53:35,1254.625335862178,0.00000039,0.000000000013746486,6479439,2019-01-23 20:53:35,BTC,0.0231611,0.0,0.00000039,"BTC,XMR",14562.72385,0.0,0.00091682,2
1,[],5,[],2019-01-23 20:53:50,1.42e-06,0.00000017,0.000000000005992058,6479447,2019-01-23 20:53:50,btc,3.26791996,0.02510642,0.00000017,btc,2.267e-05,0.0,2.93766743,3
1,[],12,[],2019-01-23 20:53:52,11513814.5439943,0.000000169,0.0000000000059568105999999995,6479448,2019-01-23 20:53:52,btc,921314.8962051595,0.0,0.000000169,btc,8100639.19237477,0.03432134964522508,0.541543901699945,3
0,[],28,[],2019-01-23 20:53:53,0.0,0,0,6479449,2019-01-23 20:53:53,,0.0,0.0,0,,0.0,0.0,0.0,3
0,[],2,[],2019-01-20 23:31:32,0.0,0,0,6477077,2019-01-20 23:31:32,,0.0,0.0,0,,0.0,0.0,0.0,4
1,[],4,[],2019-01-23 20:54:41,1128605.34278738,0.00000049,0.000000000017271226,6479468,2019-01-23 20:54:41,btc,0.4775480017156114,0.0,0.00000049,btc,320373.46693463,0.00302237,0.0648316607738051,4
1,[],12,[],2019-01-23 20:54:45,1212127.5219999999,0.00000002,0.000000000000704948,6479470,2019-01-23 20:54:45,btc,11013867.818600481,0.0,0.00000002,btc,978378.15654341,1.98e-06,0.01587509044,5
0,[],2,[],2019-01-20 23:31:51,0.0,0,0,6477087,2019-01-20 23:31:51,,0.0,0.0,0,,0.0,0.0,0.0,6
1,[],11,[],2019-01-23 20:54:58,3485283.5,0.00000002,0.000000000000704948,6479475,2019-01-23 20:54:58,btc,9432.239724679965,228000.0,0.00000002,btc,41271470.70959839,0.0,0.03575736,6
1,[],3,[],2019-01-23 20:55:13,1049.631568128516,0.00015050999999999999383500093319554480331134982407093048095703125,0.000000005305086174,6479478,2019-01-23 20:55:13,btc,30.108593419388622,0.0,0.00015050999999999999383500093319554480331134982407093048095703125,btc,231.077492617847,0.0,0.027978323718350753,7
1,[],4,[],2019-01-23 20:55:14,24438.05661772,0.00017307,0.0000000061002675179999995,6479479,2019-01-23 20:55:14,btc,2.257920627714136,0.0,0.00017307,btc,11937.87130559,1.48492749,3.7432541187009303,7
1,[],5,[],2019-01-23 20:55:17,0.00518361,0.00017024,0.000000006000517376,6479480,2019-01-23 20:55:17,btc,1.28868406,0.17996411,0.00017024,btc,0.01157057,0.0,1.73131085,7
1,[],20,[],2019-01-23 20:55:25,61774165.6382,0.000000001,0.000000000000035247399999999996,6479483,2019-01-23 20:55:25,btc,121.1920033527386,7238828.4357,0.000000001,btc,25363671.9975,0.0124738294316,0.0617741656382,8
0,[],2,[],2019-01-20 23:22:42,0.0,0,0,6476876,2019-01-20 23:22:42,,0.0,0.0,0,,0.0,0.0,0.0,9
0,[],23,[],2019-01-20 23:22:48,0.0,0,0,6476878,2019-01-20 23:22:48,,0.0,0.0,0,,0.0,0.0,0.0,9
1,[],1,[],2019-01-23 20:55:33,3965688.1700000004,0.000001870000000000000095373470405946125794116596807725727558135986328125,0.000000000065912638,6479488,2019-01-23 20:55:33,btc,1.8919251228,22163810.19,0.000001870000000000000095373470405946125794116596807725727558135986328125,btc,989846.24,41.71498857,7.276302854800001,9
1,[],4,[],2019-01-23 20:55:33,413298.56753388,0.00000186,0.000000000065560164,6479489,2019-01-23 20:55:33,btc,0.8741057295065539,0.0,0.00000186,btc,438417.96168096,0.91739602,0.7001601029357964,9
1,[],28,[],2019-01-23 20:55:38,34500.0,0.00000165,0.00000000005815821,6479490,2019-01-23 20:55:38,btc,2708.7525973402,7169642.0,0.00000165,btc,8331.02,0.0,0.02854,9
1,[],4,[],2019-01-23 20:55:43,5382778.695,0.00000002,0.000000000000704948,6479494,2019-01-23 20:55:43,btc,0.2155193129307594,0.0,0.00000002,btc,3899888.68768744,0.00100699,0.0594849184,10
0,[],2,[],2019-01-20 23:23:08,0.0,0,0,6476890,2019-01-20 23:23:08,,0.0,0.0,0,,0.0,0.0,0.0,12
1,[],4,[],2019-01-23 20:55:59,1733562.43371753,0.00000148,0.000000000052166152,6479501,2019-01-23 20:55:59,btc,1.3606078305208371,0.0,0.00000148,btc,873538.31389785,2.11345316,2.358996560893895,12
1,[],5,[],2019-01-23 20:56:02,1.629e-05,0.00000143,0.000000000050403782,6479502,2019-01-23 20:56:02,btc,0.16771856,0.38324956,0.00000143,btc,0.00011426,0.0,0.25279308,12
,[],25,[],2019-01-11 15:39:35,0.0,0,0,6366164,2019-01-11 15:39:35,,0.0,0.0,,btc,0.0,0.0,0.0,12
1,[],10,[],2019-01-23 20:51:11,622837.53967011,0.00000692,0.00000000024422409999999997,6479378,2019-01-23 20:51:11,btc,666784.4542601698,3073.56489376,0.00000692,btc,831039.84732885,0.0,0.8890935218627778,13
1,[],4,[],2019-01-23 20:58:32,337782.03281736,0.00000695,0.00000000024496943,6479587,2019-01-23 20:58:32,btc,0.1799983080685374,0.0,0.00000695,btc,24215.54360291,0.75206335,1.5714904797544096,13
1,[],21,[],2019-01-23 20:58:35,1409972.24617324,0.0000067800000000000003072910849388765797129963175393640995025634765625,0.000000000238977372,6479588,2019-01-23 20:58:35,btc,5.56649230108949,700423.53771149,0.0000067800000000000003072910849388765797129963175393640995025634765625,btc,721067.70965618,4.92506963,4.984099865687064,13
1,[],4,[],2019-01-23 20:56:13,720907.40958602,0.00000191,0.000000000067322534,6479510,2019-01-23 20:56:13,btc,0.2610284467186172,0.0,0.00000191,btc,103408.36979682,0.08128745,0.1673297400688424,14
1,[],12,[],2019-01-23 20:56:15,89107.17862033,0.00000181000000000000003456111265232042484285557293333113193511962890625,0.000000000063797794,6479511,2019-01-23 20:56:15,btc,1.7857473151491399,0.0,0.00000181000000000000003456111265232042484285557293333113193511962890625,btc,35486.9101839,0.0011500737086569,0.0224800329335821,14
0,[],17,[],2019-01-23 20:56:16,0.0,0,0,6479512,2019-01-23 20:56:16,btc,0.0,0.0,0,btc,0.0,0.0,0.0,14
1,[],26,[],2019-01-23 20:56:16,0.0,0.00000020,0.0000000000070494799999999996,6479513,2019-01-23 20:56:16,btc,0.0,0.0,0.00000020,btc,0.0,0.0,0.0,14
0,[],4,[],2019-01-23 20:59:39,0.0,0,0,6479632,2019-01-23 20:59:39,,0.0,0.0,0,,0.0,0.0,0.0,15
,[],12,[],2018-12-01 15:15:48,204241.84496,0.00000489,0.000000000202473384,5260204,2018-12-01 15:15:48,btc,49.5475654835,0.0,,btc,35763.2193806,0.0163153972027625,0.0203389899998,15
0,[],2,[],2019-01-20 23:23:38,0.0,0,0,6476906,2019-01-20 23:23:38,,0.0,0.0,0,,0.0,0.0,0.0,18
1,[],4,[],2019-01-23 20:56:22,31683.18227429,0.00001750,0.0000000006168295,6479516,2019-01-23 20:56:22,btc,1.3245942303706812,0.0,0.00001750,btc,12543.79939297,0.04732616,0.1728212415525495,18
1,[],10,[],2019-01-23 20:56:24,390935.95274789,0.00001782,0.0000000006281086679999999,6479517,2019-01-23 20:56:24,btc,15.548951479597834,4629.72034826,0.00001782,btc,10227.6055702,0.0,0.1976122735917419,18
1,[],12,[],2019-01-23 20:56:25,200230.94324321,0.00001711000000000000050687752606304314895169227384030818939208984375,0.000000000603083014,6479518,2019-01-23 20:56:25,btc,0.4586395414836766,0.0,0.00001711000000000000050687752606304314895169227384030818939208984375,btc,2062.88767383,0.0019696071740895,0.0179601219917116,18
0,[],17,[],2019-01-23 20:56:26,0.0,0,0,6479519,2019-01-23 20:56:26,btc,0.0,0.0,0,btc,0.0,0.0,0.0,18
0,[],2,[],2019-01-20 23:24:19,0.0,0,0,6476924,2019-01-20 23:24:19,,0.0,0.0,0,,0.0,0.0,0.0,19
1,[],3,[],2019-01-23 20:56:50,108497.4928838957,0.0000397999999999999984107330874838481804545153863728046417236328125,0.00000000140284652,6479532,2019-01-23 20:56:50,btc,1.311142888821322,3.68907282877,0.0000397999999999999984107330874838481804545153863728046417236328125,btc,8541.441022191411,0.0,0.1063713817119143,19
1,[],4,[],2019-01-23 20:56:51,74602.60310761,0.00004030,0.00000000142047022,6479533,2019-01-23 20:56:51,btc,2.2465628908417887,0.0,0.00004030,btc,47828.05860496,0.63303032,1.7408560780181763,19
1,[],5,[],2019-01-23 20:56:52,0.00033084,0.00003255,0.00000000114730287,6479534,2019-01-23 20:56:52,btc,0.30994783,0.00016296,0.00003255,btc,0.00347996,0.0,0.19113797,19
1,[],12,[],2019-01-23 20:56:53,129235.11070381,0.0000409200000000000012399629933934619430146995000541210174560546875,0.000000001442323608,6479535,2019-01-23 20:56:53,btc,1.9930182058630999,0.0,0.0000409200000000000012399629933934619430146995000541210174560546875,btc,397.27457877,0.0019926751306722,0.0384074699999052,19
0,[],27,[],2019-01-23 20:56:55,0.0,0,0,6479536,2019-01-23 20:56:55,,0.0,0.0,0,btc,0.0,0.0,0.0,19
1,[],4,[],2019-01-23 20:57:23,8473476.27733589,0.00000015,0.00000000000528711,6479552,2019-01-23 20:57:23,btc,0.7553749448895439,0.0,0.00000015,btc,1439644.06953057,0.0001996,0.4177561676657917,20
1,[],4,[],2019-01-23 20:57:38,124021040.44701596,0.00000002,0.000000000000704948,6479558,2019-01-23 20:57:38,btc,0.8557184280484454,0.0,0.00000002,btc,19186463.32683587,0.22765477,1.5234635029901595,21
1,[],12,[],2019-01-23 20:57:40,19909844.0,0.00000003,0.0000000000010574219999999999,6479559,2019-01-23 20:57:40,btc,668.0234648838374,0.0,0.00000003,btc,7860058.71628645,0.0330697202797203,0.27114214000000003,21
0,[],17,[],2019-01-23 20:57:42,0.0,0,0,6479560,2019-01-23 20:57:42,btc,0.0,0.0,0,btc,0.0,0.0,0.0,21
1,[],12,[],2019-01-23 20:57:58,4558669580.531896,0.0000000001,0.00000000000000352474,6479568,2019-01-23 20:57:58,btc,621663601970.9185,0.0,0.0000000001,btc,6285155091.100131,0.013185397956843157,0.45586695805318955,23
0,[],27,[],2019-01-23 20:57:59,0.0,0,0,6479569,2019-01-23 20:57:59,,0.424699,0.0,0,eth,424699.0,0.0,0.0,23
,[],25,[],2019-01-11 15:42:09,0.0,0,0,6366241,2019-01-11 15:42:09,,0.0,0.0,,btc,0.0,0.0,0.0,24
1,[],4,[],2019-01-23 20:58:08,2224657.46624169,0.00000092,0.000000000032427608,6479572,2019-01-23 20:58:08,btc,0.1776092168300508,0.0,0.00000092,btc,120867.34421747,0.01080861,0.4432495976995513,24
1,[],22,[],2019-01-23 20:58:11,11.76,0.00000100,0.0000000000352474,6479573,2019-01-23 20:58:11,BTC,7.415e-05,0.0,0.00000100,BTC,23.919354838709676,0.0,1.176e-05,24
0,[],2,[],2019-01-20 23:25:56,0.0,0,0,6476976,2019-01-20 23:25:56,,0.0,0.0,0,,0.0,0.0,0.0,26
1,[],4,[],2019-01-23 20:58:22,29626027.14085046,0.00000760,0.00000000026788024,6479580,2019-01-23 20:58:22,btc,0.4134758573535989,0.0,0.00000760,btc,31302.35203707,0.15721412,0.537345536535701,26
1,[],10,[],2019-01-23 20:58:24,734094.75493527,0.00000769,0.00000000027105250599999994,6479581,2019-01-23 20:58:24,btc,27.97438285468698,0.0,0.00000769,btc,12525.42087038,0.0,0.2220622173992068,26
1,[],3,[],2019-01-23 20:58:25,7686190.32908122,0.00000001,0.000000000000352474,6479582,2019-01-23 20:58:25,btc,3.0752937709335133,30313.0,0.00000001,btc,17598360.85644621,0.0,0.0768619032908122,27
1,[],5,[],2019-01-23 20:58:26,1e-08,0.00000001,0.000000000000352474,6479583,2019-01-23 20:58:26,btc,2.62189326,3.848e-05,0.00000001,btc,4.332e-05,0.0,0.01079372,27
1,[],11,[],2019-01-23 20:58:28,10597882.41182718,0.00000005,0.0000000000017623699999999999,6479584,2019-01-23 20:58:28,btc,370.5327807235078,1000.0,0.00000005,btc,8221470.80991447,0.0,0.4932896594767663,27
1,[],4,[],2019-01-23 20:58:29,221926668.2287497,0.00000003,0.0000000000010574219999999999,6479585,2019-01-23 20:58:29,btc,3.290674765332892,0.0,0.00000003,"btc,ltc",108236771.06600127,2.53485834,3.229364966544928,29
1,[],7,[],2019-01-23 20:58:30,35999768.9786329,0.00000003,0.0000000000010574219999999999,6479586,2019-01-23 20:58:30,btc,44465218.12579986,180184.563057,0.00000003,btc,39203421.39390244,0.0,0.6564244169750236,29
1,[],4,[],2019-01-23 20:58:58,1298433.65223103,0.00000040,0.000000000014098959999999999,6479603,2019-01-23 20:58:58,btc,0.3368925273646072,0.0,0.00000040,btc,490857.25677994,0.04059221,0.0804610557131508,30
0,[],17,[],2019-01-23 20:58:59,0.0,0,0,6479604,2019-01-23 20:58:59,btc,0.0,0.0,0,btc,0.0,0.0,0.0,30
1,[],4,[],2019-01-23 20:59:07,42719.33034926,0.00009614,0.000000003388685036,6479610,2019-01-23 20:59:07,btc,0.9441239291624688,0.0,0.00009614,btc,8285.50427425,3.39426732,3.1656390078961305,31
1,[],21,[],2019-01-23 20:59:08,50459.752362859996,0.000097979999999999993639220041696802354636020027101039886474609375,0.0000000034535402519999996,6479611,2019-01-23 20:59:08,btc,5.030154345190506,744206.53925782,0.000097979999999999993639220041696802354636020027101039886474609375,btc,46405.84744528,79.49172534,4.668858848959586,31
0,[],2,[],2019-01-20 23:28:43,0.0,0,0,6477009,2019-01-20 23:28:43,,0.0,0.0,0,,0.0,0.0,0.0,32
1,[],4,[],2019-01-23 20:59:40,132738635.51218252,0.00000006,0.0000000000021148439999999998,6479633,2019-01-23 20:59:40,btc,0.3814436063200968,0.0,0.00000006,"btc,ltc",10489807.10905918,1.35529122,2.1210401191362114,33
1,[],12,[],2019-01-23 20:59:41,21478923.0,0.00000006,0.0000000000021148439999999998,6479634,2019-01-23 20:59:41,btc,17261785.024863653,0.0,0.00000006,btc,86449421.25174814,0.0001590615384616,0.83318783,33
1,[],4,[],2019-01-23 20:59:42,103447877.81036285,0.00000002,0.000000000000704948,6479635,2019-01-23 20:59:42,btc,0.8215975407830011,0.0,0.00000002,btc,27100662.38828351,0.00364723,1.0584738201936108,34
1,[],5,[],2019-01-23 20:59:43,3e-08,0.00000002,0.000000000000704948,6479636,2019-01-23 20:59:43,btc,3.13196319,0.00771981,0.00000002,btc,1.394e-05,0.0,0.808623,34
0.00000000008929170000000001,[],4,[],2019-01-23 20:57:17,2842497579.8047957,3.571668e-18,1.258920106632e-22,6479548,2019-01-23 20:57:17,ltc,4.2965743986704556e-09,0.0,0.00000004,ltc,819354649.097728,0.0,6.870277289262112e-09,36
1,[],5,[],2019-01-23 20:57:18,0.0,0,0,6479549,2019-01-23 20:57:18,btc,202.42227247,0.0,0,btc,1.295e-05,0.0,0.0,36
0,[],17,[],2019-01-23 20:57:20,0.0,0,0,6479550,2019-01-23 20:57:20,btc,0.08210904498349865,0.0,0,btc,5843697.91583647,0.0,0.0,36
0.00000000008929170000000001,[],27,[],2019-01-23 20:57:22,1000000.0,8.92917e-19,3.14730026658e-23,6479551,2019-01-23 20:57:22,ltc,448.55669329,0.0,0.00000001,"ltc,eth",3581972.58,0.0,8.929170000000001e-13,36
1,[],4,[],2019-01-23 20:57:09,479965.15889242,0.00000146,0.000000000051461204,6479543,2019-01-23 20:57:09,btc,0.4340401977775876,0.0,0.00000146,btc,226959.47293557,0.05774059,0.4514020988353997,37
1,[],12,[],2019-01-23 20:57:11,511981.57042241,0.00000145999999999999999745971430986646311112053808756172657012939453125,0.000000000051461204,6479544,2019-01-23 20:57:11,btc,1330.8591354319715,0.0,0.00000145999999999999999745971430986646311112053808756172657012939453125,btc,722899.44342562,0.2332452787470977,0.3656030303936997,37
1,[],17,[],2019-01-23 20:57:12,1752.74075282,0.00000025,0.00000000000881185,6479545,2019-01-23 20:57:12,btc,0.05548731397524016,0.0,0.00000025,btc,1388.79251806,0.0,0.00043818518820499993,37
0,[],27,[],2019-01-23 20:57:14,0.0,0,0,6479546,2019-01-23 20:57:14,,0.0,0.0,0,btc,0.0,0.0,0.0,37
1,[],5,[],2019-01-23 20:54:03,1.337e-05,0.00000120,0.00000000004229688,6479454,2019-01-23 20:54:03,btc,0.10879981,0.10669353,0.00000120,btc,0.00011663,0.0,0.03971376,42
1,[],12,[],2019-01-23 20:54:05,84915.73984118,0.000001250000000000000102253817392539136932327892282046377658843994140625,0.00000000004405925,6479455,2019-01-23 20:54:05,btc,108.83339391114585,0.0,0.000001250000000000000102253817392539136932327892282046377658843994140625,btc,37204.23940839,0.0308559675291293,0.0323801871141356,42
0,[],27,[],2019-01-23 20:54:07,0.0,0,0,6479456,2019-01-23 20:54:07,,0.00315028,0.0,0,"btc,eth",11.007,0.0,0.0,42
1,[],5,[],2019-01-23 20:55:30,3e-08,0.00000002,0.000000000000704948,6479485,2019-01-23 20:55:30,btc,5.83445513,0.0,0.00000002,btc,1.425e-05,0.0,0.4722758,43
1,[],12,[],2019-01-23 20:55:31,8221008.0,0.00000001,0.000000000000352474,6479486,2019-01-23 20:55:31,btc,20007433.12866367,0.0,0.00000001,btc,38551720.38101898,2.397602398e-07,0.08221008,43
0,[],17,[],2019-01-23 20:55:32,0.0,0,0,6479487,2019-01-23 20:55:32,btc,0.0,0.0,0,btc,0.0,0.0,0.0,43
1,[],12,[],2019-01-23 20:54:22,870989.0,0.00000007,0.000000000002467318,6479461,2019-01-23 20:54:22,btc,11114760.533999365,0.0,0.00000007,btc,956252.37320198,0.00015057,0.02619742,44
1,[],4,[],2019-01-23 20:53:56,239413915.7181095,0.00000003,0.0000000000010574219999999999,6479451,2019-01-23 20:53:56,btc,0.23758708254671795,0.0,0.00000003,"btc,ltc",6444629.07182458,0.0009153,0.6070358982375117,49
0.00000000008929170000000001,[],4,[],2019-01-23 20:58:56,3630502120.8385096,1.785834e-18,6.29460053316e-23,6479601,2019-01-23 20:58:56,ltc,5.044116687834574,0.0,0.00000002,ltc,1554754381.5149555,0.0,3.732721947316038e-09,52
0,[],22,[],2019-01-23 20:58:38,0.0,0,0,6479589,2019-01-23 20:58:38,,3707.88113808,0.0,0,,261065328.40932402,0.0,0.0,57
0,[],27,[],2019-01-23 20:58:40,0.0,0,0,6479590,2019-01-23 20:58:40,,0.0,0.0,0,"btc,eth",0.0,0.0,0.0,57
0.00000000008929170000000001,[],4,[],2019-01-23 20:53:41,1691719912.188974,5.357502e-18,1.888380159948e-22,6479443,2019-01-23 20:53:41,ltc,3.4465671305881314,0.0,0.00000006,ltc,940390613.1792278,0.00089475,7.4424662929301315e-09,58
1,[],12,[],2019-01-23 20:53:43,2511429638.3279524,0.0000000006,0.00000000000002114844,6479444,2019-01-23 20:53:43,btc,123038814484.10542,0.0,0.0000000006,btc,3102793495.161983,0.22548003108498355,0.9488392056915362,58
0,[],17,[],2019-01-23 20:53:45,0.0,0,0,6479445,2019-01-23 20:53:45,btc,1e+24,0.0,0,btc,41616695.958325684,0.0,0.0,58
0.0000000001263349,[],22,[],2019-01-23 20:53:48,137438.0,1.263349e-18,4.45297675426e-23,6479446,2019-01-23 20:53:48,XMR,69.8835922,0.0,0.00000001,XMR,9887963.0,0.0,0.00137438,58
1,[],5,[],2019-01-23 20:57:45,2.02e-06,0.00000035,0.000000000012336589999999999,6479562,2019-01-23 20:57:45,btc,0.4733239,0.02823592,0.00000035,btc,0.0001341,0.0,0.02569611,61
1,[],22,[],2019-01-23 20:57:48,5111.5,0.00000011,0.000000000003877214,6479563,2019-01-23 20:57:48,BTC,1002.29606732,0.0,0.00000011,BTC,15028.700278135757,0.0,0.00051178,61
1,[],26,[],2019-01-23 20:57:49,0.0,0.00000800,0.0000000002819792,6479564,2019-01-23 20:57:49,btc,0.0,0.0,0.00000800,btc,0.0,0.0,0.0,61
0,[],27,[],2019-01-23 20:57:51,0.0,0,0,6479565,2019-01-23 20:57:51,,0.0,0.0,0,"btc,eth",0.0,0.0,0.0,61
1,[],28,[],2019-01-23 20:57:52,1880.304,0.00000022,0.000000000007754428,6479566,2019-01-23 20:57:52,btc,2.065678837430106,1494.0,0.00000022,btc,11618.08240005,0.0,0.00016391304,61
,[],25,[],2019-01-11 15:43:02,0.0,0,0,6366273,2019-01-11 15:43:02,,0.0,0.0,,btc,0.0,0.0,0.0,67
1,[],4,[],2019-01-23 20:58:51,1255497.51950261,0.00000184,0.000000000064855216,6479599,2019-01-23 20:58:51,btc,0.3537230780515108,0.0,0.00000184,btc,126351.61273415,0.06849621,0.8745269920412437,67
1,[],12,[],2019-01-23 20:56:47,2850229.55555556,0.00000009,0.000000000003172266,6479530,2019-01-23 20:56:47,btc,16893773.052933045,0.0,0.00000009,btc,2171932.38721274,0.0189098794505512,0.0760084100000004,71
,[],5,[],2018-11-20 23:02:39,1.5e-07,0.00000005,0.000000000002128045,4862160,2018-11-20 23:02:39,btc,2.84511358,0.0,,btc,0.00036572,0.0,0.07381892,74
1,[],5,[],2019-01-23 20:54:48,3.421e-05,0.00000156,0.000000000054985944,6479471,2019-01-23 20:54:48,btc,1.43011192,0.0,0.00000156,btc,0.0001585,0.0,0.50003041,75
1,[],4,[],2019-01-23 20:56:07,64421539.78469478,0.00000001,0.000000000000352474,6479505,2019-01-23 20:56:07,btc,0.7486706825842339,0.0,0.00000001,btc,13906829.86456505,0.0,0.6442153978469478,81
0,[],20,[],2019-01-23 20:56:09,0.0,0,0,6479506,2019-01-23 20:56:09,btc,0.0,0.0,0,btc,0.0,0.0,0.0,81
1,[],4,[],2019-01-23 20:53:08,25460.30128317,0.00008100,0.0000000028550394,6479431,2019-01-23 20:53:08,btc,1.2814084236568057,0.0,0.00008100,btc,11020.87916644,0.03823989,0.2215528653887605,82
1,[],21,[],2019-01-23 20:53:09,62200.20707029,0.000081050000000000004961482613641265970727545209228992462158203125,0.00000000285680177,6479432,2019-01-23 20:53:09,btc,3.4607497795257296,6422.42697178,0.000081050000000000004961482613641265970727545209228992462158203125,btc,37967.24404716,0.5280705,4.452575668748591,82
0,[],17,[],2019-01-23 20:56:21,0.0,0,0,6479515,2019-01-23 20:56:21,btc,0.0447233088476774,0.0,0,btc,999127.19588126,0.0,0.0,84
0.00000000008929170000000001,[],4,[],2019-01-23 20:58:17,478574761.7795686,1.2500838e-17,4.406220373212e-22,6479577,2019-01-23 20:58:17,ltc,0.19754182499655532,0.0,0.00000014,ltc,74016182.71324833,0.0,1.6087366681157938e-09,85
,[],22,[],2018-11-20 23:09:34,3408.1,0.0000001,0.0000000000041895,4862324,2018-11-20 23:09:34,BTC,0.04624735,0.0,,BTC,4990.0,0.0,0.00033081,86
0,[],22,[],2019-01-23 20:58:19,0.0,0,0,6479578,2019-01-23 20:58:19,,2.07810912,0.0,0,,154826.94736842104,0.0,0.0,87
0,[],27,[],2019-01-23 20:58:21,0.0,0,0,6479579,2019-01-23 20:58:21,,0.0,0.0,0,btc,0.0,0.0,0.0,87
,[],2,[],2018-11-20 23:10:47,0.0,0,0,4862359,2018-11-20 23:10:47,,0.0,0.0,,,0.0,0.0,0.0,88
1,[],11,[],2019-01-23 20:53:40,102279.35392524,0.00020799999999999998719947547076714045033440925180912017822265625,0.0000000073314591999999996,6479442,2019-01-23 20:53:40,btc,234.9415250344235,762.70765102,0.00020799999999999998719947547076714045033440925180912017822265625,btc,181883.40854294,0.0,8.166843454586859,89
0,[],2,[],2019-01-20 23:31:45,0.0,0,0,6477083,2019-01-20 23:31:45,,0.0,0.0,0,,0.0,0.0,0.0,91
1,[],12,[],2019-01-23 20:54:49,240703.9555551,0.00000145999999999999999745971430986646311112053808756172657012939453125,0.000000000051461204,6479472,2019-01-23 20:54:49,btc,1.1160846335413315,0.0,0.00000145999999999999999745971430986646311112053808756172657012939453125,btc,4769.401769,0.0748636913030774,0.055207589199982705,91
0,[],17,[],2019-01-23 20:54:50,0.0,0,0,6479473,2019-01-23 20:54:50,btc,0.0,0.0,0,btc,0.0,0.0,0.0,91
0.00000000008929170000000001,[],22,[],2019-01-23 20:57:26,48026955.0,4.4645850000000005e-18,1.57365013329e-22,6479553,2019-01-23 20:57:26,LTC,9.29095511,0.0,0.00000005,LTC,79813955.1,2.2322925e-14,1.39070865,95
1,[],4,[],2019-01-23 20:56:10,140898242.0101352,0.00000001,0.000000000000352474,6479507,2019-01-23 20:56:10,btc,1.401855687411733,0.0,0.00000001,"btc,ltc",68189770.79446198,0.00038799,0.07713568779788914,96
1,[],12,[],2019-01-23 20:56:11,1213466.0,0.00000001,0.000000000000352474,6479508,2019-01-23 20:56:11,btc,255059.26033964028,0.0,0.00000001,btc,7846587.56674301,1.01e-06,0.01213466,96
0,[],17,[],2019-01-23 20:56:13,0.0,0,0,6479509,2019-01-23 20:56:13,btc,0.0,0.0,0,btc,0.0,0.0,0.0,96
1,[],4,[],2019-01-23 20:57:43,1583509.14912319,0.00000041,0.000000000014451434,6479561,2019-01-23 20:57:43,btc,0.3124088159561456,0.0,0.00000041,btc,484478.68633221,0.00799783,0.1760250892814931,99
0,[],2,[],2019-01-20 23:23:55,0.0,0,0,6476914,2019-01-20 23:23:55,,0.0,0.0,0,,0.0,0.0,0.0,100
1,[],4,[],2019-01-23 20:56:33,143725.25891745,0.00004083,0.000000001439151342,6479523,2019-01-23 20:56:33,btc,1.3229277844954974,0.0,0.00004083,btc,27609.59847358,2.38165078,3.404178819202783,100
1,[],22,[],2019-01-23 20:56:32,50000.0,0.00000001,0.000000000000352474,6479521,2019-01-23 20:56:32,BTC,23.49896609,0.0,0.00000001,BTC,10277.22,0.0,0.0005,101
1,[],4,[],2019-01-23 20:59:27,122242.97018621,0.00000105,0.00000000003700977,6479624,2019-01-23 20:59:27,btc,0.3949066153225293,0.0,0.00000105,btc,141110.87074901,0.01621115,0.0575375149841271,103
1,[],12,[],2019-01-23 20:53:36,95051997.24669921,0.000000016,0.0000000000005639584,6479440,2019-01-23 20:53:36,btc,9137281645.060057,0.0,0.000000016,btc,147935069.5634329,0.25586169986185126,0.5655379237004882,105
1,[],27,[],2019-01-23 20:53:38,261901.0,0.00000006,0.0000000000021148439999999998,6479441,2019-01-23 20:53:38,btc,0.0720402019,0.0,0.00000006,btc,580.038,0.0,0.01014994,105
0,[],22,[],2019-01-23 20:57:29,0.0,0,0,6479554,2019-01-23 20:57:29,,1.07253299,0.0,0,,94300.0,0.0,0.0,107
1,[],26,[],2019-01-23 20:57:29,0.0,0.00000000,0,6479555,2019-01-23 20:57:29,btc,0.0,0.0,0.00000000,btc,0.0,0.0,0.0,107
1,[],5,[],2019-01-23 20:57:01,1e-08,0.00000001,0.000000000000352474,6479539,2019-01-23 20:57:01,btc,5.98456504,0.00451676,0.00000001,btc,1.512e-05,0.0,0.02479459,112
1,[],22,[],2019-01-23 20:57:04,1966.0,0.00000001,0.000000000000352474,6479540,2019-01-23 20:57:04,BTC,2.85046692,0.0,0.00000001,BTC,1092967.0833333333,0.005,1.966e-05,112
0,[],27,[],2019-01-23 20:57:06,0.0,0,0,6479541,2019-01-23 20:57:06,,1.25125,0.0,0,"btc,eth",79.0,0.0,0.0,112
1,[],4,[],2019-01-23 20:53:57,447309.13985578,0.00000413,0.000000000145571762,6479452,2019-01-23 20:53:57,btc,0.4372312468957529,0.0,0.00000413,btc,67773.42010083,0.38659367,0.4067525441231431,113
1,[],5,[],2019-01-23 20:53:59,2.115e-05,0.00000400,0.0000000001409896,6479453,2019-01-23 20:53:59,btc,2.36341108,0.0010543,0.00000400,btc,0.00361209,0.0,0.25325313,113
1,[],17,[],2019-01-23 20:55:57,233369.0,0.00000004,0.000000000001409896,6479499,2019-01-23 20:55:57,btc,1.3376290576010188,0.0,0.00000004,btc,72546.975,0.0,0.00543476,116
0,[],27,[],2019-01-23 20:55:59,0.0,0,0,6479500,2019-01-23 20:55:59,,0.0,0.0,0,btc,0.0,0.0,0.0,116
1,[],4,[],2019-01-23 20:55:41,85535.37634215,0.00001880,0.00000000066265112,6479492,2019-01-23 20:55:41,btc,0.3839892948609551,0.0,0.00001880,btc,16396.33117456,1.95938999,1.1549201631915955,120
1,[],7,[],2019-01-23 20:55:42,22914.5821159,0.0000141200000000000003351312283239593625694396905601024627685546875,0.000000000497693288,6479493,2019-01-23 20:55:42,btc,124.94097202033434,4298.25751455,0.0000141200000000000003351312283239593625694396905601024627685546875,btc,23778.14779995,0.16060331,0.1821963829488612,120
1,[],20,[],2019-01-23 20:55:56,1216157.4088,0.000000013,0.0000000000004582162,6479498,2019-01-23 20:55:56,btc,31.5508063254312,0.0,0.000000013,btc,1105130.7355,0.0,0.0068540359106,125
1,[],22,[],2019-01-23 20:54:20,3053.0,0.00000001,0.000000000000352474,6479460,2019-01-23 20:54:20,BTC,0.01415863,0.0,0.00000001,BTC,293039.4,3.198e-05,3.053e-05,126
0,[],22,[],2019-01-23 20:58:03,0.0,0,0,6479570,2019-01-23 20:58:03,,3.30709612,0.0,0,,19391.67229247642,0.0,0.0,130
0,[],2,[],2019-01-20 23:25:46,0.0,0,0,6476969,2019-01-20 23:25:46,,0.0,0.0,0,,0.0,0.0,0.0,131
1,[],4,[],2019-01-23 20:58:13,85607.97578402,0.00001585,0.00000000055867129,6479574,2019-01-23 20:58:13,btc,0.653347754770909,0.0,0.00001585,btc,32507.30938161,0.16010164,0.5093475269619541,131
0,[],17,[],2019-01-23 20:58:15,0.0,0,0,6479575,2019-01-23 20:58:15,btc,0.0008451375975800001,0.0,0,btc,30.89614684,0.0,0.0,131
1,[],4,[],2019-01-23 20:59:09,4563.55810139,0.00019481,0.0000000068665459939999995,6479612,2019-01-23 20:59:09,btc,1.6269232683341472,0.0,0.00019481,btc,206.10257325,0.0,0.0099044520045066,135
1,[],3,[],2019-01-23 20:56:56,216835.2001851,0.00000003,0.0000000000010574219999999999,6479537,2019-01-23 20:56:56,btc,0.2460893918751273,1071.25,0.00000003,btc,1234227.69793913,0.0,0.0043449073370353,136
1,[],4,[],2019-01-23 20:53:25,97664.71503094,0.00000185,0.00000000006520769,6479436,2019-01-23 20:53:25,btc,0.6111107778691294,0.0,0.00000185,btc,221065.02309892,0.08589824,0.1202333695420783,137
1,[],12,[],2019-01-23 20:53:27,303762.57060912,0.00000191999999999999982841307998027158276954651228152215480804443359375,0.00000000006767500799999999,6479437,2019-01-23 20:53:27,btc,11798.821608450738,0.0,0.00000191999999999999982841307998027158276954651228152215480804443359375,btc,132632.07380608,0.0749205837582373,0.033351341999992,137
1,[],5,[],2019-01-23 20:54:28,0.00104173,0.00002920,0.0000000010292240799999999,6479463,2019-01-23 20:54:28,btc,5.73983192,0.61262512,0.00002920,btc,0.00184701,0.0,1.53457978,142
1,[],17,[],2019-01-23 20:54:29,12500.0,0.0000001,0.0000000000035247399999999998,6479464,2019-01-23 20:54:29,btc,0.5782815519522289,0.0,0.0000001,btc,4834.207754,0.0,0.00125,142
1,[],20,[],2019-01-23 20:54:31,152911.3297,0.00002502,0.0000000008818899479999999,6479465,2019-01-23 20:54:31,btc,2.5057686606,120.1271,0.00002502,btc,5122.8931,0.0038780859993,0.1971377546538,142
1,[],22,[],2019-01-23 20:54:34,990.0,0.00001880,0.00000000066265112,6479466,2019-01-23 20:54:34,BTC,0.00152287,0.0,0.00001880,BTC,15.055608820709493,6.551e-05,0.00022106,142
1,[],28,[],2019-01-23 20:54:40,78430.0,0.00002000,0.000000000704948,6479467,2019-01-23 20:54:40,btc,0.05152625387,88888.0,0.00002000,btc,1349.7234,0.0,0.0242247,142
,[],25,[],2019-01-11 15:38:27,0.0,0,0,6366122,2019-01-11 15:38:27,,0.0,0.0,,btc,0.0,0.0,0.0,142
0,[],22,[],2019-01-23 20:58:55,0.0,0,0,6479600,2019-01-23 20:58:55,,54.93330297,0.0,0,,667563265.8,0.0,0.0,143
1,[],21,[],2019-01-23 20:59:06,43051474.67722533,0.00000029,0.000000000010221746,6479609,2019-01-23 20:59:06,btc,33.29786548368731,28502932.91366611,0.00000029,btc,62698145.1564385,8.81757025,7.412111739744584,145
0,[],22,[],2019-01-23 20:55:19,0.0,0,0,6479481,2019-01-23 20:55:19,,2.39270934,0.0,0,,786514.0,0.0,0.0,146
,[],22,[],2018-11-20 23:01:11,0.0,0,0,4862114,2018-11-20 23:01:11,,2.56807021,0.0,,,61828.4988236,0.0,0.0,147
1,[],12,[],2019-01-23 20:58:57,8696740.24261602,0.000005100000000000000298610962345957631214332650415599346160888671875,0.00000000017976174,6479602,2019-01-23 20:58:57,btc,17.07831246833715,0.0,0.000005100000000000000298610962345957631214332650415599346160888671875,btc,111533.02891109,0.0016942842573564,0.11261758636140651,148
1,[],4,[],2019-01-23 20:59:34,113445.39418461,0.00000045,0.00000000001586133,6479628,2019-01-23 20:59:34,btc,0.696510137123281,0.0,0.00000045,btc,522239.78263584,0.00171599,0.0320220905123429,152
0,[],22,[],2019-01-23 20:59:37,0.0,0,0,6479629,2019-01-23 20:59:37,,0.0,0.0,0,,0.0,0.0,0.0,152
1,[],5,[],2019-01-23 20:57:08,0.0,0,0,6479542,2019-01-23 20:57:08,btc,4.32752783,1.001e-05,0,btc,0.00161275,0.0,0.0,153
,[],16,[],2019-01-11 15:38:59,0.0,0,0,6366141,2019-01-11 15:38:59,btc,0.0,0.0,,btc,0.0,0.0,0.0,155
0,[],23,[],2019-01-20 23:24:29,0.0,0,0,6476932,2019-01-20 23:24:29,,0.0,0.0,0,,0.0,0.0,0.0,156
0,[],22,[],2019-01-23 20:56:59,0.0,0,0,6479538,2019-01-23 20:56:59,,6.78848922,0.0,0,,4237721.742592593,0.0,0.0,156
1,[],22,[],2019-01-23 20:57:57,7906.0,0.00000801,0.00000000028233167399999997,6479567,2019-01-23 20:57:57,BTC,43.81543407,0.0,0.00000801,BTC,1572.3690079421112,0.0,0.00743836,157
0,[],22,[],2019-01-23 20:55:40,0.0,0,0,6479491,2019-01-23 20:55:40,,50175.67300261,0.0,0,,53770788.04179466,0.0,0.0,158
,[],17,[],2018-11-20 22:56:10,0.0,0,0,4861976,2018-11-20 22:56:10,btc,1.1265625,0.0,,btc,1000.0,0.0,0.0,159
,[],20,[],2018-11-20 22:56:12,0.0,0,0,4861977,2018-11-20 22:56:12,btc,11912.7940471,0.0,,btc,34413894.3617,0.0,0.0,159
1,[],12,[],2019-01-23 20:56:37,185252.22254013,0.000010819999999999999743308630451021912222131504677236080169677734375,0.00000000038137686799999996,6479526,2019-01-23 20:56:37,btc,6.655448374541517,0.0,0.000010819999999999999743308630451021912222131504677236080169677734375,btc,14159.65286527,0.0080135723294636,0.1078911564573853,168
1,[],17,[],2019-01-23 20:56:38,29784.95,0.000001,0.0000000000352474,6479527,2019-01-23 20:56:38,btc,0.0353989844335,0.0,0.000001,btc,196.82520268,0.0,0.00716147,168
0,[],22,[],2019-01-23 20:56:29,0.0,0,0,6479520,2019-01-23 20:56:29,,1.13392792,0.0,0,,692360.5537281231,0.0,0.0,169
1,[],22,[],2019-01-23 20:55:22,54963.555555555555,0.0000003,0.00000000001057422,6479482,2019-01-23 20:55:22,BTC,2.75403855,0.0,0.0000003,BTC,67328.81207749767,0.00113841,0.00705188,171
1,[],22,[],2019-01-23 20:56:42,80172.4,0.0000002,0.0000000000070494799999999996,6479528,2019-01-23 20:56:42,BTC,2.84506789,0.0,0.0000002,BTC,235092.6622855911,0.00309663,0.00703467,173
1,[],5,[],2019-01-23 20:56:50,6.288e-05,0.00000475,0.00000000016742515,6479531,2019-01-23 20:56:50,btc,0.41117345,0.01897113,0.00000475,btc,0.00034993,0.0,0.93966815,175
1,[],22,[],2019-01-23 20:54:25,56022.27333333333,0.00000150,0.000000000052871099999999996,6479462,2019-01-23 20:54:25,BTC,0.60035542,0.0,0.00000150,BTC,118760.29444388876,0.00017809,0.04143299,176
0,[],2,[],2019-01-20 23:28:34,0.0,0,0,6477001,2019-01-20 23:28:34,,0.0,0.0,0,,0.0,0.0,0.0,178
1,[],7,[],2019-01-23 20:59:01,0.0,0,0,6479605,2019-01-23 20:59:01,btc,10931.262742621293,0.0,0,btc,125037464.01384753,0.0,0.0,178
0,[],22,[],2019-01-23 20:59:04,0.0,0,0,6479606,2019-01-23 20:59:04,,1.00242428,0.0,0,,57512.0,0.0,0.0,178
0,[],23,[],2019-01-20 23:25:08,0.0,0,0,6476952,2019-01-20 23:25:08,,0.0,0.0,0,,0.0,0.0,0.0,179
1,[],5,[],2019-01-23 20:57:32,6e-08,0.00000003,0.0000000000010574219999999999,6479556,2019-01-23 20:57:32,btc,12.64415752,0.64668263,0.00000003,btc,2.424e-05,0.0,1.82830305,179
1,[],22,[],2019-01-23 20:57:37,9708639.666666666,0.00000003,0.0000000000010574219999999999,6479557,2019-01-23 20:57:37,BTC,5.82738921,0.0,0.00000003,"BTC,LTC",17143362.451989967,0.00187099,0.42203715,179
1,[],17,[],2019-01-23 20:53:11,10504.725,0.0000001,0.0000000000035247399999999998,6479433,2019-01-23 20:53:11,btc,5.206993673128589,0.0,0.0000001,btc,7852.8949587,0.0,0.0010504725,180
1,[],22,[],2019-01-23 20:53:15,1468.0,0.00000031,0.000000000010926694,6479434,2019-01-23 20:53:15,BTC,0.22769588,0.0,0.00000031,"BTC,LTC",26805.816254853482,0.0,0.00040342,180
1,[],26,[],2019-01-23 20:53:24,0.0,0.00000010,0.0000000000035247399999999998,6479435,2019-01-23 20:53:24,btc,0.0,3674.02,0.00000010,btc,0.0,0.0,0.0,180
,[],7,[],2018-11-20 22:58:01,562227.975654,0.00000085,0.000000000036176765,4862015,2018-11-20 22:58:01,btc,21836.6059674,2491.87645172,,btc,749999.041456,0.00211021,0.127565380455,183
,[],5,[],2019-01-10 08:11:41,0.0,0,0,6347036,2019-01-10 08:11:41,btc,82.15055501,0.00261,,btc,1.19002445,0.0,0.0,187
1,[],24,[],2019-01-23 20:56:32,0.0,0.000000000001,3.52474e-17,6479522,2019-01-23 20:56:32,btc,0.0,0.0,0.000000000001,btc,0.0,0.0,0.0,187
,[],17,[],2018-11-16 20:58:10,4062536.27273,0.00000001,0.000000000000550501,4708775,2018-11-16 20:58:10,btc,3.36492563466,0.195460381006,,"btc,eth",110697919.549,0.0,0.0157628953496,187
0,[],22,[],2019-01-23 20:59:46,0.0,0,0,6479637,2019-01-23 20:59:46,,1.19410323,0.0,0,,13721.456201072173,0.0,0.0,191
0,[],22,[],2019-01-23 20:58:07,0.0,0,0,6479571,2019-01-23 20:58:07,,0.0,0.0,0,,0.0,0.0,0.0,197
0,[],23,[],2019-01-20 23:31:41,0.0,0,0,6477079,2019-01-20 23:31:41,,0.0,0.0,0,,0.0,0.0,0.0,199
1,[],26,[],2019-01-23 20:54:42,0.0,0.00000000,0,6479469,2019-01-23 20:54:42,btc,0.0,758341.0,0.00000000,btc,0.0,0.0,0.0,199
0,[],17,[],2019-01-23 20:59:05,0.0,0,0,6479607,2019-01-23 20:59:05,btc,6.8025441638613735,0.0,0,btc,105897.55575295,0.0,0.0,200
0,[],2,[],2019-01-20 23:30:49,0.0,0,0,6477059,2019-01-20 23:30:49,,0.0,0.0,0,,0.0,0.0,0.0,201
1,[],4,[],2019-01-23 20:59:33,209449.948993,0.00000967,0.00000000034084235799999996,6479627,2019-01-23 20:59:33,btc,2.2053592480014084,0.0,0.00000967,btc,177061.97940485,0.29734296,1.5130440887925505,211
1,[],7,[],2019-01-23 20:58:16,17821980.72225988,0.000001179999999999999925426948273188276772316385176964104175567626953125,0.00000000004159193199999999,6479576,2019-01-23 20:58:16,btc,16317791.111028813,676056.273263,0.000001179999999999999925426948273188276772316385176964104175567626953125,btc,12612564.15330886,0.0,7.923490443089515,212
1,[],5,[],2019-01-23 20:58:49,5.29e-06,0.00000033,0.000000000011631641999999999,6479595,2019-01-23 20:58:49,btc,0.89566074,0.15434979,0.00000033,btc,3.054e-05,0.0,0.14308816,213
1,[],12,[],2019-01-23 20:58:50,233572.64065331,0.0000010600000000000000155604695795119596368749625980854034423828125,0.000000000037362244,6479596,2019-01-23 20:58:50,btc,85023.03761579405,0.0,0.0000010600000000000000155604695795119596368749625980854034423828125,btc,43689.72820726,0.0005198964203311,0.0081042160622033,213
1,[],24,[],2019-01-23 20:58:50,0.0,0.000000050000,0.0000000000017623699999999999,6479597,2019-01-23 20:58:50,btc,0.0,0.0,0.000000050000,btc,0.0,0.0,0.0,213
1,[],26,[],2019-01-23 20:58:50,0.0,0.00000003,0.0000000000010574219999999999,6479598,2019-01-23 20:58:50,btc,0.0,0.0,0.00000003,btc,0.0,0.0,0.0,213
1,[],22,[],2019-01-23 20:54:10,336251.75,0.00000004,0.000000000001409896,6479457,2019-01-23 20:54:10,BTC,70.2216567,0.0,0.00000004,BTC,174000.46129395306,0.0003432,0.00700807,216
1,[],27,[],2019-01-23 20:54:12,5077895.0,0.00000011,0.000000000003877214,6479458,2019-01-23 20:54:12,btc,619.88519807916,0.0,0.00000011,"btc,ltc",268896.09411,0.0,0.052497,216
1,[],22,[],2019-01-23 20:59:53,286680.98182760586,0.00000224,0.000000000078954176,6479639,2019-01-23 20:59:53,BTC,12547.88031727,0.0,0.00000224,BTC,358851.04314279975,0.12321783,0.40109,217
1,[],7,[],2019-01-23 20:55:45,0.0,0,0,6479495,2019-01-23 20:55:45,btc,302.5729991391106,0.0,0,btc,133152724.1214003,0.0,0.0,219
0,[],27,[],2019-01-23 20:55:46,0.0,0,0,6479496,2019-01-23 20:55:46,,0.0747309448198,0.0,0,btc,1605140.29226592,0.0,0.0,219
0.0000000000000057,[],28,[],2019-01-23 20:55:53,238816286.198,2.280057e-18,8.03660811018e-23,6479497,2019-01-23 20:55:53,doge,143035.5147817675,566532.0,0.00040001,"btc,doge",6859472.34751,0.0,1.738649571899051e-11,219
1,[],22,[],2019-01-23 20:56:06,204716.0,0.0000007,0.000000000024673179999999998,6479503,2019-01-23 20:56:06,BTC,2.08260673,0.0,0.0000007,BTC,18722.55212317522,0.01222786,0.02105448,221
1,[],24,[],2019-01-23 20:56:06,0.0,0.000000800000,0.000000000028197919999999998,6479504,2019-01-23 20:56:06,btc,0.0,0.0,0.000000800000,btc,0.0,0.0,0.0,221
1,[],26,[],2019-01-23 20:59:06,0.0,0.00000002,0.000000000000704948,6479608,2019-01-23 20:59:06,btc,0.0,10714.0,0.00000002,btc,0.0,0.0,0.0,231
1,[],26,[],2019-01-23 20:58:44,0.0,0.00000003,0.0000000000010574219999999999,6479593,2019-01-23 20:58:44,btc,0.0,100.0,0.00000003,btc,0.0,0.0,0.0,234
0,[],27,[],2019-01-23 20:58:46,0.0,0,0,6479594,2019-01-23 20:58:46,,0.001146299618,0.0,0,"btc,eth",11462.99618,0.0,0.0,234
0,[],22,[],2019-01-23 20:55:28,0.0,0,0,6479484,2019-01-23 20:55:28,,3.11852563,0.0,0,,90313875.02329598,0.0,0.0,235
1,[],4,[],2019-01-23 20:59:38,720300.7494382,0.00000105,0.00000000003700977,6479630,2019-01-23 20:59:38,btc,0.3736616315391219,0.0,0.00000105,btc,269056.89620885,0.11905042,0.2480964608782515,236
1,[],24,[],2019-01-23 20:59:38,0.0,0.000000010000,0.000000000000352474,6479631,2019-01-23 20:59:38,btc,0.0,0.0,0.000000010000,btc,0.0,0.0,0.0,236
1,[],20,[],2019-01-23 20:58:42,32656042.7985,0.000000057,0.0000000000020091018,6479591,2019-01-23 20:58:42,btc,14.0751357624785,22852074.1425,0.000000057,btc,25881827.983,1.3523084685675,0.2868297937077,237
0,[],22,[],2019-01-23 20:58:44,0.0,0,0,6479592,2019-01-23 20:58:44,,0.04083605,0.0,0,,4179.0,0.0,0.0,237
1,[],4,[],2019-01-23 20:56:34,5124655.32069441,0.00000031,0.000000000010926694,6479524,2019-01-23 20:56:34,btc,0.5656985679102666,0.0,0.00000031,btc,1676405.54869104,0.25205932,1.475155026781249,238
1,[],5,[],2019-01-23 20:56:35,3.96e-06,0.00000032,0.000000000011279168,6479525,2019-01-23 20:56:35,btc,0.60622001,3.935e-05,0.00000032,btc,2.906e-05,0.0,0.20688641,238
1,[],22,[],2019-01-23 20:56:45,281968.75,0.00000005,0.0000000000017623699999999999,6479529,2019-01-23 20:56:45,BTC,15.40308959,0.0,0.00000005,BTC,224038.69643307183,0.00012245,0.00945438,249
0.00000000008929170000000001,[],22,[],2019-01-23 20:56:20,2422166.0,4.4645850000000005e-18,1.57365013329e-22,6479514,2019-01-23 20:56:20,LTC,0.4349076,0.0,0.00000005,LTC,12631898.29,7.99160715e-13,0.04470538,252
1,[],28,[],2019-01-23 20:57:16,3215469.1,0.00000009,0.000000000003172266,6479547,2019-01-23 20:57:16,btc,164692.82198327387,334275.31,0.00000009,btc,1089681.7025,0.0,0.05558683991,256
0,[],27,[],2019-01-23 20:53:55,0.0,0,0,6479450,2019-01-23 20:53:55,,4.96668,0.0,0,"btc,eth",90.59,0.0,0.0,257
1,[],22,[],2019-01-23 20:54:55,55635.166666666664,0.00000009,0.000000000003172266,6479474,2019-01-23 20:54:55,BTC,35605.68088025,0.0,0.00000009,BTC,709585.3310213444,8.949e-05,0.00078396,258
1,[],22,[],2019-01-23 20:59:49,6620.804,0.00000750,0.00000000026435549999999997,6479638,2019-01-23 20:59:49,BTC,4.68382194,0.0,0.00000750,BTC,5828.378238095238,0.0,0.03359089,262
1,[],5,[],2019-01-23 20:59:30,3.994e-05,0.00000197,0.00000000006943737799999999,6479625,2019-01-23 20:59:30,btc,5.80566074,0.12437163,0.00000197,btc,0.00747596,0.0,0.11860608,264
1,[],20,[],2019-01-23 20:59:32,1786790.6122,0.000001703,0.0000000000600263222,6479626,2019-01-23 20:59:32,btc,5.1529642730957,6466.0097,0.000001703,btc,86224.0867,0.0490723280411,0.0388298466677,264
1,[],22,[],2019-01-23 20:54:16,152106.0,0.0000002,0.0000000000070494799999999996,6479459,2019-01-23 20:54:16,BTC,126.56510974,0.0,0.0000002,BTC,202161.05470818645,0.0,0.00491783,271
0,[],22,[],2019-01-23 20:55:10,0.0,0,0,6479476,2019-01-23 20:55:10,,105.69699934,0.0,0,,10568699925.0,0.0,0.0,272
0.0000000000000057,[],28,[],2019-01-23 20:55:12,361464652681.25,2.8500000000000002e-21,1.0045509000000001e-25,6479477,2019-01-23 20:55:12,doge,4431971.265060808,1107706127.574,0.0000005,doge,122797538596.127,0.0,4.928685925096215e-10,272
