pairValue,buyBook,exchangeId,sellBook,updated,buyTotal,satoshiPrice,usdPrice,exchangeLogId,created,bestPair,sellTotalBtc,volume,pairPrice,activePairs,sellTotal,volumeBtc,buyTotalBtc,coinId
0,[],2,[],2019-01-20 23:28:45,0.0,0,0,6477011,2019-01-20 23:28:45,,0.0,0.0,0,,0.0,0.0,0.0,1
1,[],3,[],2019-06-28 06:58:23,32918.28089249974,0.00826946999999999925179405835251600365154445171356201171875,0.000000948924990288,7774173,2019-06-28 06:58:23,btc,10.78151312601042,105.165621764,0.00826946999999999925179405835251600365154445171356201171875,btc,43.71480841602,0.0,0.2452039438596226,1
1,[],4,[],2019-06-28 06:58:24,207804.56499291,0.00845627,0.0000009703603650080002,7774174,2019-06-28 06:58:24,btc,9.340455991856237,0.0,0.00845627,btc,441.68126315,5.41441187,0.6512163208562377,1
1,[],5,[],2019-06-28 06:58:26,0.0,0,0,7774175,2019-06-28 06:58:26,btc,0.0,0.43920894,0,btc,0.0,0.0,0.0,1
1,[],10,[],2019-06-28 06:58:28,248835.37586751,0.00387888,0.000000445103031552,7774176,2019-06-28 06:58:28,btc,6521.771754987225,1944.41326078,0.00387888,btc,1211.69770539,0.0,1.8060358653381174,1
1,[],12,[],2019-06-28 06:58:32,164.21815885,0.007320000000000000117683640610266593284904956817626953125,0.0000008399729280000001,7774177,2019-06-28 06:58:32,btc,0.7028628032718,0.0,0.007320000000000000117683640610266593284904956817626953125,btc,33.79702498,1.14643652549,0.0562979105369,1
1,[],20,[],2019-06-28 06:58:34,928.163,0.008014669,0.0000009196864736176001,7774178,2019-06-28 06:58:34,btc,0.1463414990491,0.684,0.008014669,btc,10.8079,0.007101480867,0.1258382452661,1
1,[],21,[],2019-06-28 06:58:35,2313.35233512,0.008584619999999999404027839489,0.000000985088578848,7774179,2019-06-28 06:58:35,btc,11.750723145258725,9114.731613439999,0.00858461999999999940402783948911746847443282604217529296875,"btc,eth",2009.55619158,66.33738630311856,14.348790154262073,1
1,[],22,[],2019-06-28 06:58:39,0.0469,0.00850000,0.0000009753784,7774180,2019-06-28 06:58:39,BTC,0.01666796,0.0,0.00850000,BTC,0.25318100557485945,0.0,0.00025139,1
1,[],24,[],2019-06-28 06:58:39,0.0,0.000000000000,0,7774181,2019-06-28 06:58:39,btc,0.0,0.0,0.000000000000,btc,0.0,0.0,0.0,1
0.0,[],25,[],2019-06-28 06:58:40,0.0,0,0,7774182,2019-06-28 06:58:40,btc,51.484499998625544,23658.91974955,0.0,btc,5768.47742235,192.7,0.0,1
1,[],26,[],2019-06-28 06:58:42,0.0,0,0,7774183,2019-06-28 06:58:42,,0.0,0.0,0,,0.0,0.0,0.0,1
0,[],28,[],2019-06-28 06:58:44,0.0,0,0,7774184,2019-06-28 06:58:44,,0.0,0.0,0,,0.0,0.0,0.0,1
1,[],5,[],2019-06-17 14:29:02,0.0,0,0,7740076,2019-06-17 14:29:02,btc,0.0,2.72e-05,0,btc,0.0,0.0,0.0,2
1,[],22,[],2019-06-17 14:29:06,11550.3,0.0000002,0.0000000000185828,7740077,2019-06-17 14:29:06,BTC,21.00897301,0.0,0.0000002,"BTC,XMR",20678.87287795317,1.754e-05,0.00143681,2
1,[],5,[],2019-06-03 14:48:58,0.0,0,0,7731126,2019-06-03 14:48:58,btc,0.0,0.05905545,0,btc,0.0,0.0,0.0,3
1,[],12,[],2019-06-03 14:48:59,3468623.70302,0.000000116,0.000000000009823402000000002,7731127,2019-06-03 14:48:59,btc,169531.0336573751,0.0,0.000000116,btc,2361209.62379607,0.041350953071,0.33764769154428,3
0,[],28,[],2019-06-03 14:49:00,0.0,0,0,7731128,2019-06-03 14:49:00,,0.0,0.0,0,,0.0,0.0,0.0,3
0,[],2,[],2019-01-20 23:31:32,0.0,0,0,6477077,2019-01-20 23:31:32,,0.0,0.0,0,,0.0,0.0,0.0,4
1,[],4,[],2019-05-18 21:29:50,562734.9206932,0.00000010,0.000000000007298720000000001,7650946,2019-05-18 21:29:50,btc,41.9347137769675,0.0,0.00000010,btc,1123702.32192634,0.00052462,0.029254593370966,4
0,[],12,[],2019-06-02 05:03:43,0.0,0,0,7724919,2019-06-02 05:03:43,btc,625.901992874995,0.0,0,btc,1211362.4995005,0.0,0.0,5
0,[],2,[],2019-01-20 23:31:51,0.0,0,0,6477087,2019-01-20 23:31:51,,0.0,0.0,0,,0.0,0.0,0.0,6
1,[],11,[],2019-06-28 06:58:46,6351847.276736,0.00000001,0.0000000000011475040000000002,7774185,2019-06-28 06:58:46,btc,9583.568469362632,300000.0,0.00000001,btc,76378844.64770687,0.0,0.06351847276736,6
1,[],3,[],2019-06-28 06:58:46,12582.683160905666,0.000053289999999999999695521335496550818788819015026092529296875,0.000000006115048816,7774186,2019-06-28 06:58:46,btc,2027.9940079629491,627.29874475,0.000053289999999999999695521335496550818788819015026092529296875,btc,443.864339363096,0.0,0.018121150429664366,7
1,[],4,[],2019-06-28 06:58:47,550928.32022593,0.00006254,0.000000007176490016000001,7774187,2019-06-28 06:58:47,btc,6.723043177588453,0.0,0.00006254,btc,52858.60725378,1.50785673,1.744657547645408,7
1,[],5,[],2019-06-28 06:58:48,0.0,0,0,7774188,2019-06-28 06:58:48,btc,0.0,0.02643726,0,btc,0.0,0.0,0.0,7
1,[],20,[],2019-04-07 22:06:50,3201475.0482,0.000000001,0.000000000000051590000000000004,7213932,2019-04-07 22:06:50,btc,30.8005781811902,0.0,0.000000001,btc,23077405.3926,0.0,0.0032014750482,8
0,[],2,[],2019-01-20 23:22:42,0.0,0,0,6476876,2019-01-20 23:22:42,,0.0,0.0,0,,0.0,0.0,0.0,9
0,[],23,[],2019-01-20 23:22:48,0.0,0,0,6476878,2019-01-20 23:22:48,,0.0,0.0,0,,0.0,0.0,0.0,9
1,[],1,[],2019-02-17 23:31:42,1822507.21,0.00000181000000000000003456111265232042484285557293333113193511962890625,0.000000000066086901,6701244,2019-02-17 23:31:42,btc,3.6990969245,17153386.5,0.00000181000000000000003456111265232042484285557293333113193511962890625,btc,1997391.71,31.11772986,3.2610482446,9
1,[],4,[],2019-06-28 06:58:50,1683898.08917859,0.00000041,0.000000000047047664000000004,7774189,2019-06-28 06:58:50,btc,2.919186370894503,0.0,0.00000041,btc,3054372.83681612,0.32418472,0.2218845448353094,9
0,[],28,[],2019-06-28 06:58:53,0.0,0,0,7774190,2019-06-28 06:58:53,,0.0,0.0,0,,0.0,0.0,0.0,9
1,[],4,[],2019-02-17 11:22:43,4341674.27126056,0.00000002,0.0000000000007272960000000001,6696112,2019-02-17 11:22:43,btc,0.1997230937751353,0.0,0.00000002,btc,4109766.79808031,0.00215132,0.0479381022052112,10
0,[],2,[],2019-01-20 23:23:08,0.0,0,0,6476890,2019-01-20 23:23:08,,0.0,0.0,0,,0.0,0.0,0.0,12
1,[],4,[],2019-06-28 06:58:56,38483345.24262301,0.00000028,0.000000000032130112,7774191,2019-06-28 06:58:56,btc,7.08699298469613,0.0,0.00000028,btc,8277107.58430147,0.59063516,1.1930355874867602,12
1,[],5,[],2019-06-28 06:58:57,0.0,0,0,7774192,2019-06-28 06:58:57,btc,0.0,0.04049515,0,btc,0.0,0.0,0.0,12
0.0,[],25,[],2019-06-28 06:58:59,0.0,0,0,7774193,2019-06-28 06:58:59,,0.0,0.0,0.0,btc,0.0,0.0,0.0,12
1,[],4,[],2019-06-28 06:59:00,447373.75159367,0.00000264,0.00000000030294105600000003,7774194,2019-06-28 06:59:00,btc,2.0469829214502733,0.0,0.00000264,btc,367115.94951651,0.36394631,0.2137695629209368,13
1,[],10,[],2019-06-28 06:59:03,595702.96737319,0.00000259,0.00000000029720353600000004,7774195,2019-06-28 06:59:03,btc,666797.6716647166,38001.2126129,0.00000259,btc,876337.21415404,0.0,0.2279312240146318,13
1,[],21,[],2019-06-28 06:59:04,5829411.21955134,0.000002719999999999999792211569441,0.000000000312121088,7774196,2019-06-28 06:59:04,btc,3.801911897799439,1560006.3601611,0.00000271999999999999979221156944098058971803766326047480106353759765625,btc,1045546.61982865,4.0352969,3.8266630717864443,13
0,[],17,[],2019-05-03 00:53:32,0.0,0,0,7558876,2019-05-03 00:53:32,btc,0.0,0.0,0,btc,0.0,0.0,0.0,14
1,[],4,[],2019-06-28 06:59:05,976860.8105681,0.00000037,0.00000000004245764800000001,7774197,2019-06-28 06:59:05,btc,3.034047439763745,0.0,0.00000037,btc,763762.5415962,0.03236631,0.0834199426936374,14
1,[],12,[],2019-06-28 06:59:07,223114.0,0.00000045,0.00000000005163768,7774198,2019-06-28 06:59:07,btc,193.48222048330607,0.0,0.00000045,btc,40218.55726898,0.002535608172,0.00965024,14
1,[],26,[],2019-06-28 07:01:07,0.0,0.00000050,0.00000000005737520000000001,7774199,2019-06-28 07:01:07,btc,0.0,0.0,0.00000050,btc,0.0,0.0,0.0,14
,[],12,[],2018-12-01 15:15:48,204241.84496,0.00000489,0.000000000202473384,5260204,2018-12-01 15:15:48,btc,49.5475654835,0.0,,btc,35763.2193806,0.0163153972027625,0.0203389899998,15
0,[],4,[],2019-06-28 07:01:08,0.0,0,0,7774200,2019-06-28 07:01:08,,0.0,0.0,0,,0.0,0.0,0.0,15
0,[],2,[],2019-01-20 23:23:38,0.0,0,0,6476906,2019-01-20 23:23:38,,0.0,0.0,0,,0.0,0.0,0.0,18
0,[],17,[],2019-05-03 00:53:39,0.0,0,0,7558882,2019-05-03 00:53:39,btc,0.0,0.0,0,btc,0.0,0.0,0.0,18
1,[],4,[],2019-06-28 07:01:09,31208.16688332,0.00000815,0.0000000009352157600000001,7774201,2019-06-28 07:01:09,btc,2.3579140648225425,0.0,0.00000815,btc,16016.44544402,0.04744084,0.0406356188844359,18
1,[],10,[],2019-06-28 07:01:11,399687.18817869,0.00000771,0.0000000008847255840000001,7774202,2019-06-28 07:01:11,btc,14.898789934550742,28557.9284814,0.00000771,btc,11341.23763454,0.0,0.3057520329716705,18
1,[],12,[],2019-06-28 07:01:13,1705.74594065,0.000008509999999999999837252580292545900420009274967014789581298828125,0.000000000976525904,7774203,2019-06-28 07:01:13,btc,0.5295023727205239,0.0,0.000008509999999999999837252580292545900420009274967014789581298828125,btc,1928.81278592,1.170125e-06,0.0036114730269815,18
0,[],27,[],2019-06-28 07:03:23,0.0,0,0,7774208,2019-06-28 07:03:23,,0.0,0.0,0,btc,0.0,0.0,0.0,19
0,[],2,[],2019-01-20 23:24:19,0.0,0,0,6476924,2019-01-20 23:24:19,,0.0,0.0,0,,0.0,0.0,0.0,19
1,[],3,[],2019-06-28 07:03:13,154101.16651175427,0.00000297999999999999984397354955978354240642147487960755825042724609375,0.000000000341956192,7774204,2019-06-28 07:03:13,btc,190.3436445259008,17088.3479468,0.00000297999999999999984397354955978354240642147487960755825042724609375,btc,18640.820027660637,0.0,0.0520278900500544,19
1,[],4,[],2019-06-28 07:03:14,214671.84482535,0.00000698,0.0000000008009577920000001,7774205,2019-06-28 07:03:14,btc,4.503281215858475,0.0,0.00000698,btc,241328.63166117,0.33218193,0.8099654718494783,19
1,[],5,[],2019-06-28 07:03:17,0.0,0,0,7774206,2019-06-28 07:03:17,btc,0.0,0.0022785,0,btc,0.0,0.0,0.0,19
1,[],12,[],2019-06-28 07:03:18,107187.96808678,0.0000060599999999999995775427918953681682978640310466289520263671875,0.000000000695387424,7774207,2019-06-28 07:03:18,btc,1.2064319292155805,0.0,0.0000060599999999999995775427918953681682978640310466289520263671875,btc,3008.56634116,0.0,0.0096925499997,19
1,[],4,[],2019-06-28 07:03:24,9983391.22860978,0.00000005,0.000000000005737520000000001,7774209,2019-06-28 07:03:24,btc,5.166538972578609,0.0,0.00000005,btc,2239889.57416973,0.00332511,0.1122674220535056,20
0,[],4,[],2019-06-28 07:03:25,0.0,0,0,7774210,2019-06-28 07:03:25,,13889.490431455657,0.0,0,,81729842.85940409,0.0,0.0,21
0,[],12,[],2019-06-28 07:03:26,0.0,0,0,7774211,2019-06-28 07:03:26,btc,2602.953865236953,0.0,0,btc,8123562.49350646,0.0,0.0,21
0,[],17,[],2019-05-03 00:53:51,0.0,0,0,7558891,2019-05-03 00:53:51,btc,0.0,0.0,0,btc,0.0,0.0,0.0,21
1,[],12,[],2019-06-28 07:05:28,6519366138.455566,0.0000000005,0.00000000000005737520000000001,7774212,2019-06-28 07:05:28,btc,1426620276562.2952,0.0,0.0000000005,btc,2717926409.9180818,0.109660585522,1.7839165381000832,23
0.0000000002644346,[],27,[],2019-06-28 07:05:34,43175472.03796204,7.933038e-18,9.103192837152e-22,7774213,2019-06-28 07:05:34,eth,1071.066585,3910362.462,0.00000003,eth,2403036.294,5.170175664825579e-10,1.956246821091583e-10,23
1,[],4,[],2019-06-22 05:45:29,6100414.07522138,0.00000017,0.00000000001823352,7751732,2019-06-22 05:45:29,btc,10.22685272773715,0.0,0.00000017,btc,1790815.48208265,0.0,0.1345450262400025,24
0,[],22,[],2019-06-22 05:45:31,0.0,0,0,7751733,2019-06-22 05:45:31,,6.22e-05,0.0,0,,517.4264705882352,0.0,0.0,24
0.0,[],25,[],2019-06-22 05:45:32,0.0,0,0,7751734,2019-06-22 05:45:32,,0.0,0.0,0.0,btc,0.0,0.0,0.0,24
1,[],4,[],2019-06-28 07:05:34,26929595.49053159,0.00000340,0.00000000039015136000000005,7774214,2019-06-28 07:05:34,btc,6.409526194375443,0.0,0.00000340,btc,201704.26457911,0.13877947,0.3609247813384198,26
1,[],10,[],2019-06-28 07:05:37,128898.91511697,0.00000448,0.000000000514081792,7774215,2019-06-28 07:05:37,btc,25.131529876009555,3694.11285598,0.00000448,btc,19878.2901064,0.0,0.0482038778101048,26
0,[],2,[],2019-01-20 23:25:56,0.0,0,0,6476976,2019-01-20 23:25:56,,0.0,0.0,0,,0.0,0.0,0.0,26
1,[],5,[],2019-04-26 09:47:06,0.0,0,0,7465326,2019-04-26 09:47:06,btc,0.0,0.0,0,btc,0.0,0.0,0.0,27
1,[],3,[],2019-06-17 14:30:26,13571825.64059417,0.00000001,0.00000000000092914,7740112,2019-06-17 14:30:26,btc,3.485049956644059,4264730.43754,0.00000001,btc,23500048.28518193,0.0,0.1357182564059417,27
1,[],11,[],2019-06-17 14:30:28,2031833.58157834,0.00000001,0.00000000000092914,7740113,2019-06-17 14:30:28,btc,67502.92060589766,32677.9652116,0.00000001,btc,6487362.95640949,0.0,0.0203183358157834,27
1,[],4,[],2019-06-28 07:05:38,429033270.0545808,0.00000001,0.0000000000011475040000000002,7774216,2019-06-28 07:05:38,btc,10.579539720455703,0.0,0.00000001,"btc,ltc",616873330.3847693,0.26915607,0.09894038828802622,29
1,[],7,[],2019-06-28 07:05:40,6113563.39628903,0.00000001,0.0000000000011475040000000002,7774217,2019-06-28 07:05:40,btc,46548272.40432234,44589.5504236,0.00000001,btc,46096286.48409004,0.00048785,0.061135633962890304,29
1,[],4,[],2019-06-28 07:05:40,15532901.4650687,0.00000003,0.0000000000034425120000000004,7774218,2019-06-28 07:05:40,btc,2.5761836567667915,0.0,0.00000003,btc,2271461.54845355,0.0,0.1640680086667236,30
0,[],17,[],2019-05-03 01:11:25,0.0,0,0,7559066,2019-05-03 01:11:25,btc,0.0,0.0,0,btc,0.0,0.0,0.0,30
1,[],4,[],2019-06-28 07:07:41,219383.18002107,0.00002650,0.0000000030408856000000005,7774219,2019-06-28 07:07:41,btc,3.6527692458951284,0.0,0.00002650,btc,56459.23050412,0.36529289,0.3217723523334719,31
1,[],21,[],2019-06-28 07:07:43,735241.30321152,0.00002900000000000000017000290065,0.0000000033277616,7774220,2019-06-28 07:07:43,btc,5.173395379326956,127987.12575006,0.0000290000000000000001700029006457270952523685991764068603515625,btc,128448.21151727,3.74780343,3.629843687989467,31
0,[],2,[],2019-01-20 23:28:43,0.0,0,0,6477009,2019-01-20 23:28:43,,0.0,0.0,0,,0.0,0.0,0.0,32
0,[],4,[],2019-06-28 06:42:39,0.0,0,0,7774104,2019-06-28 06:42:39,,0.0,0.0,0,,0.0,0.0,0.0,33
1,[],12,[],2019-03-30 07:55:10,40641173.964,0.00000003,0.000000000001228359,7108785,2019-03-30 07:55:10,btc,4233210.82356125,0.0,0.00000003,btc,28378394.68333462,0.0126927883965248,0.90752895892,33
0.00000000010154919999999999,[],4,[],2019-06-28 07:07:44,150926937.1804926,5.585206e-17,6.409046225824001e-21,7774221,2019-06-28 07:07:44,ltc,4.523081338838962,0.0,0.00000055,ltc,165666703.343699,0.00077867,7.427696297573783e-10,34
1,[],5,[],2019-06-28 07:07:44,0.0,0,0,7774222,2019-06-28 07:07:44,btc,0.0,0.00218496,0,btc,0.0,0.0,0.0,34
0.0000000002926451,[],17,[],2019-05-02 18:17:47,200000.0,2.9264510000000002e-18,1.596703856561e-22,7556430,2019-05-02 18:17:47,eth,0.20942468735267253,0.0,0.00000001,"btc,eth",1018272.20243647,0.0,5.852902e-13,36
0.0000000001311821,[],4,[],2019-05-31 13:28:19,2417517744.0607657,1.311821e-18,1.105058333085e-22,7717483,2019-05-31 13:28:19,ltc,5.019900492391546e-08,0.0,0.00000001,ltc,7102398142.262129,0.0,3.171350544531538e-09,36
1,[],5,[],2019-05-31 13:28:21,0.0,0,0,7717484,2019-05-31 13:28:21,btc,0.0,0.0,0,btc,0.0,0.0,0.0,36
0.0000000003108179,[],27,[],2019-05-31 13:30:34,10388811.226876,6.216358000000001e-18,5.236566733830001e-22,7717485,2019-05-31 13:30:34,eth,1569.8708019850988,761866.634299,0.00000002,"ltc,eth",5084024.2511555,4.736034912207001e-12,3.3251980286483705e-11,36
1,[],4,[],2019-06-25 10:05:55,10747826.61931615,0.00000014,0.000000000015920562,7762320,2019-06-25 10:05:55,btc,19773.05513423956,0.0,0.00000014,btc,682946.14349671,0.0006293,0.1362851255028938,37
1,[],12,[],2019-06-25 10:05:57,4167862.54235103,0.00000013,0.000000000014783379,7762321,2019-06-25 10:05:57,btc,7.381091518261743,0.0,0.00000013,btc,1713444.53926904,0.016313049979,0.1478110147956336,37
1,[],27,[],2019-06-25 10:08:02,10970.0,0.00000019,0.000000000021606477,7762322,2019-06-25 10:08:02,btc,22.62970013895233,0.0,0.00000019,btc,4298.824295,0.0,0.00167419,37
1,[],17,[],2019-05-03 01:11:36,211752.74075282,0.00000025,0.000000000013700074999999998,7559074,2019-05-03 01:11:36,btc,0.055484923955058496,0.0,0.00000025,"btc,eth",1387.19918473,0.0,0.0005381851887916605,37
1,[],5,[],2019-06-28 07:07:45,0.0,0,0,7774223,2019-06-28 07:07:45,btc,0.0,0.22793852,0,btc,0.0,0.0,0.0,42
1,[],12,[],2019-06-28 07:07:47,2025681.62019596,0.000001410000000000000052661867921965921368609997443854808807373046875,0.00000000016179806400000002,7774224,2019-06-28 07:07:47,btc,524.5614884813109,0.0,0.000001410000000000000052661867921965921368609997443854808807373046875,btc,140082.27300575,0.062426630588,0.062593109999936,42
1,[],27,[],2019-06-28 07:07:53,683.0,0.00000140,0.00000000016065056000000002,7774225,2019-06-28 07:07:53,btc,0.07600425,0.0,0.00000140,"btc,eth",18.0,0.0,0.0005422,42
1,[],12,[],2019-03-13 09:13:29,1112112.0,0.00000001,0.000000000000386531,6919902,2019-03-13 09:13:29,btc,29058.00478931866,0.0,0.00000001,btc,5967681.93306694,9.99000999e-07,0.01112112,43
1,[],5,[],2019-04-26 22:38:52,0.0,0,0,7474154,2019-04-26 22:38:52,btc,0.0,0.02638891,0,btc,0.0,0.0,0.0,43
0,[],17,[],2019-04-26 22:38:53,0.0,0,0,7474155,2019-04-26 22:38:53,btc,0.0,0.0,0,btc,0.0,0.0,0.0,43
1,[],12,[],2019-03-05 01:54:08,639326.02,0.00000004,0.000000000001486676,6845775,2019-03-05 01:54:08,btc,11116042.728239931,0.0,0.00000004,btc,1103841.4595604,0.0003330765234764,0.014975410599999999,44
0.00000000010154919999999999,[],4,[],2019-06-28 07:07:54,109649057.81258757,4.3666156e-17,5.0107088674624e-21,7774226,2019-06-28 07:07:54,ltc,2762.213572294421,0.0,0.00000043,ltc,26766367.82386898,0.00066187,4.5927466128935696e-10,49
0.00000000010154919999999999,[],4,[],2019-06-28 07:07:55,318063839.28515255,2.030984e-17,2.330562263936e-21,7774227,2019-06-28 07:07:55,ltc,28232.10643299498,0.0,0.0000002,ltc,195886744.31908157,0.0,1.8788449925722035e-09,52
0,[],22,[],2019-06-27 15:51:08,0.0,0,0,7771544,2019-06-27 15:51:08,,10289.80784133,0.0,0,,287058287.4566013,0.0,0.0,57
0,[],27,[],2019-06-27 15:51:16,0.0,0,0,7771545,2019-06-27 15:51:16,,0.0,0.0,0,"btc,eth",0.0,0.0,0.0,57
0,[],4,[],2019-06-28 07:07:56,0.0,0,0,7774228,2019-06-28 07:07:56,,19.7193621962722,0.0,0,,6085129995.992692,0.0,0.0,58
0,[],12,[],2019-06-28 07:07:57,0.0,0,0,7774229,2019-06-28 07:07:57,btc,53807356.993966885,0.0,0,btc,3416383222.9629936,0.04007240719,0.0,58
0.00000000008544120000000001,[],22,[],2019-06-28 07:10:00,126877.0,8.544120000000001e-19,9.804411876480002e-23,7774230,2019-06-28 07:10:00,XMR,68.17454206,0.0,0.00000001,XMR,9626402.6,0.0,0.00126877,58
1,[],17,[],2019-05-03 01:12:09,1200000.0,0.0000000001,0.00000000000000548003,7559085,2019-05-03 01:12:09,btc,1e+24,0.0,0.0000000001,"btc,eth",39516342.31952568,0.0,0.00010000000058666061,58
1,[],5,[],2019-06-17 14:31:27,0.0,0,0,7740135,2019-06-17 14:31:27,btc,0.0,0.00079154,0,btc,0.0,0.0,0.0,61
1,[],22,[],2019-06-17 14:31:30,13612.833333333334,0.00000012,0.00000000001114968,7740136,2019-06-17 14:31:30,BTC,1002.29123003,0.0,0.00000012,BTC,15014.200177125656,0.0,0.00153257,61
1,[],26,[],2019-06-17 14:31:30,0.0,0.00000050,0.000000000046457,7740137,2019-06-17 14:31:30,btc,0.0,0.0,0.00000050,btc,0.0,0.0,0.0,61
1,[],27,[],2019-06-17 14:31:36,8400.0,0.00000018,0.00000000001672452,7740138,2019-06-17 14:31:36,btc,1.9742539297246655,0.0,0.00000018,"btc,eth",10953.51663696,0.0,0.001512,61
0,[],28,[],2019-06-17 14:31:38,0.0,0,0,7740139,2019-06-17 14:31:38,,0.0,0.0,0,,0.0,0.0,0.0,61
1,[],4,[],2019-06-28 07:10:01,316262.25560158,0.00000066,0.00000000007573526400000001,7774231,2019-06-28 07:10:01,btc,3.4621222666163267,0.0,0.00000066,btc,1266184.69966048,0.06844643,0.1504851070040257,67
0.0,[],25,[],2019-06-28 07:10:07,0.0,0,0,7774232,2019-06-28 07:10:07,,0.0,0.0,0.0,btc,0.0,0.0,0.0,67
1,[],12,[],2019-06-02 06:23:14,910048.355,0.00000006,0.000000000005154929999999999,7725270,2019-06-02 06:23:14,btc,5.167005424215783,0.0,0.00000006,btc,738530.60239759,0.003159757462,0.0187188113,71
,[],5,[],2018-11-20 23:02:39,1.5e-07,0.00000005,0.000000000002128045,4862160,2018-11-20 23:02:39,btc,2.84511358,0.0,,btc,0.00036572,0.0,0.07381892,74
1,[],5,[],2019-06-28 07:10:08,0.0,0,0,7774233,2019-06-28 07:10:08,btc,0.0,0.00133642,0,btc,0.0,0.0,0.0,75
1,[],4,[],2019-06-04 03:25:15,715281.46076168,0.00000001,0.000000000000803619,7734085,2019-06-04 03:25:15,btc,581089.6218469425,0.0,0.00000001,btc,37692563.61091116,0.0,0.0071528146076168,81
0,[],20,[],2019-01-25 09:30:31,0.0,0,0,6495923,2019-01-25 09:30:31,btc,0.0,0.0,0,btc,0.0,0.0,0.0,81
1,[],4,[],2019-06-28 07:10:09,223941.23299065,0.00007031,0.000000008068100624,7774234,2019-06-28 07:10:09,btc,58.41027087563623,0.0,0.00007031,btc,118587.52386755,0.55138486,0.2104272566862368,82
1,[],21,[],2019-06-28 07:10:11,313707.60086081,0.00006732999999999999402033878937,0.000000007726144432,7774235,2019-06-28 07:10:11,btc,4.257710643811058,81912.54585802,0.000067329999999999994020338789368906873278319835662841796875,btc,44954.19762193,5.19995026,3.2120610899603395,82
0,[],17,[],2019-03-25 22:42:34,0.0,0,0,7038780,2019-03-25 22:42:34,btc,0.0445064681804024,0.0,0,btc,995513.18476001,0.0,0.0,84
0.0000000001161485,[],4,[],2019-05-20 13:09:39,216715621.0206096,1.161485e-18,9.0533806701e-23,7657228,2019-05-20 13:09:39,ltc,1.6511566870244727,0.0,0.00000001,ltc,471032407.9048656,0.0,2.5171194308112273e-10,85
,[],22,[],2018-11-20 23:09:34,3408.1,0.0000001,0.0000000000041895,4862324,2018-11-20 23:09:34,BTC,0.04624735,0.0,,BTC,4990.0,0.0,0.00033081,86
1,[],22,[],2019-06-26 09:07:19,62694.0,0.00000005,0.0000000000063518149999999994,7766682,2019-06-26 09:07:19,BTC,1.85249053,0.0,0.00000005,BTC,287024.94736842107,0.0003,0.00062846,87
1,[],27,[],2019-06-26 09:07:25,361781.0,0.0000002,0.000000000025407259999999998,7766683,2019-06-26 09:07:25,btc,19.86923154858,99950.0,0.0000002,btc,548343.482,0.01999,0.01237888,87
,[],2,[],2018-11-20 23:10:47,0.0,0,0,4862359,2018-11-20 23:10:47,,0.0,0.0,,,0.0,0.0,0.0,88
1,[],11,[],2019-06-17 14:31:59,193715.3529613,0.000073310000000000001140094962881477158589405007660388946533203125,0.00000000681152534,7740147,2019-06-17 14:31:59,btc,168.35454702024953,5791.70569014,0.000073310000000000001140094962881477158589405007660388946533203125,btc,196971.41170107,0.0,1.1996165759440112,89
0,[],2,[],2019-01-20 23:31:45,0.0,0,0,6477083,2019-01-20 23:31:45,,0.0,0.0,0,,0.0,0.0,0.0,91
1,[],12,[],2019-06-28 06:45:16,395683.4530769,0.00000026,0.000000000029856632,7774120,2019-06-28 06:45:16,btc,122.14785942724598,0.0,0.00000026,btc,292630.68259661,0.000461238761,0.0253584629538402,91
1,[],22,[],2019-06-28 06:47:20,75900.0,0.00000001,0.000000000001148332,7774121,2019-06-28 06:47:20,BTC,0.495,0.0,0.00000001,"BTC,LTC",4.95,0.0,0.001659,91
0,[],17,[],2019-05-03 01:12:26,0.0,0,0,7559096,2019-05-03 01:12:26,btc,0.0,0.0,0,btc,0.0,0.0,0.0,91
1,[],22,[],2019-06-28 06:47:24,105655.66666666667,0.00000003,0.000000000003444996,7774122,2019-06-28 06:47:24,BTC,11.44491096,0.0,0.00000003,"BTC,LTC",322708.4683191416,0.0,0.06677967,95
0.00000000010154919999999999,[],4,[],2019-06-28 07:10:12,538517416.2857559,4.061968e-17,4.661124527872e-21,7774236,2019-06-28 07:10:12,ltc,10.925358709688496,0.0,0.0000004,ltc,154256371.5071718,0.0,7.021406126269955e-10,96
0,[],12,[],2019-06-28 07:10:13,0.0,0,0,7774237,2019-06-28 07:10:13,btc,36.63288118448551,0.0,0,btc,9955295.448551439,0.0,0.0,96
0,[],17,[],2019-05-03 01:12:32,0.0,0,0,7559100,2019-05-03 01:12:32,btc,0.0,0.0,0,btc,0.0,0.0,0.0,96
1,[],4,[],2019-04-14 03:32:46,1039404.33283278,0.00000038,0.000000000019245518,7293458,2019-04-14 03:32:46,btc,4.170086055365747,0.0,0.00000038,btc,3097704.34561074,0.06260606,0.1859928211030784,99
0,[],2,[],2019-01-20 23:23:55,0.0,0,0,6476914,2019-01-20 23:23:55,,0.0,0.0,0,,0.0,0.0,0.0,100
1,[],4,[],2019-06-28 06:49:27,207478.88967542,0.00001225,0.0000000014067067,7774125,2019-06-28 06:49:27,btc,7.750417340843067,0.0,0.00001225,btc,173714.73052685,0.61024293,0.5953818336177014,100
1,[],22,[],2019-06-05 06:30:35,150000.0,0.00000002,0.000000000001558192,7740007,2019-06-05 06:30:35,BTC,28.56386409,0.0,0.00000002,BTC,12787.719,0.0,0.0017,101
1,[],4,[],2019-06-28 06:49:28,437460.06573378,0.00000153,0.000000000175694796,7774126,2019-06-28 06:49:28,btc,882.6035798842819,0.0,0.00000153,btc,739623.67774683,0.00127057,0.0785813672610665,103
1,[],12,[],2019-06-17 14:32:14,179201505.10870332,0.000000005,0.00000000000046457,7740154,2019-06-17 14:32:14,btc,113577.79366343976,0.0,0.000000005,btc,79148141.67831126,0.019059029059,0.27280986350611003,105
1,[],27,[],2019-06-17 14:32:19,18306828.03496503,0.00000002,0.00000000000185828,7740155,2019-06-17 14:32:19,btc,180.7198218385489,1083.96503497,0.00000002,btc,276513.60142659,7.588e-05,0.3661365606993006,105
1,[],22,[],2019-04-21 00:17:26,21333.0,0.00000001,0.000000000000532493,7385819,2019-04-21 00:17:26,BTC,51.38182867,0.0,0.00000001,BTC,470435.0,0.0,0.00021333,107
1,[],26,[],2019-04-21 00:17:26,0.0,0.00000000,0,7385820,2019-04-21 00:17:26,btc,0.0,0.0,0.00000000,btc,0.0,0.0,0.0,107
1,[],5,[],2019-06-28 06:49:32,0.0,0,0,7774127,2019-06-28 06:49:32,btc,0.0,0.0,0,btc,0.0,0.0,0.0,112
0,[],22,[],2019-06-28 06:49:35,0.0,0,0,7774128,2019-06-28 06:49:35,,6.79500102,0.0,0,,3375892.0833333335,0.0,0.0,112
1,[],27,[],2019-06-28 06:49:42,1.0,0.00000001,0.000000000001148332,7774129,2019-06-28 06:49:42,btc,0.0,0.0,0.00000001,"btc,eth",0.0,0.0,1e-08,112
1,[],4,[],2019-06-28 06:49:42,934832.86568676,0.00000045,0.00000000005167494,7774130,2019-06-28 06:49:42,btc,6.393253776152043,0.0,0.00000045,btc,1003272.82546709,0.02169498,0.1067560684128577,113
1,[],5,[],2019-06-28 06:49:44,0.0,0,0,7774131,2019-06-28 06:49:44,btc,0.0,6e-07,0,btc,0.0,0.0,0.0,113
1,[],17,[],2019-04-26 02:17:47,162738.278,0.00000004,0.0000000000021069000000000002,7461287,2019-04-26 02:17:47,btc,1.3331140273775473,0.0,0.00000004,btc,51796.221,0.0,0.00230953112,116
1,[],27,[],2019-05-22 05:13:01,210000.0,0.00000001,0.00000000000079145,7666372,2019-05-22 05:13:01,btc,3919.0005001478,0.0,0.00000001,btc,128660.871,0.0,0.0021,116
1,[],4,[],2019-05-21 22:31:11,138169.03963019,0.00000701,0.000000000558364025,7664793,2019-05-21 22:31:11,btc,150.95388250938234,0.0,0.00000701,btc,344631.17141974,0.07552974,0.4288357684941946,120
1,[],7,[],2019-05-21 22:31:12,3901.07750076,0.000010679999999999999389654892212320191902108490467071533203125,0.0000000008506887,7664794,2019-05-21 22:31:12,btc,231188.94669936574,0.0,0.000010679999999999999389654892212320191902108490467071533203125,btc,4133.83151364,0.0,0.0113888422364489,120
1,[],20,[],2019-04-07 18:42:29,1914137.0852,0.000000035,0.0000000000017871910000000002,7211992,2019-04-07 18:42:29,btc,32.2497668025648,25528.85,0.000000035,btc,1001975.4986,0.00089350975,0.0152723574729,125
1,[],22,[],2019-06-17 14:32:38,10000.0,0.00000001,0.00000000000092914,7740161,2019-06-17 14:32:38,BTC,0.032061,0.0,0.00000001,BTC,299316.7611111111,0.0,0.0001,126
0,[],2,[],2019-01-20 23:25:46,0.0,0,0,6476969,2019-01-20 23:25:46,,0.0,0.0,0,,0.0,0.0,0.0,131
1,[],4,[],2019-06-28 06:49:45,902609.99915649,0.00000300,0.0000000003444996,7774132,2019-06-28 06:49:45,btc,2.3967284985987742,0.0,0.00000300,btc,174820.75045652,0.04845908,0.5615765056557149,131
1,[],17,[],2019-05-03 01:13:10,10000.0,0.00000001,0.000000000000548003,7559115,2019-05-03 01:13:10,btc,0.0953976503951408,0.0,0.00000001,btc,5037.62507334,0.0,0.0001,131
1,[],4,[],2019-06-17 14:32:42,4848.49465417,0.00007919,0.00000000735785966,7740163,2019-06-17 14:32:42,btc,0.9905723729472744,0.0,0.00007919,btc,202.13055914,0.0,0.0061509344290166,135
1,[],3,[],2019-06-05 06:33:11,40600.27748212,0.00000001,0.000000000000779096,7740019,2019-06-05 06:33:11,btc,0.2308097808993716,2146378.52189,0.00000001,btc,2477992.76904676,0.0,0.0004060027748212,136
1,[],4,[],2019-06-28 06:51:47,186012.51246362,0.00000163,0.000000000187178116,7774133,2019-06-28 06:51:47,btc,112.49943616732625,0.0,0.00000163,btc,500646.25711168,0.13030235,0.20832418371515,137
1,[],12,[],2019-06-28 06:51:48,62914.79659857,0.0000015000000000000000380012861456169304119612206704914569854736328125,0.00000000017224980000000001,7774134,2019-06-28 06:51:48,btc,80.2406124260612,0.0,0.0000015000000000000000380012861456169304119612206704914569854736328125,btc,82606.19175735,0.001221954585,0.0095266099999021,137
1,[],4,[],2019-06-28 06:51:49,402345.48893465,0.00001056,0.000000001212638592,7774135,2019-06-28 06:51:49,btc,5.9556402415778695,0.0,0.00001056,btc,165403.03254701,0.08508294,0.1480057797955915,142
1,[],5,[],2019-06-28 06:51:50,0.0,0,0,7774136,2019-06-28 06:51:50,btc,0.0,0.02986219,0,btc,0.0,0.0,0.0,142
1,[],20,[],2019-06-28 06:53:52,273638.8742,0.000010123,0.0000000011624564836,7774137,2019-06-28 06:53:52,btc,1.6095948276276,12.0316,0.000010123,btc,10035.3533,0.0001219162028,0.0068422779243,142
1,[],22,[],2019-06-28 06:53:57,10820.0,0.00000600,0.0000000006889992,7774138,2019-06-28 06:53:57,BTC,2.99759384,0.0,0.00000600,BTC,835.7198755539798,0.0,0.0053672,142
0.0,[],25,[],2019-06-28 06:54:33,0.0,0,0,7774139,2019-06-28 06:54:33,,0.0,0.0,0.0,btc,0.0,0.0,0.0,142
0,[],28,[],2019-06-28 06:54:35,0.0,0,0,7774140,2019-06-28 06:54:35,,0.0,0.0,0,,0.0,0.0,0.0,142
1,[],17,[],2019-05-03 01:13:16,32967.38636364,0.00000088,0.000000000048224264,7559122,2019-05-03 01:13:16,btc,20.06976206696776,0.0,0.00000088,btc,2746.079105,0.0,0.0105613000000032,142
0,[],22,[],2019-06-28 06:54:38,0.0,0,0,7774141,2019-06-28 06:54:38,,1635.49920992,0.0,0,,707007055.1744589,0.0,0.0,143
0,[],22,[],2019-02-25 15:42:22,0.0,0,0,6783783,2019-02-25 15:42:22,,4.2131946,0.0,0,,2322156.0,0.0,0.0,146
,[],22,[],2018-11-20 23:01:11,0.0,0,0,4862114,2018-11-20 23:01:11,,2.56807021,0.0,,,61828.4988236,0.0,0.0,147
1,[],12,[],2019-04-21 06:38:04,193091.5971266,0.00000071,0.000000000037635183,7388679,2019-04-21 06:38:04,btc,2.301232411611175,0.0,0.00000071,btc,9957.48302385,0.00023528,0.0313308199999888,148
1,[],4,[],2019-03-19 21:31:25,255810.0415942,0.00000029,0.000000000011615747,6982695,2019-03-19 21:31:25,btc,218.94922712414143,0.0,0.00000029,btc,793529.37642722,0.00117,0.0608347789473395,152
0,[],22,[],2019-03-19 21:31:27,0.0,0,0,6982696,2019-03-19 21:31:27,,0.0,0.0,0,,0.0,0.0,0.0,152
1,[],5,[],2019-04-26 09:36:59,0.0,0,0,7465040,2019-04-26 09:36:59,btc,0.0,0.0,0,btc,0.0,0.0,0.0,153
,[],16,[],2019-01-11 15:38:59,0.0,0,0,6366141,2019-01-11 15:38:59,btc,0.0,0.0,,btc,0.0,0.0,0.0,155
0,[],23,[],2019-01-20 23:24:29,0.0,0,0,6476932,2019-01-20 23:24:29,,0.0,0.0,0,,0.0,0.0,0.0,156
0,[],22,[],2019-06-04 06:02:09,0.0,0,0,7734688,2019-06-04 06:02:09,,7.43375324,0.0,0,,5955762.942592593,0.0,0.0,156
1,[],22,[],2019-06-28 06:54:42,6996.0,0.00000001,0.000000000001148332,7774142,2019-06-28 06:54:42,BTC,1.7543039,0.0,0.00000001,BTC,57.0,0.0,6.996e-05,157
0,[],22,[],2019-05-21 23:40:32,0.0,0,0,7665049,2019-05-21 23:40:32,,50234.60468402,0.0,0,,54786159.03179465,0.0,0.0,158
,[],17,[],2018-11-20 22:56:10,0.0,0,0,4861976,2018-11-20 22:56:10,btc,1.1265625,0.0,,btc,1000.0,0.0,0.0,159
,[],20,[],2018-11-20 22:56:12,0.0,0,0,4861977,2018-11-20 22:56:12,btc,11912.7940471,0.0,,btc,34413894.3617,0.0,0.0,159
1,[],12,[],2019-05-24 02:51:20,9178.522006449999,0.00000191999999999999982841307998027158276954651228152215480804443359375,0.000000000151222656,7676256,2019-05-24 02:51:20,btc,149.80414728631675,0.0,0.00000191999999999999982841307998027158276954651228152215480804443359375,btc,1115.7451448499999,0.01783167678326,0.0120075778999181,168
1,[],17,[],2019-05-03 01:13:36,42852.0,0.00000002,0.000000000001096006,7559132,2019-05-03 01:13:36,btc,0.04279856251542,0.0,0.00000002,btc,274.46171372,0.0,0.00052852,168
1,[],22,[],2019-05-17 03:01:52,10.0,0.00000001,0.000000000000778341,7642059,2019-05-17 03:01:52,BTC,41.95893009,0.0,0.00000001,BTC,1753972.7737547632,0.0,1e-07,169
1,[],22,[],2019-05-30 08:38:18,202834.0,0.00000002,0.0000000000017416160000000001,7711049,2019-05-30 08:38:18,BTC,27.87002826,0.0,0.00000002,BTC,462189.5410507793,0.0,0.00211768,171
1,[],22,[],2019-05-29 08:05:18,349870.0,0.00000002,0.000000000001705894,7705265,2019-05-29 08:05:18,BTC,24.05907723,0.0,0.00000002,"BTC,LTC",1224285.4355616204,0.0,0.0039847,173
1,[],5,[],2019-06-28 06:54:45,0.0,0,0,7774143,2019-06-28 06:54:45,btc,0.0,0.00302586,0,btc,0.0,0.0,0.0,175
1,[],22,[],2019-06-17 14:33:12,90671.0,0.00000001,0.00000000000092914,7740175,2019-06-17 14:33:12,BTC,394.35459412,0.0,0.00000001,BTC,136275.61833431243,0.0,0.00090671,176
1,[],7,[],2019-06-28 06:54:47,0.0,0,0,7774144,2019-06-28 06:54:47,btc,521516.243407432,0.0,0,btc,27713522.85351229,0.0,0.0,178
0,[],22,[],2019-06-28 06:54:50,0.0,0,0,7774145,2019-06-28 06:54:50,,1.00242428,0.0,0,,57512.0,0.0,0.0,178
0,[],2,[],2019-01-20 23:28:34,0.0,0,0,6477001,2019-01-20 23:28:34,,0.0,0.0,0,,0.0,0.0,0.0,178
0,[],23,[],2019-01-20 23:25:08,0.0,0,0,6476952,2019-01-20 23:25:08,,0.0,0.0,0,,0.0,0.0,0.0,179
1,[],5,[],2019-06-28 06:54:51,0.0,0,0,7774146,2019-06-28 06:54:51,btc,0.0,0.0,0,btc,0.0,0.0,0.0,179
0,[],22,[],2019-06-28 06:54:54,0.0,0,0,7774147,2019-06-28 06:54:54,,9.34623917,0.0,0,,14491075.311946675,0.0,0.0,179
1,[],22,[],2019-06-28 06:56:58,697219.0863636363,0.0000004,0.000000000045933279999999997,7774148,2019-06-28 06:56:58,BTC,40.60381921,0.0,0.0000004,"BTC,LTC",158080.44444646587,0.00267995,0.56589111,180
1,[],26,[],2019-06-28 06:56:58,0.0,0.00000010,0.000000000011483319999999999,7774149,2019-06-28 06:56:58,btc,0.0,0.0,0.00000010,btc,0.0,0.0,0.0,180
1,[],17,[],2019-05-03 01:13:56,20504.725000000002,0.0000001,0.00000000000548003,7559141,2019-05-03 01:13:56,btc,5.2010695838400265,0.0,0.0000001,btc,5033.45945,0.0,0.0011504725,180
,[],7,[],2018-11-20 22:58:01,562227.975654,0.00000085,0.000000000036176765,4862015,2018-11-20 22:58:01,btc,21836.6059674,2491.87645172,,btc,749999.041456,0.00211021,0.127565380455,183
,[],5,[],2019-01-10 08:11:41,0.0,0,0,6347036,2019-01-10 08:11:41,btc,82.15055501,0.00261,,btc,1.19002445,0.0,0.0,187
,[],17,[],2018-11-16 20:58:10,4062536.27273,0.00000001,0.000000000000550501,4708775,2018-11-16 20:58:10,btc,3.36492563466,0.195460381006,,"btc,eth",110697919.549,0.0,0.0157628953496,187
1,[],24,[],2019-05-22 21:04:52,0.0,0.000000000014,0.0000000000000010960978,7670219,2019-05-22 21:04:52,btc,0.0,0.0,0.000000000014,btc,0.0,0.0,0.0,187
0,[],22,[],2019-04-25 02:54:07,0.0,0,0,7447896,2019-04-25 02:54:07,,7.54794454,0.0,0,,76361.7243344055,0.0,0.0,191
0,[],22,[],2019-06-17 14:33:34,0.0,0,0,7740182,2019-06-17 14:33:34,,0.0,0.0,0,,0.0,0.0,0.0,197
0,[],23,[],2019-01-20 23:31:41,0.0,0,0,6477079,2019-01-20 23:31:41,,0.0,0.0,0,,0.0,0.0,0.0,199
0,[],22,[],2019-06-28 06:57:01,0.0,0,0,7774150,2019-06-28 06:57:01,,10.58263174,0.0,0,,84280969.0,0.0,0.0,199
1,[],26,[],2019-06-28 06:57:01,0.0,0.00000000,0,7774151,2019-06-28 06:57:01,btc,0.0,0.0,0.00000000,btc,0.0,0.0,0.0,199
0,[],2,[],2019-01-20 23:30:49,0.0,0,0,6477059,2019-01-20 23:30:49,,0.0,0.0,0,,0.0,0.0,0.0,201
1,[],4,[],2019-01-25 15:51:35,2084389.58565343,0.00000936,0.000000000333526752,6499557,2019-01-25 15:51:35,btc,2.0092503037378524,0.0,0.00000936,btc,160195.80207885,0.19272417,1.242687955921835,211
1,[],7,[],2019-06-28 06:57:04,1170054124.6898527,0.00000018,0.000000000020669976,7774152,2019-06-28 06:57:04,btc,1346736.4469260364,0.0,0.00000018,btc,5688078.26464841,0.0,11.954344045954047,212
1,[],12,[],2019-01-25 02:44:32,207462.42853209,0.000001080000000000000035831255497387193287295303889550268650054931640625,0.000000000038610756000000006,6493050,2019-01-25 02:44:32,btc,85023.03793723314,0.0,0.000001080000000000000035831255497387193287295303889550268650054931640625,btc,43675.73520027,0.000146250909087,0.0348620860622024,213
1,[],5,[],2019-05-30 00:07:46,0.0,0,0,7709357,2019-05-30 00:07:46,btc,0.0,0.06425239,0,btc,0.0,0.0,0.0,213
1,[],24,[],2019-05-30 00:07:46,0.0,0.000000399202,0.0000000000344859829346,7709358,2019-05-30 00:07:46,btc,0.0,0.0,0.000000399202,btc,0.0,0.0,0.0,213
1,[],26,[],2019-05-30 00:07:47,0.0,0.00000040,0.000000000034554919999999996,7709359,2019-05-30 00:07:47,btc,0.0,0.0,0.00000040,btc,0.0,0.0,0.0,213
0,[],22,[],2019-06-28 06:57:07,0.0,0,0,7774153,2019-06-28 06:57:07,,9.56923849,0.0,0,,3661587.2040649247,0.0,0.0,216
0,[],27,[],2019-06-28 06:57:15,0.0,0,0,7774154,2019-06-28 06:57:15,,1949.4811598191975,0.0,0,"btc,ltc",468700.29534794,0.0,0.0,216
1,[],22,[],2019-06-28 06:57:19,911796.619047619,0.00000024,0.000000000027559968,7774155,2019-06-28 06:57:19,BTC,12055.85422553,0.0,0.00000024,BTC,535409.7178421671,0.00387135,0.02987671,217
1,[],7,[],2019-06-27 19:02:35,0.0,0,0,7772298,2019-06-27 19:02:35,btc,2123800.2774640615,0.0,0,btc,82333746.4752352,0.0,0.0,219
0,[],27,[],2019-06-28 06:57:26,0.0,0,0,7774156,2019-06-28 06:57:26,,250.21442758069674,0.0,0,btc,146772.535837,0.0,0.0,219
0,[],28,[],2019-06-28 06:57:27,0.0,0,0,7774157,2019-06-28 06:57:27,,0.0,0.0,0,,0.0,0.0,0.0,219
0,[],22,[],2019-06-26 23:36:41,0.0,0,0,7769178,2019-06-26 23:36:41,,56.75439223,0.0,0,,184664.6482738741,0.0,0.0,221
1,[],24,[],2019-06-26 23:36:41,0.0,0.000000030000,0.000000000003835668,7769179,2019-06-26 23:36:41,btc,0.0,0.0,0.000000030000,btc,0.0,0.0,0.0,221
1,[],20,[],2019-06-17 14:34:11,26882155.8301,0.000000003,0.000000000000278742,7740192,2019-06-17 14:34:11,btc,100050.81956632523,233521.3529,0.000000003,btc,38769742.8604,0.0007925640587,0.0306863532672,224
0,[],22,[],2019-06-17 14:34:13,0.0,0,0,7740193,2019-06-17 14:34:13,,0.0,0.0,0,,0.0,0.0,0.0,224
1,[],26,[],2019-06-28 06:57:28,0.0,0.00000022,0.000000000025263304,7774158,2019-06-28 06:57:28,btc,0.0,0.0,0.00000022,btc,0.0,0.0,0.0,231
1,[],26,[],2019-06-28 06:57:28,0.0,0.00000005,0.0000000000057416599999999996,7774159,2019-06-28 06:57:28,btc,0.0,0.0,0.00000005,btc,0.0,0.0,0.0,234
0.000000000263812,[],27,[],2019-06-28 06:57:34,100.0,2.63812e-18,3.0294376158400003e-22,7774160,2019-06-28 06:57:34,eth,0.0,0.0,0.00000001,"btc,eth",0.0,0.0,2.6381200000000003e-16,234
1,[],4,[],2019-05-22 17:06:12,91780.56053785,0.00000078,0.000000000061977552,7669277,2019-05-22 17:06:12,btc,5.573372450018177,0.0,0.00000078,btc,729173.93529783,0.0,0.0307060663355679,236
1,[],24,[],2019-05-22 17:06:12,0.0,0.000000010000,0.000000000000794584,7669278,2019-05-22 17:06:12,btc,0.0,0.0,0.000000010000,btc,0.0,0.0,0.0,236
1,[],5,[],2019-06-28 06:57:35,0.0,0,0,7774161,2019-06-28 06:57:35,btc,0.0,0.55593787,0,btc,0.0,0.0,0.0,237
1,[],20,[],2019-06-28 06:57:38,122277956.5588,0.00000006,0.000000000006889992,7774162,2019-06-28 06:57:38,btc,8172548.680202608,16030827.0371,0.00000006,btc,46191596.3211,1.0193611012344,0.5974651246306,237
1,[],22,[],2019-06-28 06:57:41,2084614.0,0.00000004,0.000000000004593328,7774163,2019-06-28 06:57:41,BTC,1.20112188,0.0,0.00000004,"BTC,LTC",14507.148717948718,0.0,0.02587451,237
1,[],4,[],2019-06-28 06:57:42,31923635.23351965,0.00000006,0.000000000006889992,7774164,2019-06-28 06:57:42,btc,2.5119203718837797,0.0,0.00000006,btc,10779109.54030372,0.07091277,0.5810243124704961,238
1,[],5,[],2019-06-28 06:57:44,0.0,0,0,7774165,2019-06-28 06:57:44,btc,0.0,0.00726907,0,btc,0.0,0.0,0.0,238
0,[],22,[],2019-03-12 16:49:32,0.0,0,0,6914458,2019-03-12 16:49:32,,0.40415746,0.0,0,,526736.5639027493,0.0,0.0,249
0,[],22,[],2019-05-28 23:53:45,0.0,0,0,7703643,2019-05-28 23:53:45,,13.44714864,0.0,0,,43777534.3426455,0.0,0.0,252
0,[],28,[],2019-06-28 06:57:46,0.0,0,0,7774166,2019-06-28 06:57:46,,0.0,0.0,0,,0.0,0.0,0.0,256
1,[],22,[],2019-06-28 06:57:49,528824.0,0.00000001,0.000000000001148332,7774167,2019-06-28 06:57:49,BTC,31471.48541794,0.0,0.00000001,"BTC,LTC",1165516.0289488921,8.108e-05,0.00768824,258
1,[],22,[],2019-05-19 18:12:02,400.0,0.00000001,0.0000000000007957800000000001,7653905,2019-05-19 18:12:02,BTC,2.415167,0.0,0.00000001,BTC,157.0,0.0,4e-06,259
1,[],5,[],2019-06-28 06:57:51,0.0,0,0,7774168,2019-06-28 06:57:51,btc,0.0,0.03300386,0,btc,0.0,0.0,0.0,264
1,[],20,[],2019-06-28 06:57:53,934801.7007,0.000000175,0.00000000002009581,7774169,2019-06-28 06:57:53,btc,1.0497460162332,29453.6953,0.000000175,btc,33756.4616,0.011505126965,0.0055570801401,264
0,[],22,[],2019-04-12 17:57:27,0.0,0,0,7278186,2019-04-12 17:57:27,,66.37522201,0.0,0,,677842.4169881374,0.0,0.0,271
0,[],22,[],2019-06-28 06:57:56,0.0,0,0,7774170,2019-06-28 06:57:56,,33050469.74148113,0.0,0,,14261527780.7,0.0,0.0,272
0,[],28,[],2019-06-28 06:57:58,0.0,0,0,7774171,2019-06-28 06:57:58,,0.0,0.0,0,,0.0,0.0,0.0,272
1,[],22,[],2019-05-23 07:12:29,219930.0,0.00000004,0.000000000003048688,7671985,2019-05-23 07:12:29,BTC,426.77835217,0.0,0.00000004,BTC,248664.3325962929,0.0,0.00739728,281
0.0000000001021328,[],22,[],2019-06-28 06:58:02,3366.1,1.021328e-16,1.172823624896e-20,7774172,2019-06-28 06:58:02,LTC,4.68220573,0.0,0.00000100,LTC,1124147.7657646376,1.2000604e-13,0.0033661,286
0,[],22,[],2019-06-17 14:34:53,0.0,0,0,7740207,2019-06-17 14:34:53,,7337915.80475575,0.0,0,,2078527309.6797826,0.0,0.0,294
