pairValue,buyBook,exchangeId,sellBook,updated,buyTotal,satoshiPrice,usdPrice,exchangeLogId,created,bestPair,sellTotalBtc,volume,pairPrice,activePairs,sellTotal,volumeBtc,buyTotalBtc,coinId
1,[],3,[],2019-03-15 00:23:33,30528.7261735514,0.012949149999999999549604723370066494680941104888916015625,0.000000502241847155,6933053,2019-03-15 00:23:33,btc,61.07111783815197,0.0,0.012949149999999999549604723370066494680941104888916015625,btc,21.45110861988,0.0,0.14402597840092576,1
1,[],4,[],2019-03-15 00:23:34,207764.71894752,0.01292044,0.0000005011283097080001,6933054,2019-03-15 00:23:34,btc,14.158439522066557,0.0,0.01292044,btc,297.86707196,1.41619244,1.275882975830528,1
1,[],5,[],2019-03-15 00:23:37,0.0,0,0,6933055,2019-03-15 00:23:37,btc,0.0,0.01022235,0,btc,0.0,0.0,0.0,1
1,[],10,[],2019-03-15 00:23:39,413751.11503244,0.01050132,0.000000407301047124,6933056,2019-03-15 00:23:39,btc,6522.011384953232,1107.08828183,0.01050132,btc,1088.36752532,0.0,4.481770033752664,1
1,[],12,[],2019-03-15 00:23:42,120.23590425,0.013119999999999999718003351745210238732397556304931640625,0.000000508868384,6933057,2019-03-15 00:23:42,btc,0.2914685203796,0.0,0.013119999999999999718003351745210238732397556304931640625,btc,21.59640782,0.2113242689289,0.51109703065,1
1,[],20,[],2019-03-15 00:23:44,1152.4756,0.01050023,0.00000040725877071100003,6933058,2019-03-15 00:23:44,btc,0.0552085068997,0.0,0.01050023,btc,2.4565,0.0,0.0959959153641,1
1,[],21,[],2019-03-15 00:23:47,2757.48904639,0.01312543000000000043003822725,0.000000509078990351,6933059,2019-03-15 00:23:47,btc,22.63013252851292,14620.642131990002,0.013125430000000000430038227250406634993851184844970703125,"btc,eth",2494.99733833,174.9221906199906,27.745933300896837,1
1,[],22,[],2019-03-15 00:24:42,0.07686088253968254,0.01260000,0.0000004886998200000001,6933060,2019-03-15 00:24:42,BTC,0.31439419,0.0,0.01260000,BTC,0.12751438772928525,0.0,0.00096785,1
1,[],24,[],2019-03-15 00:24:42,0.0,0.000000000000,0,6933061,2019-03-15 00:24:42,btc,0.0,0.0,0.000000000000,btc,0.0,0.0,0.0,1
0.0,[],25,[],2019-03-15 00:24:43,0.0,0,0,6933062,2019-03-15 00:24:43,btc,42.94119999714344,642.19762936,0.0,btc,3200.19416176,8.438,0.0,1
1,[],26,[],2019-03-15 00:24:44,0.0,0,0,6933063,2019-03-15 00:24:44,,0.0,0.0,0,,0.0,0.0,0.0,1
1,[],28,[],2019-03-15 00:24:46,992.9,0.01231000,0.000000477451967,6933064,2019-03-15 00:24:46,btc,0.147901439075,17886.35,0.01231000,btc,7.9421,0.0,0.086101096,1
0,[],2,[],2019-01-20 23:28:45,0.0,0,0,6477011,2019-01-20 23:28:45,,0.0,0.0,0,,0.0,0.0,0.0,1
1,[],5,[],2019-03-15 00:24:48,0.0,0,0,6933065,2019-03-15 00:24:48,btc,0.0,0.02725484,0,btc,0.0,0.0,0.0,2
0.00000000012984509999999999,[],22,[],2019-03-15 00:24:53,1148.0,1.4282961e-16,5.5397464045770004e-21,6933066,2019-03-15 00:24:53,XMR,21.02425527,0.0,0.00000110,XMR,24942.398537272726,0.0,0.00087635,2
1,[],5,[],2019-03-15 00:24:55,0.0,0,0,6933067,2019-03-15 00:24:55,btc,0.0,0.01404747,0,btc,0.0,0.0,0.0,3
1,[],12,[],2019-03-15 00:24:57,2705200.41451295,0.000000199,0.0000000000077183543,6933068,2019-03-15 00:24:57,btc,22818.0710257704,0.0,0.000000199,btc,1147385.032,0.05357570029260922,0.3691920709412457,3
0,[],28,[],2019-03-15 00:24:58,0.0,0,0,6933069,2019-03-15 00:24:58,,0.0,0.0,0,,0.0,0.0,0.0,3
0,[],2,[],2019-01-20 23:31:32,0.0,0,0,6477077,2019-01-20 23:31:32,,0.0,0.0,0,,0.0,0.0,0.0,4
1,[],4,[],2019-03-15 00:24:59,422505.72276664,0.00000032,0.000000000012411424,6933070,2019-03-15 00:24:59,btc,32.05489163026723,0.0,0.00000032,btc,720784.71980171,0.00129575,0.0528929888012305,4
1,[],12,[],2019-03-15 00:25:00,445440.0,0.00000002,0.000000000000775714,6933071,2019-03-15 00:25:00,btc,1111742.17671448,0.0,0.00000002,btc,753385.33266733,0.0,0.00486804,5
0,[],2,[],2019-01-20 23:31:51,0.0,0,0,6477087,2019-01-20 23:31:51,,0.0,0.0,0,,0.0,0.0,0.0,6
1,[],11,[],2019-03-15 00:25:03,4098960.39882,0.00000002,0.000000000000775714,6933072,2019-03-15 00:25:03,btc,9568.115477691588,418120.0,0.00000002,btc,42549212.926142,0.0,0.0489181513342,6
1,[],3,[],2019-03-15 00:25:03,1087.833962084558,0.000154759999999999988719301402539940681890584528446197509765625,0.0000000060024749319999996,6933073,2019-03-15 00:25:03,btc,29.634085403952064,0.0,0.000154759999999999988719301402539940681890584528446197509765625,btc,239.122414578101,0.0,0.03439493781756314,7
1,[],4,[],2019-03-15 00:25:04,88517.89909389,0.00022000,0.000000008532854,6933074,2019-03-15 00:25:04,btc,9.029857581609207,0.0,0.00022000,btc,32384.91373852,4.98437869,7.352331027729439,7
1,[],5,[],2019-03-15 00:25:05,0.0,0,0,6933075,2019-03-15 00:25:05,btc,0.0,0.24673162,0,btc,0.0,0.0,0.0,7
1,[],20,[],2019-02-20 02:16:17,39399275.8418,0.000000001,0.0000000000000390183,6728586,2019-02-20 02:16:17,btc,116.9737569154545,525.0,0.000000001,btc,56932965.8895,5.25e-07,0.0393992758418,8
0,[],2,[],2019-01-20 23:22:42,0.0,0,0,6476876,2019-01-20 23:22:42,,0.0,0.0,0,,0.0,0.0,0.0,9
0,[],23,[],2019-01-20 23:22:48,0.0,0,0,6476878,2019-01-20 23:22:48,,0.0,0.0,0,,0.0,0.0,0.0,9
1,[],4,[],2019-03-15 00:25:08,1350485.84955978,0.00000171,0.00000000006632354700000001,6933076,2019-03-15 00:25:08,btc,7.374503281325849,0.0,0.00000171,btc,3003477.59862313,5.53162648,1.1197383025946506,9
1,[],28,[],2019-03-15 00:25:21,26353.0,0.00000159,0.000000000061669263,6933077,2019-03-15 00:25:21,btc,2708.771108933583,3684544.9,0.00000159,btc,17073.9197,0.0,0.0147295,9
1,[],1,[],2019-02-17 23:31:42,1822507.21,0.00000181000000000000003456111265232042484285557293333113193511962890625,0.000000000066086901,6701244,2019-02-17 23:31:42,btc,3.6990969245,17153386.5,0.00000181000000000000003456111265232042484285557293333113193511962890625,btc,1997391.71,31.11772986,3.2610482446,9
1,[],4,[],2019-02-17 11:22:43,4341674.27126056,0.00000002,0.0000000000007272960000000001,6696112,2019-02-17 11:22:43,btc,0.1997230937751353,0.0,0.00000002,btc,4109766.79808031,0.00215132,0.0479381022052112,10
1,[],4,[],2019-03-15 00:25:22,7446359.21350551,0.00000180,0.00000000006981426,6933078,2019-03-15 00:25:22,btc,13.953451580798701,0.0,0.00000180,btc,5472670.17843673,11.99733601,6.4126613960568495,12
1,[],5,[],2019-03-15 00:25:24,0.0,0,0,6933079,2019-03-15 00:25:24,btc,0.0,1.00802577,0,btc,0.0,0.0,0.0,12
0.0,[],25,[],2019-03-15 00:25:25,0.0,0,0,6933080,2019-03-15 00:25:25,,0.0,0.0,0.0,btc,0.0,0.0,0.0,12
0,[],2,[],2019-01-20 23:23:08,0.0,0,0,6476890,2019-01-20 23:23:08,,0.0,0.0,0,,0.0,0.0,0.0,12
1,[],4,[],2019-03-15 00:25:26,32067051.20946942,0.00000775,0.00000000030058917500000004,6933081,2019-03-15 00:25:26,btc,3.329082684082062,0.0,0.00000775,btc,311744.36664988,1.86563975,1.7243093591619667,13
1,[],21,[],2019-03-15 00:25:30,1644930.25763241,0.000007960000000000000020959796398,0.00000000030873417200000003,6933082,2019-03-15 00:25:30,btc,12.238283882621833,2084015.65832906,0.000007960000000000000020959796398489771718232077546417713165283203125,btc,1413177.70426864,15.68105155,11.743037208807468,13
1,[],10,[],2019-03-14 23:55:50,482319.02520076,0.00000753,0.00000000029191550999999997,6932982,2019-03-14 23:55:50,btc,666802.1325423971,36325.2382838,0.00000753,btc,690675.58837624,0.0,0.5074512829251797,13
1,[],4,[],2019-03-15 00:25:31,767847.46944176,0.00000092,0.000000000035682844,6933083,2019-03-15 00:25:31,btc,5.6393315662706,0.0,0.00000092,btc,960576.8916418,0.03062263,0.1125813163947126,14
1,[],12,[],2019-03-15 00:25:32,280418.0,0.00000101999999999999997501889774376149233603428001515567302703857421875,0.000000000039561414,6933084,2019-03-15 00:25:32,btc,0.0474280800069802,0.0,0.00000101999999999999997501889774376149233603428001515567302703857421875,btc,9784.35808229,0.0,0.02233692,14
1,[],26,[],2019-03-15 00:25:33,0.0,0.00000050,0.00000000001939285,6933085,2019-03-15 00:25:33,btc,0.0,0.0,0.00000050,btc,0.0,0.0,0.0,14
0,[],17,[],2019-03-14 23:21:58,0.0,0,0,6932602,2019-03-14 23:21:58,btc,0.0,0.0,0,btc,0.0,0.0,0.0,14
0,[],4,[],2019-03-15 00:25:34,0.0,0,0,6933086,2019-03-15 00:25:34,,0.0,0.0,0,,0.0,0.0,0.0,15
,[],12,[],2018-12-01 15:15:48,204241.84496,0.00000489,0.000000000202473384,5260204,2018-12-01 15:15:48,btc,49.5475654835,0.0,,btc,35763.2193806,0.0163153972027625,0.0203389899998,15
1,[],4,[],2019-03-15 00:25:36,24512.11697346,0.00001562,0.0000000006058326340000001,6933087,2019-03-15 00:25:36,btc,4.18084141590198,0.0,0.00001562,btc,18107.53743187,0.03179804,0.0517403915079847,18
1,[],10,[],2019-03-15 00:25:38,782700.35342647,0.00001621,0.000000000628716197,6933088,2019-03-15 00:25:38,btc,15.408775493524109,12492.3256913,0.00001621,btc,13470.03465046,0.0,0.1228867597971663,18
1,[],12,[],2019-03-15 00:25:39,313831.72145409,0.0000161099999999999999168547037964316359648364596068859100341796875,0.000000000624837627,6933089,2019-03-15 00:25:39,btc,33214.72660811861,0.0,0.0000161099999999999999168547037964316359648364596068859100341796875,btc,740.53796428,0.0017826416479101,0.0272190001086413,18
0,[],17,[],2019-03-15 00:25:40,0.0,0,0,6933090,2019-03-15 00:25:40,btc,0.0,0.0,0,btc,0.0,0.0,0.0,18
0,[],2,[],2019-01-20 23:23:38,0.0,0,0,6476906,2019-01-20 23:23:38,,0.0,0.0,0,,0.0,0.0,0.0,18
1,[],3,[],2019-03-15 00:25:41,120800.24389406531,0.00002000000000000000163606107828062619091724627651274204254150390625,0.0000000007757140000000001,6933091,2019-03-15 00:25:41,btc,0.6592769603315289,183.91376918,0.00002000000000000000163606107828062619091724627651274204254150390625,btc,14775.430695462199,0.0,0.0542901339233203,19
1,[],4,[],2019-03-15 00:25:42,229633.71562648,0.00001951,0.0000000007567090070000001,6933092,2019-03-15 00:25:42,btc,3.039709458511236,0.0,0.00001951,btc,95810.91971822,0.74116436,2.437916612951374,19
1,[],5,[],2019-03-15 00:25:44,0.0,0,0,6933093,2019-03-15 00:25:44,btc,0.0,0.00103749,0,btc,0.0,0.0,0.0,19
1,[],12,[],2019-03-15 00:25:45,192198.75268817,0.000019369999999999999197586308952168110408820211887359619140625,0.000000000751279009,6933094,2019-03-15 00:25:45,btc,0.7000748742159613,0.0,0.000019369999999999999197586308952168110408820211887359619140625,btc,440.84086563,0.0018890659639772,0.0395609699999658,19
0,[],27,[],2019-03-15 00:25:47,0.0,0,0,6933095,2019-03-15 00:25:47,,0.0,0.0,0,btc,0.0,0.0,0.0,19
0,[],2,[],2019-01-20 23:24:19,0.0,0,0,6476924,2019-01-20 23:24:19,,0.0,0.0,0,,0.0,0.0,0.0,19
1,[],4,[],2019-03-15 00:25:48,2779935.60194824,0.00000012,0.000000000004654284,6933096,2019-03-15 00:25:48,btc,7.382907576317832,0.0,0.00000012,btc,2875865.97746042,0.00047882,0.0777689389049041,20
1,[],4,[],2019-03-15 00:25:49,102903446.2663036,0.00000002,0.000000000000775714,6933097,2019-03-15 00:25:49,btc,4103.55176251308,0.0,0.00000002,btc,53726022.61990362,0.0,1.1438093684467123,21
1,[],12,[],2019-03-15 00:25:50,1424336.0,0.00000001,0.000000000000387857,6933098,2019-03-15 00:25:50,btc,1247.5331530893407,0.0,0.00000001,btc,2594643.96703296,0.0,0.01424336,21
0,[],17,[],2019-03-15 00:25:51,0.0,0,0,6933099,2019-03-15 00:25:51,btc,0.0,0.0,0,btc,0.0,0.0,0.0,21
1,[],12,[],2019-03-15 00:25:53,2648437482.0,0.0000000001,0.00000000000000387857,6933100,2019-03-15 00:25:53,btc,1933695.33400252,0.0,0.0000000001,btc,1776524683.8645244,0.016116578348151847,0.2648437482,23
0,[],27,[],2019-03-15 00:25:55,0.0,0,0,6933101,2019-03-15 00:25:55,,13.836146978083411,0.0,0,eth,5931606.84014486,0.0,0.0,23
1,[],4,[],2019-03-15 00:25:55,730383.07323857,0.00000050,0.00000000001939285,6933102,2019-03-15 00:25:55,btc,10.03517374648239,0.0,0.00000050,btc,1624729.6998502,0.04188532,0.1799346493420677,24
1,[],22,[],2019-03-15 00:26:03,11.76,0.00000100,0.0000000000387857,6933103,2019-03-15 00:26:03,BTC,7.415e-05,0.0,0.00000100,BTC,23.919354838709676,0.0,1.176e-05,24
0.0,[],25,[],2019-03-15 00:26:04,0.0,0,0,6933104,2019-03-15 00:26:04,,0.0,0.0,0.0,btc,0.0,0.0,0.0,24
1,[],4,[],2019-03-15 00:26:05,28196029.90697002,0.00000633,0.000000000245513481,6933105,2019-03-15 00:26:05,btc,57.04274547541359,0.0,0.00000633,btc,242041.83610128,0.17909594,0.5410728215185946,26
1,[],10,[],2019-03-15 00:26:07,597490.08130881,0.00000543,0.000000000210606351,6933106,2019-03-15 00:26:07,btc,26.085723823009772,4042.89508383,0.00000543,btc,15156.53027449,0.0,0.1539326682406151,26
0,[],2,[],2019-01-20 23:25:56,0.0,0,0,6476976,2019-01-20 23:25:56,,0.0,0.0,0,,0.0,0.0,0.0,26
1,[],3,[],2019-03-15 00:26:07,8335954.54084747,0.00000001,0.000000000000387857,6933107,2019-03-15 00:26:07,btc,2.036816428015616,30386.5,0.00000001,btc,14731898.73868068,0.0,0.0833595454084747,27
1,[],5,[],2019-03-15 00:26:10,0.0,0,0,6933108,2019-03-15 00:26:10,btc,0.0,0.0,0,btc,0.0,0.0,0.0,27
1,[],11,[],2019-03-15 00:26:12,8489638.24590115,0.00000006,0.000000000002327142,6933109,2019-03-15 00:26:12,btc,67506.1992155516,5956.66666667,0.00000006,btc,7966196.08369704,0.0,0.4689379049180229,27
1,[],4,[],2019-03-15 00:26:13,2168318011.6688805,0.00000001,0.000000000000387857,6933110,2019-03-15 00:26:13,btc,5.055046111496973,0.0,0.00000001,"btc,ltc",362365384.1123348,0.27316597,10.236035954596565,29
1,[],7,[],2019-03-15 00:26:15,35612380.93538591,0.00000001,0.000000000000387857,6933111,2019-03-15 00:26:15,btc,44461604.292301685,0.0,0.00000001,btc,52432961.8758189,0.0,0.3561238093538591,29
1,[],4,[],2019-03-15 00:28:15,1626328.67910736,0.00000019,0.000000000007369283,6933112,2019-03-15 00:28:15,btc,2.6868751122713292,0.0,0.00000019,btc,2166291.86260134,0.00803867,0.0912522676832509,30
0,[],17,[],2019-03-15 00:28:17,0.0,0,0,6933113,2019-03-15 00:28:17,btc,0.0,0.0,0,btc,0.0,0.0,0.0,30
1,[],4,[],2019-03-15 00:28:18,187396.14694781,0.00005677,0.000000002201864189,6933114,2019-03-15 00:28:18,btc,10.203827945502477,0.0,0.00005677,btc,126842.76314109,1.61210982,2.1039275818828926,31
1,[],21,[],2019-03-15 00:28:19,50970.67048147,0.00005701999999999999955849552813,0.000000002211560614,6933115,2019-03-15 00:28:19,btc,5.284878796084405,103129.85037292,0.0000570199999999999995584955281291428264012211002409458160400390625,btc,83463.18728185,5.73912091,2.6670551450464193,31
0,[],2,[],2019-01-20 23:28:43,0.0,0,0,6477009,2019-01-20 23:28:43,,0.0,0.0,0,,0.0,0.0,0.0,32
0.0000000001445954,[],4,[],2019-03-15 00:30:21,77979739.25072172,3.73056132e-16,1.44692432189124e-20,6933116,2019-03-15 00:30:21,ltc,3.887077118498522e-05,0.0,0.00000258,ltc,13390030.41011001,0.44421885,9.005404237228714e-10,33
1,[],12,[],2019-03-15 00:30:22,26116464.964,0.00000003,0.000000000001163571,6933117,2019-03-15 00:30:22,btc,2818230.374909268,0.0,0.00000003,btc,18463658.56543449,0.0109124085714295,0.60412948892,33
1,[],4,[],2019-03-15 00:30:23,95465209.32431106,0.00000001,0.000000000000387857,6933118,2019-03-15 00:30:23,btc,3.3913926404690624,0.0,0.00000001,btc,101845103.79850414,0.01278593,0.9546520932431107,34
1,[],5,[],2019-03-15 00:30:25,0.0,0,0,6933119,2019-03-15 00:30:25,btc,0.0,0.01759982,0,btc,0.0,0.0,0.0,34
0,[],17,[],2019-03-14 23:57:24,0.0,0,0,6933017,2019-03-14 23:57:24,btc,0.0746458232965017,0.0,0,btc,4103573.70243647,0.0,0.0,36
0.0000000001445954,[],4,[],2019-03-15 00:30:26,3901616982.0586705,1.445954e-18,5.60823380578e-23,6933120,2019-03-15 00:30:26,ltc,4.8218349839270245e-08,0.0,0.00000001,ltc,6806678588.591669,0.0,5.641558681675662e-09,36
1,[],5,[],2019-03-15 00:30:28,0.0,0,0,6933121,2019-03-15 00:30:28,btc,0.0,0.0,0,btc,0.0,0.0,0.0,36
0.00000000034124710000000004,[],27,[],2019-03-15 00:30:34,998000.16325,3.4124710000000004e-18,1.3235507646470002e-22,6933122,2019-03-15 00:30:34,eth,223.70719070580785,163.0,0.00000001,"ltc,eth",12165396.31058689,5.56232773e-16,1.4430626490858907e-12,36
1,[],4,[],2019-03-15 00:30:35,220917.87306112,0.00000058,0.000000000022495706000000003,6933123,2019-03-15 00:30:35,btc,19772.481639310496,0.0,0.00000058,btc,557681.9620942,0.00163449,0.0920764396723049,37
1,[],12,[],2019-03-15 00:30:36,418159.38763197,0.00000059,0.000000000022883563,6933124,2019-03-15 00:30:36,btc,22.494534370995087,0.0,0.00000059,btc,417964.70643319,0.0432020617662721,0.115699976089515,37
1,[],27,[],2019-03-15 00:30:39,14685.567,0.00000045,0.000000000017453565,6933125,2019-03-15 00:30:39,btc,24.25536383611233,0.0,0.00000045,btc,6518.38138508,0.0,0.00480032515,37
1,[],17,[],2019-03-14 21:57:34,1752.74075282,0.00000025,0.0000000000096914,6931940,2019-03-14 21:57:34,btc,0.055484923983912665,0.0,0.00000025,btc,1387.19918473,0.0,0.00043818518820499993,37
1,[],5,[],2019-03-15 00:30:41,0.0,0,0,6933126,2019-03-15 00:30:41,btc,0.0,0.11174988,0,btc,0.0,0.0,0.0,42
1,[],12,[],2019-03-15 00:30:43,254928.63221241,0.00000101000000000000007076262319161141789436442195437848567962646484375,0.000000000039173557000000004,6933127,2019-03-15 00:30:43,btc,5.5838115727636835,0.0,0.00000101000000000000007076262319161141789436442195437848567962646484375,btc,32728.43772451,0.012539825679168,0.0205026899999949,42
0.00000000034124710000000004,[],27,[],2019-03-15 00:30:45,2000.0,3.4124710000000004e-18,1.3235507646470002e-22,6933128,2019-03-15 00:30:45,eth,0.00315028,0.0,0.00000001,"btc,eth",11.007,0.0,6.8249420000000005e-15,42
1,[],5,[],2019-03-15 00:30:47,0.0,0,0,6933129,2019-03-15 00:30:47,btc,0.0,0.00127779,0,btc,0.0,0.0,0.0,43
0,[],17,[],2019-03-15 00:30:49,0.0,0,0,6933130,2019-03-15 00:30:49,btc,0.0,0.0,0,btc,0.0,0.0,0.0,43
1,[],12,[],2019-03-13 09:13:29,1112112.0,0.00000001,0.000000000000386531,6919902,2019-03-13 09:13:29,btc,29058.00478931866,0.0,0.00000001,btc,5967681.93306694,9.99000999e-07,0.01112112,43
1,[],12,[],2019-03-05 01:54:08,639326.02,0.00000004,0.000000000001486676,6845775,2019-03-05 01:54:08,btc,11116042.728239931,0.0,0.00000004,btc,1103841.4595604,0.0003330765234764,0.014975410599999999,44
1,[],4,[],2019-03-15 00:30:50,298344990.77799296,0.00000002,0.000000000000775714,6933131,2019-03-15 00:30:50,btc,941.2401370952758,0.0,0.00000002,"btc,ltc",16917871.14083951,0.0034927,0.2791117551283799,49
0.0000000001445954,[],4,[],2019-03-15 00:30:51,253968824.8073521,1.445954e-18,5.60823380578e-23,6933132,2019-03-15 00:30:51,ltc,25.901654681886257,0.0,0.00000001,ltc,10028912489.036127,0.0,3.6722723810549004e-10,52
0,[],22,[],2019-03-15 00:30:55,0.0,0,0,6933133,2019-03-15 00:30:55,,4428.70035091,0.0,0,,311591651.5359664,0.0,0.0,57
0.00000000034124710000000004,[],27,[],2019-03-15 00:30:57,2000.0,3.4124710000000004e-18,1.3235507646470002e-22,6933134,2019-03-15 00:30:57,eth,0.0,0.0,0.00000001,"btc,eth",0.0,0.0,6.8249420000000005e-15,57
0.0000000001445954,[],4,[],2019-03-15 00:30:58,463208444.97595364,2.891908e-18,1.121646761156e-22,6933135,2019-03-15 00:30:58,ltc,18.657616726842924,0.0,0.00000002,ltc,4762065887.501402,0.0,6.924777889934105e-10,58
1,[],12,[],2019-03-15 00:30:59,1309977775.0,0.0000000003,0.00000000000001163571,6933136,2019-03-15 00:30:59,btc,4023056.0684835375,0.0,0.0000000003,btc,1651398393.7622375,0.002420795747952052,0.3095546967,58
0,[],17,[],2019-03-15 00:31:11,0.0,0,0,6933137,2019-03-15 00:31:11,btc,1e+24,0.0,0,btc,49226522.0897055,0.0,0.0,58
0.00000000012984509999999999,[],22,[],2019-03-15 00:31:15,137438.0,1.298451e-18,5.03613309507e-23,6933138,2019-03-15 00:31:15,XMR,69.1795942,0.0,0.00000001,XMR,9887963.0,0.0,0.00137438,58
1,[],5,[],2019-03-15 00:31:17,0.0,0,0,6933139,2019-03-15 00:31:17,btc,0.0,0.03586869,0,btc,0.0,0.0,0.0,61
1,[],22,[],2019-03-15 00:31:22,13757.0,0.00000012,0.000000000004654284,6933140,2019-03-15 00:31:22,BTC,1002.2960049,0.0,0.00000012,BTC,14976.68361146909,0.0,0.00154987,61
1,[],26,[],2019-03-15 00:31:22,0.0,0.00000800,0.0000000003102856,6933141,2019-03-15 00:31:22,btc,0.0,0.0,0.00000800,btc,0.0,0.0,0.0,61
1,[],27,[],2019-03-15 00:31:24,4411.22008,0.00000047,0.000000000018229279000000002,6933142,2019-03-15 00:31:24,btc,2.8846615703141323,0.0,0.00000047,"btc,eth",19452.59257617,0.0,0.001243759959470292,61
1,[],28,[],2019-03-15 00:31:31,13880.304,0.0000005,0.00000000001939285,6933143,2019-03-15 00:31:31,btc,2.056312978300105,787.0,0.0000005,btc,9730.59500005,0.0,0.00566391304,61
1,[],4,[],2019-03-15 00:31:32,1460004.3096868,0.00000209,0.000000000081062113,6933144,2019-03-15 00:31:32,btc,9.603806713337956,0.0,0.00000209,btc,809078.17110809,0.22458971,1.3376045600920141,67
0.0,[],25,[],2019-03-15 00:31:33,0.0,0,0,6933145,2019-03-15 00:31:33,,0.0,0.0,0.0,btc,0.0,0.0,0.0,67
1,[],12,[],2019-03-15 00:31:34,2889810.20333453,0.00000016,0.000000000006205712,6933146,2019-03-15 00:31:34,btc,1111115.1691361975,0.0,0.00000016,btc,937513.1839376,0.0091947638614324,0.1453652941918165,71
,[],5,[],2018-11-20 23:02:39,1.5e-07,0.00000005,0.000000000002128045,4862160,2018-11-20 23:02:39,btc,2.84511358,0.0,,btc,0.00036572,0.0,0.07381892,74
1,[],5,[],2019-03-15 00:31:35,0.0,0,0,6933147,2019-03-15 00:31:35,btc,0.0,0.0,0,btc,0.0,0.0,0.0,75
1,[],4,[],2019-03-15 00:31:36,13407008.89224166,0.00000001,0.000000000000387857,6933148,2019-03-15 00:31:36,btc,11370.022068656366,0.0,0.00000001,btc,39949505.59932191,0.0,0.1340700889224166,81
0,[],20,[],2019-01-25 09:30:31,0.0,0,0,6495923,2019-01-25 09:30:31,btc,0.0,0.0,0,btc,0.0,0.0,0.0,81
1,[],4,[],2019-03-15 00:31:38,24657.59503297,0.00007436,0.000000002884104652,6933149,2019-03-15 00:31:38,btc,18.159260262474607,0.0,0.00007436,btc,12783.81263441,0.00904126,0.1495720990298741,82
1,[],21,[],2019-03-15 00:31:39,917365.20132459,0.00007590999999999999657551708054,0.000000002944222487,6933150,2019-03-15 00:31:39,btc,2.7469617884312907,5221.86904582,0.00007590999999999999657551708054370465106330811977386474609375,btc,31660.43745566,0.39977774,3.5463389575714883,82
0,[],17,[],2019-03-14 23:58:11,0.0,0,0,6933036,2019-03-14 23:58:11,btc,0.0447233088476774,0.0,0,btc,999127.19588126,0.0,0.0,84
0.0000000001445954,[],4,[],2019-03-15 00:31:51,170264465.7835764,4.337862e-18,1.6824701417340002e-22,6933151,2019-03-15 00:31:51,ltc,1.6762914282556325,0.0,0.00000003,ltc,387902104.0769987,0.0003984,3.659439581927437e-10,85
,[],22,[],2018-11-20 23:09:34,3408.1,0.0000001,0.0000000000041895,4862324,2018-11-20 23:09:34,BTC,0.04624735,0.0,,BTC,4990.0,0.0,0.00033081,86
1,[],22,[],2019-03-15 00:31:56,110870.0,0.00000005,0.0000000000019392850000000003,6933152,2019-03-15 00:31:56,BTC,2.07858175,0.0,0.00000005,BTC,170145.94736842104,0.0,0.0017035,87
1,[],27,[],2019-03-15 00:31:58,55.0,0.00000001,0.000000000000387857,6933153,2019-03-15 00:31:58,btc,5.0315674493358,4.49458,0.00000001,btc,13338.4182688,3.82e-05,5.5e-07,87
,[],2,[],2018-11-20 23:10:47,0.0,0,0,4862359,2018-11-20 23:10:47,,0.0,0.0,,,0.0,0.0,0.0,88
1,[],11,[],2019-03-15 00:32:00,94165.82067399,0.00014590999999999999044326959296569157231715507805347442626953125,0.000000005659221487,6933154,2019-03-15 00:32:00,btc,611.7962076197367,388.91490972,0.00014590999999999999044326959296569157231715507805347442626953125,btc,99537.81861933,0.0,6.442905062353348,89
0,[],2,[],2019-01-20 23:31:45,0.0,0,0,6477083,2019-01-20 23:31:45,,0.0,0.0,0,,0.0,0.0,0.0,91
0,[],17,[],2019-03-14 23:58:52,0.0,0,0,6933042,2019-03-14 23:58:52,btc,0.0,0.0,0,btc,0.0,0.0,0.0,91
1,[],12,[],2019-03-15 00:32:02,258053.87732363,0.00000085,0.000000000032967845,6933155,2019-03-15 00:32:02,btc,61.01015385147734,0.0,0.00000085,btc,115380.70823646,0.0090297901,0.042410388299976204,91
1,[],22,[],2019-03-15 00:32:17,65900.0,0.00000001,0.000000000000387857,6933156,2019-03-15 00:32:17,BTC,3e-06,0.0,0.00000001,BTC,1.0,0.0,0.000659,91
0.0000000001445954,[],22,[],2019-03-15 00:32:22,52834053.0,1.445954e-18,5.60823380578e-23,6933157,2019-03-15 00:32:22,LTC,3.31498785,0.0,0.00000001,LTC,37200566.889473684,0.0,0.52834053,95
0,[],17,[],2019-03-14 23:45:44,0.0,0,0,6932868,2019-03-14 23:45:44,btc,0.0,0.0,0,btc,0.0,0.0,0.0,96
0.0000000001445954,[],4,[],2019-03-15 00:32:23,633007679.9291892,7.5189608e-17,2.9162815790056004e-21,6933158,2019-03-15 00:32:23,ltc,11.889308633788565,0.0,0.00000052,ltc,135881376.1765666,0.00019392,1.5240238585308841e-09,96
0,[],12,[],2019-03-15 00:32:25,0.0,0,0,6933159,2019-03-15 00:32:25,btc,10.665070526643357,0.0,0,btc,3189615.66433565,1.298701299e-07,0.0,96
1,[],4,[],2019-03-15 00:32:38,3490835.80494823,0.00000028,0.000000000010859996000000001,6933160,2019-03-15 00:32:38,btc,2.7630034998341193,0.0,0.00000028,btc,2556999.88142761,0.09696945,0.4849284118883213,99
0,[],2,[],2019-01-20 23:23:55,0.0,0,0,6476914,2019-01-20 23:23:55,,0.0,0.0,0,,0.0,0.0,0.0,100
1,[],4,[],2019-03-15 00:32:39,317568.04803945,0.00003542,0.000000001373789494,6933161,2019-03-15 00:32:39,btc,11.721140203530632,0.0,0.00003542,btc,172880.03362172,4.926546,2.5712240660498655,100
1,[],22,[],2019-03-15 00:32:44,120000.0,0.00000002,0.000000000000775714,6933162,2019-03-15 00:32:44,BTC,24.82891609,0.0,0.00000002,BTC,11877.22,0.0,0.0014,101
1,[],4,[],2019-03-15 00:32:45,456530.61011297,0.00000074,0.000000000028701418000000003,6933163,2019-03-15 00:32:45,btc,308.09357478341684,0.0,0.00000074,btc,519184.13600406,0.00244199,0.2273552172217109,103
1,[],12,[],2019-03-15 00:32:48,31412343.15887227,0.000000008,0.0000000000003102856,6933164,2019-03-15 00:32:48,btc,3219150.46790673,0.0,0.000000008,btc,79317953.32971317,0.00156698276430229,0.050918523270978164,105
1,[],27,[],2019-03-15 00:32:50,294987.0,0.00000001,0.000000000000387857,6933165,2019-03-15 00:32:50,btc,36.60958327597041,5012.61,0.00000001,btc,1423539.93761724,5.013e-05,0.00294987,105
1,[],22,[],2019-03-15 00:32:55,9328.0,0.00000001,0.000000000000387857,6933166,2019-03-15 00:32:55,BTC,51.10837004,0.0,0.00000001,BTC,470435.0,0.0,9.328e-05,107
1,[],26,[],2019-03-15 00:32:55,0.0,0.00000000,0,6933167,2019-03-15 00:32:55,btc,0.0,0.0,0.00000000,btc,0.0,0.0,0.0,107
1,[],5,[],2019-03-15 00:32:57,0.0,0,0,6933168,2019-03-15 00:32:57,btc,0.0,0.02405639,0,btc,0.0,0.0,0.0,112
1,[],22,[],2019-03-15 00:33:02,1966.0,0.00000001,0.000000000000387857,6933169,2019-03-15 00:33:02,BTC,2.7975128,0.0,0.00000001,BTC,826524.0833333334,0.0,1.966e-05,112
0.00000000034124710000000004,[],27,[],2019-03-15 00:33:04,2000.0,3.4124710000000004e-18,1.3235507646470002e-22,6933170,2019-03-15 00:33:04,eth,1.24996908,0.0,0.00000001,"btc,eth",1289.0,0.0,6.8249420000000005e-15,112
1,[],4,[],2019-03-15 00:33:05,1295265.26947666,0.00000190,0.00000000007369283,6933171,2019-03-15 00:33:05,btc,4.993152757525795,0.0,0.00000190,btc,378261.74797268,0.02064935,0.9883854434151023,113
1,[],5,[],2019-03-15 00:33:07,0.0,0,0,6933172,2019-03-15 00:33:07,btc,0.0,8.2e-06,0,btc,0.0,0.0,0.0,113
1,[],17,[],2019-03-14 23:05:57,152738.278,0.00000004,0.0000000000015505920000000001,6932496,2019-03-14 23:05:57,btc,1.33680302678,0.0,0.00000004,btc,50696.221,0.0,0.0022095311199999998,116
0,[],27,[],2019-03-15 00:33:09,0.0,0,0,6933173,2019-03-15 00:33:09,,0.0,0.0,0,btc,0.0,0.0,0.0,116
1,[],4,[],2019-03-15 00:33:10,81445.61732863,0.00003815,0.000000001479674455,6933174,2019-03-15 00:33:10,btc,85.05718829093031,0.0,0.00003815,btc,32945.40074402,0.2161262,1.669136504809528,120
1,[],7,[],2019-03-15 00:33:12,21200.924721030002,0.000023949999999999999392673311060519836246385239064693450927734375,0.000000000928917515,6933175,2019-03-15 00:33:12,btc,126637.38962500637,3591.26184117,0.000023949999999999999392673311060519836246385239064693450927734375,btc,32951.19988705,0.1723761,0.0613638038090104,120
1,[],20,[],2019-03-15 00:33:14,1618131.5531,0.000000034,0.0000000000013187138000000001,6933176,2019-03-15 00:33:14,btc,32.2519317846648,2.0,0.000000034,btc,1028083.5986,6.8e-08,0.0137006643336,125
1,[],22,[],2019-03-15 00:33:18,3053.0,0.00000001,0.000000000000387857,6933177,2019-03-15 00:33:18,BTC,0.01444887,0.0,0.00000001,BTC,296263.5111111111,0.0,3.053e-05,126
0,[],17,[],2019-03-14 23:06:15,0.0,0,0,6932503,2019-03-14 23:06:15,btc,0.0009561751951600001,0.0,0,btc,35.42829368,0.0,0.0,131
0,[],2,[],2019-01-20 23:25:46,0.0,0,0,6476969,2019-01-20 23:25:46,,0.0,0.0,0,,0.0,0.0,0.0,131
1,[],4,[],2019-03-15 00:33:19,135242.750769,0.00001187,0.00000000046038625900000004,6933178,2019-03-15 00:33:19,btc,3.5517789320194897,0.0,0.00001187,btc,124791.98302669,0.13883564,0.502881322405896,131
1,[],4,[],2019-03-15 00:33:21,4614.97458198,0.00017577,0.0000000068173624890000005,6933179,2019-03-15 00:33:21,btc,1.6141302173333627,0.0,0.00017577,btc,216.87096496,0.0,0.0184310994708084,135
1,[],3,[],2019-03-07 00:20:44,877702.73244099,0.00000004,0.00000000000154846,6863392,2019-03-07 00:20:44,btc,0.119366241821405,0.0,0.00000004,btc,760637.99421222,0.0,0.023771231960604298,136
1,[],4,[],2019-03-15 00:33:21,476784.63487253,0.00000119,0.000000000046154983000000004,6933180,2019-03-15 00:33:21,btc,38.635667368711985,0.0,0.00000119,btc,549560.13219619,0.0191744,0.0395764619117223,137
1,[],12,[],2019-03-15 00:33:23,187352.56304526,0.0000013200000000000000673224496983149123252587742172181606292724609375,0.00000000005119712400000001,6933181,2019-03-15 00:33:23,btc,5.051001715714082,0.0,0.0000013200000000000000673224496983149123252587742172181606292724609375,btc,5996.33693282,0.0004190092877436,0.0050157132197518,137
1,[],4,[],2019-03-15 00:33:24,8327.06891867,0.00003402,0.000000001319489514,6933182,2019-03-15 00:33:24,btc,28.57348226089348,0.0,0.00003402,btc,48862.88097658,0.24168701,0.1455667909717709,142
1,[],5,[],2019-03-15 00:33:25,0.0,0,0,6933183,2019-03-15 00:33:25,btc,0.0,0.37553815,0,btc,0.0,0.0,0.0,142
1,[],17,[],2019-03-15 00:33:26,22967.386363640002,0.00000088,0.000000000034131416000000006,6933184,2019-03-15 00:33:26,btc,20.0699133484,0.0,0.00000088,btc,405.079105,0.0,0.0104613000000032,142
1,[],20,[],2019-03-15 00:33:28,153118.6422,0.00003002,0.000000001164346714,6933185,2019-03-15 00:33:28,btc,0.3370167587622,19.214,0.00003002,btc,2264.3626,0.000576517189,0.3112785501957,142
1,[],22,[],2019-03-15 00:33:32,1470.2803921568627,0.00001020,0.00000000039561414000000003,6933186,2019-03-15 00:33:32,BTC,3.0054103,0.0,0.00001020,BTC,910.5995,0.0,0.00121106,142
0.0,[],25,[],2019-03-15 00:33:33,0.0,0,0,6933187,2019-03-15 00:33:33,,0.0,0.0,0.0,btc,0.0,0.0,0.0,142
1,[],28,[],2019-03-15 00:33:40,76600.0,0.00002270,0.0000000008804353900000001,6933188,2019-03-15 00:33:40,btc,0.067100461059305,1837.0,0.00002270,btc,552.61077999,0.0,0.0154572,142
0,[],22,[],2019-03-15 00:33:43,0.0,0,0,6933189,2019-03-15 00:33:43,,65.83990167,0.0,0,,1043231670.8,0.0,0.0,143
0,[],22,[],2019-02-25 15:42:22,0.0,0,0,6783783,2019-02-25 15:42:22,,4.2131946,0.0,0,,2322156.0,0.0,0.0,146
,[],22,[],2018-11-20 23:01:11,0.0,0,0,4862114,2018-11-20 23:01:11,,2.56807021,0.0,,,61828.4988236,0.0,0.0,147
1,[],12,[],2019-03-15 00:33:44,365633.07237212,0.00000260000000000000009410332756087935734967686585150659084320068359375,0.00000000010084282000000001,6933190,2019-03-15 00:33:44,btc,7.931798565019122,0.0,0.00000260000000000000009410332756087935734967686585150659084320068359375,btc,101593.76474484,0.031336423114377,0.1121003799999472,148
1,[],4,[],2019-03-15 00:33:45,223168.74455489,0.00000029,0.000000000011247853000000001,6933191,2019-03-15 00:33:45,btc,218.95004326989778,0.0,0.00000029,btc,802317.16441471,0.01388349,0.0517721191139243,152
0,[],22,[],2019-03-15 00:33:48,0.0,0,0,6933192,2019-03-15 00:33:48,,0.0,0.0,0,,0.0,0.0,0.0,152
1,[],5,[],2019-03-15 00:33:50,0.0,0,0,6933193,2019-03-15 00:33:50,btc,0.0,0.0,0,btc,0.0,0.0,0.0,153
,[],16,[],2019-01-11 15:38:59,0.0,0,0,6366141,2019-01-11 15:38:59,btc,0.0,0.0,,btc,0.0,0.0,0.0,155
0,[],23,[],2019-01-20 23:24:29,0.0,0,0,6476932,2019-01-20 23:24:29,,0.0,0.0,0,,0.0,0.0,0.0,156
0,[],22,[],2019-03-15 00:33:53,0.0,0,0,6933194,2019-03-15 00:33:53,,6.7463775,0.0,0,,4673391.242592593,0.0,0.0,156
1,[],22,[],2019-03-15 00:33:57,7073.8,0.00005300,0.0000000020556421,6933195,2019-03-15 00:33:57,BTC,1.79802465,0.0,0.00005300,BTC,802.6461988741639,0.0,0.00104336,157
0,[],22,[],2019-03-15 00:34:17,0.0,0,0,6933196,2019-03-15 00:34:17,,50175.67608608,0.0,0,,54079135.04179466,0.0,0.0,158
,[],17,[],2018-11-20 22:56:10,0.0,0,0,4861976,2018-11-20 22:56:10,btc,1.1265625,0.0,,btc,1000.0,0.0,0.0,159
,[],20,[],2018-11-20 22:56:12,0.0,0,0,4861977,2018-11-20 22:56:12,btc,11912.7940471,0.0,,btc,34413894.3617,0.0,0.0,159
1,[],12,[],2019-03-15 00:34:18,233336.47926561,0.0000074900000000000002857501561759345776181362452916800975799560546875,0.00000000029050489300000003,6933197,2019-03-15 00:34:18,btc,1.5530294302,0.0,0.0000074900000000000002857501561759345776181362452916800975799560546875,btc,7444.26,0.0189227229409315,0.1059601439963276,168
1,[],17,[],2019-03-15 00:34:29,29784.95,0.000001,0.0000000000387857,6933198,2019-03-15 00:34:29,btc,0.03026736251542,0.0,0.000001,btc,144.46171372,0.0,0.00716147,168
0,[],22,[],2019-03-15 00:34:33,0.0,0,0,6933199,2019-03-15 00:34:33,,1.13364782,0.0,0,,524897.174707144,0.0,0.0,169
1,[],22,[],2019-03-15 00:34:37,195281.875,0.00000008,0.000000000003102856,6933200,2019-03-15 00:34:37,BTC,14.35180468,0.0,0.00000008,BTC,159093.5516531956,1.185e-05,0.00200335,171
1,[],22,[],2019-03-15 00:34:42,853023.3333333334,0.00000006,0.000000000002327142,6933201,2019-03-15 00:34:42,BTC,1.92944954,0.0,0.00000006,"BTC,LTC",349845.56955956423,0.0,0.02865526,173
1,[],5,[],2019-03-05 01:59:40,0.0,0,0,6845846,2019-03-05 01:59:40,btc,0.0,0.00384852,0,btc,0.0,0.0,0.0,175
1,[],22,[],2019-03-15 00:34:47,35500.0,0.00000012,0.000000000004654284,6933202,2019-03-15 00:34:47,BTC,0.54559973,0.0,0.00000012,BTC,137776.41444619838,0.0,0.00206,176
0,[],2,[],2019-01-20 23:28:34,0.0,0,0,6477001,2019-01-20 23:28:34,,0.0,0.0,0,,0.0,0.0,0.0,178
1,[],7,[],2019-03-15 00:34:49,0.0,0,0,6933203,2019-03-15 00:34:49,btc,410194.03417569597,27000.0,0,btc,111627533.09876795,0.00027,0.0,178
0,[],22,[],2019-03-15 00:35:40,0.0,0,0,6933204,2019-03-15 00:35:40,,1.00242438,0.0,0,,57522.0,0.0,0.0,178
0,[],23,[],2019-01-20 23:25:08,0.0,0,0,6476952,2019-01-20 23:25:08,,0.0,0.0,0,,0.0,0.0,0.0,179
1,[],5,[],2019-03-15 00:35:44,0.0,0,0,6933205,2019-03-15 00:35:44,btc,0.0,0.06916263,0,btc,0.0,0.0,0.0,179
1,[],22,[],2019-03-15 00:35:51,6867106.0,0.00000002,0.000000000000775714,6933206,2019-03-15 00:35:51,BTC,5.63100652,0.0,0.00000002,"BTC,LTC",17355770.756535422,0.0,0.37228284,179
1,[],17,[],2019-03-14 23:51:28,10504.725,0.0000001,0.00000000000387494,6932915,2019-03-14 23:51:28,btc,5.201069583843745,0.0,0.0000001,btc,5033.45945,0.0,0.0010504725,180
1,[],22,[],2019-03-15 00:35:59,665006.0130909091,0.00000125,0.000000000048482125,6933207,2019-03-15 00:35:59,BTC,0.23878924,0.0,0.00000125,"BTC,LTC",75337.31522081535,0.00115394,0.57001711,180
1,[],26,[],2019-03-15 00:35:59,0.0,0.00000125,0.000000000048482125,6933208,2019-03-15 00:35:59,btc,0.0,25.0,0.00000125,btc,0.0,0.0,0.0,180
,[],7,[],2018-11-20 22:58:01,562227.975654,0.00000085,0.000000000036176765,4862015,2018-11-20 22:58:01,btc,21836.6059674,2491.87645172,,btc,749999.041456,0.00211021,0.127565380455,183
,[],5,[],2019-01-10 08:11:41,0.0,0,0,6347036,2019-01-10 08:11:41,btc,82.15055501,0.00261,,btc,1.19002445,0.0,0.0,187
,[],17,[],2018-11-16 20:58:10,4062536.27273,0.00000001,0.000000000000550501,4708775,2018-11-16 20:58:10,btc,3.36492563466,0.195460381006,,"btc,eth",110697919.549,0.0,0.0157628953496,187
1,[],24,[],2019-03-15 00:36:00,0.0,0.000000000001,3.87857e-17,6933209,2019-03-15 00:36:00,btc,0.0,0.0,0.000000000001,btc,0.0,0.0,0.0,187
0,[],22,[],2019-03-15 00:36:04,0.0,0,0,6933210,2019-03-15 00:36:04,,7.54797454,0.0,0,,79361.7243344055,0.0,0.0,191
0,[],22,[],2019-03-15 00:36:12,0.0,0,0,6933211,2019-03-15 00:36:12,,0.0,0.0,0,,0.0,0.0,0.0,197
0,[],23,[],2019-01-20 23:31:41,0.0,0,0,6477079,2019-01-20 23:31:41,,0.0,0.0,0,,0.0,0.0,0.0,199
0,[],22,[],2019-03-15 00:36:16,0.0,0,0,6933212,2019-03-15 00:36:16,,5.19581047,0.0,0,,21561978.0,0.0,0.0,199
1,[],26,[],2019-03-15 00:36:16,0.0,0.00000000,0,6933213,2019-03-15 00:36:16,btc,0.0,125211.0,0.00000000,btc,0.0,0.0,0.0,199
0,[],17,[],2019-01-30 16:32:01,0.0,0,0,6540827,2019-01-30 16:32:01,btc,6.802544163788159,0.0,0,btc,105897.55575295,0.0,0.0,200
0,[],2,[],2019-01-20 23:30:49,0.0,0,0,6477059,2019-01-20 23:30:49,,0.0,0.0,0,,0.0,0.0,0.0,201
1,[],4,[],2019-01-25 15:51:35,2084389.58565343,0.00000936,0.000000000333526752,6499557,2019-01-25 15:51:35,btc,2.0092503037378524,0.0,0.00000936,btc,160195.80207885,0.19272417,1.242687955921835,211
1,[],7,[],2019-03-15 00:36:19,6342978.46280427,0.000001080000000000000035831255497387193287295303889550268650054931640625,0.000000000041888556000000004,6933214,2019-03-15 00:36:19,btc,15476653.041447226,1056019.18532,0.000001080000000000000035831255497387193287295303889550268650054931640625,btc,12037389.79611012,0.0,3.7691567047203116,212
1,[],12,[],2019-01-25 02:44:32,207462.42853209,0.000001080000000000000035831255497387193287295303889550268650054931640625,0.000000000038610756000000006,6493050,2019-01-25 02:44:32,btc,85023.03793723314,0.0,0.000001080000000000000035831255497387193287295303889550268650054931640625,btc,43675.73520027,0.000146250909087,0.0348620860622024,213
1,[],5,[],2019-03-15 00:36:21,0.0,0,0,6933215,2019-03-15 00:36:21,btc,0.0,0.17884927,0,btc,0.0,0.0,0.0,213
1,[],24,[],2019-03-15 00:36:21,0.0,0.000000220000,0.000000000008532854,6933216,2019-03-15 00:36:21,btc,0.0,0.0,0.000000220000,btc,0.0,0.0,0.0,213
1,[],26,[],2019-03-15 00:36:22,0.0,0.00000010,0.0000000000038785700000000005,6933217,2019-03-15 00:36:22,btc,0.0,0.0,0.00000010,btc,0.0,0.0,0.0,213
1,[],22,[],2019-03-15 00:36:27,25000.0,0.00000001,0.000000000000387857,6933218,2019-03-15 00:36:27,BTC,2.2910283,0.0,0.00000001,BTC,748106.3963726171,0.00049,0.00025,216
1,[],27,[],2019-03-15 00:36:30,1298122.0,0.00000003,0.000000000001163571,6933219,2019-03-15 00:36:30,btc,317.9808126547724,0.0,0.00000003,"btc,ltc",240753.990324,0.0,0.03375764000026027,216
1,[],22,[],2019-03-15 00:36:35,155240.11184210525,0.00000155,0.000000000060117835,6933220,2019-03-15 00:36:35,BTC,12543.58651629,0.0,0.00000155,BTC,425678.5949242761,0.0107953,0.15776399,217
1,[],7,[],2019-03-15 00:36:39,0.0,0,0,6933221,2019-03-15 00:36:39,btc,77971.81410323446,1000.0,0,btc,135962412.7426053,1e-05,0.0,219
0,[],27,[],2019-03-15 00:36:40,0.0,0,0,6933222,2019-03-15 00:36:40,,0.0404796,0.0,0,btc,2057905.0,0.0,0.0,219
0.0000000000000052,[],28,[],2019-03-15 00:36:51,171578396.705,9.1026e-18,3.5305071282000004e-22,6933223,2019-03-15 00:36:51,doge,96468.2202421225,14466.0,0.00175050,"btc,doge",6154491.80521,0.0,2.493544688178804e-11,219
1,[],22,[],2019-03-15 00:36:54,405511.0,0.00000008,0.000000000003102856,6933224,2019-03-15 00:36:54,BTC,18.10613233,0.0,0.00000008,BTC,101344.54541875875,9.984e-05,0.01929233,221
1,[],24,[],2019-03-15 00:36:54,0.0,0.000000200000,0.000000000007757140000000001,6933225,2019-03-15 00:36:54,btc,0.0,0.0,0.000000200000,btc,0.0,0.0,0.0,221
1,[],20,[],2019-03-15 00:36:56,39830312.9628,0.000000008,0.0000000000003102856,6933226,2019-03-15 00:36:56,btc,49.3942753096225,1307769.9049,0.000000008,btc,14342781.0194,0.0086556713914,0.0446551970253,224
0,[],22,[],2019-03-15 00:36:59,0.0,0,0,6933227,2019-03-15 00:36:59,,0.0,0.0,0,,0.0,0.0,0.0,224
1,[],26,[],2019-03-15 00:37:00,0.0,0.00000035,0.000000000013574995000000001,6933228,2019-03-15 00:37:00,btc,0.0,0.0,0.00000035,btc,0.0,0.0,0.0,231
1,[],26,[],2019-03-15 00:37:00,0.0,0.00000005,0.0000000000019392850000000003,6933229,2019-03-15 00:37:00,btc,0.0,0.0,0.00000005,btc,0.0,0.0,0.0,234
0.00000000034124710000000004,[],27,[],2019-03-15 00:37:02,2000.0,3.4124710000000004e-18,1.3235507646470002e-22,6933230,2019-03-15 00:37:02,eth,0.01134836604,0.0,0.00000001,"btc,eth",11462.996,0.0,6.8249420000000005e-15,234
1,[],4,[],2019-03-15 00:37:04,855584.2497708,0.00000075,0.000000000029089275,6933231,2019-03-15 00:37:04,btc,4.187362648753087,0.0,0.00000075,btc,1225040.82061105,0.06182873,0.2475060905109666,236
1,[],24,[],2019-03-15 00:37:04,0.0,0.000000500000,0.00000000001939285,6933232,2019-03-15 00:37:04,btc,0.0,0.0,0.000000500000,btc,0.0,0.0,0.0,236
1,[],20,[],2019-03-15 00:46:53,230402894.6226,0.000000043,0.0000000000016676819,6933420,2019-03-15 00:46:53,btc,10.5528030327413,2165364.6486,0.000000043,btc,32498016.6687,0.09884698683,0.5216606586704,237
0.0000000001445954,[],22,[],2019-03-15 00:37:10,751594.9,2.4581218e-17,9.533997469826002e-22,6933234,2019-03-15 00:37:10,LTC,1.2021423,0.0,0.00000017,LTC,14198.0,0.0,0.12541949,237
1,[],4,[],2019-03-15 00:37:10,7365950.72024078,0.00000034,0.000000000013187138,6933235,2019-03-15 00:37:10,btc,6.827280452497821,0.0,0.00000034,btc,10417473.8167616,0.4126567,1.6941443643156233,238
1,[],5,[],2019-03-15 00:37:13,0.0,0,0,6933236,2019-03-15 00:37:13,btc,0.0,0.04056211,0,btc,0.0,0.0,0.0,238
0,[],22,[],2019-03-12 16:49:32,0.0,0,0,6914458,2019-03-12 16:49:32,,0.40415746,0.0,0,,526736.5639027493,0.0,0.0,249
0.0000000001446065,[],22,[],2019-03-15 00:47:08,45855735.916666664,5.78426e-18,2.2433269085800003e-22,6933424,2019-03-15 00:47:08,LTC,0.93019708,0.0,0.00000004,LTC,18228659.353636365,1.414764055436e-11,1.05236554,252
1,[],28,[],2019-03-15 00:47:10,1906609.921,0.00000057,0.000000000022106481,6933425,2019-03-15 00:47:10,btc,164780.3666912845,295292.896,0.00000057,btc,351365.536,0.0,0.49346170142,256
1,[],22,[],2019-03-15 00:47:15,1335610.3333333333,0.00000003,0.000000000001163499,6933426,2019-03-15 00:47:15,BTC,31.44738005,0.0,0.00000003,BTC,590138.8568978057,0.00017739,0.01900123,258
1,[],22,[],2019-03-13 00:07:30,47146.0,0.00000001,0.000000000000387233,6917028,2019-03-13 00:07:30,BTC,2.415167,0.0,0.00000001,BTC,157.0,0.0,0.00047146,259
1,[],5,[],2019-03-15 00:47:17,0.0,0,0,6933427,2019-03-15 00:47:17,btc,0.0,0.11478404,0,btc,0.0,0.0,0.0,264
1,[],20,[],2019-03-15 00:47:19,1245505.9639,0.00000204,0.000000000079117932,6933428,2019-03-15 00:47:19,btc,7.1854620606999,109083.4272,0.00000204,btc,98904.8931,0.2326458765072,0.0316323057092,264
0,[],22,[],2019-03-15 00:47:23,0.0,0,0,6933429,2019-03-15 00:47:23,,8.75669439,0.0,0,,483745.2241309945,0.0,0.0,271
0,[],22,[],2019-03-15 00:47:26,0.0,0,0,6933430,2019-03-15 00:47:26,,111821.04152134,0.0,0,,13992847597.692,0.0,0.0,272
0.0000000000000052,[],28,[],2019-03-15 00:47:29,190055321346.905,3.952e-21,1.532716016e-25,6933431,2019-03-15 00:47:29,doge,147666882.2567421,26248597543.8703,0.00000076,doge,244691389521.1349,0.0,4.574773772206698e-10,272
1,[],22,[],2019-03-15 00:47:36,146111.78,0.0000006,0.00000000002326998,6933432,2019-03-15 00:47:36,BTC,383.71000851,0.0,0.0000006,"BTC,LTC",81279.72782823781,0.0713361,0.04995193,281
1,[],22,[],2019-03-15 00:47:41,360531.9090909091,0.00000011,0.000000000004266163,6933433,2019-03-15 00:47:41,BTC,1.28339064,0.0,0.00000011,BTC,229079.93882556964,0.00357802,0.02477415,286
0,[],22,[],2019-03-15 00:47:44,0.0,0,0,6933434,2019-03-15 00:47:44,,1044639.02232571,0.0,0,,721967414.0,0.0,0.0,294
