pairValue,buyBook,exchangeId,sellBook,updated,buyTotal,satoshiPrice,usdPrice,exchangeLogId,created,bestPair,sellTotalBtc,volume,pairPrice,activePairs,sellTotal,volumeBtc,buyTotalBtc,coinId
1,[],3,[],2019-02-11 17:15:04,123.853295795841,0.01312455000000000045201620224588623386807739734649658203125,0.00000047627941986000005,6636583,2019-02-11 17:15:04,btc,107.05934580071037,0.019595272549,0.01312455000000000045201620224588623386807739734649658203125,btc,20.831937061611,0.0,0.19792497790010707,1
1,[],4,[],2019-02-11 17:15:05,142.52016111,0.01325082,0.000000480861657144,6636584,2019-02-11 17:15:05,btc,1.0496416771866037,0.0,0.01325082,btc,75.90507448,0.75636225,1.2393481500117576,1
1,[],5,[],2019-02-11 17:15:07,0.31192575,0.01300002,0.00000047176032578400004,6636585,2019-02-11 17:15:07,btc,14577.91083462,3.771e-05,0.01300002,btc,35555556.07260034,0.0,2.63814108,1
1,[],10,[],2019-02-11 17:15:09,414496.84918306,0.01220001,0.000000442728602892,6636586,2019-02-11 17:15:09,btc,6531.425969195793,1516.41718427,0.01220001,btc,891.62224321,0.0,3.991341666841486,1
1,[],12,[],2019-02-11 17:15:12,10438.84160096,0.0130399999999999995081712000910556525923311710357666015625,0.000000473211168,6636587,2019-02-11 17:15:12,btc,0.5083326892448,0.0,0.0130399999999999995081712000910556525923311710357666015625,btc,31.17483456,1.0642869849398,0.392863177957,1
1,[],20,[],2019-02-11 17:15:14,1151.3756,0.010400104,0.0000003774114540768,6636588,2019-02-11 17:15:14,btc,0.0573537536243,0.0,0.010400104,btc,2.5253,0.0,0.0832230535083,1
1,[],21,[],2019-02-11 17:15:14,2327.28270728,0.01316834000000000060026650317,0.000000477868523928,6636589,2019-02-11 17:15:14,btc,14.117365521594735,4278.51424169,0.01316834000000000060026650317013263702392578125,"btc,eth",1596.73207566,51.21240185075331,19.705857833569077,1
1,[],22,[],2019-02-11 17:15:19,0.0280576,0.01350000,0.0000004899042000000001,6636590,2019-02-11 17:15:19,BTC,0.3139634,0.0,0.01350000,BTC,0.10070366666666666,1.62e-05,0.00036518,1
1,[],24,[],2019-02-11 17:15:20,0.0,0.000000000000,0,6636591,2019-02-11 17:15:20,btc,0.0,0.0,0.000000000000,btc,0.0,0.0,0.0,1
0.0,[],25,[],2019-02-11 17:15:20,0.0,0,0,6636592,2019-02-11 17:15:20,btc,25.033499997156827,617.78635014,0.0,btc,1841.61466953,8.1988,0.0,1
1,[],26,[],2019-02-11 17:15:30,0.0,0,0,6636593,2019-02-11 17:15:30,,0.0,0.0,0,,0.0,0.0,0.0,1
1,[],28,[],2019-02-11 17:15:32,992.968,0.01231000,0.000000446720052,6636594,2019-02-11 17:15:32,btc,0.163517306,16762.8,0.01231000,btc,8.95,0.0,0.086870176,1
0,[],2,[],2019-01-20 23:28:45,0.0,0,0,6477011,2019-01-20 23:28:45,,0.0,0.0,0,,0.0,0.0,0.0,1
1,[],5,[],2019-02-11 17:15:33,8.23e-06,0.00000049,0.000000000017781708,6636595,2019-02-11 17:15:33,btc,0.14657555,0.07336152,0.00000049,btc,6.298e-05,0.0,0.15381109,2
0,[],22,[],2019-02-11 17:15:36,0.0,0,0,6636596,2019-02-11 17:15:36,,0.0,0.0,0,,0.0,0.0,0.0,2
1,[],5,[],2019-02-11 17:15:37,1.12e-06,0.00000016,0.0000000000058062720000000004,6636597,2019-02-11 17:15:37,btc,4.33137069,0.00676065,0.00000016,btc,2.278e-05,0.0,2.89842162,3
1,[],12,[],2019-02-11 17:15:38,12127644.64784449,0.000000168,0.0000000000060965856,6636598,2019-02-11 17:15:38,btc,923494.5781355291,0.0,0.000000168,btc,8376057.39453074,0.0446700958622648,0.4901308861481016,3
0,[],28,[],2019-02-11 17:15:42,0.0,0,0,6636599,2019-02-11 17:15:42,,0.0,0.0,0,,0.0,0.0,0.0,3
0,[],2,[],2019-01-20 23:31:32,0.0,0,0,6477077,2019-01-20 23:31:32,,0.0,0.0,0,,0.0,0.0,0.0,4
1,[],4,[],2019-02-11 17:15:44,388321.46891834,0.00000033,0.000000000011975436,6636600,2019-02-11 17:15:44,btc,0.3813419301034616,0.0,0.00000033,btc,338565.10181884,0.00148985,0.050934280466178,4
1,[],12,[],2019-02-11 17:15:45,1573085.5219999999,0.00000004,0.0000000000014515680000000001,6636601,2019-02-11 17:15:45,btc,11113878.35212334,0.0,0.00000004,btc,1001393.07363661,0.0015309576823175,0.02680625044,5
0,[],2,[],2019-01-20 23:31:51,0.0,0,0,6477087,2019-01-20 23:31:51,,0.0,0.0,0,,0.0,0.0,0.0,6
1,[],11,[],2019-02-11 17:15:47,1013270.9999525,0.00000002,0.0000000000007257840000000001,6636602,2019-02-11 17:15:47,btc,9433.30688095041,694817.5,0.00000002,btc,40403947.85665806,0.0,0.01157511499905,6
1,[],3,[],2019-02-11 17:15:49,1074.273146428111,0.00014521000000000000053346216333238771767355501651763916015625,0.000000005269554732,6636603,2019-02-11 17:15:49,btc,28.399990609446498,0.0,0.00014521000000000000053346216333238771767355501651763916015625,btc,235.145665820227,0.0,0.031531977816658056,7
1,[],4,[],2019-02-11 17:15:50,23618.9913603,0.00019017,0.000000006901117164000001,6636604,2019-02-11 17:15:50,btc,1.520077448386057,0.0,0.00019017,btc,7348.87102466,2.3327139,3.8757042511457347,7
1,[],5,[],2019-02-11 17:15:51,0.00556692,0.00018900,0.0000000068586588,6636605,2019-02-11 17:15:51,btc,1.44286787,0.23294067,0.00018900,btc,0.01187815,0.0,1.59006496,7
1,[],20,[],2019-02-11 17:05:22,59081135.5697,0.000000001,0.000000000000036299600000000003,6636410,2019-02-11 17:05:22,btc,116.5923532606651,315535.1265,0.000000001,btc,33662875.6586,0.0003155351265,0.0590811355697,8
0,[],2,[],2019-01-20 23:22:42,0.0,0,0,6476876,2019-01-20 23:22:42,,0.0,0.0,0,,0.0,0.0,0.0,9
0,[],23,[],2019-01-20 23:22:48,0.0,0,0,6476878,2019-01-20 23:22:48,,0.0,0.0,0,,0.0,0.0,0.0,9
1,[],1,[],2019-02-11 17:05:23,2453990.34,0.0000019499999999999999646983772638719756287173368036746978759765625,0.00000000007078422,6636411,2019-02-11 17:05:23,btc,4.2006378885,11910106.53,0.0000019499999999999999646983772638719756287173368036746978759765625,btc,2112804.43,23.43424912,4.7015353751,9
1,[],4,[],2019-02-11 17:05:24,621766.96081867,0.00000193,0.000000000070058228,6636412,2019-02-11 17:05:24,btc,0.985282908566894,0.0,0.00000193,btc,495056.85920866,1.07502394,1.1659153262734605,9
1,[],28,[],2019-02-11 17:05:26,34500.0,0.00000165,0.00000000005989434,6636413,2019-02-11 17:05:26,btc,2708.767537584,3336050.0,0.00000165,btc,15216.36,0.0,0.02854,9
1,[],4,[],2019-02-10 09:54:02,5828483.02026053,0.00000002,0.000000000000726692,6623074,2019-02-10 09:54:02,btc,0.2014004865591215,0.0,0.00000002,btc,4198675.28035349,0.00021932,0.0653957035452106,10
1,[],4,[],2019-02-11 17:15:52,1774975.41741988,0.00000144,0.000000000052256448,6636606,2019-02-11 17:15:52,btc,1.4467172612842034,0.0,0.00000144,btc,944740.215529,1.04444134,2.4375919774241344,12
1,[],5,[],2019-02-11 17:15:53,1.686e-05,0.00000137,0.000000000049716204000000003,6636607,2019-02-11 17:15:53,btc,0.44013142,0.56740219,0.00000137,btc,0.00010819,0.0,0.23138092,12
0.0,[],25,[],2019-02-11 17:15:54,0.0,0,0,6636608,2019-02-11 17:15:54,,0.0,0.0,0.0,btc,0.0,0.0,0.0,12
0,[],2,[],2019-01-20 23:23:08,0.0,0,0,6476890,2019-01-20 23:23:08,,0.0,0.0,0,,0.0,0.0,0.0,12
1,[],4,[],2019-02-11 17:15:55,1301869.22622786,0.00000608,0.00000000022063833600000002,6636609,2019-02-11 17:15:55,btc,0.8909009256874284,0.0,0.00000608,btc,128287.92954803,0.62384804,1.2383243930186745,13
1,[],10,[],2019-02-11 17:15:57,441201.22177684,0.00000579,0.000000000210114468,6636610,2019-02-11 17:15:57,btc,666806.4192450176,6702.75831315,0.00000579,btc,745685.04755133,0.0,0.3511873591241422,13
1,[],21,[],2019-02-11 17:15:59,1039684.09149488,0.000006059999999999999577542791895,0.000000000219912552,6636611,2019-02-11 17:15:59,btc,3.971908716495015,1010462.64293002,0.0000060599999999999995775427918953681682978640310466289520263671875,btc,586268.87712112,6.2175006,4.1913019355810555,13
1,[],4,[],2019-02-11 17:16:00,1079146.77265087,0.00000137,0.000000000049716204000000003,6636612,2019-02-11 17:16:00,btc,0.1392575777508597,0.0,0.00000137,btc,78228.80554618,0.01399779,0.4762376176790866,14
1,[],12,[],2019-02-11 17:16:01,87862.2231405,0.000001230000000000000081983031474663903281907550990581512451171875,0.000000000044635716,6636613,2019-02-11 17:16:01,btc,1.7668923151359335,0.0,0.000001230000000000000081983031474663903281907550990581512451171875,btc,28860.33636749,6.273e-05,0.009419910000005,14
0,[],17,[],2019-02-11 17:16:03,0.0,0,0,6636614,2019-02-11 17:16:03,btc,0.0,0.0,0,btc,0.0,0.0,0.0,14
1,[],26,[],2019-02-11 17:16:03,0.0,0.00000050,0.0000000000181446,6636615,2019-02-11 17:16:03,btc,0.0,0.0,0.00000050,btc,0.0,0.0,0.0,14
0,[],4,[],2019-02-11 17:16:04,0.0,0,0,6636616,2019-02-11 17:16:04,,0.0,0.0,0,,0.0,0.0,0.0,15
,[],12,[],2018-12-01 15:15:48,204241.84496,0.00000489,0.000000000202473384,5260204,2018-12-01 15:15:48,btc,49.5475654835,0.0,,btc,35763.2193806,0.0163153972027625,0.0203389899998,15
0,[],2,[],2019-01-20 23:23:38,0.0,0,0,6476906,2019-01-20 23:23:38,,0.0,0.0,0,,0.0,0.0,0.0,18
1,[],4,[],2019-02-11 17:07:39,23272.77869513,0.00001744,0.000000000633065024,6636425,2019-02-11 17:07:39,btc,2.4322553703487717,0.0,0.00001744,btc,18865.39993719,0.01637996,0.035181207725819,18
1,[],10,[],2019-02-11 17:07:41,789472.16859182,0.0000184,0.00000000066791264,6636426,2019-02-11 17:07:41,btc,15.53529711008975,329.93743233,0.0000184,btc,10419.16742853,0.0,0.3044831544258704,18
1,[],12,[],2019-02-11 17:07:43,204523.72428104,0.0000178100000000000005810803227479510724151623435318470001220703125,0.0000000006464958760000001,6636427,2019-02-11 17:07:43,btc,11.6620354447359,0.0,0.0000178100000000000005810803227479510724151623435318470001220703125,btc,1820.20048902,2.807987364e-05,0.038420231752949396,18
0,[],17,[],2019-02-11 17:07:45,0.0,0,0,6636428,2019-02-11 17:07:45,btc,0.0,0.0,0,btc,0.0,0.0,0.0,18
1,[],3,[],2019-02-11 17:16:05,129649.59871618681,0.0000250099999999999994082337806400317958832602016627788543701171875,0.000000000907592892,6636617,2019-02-11 17:16:05,btc,0.4672449630434957,0.0,0.0000250099999999999994082337806400317958832602016627788543701171875,btc,5018.393100515442,0.0,0.09980301493181616,19
1,[],4,[],2019-02-11 17:16:06,236234.82144838,0.00002871,0.000000001041862932,6636618,2019-02-11 17:16:06,btc,0.3433469091912604,0.0,0.00002871,btc,10452.35462795,0.68666341,3.005455488987626,19
1,[],5,[],2019-02-11 17:16:07,0.00024426,0.00002521,0.000000000914850732,6636619,2019-02-11 17:16:07,btc,0.22958837,0.00021616,0.00002521,btc,0.00292696,0.0,0.07690918,19
1,[],12,[],2019-02-11 17:16:08,134819.517861,0.00002334000000000000015084287985356326089458889327943325042724609375,0.000000000846989928,6636620,2019-02-11 17:16:08,btc,0.0303073662711946,0.0,0.00002334000000000000015084287985356326089458889327943325042724609375,btc,313.64095945,0.0,0.031839076875739995,19
0,[],27,[],2019-02-11 17:16:10,0.0,0,0,6636621,2019-02-11 17:16:10,,0.0,0.0,0,btc,0.0,0.0,0.0,19
0,[],2,[],2019-01-20 23:24:19,0.0,0,0,6476924,2019-01-20 23:24:19,,0.0,0.0,0,,0.0,0.0,0.0,19
1,[],4,[],2019-02-11 17:16:11,8107105.2040485,0.00000015,0.0000000000054433800000000006,6636622,2019-02-11 17:16:11,btc,0.7687784087825957,0.0,0.00000015,btc,1574056.40843545,0.0060426,0.2639153332083667,20
1,[],4,[],2019-02-11 17:16:12,112794070.437557,0.00000002,0.0000000000007257840000000001,6636623,2019-02-11 17:16:12,btc,0.6067823459510098,0.0,0.00000002,btc,16599470.24575441,0.00574239,1.3240486129609803,21
1,[],12,[],2019-02-11 17:16:13,17619837.0,0.00000002,0.0000000000007257840000000001,6636624,2019-02-11 17:16:13,btc,669.7258355491022,0.0,0.00000002,btc,8580204.84915351,0.0276,0.22543702000000002,21
0,[],17,[],2019-02-11 17:16:15,0.0,0,0,6636625,2019-02-11 17:16:15,btc,0.0,0.0,0,btc,0.0,0.0,0.0,21
1,[],12,[],2019-02-11 17:16:18,2904956542.043896,0.0000000002,0.000000000000007257840000000001,6636626,2019-02-11 17:16:18,btc,825864718656.4681,0.0,0.0000000002,btc,4294252697.400802,0.006098243639560616,0.33367870885558976,23
0,[],27,[],2019-02-11 17:16:20,0.0,0,0,6636627,2019-02-11 17:16:20,,0.7240921565934114,0.0,0,eth,727098.85514486,0.0,0.0,23
1,[],4,[],2019-02-11 17:08:01,377277.16439644,0.00000067,0.000000000024320732000000002,6636440,2019-02-11 17:08:01,btc,0.1625653912884207,0.0,0.00000067,btc,148543.397004,0.02879762,0.1903195907978506,24
1,[],22,[],2019-02-11 17:08:05,11.76,0.00000100,0.0000000000362996,6636441,2019-02-11 17:08:05,BTC,7.415e-05,0.0,0.00000100,BTC,23.919354838709676,0.0,1.176e-05,24
0.0,[],25,[],2019-02-11 17:08:06,0.0,0,0,6636442,2019-02-11 17:08:06,,0.0,0.0,0.0,btc,0.0,0.0,0.0,24
1,[],4,[],2019-02-11 17:08:07,27897183.22416927,0.00000537,0.000000000194928852,6636443,2019-02-11 17:08:07,btc,0.5120160002436993,0.0,0.00000537,btc,50249.14484245,0.09804733,0.393858211620581,26
1,[],10,[],2019-02-11 17:08:09,730947.4321827,0.00000601,0.000000000218160596,6636444,2019-02-11 17:08:09,btc,25.915729810247182,0.0,0.00000601,btc,13164.47848257,0.0,0.213205382896882,26
0,[],2,[],2019-01-20 23:25:56,0.0,0,0,6476976,2019-01-20 23:25:56,,0.0,0.0,0,,0.0,0.0,0.0,26
1,[],3,[],2019-02-11 17:16:21,4738722.0,0.00000001,0.00000000000036289200000000003,6636628,2019-02-11 17:16:21,btc,2.5118346426117757,171951.039432,0.00000001,btc,16318822.24773268,0.0,0.04738722,27
1,[],5,[],2019-02-11 17:16:22,1e-08,0.00000001,0.00000000000036289200000000003,6636629,2019-02-11 17:16:22,btc,1.55121482,0.00029891,0.00000001,btc,4.577e-05,0.0,0.11923465,27
1,[],11,[],2019-02-11 17:16:24,10063996.7912115,0.00000005,0.00000000000181446,6636630,2019-02-11 17:16:24,btc,370.63310344475406,219.9,0.00000005,btc,8170877.7193934005,0.0,0.4661006184459823,27
1,[],4,[],2019-02-11 17:16:25,510918933.43797886,0.00000002,0.0000000000007257840000000001,6636631,2019-02-11 17:16:25,btc,0.250389395087527,0.0,0.00000002,"btc,ltc",26503218.23627462,0.298264,7.153876699938134,29
1,[],7,[],2019-02-11 17:16:26,29035416.775896247,0.00000002,0.0000000000007257840000000001,6636632,2019-02-11 17:16:26,btc,44465207.127922386,9166.97917137,0.00000002,btc,52569078.26659874,0.00026763,0.4259103721086603,29
1,[],4,[],2019-02-11 17:08:16,1592746.44881596,0.00000028,0.000000000010163888,6636450,2019-02-11 17:08:16,btc,0.1999983428895217,0.0,0.00000028,btc,427177.00385188,0.0061021,0.1395133614649795,30
0,[],17,[],2019-02-11 17:08:18,0.0,0,0,6636451,2019-02-11 17:08:18,btc,0.0,0.0,0,btc,0.0,0.0,0.0,30
1,[],4,[],2019-02-11 17:08:19,1759783.37183155,0.00006293,0.000000002284333828,6636452,2019-02-11 17:08:19,btc,1.0491000502328443,0.0,0.00006293,btc,13176.97343001,1.1928754,2.4437544723415967,31
1,[],21,[],2019-02-11 17:08:21,62618.87243719,0.00006436999999999999525542720979,0.000000002336605252,6636453,2019-02-11 17:08:21,btc,2.1542526452079263,97198.19777657,0.000064369999999999995255427209794873988357721827924251556396484375,btc,30852.59313876,6.24769988,3.7237509256349814,31
0,[],2,[],2019-01-20 23:28:43,0.0,0,0,6477009,2019-01-20 23:28:43,,0.0,0.0,0,,0.0,0.0,0.0,32
1,[],4,[],2019-02-11 17:16:27,134043618.83093363,0.00000004,0.0000000000014515680000000001,6636633,2019-02-11 17:16:27,btc,2.107401017057476,0.0,0.00000004,"btc,ltc",45867909.41547127,0.37484863,1.8728076756472956,33
1,[],12,[],2019-02-11 17:16:28,12141046.0,0.00000005,0.00000000000181446,6636634,2019-02-11 17:16:28,btc,34509093.839627825,0.0,0.00000005,btc,89769084.82317667,0.0798315200299694,0.37096652,33
1,[],4,[],2019-02-11 17:16:29,119713773.20615792,0.00000002,0.0000000000007257840000000001,6636635,2019-02-11 17:16:29,btc,0.7470442382411442,0.0,0.00000002,btc,24901474.60803814,0.10516989,1.2188124952515793,34
1,[],5,[],2019-02-11 17:16:30,3e-08,0.00000002,0.0000000000007257840000000001,6636636,2019-02-11 17:16:30,btc,4.21606672,0.03626011,0.00000002,btc,1.394e-05,0.0,0.77442066,34
0.0000000001173885,[],4,[],2019-02-11 17:16:31,706576635.6765068,3.521655e-18,1.2779804262600002e-22,6636637,2019-02-11 17:16:31,ltc,1.0254384968075613e-08,0.0,0.00000003,ltc,1860064677.6895533,0.0,1.280127017068977e-09,36
1,[],5,[],2019-02-11 17:16:33,0.0,0,0,6636638,2019-02-11 17:16:33,btc,197.40695613,0.0,0,btc,1.325e-05,0.0,0.0,36
0,[],17,[],2019-02-11 17:16:34,0.0,0,0,6636639,2019-02-11 17:16:34,btc,0.14155809865214491,0.0,0,btc,10796613.27743647,0.0,0.0,36
0.0000000001173885,[],27,[],2019-02-11 17:16:36,1000000.0,2.34777e-18,8.519869508400001e-23,6636640,2019-02-11 17:16:36,ltc,240.2503276744,0.0,0.00000002,"ltc,eth",3711879.06,0.0,2.3477700000000002e-12,36
1,[],4,[],2019-02-11 17:08:34,274640.92530205,0.00000132,0.000000000047915472000000004,6636462,2019-02-11 17:08:34,btc,0.546955817280092,0.0,0.00000132,btc,329763.49448253,0.15820927,0.1740611041780025,37
1,[],12,[],2019-02-11 17:08:34,394154.68342153,0.000001309999999999999951307938332589753116508290986530482769012451171875,0.000000000047552476,6636463,2019-02-11 17:08:34,btc,1341.277420352938,0.0,0.000001309999999999999951307938332589753116508290986530482769012451171875,btc,743978.80851844,0.1617876105994267,0.1788673700000078,37
1,[],17,[],2019-02-11 17:08:36,1752.74075282,0.00000025,0.0000000000090749,6636464,2019-02-11 17:08:36,btc,0.05548492397866301,0.0,0.00000025,btc,1387.19918473,0.0,0.00043818518820499993,37
1,[],27,[],2019-02-11 17:08:38,14852.0,0.0000005,0.0000000000181498,6636465,2019-02-11 17:08:38,btc,51.75602025030353,0.0,0.0000005,btc,29579.81438508,0.0,0.00488022,37
1,[],5,[],2019-02-11 17:16:38,1.645e-05,0.00000102,0.000000000037014984000000005,6636641,2019-02-11 17:16:38,btc,0.08985551,0.10958667,0.00000102,btc,9.213e-05,0.0,0.03934494,42
1,[],12,[],2019-02-11 17:16:39,131077.4358935,0.000001069999999999999919816744131662034078544820658862590789794921875,0.000000000038829444,6636642,2019-02-11 17:16:39,btc,96.34266970742111,0.0,0.000001069999999999999919816744131662034078544820658862590789794921875,btc,98048.74782362,0.0338636349373914,0.0500684899999367,42
0,[],27,[],2019-02-11 17:16:41,0.0,0,0,6636643,2019-02-11 17:16:41,,0.00315028,0.0,0,"btc,eth",11.007,0.0,0.0,42
1,[],5,[],2019-02-11 17:08:44,6e-08,0.00000003,0.000000000001088988,6636469,2019-02-11 17:08:44,btc,6.25851383,0.00052003,0.00000003,btc,1.425e-05,0.0,0.56206155,43
1,[],12,[],2019-02-11 17:08:45,3951767.903,0.00000002,0.0000000000007259920000000001,6636470,2019-02-11 17:08:45,btc,20007456.492501527,0.0,0.00000002,btc,38967697.19920079,5.5266733267e-06,0.03951772806,43
0,[],17,[],2019-02-11 17:08:47,0.0,0,0,6636471,2019-02-11 17:08:47,btc,0.0,0.0,0,btc,0.0,0.0,0.0,43
1,[],12,[],2019-02-11 17:08:48,760915.0,0.00000005,0.00000000000181498,6636472,2019-02-11 17:08:48,btc,11115166.91779671,0.0,0.00000005,btc,1021507.64235763,0.0029483000899094,0.02130255,44
1,[],4,[],2019-02-11 17:16:42,225376983.73602155,0.00000002,0.0000000000007257840000000001,6636644,2019-02-11 17:16:42,btc,0.1924654781485765,0.0,0.00000002,"btc,ltc",4618887.18819572,0.00393722,0.42963523764600936,49
0.0000000001173885,[],4,[],2019-02-11 17:16:43,2614101487.101079,1.173885e-18,4.2599347542000006e-23,6636645,2019-02-11 17:16:43,ltc,4.645173507288581,0.0,0.00000001,ltc,3085005624.009269,0.0,3.06865452418565e-09,52
0,[],22,[],2019-02-11 09:44:56,0.0,0,0,6632671,2019-02-11 09:44:56,,3935.19376955,0.0,0,,263411682.90882352,0.0,0.0,57
0,[],27,[],2019-02-11 09:44:58,0.0,0,0,6632672,2019-02-11 09:44:58,,0.0,0.0,0,"btc,eth",0.0,0.0,0.0,57
0.0000000001173885,[],4,[],2019-02-11 17:16:44,1187105691.8423588,5.869425000000001e-18,2.1299673771000003e-22,6636646,2019-02-11 17:16:44,ltc,3.279408607582824,0.0,0.00000005,ltc,929716188.3217124,0.00023558,3.603914121038851e-09,58
1,[],12,[],2019-02-11 17:16:45,1930341586.843957,0.0000000005,0.0000000000000181446,6636647,2019-02-11 17:16:45,btc,224005489739.29065,0.0,0.0000000005,btc,3723367754.268037,0.009937576448051932,0.6802233891011392,58
0,[],17,[],2019-02-11 17:16:47,0.0,0,0,6636648,2019-02-11 17:16:47,btc,1e+24,0.0,0,btc,41481695.95832568,0.0,0.0,58
0.0000000001302446,[],22,[],2019-02-11 17:16:51,137438.0,1.302446e-18,4.7264723383200005e-23,6636649,2019-02-11 17:16:51,XMR,69.8835922,0.0,0.00000001,XMR,9887963.0,0.0,0.00137438,58
1,[],5,[],2019-02-11 17:16:53,1.323e-05,0.00000078,0.000000000028305576000000002,6636650,2019-02-11 17:16:53,btc,0.21939628,0.01732047,0.00000078,btc,0.00010904,0.0,0.06954117,61
1,[],22,[],2019-02-11 17:16:56,5149.5,0.00000011,0.0000000000039918120000000005,6636651,2019-02-11 17:16:56,BTC,1002.29598212,0.0,0.00000011,BTC,14957.700278135757,0.0,0.00051596,61
1,[],26,[],2019-02-11 17:16:57,0.0,0.00000800,0.0000000002903136,6636652,2019-02-11 17:16:57,btc,0.0,0.0,0.00000800,btc,0.0,0.0,0.0,61
1,[],27,[],2019-02-11 17:16:59,12554.3559,0.00000059,0.000000000021410628,6636653,2019-02-11 17:16:59,btc,10.764440334806674,0.0,0.00000059,"btc,eth",15310.44146575,0.0,0.0013863899827514926,61
1,[],28,[],2019-02-11 17:17:01,19904.304,0.00000101,0.000000000036652092,6636654,2019-02-11 17:17:01,btc,2.056400593700105,705.0,0.00000101,btc,9787.52450005,0.0,0.00994531304,61
1,[],4,[],2019-02-11 15:59:21,489216.9131047,0.00000255,0.000000000092790165,6635701,2019-02-11 15:59:21,btc,1.0673550489097297,0.0,0.00000255,btc,269338.87576552,0.11861763,0.7321017873407505,67
0.0,[],25,[],2019-02-11 15:59:22,0.0,0,0,6635702,2019-02-11 15:59:22,,0.0,0.0,0.0,btc,0.0,0.0,0.0,67
1,[],12,[],2019-02-11 17:17:03,2773296.23446828,0.0000003,0.00000000001088676,6636655,2019-02-11 17:17:03,btc,11115896.084221613,0.0,0.0000003,btc,1624935.47132168,0.0349950551848293,0.1083420755320195,71
,[],5,[],2018-11-20 23:02:39,1.5e-07,0.00000005,0.000000000002128045,4862160,2018-11-20 23:02:39,btc,2.84511358,0.0,,btc,0.00036572,0.0,0.07381892,74
1,[],5,[],2019-01-25 15:53:51,3.303e-05,0.00000156,0.000000000055588884,6499610,2019-01-25 15:53:51,btc,1.42844212,0.0,0.00000156,btc,0.00015937,0.0,0.49487621,75
0,[],20,[],2019-01-25 09:30:31,0.0,0,0,6495923,2019-01-25 09:30:31,btc,0.0,0.0,0,btc,0.0,0.0,0.0,81
1,[],4,[],2019-02-11 17:09:13,42540453.16892337,0.00000001,0.00000000000036299600000000003,6636485,2019-02-11 17:09:13,btc,0.7675855249914513,0.0,0.00000001,btc,14662066.58791845,0.0,0.4254045316892337,81
1,[],4,[],2019-02-11 17:17:04,23860.44671653,0.00007410,0.00000000268902972,6636656,2019-02-11 17:17:04,btc,0.8926984300589969,0.0,0.00007410,btc,8039.16831006,0.00516002,0.0919488631407762,82
1,[],21,[],2019-02-11 17:17:05,64753.803500559996,0.00007511999999999999905707370740,0.0000000027260447040000003,6636657,2019-02-11 17:17:05,btc,3.436488183074445,3151.60757141,0.00007511999999999999905707370739804673576145432889461517333984375,btc,39898.30546767,0.23692526,2.9437623363451677,82
0,[],17,[],2019-02-07 10:02:39,0.0,0,0,6611495,2019-02-07 10:02:39,btc,0.0447233088476774,0.0,0,btc,999127.19588126,0.0,0.0,84
0.0000000001173885,[],4,[],2019-02-11 17:17:05,152830877.50187042,1.0564965e-17,3.8339412787800005e-22,6636658,2019-02-11 17:17:05,ltc,0.1956906324596168,0.0,0.00000009,ltc,76186017.9392479,0.0,7.140473322956884e-10,85
,[],22,[],2018-11-20 23:09:34,3408.1,0.0000001,0.0000000000041895,4862324,2018-11-20 23:09:34,BTC,0.04624735,0.0,,BTC,4990.0,0.0,0.00033081,86
0,[],22,[],2019-02-11 17:09:19,0.0,0,0,6636489,2019-02-11 17:09:19,,2.0760781,0.0,0,,140622.94736842104,0.0,0.0,87
0,[],27,[],2019-02-11 17:09:21,0.0,0,0,6636490,2019-02-11 17:09:21,,0.0,0.0,0,btc,0.0,0.0,0.0,87
,[],2,[],2018-11-20 23:10:47,0.0,0,0,4862359,2018-11-20 23:10:47,,0.0,0.0,,,0.0,0.0,0.0,88
1,[],11,[],2019-02-11 17:17:07,94420.015326,0.0001530500000000000067855443486308786305016838014125823974609375,0.00000000555406206,6636659,2019-02-11 17:17:07,btc,702.3084012839378,1399.45246475,0.0001530500000000000067855443486308786305016838014125823974609375,btc,187475.81573475,0.0,6.2485438606929975,89
0,[],2,[],2019-01-20 23:31:45,0.0,0,0,6477083,2019-01-20 23:31:45,,0.0,0.0,0,,0.0,0.0,0.0,91
1,[],12,[],2019-02-11 13:47:32,437960.33682877,0.000003019999999999999884515121395534009707262157462537288665771484375,0.000000000109760692,6634220,2019-02-11 13:47:32,btc,1115.1226716710362,0.0,0.000003019999999999999884515121395534009707262157462537288665771484375,btc,41720.28046543,0.0086842655559191,0.0662389005708671,91
0,[],17,[],2019-02-11 13:47:34,0.0,0,0,6634221,2019-02-11 13:47:34,btc,0.0,0.0,0,btc,0.0,0.0,0.0,91
0.0000000001171238,[],22,[],2019-02-11 17:09:27,23303133.4,5.85619e-18,2.12577354524e-22,6636492,2019-02-11 17:09:27,LTC,8.17576354,0.0,0.00000005,LTC,67492261.1,5.274183097992e-12,0.89647531,95
1,[],4,[],2019-02-11 17:17:08,136138962.599352,0.00000001,0.00000000000036289200000000003,6636660,2019-02-11 17:17:08,btc,0.9622962389736609,0.0,0.00000001,"btc,ltc",48005237.5643683,0.00685059,0.014077541781482544,96
1,[],12,[],2019-02-11 17:17:10,759873.0,0.00000001,0.00000000000036289200000000003,6636661,2019-02-11 17:17:10,btc,255063.4736351099,0.0,0.00000001,btc,8812348.54676297,0.00055735,0.007598730000000001,96
0,[],17,[],2019-02-11 17:17:11,0.0,0,0,6636662,2019-02-11 17:17:11,btc,0.0,0.0,0,btc,0.0,0.0,0.0,96
1,[],4,[],2019-02-11 17:17:12,1792070.47046202,0.00000032,0.000000000011612544000000001,6636663,2019-02-11 17:17:12,btc,0.1205637630808782,0.0,0.00000032,btc,273501.53797487,0.00553844,0.218627006926801,99
0,[],2,[],2019-01-20 23:23:55,0.0,0,0,6476914,2019-01-20 23:23:55,,0.0,0.0,0,,0.0,0.0,0.0,100
1,[],4,[],2019-02-11 17:17:13,209201.28017789,0.00004006,0.0000000014537453520000001,6636664,2019-02-11 17:17:13,btc,1.2511342775753085,0.0,0.00004006,btc,28100.51582367,1.13524072,1.1393235887040665,100
1,[],22,[],2019-02-11 17:17:16,50000.0,0.00000001,0.00000000000036289200000000003,6636665,2019-02-11 17:17:16,BTC,23.49896609,0.0,0.00000001,BTC,10277.22,0.0,0.0005,101
1,[],4,[],2019-02-11 17:17:17,116242.81229739,0.00000102,0.000000000037014984000000005,6636666,2019-02-11 17:17:17,btc,0.4232555877682299,0.0,0.00000102,btc,160186.15851836,0.02012587,0.0662762133050913,103
1,[],12,[],2019-02-11 17:09:40,52781478.4663887,0.000000016,0.0000000000005807936000000001,6636500,2019-02-11 17:09:40,btc,137278794.7154286,0.0,0.000000016,btc,130819352.57786275,0.0431815018901106,0.3110725014622192,105
1,[],27,[],2019-02-11 17:09:41,4209342.89,0.00000001,0.00000000000036299600000000003,6636501,2019-02-11 17:09:41,btc,1.62008275136923,0.0,0.00000001,btc,575169.42860553,0.0,0.0420934289,105
0,[],22,[],2019-02-11 17:17:22,0.0,0,0,6636667,2019-02-11 17:17:22,,1.07253299,0.0,0,,94300.0,0.0,0.0,107
1,[],26,[],2019-02-11 17:17:22,0.0,0.00000000,0,6636668,2019-02-11 17:17:22,btc,0.0,0.0,0.00000000,btc,0.0,0.0,0.0,107
1,[],5,[],2019-02-11 17:00:26,1e-08,0.00000001,0.000000000000362917,6636306,2019-02-11 17:00:26,btc,2.89340861,0.01235775,0.00000001,btc,1.571e-05,0.0,0.086364,112
1,[],22,[],2019-02-11 17:00:29,189099.0,0.00000002,0.000000000000725834,6636307,2019-02-11 17:00:29,BTC,2.81183288,0.0,0.00000002,BTC,808524.0833333334,0.0,0.00189105,112
0.0000000003320339,[],27,[],2019-02-11 17:00:31,500000.0,3.320339e-18,1.205007468863e-22,6636308,2019-02-11 17:00:31,eth,1.35132491849924,0.0,0.00000001,"btc,eth",1328.641654,0.0,1.6601695e-12,112
1,[],4,[],2019-02-11 17:17:23,472193.63944926,0.00000337,0.000000000122294604,6636669,2019-02-11 17:17:23,btc,0.2528093556852661,0.0,0.00000337,btc,57615.84318552,0.10057164,0.2828766115996677,113
1,[],5,[],2019-02-11 17:17:24,1.54e-05,0.00000320,0.00000000011612544000000001,6636670,2019-02-11 17:17:24,btc,0.88316837,0.0,0.00000320,btc,0.00160736,0.0,0.29770677,113
1,[],17,[],2019-02-11 17:17:27,172038.724,0.00000004,0.0000000000014515680000000001,6636671,2019-02-11 17:17:27,btc,1.3373630274525254,0.0001,0.00000004,btc,60896.221,0.0,0.0029815489599999997,116
0,[],27,[],2019-02-11 17:17:28,0.0,0,0,6636672,2019-02-11 17:17:28,,0.0,0.0,0,btc,0.0,0.0,0.0,116
1,[],4,[],2019-02-11 17:17:29,24526.86431563,0.00002707,0.000000000982348644,6636673,2019-02-11 17:17:29,btc,0.7365112166794423,0.0,0.00002707,btc,22739.30207689,4.75882479,0.5459540443631028,120
1,[],7,[],2019-02-11 17:17:30,6366.71997809,0.00002994999999999999954467845564298755789423012174665927886962890625,0.00000000108686154,6636674,2019-02-11 17:17:30,btc,115647.2919986346,56.04643058,0.00002994999999999999954467845564298755789423012174665927886962890625,btc,29578.55846259,0.00199763,0.0573466994812534,120
1,[],20,[],2019-02-11 17:09:58,1094534.6666,0.000000014,0.0000000000005081944,6636510,2019-02-11 17:09:58,btc,33.8688445501599,0.0,0.000000014,btc,1142782.3764,0.0,0.0052806482171,125
1,[],22,[],2019-02-11 17:10:04,3053.0,0.00000001,0.00000000000036299600000000003,6636511,2019-02-11 17:10:04,BTC,0.01444889,0.0,0.00000001,BTC,296264.5111111111,0.0,3.053e-05,126
0,[],2,[],2019-01-20 23:25:46,0.0,0,0,6476969,2019-01-20 23:25:46,,0.0,0.0,0,,0.0,0.0,0.0,131
1,[],4,[],2019-02-11 17:10:05,141607.34796256,0.00001416,0.000000000514002336,6636512,2019-02-11 17:10:05,btc,0.6548554891686049,0.0,0.00001416,btc,35771.05278611,0.14622052,0.6160850717673777,131
0,[],17,[],2019-02-11 17:10:06,0.0,0,0,6636513,2019-02-11 17:10:06,btc,0.0009561751951600001,0.0,0,btc,35.42829368,0.0,0.0,131
1,[],4,[],2019-02-11 17:10:08,4618.72608368,0.00016004,0.000000005809387984,6636514,2019-02-11 17:10:08,btc,1.6397450704738545,0.0,0.00016004,btc,295.92689166,0.0,0.0082576416623249,135
1,[],3,[],2019-02-11 17:10:09,1875334.19227397,0.00000006,0.0000000000021779759999999997,6636515,2019-02-11 17:10:09,btc,0.12396011445949519,15710.0,0.00000006,btc,428123.58715515,0.0,0.0704036194414789,136
1,[],4,[],2019-02-11 17:17:34,93282.80615914,0.00000172,0.000000000062417424,6636675,2019-02-11 17:17:34,btc,0.062898085562103,0.0,0.00000172,btc,30084.72072279,0.04676173,0.1288026654503365,137
1,[],12,[],2019-02-11 17:17:35,308749.70004691,0.00000176000000000000008976326626441988310034503228962421417236328125,0.00000000006386899200000001,6636676,2019-02-11 17:17:35,btc,11982.9463079199,0.0,0.00000176000000000000008976326626441988310034503228962421417236328125,btc,158135.23843048,0.0420775975370447,0.048337516940894,137
1,[],4,[],2019-02-11 17:17:36,3631.08059188,0.00005662,0.000000002054694504,6636677,2019-02-11 17:17:36,btc,1.186774324439194,0.0,0.00005662,btc,16478.84968082,2.37156402,0.1628430779421466,142
1,[],5,[],2019-02-11 17:17:38,0.00166751,0.00005102,0.000000001851474984,6636678,2019-02-11 17:17:38,btc,1.91540367,2.7406597,0.00005102,btc,0.0035937,0.0,1.15418773,142
1,[],17,[],2019-02-11 17:17:40,22967.386363640002,0.00000088,0.000000000031934496000000004,6636679,2019-02-11 17:17:40,btc,20.06991335254922,0.0,0.00000088,btc,2746.079105,0.0,0.0104613000000032,142
1,[],20,[],2019-02-11 17:17:42,139789.5034,0.00005001,0.000000001814822892,6636680,2019-02-11 17:17:42,btc,0.4133561464108,9451.5938,0.00005001,btc,3949.4598,0.7549210403048,0.2967499495314,142
1,[],22,[],2019-02-11 17:17:45,1621.4,0.00001020,0.00000000037014984,6636681,2019-02-11 17:17:45,BTC,3.0087007,0.0,0.00001020,BTC,897.0985020382753,0.0,0.00189903,142
0.0,[],25,[],2019-02-11 17:17:47,0.0,0,0,6636682,2019-02-11 17:17:47,,0.0,0.0,0.0,btc,0.0,0.0,0.0,142
1,[],28,[],2019-02-11 17:17:48,78053.0,0.00004500,0.0000000016330140000000002,6636683,2019-02-11 17:17:48,btc,0.048809112,2396.3746,0.00004500,btc,249.5089,0.0,0.0602872,142
0,[],22,[],2019-02-11 17:17:51,0.0,0,0,6636684,2019-02-11 17:17:51,,68.47299197,0.0,0,,888990225.8,0.0,0.0,143
1,[],21,[],2019-02-11 17:10:26,46978728.56103181,0.00000029,0.000000000010526883999999999,6636526,2019-02-11 17:10:26,btc,39.54365833285955,5403429.89681786,0.00000029,btc,76547362.53236675,1.57173992,8.170576245335674,145
0,[],22,[],2019-02-10 17:04:30,0.0,0,0,6625727,2019-02-10 17:04:30,,4.25427726,0.0,0,,2259598.0,0.0,0.0,146
,[],22,[],2018-11-20 23:01:11,0.0,0,0,4862114,2018-11-20 23:01:11,,2.56807021,0.0,,,61828.4988236,0.0,0.0,147
1,[],12,[],2019-02-11 17:10:27,8679695.21873551,0.0000030800000000000001570857159627347954256038065068423748016357421875,0.00000000011180276800000001,6636527,2019-02-11 17:10:27,btc,16.562749505051627,0.0,0.0000030800000000000001570857159627347954256038065068423748016357421875,btc,122161.71584867,0.038657562470881,0.1104355900000181,148
1,[],4,[],2019-02-11 17:01:30,391774.48889117,0.00000045,0.000000000016331265,6636332,2019-02-11 17:01:30,btc,0.785408632529781,0.0,0.00000045,btc,586983.44659021,0.00056047,0.117704152041162,152
0,[],22,[],2019-02-11 17:01:33,0.0,0,0,6636333,2019-02-11 17:01:33,,0.0,0.0,0,,0.0,0.0,0.0,152
1,[],5,[],2019-02-11 17:10:29,0.0,0,0,6636528,2019-02-11 17:10:29,btc,4.35601725,0.0,0,btc,0.0021126,0.0,0.0,153
,[],16,[],2019-01-11 15:38:59,0.0,0,0,6366141,2019-01-11 15:38:59,btc,0.0,0.0,,btc,0.0,0.0,0.0,155
0,[],23,[],2019-01-20 23:24:29,0.0,0,0,6476932,2019-01-20 23:24:29,,0.0,0.0,0,,0.0,0.0,0.0,156
0,[],22,[],2019-02-11 17:17:54,0.0,0,0,6636685,2019-02-11 17:17:54,,6.74578916,0.0,0,,4614557.242592593,0.0,0.0,156
1,[],22,[],2019-02-11 17:17:57,7906.0,0.00000801,0.000000000290676492,6636686,2019-02-11 17:17:57,BTC,43.78801181,0.0,0.00000801,BTC,1067.5805334758436,0.0,0.00743836,157
0,[],22,[],2019-02-11 17:18:00,0.0,0,0,6636687,2019-02-11 17:18:00,,50175.67558609,0.0,0,,54029136.04179466,0.0,0.0,158
,[],17,[],2018-11-20 22:56:10,0.0,0,0,4861976,2018-11-20 22:56:10,btc,1.1265625,0.0,,btc,1000.0,0.0,0.0,159
,[],20,[],2018-11-20 22:56:12,0.0,0,0,4861977,2018-11-20 22:56:12,btc,11912.7940471,0.0,,btc,34413894.3617,0.0,0.0,159
1,[],12,[],2019-02-11 17:10:40,186477.24111911,0.000007449999999999999821692110713033940783134312368929386138916015625,0.00000000027043202,6636532,2019-02-11 17:10:40,btc,6.663213263178405,0.0,0.000007449999999999999821692110713033940783134312368929386138916015625,btc,14905.950160460001,0.0068581579,0.0886686479999914,168
1,[],17,[],2019-02-11 17:10:42,29784.95,0.000001,0.0000000000362996,6636533,2019-02-11 17:10:42,btc,0.03026736251542,0.0,0.000001,btc,144.46171372,0.0,0.00716147,168
0,[],22,[],2019-02-11 17:10:45,0.0,0,0,6636534,2019-02-11 17:10:45,,1.14776715,0.0,0,,721548.0900917595,0.0,0.0,169
1,[],22,[],2019-02-11 17:10:49,245000.0,0.00000011,0.000000000003992956,6636535,2019-02-11 17:10:49,BTC,11.3317861,0.0,0.00000011,BTC,133310.7953486459,0.0,0.0224,171
1,[],22,[],2019-02-11 17:18:05,230377.04554865425,0.00000023,0.000000000008346516,6636688,2019-02-11 17:18:05,BTC,2.6547797,0.0,0.00000023,BTC,236744.02370514462,0.00234255,0.01861125,173
1,[],5,[],2019-02-11 17:02:02,1.413e-05,0.00000312,0.000000000113230104,6636343,2019-02-11 17:02:02,btc,0.32405994,0.02359063,0.00000312,btc,0.00028286,0.0,0.68789117,175
1,[],22,[],2019-02-11 17:11:06,48834.52380952381,0.00000062,0.000000000022505752000000002,6636537,2019-02-11 17:11:06,BTC,0.50041593,0.0,0.00000062,BTC,127686.46882822087,0.0,0.01774008,176
0,[],2,[],2019-01-20 23:28:34,0.0,0,0,6477001,2019-01-20 23:28:34,,0.0,0.0,0,,0.0,0.0,0.0,178
1,[],7,[],2019-02-11 17:12:30,0.0,0,0,6636538,2019-02-11 17:12:30,btc,410973.9169089935,0.0,0,btc,115465110.28145695,0.0,0.0,178
0,[],22,[],2019-02-11 17:12:32,0.0,0,0,6636539,2019-02-11 17:12:32,,1.00242428,0.0,0,,57512.0,0.0,0.0,178
0,[],23,[],2019-01-20 23:25:08,0.0,0,0,6476952,2019-01-20 23:25:08,,0.0,0.0,0,,0.0,0.0,0.0,179
1,[],5,[],2019-02-11 17:12:34,3e-08,0.00000002,0.0000000000007259920000000001,6636540,2019-02-11 17:12:34,btc,26.34227699,0.00488908,0.00000002,btc,2.088e-05,0.0,0.93615008,179
1,[],22,[],2019-02-11 17:12:39,7820284.0,0.00000002,0.0000000000007259920000000001,6636541,2019-02-11 17:12:39,BTC,5.48293504,0.0,0.00000002,"BTC,LTC",17867921.468656633,0.0,0.38366552,179
1,[],26,[],2019-02-11 17:12:44,0.0,0.00000010,0.00000000000362996,6636544,2019-02-11 17:12:44,btc,0.0,0.0,0.00000010,btc,0.0,0.0,0.0,180
1,[],17,[],2019-02-11 17:12:40,10504.725,0.0000001,0.00000000000362996,6636542,2019-02-11 17:12:40,btc,5.206166879879031,0.0,0.0000001,btc,6755.0074587,0.0,0.0010504725,180
1,[],22,[],2019-02-11 17:12:44,17535.97894736842,0.00000095,0.00000000003448462,6636543,2019-02-11 17:12:44,BTC,0.09342657,0.0,0.00000095,"BTC,LTC",13886.975478042325,0.00052565,0.00555294,180
,[],7,[],2018-11-20 22:58:01,562227.975654,0.00000085,0.000000000036176765,4862015,2018-11-20 22:58:01,btc,21836.6059674,2491.87645172,,btc,749999.041456,0.00211021,0.127565380455,183
1,[],24,[],2019-02-11 17:12:45,0.0,0.000000000001,3.6299600000000004e-17,6636545,2019-02-11 17:12:45,btc,0.0,0.0,0.000000000001,btc,0.0,0.0,0.0,187
,[],5,[],2019-01-10 08:11:41,0.0,0,0,6347036,2019-01-10 08:11:41,btc,82.15055501,0.00261,,btc,1.19002445,0.0,0.0,187
,[],17,[],2018-11-16 20:58:10,4062536.27273,0.00000001,0.000000000000550501,4708775,2018-11-16 20:58:10,btc,3.36492563466,0.195460381006,,"btc,eth",110697919.549,0.0,0.0157628953496,187
0,[],22,[],2019-02-11 17:12:48,0.0,0,0,6636546,2019-02-11 17:12:48,,1.19383767,0.0,0,,14406.036201072173,0.0,0.0,191
0,[],22,[],2019-02-11 17:12:53,0.0,0,0,6636547,2019-02-11 17:12:53,,0.0,0.0,0,,0.0,0.0,0.0,197
1,[],26,[],2019-02-11 17:12:54,0.0,0.00000000,0,6636548,2019-02-11 17:12:54,btc,0.0,790878.0,0.00000000,btc,0.0,0.0,0.0,199
0,[],23,[],2019-01-20 23:31:41,0.0,0,0,6477079,2019-01-20 23:31:41,,0.0,0.0,0,,0.0,0.0,0.0,199
0,[],17,[],2019-01-30 16:32:01,0.0,0,0,6540827,2019-01-30 16:32:01,btc,6.802544163788159,0.0,0,btc,105897.55575295,0.0,0.0,200
0,[],2,[],2019-01-20 23:30:49,0.0,0,0,6477059,2019-01-20 23:30:49,,0.0,0.0,0,,0.0,0.0,0.0,201
1,[],4,[],2019-01-25 15:51:35,2084389.58565343,0.00000936,0.000000000333526752,6499557,2019-01-25 15:51:35,btc,2.0092503037378524,0.0,0.00000936,btc,160195.80207885,0.19272417,1.242687955921835,211
1,[],7,[],2019-02-11 17:12:57,4682705.96872245,0.000001599999999999999927596978921418013896982301957905292510986328125,0.00000000005807936,6636549,2019-02-11 17:12:57,btc,16567792.244237192,719431.315768,0.000001599999999999999927596978921418013896982301957905292510986328125,btc,12428430.73999517,1.14006265,3.620228221738948,212
1,[],5,[],2019-02-11 17:12:59,4.21e-06,0.00000033,0.000000000011978868000000001,6636550,2019-02-11 17:12:59,btc,1.16458447,0.19291993,0.00000033,btc,3.106e-05,0.0,0.26060878,213
1,[],24,[],2019-02-11 17:12:59,0.0,0.000000050000,0.00000000000181498,6636551,2019-02-11 17:12:59,btc,0.0,0.0,0.000000050000,btc,0.0,0.0,0.0,213
1,[],26,[],2019-02-11 17:12:59,0.0,0.00000009,0.000000000003266964,6636552,2019-02-11 17:12:59,btc,0.0,0.0,0.00000009,btc,0.0,0.0,0.0,213
1,[],12,[],2019-01-25 02:44:32,207462.42853209,0.000001080000000000000035831255497387193287295303889550268650054931640625,0.000000000038610756000000006,6493050,2019-01-25 02:44:32,btc,85023.03793723314,0.0,0.000001080000000000000035831255497387193287295303889550268650054931640625,btc,43675.73520027,0.000146250909087,0.0348620860622024,213
1,[],22,[],2019-02-11 17:13:04,172299.0,0.00000002,0.0000000000007259920000000001,6636553,2019-02-11 17:13:04,BTC,2.19644618,0.0,0.00000002,BTC,205021.63137942314,0.00197762,0.00263198,216
1,[],27,[],2019-02-11 17:13:06,5081157.5555,0.00000004,0.0000000000014519840000000001,6636554,2019-02-11 17:13:06,btc,391.91107336756,0.0,0.00000004,"btc,ltc",274171.569,0.0,0.05225726222,216
1,[],22,[],2019-02-11 17:13:10,304521.8247499803,0.00000210,0.00000000007622916,6636555,2019-02-11 17:13:10,BTC,12677.00132847,0.0,0.00000210,BTC,394463.1412294151,0.02135529,0.43428173,217
1,[],7,[],2019-02-11 17:13:11,0.0,0,0,6636556,2019-02-11 17:13:11,btc,77970.05582791512,0.0,0,btc,137091858.32140028,0.0,0.0,219
0,[],27,[],2019-02-11 17:13:13,0.0,0,0,6636557,2019-02-11 17:13:13,,5.3418937883169715,0.0,0,btc,1605140.99226592,0.0,0.0,219
0.0000000000000053,[],28,[],2019-02-11 17:13:21,203347515.944,6.6250000000000006e-18,2.4048485e-22,6636558,2019-02-11 17:13:21,doge,88584.47496696751,13759.0,0.00125000,"btc,doge",4974548.69631,0.0,1.833186984508002e-11,219
1,[],22,[],2019-02-11 17:13:25,229483.57777777777,0.00000099,0.000000000035936604,6636559,2019-02-11 17:13:25,BTC,3.0098249,0.0,0.00000099,BTC,68780.84955994174,0.06111919,0.04399315,221
1,[],24,[],2019-02-11 17:13:25,0.0,0.000000610000,0.000000000022142756000000002,6636560,2019-02-11 17:13:25,btc,0.0,0.0,0.000000610000,btc,0.0,0.0,0.0,221
1,[],20,[],2019-02-11 17:13:27,52202920.2575,0.000000003,0.00000000000010889880000000001,6636561,2019-02-11 17:13:27,btc,49.923482619049,917412.5374,0.000000003,btc,10284905.1748,0.003073764277,0.0547525771171,224
0,[],22,[],2019-02-11 17:13:41,0.0,0,0,6636562,2019-02-11 17:13:41,,0.0,0.0,0,,0.0,0.0,0.0,224
1,[],26,[],2019-02-11 17:13:41,0.0,0.00000045,0.00000000001633482,6636563,2019-02-11 17:13:41,btc,0.0,0.0,0.00000045,btc,0.0,0.0,0.0,231
1,[],26,[],2019-02-11 17:13:41,0.0,0.00000004,0.0000000000014519840000000001,6636564,2019-02-11 17:13:41,btc,0.0,100.0,0.00000004,btc,0.0,0.0,0.0,234
0,[],27,[],2019-02-11 17:13:44,0.0,0,0,6636565,2019-02-11 17:13:44,,0.0113483662182,0.0,0,"btc,eth",11462.99618,0.0,0.0,234
0,[],22,[],2019-02-11 17:13:47,0.0,0,0,6636566,2019-02-11 17:13:47,,3.06868068,0.0,0,,103318217.06349206,0.0,0.0,235
1,[],4,[],2019-02-11 17:13:48,1265032.85819988,0.00000067,0.000000000024320732000000002,6636567,2019-02-11 17:13:48,btc,0.1408484277445526,0.0,0.00000067,btc,132698.38056258,0.11149576,0.3441237133785712,236
1,[],24,[],2019-02-11 17:13:48,0.0,0.000000020000,0.0000000000007259920000000001,6636568,2019-02-11 17:13:48,btc,0.0,0.0,0.000000020000,btc,0.0,0.0,0.0,236
1,[],20,[],2019-02-11 17:13:51,66004818.3849,0.000000064,0.0000000000023231744000000002,6636569,2019-02-11 17:13:51,btc,14.6984811044613,28895666.3955,0.000000064,btc,28606557.7066,1.931359776961,0.4034587567769,237
0.0000000001171238,[],22,[],2019-02-11 17:13:54,14400.0,1.171238e-17,4.25154709048e-22,6636570,2019-02-11 17:13:54,LTC,0.04083605,0.0,0.0000001,LTC,4179.0,0.0,0.00144,237
1,[],4,[],2019-02-11 17:13:56,4999232.30787988,0.00000033,0.000000000011978868000000001,6636571,2019-02-11 17:13:56,btc,0.6186135077567702,0.0,0.00000033,btc,1606992.3120644,0.59020303,1.5362772741943331,238
1,[],5,[],2019-02-11 17:13:57,4.25e-06,0.00000033,0.000000000011978868000000001,6636572,2019-02-11 17:13:57,btc,0.73021516,0.01172629,0.00000033,btc,2.957e-05,0.0,0.28759682,238
0,[],22,[],2019-02-11 17:14:02,0.0,0,0,6636573,2019-02-11 17:14:02,,15.41678688,0.0,0,,370860.0639027493,0.0,0.0,249
0.0000000001171238,[],22,[],2019-02-11 17:14:07,7124354.333333333,3.513714e-18,1.275464127144e-22,6636574,2019-02-11 17:14:07,LTC,0.36811719,0.0,0.00000003,LTC,11588757.09,0.0,0.21273365,252
1,[],28,[],2019-02-11 17:14:11,3479213.286,0.00000013,0.000000000004718948,6636575,2019-02-11 17:14:11,btc,164693.5026367203,41022.9,0.00000013,btc,555324.17,0.0,0.2108710963,256
1,[],22,[],2019-02-11 17:14:15,114807.0,0.00000001,0.00000000000036299600000000003,6636576,2019-02-11 17:14:15,BTC,30.20524227,0.0,0.00000001,BTC,445890.0289327789,0.0,0.00114807,258
1,[],22,[],2019-01-26 20:58:41,368451.0,0.00000001,0.000000000000356135,6510120,2019-01-26 20:58:41,BTC,2.642917,0.0,0.00000001,"BTC,LTC",1862.0,0.0,0.02488451,259
1,[],22,[],2019-02-11 17:14:26,13604.436495933667,0.00000711,0.000000000258090156,6636577,2019-02-11 17:14:26,BTC,1293.13982505,0.0,0.00000711,"BTC,LTC",13283.51591503372,0.01049308,0.02779819,262
1,[],5,[],2019-02-11 17:14:28,5.887e-05,0.00000235,0.00000000008530406,6636578,2019-02-11 17:14:28,btc,0.61413383,0.35620589,0.00000235,btc,0.00045752,0.0,0.19073702,264
1,[],20,[],2019-02-11 17:03:45,1164323.292,0.000001511,0.0000000000548367587,6636382,2019-02-11 17:03:45,btc,4.9607737115152,26270.8149,0.000001511,btc,95550.3566,0.079534310411,0.016007588253,264
1,[],22,[],2019-02-11 17:14:32,95356.5,0.00000002,0.0000000000007259920000000001,6636579,2019-02-11 17:14:32,BTC,9.1788482,0.0,0.00000002,BTC,371756.0417119935,0.0,0.0014095,271
0,[],22,[],2019-02-11 17:14:35,0.0,0,0,6636580,2019-02-11 17:14:35,,384.77798703,0.0,0,,15106717515.9,0.0,0.0,272
0.0000000000000053,[],28,[],2019-02-11 17:14:41,188834535602.097,4.77e-21,1.7314909200000002e-25,6636581,2019-02-11 17:14:41,doge,375560608.86070335,3724690930.0,0.0000009,doge,218535264478.4386,0.0,5.015789689020402e-10,272
1,[],22,[],2019-02-11 17:14:46,11542.0,0.00001000,0.000000000362996,6636582,2019-02-11 17:14:46,BTC,74.0785149,0.0,0.00001000,"BTC,LTC",1524.3826333333334,0.0219928,0.01653632,281
