pairValue,buyBook,exchangeId,sellBook,updated,buyTotal,satoshiPrice,usdPrice,exchangeLogId,created,bestPair,sellTotalBtc,volume,pairPrice,activePairs,sellTotal,volumeBtc,buyTotalBtc,coinId
1,[],3,[],2019-02-01 09:38:42,106.022733565711,0.01269679999999999940596406844406374148093163967132568359375,0.00000043631029584,6556546,2019-02-01 09:38:42,btc,106.99911863193215,0.037429019608,0.01269679999999999940596406844406374148093163967132568359375,btc,13.421709840634001,0.0,0.15149245014102183,1
1,[],4,[],2019-02-01 09:38:43,25077.45838466,0.01256277,0.00000043170451572600004,6556547,2019-02-01 09:38:43,btc,0.856914503260803,0.0,0.01256277,btc,63.8223259,0.40668399,1.2307379704177952,1
1,[],5,[],2019-02-01 09:38:45,0.2525414,0.01260032,0.00000043299487641600003,6556548,2019-02-01 09:38:45,btc,14578.41401244,0.03687571,0.01260032,btc,35555556.25233341,0.0,1.52795152,1
1,[],10,[],2019-02-01 09:38:47,272660.70143381,0.01226558,0.000000421491938004,6556549,2019-02-01 09:38:47,btc,6536.555535453099,1113.38428035,0.01226558,btc,936.59948138,0.0,4.840553157935666,1
1,[],12,[],2019-02-01 09:38:49,10425.01073305,0.01265999999999999937883021772222491563297808170318603515625,0.000000435045708,6556550,2019-02-01 09:38:49,btc,0.3889854087669,0.0,0.01265999999999999937883021772222491563297808170318603515625,btc,24.9019098,0.844972539889,0.2143814556975,1
1,[],20,[],2019-02-01 09:38:51,1352.3278,0.010500101,0.00000036082337074380003,6556551,2019-02-01 09:38:51,btc,0.0564711704203,0.0,0.010500101,btc,2.4781,0.0,0.1036263430751,1
1,[],21,[],2019-02-01 09:38:52,2273.26892015,0.01266374999999999965971664295,0.00000043517457225,6556552,2019-02-01 09:38:52,btc,18.62286042003705,5516.97398894,0.01266374999999999965971664295238952036015689373016357421875,"btc,eth",2146.18881408,66.48936096154036,21.749918154501025,1
1,[],22,[],2019-02-01 09:38:56,0.0263776,0.01350000,0.00000046391130000000003,6556553,2019-02-01 09:38:56,BTC,0.31380731,0.0,0.01350000,BTC,0.09124366666666667,0.0,0.00034472,1
1,[],24,[],2019-02-01 09:38:56,0.0,0.000000000000,0,6556554,2019-02-01 09:38:56,btc,0.0,0.0,0.000000000000,btc,0.0,0.0,0.0,1
0.0,[],25,[],2019-02-01 09:38:57,0.0,0,0,6556555,2019-02-01 09:38:57,btc,22.403399997875326,889.12251692,0.0,btc,1729.3503651,11.29,0.0,1
1,[],26,[],2019-02-01 09:40:19,0.0,0,0,6556556,2019-02-01 09:40:19,,0.0,0.0,0,,0.0,0.0,0.0,1
1,[],28,[],2019-02-01 09:40:21,987.9,0.01131000,0.000000388654578,6556557,2019-02-01 09:40:21,btc,0.162839806,17782.95,0.01131000,btc,8.9,0.0,0.024551096,1
0,[],2,[],2019-01-20 23:28:45,0.0,0,0,6477011,2019-01-20 23:28:45,,0.0,0.0,0,,0.0,0.0,0.0,1
1,[],5,[],2019-02-01 09:40:23,1.789e-05,0.00000066,0.000000000022680108,6556558,2019-02-01 09:40:23,btc,0.14391896,0.03929428,0.00000066,btc,7.198e-05,0.0,0.45661509,2
1,[],22,[],2019-02-01 09:40:27,1754.625335862178,0.0000004,0.000000000013745520000000001,6556559,2019-02-01 09:40:27,BTC,0.0231601,0.0,0.0000004,"BTC,XMR",14562.72385,0.0,0.00111682,2
1,[],5,[],2019-02-01 09:40:29,1.42e-06,0.00000017,0.000000000005841846,6556560,2019-02-01 09:40:29,btc,3.84839543,0.15713769,0.00000017,btc,2.267e-05,0.0,3.63559918,3
1,[],12,[],2019-02-01 09:40:30,12447082.51912609,0.000000169,0.0000000000058074822,6556561,2019-02-01 09:40:30,btc,921319.9053011461,0.0,0.000000169,btc,7982245.36749685,0.03861081161713915,0.5403189857733735,3
0,[],28,[],2019-02-01 09:40:32,0.0,0,0,6556562,2019-02-01 09:40:32,,0.0,0.0,0,,0.0,0.0,0.0,3
0,[],2,[],2019-01-20 23:31:32,0.0,0,0,6477077,2019-01-20 23:31:32,,0.0,0.0,0,,0.0,0.0,0.0,4
1,[],4,[],2019-02-01 09:40:33,390822.33800408,0.00000035,0.000000000012027330000000001,6556563,2019-02-01 09:40:33,btc,0.3989155828286965,0.0,0.00000035,btc,331261.60471303,0.00281198,0.0499626879748755,4
1,[],12,[],2019-01-25 15:53:49,1222127.5219999999,0.00000003,0.000000000001069017,6499609,2019-01-25 15:53:49,btc,11013867.817925906,0.0,0.00000003,btc,969763.77092902,0.0,0.01617509044,5
0,[],2,[],2019-01-20 23:31:51,0.0,0,0,6477087,2019-01-20 23:31:51,,0.0,0.0,0,,0.0,0.0,0.0,6
1,[],11,[],2019-02-01 09:40:35,4558955.5,0.00000002,0.0000000000006872760000000001,6556564,2019-02-01 09:40:35,btc,9433.362925630316,305539.0,0.00000002,btc,41996990.45717939,0.0,0.046089555000000004,6
1,[],3,[],2019-02-01 09:40:36,1069.652384675756,0.000150559999999999995050348200464895853656344115734100341796875,0.000000005173813728,6556565,2019-02-01 09:40:36,btc,28.510202753279106,0.0,0.000150559999999999995050348200464895853656344115734100341796875,btc,234.145665820227,0.0,0.030997767816609203,7
1,[],4,[],2019-02-01 09:40:37,28760.07061067,0.00017100,0.000000005876209800000001,6556566,2019-02-01 09:40:37,btc,2.2517232688327904,0.0,0.00017100,btc,11401.78092584,5.20376031,4.414213876640105,7
1,[],5,[],2019-02-01 09:40:38,0.00543732,0.00017407,0.000000005981706666,6556567,2019-02-01 09:40:38,btc,1.10614755,0.37059737,0.00017407,btc,0.01138059,0.0,1.6630508,7
1,[],20,[],2019-02-01 09:40:40,62771509.8802,0.000000001,0.0000000000000343638,6556568,2019-02-01 09:40:40,btc,136.3840603232848,0.0,0.000000001,btc,27252064.2706,0.0,0.0627715098802,8
0,[],2,[],2019-01-20 23:22:42,0.0,0,0,6476876,2019-01-20 23:22:42,,0.0,0.0,0,,0.0,0.0,0.0,9
0,[],23,[],2019-01-20 23:22:48,0.0,0,0,6476878,2019-01-20 23:22:48,,0.0,0.0,0,,0.0,0.0,0.0,9
1,[],1,[],2019-02-01 09:40:41,1156299.34,0.000001769999999999999994019540816569957542014890350401401519775390625,0.00000000006082392600000001,6556569,2019-02-01 09:40:41,btc,0.6596673413999999,16249745.84,0.000001769999999999999994019540816569957542014890350401401519775390625,btc,364647.63,29.57697906,2.0151786332,9
1,[],4,[],2019-02-01 09:40:42,1185458.95292702,0.00000180,0.00000000006185484,6556570,2019-02-01 09:40:42,btc,0.9813946296172509,0.0,0.00000180,btc,506461.51516367,0.96473278,0.5139801137286726,9
1,[],28,[],2019-02-01 09:40:44,34500.0,0.00000165,0.00000000005670027,6556571,2019-02-01 09:40:44,btc,2708.75028702,3594106.0,0.00000165,btc,7642.68,0.0,0.02854,9
1,[],4,[],2019-02-01 09:40:45,7671282.56126053,0.00000002,0.000000000000687276,6556572,2019-02-01 09:40:45,btc,0.2016722631640986,0.0,0.00000002,btc,4035993.99941361,0.00016824,0.0821381418452106,10
0,[],2,[],2019-01-20 23:23:08,0.0,0,0,6476890,2019-01-20 23:23:08,,0.0,0.0,0,,0.0,0.0,0.0,12
1,[],4,[],2019-02-01 09:40:46,4168255.42079443,0.00000136,0.000000000046734768,6556573,2019-02-01 09:40:46,btc,1.6843043435165677,0.0,0.00000136,btc,1183218.84699953,1.18959437,2.385895625132177,12
1,[],5,[],2019-02-01 09:40:47,1.411e-05,0.00000133,0.000000000045703854,6556574,2019-02-01 09:40:47,btc,0.50954578,0.87845245,0.00000133,btc,0.00011154,0.0,0.4028892,12
0.0,[],25,[],2019-02-01 09:40:48,0.0,0,0,6556575,2019-02-01 09:40:48,,0.0,0.0,0.0,btc,0.0,0.0,0.0,12
1,[],4,[],2019-02-01 09:40:49,360767.93470986,0.00000641,0.000000000220271958,6556576,2019-02-01 09:40:49,btc,0.3728197024409296,0.0,0.00000641,btc,53306.06046519,0.67200413,1.6631597472914859,13
1,[],10,[],2019-02-01 09:40:51,562167.45373252,0.00000636,0.00000000021855376800000001,6556577,2019-02-01 09:40:51,btc,666809.5596846599,9101.3873716,0.00000636,btc,726168.22847506,0.0,0.7979365562399146,13
1,[],21,[],2019-02-01 09:40:53,1358313.45201861,0.000006409999999999999614644190238,0.00000000022027195799999999,6556578,2019-02-01 09:40:53,btc,6.009284543354729,382110.19938213,0.000006409999999999999614644190237822130029599065892398357391357421875,btc,839165.50259072,2.51306891,7.275562957728064,13
1,[],4,[],2019-02-01 09:40:54,1064070.51872112,0.00000160,0.000000000054982080000000006,6556579,2019-02-01 09:40:54,btc,0.1538620863843699,0.0,0.00000160,btc,70039.56313462,0.07228078,0.3524215169006655,14
1,[],12,[],2019-02-01 09:40:55,86757.42857143,0.00000137000000000000001212029608621545406776931486092507839202880859375,0.000000000047078406000000004,6556580,2019-02-01 09:40:55,btc,1.7849179549918974,0.0,0.00000137000000000000001212029608621545406776931486092507839202880859375,btc,37481.02790298,0.0013512540635479,0.0103791200000016,14
0,[],17,[],2019-02-01 09:40:57,0.0,0,0,6556581,2019-02-01 09:40:57,btc,0.0,0.0,0,btc,0.0,0.0,0.0,14
1,[],26,[],2019-02-01 09:40:57,0.0,0,0,6556582,2019-02-01 09:40:57,,0.0,0.0,0,,0.0,0.0,0.0,14
0,[],4,[],2019-02-01 09:40:58,0.0,0,0,6556583,2019-02-01 09:40:58,,0.0,0.0,0,,0.0,0.0,0.0,15
,[],12,[],2018-12-01 15:15:48,204241.84496,0.00000489,0.000000000202473384,5260204,2018-12-01 15:15:48,btc,49.5475654835,0.0,,btc,35763.2193806,0.0163153972027625,0.0203389899998,15
0,[],2,[],2019-01-20 23:23:38,0.0,0,0,6476906,2019-01-20 23:23:38,,0.0,0.0,0,,0.0,0.0,0.0,18
1,[],4,[],2019-02-01 09:40:59,24438.88851289,0.00001780,0.00000000061167564,6556584,2019-02-01 09:40:59,btc,1.2342727618977667,0.0,0.00001780,btc,7810.6012157,0.03432582,0.0711733055316277,18
1,[],10,[],2019-02-01 09:41:01,398567.39180291,0.00001695,0.00000000058246641,6556585,2019-02-01 09:41:01,btc,15.552848541566865,12826.6235177,0.00001695,btc,10479.32359715,0.0,0.3235149720280231,18
1,[],12,[],2019-02-01 09:41:02,200842.22793693,0.0000176000000000000008976326626441988310034503228962421417236328125,0.00000000060480288,6556586,2019-02-01 09:41:02,btc,0.1840970125746199,0.0,0.0000176000000000000008976326626441988310034503228962421417236328125,btc,1626.89904917,0.001619307805154,0.017880625009205002,18
0,[],17,[],2019-02-01 09:41:03,0.0,0,0,6556587,2019-02-01 09:41:03,btc,0.0,0.0,0,btc,0.0,0.0,0.0,18
0,[],2,[],2019-01-20 23:24:19,0.0,0,0,6476924,2019-01-20 23:24:19,,0.0,0.0,0,,0.0,0.0,0.0,19
1,[],3,[],2019-02-01 09:41:04,108656.40270791356,0.00003049999999999999936097123953704368659600731916725635528564453125,0.0000000010480959,6556588,2019-02-01 09:41:04,btc,0.5054531733442582,5.84997351623,0.00003049999999999999936097123953704368659600731916725635528564453125,btc,5470.223200813632,0.0,0.09718100493169825,19
1,[],4,[],2019-02-01 09:41:06,65687.19061472,0.00003328,0.000000001143627264,6556589,2019-02-01 09:41:06,btc,0.589860249546724,0.0,0.00003328,btc,15901.69101463,0.52262992,1.3659206454274373,19
1,[],5,[],2019-02-01 09:41:07,0.00043801,0.00003156,0.000000001084521528,6556590,2019-02-01 09:41:07,btc,0.30868617,0.0,0.00003156,btc,0.00341288,0.0,0.23914025,19
1,[],12,[],2019-02-01 09:41:08,133622.18736988,0.000028819999999999998505258169689824399029021151363849639892578125,0.000000000990364716,6556591,2019-02-01 09:41:08,btc,1.99183415,0.0,0.000028819999999999998505258169689824399029021151363849639892578125,btc,461.0,0.0,0.0326616999999416,19
0,[],27,[],2019-02-01 09:41:10,0.0,0,0,6556592,2019-02-01 09:41:10,,0.0,0.0,0,btc,0.0,0.0,0.0,19
1,[],4,[],2019-02-01 09:41:11,9013019.43885938,0.00000013,0.000000000004467294,6556593,2019-02-01 09:41:11,btc,0.8119940963808697,0.0,0.00000013,btc,1597393.93239221,0.0,0.3453110081715698,20
1,[],4,[],2019-02-01 09:41:12,119403900.58223026,0.00000002,0.000000000000687276,6556594,2019-02-01 09:41:12,btc,0.6273210510814744,0.0,0.00000002,btc,15019012.17781205,0.00020753,1.3978575958544455,21
1,[],12,[],2019-02-01 09:41:13,18809819.0,0.00000002,0.0000000000006872760000000001,6556595,2019-02-01 09:41:13,btc,668.0338875330382,0.0,0.00000002,btc,8208003.31368897,0.01157548,0.24913290000000002,21
0,[],17,[],2019-02-01 09:32:56,0.0,0,0,6556398,2019-02-01 09:32:56,btc,0.0,0.0,0,btc,0.0,0.0,0.0,21
1,[],12,[],2019-02-01 09:41:15,2486871588.531895,0.0000000001,0.0000000000000034363800000000004,6556596,2019-02-01 09:41:15,btc,1729404713938.2244,0.0,0.0000000001,btc,5042348354.744487,0.005366662822277722,0.24868715885318954,23
0,[],27,[],2019-02-01 09:41:17,0.0,0,0,6556597,2019-02-01 09:41:17,,0.424699,0.0,0,eth,424699.0,0.0,0.0,23
1,[],4,[],2019-02-01 09:41:18,880174.11130916,0.00000079,0.000000000027147402,6556598,2019-02-01 09:41:18,btc,0.0907252940450324,0.0,0.00000079,btc,76901.97837623,0.00485581,0.3691791297779411,24
1,[],22,[],2019-02-01 09:41:35,11.76,0.00000100,0.0000000000343638,6556599,2019-02-01 09:41:35,BTC,7.415e-05,0.0,0.00000100,BTC,23.919354838709676,0.0,1.176e-05,24
0.0,[],25,[],2019-02-01 09:41:36,0.0,0,0,6556600,2019-02-01 09:41:36,,0.0,0.0,0.0,btc,0.0,0.0,0.0,24
0,[],2,[],2019-01-20 23:25:56,0.0,0,0,6476976,2019-01-20 23:25:56,,0.0,0.0,0,,0.0,0.0,0.0,26
1,[],4,[],2019-02-01 09:41:37,27062697.97675061,0.00000703,0.000000000241577514,6556601,2019-02-01 09:41:37,btc,0.4244684993878846,0.0,0.00000703,btc,35843.79246904,0.08092162,0.411308252357555,26
1,[],10,[],2019-02-01 09:41:39,726138.30216244,0.0000066,0.00000000022680108,6556602,2019-02-01 09:41:39,btc,27.98354389977711,388.8110388,0.0000066,btc,13249.47153674,0.0,0.2087398052968419,26
1,[],3,[],2019-02-01 09:41:40,10149891.10703487,0.00000002,0.0000000000006872760000000001,6556603,2019-02-01 09:41:40,btc,2.9623879049527386,356905.098483,0.00000002,btc,16917132.71155364,0.0,0.1241715217521831,27
1,[],5,[],2019-02-01 09:41:41,3e-08,0.00000002,0.000000000000687276,6556604,2019-02-01 09:41:41,btc,1.51863984,0.06998552,0.00000002,btc,4.69e-05,0.0,0.12976369,27
1,[],11,[],2019-02-01 09:41:43,10615374.41182718,0.00000005,0.00000000000171819,6556605,2019-02-01 09:41:43,btc,370.5931920764931,1000.0,0.00000005,btc,8220964.80991447,0.0,0.4936394994767663,27
1,[],4,[],2019-02-01 09:41:44,129470007.66660458,0.00000003,0.000000000001030914,6556606,2019-02-01 09:41:44,btc,3.736963042947838,0.0,0.00000003,"btc,ltc",140176631.3233271,0.33966566,1.8245425135615578,29
1,[],7,[],2019-02-01 09:41:45,38927488.26713291,0.00000003,0.000000000001030914,6556607,2019-02-01 09:41:45,btc,44465206.164387055,19444.6654345,0.00000003,btc,39560647.66978831,0.0,0.699577244377382,29
1,[],4,[],2019-02-01 09:41:46,1489145.70530902,0.00000024,0.000000000008247312,6556608,2019-02-01 09:41:46,btc,0.2779474825218759,0.0,0.00000024,btc,560982.61050381,0.02547838,0.096079315528869,30
0,[],17,[],2019-02-01 09:41:47,0.0,0,0,6556609,2019-02-01 09:41:47,btc,0.0,0.0,0,btc,0.0,0.0,0.0,30
1,[],4,[],2019-02-01 09:41:49,1138348.96774333,0.00007451,0.0000000025604467380000003,6556610,2019-02-01 09:41:49,btc,1.7576469623846365,0.0,0.00007451,btc,19457.0293496,1.87919882,2.619783962845319,31
1,[],21,[],2019-02-01 09:41:50,65518.289739269996,0.00007385000000000000613432915575,0.0000000025377666300000005,6556611,2019-02-01 09:41:50,btc,2.271999342511664,178929.7663795,0.00007385000000000000613432915574918524725944735109806060791015625,btc,27941.72609659,13.79268376,4.438614530438603,31
0,[],2,[],2019-01-20 23:28:43,0.0,0,0,6477009,2019-01-20 23:28:43,,0.0,0.0,0,,0.0,0.0,0.0,32
1,[],4,[],2019-02-01 09:41:51,149754819.43317717,0.00000006,0.000000000002061828,6556612,2019-02-01 09:41:51,btc,3.32083258292123,0.0,0.00000006,"btc,ltc",56305889.68829849,0.5096957,2.273317132605036,33
1,[],12,[],2019-02-01 09:41:52,20020868.0,0.00000006,0.000000000002061828,6556613,2019-02-01 09:41:52,btc,17261782.155523982,0.0,0.00000006,btc,88438611.83716267,0.00161629986014,0.77364357,33
1,[],4,[],2019-02-01 09:41:54,109441848.58515793,0.00000001,0.000000000000343638,6556614,2019-02-01 09:41:54,btc,0.7635704372908659,0.0,0.00000001,btc,25452347.90969553,0.85860816,1.0944184858515793,34
1,[],5,[],2019-02-01 09:41:56,3e-08,0.00000002,0.000000000000687276,6556615,2019-02-01 09:41:56,btc,3.81905945,2.36358854,0.00000002,btc,1.394e-05,0.0,0.8141363,34
0.0000000000920731,[],4,[],2019-02-01 09:41:57,1499223848.9476063,3.682924e-18,1.265592637512e-22,6556616,2019-02-01 09:41:57,ltc,7.881398267343969e-09,0.0,0.00000004,ltc,1650913988.479473,0.0,2.417422332421296e-09,36
1,[],5,[],2019-02-01 09:41:58,0.0,0,0,6556617,2019-02-01 09:41:58,btc,203.09658084,0.0,0,btc,1.295e-05,0.0,0.0,36
0,[],17,[],2019-02-01 09:42:00,0.0,0,0,6556618,2019-02-01 09:42:00,btc,0.08200904473255514,0.0,0,btc,5842697.91583647,0.0,0.0,36
0.0000000000920731,[],27,[],2019-02-01 09:42:02,2000000.0,1.841462e-18,6.32796318756e-23,6556619,2019-02-01 09:42:02,ltc,447.7310973004,0.0,0.00000002,"ltc,eth",3711879.16,0.0,2.762193e-12,36
1,[],4,[],2019-02-01 09:42:03,446014.05553322,0.00000151,0.000000000051889338,6556620,2019-02-01 09:42:03,btc,0.4169780184121889,0.0,0.00000151,btc,214238.4830937,0.17688139,0.4126233175280489,37
1,[],12,[],2019-02-01 09:42:04,506034.98736528,0.000001529999999999999962528346615642238504051420022733509540557861328125,0.000000000052576614000000004,6556621,2019-02-01 09:42:04,btc,1337.7059343451917,0.0,0.000001529999999999999962528346615642238504051420022733509540557861328125,btc,750220.89770175,0.1839857194637005,0.42912305049333227,37
1,[],17,[],2019-02-01 09:42:05,1752.74075282,0.00000025,0.00000000000859095,6556622,2019-02-01 09:42:05,btc,0.0554873139643189,0.0,0.00000025,btc,1388.79251806,0.0,0.00043818518820499993,37
1,[],27,[],2019-02-01 09:42:09,16843.0,0.00000046,0.000000000015807348000000002,6556623,2019-02-01 09:42:09,btc,24.48641116075057,0.0,0.00000046,btc,5273.48447516,0.0,0.00561124,37
1,[],5,[],2019-02-01 09:42:10,1.319e-05,0.00000099,0.000000000034020162,6556624,2019-02-01 09:42:10,btc,0.10982059,0.06488077,0.00000099,btc,0.00011501,0.0,0.04654742,42
1,[],12,[],2019-02-01 09:42:11,155057.44984312,0.00000110000000000000005610204141526242693771564518101513385772705078125,0.00000000003780018,6556625,2019-02-01 09:42:11,btc,85.09006452361028,0.0,0.00000110000000000000005610204141526242693771564518101513385772705078125,btc,55517.84505095,0.1605197179495223,0.054944070000007596,42
0,[],27,[],2019-02-01 09:42:14,0.0,0,0,6556626,2019-02-01 09:42:14,,0.00315028,0.0,0,"btc,eth",11.007,0.0,0.0,42
1,[],5,[],2019-02-01 09:42:15,6e-08,0.00000003,0.000000000001030914,6556627,2019-02-01 09:42:15,btc,6.10271066,0.01081998,0.00000003,btc,1.425e-05,0.0,0.53368313,43
1,[],12,[],2019-02-01 09:42:17,6545117.0,0.00000002,0.0000000000006872760000000001,6556628,2019-02-01 09:42:17,btc,20007456.464662522,0.0,0.00000002,btc,38831663.74765234,0.0,0.06548277,43
0,[],17,[],2019-02-01 09:42:19,0.0,0,0,6556629,2019-02-01 09:42:19,btc,0.0,0.0,0,btc,0.0,0.0,0.0,43
1,[],12,[],2019-02-01 09:42:20,936756.0,0.0000001,0.00000000000343638,6556630,2019-02-01 09:42:20,btc,11115196.00143262,0.0,0.0000001,btc,977384.49650348,0.0397444718082071,0.03093669,44
1,[],4,[],2019-02-01 09:42:21,261286783.57444152,0.00000003,0.000000000001030914,6556631,2019-02-01 09:42:21,btc,0.18642185739140538,0.0,0.00000003,"btc,ltc",3791350.65876797,0.00440796,0.5504446155354498,49
0.0000000000920731,[],4,[],2019-02-01 09:42:21,4393572624.693138,1.841462e-18,6.32796318756e-23,6556632,2019-02-01 09:42:21,ltc,4.994394634613129,0.0,0.00000002,ltc,2184423562.7963233,0.0,4.052683713763857e-09,52
0,[],22,[],2019-02-01 09:42:25,0.0,0,0,6556633,2019-02-01 09:42:25,,3693.709799,0.0,0,,259802666.90882352,0.0,0.0,57
0,[],27,[],2019-02-01 09:42:27,0.0,0,0,6556634,2019-02-01 09:42:27,,0.0,0.0,0,"btc,eth",0.0,0.0,0.0,57
0,[],17,[],2019-02-01 09:33:56,0.0,0,0,6556438,2019-02-01 09:33:56,btc,1e+24,0.0,0,btc,41616695.95832568,0.0,0.0,58
0.0000000000920731,[],4,[],2019-02-01 09:42:28,1339455302.821623,6.445117e-18,2.214787115646e-22,6556635,2019-02-01 09:42:28,ltc,3.310165342955204,0.0,0.00000007,ltc,1068339213.638171,0.00062181,6.441874052967089e-09,58
1,[],12,[],2019-02-01 09:42:29,2337845920.282997,0.0000000006,0.000000000000020618280000000002,6556636,2019-02-01 09:42:29,btc,685179811991.8376,0.0,0.0000000006,btc,3115569864.6314683,0.010666291714685317,0.9135504172645632,58
0.0000000001254677,[],22,[],2019-02-01 09:42:33,137438.0,1.254677e-18,4.3115469492600007e-23,6556637,2019-02-01 09:42:33,XMR,69.8835922,0.0,0.00000001,XMR,9887963.0,0.0,0.00137438,58
1,[],5,[],2019-02-01 09:42:35,6.94e-06,0.00000060,0.00000000002061828,6556638,2019-02-01 09:42:35,btc,0.45294584,0.01854113,0.00000060,btc,0.00013318,0.0,0.0930103,61
1,[],22,[],2019-02-01 09:42:38,5111.5,0.00000011,0.000000000003780018,6556639,2019-02-01 09:42:38,BTC,1002.29606732,0.0,0.00000011,BTC,15028.700278135757,0.0,0.00051178,61
1,[],26,[],2019-02-01 09:42:38,0.0,0,0,6556640,2019-02-01 09:42:38,,0.0,0.0,0,,0.0,0.0,0.0,61
0,[],27,[],2019-02-01 09:42:41,0.0,0,0,6556641,2019-02-01 09:42:41,,0.1550356,0.00032,0,"btc,eth",155.72848,3.2e-07,0.0,61
1,[],28,[],2019-02-01 09:42:46,6898.304,0.00000130,0.000000000044672940000000003,6556642,2019-02-01 09:42:46,btc,2.064424118300105,725.0,0.00000130,btc,11198.17500005,0.0,0.00218011304,61
1,[],4,[],2019-02-01 09:42:47,1304430.86855539,0.00000177,0.00000000006082392600000001,6556643,2019-02-01 09:42:47,btc,0.6201828117065739,0.0,0.00000177,btc,228822.29670475,0.11936994,0.9617043890957262,67
0.0,[],25,[],2019-02-01 09:42:50,0.0,0,0,6556644,2019-02-01 09:42:50,,0.0,0.0,0.0,btc,0.0,0.0,0.0,67
1,[],12,[],2019-02-01 09:34:13,3150883.12744445,0.00000012,0.000000000004121136,6556447,2019-02-01 09:34:13,btc,16893710.225190956,0.0,0.00000012,btc,2190754.44915082,0.0006256988280528,0.0880671528411118,71
,[],5,[],2018-11-20 23:02:39,1.5e-07,0.00000005,0.000000000002128045,4862160,2018-11-20 23:02:39,btc,2.84511358,0.0,,btc,0.00036572,0.0,0.07381892,74
1,[],5,[],2019-01-25 15:53:51,3.303e-05,0.00000156,0.000000000055588884,6499610,2019-01-25 15:53:51,btc,1.42844212,0.0,0.00000156,btc,0.00015937,0.0,0.49487621,75
0,[],20,[],2019-01-25 09:30:31,0.0,0,0,6495923,2019-01-25 09:30:31,btc,0.0,0.0,0,btc,0.0,0.0,0.0,81
1,[],4,[],2019-02-01 09:42:53,70986551.36292337,0.00000001,0.000000000000343638,6556645,2019-02-01 09:42:53,btc,0.8204883517247847,0.0,0.00000001,btc,15308970.37745218,0.00299418,0.7098655136292337,81
1,[],4,[],2019-02-01 09:42:54,23723.43462151,0.00007400,0.0000000025429212,6556646,2019-02-01 09:42:54,btc,0.9307639014721097,0.0,0.00007400,btc,8538.0232303,0.0038787,0.085181915518394,82
1,[],21,[],2019-02-01 09:42:55,69454.90226756,0.00007511000000000000423501511637,0.0000000025810650180000003,6556647,2019-02-01 09:42:55,btc,3.712436644701143,4493.65384911,0.00007511000000000000423501511637169869572971947491168975830078125,btc,42201.80452663,0.34888785,3.219866522308768,82
0,[],17,[],2019-02-01 08:34:46,0.0,0,0,6556249,2019-02-01 08:34:46,btc,0.0447233088476774,0.0,0,btc,999127.19588126,0.0,0.0,84
0.0000000000920731,[],4,[],2019-02-01 09:42:56,180364813.3159145,1.2890234e-17,4.429574231292e-22,6556648,2019-02-01 09:42:56,ltc,0.19754182492953123,0.0,0.00000014,ltc,72651430.15916155,0.0,1.2340893463843588e-09,85
,[],22,[],2018-11-20 23:09:34,3408.1,0.0000001,0.0000000000041895,4862324,2018-11-20 23:09:34,BTC,0.04624735,0.0,,BTC,4990.0,0.0,0.00033081,86
0,[],22,[],2019-02-01 09:42:59,0.0,0,0,6556649,2019-02-01 09:42:59,,2.07810912,0.0,0,,154826.94736842104,0.0,0.0,87
0,[],27,[],2019-02-01 09:43:01,0.0,0,0,6556650,2019-02-01 09:43:01,,0.0,0.0,0,btc,0.0,0.0,0.0,87
,[],2,[],2018-11-20 23:10:47,0.0,0,0,4862359,2018-11-20 23:10:47,,0.0,0.0,,,0.0,0.0,0.0,88
1,[],11,[],2019-02-01 09:34:26,107278.49757524,0.00018668999999999998963551295361185111687518656253814697265625,0.000000006411457332,6556454,2019-02-01 09:34:26,btc,235.6812548217543,181.5,0.00018668999999999998963551295361185111687518656253814697265625,btc,184996.17758278,0.0,8.416255460901155,89
0,[],2,[],2019-01-20 23:31:45,0.0,0,0,6477083,2019-01-20 23:31:45,,0.0,0.0,0,,0.0,0.0,0.0,91
1,[],12,[],2019-02-01 09:43:02,522441.10149836,0.0000034599999999999999069559379616389804823484155349433422088623046875,0.000000000118898748,6556651,2019-02-01 09:43:02,btc,124.52342360995611,0.0,0.0000034599999999999999069559379616389804823484155349433422088623046875,btc,17939.21692157,0.0363748811211576,0.1662881334586244,91
0,[],17,[],2019-02-01 09:43:04,0.0,0,0,6556652,2019-02-01 09:43:04,btc,0.0,0.0,0,btc,0.0,0.0,0.0,91
0.0000000000920731,[],22,[],2019-02-01 09:43:08,27704795.57142857,6.445117e-18,2.214787115646e-22,6556653,2019-02-01 09:43:08,LTC,8.48762787,0.0,0.00000007,LTC,73797158.1,2.17029186934e-13,1.42417449,95
0.0000000000920731,[],4,[],2019-02-01 09:43:09,132723999.4189344,9.8518217e-17,3.3854603053446e-21,6556654,2019-02-01 09:43:09,ltc,1.3241222071716487,0.0,0.00000107,ltc,67019211.72468108,0.000998,6.806172025349208e-10,96
1,[],12,[],2019-02-01 09:43:10,335659.0,0.00000001,0.00000000000034363800000000004,6556655,2019-02-01 09:43:10,btc,255063.39983959563,0.0,0.00000001,btc,7838370.33297676,0.00885324,0.00335659,96
0,[],17,[],2019-02-01 09:43:11,0.0,0,0,6556656,2019-02-01 09:43:11,btc,0.0,0.0,0,btc,0.0,0.0,0.0,96
1,[],4,[],2019-01-28 01:29:03,1472892.19429314,0.00000039,0.000000000013841295,6517118,2019-01-28 01:29:03,btc,0.30363706505258,0.0,0.00000039,btc,473598.41813208,0.02260545,0.1322524391209234,99
0,[],2,[],2019-01-20 23:23:55,0.0,0,0,6476914,2019-01-20 23:23:55,,0.0,0.0,0,,0.0,0.0,0.0,100
1,[],4,[],2019-02-01 09:43:12,247488.43221057,0.00004424,0.0000000015202545120000001,6556657,2019-02-01 09:43:12,btc,1.317549573249304,0.0,0.00004424,btc,24515.43922696,3.72145324,3.4161763723263605,100
1,[],22,[],2019-02-01 09:43:16,50000.0,0.00000001,0.000000000000343638,6556658,2019-02-01 09:43:16,BTC,23.50383609,0.0,0.00000001,BTC,11277.22,0.0,0.0005,101
1,[],4,[],2019-02-01 09:43:17,135179.15882328,0.00000090,0.00000000003092742,6556659,2019-02-01 09:43:17,btc,0.3976113472690786,0.0,0.00000090,btc,147665.6134463,0.0103058,0.0644256635229706,103
1,[],12,[],2019-02-01 09:43:19,78152097.976,0.000000017,0.0000000000005841846000000001,6556660,2019-02-01 09:43:19,btc,9138279107.832764,0.0,0.000000017,btc,147240358.145274,0.13424325035275128,0.48802808463999997,105
1,[],27,[],2019-02-01 09:43:21,16282.89,0.00000001,0.000000000000343638,6556661,2019-02-01 09:43:21,btc,0.6918209812039386,65555.0,0.00000001,btc,652429.78903401,0.0013111,0.0001628289,105
0,[],22,[],2019-02-01 09:43:24,0.0,0,0,6556662,2019-02-01 09:43:24,,1.07253299,0.0,0,,94300.0,0.0,0.0,107
1,[],26,[],2019-02-01 09:43:24,0.0,0,0,6556663,2019-02-01 09:43:24,,0.0,0.0,0,,0.0,0.0,0.0,107
1,[],5,[],2019-02-01 09:43:26,3e-08,0.00000002,0.000000000000687276,6556664,2019-02-01 09:43:26,btc,3.16952624,0.08049723,0.00000002,btc,1.589e-05,0.0,0.0684589,112
1,[],22,[],2019-02-01 09:43:30,1966.0,0.00000001,0.000000000000343638,6556665,2019-02-01 09:43:30,BTC,2.84243449,0.0,0.00000001,BTC,977103.5833333334,0.0,1.966e-05,112
0.0000000003086021,[],27,[],2019-02-01 09:43:32,500000.0,3.086021e-18,1.060474084398e-22,6556666,2019-02-01 09:43:32,eth,1.25356065,0.0,0.00000001,"btc,eth",1328.0,0.0,1.5430105e-12,112
1,[],4,[],2019-02-01 09:43:33,470700.11593227,0.00000387,0.00000000013298790600000002,6556667,2019-02-01 09:43:33,btc,0.4962118705967633,0.0,0.00000387,btc,90433.05177684,0.45836946,0.2579461570458014,113
1,[],5,[],2019-02-01 09:43:35,2.101e-05,0.00000367,0.000000000126115146,6556668,2019-02-01 09:43:35,btc,2.1926616,0.0004392,0.00000367,btc,0.00314299,0.0,0.20198571,113
1,[],17,[],2019-02-01 09:43:36,212548.72400000002,0.00000004,0.0000000000013745520000000002,6556669,2019-02-01 09:43:36,btc,1.33680302678,0.00083281104,0.00000004,btc,50696.221,0.0,0.00460194896,116
0,[],27,[],2019-02-01 09:43:38,0.0,0,0,6556670,2019-02-01 09:43:38,,0.0,0.0,0,btc,0.0,0.0,0.0,116
1,[],7,[],2019-02-01 09:43:40,2213.8423479,0.00001804000000000000007304053195600346271021408028900623321533203125,0.0000000006199229520000001,6556672,2019-02-01 09:43:40,btc,90.077787019399,0.26041667,0.00001804000000000000007304053195600346271021408028900623321533203125,btc,22368.247996539998,1e-05,0.0213374281333295,120
1,[],4,[],2019-02-01 09:43:39,14495.50439169,0.00001900,0.0000000006529122000000001,6556671,2019-02-01 09:43:39,btc,0.2693059090144406,0.0,0.00001900,btc,11283.36976121,0.05844054,0.2097484977487725,120
1,[],20,[],2019-02-01 09:43:42,1607251.0096,0.000000013,0.0000000000004467294,6556673,2019-02-01 09:43:42,btc,33.7489442370083,0.0,0.000000013,btc,1074422.3317,0.0,0.0088351098642,125
1,[],22,[],2019-02-01 09:43:47,3053.0,0.00000001,0.000000000000343638,6556674,2019-02-01 09:43:47,BTC,0.01444889,0.0,0.00000001,BTC,296264.5111111111,0.0,3.053e-05,126
1,[],4,[],2019-02-01 09:43:49,108635.06448082,0.00001495,0.00000000051373881,6556675,2019-02-01 09:43:49,btc,0.5761241139012571,0.0,0.00001495,btc,29356.99747668,0.29454129,0.8379219528823989,131
0,[],17,[],2019-02-01 09:43:50,0.0,0,0,6556676,2019-02-01 09:43:50,btc,0.0008451375975800001,0.0,0,btc,30.89614684,0.0,0.0,131
0,[],2,[],2019-01-20 23:25:46,0.0,0,0,6476969,2019-01-20 23:25:46,,0.0,0.0,0,,0.0,0.0,0.0,131
1,[],4,[],2019-02-01 09:43:51,4614.67659478,0.00016001,0.000000005498551638,6556677,2019-02-01 09:43:51,btc,1.640487738446776,0.0,0.00016001,btc,302.35845559,0.0,0.0118639732947849,135
1,[],3,[],2019-02-01 09:43:52,1879672.7390739701,0.00000007,0.0000000000024054660000000004,6556678,2019-02-01 09:43:52,btc,0.1657441991802762,4150.22777779,0.00000007,btc,376767.12296991,0.0,0.0680154606703678,136
1,[],4,[],2019-02-01 09:43:53,98182.15430265,0.00000203,0.00000000006975851400000001,6556679,2019-02-01 09:43:53,btc,0.5835606504820035,0.0,0.00000203,btc,206158.24804177,0.19875609,0.1401623282647745,137
1,[],12,[],2019-02-01 09:43:54,312271.17094133,0.000002120000000000000031120939159023919273749925196170806884765625,0.000000000072851256,6556680,2019-02-01 09:43:54,btc,11982.846346359649,0.0,0.000002120000000000000031120939159023919273749925196170806884765625,btc,125352.53004713,0.1476211155597006,0.0595509503028094,137
1,[],5,[],2019-02-01 09:43:56,0.00111119,0.00003410,0.00000000117180558,6556681,2019-02-01 09:43:56,btc,1.75143727,1.99852097,0.00003410,btc,0.00226954,0.0,1.30813224,142
1,[],17,[],2019-02-01 09:43:57,12500.0,0.0000001,0.00000000000343638,6556682,2019-02-01 09:43:57,btc,20.260986022,0.0,0.0000001,btc,3591.0,0.0,0.00125,142
1,[],20,[],2019-02-01 09:43:59,151149.3014,0.000025424,0.0000000008736652512000001,6556683,2019-02-01 09:43:59,btc,2.7829630912253,0.0,0.000025424,btc,11606.5227,0.0,0.2833940266145,142
1,[],22,[],2019-02-01 09:44:03,990.0,0.00001880,0.0000000006460394400000001,6556684,2019-02-01 09:44:03,BTC,3.00453575,0.0,0.00001880,BTC,900.098,0.0,0.00022106,142
0.0,[],25,[],2019-02-01 09:44:05,0.0,0,0,6556685,2019-02-01 09:44:05,,0.0,0.0,0.0,btc,0.0,0.0,0.0,142
1,[],28,[],2019-02-01 09:44:07,78610.0,0.00002500,0.000000000859095,6556686,2019-02-01 09:44:07,btc,0.15417397587,1053.0,0.00002500,btc,3082.8305,0.0,0.0293237,142
0,[],22,[],2019-01-28 18:33:43,0.0,0,0,6521842,2019-01-28 18:33:43,,61.27958297,0.0,0,,815366265.8,0.0,0.0,143
1,[],21,[],2019-02-01 09:44:08,32264841.92051397,0.00000027,0.000000000009278226000000001,6556687,2019-02-01 09:44:08,btc,53.947265383979676,6433610.41732705,0.00000027,btc,95066736.04462425,1.76354546,4.378405981269951,145
0,[],22,[],2019-02-01 09:44:11,0.0,0,0,6556688,2019-02-01 09:44:11,,4.31833784,0.0,0,,1417838.5,0.0,0.0,146
,[],22,[],2018-11-20 23:01:11,0.0,0,0,4862114,2018-11-20 23:01:11,,2.56807021,0.0,,,61828.4988236,0.0,0.0,147
1,[],12,[],2019-02-01 09:35:35,8693063.32669323,0.00000312000000000000019762728779848526272644448908977210521697998046875,0.00000000010714953600000002,6556490,2019-02-01 09:35:35,btc,16.55685416279203,0.0,0.00000312000000000000019762728779848526272644448908977210521697998046875,btc,111732.88189148,8.9401e-06,0.1273570500000073,148
1,[],4,[],2019-02-01 09:44:13,209200.19053155,0.00000027,0.000000000009278226000000001,6556689,2019-02-01 09:44:13,btc,0.6884510752891355,0.0,0.00000027,btc,503150.08636268,0.00026329,0.0421574566747385,152
0,[],22,[],2019-02-01 09:44:15,0.0,0,0,6556690,2019-02-01 09:44:15,,0.0,0.0,0,,0.0,0.0,0.0,152
1,[],5,[],2019-02-01 09:44:16,0.0,0,0,6556691,2019-02-01 09:44:16,btc,4.41264381,0.0,0,btc,0.00161275,0.0,0.0,153
,[],16,[],2019-01-11 15:38:59,0.0,0,0,6366141,2019-01-11 15:38:59,btc,0.0,0.0,,btc,0.0,0.0,0.0,155
0,[],22,[],2019-02-01 09:44:20,0.0,0,0,6556692,2019-02-01 09:44:20,,6.73310957,0.0,0,,4562882.742592593,0.0,0.0,156
0,[],23,[],2019-01-20 23:24:29,0.0,0,0,6476932,2019-01-20 23:24:29,,0.0,0.0,0,,0.0,0.0,0.0,156
1,[],22,[],2019-02-01 09:44:24,7906.0,0.00000801,0.000000000275254038,6556693,2019-02-01 09:44:24,BTC,43.78801181,0.0,0.00000801,BTC,1067.5805334758436,0.0,0.00743836,157
0,[],22,[],2019-02-01 09:44:27,0.0,0,0,6556694,2019-02-01 09:44:27,,50175.6753658,0.0,0,,54007107.04179466,0.0,0.0,158
,[],17,[],2018-11-20 22:56:10,0.0,0,0,4861976,2018-11-20 22:56:10,btc,1.1265625,0.0,,btc,1000.0,0.0,0.0,159
,[],20,[],2018-11-20 22:56:12,0.0,0,0,4861977,2018-11-20 22:56:12,btc,11912.7940471,0.0,,btc,34413894.3617,0.0,0.0,159
1,[],12,[],2019-02-01 09:44:28,194161.13631679,0.0000100500000000000003393119119010634676669724285602569580078125,0.00000000034535619,6556695,2019-02-01 09:44:28,btc,6.684741540577474,0.0,0.0000100500000000000003393119119010634676669724285602569580078125,btc,14601.0299096,0.0030919425,0.09337349332739629,168
1,[],17,[],2019-02-01 09:44:30,29784.95,0.000001,0.0000000000343638,6556696,2019-02-01 09:44:30,btc,0.0353989844335,0.0,0.000001,btc,196.82520268,0.0,0.00716147,168
0,[],22,[],2019-02-01 09:44:34,0.0,0,0,6556697,2019-02-01 09:44:34,,1.13380276,0.0,0,,689102.5537281231,0.0,0.0,169
1,[],22,[],2019-02-01 09:44:51,66077.21935483871,0.00000032,0.000000000010996416,6556698,2019-02-01 09:44:51,BTC,10.21855605,0.0,0.00000032,BTC,55451.55804007068,0.00235062,0.01913454,171
1,[],22,[],2019-02-01 09:44:55,158599.0,0.0000001,0.0000000000034363800000000003,6556699,2019-02-01 09:44:55,BTC,2.61876625,0.0,0.0000001,BTC,241507.5674200973,0.00252444,0.00769999,173
1,[],5,[],2019-02-01 09:44:56,3.638e-05,0.00000386,0.000000000132644268,6556700,2019-02-01 09:44:56,btc,0.42273033,0.00746077,0.00000386,btc,0.00033633,0.0,0.69664747,175
1,[],22,[],2019-02-01 09:45:33,142754.25714285715,0.00000036,0.000000000012370968000000001,6556701,2019-02-01 09:45:33,BTC,0.62401742,0.0,0.00000036,BTC,160684.17417750834,0.00517314,0.01519992,176
1,[],7,[],2019-02-01 09:45:34,0.0,0,0,6556702,2019-02-01 09:45:34,btc,10965.660263001393,1000.0,0,btc,123199465.68292762,1e-05,0.0,178
0,[],22,[],2019-02-01 09:45:37,0.0,0,0,6556703,2019-02-01 09:45:37,,1.00242428,0.0,0,,57512.0,0.0,0.0,178
0,[],2,[],2019-01-20 23:28:34,0.0,0,0,6477001,2019-01-20 23:28:34,,0.0,0.0,0,,0.0,0.0,0.0,178
1,[],5,[],2019-02-01 09:45:38,6e-08,0.00000003,0.000000000001030914,6556704,2019-02-01 09:45:38,btc,16.755316,0.15870968,0.00000003,btc,2.285e-05,0.0,1.3769691,179
1,[],22,[],2019-02-01 09:45:42,7842183.0,0.00000003,0.000000000001030914,6556705,2019-02-01 09:45:42,BTC,5.47650498,0.0,0.00000003,"BTC,LTC",17037933.401989967,0.000185,0.38978517,179
0,[],23,[],2019-01-20 23:25:08,0.0,0,0,6476952,2019-01-20 23:25:08,,0.0,0.0,0,,0.0,0.0,0.0,179
1,[],17,[],2019-02-01 09:45:44,10504.725,0.0000001,0.00000000000343638,6556706,2019-02-01 09:45:44,btc,5.206877489877176,0.0,0.0000001,btc,7465.6174587,0.0,0.0010504725,180
1,[],22,[],2019-02-01 09:45:48,14085.4,0.0000001,0.0000000000034363800000000003,6556707,2019-02-01 09:45:48,BTC,0.09633436,0.0,0.0000001,"BTC,LTC",16823.80336569223,0.0,0.00090724,180
1,[],26,[],2019-02-01 09:45:48,0.0,0,0,6556708,2019-02-01 09:45:48,,0.0,0.0,0,,0.0,0.0,0.0,180
,[],7,[],2018-11-20 22:58:01,562227.975654,0.00000085,0.000000000036176765,4862015,2018-11-20 22:58:01,btc,21836.6059674,2491.87645172,,btc,749999.041456,0.00211021,0.127565380455,183
,[],5,[],2019-01-10 08:11:41,0.0,0,0,6347036,2019-01-10 08:11:41,btc,82.15055501,0.00261,,btc,1.19002445,0.0,0.0,187
1,[],24,[],2019-02-01 09:45:49,0.0,0.000000000001,3.43638e-17,6556709,2019-02-01 09:45:49,btc,0.0,0.0,0.000000000001,btc,0.0,0.0,0.0,187
,[],17,[],2018-11-16 20:58:10,4062536.27273,0.00000001,0.000000000000550501,4708775,2018-11-16 20:58:10,btc,3.36492563466,0.195460381006,,"btc,eth",110697919.549,0.0,0.0157628953496,187
0,[],22,[],2019-02-01 09:45:52,0.0,0,0,6556710,2019-02-01 09:45:52,,1.19382741,0.0,0,,13380.036201072173,0.0,0.0,191
0,[],22,[],2019-01-29 02:57:02,0.0,0,0,6524994,2019-01-29 02:57:02,,0.0,0.0,0,,0.0,0.0,0.0,197
0,[],23,[],2019-01-20 23:31:41,0.0,0,0,6477079,2019-01-20 23:31:41,,0.0,0.0,0,,0.0,0.0,0.0,199
1,[],26,[],2019-02-01 09:45:52,0.0,0,0,6556711,2019-02-01 09:45:52,,0.0,0.0,0,,0.0,0.0,0.0,199
0,[],17,[],2019-01-30 16:32:01,0.0,0,0,6540827,2019-01-30 16:32:01,btc,6.802544163788159,0.0,0,btc,105897.55575295,0.0,0.0,200
0,[],2,[],2019-01-20 23:30:49,0.0,0,0,6477059,2019-01-20 23:30:49,,0.0,0.0,0,,0.0,0.0,0.0,201
1,[],4,[],2019-01-25 15:51:35,2084389.58565343,0.00000936,0.000000000333526752,6499557,2019-01-25 15:51:35,btc,2.0092503037378524,0.0,0.00000936,btc,160195.80207885,0.19272417,1.242687955921835,211
1,[],7,[],2019-02-01 09:45:56,19921359.96199035,0.000001340000000000000087593235616190145975679115508683025836944580078125,0.000000000046047492000000005,6556712,2019-02-01 09:45:56,btc,16567792.694304448,1405784.12559,0.000001340000000000000087593235616190145975679115508683025836944580078125,btc,11253509.85423569,0.0,6.089033725205394,212
1,[],5,[],2019-02-01 09:45:57,5.92e-06,0.00000037,0.000000000012714606,6556713,2019-02-01 09:45:57,btc,0.99581136,0.15927078,0.00000037,btc,3.321e-05,0.0,0.29716128,213
1,[],24,[],2019-02-01 09:45:57,0.0,0.000000050000,0.0000000000017181900000000002,6556714,2019-02-01 09:45:57,btc,0.0,0.0,0.000000050000,btc,0.0,0.0,0.0,213
1,[],26,[],2019-02-01 09:45:57,0.0,0,0,6556715,2019-02-01 09:45:57,,0.0,0.0,0,,0.0,0.0,0.0,213
1,[],12,[],2019-01-25 02:44:32,207462.42853209,0.000001080000000000000035831255497387193287295303889550268650054931640625,0.000000000038610756000000006,6493050,2019-01-25 02:44:32,btc,85023.03793723314,0.0,0.000001080000000000000035831255497387193287295303889550268650054931640625,btc,43675.73520027,0.000146250909087,0.0348620860622024,213
1,[],22,[],2019-02-01 09:37:00,276400.0,0.00000002,0.0000000000006868560000000001,6556518,2019-02-01 09:37:00,BTC,70.20243801,0.0,0.00000002,BTC,241693.63137942314,0.00116487,0.004714,216
1,[],27,[],2019-02-01 09:37:03,5075645.0,0.0000001,0.00000000000343428,6556519,2019-02-01 09:37:03,btc,313.97472920316,3900.0,0.0000001,"btc,ltc",267019.13411,0.001677,0.0518235,216
1,[],22,[],2019-02-01 09:46:01,336022.15970671055,0.00000296,0.000000000101716848,6556716,2019-02-01 09:46:01,BTC,12677.63001487,0.0,0.00000296,BTC,413446.78830123716,0.06125869,0.54962492,217
1,[],7,[],2019-02-01 09:46:02,0.0,0,0,6556717,2019-02-01 09:46:02,btc,302.57931663911063,0.0,0,btc,134740320.6214003,0.0,0.0,219
0,[],27,[],2019-02-01 09:46:04,0.0,0,0,6556718,2019-02-01 09:46:04,,0.0741038339680918,0.0,0,btc,1542429.2070951,0.0,0.0,219
0.0000000000000055,[],28,[],2019-02-01 09:46:09,204976012.301,5.500000000000001e-18,1.8900090000000003e-22,6556719,2019-02-01 09:46:09,doge,88554.0318717675,114181.0,0.00100000,"btc,doge",4969437.84751,0.0,2.7623609860200147e-11,219
1,[],22,[],2019-02-01 09:46:13,202578.0,0.00000055,0.00000000001890009,6556720,2019-02-01 09:46:13,BTC,2.39211741,0.0,0.00000055,BTC,33805.55212317522,0.000572,0.02031773,221
1,[],24,[],2019-02-01 09:46:13,0.0,0.000000100000,0.0000000000034363800000000003,6556721,2019-02-01 09:46:13,btc,0.0,10593.64272,0.000000100000,btc,0.0,0.00549845,0.0,221
1,[],26,[],2019-02-01 09:46:13,0.0,0,0,6556722,2019-02-01 09:46:13,,0.0,0.0,0,,0.0,0.0,0.0,231
1,[],26,[],2019-02-01 09:46:13,0.0,0,0,6556723,2019-02-01 09:46:13,,0.0,0.0,0,,0.0,0.0,0.0,234
0,[],27,[],2019-02-01 09:46:16,0.0,0,0,6556724,2019-02-01 09:46:16,,0.0113483662182,0.0,0,"btc,eth",11462.99618,0.0,0.0,234
0.0000000000920731,[],22,[],2019-02-01 09:46:20,8720000.0,9.20731e-19,3.16398159378e-23,6556725,2019-02-01 09:46:20,LTC,3.66256838,0.0,0.00000001,LTC,96920185.93217893,1.415378077323e-11,0.0872,235
1,[],4,[],2019-02-01 09:46:21,742808.63002706,0.00000073,0.000000000025085574,6556726,2019-02-01 09:46:21,btc,0.1529503319451869,0.0,0.00000073,btc,139974.342149,0.0390926,0.1714983511465572,236
1,[],24,[],2019-02-01 09:46:21,0.0,0.000000010000,0.000000000000343638,6556727,2019-02-01 09:46:21,btc,0.0,0.0,0.000000010000,btc,0.0,0.0,0.0,236
1,[],20,[],2019-02-01 09:46:23,12350034.4739,0.000000063,0.0000000000021649194,6556728,2019-02-01 09:46:23,btc,14.4641807402105,20180950.3752,0.000000063,btc,26241566.9826,1.2897596698476,0.36941115424,237
1,[],22,[],2019-02-01 09:46:26,10000.0,0.00000001,0.000000000000343638,6556729,2019-02-01 09:46:26,BTC,0.04144357,0.0,0.00000001,BTC,10254.2,0.0,0.0001,237
1,[],4,[],2019-02-01 09:46:27,3708144.48703324,0.00000033,0.000000000011340054,6556730,2019-02-01 09:46:27,btc,0.3482185848545979,0.0,0.00000033,btc,967358.96653847,0.26365415,1.1155382516659669,238
1,[],5,[],2019-02-01 09:46:28,4.29e-06,0.00000033,0.000000000011340054,6556731,2019-02-01 09:46:28,btc,0.77387629,0.00052854,0.00000033,btc,2.957e-05,0.0,0.37242217,238
1,[],22,[],2019-02-01 09:46:33,257468.0,0.00000004,0.000000000001374552,6556732,2019-02-01 09:46:33,BTC,15.41132381,0.0,0.00000004,BTC,261521.51390274928,9.219e-05,0.00829884,249
0.0000000000920731,[],22,[],2019-02-01 09:46:37,5916263.0,2.762193e-18,9.491944781340001e-23,6556733,2019-02-01 09:46:37,LTC,0.61163999,0.0,0.00000003,LTC,13318963.815,3.559114223161e-12,0.14142705,252
1,[],28,[],2019-02-01 09:46:43,2209264.286,0.00000007,0.000000000002405466,6556734,2019-02-01 09:46:43,btc,164692.30083800084,15000.4,0.00000007,btc,886581.0395,0.0,0.0697193563,256
1,[],22,[],2019-02-01 09:47:08,106787.57142857143,0.00000008,0.000000000002749104,6556735,2019-02-01 09:47:08,BTC,35605.56361489,0.0,0.00000008,BTC,500141.29945876444,0.00034627,0.00336969,258
1,[],22,[],2019-01-26 20:58:41,368451.0,0.00000001,0.000000000000356135,6510120,2019-01-26 20:58:41,BTC,2.642917,0.0,0.00000001,"BTC,LTC",1862.0,0.0,0.02488451,259
1,[],22,[],2019-02-01 09:47:13,2299.8434677419355,0.00000800,0.0000000002749104,6556736,2019-02-01 09:47:13,BTC,4.68960145,0.0,0.00000800,BTC,6366.988399675977,0.00858102,0.01602867,262
1,[],5,[],2019-02-01 09:47:14,7.92e-05,0.00000336,0.000000000115462368,6556737,2019-02-01 09:47:14,btc,1.92507745,0.58500603,0.00000336,btc,0.00211197,0.0,0.3176654,264
1,[],20,[],2019-02-01 09:47:16,1175868.0873,0.000002211,0.00000000007597836180000001,6556738,2019-02-01 09:47:16,btc,5.1069946956432,24385.5834,0.000002211,btc,105401.9234,0.1108641478496,0.034005159445,264
1,[],22,[],2019-02-01 09:47:21,143431.0,0.00000002,0.000000000000687276,6556739,2019-02-01 09:47:21,BTC,8.65643669,0.0,0.00000002,BTC,330779.0934647885,0.0001144,0.00237099,271
0,[],22,[],2019-02-01 09:47:24,0.0,0,0,6556740,2019-02-01 09:47:24,,365.48564614,0.0,0,,14203859303.9,0.0,0.0,272
0.0000000000000055,[],28,[],2019-02-01 09:47:28,212205211027.724,7.480000000000001e-21,2.57041224e-25,6556741,2019-02-01 09:47:28,doge,75128235.76739919,19195895659.91,0.00000136,doge,171477016685.77698,0.0,7.226008469676111e-10,272
