pairValue,buyBook,exchangeId,sellBook,updated,buyTotal,satoshiPrice,usdPrice,exchangeLogId,created,bestPair,sellTotalBtc,volume,pairPrice,activePairs,sellTotal,volumeBtc,buyTotalBtc,coinId
1,[],20,[],2019-07-27 17:59:44,932.9765,0.00805038,0.000000761547432126,7845462,2019-07-27 17:59:44,btc,0.2255288591946,0.4938,0.00805038,btc,18.8893,0.00434544,0.1359745087619,1
1,[],3,[],2019-07-27 18:08:19,32161.64861936392,0.00807769000000000021721735521396112744696438312530517578125,0.000000764518624433,7845499,2019-07-27 18:08:19,btc,9.254337220595968,79.2486013865,0.00807769000000000021721735521396112744696438312530517578125,btc,37.169379378652,0.0,0.21066414974485287,1
1,[],4,[],2019-07-27 18:08:20,25361.10118475,0.00825886,0.0000007816655859019999,7845500,2019-07-27 18:08:20,btc,12.14965540988522,0.0,0.00825886,btc,563.28745471,0.49458402,1.0197221026646588,1
1,[],12,[],2019-07-27 18:08:25,95.19151240000001,0.008250000000000000388578058618804789148271083831787109375,0.000000780827025,7845501,2019-07-27 18:08:25,btc,0.2757998659632,0.0,0.008250000000000000388578058618804789148271083831787109375,btc,25.31945581,1.436311913683,0.2010864566659,1
1,[],21,[],2019-07-27 18:08:28,2509.48823866,0.008298240000000000129998234399,0.000000785392733568,7845502,2019-07-27 18:08:28,btc,10.314743664868457,1290.3456899,0.00829824000000000012999823439940882963128387928009033203125,"btc,eth",1697.81287954,9.856560987295381,17.4489370834621,1
1,[],22,[],2019-07-27 18:08:31,1.1199,0.00200000,0.0000001892914,7845503,2019-07-27 18:08:31,BTC,0.01700334,0.0,0.00200000,BTC,0.28367064174998,0.0,0.00197189,1
1,[],24,[],2019-07-27 18:08:32,0.0,0.000000000000,0,7845504,2019-07-27 18:08:32,btc,0.0,0.0,0.000000000000,btc,0.0,0.0,0.0,1
0.0,[],25,[],2019-07-27 18:08:33,0.0,0,0,7845505,2019-07-27 18:08:33,btc,27.555899999015466,6837.14524728,0.0,btc,3223.74165876,56.2505,0.0,1
1,[],26,[],2019-07-27 18:08:35,0.0,0,0,7845506,2019-07-27 18:08:35,,0.0,0.0,0,,0.0,0.0,0.0,1
1,[],28,[],2019-07-27 18:08:51,1059.021,0.008160000000,0.000000772308912,7845507,2019-07-27 18:08:51,btc,0.369398346,2577.0,0.008160000000,btc,22.3764,0.0,0.421330036,1
1,[],10,[],2019-07-13 08:58:05,251434.9725798,0.00271069,0.00000031407274150500003,7812232,2019-07-13 08:58:05,btc,6515.317158446701,1686.04548878,0.00271069,btc,2002.66956917,0.0,1.2639712180673435,1
1,[],5,[],2019-07-06 00:27:44,0.0,0,0,7800775,2019-07-06 00:27:44,btc,0.0,0.00190933,0,btc,0.0,0.0,0.0,1
0,[],2,[],2019-01-20 23:28:45,0.0,0,0,6477011,2019-01-20 23:28:45,,0.0,0.0,0,,0.0,0.0,0.0,1
1,[],22,[],2019-07-27 18:08:55,11550.3,0.0000002,0.00000000001892914,7845508,2019-07-27 18:08:55,BTC,21.00878619,0.0,0.0000002,"BTC,XMR",19931.59287795317,0.0,0.00143681,2
1,[],5,[],2019-07-06 00:28:14,0.0,0,0,7800785,2019-07-06 00:28:14,btc,0.0,0.00208797,0,btc,0.0,0.0,0.0,2
1,[],12,[],2019-07-27 18:08:57,5185003.96275514,0.000000069,0.000000000006530553299999999,7845509,2019-07-27 18:08:57,btc,42912.76336694162,0.0,0.000000069,btc,7126006.49940851,0.030268691346,0.2598877949808084,3
0,[],28,[],2019-07-27 18:08:58,0.0,0,0,7845510,2019-07-27 18:08:58,,0.0,0.0,0,,0.0,0.0,0.0,3
1,[],5,[],2019-06-03 14:48:58,0.0,0,0,7731126,2019-06-03 14:48:58,btc,0.0,0.05905545,0,btc,0.0,0.0,0.0,3
0,[],2,[],2019-01-20 23:31:32,0.0,0,0,6477077,2019-01-20 23:31:32,,0.0,0.0,0,,0.0,0.0,0.0,4
1,[],4,[],2019-07-23 19:39:19,5194762.69889617,0.00000005,0.00000000000508272,7830176,2019-07-23 19:39:19,btc,51.370046856622295,0.0,0.00000005,btc,1310172.08039262,0.0,0.0608782288383904,4
0,[],12,[],2019-07-10 21:32:46,0.0,0,0,7800866,2019-07-10 21:32:46,btc,641.7517620215584,0.0,0,btc,1208658.0779220702,0.0,0.0,5
0,[],2,[],2019-01-20 23:31:51,0.0,0,0,6477087,2019-01-20 23:31:51,,0.0,0.0,0,,0.0,0.0,0.0,6
1,[],11,[],2019-07-27 18:09:00,5677873.0,0.00000001,0.000000000000946457,7845511,2019-07-27 18:09:00,btc,9583.461789274243,166666.666667,0.00000001,btc,75327718.0705472,0.0,0.05677873,6
1,[],3,[],2019-07-27 18:09:02,12040.145400074494,0.000090000000000000005668208957754217180990963242948055267333984375,0.000000008518113,7845512,2019-07-27 18:09:02,btc,1026.3060129302214,809.754549667,0.000090000000000000005668208957754217180990963242948055267333984375,btc,411.529349768193,0.0,0.022959026360569436,7
1,[],4,[],2019-07-27 18:09:02,306363.84056491,0.00009200,0.0000000087074044,7845513,2019-07-27 18:09:02,btc,13.391466657396771,0.0,0.00009200,btc,82236.23707552,4.50359874,2.4288736372047786,7
1,[],5,[],2019-07-06 00:28:21,0.0,0,0,7800789,2019-07-06 00:28:21,btc,0.0,0.38662001,0,btc,0.0,0.0,0.0,7
1,[],20,[],2019-04-07 22:06:50,3201475.0482,0.000000001,0.000000000000051590000000000004,7213932,2019-04-07 22:06:50,btc,30.8005781811902,0.0,0.000000001,btc,23077405.3926,0.0,0.0032014750482,8
1,[],4,[],2019-02-17 11:22:43,4341674.27126056,0.00000002,0.0000000000007272960000000001,6696112,2019-02-17 11:22:43,btc,0.1997230937751353,0.0,0.00000002,btc,4109766.79808031,0.00215132,0.0479381022052112,10
1,[],5,[],2019-07-05 17:50:59,0.0,0,0,7799863,2019-07-05 17:50:59,btc,0.0,0.04857279,0,btc,0.0,0.0,0.0,12
0,[],2,[],2019-01-20 23:23:08,0.0,0,0,6476890,2019-01-20 23:23:08,,0.0,0.0,0,,0.0,0.0,0.0,12
1,[],4,[],2019-07-27 18:09:03,27135367.81070816,0.00000025,0.000000000023661425,7845514,2019-07-27 18:09:03,btc,5.893054582940384,0.0,0.00000025,btc,11981209.24686763,0.34471809,2.492356197124499,12
0.0,[],25,[],2019-07-27 18:09:06,0.0,0,0,7845515,2019-07-27 18:09:06,,0.0,0.0,0.0,btc,0.0,0.0,0.0,12
1,[],4,[],2019-07-27 18:09:07,768633.49576215,0.00000273,0.000000000258382761,7845516,2019-07-27 18:09:07,btc,2.8215202183131254,0.0,0.00000273,btc,548828.43482715,0.39167209,0.74527791486612,13
1,[],10,[],2019-07-27 18:09:09,673980.06967903,0.00000275,0.00000000026027567499999997,7845517,2019-07-27 18:09:09,btc,666798.1431203611,10988.7524414,0.00000275,btc,1090414.1764015,0.0,0.1394771273224096,13
1,[],21,[],2019-07-27 18:09:10,1668489.4699718899,0.000002839999999999999913836284948,0.000000000268793788,7845518,2019-07-27 18:09:10,btc,3.9156993292977393,206592.63336717,0.0000028399999999999999138362849482319916205597110092639923095703125,btc,1004875.55600143,0.59343025,3.400772296874445,13
1,[],4,[],2019-07-27 18:09:12,1190682.851723,0.00000088,0.000000000083288216,7845519,2019-07-27 18:09:12,btc,21.62975419233341,0.0,0.00000088,btc,1069141.67830518,0.17176473,0.2103055102551728,14
1,[],12,[],2019-07-27 18:09:13,226194.5022125,0.00000077,0.000000000072877189,7845520,2019-07-27 18:09:13,btc,270.94469313645163,0.0,0.00000077,btc,22517.31599055,0.005235647693,0.022145119999960602,14
1,[],26,[],2019-07-27 18:11:13,0.0,0.00000050,0.00000000004732285,7845521,2019-07-27 18:11:13,btc,0.0,0.0,0.00000050,btc,0.0,0.0,0.0,14
0,[],17,[],2019-05-03 00:53:32,0.0,0,0,7558876,2019-05-03 00:53:32,btc,0.0,0.0,0,btc,0.0,0.0,0.0,14
0,[],4,[],2019-07-27 18:11:14,0.0,0,0,7845522,2019-07-27 18:11:14,,0.0,0.0,0,,0.0,0.0,0.0,15
,[],12,[],2018-12-01 15:15:48,204241.84496,0.00000489,0.000000000202473384,5260204,2018-12-01 15:15:48,btc,49.5475654835,0.0,,btc,35763.2193806,0.0163153972027625,0.0203389899998,15
0,[],2,[],2019-01-20 23:23:38,0.0,0,0,6476906,2019-01-20 23:23:38,,0.0,0.0,0,,0.0,0.0,0.0,18
1,[],4,[],2019-07-27 18:11:15,36231.36605234,0.00000791,0.0000000007486474869999999,7845523,2019-07-27 18:11:15,btc,2.4105781156758126,0.0,0.00000791,btc,20377.37978783,0.01212402,0.0610520332975481,18
1,[],10,[],2019-07-27 18:11:17,389633.87288869,0.00000728,0.000000000689020696,7845524,2019-07-27 18:11:17,btc,15.2586447121848,4577.13579313,0.00000728,btc,25196.44274951,0.0,0.2026212065082568,18
1,[],12,[],2019-07-27 18:11:18,5338.29556463,0.00000800999999999999954224116915924014392658136785030364990234375,0.0000000007581120569999999,7845525,2019-07-27 18:11:18,btc,0.567202203797213,0.0,0.00000800999999999999954224116915924014392658136785030364990234375,btc,1945.8323147,0.003298703539,0.0142658006566155,18
0,[],17,[],2019-05-03 00:53:39,0.0,0,0,7558882,2019-05-03 00:53:39,btc,0.0,0.0,0,btc,0.0,0.0,0.0,18
0,[],2,[],2019-01-20 23:24:19,0.0,0,0,6476924,2019-01-20 23:24:19,,0.0,0.0,0,,0.0,0.0,0.0,19
1,[],3,[],2019-07-27 18:13:19,155470.59063843222,0.0000080499999999999991592662673678404416932608000934123992919921875,0.0000000007618978849999999,7845526,2019-07-27 18:13:19,btc,190.2857175860212,31342.8658386,0.0000080499999999999991592662673678404416932608000934123992919921875,btc,19048.09954570306,0.0,0.06149314044683239,19
1,[],4,[],2019-07-27 18:13:20,259188.47810609,0.00000852,0.000000000806381364,7845527,2019-07-27 18:13:20,btc,4.09473258170023,0.0,0.00000852,btc,220433.93518807,0.94729462,1.4333064138449958,19
1,[],12,[],2019-07-27 18:13:22,119213.72045994,0.000007710000000000000720487038086137232539840624667704105377197265625,0.0000000007297183470000001,7845528,2019-07-27 18:13:22,btc,10.695565911672723,0.0,0.000007710000000000000720487038086137232539840624667704105377197265625,btc,3863.4121999,0.00104064,0.0191683699997717,19
0,[],27,[],2019-07-27 18:13:27,0.0,0,0,7845529,2019-07-27 18:13:27,,0.0,0.0,0,btc,0.0,0.0,0.0,19
1,[],5,[],2019-07-06 02:01:19,0.0,0,0,7800799,2019-07-06 02:01:19,btc,0.0,0.0,0,btc,0.0,0.0,0.0,19
1,[],4,[],2019-07-27 18:13:28,10134312.93146834,0.00000003,0.000000000002839371,7845530,2019-07-27 18:13:28,btc,5.060553363461339,0.0,0.00000003,btc,2216522.94173599,0.0,0.1116393680480168,20
0,[],4,[],2019-07-27 18:13:29,0.0,0,0,7845531,2019-07-27 18:13:29,,56918.563767070176,0.0,0,,167976090.68576923,0.0,0.0,21
0,[],12,[],2019-07-27 18:13:32,0.0,0,0,7845532,2019-07-27 18:13:32,btc,2616.970038999331,0.0,0,btc,10914435.73126868,0.000303106893,0.0,21
0,[],17,[],2019-05-03 00:53:51,0.0,0,0,7558891,2019-05-03 00:53:51,btc,0.0,0.0,0,btc,0.0,0.0,0.0,21
1,[],12,[],2019-07-27 18:15:33,4868851305.156245,0.0000000046,0.00000000000043537022,7845533,2019-07-27 18:15:33,btc,1437886181091.2341,0.0,0.0000000046,btc,1246941087.1501403,10.665641224915,5.985767166888016,23
0.00000000022009709999999998,[],27,[],2019-07-27 18:15:47,74292183.5,3.3014565e-17,3.1246866146204996e-21,7845534,2019-07-27 18:15:47,eth,1258.525902360335,4049954.86383316,0.00000015,eth,2406738.4357023,1.3370749819263298e-10,1.7245575981138044e-09,23
1,[],4,[],2019-07-27 18:15:48,5952245.94374577,0.00000017,0.000000000016089769,7845535,2019-07-27 18:15:48,btc,10.560353562296404,0.0,0.00000017,btc,1743914.39957628,0.00118,0.1115014049409679,24
0,[],22,[],2019-07-27 18:15:50,0.0,0,0,7845536,2019-07-27 18:15:50,,0.0,0.0,0,,0.0,0.0,0.0,24
0.0,[],25,[],2019-07-27 18:15:54,0.0,0,0,7845537,2019-07-27 18:15:54,,0.0,0.0,0.0,btc,0.0,0.0,0.0,24
1,[],4,[],2019-07-27 18:15:55,26949330.69128626,0.00000419,0.000000000396565483,7845538,2019-07-27 18:15:55,btc,30.61045149846568,0.0,0.00000419,btc,237026.48576116,0.11706405,0.4253800422144527,26
1,[],10,[],2019-07-27 18:15:57,229047.22151349,0.00000431,0.00000000040792296700000004,7845539,2019-07-27 18:15:57,btc,25.731786983700978,7439.23823909,0.00000431,btc,18758.09423513,0.0,0.0535429916044878,26
0,[],2,[],2019-01-20 23:25:56,0.0,0,0,6476976,2019-01-20 23:25:56,,0.0,0.0,0,,0.0,0.0,0.0,26
1,[],5,[],2019-04-26 09:47:06,0.0,0,0,7465326,2019-04-26 09:47:06,btc,0.0,0.0,0,btc,0.0,0.0,0.0,27
1,[],3,[],2019-06-17 14:30:26,13571825.64059417,0.00000001,0.00000000000092914,7740112,2019-06-17 14:30:26,btc,3.485049956644059,4264730.43754,0.00000001,btc,23500048.28518193,0.0,0.1357182564059417,27
1,[],11,[],2019-07-15 06:07:59,993045.80216525,0.00000001,0.000000000001021634,7819506,2019-07-15 06:07:59,btc,67502.92060589766,178.77941309,0.00000001,btc,6487362.95640949,0.0,0.0099304580216525,27
0.0000000000934567,[],4,[],2019-07-27 18:15:58,543337948.9352727,8.411103e-17,7.960747312071e-21,7845540,2019-07-27 18:15:58,ltc,11.76066994986548,0.0,0.0000009,ltc,810969448.3386434,0.00123144,1.3801757458493398e-08,29
1,[],7,[],2019-07-27 18:16:00,0.0,0,0,7845541,2019-07-27 18:16:00,btc,1236880.8271631233,0.0,0,btc,38243733.05540016,0.0,0.0,29
0,[],17,[],2019-05-03 01:11:25,0.0,0,0,7559066,2019-05-03 01:11:25,btc,0.0,0.0,0,btc,0.0,0.0,0.0,30
1,[],4,[],2019-07-27 18:16:00,15183240.36510912,0.00000006,0.000000000005678742,7845542,2019-07-27 18:16:00,btc,2.522831470891808,0.0,0.00000006,btc,2241258.89450701,0.00226874,0.1677486787627771,30
1,[],4,[],2019-07-27 18:18:01,222372.42770663,0.00003190,0.00000000301919783,7845543,2019-07-27 18:18:01,btc,4.518777036212471,0.0,0.00003190,btc,68622.55848413,0.37915168,0.8905320602037451,31
1,[],21,[],2019-07-27 18:18:02,59006.63862523,0.00003174999999999999925146682012,0.0000000030050009749999998,7845544,2019-07-27 18:18:02,btc,3.0384673946426153,20778.69897358,0.000031749999999999999251466820116007738761254586279392242431640625,btc,76038.23156964,0.63167254,1.4539295642438446,31
0,[],2,[],2019-01-20 23:28:43,0.0,0,0,6477009,2019-01-20 23:28:43,,0.0,0.0,0,,0.0,0.0,0.0,32
0,[],4,[],2019-07-27 18:18:05,0.0,0,0,7845545,2019-07-27 18:18:05,,0.0,0.0,0,,0.0,0.0,0.0,33
1,[],12,[],2019-03-30 07:55:10,40641173.964,0.00000003,0.000000000001228359,7108785,2019-03-30 07:55:10,btc,4233210.82356125,0.0,0.00000003,btc,28378394.68333462,0.0126927883965248,0.90752895892,33
0.0000000000934567,[],4,[],2019-07-27 18:18:07,27122947.36923214,3.8317247000000005e-17,3.6265626643879e-21,7845546,2019-07-27 18:18:07,ltc,5.0841878950101815,0.0,0.00000041,ltc,173526043.49271256,0.0,2.915363964110587e-10,34
1,[],5,[],2019-07-06 02:03:46,0.0,0,0,7800811,2019-07-06 02:03:46,btc,0.0,0.0,0,btc,0.0,0.0,0.0,34
0,[],4,[],2019-07-11 00:07:02,0.0,0,0,7801420,2019-07-11 00:07:02,,3.68295914902898e-08,0.0,0,,6667385825.224262,0.0,0.0,36
0.0000000002385992,[],27,[],2019-07-11 00:09:09,11642390.307056,6.9193768e-17,8.4302504017872e-21,7801421,2019-07-11 00:09:09,eth,1120.18186,0.0,0.00000029,"ltc,eth",2270631.0,0.0,1.3601704595377105e-10,36
0.0000000002926451,[],17,[],2019-05-02 18:17:47,200000.0,2.9264510000000002e-18,1.596703856561e-22,7556430,2019-05-02 18:17:47,eth,0.20942468735267253,0.0,0.00000001,"btc,eth",1018272.20243647,0.0,5.852902e-13,36
1,[],5,[],2019-05-31 13:28:21,0.0,0,0,7717484,2019-05-31 13:28:21,btc,0.0,0.0,0,btc,0.0,0.0,0.0,36
1,[],17,[],2019-05-03 01:11:36,211752.74075282,0.00000025,0.000000000013700074999999998,7559074,2019-05-03 01:11:36,btc,0.055484923955058496,0.0,0.00000025,"btc,eth",1387.19918473,0.0,0.0005381851887916605,37
1,[],4,[],2019-07-27 18:18:08,12632469.01003011,0.00000009,0.000000000008518113,7845547,2019-07-27 18:18:08,btc,19772.366139750546,0.0,0.00000009,btc,1239105.33715263,0.05087268,0.2654893115990616,37
1,[],12,[],2019-07-27 18:18:09,10443982.01733335,0.00000008,0.000000000007571656,7845548,2019-07-27 18:18:09,btc,1675.6198620832113,0.0,0.00000008,btc,3017686.95648774,0.126602823882,0.2920605647200018,37
1,[],27,[],2019-07-27 18:20:15,10792.0,0.00000019,0.000000000017982683,7845549,2019-07-27 18:20:15,btc,22.62000024371233,0.0,0.00000019,btc,4248.824835,0.0,0.00164037,37
1,[],12,[],2019-07-27 18:20:17,203585.35503461,0.00000110000000000000005610204141526242693771564518101513385772705078125,0.00000000010411027,7845550,2019-07-27 18:20:17,btc,597.9479966903297,0.0,0.00000110000000000000005610204141526242693771564518101513385772705078125,btc,161554.47283609,0.039700660565,0.0483650104176276,42
0.00000000022009709999999998,[],27,[],2019-07-27 18:20:23,3000.0,2.200971e-17,2.083124409747e-21,7845551,2019-07-27 18:20:23,eth,0.001005,0.0,0.0000001,"btc,eth",3.0,0.0,6.602913e-14,42
1,[],5,[],2019-07-06 02:03:47,0.0,0,0,7800812,2019-07-06 02:03:47,btc,0.0,0.14382058,0,btc,0.0,0.0,0.0,42
1,[],12,[],2019-03-13 09:13:29,1112112.0,0.00000001,0.000000000000386531,6919902,2019-03-13 09:13:29,btc,29058.00478931866,0.0,0.00000001,btc,5967681.93306694,9.99000999e-07,0.01112112,43
1,[],5,[],2019-04-26 22:38:52,0.0,0,0,7474154,2019-04-26 22:38:52,btc,0.0,0.02638891,0,btc,0.0,0.0,0.0,43
0,[],17,[],2019-04-26 22:38:53,0.0,0,0,7474155,2019-04-26 22:38:53,btc,0.0,0.0,0,btc,0.0,0.0,0.0,43
1,[],12,[],2019-03-05 01:54:08,639326.02,0.00000004,0.000000000001486676,6845775,2019-03-05 01:54:08,btc,11116042.728239931,0.0,0.00000004,btc,1103841.4595604,0.0003330765234764,0.014975410599999999,44
0.0000000000934567,[],4,[],2019-07-27 18:20:23,107536694.23517177,2.8037010000000004e-17,2.6535824373570002e-21,7845552,2019-07-27 18:20:23,ltc,4276.729380871587,0.0,0.0000003,ltc,29975714.21432587,0.0,4.77554421273527e-10,49
0.0000000000934567,[],4,[],2019-07-27 18:20:24,307209802.71921676,2.2429608000000002e-17,2.1228659498856002e-21,7845553,2019-07-27 18:20:24,ltc,29941.044851284198,0.0,0.00000024,ltc,217685290.40288314,0.0001,1.6314407112559492e-09,52
0,[],22,[],2019-07-27 18:20:27,0.0,0,0,7845554,2019-07-27 18:20:27,,10289.74058841,0.0,0,,278058119.4566013,0.0,0.0,57
0,[],27,[],2019-07-27 18:20:32,0.0,0,0,7845555,2019-07-27 18:20:32,,0.0,0.0,0,"btc,eth",0.0,0.0,0.0,57
1,[],17,[],2019-05-03 01:12:09,1200000.0,0.0000000001,0.00000000000000548003,7559085,2019-05-03 01:12:09,btc,1e+24,0.0,0.0000000001,"btc,eth",39516342.31952568,0.0,0.00010000000058666061,58
0.0000000000934567,[],4,[],2019-07-27 18:20:33,755333029.5930946,9.345670000000001e-19,8.845274791190001e-23,7845556,2019-07-27 18:20:33,ltc,19.71041515127285,0.0,0.00000001,ltc,5445797160.16911,0.0,7.059093234677297e-10,58
1,[],12,[],2019-07-27 18:20:35,1111576013.2145119,0.0000000001,0.00000000000000946457,7845557,2019-07-27 18:20:35,btc,69200835.41792223,0.0,0.0000000001,btc,4275914217.1628733,0.006867494294,0.1111576013214512,58
0.0000000000827266,[],22,[],2019-07-27 18:22:38,126877.0,8.27266e-19,7.82971696562e-23,7845558,2019-07-27 18:22:38,XMR,68.17454206,0.0,0.00000001,XMR,9626402.6,0.0,0.00126877,58
0,[],22,[],2019-07-27 18:22:41,0.0,0,0,7845559,2019-07-27 18:22:41,,1000.95208651,0.0,0,,9038.133510458989,0.0,0.0,61
1,[],26,[],2019-07-27 18:22:41,0.0,0.00000013,0.000000000012303940999999999,7845560,2019-07-27 18:22:41,btc,0.0,0.0,0.00000013,btc,0.0,0.0,0.0,61
1,[],27,[],2019-07-27 18:22:48,8400.0,0.00000018,0.000000000017036226,7845561,2019-07-27 18:22:48,btc,1.97314195,0.0,0.00000018,"btc,eth",10936.9,0.0,0.001512,61
1,[],28,[],2019-07-27 18:22:49,40000.0,0.00000004,0.000000000003785828,7845562,2019-07-27 18:22:49,btc,0.242343945415105,291.0,0.00000004,btc,8016.46650005,0.0,0.001,61
1,[],5,[],2019-06-17 14:31:27,0.0,0,0,7740135,2019-06-17 14:31:27,btc,0.0,0.00079154,0,btc,0.0,0.0,0.0,61
1,[],4,[],2019-07-27 18:22:50,1391490.1486955,0.00000101,0.000000000095592157,7845563,2019-07-27 18:22:50,btc,7.402450583768739,0.0,0.00000101,btc,1528519.34468851,0.32381977,0.4613937413483678,67
0.0,[],25,[],2019-07-27 18:22:52,0.0,0,0,7845564,2019-07-27 18:22:52,,0.0,0.0,0.0,btc,0.0,0.0,0.0,67
1,[],12,[],2019-06-02 06:23:14,910048.355,0.00000006,0.000000000005154929999999999,7725270,2019-06-02 06:23:14,btc,5.167005424215783,0.0,0.00000006,btc,738530.60239759,0.003159757462,0.0187188113,71
,[],5,[],2018-11-20 23:02:39,1.5e-07,0.00000005,0.000000000002128045,4862160,2018-11-20 23:02:39,btc,2.84511358,0.0,,btc,0.00036572,0.0,0.07381892,74
1,[],5,[],2019-07-06 00:15:01,0.0,0,0,7800749,2019-07-06 00:15:01,btc,0.0,0.01883861,0,btc,0.0,0.0,0.0,75
0,[],4,[],2019-07-10 21:51:38,0.0,0,0,7800925,2019-07-10 21:51:38,,581890.2410093442,0.0,0,,38279594.33970312,0.0,0.0,81
0,[],20,[],2019-01-25 09:30:31,0.0,0,0,6495923,2019-01-25 09:30:31,btc,0.0,0.0,0,btc,0.0,0.0,0.0,81
1,[],4,[],2019-07-27 18:22:54,245772.0155156,0.00006980,0.0000000066062698599999996,7845565,2019-07-27 18:22:54,btc,58.54071330925264,0.0,0.00006980,btc,124987.06003648,0.03544278,0.337734996002687,82
1,[],21,[],2019-07-27 18:22:55,339290.98328592,0.00007050000000000000602122518512,0.00000000667252185,7845566,2019-07-27 18:22:55,btc,4.727497196572651,2021.92429906,0.00007050000000000000602122518511549742470378987491130828857421875,btc,47182.53963101,0.13677392,2.0447457616198905,82
0,[],17,[],2019-03-25 22:42:34,0.0,0,0,7038780,2019-03-25 22:42:34,btc,0.0445064681804024,0.0,0,btc,995513.18476001,0.0,0.0,84
0,[],4,[],2019-07-23 20:51:52,0.0,0,0,7830376,2019-07-23 20:51:52,,1.6413985531662756,0.0,0,,620289065.5915176,0.0,0.0,85
,[],22,[],2018-11-20 23:09:34,3408.1,0.0000001,0.0000000000041895,4862324,2018-11-20 23:09:34,BTC,0.04624735,0.0,,BTC,4990.0,0.0,0.00033081,86
1,[],22,[],2019-07-27 18:22:58,14000.0,0.00000001,0.000000000000946457,7845567,2019-07-27 18:22:58,BTC,1.88751197,0.0,0.00000001,BTC,687487.6140350878,0.0,0.00014,87
1,[],27,[],2019-07-27 18:23:04,10000.0,0.00000001,0.000000000000946457,7845568,2019-07-27 18:23:04,btc,4.772533202774,0.0,0.00000001,btc,280392.29336,0.0,0.0001,87
,[],2,[],2018-11-20 23:10:47,0.0,0,0,4862359,2018-11-20 23:10:47,,0.0,0.0,,,0.0,0.0,0.0,88
1,[],11,[],2019-07-13 06:40:01,299353.97557583,0.0000369999999999999981139219007442164866006351076066493988037109375,0.0000000043049315,7811813,2019-07-13 06:40:01,btc,156.70253706438987,1923.2,0.0000369999999999999981139219007442164866006351076066493988037109375,btc,146186.36192325,0.0,0.8075395878505254,89
0,[],2,[],2019-01-20 23:31:45,0.0,0,0,6477083,2019-01-20 23:31:45,,0.0,0.0,0,,0.0,0.0,0.0,91
1,[],12,[],2019-07-27 10:20:53,364410.6150406,0.00000043,0.000000000043171742,7844478,2019-07-27 10:20:53,btc,434.499999158547,0.0,0.00000043,btc,259829.00383837,6.344205e-06,0.0224800136538325,91
1,[],22,[],2019-07-27 10:22:56,75900.0,0.00000001,0.0000000000010039940000000001,7844479,2019-07-27 10:22:56,BTC,0.495,0.0,0.00000001,"BTC,LTC",4.95,0.0,0.001659,91
0,[],17,[],2019-05-03 01:12:26,0.0,0,0,7559096,2019-05-03 01:12:26,btc,0.0,0.0,0,btc,0.0,0.0,0.0,91
1,[],22,[],2019-07-10 21:56:00,91614.0,0.00000002,0.000000000002352202,7800934,2019-07-10 21:56:00,BTC,11.8980079,0.0,0.00000002,"BTC,LTC",347503.789747713,0.0,0.06622228,95
0,[],17,[],2019-05-03 01:12:32,0.0,0,0,7559100,2019-05-03 01:12:32,btc,0.0,0.0,0,btc,0.0,0.0,0.0,96
0.0000000000934567,[],4,[],2019-07-27 18:23:05,540661083.0761511,3.4578979000000003e-17,3.2727516727403e-21,7845569,2019-07-27 18:23:05,ltc,11.63948727317915,0.0,0.00000037,ltc,170998529.99946204,0.0,6.222681684729746e-10,96
0,[],12,[],2019-07-27 18:23:07,0.0,0,0,7845570,2019-07-27 18:23:07,btc,38.29990058563437,0.0,0,btc,13431515.563436551,1.998e-08,0.0,96
0,[],2,[],2019-01-20 23:23:55,0.0,0,0,6476914,2019-01-20 23:23:55,,0.0,0.0,0,,0.0,0.0,0.0,100
1,[],4,[],2019-07-27 18:25:07,166399.88707724,0.00002380,0.00000000225256766,7845571,2019-07-27 18:25:07,btc,9.150633177121042,0.0,0.00002380,btc,179931.63502103,0.38030519,1.2734697068333627,100
1,[],22,[],2019-07-27 18:25:10,146000.0,0.00000002,0.000000000001892914,7845572,2019-07-27 18:25:10,BTC,26.50623849,0.0,0.00000002,BTC,10383.92,0.0,0.00162,101
1,[],4,[],2019-07-16 14:33:47,547933.05083038,0.00000126,0.000000000131120388,7825334,2019-07-16 14:33:47,btc,634.8524452924697,0.0,0.00000126,btc,812393.56021757,0.00301441,0.079245871140487,103
1,[],12,[],2019-07-27 18:25:12,60918199.0,0.000000003,0.0000000000002839371,7845573,2019-07-27 18:25:12,btc,349573.14057682565,0.0,0.000000003,btc,123536080.74296042,0.000566875719,0.108121373,105
0,[],27,[],2019-07-27 18:25:18,0.0,0,0,7845574,2019-07-27 18:25:18,,206.64661065858704,0.0,0,btc,2059405.91301344,0.0,0.0,105
1,[],22,[],2019-07-10 21:58:18,21333.0,0.00000001,0.000000000001176101,7800942,2019-07-10 21:58:18,BTC,51.38182867,0.0,0.00000001,BTC,470435.0,0.0,0.00021333,107
1,[],26,[],2019-07-10 21:58:18,0.0,0.00000000,0,7800943,2019-07-10 21:58:18,btc,0.0,0.0,0.00000000,btc,0.0,0.0,0.0,107
1,[],5,[],2019-07-06 00:19:31,0.0,0,0,7800761,2019-07-06 00:19:31,btc,0.0,0.0,0,btc,0.0,0.0,0.0,112
0,[],22,[],2019-07-27 18:25:21,0.0,0,0,7845575,2019-07-27 18:25:21,,6.79500102,0.0,0,,3375892.0833333335,0.0,0.0,112
1,[],27,[],2019-07-27 18:25:38,1.0,0.00000001,0.000000000000946457,7845576,2019-07-27 18:25:38,btc,0.0,0.0,0.00000001,"btc,eth",0.0,0.0,1e-08,112
1,[],5,[],2019-07-06 00:19:43,0.0,0,0,7800765,2019-07-06 00:19:43,btc,0.0,0.0,0,btc,0.0,0.0,0.0,113
1,[],4,[],2019-07-27 18:25:40,827945.66967552,0.00000090,0.00000000008518113,7845577,2019-07-27 18:25:40,btc,9.892586841788503,0.0,0.00000090,btc,1059271.1104772,0.07587046,0.117245983977902,113
1,[],17,[],2019-04-26 02:17:47,162738.278,0.00000004,0.0000000000021069000000000002,7461287,2019-04-26 02:17:47,btc,1.3331140273775473,0.0,0.00000004,btc,51796.221,0.0,0.00230953112,116
1,[],27,[],2019-07-27 18:27:49,95525.16595526,0.00000001,0.000000000000946457,7845578,2019-07-27 18:27:49,btc,3918.96495209,0.0,0.00000001,btc,92497.69,0.0,0.0009552516595526,116
1,[],4,[],2019-07-18 16:30:54,1315571.55655546,0.00000231,0.000000000240609138,7830151,2019-07-18 16:30:54,btc,97.45214423295644,0.0,0.00000231,btc,453338.25653217,0.02253203,0.1939949889478389,120
1,[],7,[],2019-07-18 16:30:55,3748.91566159,0.0000075000000000000001900064307280846520598061033524572849273681640625,0.0000000007811985,7830152,2019-07-18 16:30:55,btc,231231.56046533308,193.90926286,0.0000075000000000000001900064307280846520598061033524572849273681640625,btc,4437.92755754,0.00147798,0.008882383768671,120
1,[],20,[],2019-04-07 18:42:29,1914137.0852,0.000000035,0.0000000000017871910000000002,7211992,2019-04-07 18:42:29,btc,32.2497668025648,25528.85,0.000000035,btc,1001975.4986,0.00089350975,0.0152723574729,125
1,[],22,[],2019-06-17 14:32:38,10000.0,0.00000001,0.00000000000092914,7740161,2019-06-17 14:32:38,BTC,0.032061,0.0,0.00000001,BTC,299316.7611111111,0.0,0.0001,126
0,[],2,[],2019-01-20 23:25:46,0.0,0,0,6476969,2019-01-20 23:25:46,,0.0,0.0,0,,0.0,0.0,0.0,131
1,[],17,[],2019-05-03 01:13:10,10000.0,0.00000001,0.000000000000548003,7559115,2019-05-03 01:13:10,btc,0.0953976503951408,0.0,0.00000001,btc,5037.62507334,0.0,0.0001,131
1,[],4,[],2019-07-27 18:27:51,316709.6027061,0.00000363,0.000000000343563891,7845579,2019-07-27 18:27:51,btc,2.6223665500756046,0.0,0.00000363,btc,224727.66297354,0.27509898,0.3446177000581468,131
1,[],4,[],2019-07-27 18:29:51,8642.42767428,0.00006508,0.000000006159542156,7845580,2019-07-27 18:29:51,btc,0.5191314342380282,0.0,0.00006508,btc,237.27081697,0.00015975,0.005267253898994,135
1,[],3,[],2019-07-13 16:51:20,187.26592867,0.00000001,0.000000000001140965,7813490,2019-07-13 16:51:20,btc,419.77407087449336,1935513.62324,0.00000001,btc,3179086.72005867,0.0,1.8726592866999999e-06,136
1,[],4,[],2019-07-27 18:29:53,567354.71403586,0.00000249,0.000000000235667793,7845581,2019-07-27 18:29:53,btc,26.3138365571687,0.0,0.00000249,btc,841521.03844955,0.15907343,0.5342226000978074,137
1,[],12,[],2019-07-27 18:29:54,132559.66472299,0.00000246000000000000016396606294932780656381510198116302490234375,0.00000000023282842200000002,7845582,2019-07-27 18:29:54,btc,179841.6085656943,0.0,0.00000246000000000000016396606294932780656381510198116302490234375,btc,56726.0284836,0.001836403724,0.0092747533379866,137
1,[],4,[],2019-07-27 18:29:55,499884.18955089,0.00007103,0.000000006722684071,7845583,2019-07-27 18:29:55,btc,56.0543739307942,0.0,0.00007103,btc,123185.04614593,8.31440372,6.944586678704077,142
1,[],20,[],2019-07-27 18:31:58,111587.3286,0.00006196,0.000000005864247572,7845584,2019-07-27 18:31:58,btc,1.0434569093924,33.562,0.00006196,btc,40.3779,0.0015585477714,0.0268243542178,142
1,[],22,[],2019-07-27 18:32:01,10619.88,0.00000200,0.0000000001892914,7845585,2019-07-27 18:32:01,BTC,1.55898515,0.0,0.00000200,BTC,835.8398331062671,0.0,0.00416696,142
1,[],17,[],2019-05-03 01:13:16,32967.38636364,0.00000088,0.000000000048224264,7559122,2019-05-03 01:13:16,btc,20.06976206696776,0.0,0.00000088,btc,2746.079105,0.0,0.0105613000000032,142
0.0,[],25,[],2019-07-27 18:32:06,0.0,0,0,7845586,2019-07-27 18:32:06,,0.0,0.0,0.0,btc,0.0,0.0,0.0,142
1,[],28,[],2019-07-27 18:32:07,10097131.0,0.000058000000,0.0000000054894506,7845587,2019-07-27 18:32:07,btc,0.52679202,3482.0,0.000058000000,btc,1559.485,0.0,1.4793672,142
1,[],5,[],2019-07-06 02:06:10,0.0,0,0,7800822,2019-07-06 02:06:10,btc,0.0,0.00140707,0,btc,0.0,0.0,0.0,142
0,[],22,[],2019-07-27 18:32:10,0.0,0,0,7845588,2019-07-27 18:32:10,,68.35849183,0.0,0,,759882689.3744589,0.0,0.0,143
0,[],22,[],2019-02-25 15:42:22,0.0,0,0,6783783,2019-02-25 15:42:22,,4.2131946,0.0,0,,2322156.0,0.0,0.0,146
,[],22,[],2018-11-20 23:01:11,0.0,0,0,4862114,2018-11-20 23:01:11,,2.56807021,0.0,,,61828.4988236,0.0,0.0,147
1,[],12,[],2019-04-21 06:38:04,193091.5971266,0.00000071,0.000000000037635183,7388679,2019-04-21 06:38:04,btc,2.301232411611175,0.0,0.00000071,btc,9957.48302385,0.00023528,0.0313308199999888,148
1,[],4,[],2019-03-19 21:31:25,255810.0415942,0.00000029,0.000000000011615747,6982695,2019-03-19 21:31:25,btc,218.94922712414143,0.0,0.00000029,btc,793529.37642722,0.00117,0.0608347789473395,152
0,[],22,[],2019-03-19 21:31:27,0.0,0,0,6982696,2019-03-19 21:31:27,,0.0,0.0,0,,0.0,0.0,0.0,152
1,[],5,[],2019-04-26 09:36:59,0.0,0,0,7465040,2019-04-26 09:36:59,btc,0.0,0.0,0,btc,0.0,0.0,0.0,153
,[],16,[],2019-01-11 15:38:59,0.0,0,0,6366141,2019-01-11 15:38:59,btc,0.0,0.0,,btc,0.0,0.0,0.0,155
0,[],23,[],2019-01-20 23:24:29,0.0,0,0,6476932,2019-01-20 23:24:29,,0.0,0.0,0,,0.0,0.0,0.0,156
0,[],22,[],2019-07-27 18:32:14,0.0,0,0,7845589,2019-07-27 18:32:14,,7.42843365,0.0,0,,5840816.592592592,0.0,0.0,156
1,[],22,[],2019-07-27 18:32:18,6996.0,0.00000001,0.000000000000946457,7845590,2019-07-27 18:32:18,BTC,1.7543039,0.0,0.00000001,BTC,57.0,0.0,6.996e-05,157
0,[],22,[],2019-07-23 20:07:56,0.0,0,0,7830260,2019-07-23 20:07:56,,50234.60468402,0.0,0,,54786159.03179465,0.0,0.0,158
,[],17,[],2018-11-20 22:56:10,0.0,0,0,4861976,2018-11-20 22:56:10,btc,1.1265625,0.0,,btc,1000.0,0.0,0.0,159
,[],20,[],2018-11-20 22:56:12,0.0,0,0,4861977,2018-11-20 22:56:12,btc,11912.7940471,0.0,,btc,34413894.3617,0.0,0.0,159
1,[],12,[],2019-07-10 22:05:17,232905.70345548,0.0000063199999999999996293047720141711209862478426657617092132568359375,0.000000000743295832,7800964,2019-07-10 22:05:17,btc,9.923963040252861,0.0,0.0000063199999999999996293047720141711209862478426657617092132568359375,btc,15215.45465465,0.0062861,0.033379940599723996,168
1,[],17,[],2019-05-03 01:13:36,42852.0,0.00000002,0.000000000001096006,7559132,2019-05-03 01:13:36,btc,0.04279856251542,0.0,0.00000002,btc,274.46171372,0.0,0.00052852,168
1,[],22,[],2019-05-17 03:01:52,10.0,0.00000001,0.000000000000778341,7642059,2019-05-17 03:01:52,BTC,41.95893009,0.0,0.00000001,BTC,1753972.7737547632,0.0,1e-07,169
1,[],22,[],2019-07-27 18:34:19,71174.0,0.00000001,0.000000000000946457,7845591,2019-07-27 18:34:19,BTC,27.84410593,0.0,0.00000001,BTC,321027.3494737184,0.0,0.00090174,171
1,[],22,[],2019-07-27 18:34:23,385142.0,0.00000001,0.000000000000946457,7845592,2019-07-27 18:34:23,BTC,21.26036954,0.0,0.00000001,"BTC,LTC",1454288.186938432,0.00013235,0.01381344,173
1,[],5,[],2019-07-06 02:08:45,0.0,0,0,7800830,2019-07-06 02:08:45,btc,0.0,0.00700197,0,btc,0.0,0.0,0.0,175
1,[],22,[],2019-07-25 12:34:58,8535.0,0.00000001,0.000000000001008706,7836984,2019-07-25 12:34:58,BTC,393.97654772,0.0,0.00000001,BTC,136275.61833431243,1.465e-05,8.535e-05,176
1,[],7,[],2019-07-01 10:15:32,0.0,0,0,7783526,2019-07-01 10:15:32,btc,521516.2326888725,0.0,0,btc,26809253.73522063,0.0,0.0,178
0,[],2,[],2019-01-20 23:28:34,0.0,0,0,6477001,2019-01-20 23:28:34,,0.0,0.0,0,,0.0,0.0,0.0,178
1,[],22,[],2019-07-27 18:35:06,30.0,0.00000001,0.000000000000946457,7845593,2019-07-27 18:35:06,BTC,1.00205534,0.0,0.00000001,BTC,62828.0,0.0,3e-07,178
1,[],5,[],2019-07-06 02:08:50,0.0,0,0,7800832,2019-07-06 02:08:50,btc,0.0,6.904e-05,0,btc,0.0,0.0,0.0,179
0,[],23,[],2019-01-20 23:25:08,0.0,0,0,6476952,2019-01-20 23:25:08,,0.0,0.0,0,,0.0,0.0,0.0,179
0,[],22,[],2019-07-27 18:35:09,0.0,0,0,7845594,2019-07-27 18:35:09,,10.34025229,0.0,0,,15169064.571946677,0.0,0.0,179
1,[],22,[],2019-07-27 18:37:12,800277.5285851151,0.00000064,0.000000000060573248,7845595,2019-07-27 18:37:12,BTC,2.95724743,0.0,0.00000064,"BTC,LTC",218330.54229327562,0.0,0.61457975,180
1,[],26,[],2019-07-27 18:37:12,0.0,0.00000010,0.00000000000946457,7845596,2019-07-27 18:37:12,btc,0.0,0.0,0.00000010,btc,0.0,0.0,0.0,180
1,[],17,[],2019-05-03 01:13:56,20504.725000000002,0.0000001,0.00000000000548003,7559141,2019-05-03 01:13:56,btc,5.2010695838400265,0.0,0.0000001,btc,5033.45945,0.0,0.0011504725,180
,[],7,[],2018-11-20 22:58:01,562227.975654,0.00000085,0.000000000036176765,4862015,2018-11-20 22:58:01,btc,21836.6059674,2491.87645172,,btc,749999.041456,0.00211021,0.127565380455,183
,[],5,[],2019-01-10 08:11:41,0.0,0,0,6347036,2019-01-10 08:11:41,btc,82.15055501,0.00261,,btc,1.19002445,0.0,0.0,187
,[],17,[],2018-11-16 20:58:10,4062536.27273,0.00000001,0.000000000000550501,4708775,2018-11-16 20:58:10,btc,3.36492563466,0.195460381006,,"btc,eth",110697919.549,0.0,0.0157628953496,187
1,[],24,[],2019-05-22 21:04:52,0.0,0.000000000014,0.0000000000000010960978,7670219,2019-05-22 21:04:52,btc,0.0,0.0,0.000000000014,btc,0.0,0.0,0.0,187
0,[],22,[],2019-07-13 22:02:15,0.0,0,0,7814314,2019-07-13 22:02:15,,7.54794454,0.0,0,,76361.7243344055,0.0,0.0,191
0,[],22,[],2019-06-17 14:33:34,0.0,0,0,7740182,2019-06-17 14:33:34,,0.0,0.0,0,,0.0,0.0,0.0,197
0,[],23,[],2019-01-20 23:31:41,0.0,0,0,6477079,2019-01-20 23:31:41,,0.0,0.0,0,,0.0,0.0,0.0,199
0,[],22,[],2019-07-27 18:37:16,0.0,0,0,7845597,2019-07-27 18:37:16,,12.82588123,0.0,0,,106829450.5,0.0,0.0,199
1,[],26,[],2019-07-27 18:37:17,0.0,0.00000000,0,7845598,2019-07-27 18:37:17,btc,0.0,0.0,0.00000000,btc,0.0,0.0,0.0,199
0,[],2,[],2019-01-20 23:30:49,0.0,0,0,6477059,2019-01-20 23:30:49,,0.0,0.0,0,,0.0,0.0,0.0,201
1,[],4,[],2019-01-25 15:51:35,2084389.58565343,0.00000936,0.000000000333526752,6499557,2019-01-25 15:51:35,btc,2.0092503037378524,0.0,0.00000936,btc,160195.80207885,0.19272417,1.242687955921835,211
1,[],7,[],2019-07-01 02:21:28,1170054124.6898527,0.00000018,0.000000000019815389999999997,7782694,2019-07-01 02:21:28,btc,1346735.6331920293,0.0,0.00000018,btc,5516233.71348162,0.0,11.954344045954047,212
1,[],12,[],2019-01-25 02:44:32,207462.42853209,0.000001080000000000000035831255497387193287295303889550268650054931640625,0.000000000038610756000000006,6493050,2019-01-25 02:44:32,btc,85023.03793723314,0.0,0.000001080000000000000035831255497387193287295303889550268650054931640625,btc,43675.73520027,0.000146250909087,0.0348620860622024,213
1,[],24,[],2019-07-14 17:01:36,0.0,0.000000200000,0.00000000002082346,7817375,2019-07-14 17:01:36,btc,0.0,0.0,0.000000200000,btc,0.0,0.0,0.0,213
1,[],26,[],2019-07-14 17:01:36,0.0,0.00000040,0.00000000004164692,7817376,2019-07-14 17:01:36,btc,0.0,0.0,0.00000040,btc,0.0,0.0,0.0,213
1,[],5,[],2019-05-30 00:07:46,0.0,0,0,7709357,2019-05-30 00:07:46,btc,0.0,0.06425239,0,btc,0.0,0.0,0.0,213
0,[],22,[],2019-07-27 18:39:22,0.0,0,0,7845599,2019-07-27 18:39:22,,7.74540244,0.0,0,,3656570.114064925,0.0,0.0,216
0,[],27,[],2019-07-27 18:39:27,0.0,0,0,7845600,2019-07-27 18:39:27,,174.0227896140976,0.0,0,"btc,ltc",454707.12534794,0.0,0.0,216
1,[],22,[],2019-07-27 18:39:31,1170667.4722222222,0.00000012,0.000000000011357484,7845601,2019-07-27 18:39:31,BTC,12055.84545864,0.0,0.00000012,BTC,569195.8833317582,0.0,0.0344913,217
1,[],7,[],2019-06-27 19:02:35,0.0,0,0,7772298,2019-06-27 19:02:35,btc,2123800.2774640615,0.0,0,btc,82333746.4752352,0.0,0.0,219
0,[],27,[],2019-07-27 16:54:49,0.0,0,0,7845293,2019-07-27 16:54:49,,250.20903224,0.0,0,btc,46758.85,0.0,0.0,219
0,[],28,[],2019-07-27 16:55:20,0.0,0,0,7845294,2019-07-27 16:55:20,,0.0,0.0,0,,0.0,0.0,0.0,219
0,[],22,[],2019-07-23 20:11:38,0.0,0,0,7830275,2019-07-23 20:11:38,,57.73116496,0.0,0,,182427.70709740353,0.0,0.0,221
1,[],24,[],2019-07-23 20:11:38,0.0,0.000000010000,0.0000000000010165440000000001,7830276,2019-07-23 20:11:38,btc,0.0,0.0,0.000000010000,btc,0.0,0.0,0.0,221
1,[],20,[],2019-06-17 14:34:11,26882155.8301,0.000000003,0.000000000000278742,7740192,2019-06-17 14:34:11,btc,100050.81956632523,233521.3529,0.000000003,btc,38769742.8604,0.0007925640587,0.0306863532672,224
0,[],22,[],2019-06-17 14:34:13,0.0,0,0,7740193,2019-06-17 14:34:13,,0.0,0.0,0,,0.0,0.0,0.0,224
1,[],26,[],2019-07-27 18:39:31,0.0,0.00000022,0.000000000020822054,7845602,2019-07-27 18:39:31,btc,0.0,0.0,0.00000022,btc,0.0,0.0,0.0,231
1,[],26,[],2019-07-27 18:39:32,0.0,0.00000008,0.000000000007571656,7845603,2019-07-27 18:39:32,btc,0.0,0.0,0.00000008,btc,0.0,0.0,0.0,234
0.00000000022009709999999998,[],27,[],2019-07-27 18:39:46,100.0,2.200971e-18,2.083124409747e-22,7845604,2019-07-27 18:39:46,eth,0.0,0.0,0.00000001,"btc,eth",0.0,0.0,2.200971e-16,234
1,[],5,[],2019-07-06 02:11:21,0.0,0,0,7800842,2019-07-06 02:11:21,btc,0.0,0.10652887,0,btc,0.0,0.0,0.0,237
1,[],20,[],2019-07-27 18:39:49,60100580.7426,0.000000047,0.0000000000044483479,7845605,2019-07-27 18:39:49,btc,517.8281504588394,11021553.5085,0.000000047,btc,37346430.3528,0.525778402319,0.4090537589424,237
1,[],22,[],2019-07-27 18:39:53,2167650.0,0.00000006,0.000000000005678742,7845606,2019-07-27 18:39:53,BTC,1.20109922,0.0,0.00000006,"BTC,LTC",14430.948717948719,0.0,0.02730834,237
1,[],5,[],2019-07-06 02:11:32,0.0,0,0,7800846,2019-07-06 02:11:32,btc,0.0,0.05525444,0,btc,0.0,0.0,0.0,238
1,[],4,[],2019-07-27 18:39:54,29815722.98412288,0.00000007,0.000000000006625199,7845607,2019-07-27 18:39:54,btc,2.4959977203673986,0.0,0.00000007,btc,12013864.53816858,0.05953159,0.7261988117099251,238
0.0000000000932996,[],22,[],2019-07-27 07:06:26,419253.0,9.32996e-19,9.392106863560001e-23,7844096,2019-07-27 07:06:26,LTC,0.40427224,0.0,0.00000001,LTC,496363.0639027493,0.0,0.00419253,249
0,[],22,[],2019-07-23 20:11:58,0.0,0,0,7830284,2019-07-23 20:11:58,,13.44711564,0.0,0,,43776457.3426455,0.0,0.0,252
1,[],28,[],2019-07-27 18:39:56,1853208.906,0.00000011,0.000000000010411027,7845608,2019-07-27 18:39:56,btc,207.605274645873,306938.27,0.00000011,btc,3622455.1484,0.0,0.11001390252,256
0.0000000000916764,[],22,[],2019-07-23 20:12:22,1517.0,9.16764e-19,9.31930943616e-23,7830286,2019-07-23 20:12:22,LTC,31474.63788373,0.0,0.00000001,LTC,1024398.9185893413,0.0,1.517e-05,258
1,[],22,[],2019-05-19 18:12:02,400.0,0.00000001,0.0000000000007957800000000001,7653905,2019-05-19 18:12:02,BTC,2.415167,0.0,0.00000001,BTC,157.0,0.0,4e-06,259
1,[],5,[],2019-07-02 14:44:15,0.0,0,0,7788374,2019-07-02 14:44:15,btc,0.0,0.02775788,0,btc,0.0,0.0,0.0,264
1,[],20,[],2019-07-27 18:39:59,989213.9434,0.000000231,0.0000000000218631567,7845609,2019-07-27 18:39:59,btc,0.523774605231,52358.3857,0.000000231,btc,43779.7897,0.0143985560675,0.0066334603269,264
0,[],22,[],2019-04-12 17:57:27,0.0,0,0,7278186,2019-04-12 17:57:27,,66.37522201,0.0,0,,677842.4169881374,0.0,0.0,271
0,[],22,[],2019-07-27 18:40:02,0.0,0,0,7845610,2019-07-27 18:40:02,,33050469.74148113,0.0,0,,14261527780.7,0.0,0.0,272
0.0000000000000029410000000000003,[],28,[],2019-07-27 18:40:03,331595673458.875,2.3528000000000004e-22,2.2268240296e-26,7845611,2019-07-27 18:40:03,doge,159818059587.7484,3576479518.3907,0.00000008,doge,91423323326.595,0.0,3.0196603848404064e-11,272
1,[],22,[],2019-05-23 07:12:29,219930.0,0.00000004,0.000000000003048688,7671985,2019-05-23 07:12:29,BTC,426.77835217,0.0,0.00000004,BTC,248664.3325962929,0.0,0.00739728,281
1,[],22,[],2019-07-23 20:12:52,672850.9,0.00000002,0.0000000000020330880000000002,7830290,2019-07-23 20:12:52,BTC,26.73750817,0.0,0.00000002,"BTC,LTC",1207871.5684827343,0.0004207,0.01909618,286
0,[],22,[],2019-07-12 21:46:03,0.0,0,0,7810176,2019-07-12 21:46:03,,7337942.20855518,0.0,0,,2077158967.6797826,0.0,0.0,294
