pairValue,buyBook,exchangeId,sellBook,updated,buyTotal,satoshiPrice,usdPrice,exchangeLogId,created,bestPair,sellTotalBtc,volume,pairPrice,activePairs,sellTotal,volumeBtc,buyTotalBtc,coinId
0,[],2,[],2019-01-20 23:28:45,0.0,0,0,6477011,2019-01-20 23:28:45,,0.0,0.0,0,,0.0,0.0,0.0,1
1,[],3,[],2019-06-02 20:01:56,31471.414333738867,0.01069456000000000052418958063071841024793684482574462890625,0.0000009284717544319999,7727841,2019-06-02 20:01:56,btc,7.955361574478436,41.3779488665,0.01069456000000000052418958063071841024793684482574462890625,btc,23.830060510564,0.0,0.30278837304407835,1
1,[],4,[],2019-06-02 20:01:57,207698.32812809,0.01087702,0.0000009443124207439999,7727842,2019-06-02 20:01:57,btc,7.735820116855667,0.0,0.01087702,btc,310.99546487,0.76952294,0.7022136723434098,1
1,[],5,[],2019-06-02 20:01:59,0.0,0,0,7727843,2019-06-02 20:01:59,btc,0.0,0.02276292,0,btc,0.0,0.0,0.0,1
1,[],10,[],2019-06-02 20:02:01,312461.2203938,0.00746026,0.0000006476788844719999,7727844,2019-06-02 20:02:01,btc,6519.8683254927455,1681.1767314,0.00746026,btc,1218.79980952,0.0,2.3653006376520764,1
1,[],12,[],2019-06-02 20:02:04,76.00796387,0.01093000000000000047906123512575504719279706478118896484375,0.000000948911996,7727845,2019-06-02 20:02:04,btc,0.1388559408417,0.0,0.01093000000000000047906123512575504719279706478118896484375,btc,11.977583,0.089281650337,0.3002152123305,1
1,[],20,[],2019-06-02 20:02:06,934.2603,0.00921,0.000000799586412,7727846,2019-06-02 20:02:06,btc,0.2248048249409,0.0945,0.00921,btc,17.4559,0.001020599055,0.1006508949004,1
1,[],21,[],2019-06-02 20:02:08,1952.02974108,0.01087645999999999925356153341,0.0000009442638031119999,7727847,2019-06-02 20:02:08,btc,9.836542166948432,6353.39897844,0.01087645999999999925356153340771925286389887332916259765625,"btc,eth",1282.45778341,68.37130558924754,17.866773141399754,1
1,[],22,[],2019-06-02 20:02:12,0.0025666666666666667,0.00900000,0.0000007813548,7727848,2019-06-02 20:02:12,BTC,0.31629903,0.0,0.00900000,BTC,0.2505752479991019,0.0,2.31e-05,1
1,[],24,[],2019-06-02 20:02:13,0.0,0.000000000000,0,7727849,2019-06-02 20:02:13,btc,0.0,0.0,0.000000000000,btc,0.0,0.0,0.0,1
0.0,[],25,[],2019-06-02 20:02:14,0.0,0,0,7727850,2019-06-02 20:02:14,btc,42.714999998642526,8000.54875823,0.0,btc,3844.36037452,88.0,0.0,1
1,[],26,[],2019-06-02 20:02:16,0.0,0,0,7727851,2019-06-02 20:02:16,,0.0,0.0,0,,0.0,0.0,0.0,1
0,[],28,[],2019-06-02 20:02:18,0.0,0,0,7727852,2019-06-02 20:02:18,,0.0,304394.7,0,,0.0,0.0,0.0,1
1,[],5,[],2019-06-02 20:02:19,0.0,0,0,7727853,2019-06-02 20:02:19,btc,0.0,3.727e-05,0,btc,0.0,0.0,0.0,2
1,[],22,[],2019-06-02 20:02:23,11638.0,0.0000002,0.00000000001736344,7727854,2019-06-02 20:02:23,BTC,21.00897301,0.0,0.0000002,"BTC,XMR",20678.87287795317,0.0,0.00145435,2
1,[],5,[],2019-06-02 20:02:25,0.0,0,0,7727855,2019-06-02 20:02:25,btc,0.0,0.0443673,0,btc,0.0,0.0,0.0,3
1,[],12,[],2019-06-02 20:02:26,3323319.70302,0.000000115,0.000000000009983978,7727856,2019-06-02 20:02:26,btc,169531.08080610805,0.0,0.000000115,btc,2595572.9125478,0.038821941598,0.32091813554428,3
0,[],28,[],2019-06-02 20:02:28,0.0,0,0,7727857,2019-06-02 20:02:28,,0.0,0.0,0,,0.0,0.0,0.0,3
0,[],2,[],2019-01-20 23:31:32,0.0,0,0,6477077,2019-01-20 23:31:32,,0.0,0.0,0,,0.0,0.0,0.0,4
1,[],4,[],2019-05-18 21:29:50,562734.9206932,0.00000010,0.000000000007298720000000001,7650946,2019-05-18 21:29:50,btc,41.9347137769675,0.0,0.00000010,btc,1123702.32192634,0.00052462,0.029254593370966,4
0,[],12,[],2019-06-02 05:03:43,0.0,0,0,7724919,2019-06-02 05:03:43,btc,625.901992874995,0.0,0,btc,1211362.4995005,0.0,0.0,5
0,[],2,[],2019-01-20 23:31:51,0.0,0,0,6477087,2019-01-20 23:31:51,,0.0,0.0,0,,0.0,0.0,0.0,6
1,[],11,[],2019-06-02 20:02:29,9185112.776736,0.00000003,0.0000000000026045159999999996,7727858,2019-06-02 20:02:29,btc,9582.823696002944,56335.0,0.00000003,btc,67435595.46260394,0.0,0.14039405276736,6
1,[],3,[],2019-06-02 20:02:30,13513.039303204116,0.000088889999999999997661037642870951458462513983249664306640625,0.000000007717180908,7727859,2019-06-02 20:02:30,btc,0.09360093141590667,362.367019599,0.000088889999999999997661037642870951458462513983249664306640625,btc,238.385531900151,0.0,0.023708640838278682,7
1,[],4,[],2019-06-02 20:02:31,323201.48614541,0.00008514,0.000000007391616408,7727860,2019-06-02 20:02:31,btc,9.110149757517,0.0,0.00008514,btc,58416.87508305,1.33115161,2.030462431033624,7
1,[],5,[],2019-06-02 20:02:32,0.0,0,0,7727861,2019-06-02 20:02:32,btc,0.0,0.27713848,0,btc,0.0,0.0,0.0,7
1,[],20,[],2019-04-07 22:06:50,3201475.0482,0.000000001,0.000000000000051590000000000004,7213932,2019-04-07 22:06:50,btc,30.8005781811902,0.0,0.000000001,btc,23077405.3926,0.0,0.0032014750482,8
0,[],2,[],2019-01-20 23:22:42,0.0,0,0,6476876,2019-01-20 23:22:42,,0.0,0.0,0,,0.0,0.0,0.0,9
0,[],23,[],2019-01-20 23:22:48,0.0,0,0,6476878,2019-01-20 23:22:48,,0.0,0.0,0,,0.0,0.0,0.0,9
1,[],1,[],2019-02-17 23:31:42,1822507.21,0.00000181000000000000003456111265232042484285557293333113193511962890625,0.000000000066086901,6701244,2019-02-17 23:31:42,btc,3.6990969245,17153386.5,0.00000181000000000000003456111265232042484285557293333113193511962890625,btc,1997391.71,31.11772986,3.2610482446,9
1,[],4,[],2019-06-02 20:02:34,2634007.98076548,0.00000046,0.000000000039935912,7727862,2019-06-02 20:02:34,btc,3.207662415419624,0.0,0.00000046,btc,3209941.91391142,0.2088675,0.3056604162264044,9
0,[],28,[],2019-06-02 20:02:36,0.0,0,0,7727863,2019-06-02 20:02:36,,0.0,3352626.0,0,,0.0,0.0,0.0,9
1,[],4,[],2019-02-17 11:22:43,4341674.27126056,0.00000002,0.0000000000007272960000000001,6696112,2019-02-17 11:22:43,btc,0.1997230937751353,0.0,0.00000002,btc,4109766.79808031,0.00215132,0.0479381022052112,10
0,[],2,[],2019-01-20 23:23:08,0.0,0,0,6476890,2019-01-20 23:23:08,,0.0,0.0,0,,0.0,0.0,0.0,12
1,[],4,[],2019-06-02 20:02:37,8237534.96366457,0.00000041,0.000000000035595052,7727864,2019-06-02 20:02:37,btc,4.836019711005179,0.0,0.00000041,btc,5340801.38132443,0.97359325,1.367920744918435,12
1,[],5,[],2019-06-02 20:02:38,0.0,0,0,7727865,2019-06-02 20:02:38,btc,0.0,0.222938,0,btc,0.0,0.0,0.0,12
0.0,[],25,[],2019-06-02 20:02:40,0.0,0,0,7727866,2019-06-02 20:02:40,,0.0,0.0,0.0,btc,0.0,0.0,0.0,12
1,[],4,[],2019-06-02 20:02:40,336189.33549223,0.00000570,0.0000000004948580399999999,7727867,2019-06-02 20:02:40,btc,1.735916074767757,0.0,0.00000570,btc,221608.93524111,0.66486991,0.4747376884790409,13
1,[],10,[],2019-06-02 20:02:43,649204.23087628,0.0000057,0.0000000004948580399999999,7727868,2019-06-02 20:02:43,btc,666803.2267241246,9066.51960399,0.0000057,btc,869693.67196887,0.0,0.219861069210571,13
1,[],21,[],2019-06-02 20:02:44,1691103.04467973,0.000005800000000000000372813759031,0.00000000050353976,7727869,2019-06-02 20:02:44,btc,4.257153061168204,1764740.42959096,0.000005800000000000000372813759030865554677802720107138156890869140625,btc,668903.38896899,10.41807006,7.04858957894954,13
1,[],26,[],2019-06-02 20:04:46,0.0,0.00000050,0.000000000043408599999999995,7727872,2019-06-02 20:04:46,btc,0.0,0.0,0.00000050,btc,0.0,0.0,0.0,14
0,[],17,[],2019-05-03 00:53:32,0.0,0,0,7558876,2019-05-03 00:53:32,btc,0.0,0.0,0,btc,0.0,0.0,0.0,14
1,[],4,[],2019-06-02 20:02:45,924155.43317294,0.00000077,0.000000000066849244,7727870,2019-06-02 20:02:45,btc,4.365323391790803,0.0,0.00000077,btc,844311.30048637,0.00209259,0.0904927687814612,14
1,[],12,[],2019-06-02 20:02:46,137086.81587954,0.00000073,0.000000000063376556,7727871,2019-06-02 20:02:46,btc,14.134675981578326,0.0,0.00000073,btc,22116.65275591,2.547453e-06,0.0160643199999659,14
0,[],4,[],2019-06-02 20:04:47,0.0,0,0,7727873,2019-06-02 20:04:47,,0.0,0.0,0,,0.0,0.0,0.0,15
,[],12,[],2018-12-01 15:15:48,204241.84496,0.00000489,0.000000000202473384,5260204,2018-12-01 15:15:48,btc,49.5475654835,0.0,,btc,35763.2193806,0.0163153972027625,0.0203389899998,15
1,[],4,[],2019-06-02 20:04:49,33998.83111552,0.00001041,0.000000000903767052,7727874,2019-06-02 20:04:49,btc,0.9928411333400394,0.0,0.00001041,btc,12942.04549573,0.04325391,0.0754833703719341,18
1,[],10,[],2019-06-02 20:04:51,495833.70162924,0.0000113,0.00000000098103436,7727875,2019-06-02 20:04:51,btc,15.188989811947925,18725.1912894,0.0000113,btc,12852.35237051,0.0,0.1611542181662044,18
1,[],12,[],2019-06-02 20:04:53,2827.22073056,0.000011800000000000000524818903613333276325647602789103984832763671875,0.00000000102444296,7727876,2019-06-02 20:04:53,btc,0.4000064060755523,0.0,0.000011800000000000000524818903613333276325647602789103984832763671875,btc,1406.19209739,0.001203391244,0.0130041672465457,18
0,[],2,[],2019-01-20 23:23:38,0.0,0,0,6476906,2019-01-20 23:23:38,,0.0,0.0,0,,0.0,0.0,0.0,18
0,[],17,[],2019-05-03 00:53:39,0.0,0,0,7558882,2019-05-03 00:53:39,btc,0.0,0.0,0,btc,0.0,0.0,0.0,18
1,[],3,[],2019-06-02 20:06:53,150589.3986915154,0.0000055099999999999997612500080013120395960868336260318756103515625,0.0000000004783627719999999,7727877,2019-06-02 20:06:53,btc,0.25056039241254197,5449.68204435,0.0000055099999999999997612500080013120395960868336260318756103515625,btc,6349.097342495815,0.0,0.0541854596971022,19
1,[],4,[],2019-06-02 20:06:54,518827.31293855,0.00000739,0.0000000006415791079999999,7727878,2019-06-02 20:06:54,btc,3.701887242445094,0.0,0.00000739,btc,166153.34239986,0.24963485,0.4267067938709599,19
1,[],5,[],2019-06-02 20:06:55,0.0,0,0,7727879,2019-06-02 20:06:55,btc,0.0,0.00427552,0,btc,0.0,0.0,0.0,19
1,[],12,[],2019-06-02 20:06:56,14351.02200781,0.000007089999999999999880334437818429904609729419462382793426513671875,0.000000000615533948,7727880,2019-06-02 20:06:56,btc,0.0512064430023939,0.0,0.000007089999999999999880334437818429904609729419462382793426513671875,btc,1949.0831785,0.00367262,0.0211467599997175,19
0,[],27,[],2019-06-02 20:07:04,0.0,0,0,7727881,2019-06-02 20:07:04,,0.0,0.0,0,btc,0.0,0.0,0.0,19
0,[],2,[],2019-01-20 23:24:19,0.0,0,0,6476924,2019-01-20 23:24:19,,0.0,0.0,0,,0.0,0.0,0.0,19
1,[],4,[],2019-06-02 20:07:05,10062076.88478525,0.00000007,0.000000000006077204,7727882,2019-06-02 20:07:05,btc,6.4029639466023385,0.0,0.00000007,btc,2322306.93095912,0.0,0.1174938176872809,20
1,[],4,[],2019-06-02 20:07:05,7279784.248,0.00000001,0.000000000000868172,7727883,2019-06-02 20:07:05,btc,39217.66389782037,0.0,0.00000001,btc,71308867.46759267,0.01295036,0.07279784248,21
1,[],12,[],2019-06-02 20:07:07,2396017.0,0.00000001,0.000000000000868172,7727884,2019-06-02 20:07:07,btc,2566.627579543127,0.0,0.00000001,btc,5033817.15584414,7.772228e-06,0.02396017,21
0,[],17,[],2019-05-03 00:53:51,0.0,0,0,7558891,2019-05-03 00:53:51,btc,0.0,0.0,0,btc,0.0,0.0,0.0,21
1,[],12,[],2019-06-02 20:09:09,5173105296.0,0.0000000003,0.000000000000026045159999999997,7727885,2019-06-02 20:09:09,btc,709129932.0929455,0.0,0.0000000003,btc,3117698739.9886546,0.057832167493,1.1571612921,23
0.0000000003080864,[],27,[],2019-06-02 20:09:14,43255632.0,3.080864e-18,2.674719860608e-22,7727886,2019-06-02 20:09:14,eth,105074.23980555625,678982521.825762,0.00000001,eth,23902484.2067,4.183705617318016e-09,1.33264719426048e-10,23
1,[],4,[],2019-06-02 20:09:15,1849807.79722747,0.00000023,0.000000000019967956,7727887,2019-06-02 20:09:15,btc,10.725726772600861,0.0,0.00000023,btc,1714248.35346607,0.0071432,0.0587330492408808,24
0,[],22,[],2019-06-02 20:09:18,0.0,0,0,7727888,2019-06-02 20:09:18,,0.0,0.0,0,,0.0,0.0,0.0,24
0.0,[],25,[],2019-06-02 20:09:19,0.0,0,0,7727889,2019-06-02 20:09:19,,0.0,0.0,0.0,btc,0.0,0.0,0.0,24
1,[],4,[],2019-06-02 20:09:20,26943233.31292961,0.00000483,0.000000000419327076,7727890,2019-06-02 20:09:20,btc,13.230678454474718,0.0,0.00000483,btc,236985.69149627,0.1522257,0.4837832397224044,26
1,[],10,[],2019-06-02 20:09:22,150705.19359123,0.00000421,0.00000000036550041200000004,7727891,2019-06-02 20:09:22,btc,25.58554462082896,6037.73838365,0.00000421,btc,23082.41201912,0.0,0.0358263877559375,26
0,[],2,[],2019-01-20 23:25:56,0.0,0,0,6476976,2019-01-20 23:25:56,,0.0,0.0,0,,0.0,0.0,0.0,26
1,[],3,[],2019-06-02 20:09:23,21196527.685043,0.00000001,0.000000000000868172,7727892,2019-06-02 20:09:23,btc,3.7642254837254465,3665460.48668,0.00000001,btc,26149326.78031916,0.0,0.21196527685043,27
1,[],11,[],2019-06-02 20:09:24,2071589.08157834,0.00000002,0.000000000001736344,7727893,2019-06-02 20:09:24,btc,67503.04527066177,19676.5543251,0.00000002,btc,6588861.32608848,0.0,0.0211134458157834,27
1,[],5,[],2019-04-26 09:47:06,0.0,0,0,7465326,2019-04-26 09:47:06,btc,0.0,0.0,0,btc,0.0,0.0,0.0,27
1,[],4,[],2019-06-02 20:09:25,1196429204.0571344,0.00000001,0.000000000000868172,7727894,2019-06-02 20:09:25,btc,4.789237473644043,0.0,0.00000001,"btc,ltc",300295602.0096831,0.05279158,8.61400840487623,29
1,[],7,[],2019-06-02 20:09:26,85451021.33155985,0.00000001,0.000000000000868172,7727895,2019-06-02 20:09:26,btc,46548272.13366353,0.0,0.00000001,btc,35323569.68449719,0.0,0.8545102133155985,29
1,[],4,[],2019-06-02 20:09:27,15257595.55251549,0.00000007,0.000000000006077204,7727896,2019-06-02 20:09:27,btc,2.562666443401238,0.0,0.00000007,btc,2020880.51679651,0.0,0.1697573771294364,30
0,[],17,[],2019-05-03 01:11:25,0.0,0,0,7559066,2019-05-03 01:11:25,btc,0.0,0.0,0,btc,0.0,0.0,0.0,30
1,[],4,[],2019-06-02 20:11:27,109608.78558003,0.00004433,0.0000000038486064759999994,7727897,2019-06-02 20:11:27,btc,2.956085877895135,0.0,0.00004433,btc,39150.12694731,0.67377399,0.5623382987294355,31
1,[],21,[],2019-06-02 20:11:28,178026.68996942,0.00004610999999999999728874863769,0.0000000040031410919999995,7727898,2019-06-02 20:11:28,btc,5.396390966704986,235818.58347613,0.0000461099999999999972887486376915688879307708702981472015380859375,btc,107523.80384587,11.17994424,6.72163624063476,31
0,[],2,[],2019-01-20 23:28:43,0.0,0,0,6477009,2019-01-20 23:28:43,,0.0,0.0,0,,0.0,0.0,0.0,32
0,[],4,[],2019-06-02 20:11:29,0.0,0,0,7727899,2019-06-02 20:11:29,,0.0,0.0,0,,0.0,0.0,0.0,33
1,[],12,[],2019-03-30 07:55:10,40641173.964,0.00000003,0.000000000001228359,7108785,2019-03-30 07:55:10,btc,4233210.82356125,0.0,0.00000003,btc,28378394.68333462,0.0126927883965248,0.90752895892,33
0.0000000001309161,[],4,[],2019-06-02 20:11:30,462542550.5430105,5.891224500000001e-17,5.114596156614e-21,7727900,2019-06-02 20:11:30,ltc,3.7034596486788485,0.0,0.00000045,ltc,155765497.0457885,0.00768519,1.7334568326098213e-09,34
1,[],5,[],2019-06-02 20:11:32,0.0,0,0,7727901,2019-06-02 20:11:32,btc,0.0,0.0,0,btc,0.0,0.0,0.0,34
0.0000000002926451,[],17,[],2019-05-02 18:17:47,200000.0,2.9264510000000002e-18,1.596703856561e-22,7556430,2019-05-02 18:17:47,eth,0.20942468735267253,0.0,0.00000001,"btc,eth",1018272.20243647,0.0,5.852902e-13,36
0.0000000001311821,[],4,[],2019-05-31 13:28:19,2417517744.0607657,1.311821e-18,1.105058333085e-22,7717483,2019-05-31 13:28:19,ltc,5.019900492391546e-08,0.0,0.00000001,ltc,7102398142.262129,0.0,3.171350544531538e-09,36
1,[],5,[],2019-05-31 13:28:21,0.0,0,0,7717484,2019-05-31 13:28:21,btc,0.0,0.0,0,btc,0.0,0.0,0.0,36
0.0000000003108179,[],27,[],2019-05-31 13:30:34,10388811.226876,6.216358000000001e-18,5.236566733830001e-22,7717485,2019-05-31 13:30:34,eth,1569.8708019850988,761866.634299,0.00000002,"ltc,eth",5084024.2511555,4.736034912207001e-12,3.3251980286483705e-11,36
1,[],4,[],2019-06-02 20:11:33,9978821.3463178,0.00000016,0.000000000013890752,7727902,2019-06-02 20:11:33,btc,19772.497433110573,0.0,0.00000016,btc,699991.32229404,0.00095194,0.12829775784137,37
1,[],12,[],2019-06-02 20:11:34,3618080.0,0.00000017,0.000000000014758924,7727903,2019-06-02 20:11:34,btc,9.379542841136884,0.0,0.00000017,btc,1080281.54026811,0.013570266208,0.15823757,37
1,[],27,[],2019-06-02 20:13:38,11126.0,0.00000018,0.000000000015627096,7727904,2019-06-02 20:13:38,btc,22.62970013895233,0.0,0.00000018,btc,4298.824295,0.0,0.00165394,37
1,[],17,[],2019-05-03 01:11:36,211752.74075282,0.00000025,0.000000000013700074999999998,7559074,2019-05-03 01:11:36,btc,0.055484923955058496,0.0,0.00000025,"btc,eth",1387.19918473,0.0,0.0005381851887916605,37
1,[],5,[],2019-06-02 20:13:40,0.0,0,0,7727905,2019-06-02 20:13:40,btc,0.0,0.00101502,0,btc,0.0,0.0,0.0,42
1,[],12,[],2019-06-02 20:13:41,148725.8331481,0.000001120000000000000076372827333137660588135986472479999065399169921875,0.000000000097235264,7727906,2019-06-02 20:13:41,btc,24.79778358134706,0.0,0.000001120000000000000076372827333137660588135986472479999065399169921875,btc,75125.044076,0.031430002575,0.0599895896411641,42
1,[],27,[],2019-06-02 20:13:46,506.0,0.00000002,0.000000000001736344,7727907,2019-06-02 20:13:46,btc,0.07600425,0.0,0.00000002,"btc,eth",18.0,0.0,6.000000323675572e-06,42
1,[],12,[],2019-03-13 09:13:29,1112112.0,0.00000001,0.000000000000386531,6919902,2019-03-13 09:13:29,btc,29058.00478931866,0.0,0.00000001,btc,5967681.93306694,9.99000999e-07,0.01112112,43
1,[],5,[],2019-04-26 22:38:52,0.0,0,0,7474154,2019-04-26 22:38:52,btc,0.0,0.02638891,0,btc,0.0,0.0,0.0,43
0,[],17,[],2019-04-26 22:38:53,0.0,0,0,7474155,2019-04-26 22:38:53,btc,0.0,0.0,0,btc,0.0,0.0,0.0,43
1,[],12,[],2019-03-05 01:54:08,639326.02,0.00000004,0.000000000001486676,6845775,2019-03-05 01:54:08,btc,11116042.728239931,0.0,0.00000004,btc,1103841.4595604,0.0003330765234764,0.014975410599999999,44
1,[],4,[],2019-06-02 20:13:47,105133476.84087455,0.00000001,0.000000000000868172,7727908,2019-06-02 20:13:47,btc,2660396.6054373994,0.0,0.00000001,"btc,ltc",28289085.90928054,0.00111422,0.03271190095381679,49
0.0000000001309161,[],4,[],2019-06-02 20:13:51,133829981.77348518,3.7965669e-17,3.2960730787068e-21,7727909,2019-06-02 20:13:51,ltc,194920.2225988674,0.0,0.00000029,ltc,197346648.14766446,0.0,1.3833151676729057e-09,52
0,[],22,[],2019-06-02 20:13:53,0.0,0,0,7727910,2019-06-02 20:13:53,,10289.52569349,0.0,0,,305146396.4566013,0.0,0.0,57
1,[],27,[],2019-06-02 20:14:00,2297.0,0.0000003,0.000000000026045159999999998,7727911,2019-06-02 20:14:00,btc,0.0,0.0,0.0000003,"btc,eth",0.0,0.0,0.0003891,57
0.0000000001309161,[],4,[],2019-06-02 20:14:01,3382222360.5721416,1.3091610000000001e-18,1.136576923692e-22,7727912,2019-06-02 20:14:01,ltc,19.341013360223652,0.0,0.00000001,ltc,5802027500.768803,0.0,4.427873607788985e-09,58
1,[],12,[],2019-06-02 20:14:02,717092452.0,0.0000000001,0.00000000000000868172,7727913,2019-06-02 20:14:02,btc,2299276.9523335295,0.0,0.0000000001,btc,3434040075.9649916,0.00149501889,0.07170924520000001,58
0.0000000001087959,[],22,[],2019-06-02 20:16:05,126877.0,1.087959e-18,9.445355409479999e-23,7727914,2019-06-02 20:16:05,XMR,68.17454206,0.0,0.00000001,XMR,9626402.6,0.0,0.00126877,58
1,[],17,[],2019-05-03 01:12:09,1200000.0,0.0000000001,0.00000000000000548003,7559085,2019-05-03 01:12:09,btc,1e+24,0.0,0.0000000001,"btc,eth",39516342.31952568,0.0,0.00010000000058666061,58
1,[],5,[],2019-06-02 20:16:07,0.0,0,0,7727915,2019-06-02 20:16:07,btc,0.0,0.00247346,0,btc,0.0,0.0,0.0,61
1,[],22,[],2019-06-02 20:16:10,13613.833333333334,0.00000012,0.000000000010418064,7727916,2019-06-02 20:16:10,BTC,1002.29123003,0.0,0.00000012,BTC,15014.200177125656,0.0,0.00153269,61
1,[],26,[],2019-06-02 20:16:10,0.0,0.00000050,0.000000000043408599999999995,7727917,2019-06-02 20:16:10,btc,0.0,0.0,0.00000050,btc,0.0,0.0,0.0,61
1,[],27,[],2019-06-02 20:16:20,8450.0,0.0000002,0.00000000001736344,7727918,2019-06-02 20:16:20,btc,1.9582485601246655,0.0,0.0000002,"btc,eth",11379.41563696,0.0,0.001522,61
0,[],28,[],2019-06-02 20:16:31,0.0,0,0,7727919,2019-06-02 20:16:31,,0.0,715.0,0,,0.0,0.0,0.0,61
1,[],4,[],2019-06-02 20:16:32,859378.58373299,0.00000073,0.000000000063376556,7727920,2019-06-02 20:16:32,btc,2.993629678045542,0.0,0.00000073,btc,967212.88836229,0.0787336,0.4401904737936821,67
0.0,[],25,[],2019-06-02 20:16:34,0.0,0,0,7727921,2019-06-02 20:16:34,,0.0,0.0,0.0,btc,0.0,0.0,0.0,67
1,[],12,[],2019-06-02 06:23:14,910048.355,0.00000006,0.000000000005154929999999999,7725270,2019-06-02 06:23:14,btc,5.167005424215783,0.0,0.00000006,btc,738530.60239759,0.003159757462,0.0187188113,71
,[],5,[],2018-11-20 23:02:39,1.5e-07,0.00000005,0.000000000002128045,4862160,2018-11-20 23:02:39,btc,2.84511358,0.0,,btc,0.00036572,0.0,0.07381892,74
1,[],5,[],2019-06-02 20:16:35,0.0,0,0,7727922,2019-06-02 20:16:35,btc,0.0,0.05333559,0,btc,0.0,0.0,0.0,75
0,[],4,[],2019-05-25 21:33:44,0.0,0,0,7686249,2019-05-25 21:33:44,,133656.37989170782,0.0,0,,33439209.5909442,0.0,0.0,81
0,[],20,[],2019-01-25 09:30:31,0.0,0,0,6495923,2019-01-25 09:30:31,btc,0.0,0.0,0,btc,0.0,0.0,0.0,81
1,[],4,[],2019-06-02 20:16:36,68814.57289014,0.00011900,0.0000000103312468,7727923,2019-06-02 20:16:36,btc,56.13034885861401,0.0,0.00011900,btc,125050.59617872,0.26450659,0.585271865382686,82
1,[],21,[],2019-06-02 20:16:37,88053.12638248,0.0001230000000000000081983031475,0.0000000106785156,7727924,2019-06-02 20:16:37,btc,17.591315751997925,51973.6872205,0.0001230000000000000081983031474663903281907550990581512451171875,btc,106825.49204655,6.344065,7.794858432684939,82
0,[],17,[],2019-03-25 22:42:34,0.0,0,0,7038780,2019-03-25 22:42:34,btc,0.0445064681804024,0.0,0,btc,995513.18476001,0.0,0.0,84
0.0000000001161485,[],4,[],2019-05-20 13:09:39,216715621.0206096,1.161485e-18,9.0533806701e-23,7657228,2019-05-20 13:09:39,ltc,1.6511566870244727,0.0,0.00000001,ltc,471032407.9048656,0.0,2.5171194308112273e-10,85
,[],22,[],2018-11-20 23:09:34,3408.1,0.0000001,0.0000000000041895,4862324,2018-11-20 23:09:34,BTC,0.04624735,0.0,,BTC,4990.0,0.0,0.00033081,86
1,[],22,[],2019-06-02 20:16:40,138656.0,0.00000002,0.000000000001736344,7727925,2019-06-02 20:16:40,BTC,1.46149546,0.0,0.00000002,BTC,354805.21403508773,8e-05,0.00214656,87
1,[],27,[],2019-06-02 20:16:46,128632.0,0.00000008,0.000000000006945376,7727926,2019-06-02 20:16:46,btc,5.092128018036,82360.0,0.00000008,btc,58716.67341,0.0098832,0.00262364,87
,[],2,[],2018-11-20 23:10:47,0.0,0,0,4862359,2018-11-20 23:10:47,,0.0,0.0,,,0.0,0.0,0.0,88
1,[],11,[],2019-06-02 20:16:47,157597.41158336,0.00007804000000000000498122376679788203546195290982723236083984375,0.000000006775214288,7727927,2019-06-02 20:16:47,btc,167.4296023764546,392.09999999,0.00007804000000000000498122376679788203546195290982723236083984375,btc,201047.61163851,0.0,1.906590421762286,89
0,[],2,[],2019-01-20 23:31:45,0.0,0,0,6477083,2019-01-20 23:31:45,,0.0,0.0,0,,0.0,0.0,0.0,91
1,[],12,[],2019-06-02 20:16:49,393641.41021041,0.00000037,0.000000000032122363999999996,7727928,2019-06-02 20:16:49,btc,88.57699236181158,0.0,0.00000037,btc,157535.614995,0.003030873796,0.0248108635999566,91
1,[],22,[],2019-06-02 20:18:53,75910.55,0.0000002,0.00000000001736344,7727929,2019-06-02 20:18:53,BTC,0.497,0.0,0.0000002,"BTC,LTC",6.95,0.0,0.00165931,91
0,[],17,[],2019-05-03 01:12:26,0.0,0,0,7559096,2019-05-03 01:12:26,btc,0.0,0.0,0,btc,0.0,0.0,0.0,91
1,[],22,[],2019-04-09 20:17:52,374949.73333333334,0.00000015,0.000000000007771935,7235704,2019-04-09 20:17:52,BTC,6.87372503,0.0,0.00000015,"BTC,LTC",159980.01196797504,1.1e-05,0.80510266,95
0.0000000001309161,[],4,[],2019-06-02 20:18:54,543220567.0500628,2.7492381000000002e-17,2.3868115397532e-21,7727930,2019-06-02 20:18:54,ltc,11.302481329940255,0.0,0.00000021,ltc,152784712.34913436,0.0,8.675058223699763e-10,96
0,[],12,[],2019-06-02 20:18:56,0.0,0,0,7727931,2019-06-02 20:18:56,btc,22.31415682046953,0.0,0,btc,9676394.04695305,1.998002e-05,0.0,96
0,[],17,[],2019-05-03 01:12:32,0.0,0,0,7559100,2019-05-03 01:12:32,btc,0.0,0.0,0,btc,0.0,0.0,0.0,96
1,[],4,[],2019-04-14 03:32:46,1039404.33283278,0.00000038,0.000000000019245518,7293458,2019-04-14 03:32:46,btc,4.170086055365747,0.0,0.00000038,btc,3097704.34561074,0.06260606,0.1859928211030784,99
0,[],2,[],2019-01-20 23:23:55,0.0,0,0,6476914,2019-01-20 23:23:55,,0.0,0.0,0,,0.0,0.0,0.0,100
1,[],4,[],2019-06-02 19:49:33,243369.92700988,0.00001678,0.000000001456200282,7727795,2019-06-02 19:49:33,btc,7.490674560064599,0.0,0.00001678,btc,159667.75482257,0.42045617,0.3824920263477889,100
1,[],22,[],2019-06-02 19:49:36,150000.0,0.00000002,0.0000000000017356380000000001,7727796,2019-06-02 19:49:36,BTC,24.83526409,0.0,0.00000002,BTC,11187.719,0.0,0.0017,101
1,[],4,[],2019-06-02 19:49:37,524236.79255237,0.00000155,0.00000000013451194500000001,7727797,2019-06-02 19:49:37,btc,549.1883590256595,0.0,0.00000155,btc,676936.62557902,0.01854904,0.156636863676654,103
1,[],12,[],2019-06-02 19:49:39,176384209.0,0.000000003,0.00000000000026034570000000004,7727798,2019-06-02 19:49:39,btc,2445.3275880742162,0.0,0.000000003,btc,70532295.93576747,0.001742336668,0.233722801,105
0,[],27,[],2019-06-02 19:49:43,0.0,0,0,7727799,2019-06-02 19:49:43,,0.3049285,442744.0,0,btc,2223885.0,0.00442744,0.0,105
1,[],22,[],2019-04-21 00:17:26,21333.0,0.00000001,0.000000000000532493,7385819,2019-04-21 00:17:26,BTC,51.38182867,0.0,0.00000001,BTC,470435.0,0.0,0.00021333,107
1,[],26,[],2019-04-21 00:17:26,0.0,0.00000000,0,7385820,2019-04-21 00:17:26,btc,0.0,0.0,0.00000000,btc,0.0,0.0,0.0,107
1,[],5,[],2019-06-02 19:49:46,0.0,0,0,7727800,2019-06-02 19:49:46,btc,0.0,0.0,0,btc,0.0,0.0,0.0,112
0,[],22,[],2019-06-02 19:49:49,0.0,0,0,7727801,2019-06-02 19:49:49,,6.79500102,0.0,0,,3375892.0833333335,0.0,0.0,112
1,[],27,[],2019-06-02 19:49:55,10001.0,0.00000001,0.0000000000008678190000000001,7727802,2019-06-02 19:49:55,btc,1.15032588,0.0,0.00000001,"btc,eth",1818.0,0.0,1.000003077605e-08,112
1,[],4,[],2019-06-02 19:49:56,263024.61907043,0.00000100,0.00000000008678190000000001,7727803,2019-06-02 19:49:56,btc,5.7524952939394325,0.0,0.00000100,btc,607758.83482218,0.05775576,0.1615859515683614,113
1,[],5,[],2019-06-02 19:49:57,0.0,0,0,7727804,2019-06-02 19:49:57,btc,0.0,0.0,0,btc,0.0,0.0,0.0,113
1,[],17,[],2019-04-26 02:17:47,162738.278,0.00000004,0.0000000000021069000000000002,7461287,2019-04-26 02:17:47,btc,1.3331140273775473,0.0,0.00000004,btc,51796.221,0.0,0.00230953112,116
1,[],27,[],2019-05-22 05:13:01,210000.0,0.00000001,0.00000000000079145,7666372,2019-05-22 05:13:01,btc,3919.0005001478,0.0,0.00000001,btc,128660.871,0.0,0.0021,116
1,[],4,[],2019-05-21 22:31:11,138169.03963019,0.00000701,0.000000000558364025,7664793,2019-05-21 22:31:11,btc,150.95388250938234,0.0,0.00000701,btc,344631.17141974,0.07552974,0.4288357684941946,120
1,[],7,[],2019-05-21 22:31:12,3901.07750076,0.000010679999999999999389654892212320191902108490467071533203125,0.0000000008506887,7664794,2019-05-21 22:31:12,btc,231188.94669936574,0.0,0.000010679999999999999389654892212320191902108490467071533203125,btc,4133.83151364,0.0,0.0113888422364489,120
1,[],20,[],2019-04-07 18:42:29,1914137.0852,0.000000035,0.0000000000017871910000000002,7211992,2019-04-07 18:42:29,btc,32.2497668025648,25528.85,0.000000035,btc,1001975.4986,0.00089350975,0.0152723574729,125
1,[],22,[],2019-06-02 19:50:00,10000.0,0.00000001,0.0000000000008678190000000001,7727805,2019-06-02 19:50:00,BTC,0.032061,0.0,0.00000001,BTC,299316.7611111111,0.0,0.0001,126
0,[],2,[],2019-01-20 23:25:46,0.0,0,0,6476969,2019-01-20 23:25:46,,0.0,0.0,0,,0.0,0.0,0.0,131
1,[],4,[],2019-06-02 19:50:01,271677.03216027,0.00000681,0.000000000590984739,7727806,2019-06-02 19:50:01,btc,3.872080037690554,0.0,0.00000681,btc,179871.55214397,0.28076743,1.0297666156818406,131
1,[],17,[],2019-05-03 01:13:10,10000.0,0.00000001,0.000000000000548003,7559115,2019-05-03 01:13:10,btc,0.0953976503951408,0.0,0.00000001,btc,5037.62507334,0.0,0.0001,131
1,[],4,[],2019-06-01 22:22:37,4877.33287432,0.00010000,0.000000008588780000000001,7724055,2019-06-01 22:22:37,btc,5.03221070889025,0.0,0.00010000,btc,202.13055914,0.0,0.0067319517514342,135
1,[],3,[],2019-06-02 19:52:02,529157.22392675,0.00000001,0.0000000000008678190000000001,7727807,2019-06-02 19:52:02,btc,0.2222048335022723,1672649.79937,0.00000001,btc,1905502.4316845,0.0,0.0052915722392675,136
1,[],4,[],2019-06-02 19:52:03,2171386.9345058,0.00000182,0.00000000015794305800000002,7727808,2019-06-02 19:52:03,btc,109.28372069568017,0.0,0.00000182,btc,533634.48853463,0.01843663,0.4810678854701578,137
1,[],12,[],2019-06-02 19:52:03,88769.87469495,0.000001799999999999999918546601286595265634105089702643454074859619140625,0.00000000015620742,7727809,2019-06-02 19:52:03,btc,57.8923440670227,0.0,0.000001799999999999999918546601286595265634105089702643454074859619140625,btc,60822.49064291,8.129048e-05,0.0184562999999122,137
1,[],4,[],2019-06-02 19:52:04,104593.3801548,0.00001639,0.0000000014223553410000001,7727810,2019-06-02 19:52:04,btc,8.758377421528705,0.0,0.00001639,btc,127029.75439552,0.26306043,0.9492001905206457,142
1,[],5,[],2019-06-02 19:52:06,0.0,0,0,7727811,2019-06-02 19:52:06,btc,0.0,0.04193806,0,btc,0.0,0.0,0.0,142
1,[],20,[],2019-06-02 19:54:08,208997.6771,0.000015001,0.0000000013018152819000002,7727812,2019-06-02 19:54:08,btc,1.6055987592153,127.773,0.000015001,btc,9745.0633,0.0027035747,0.018537254593,142
1,[],22,[],2019-06-02 19:54:11,11028.645,0.00001000,0.0000000008678190000000001,7727813,2019-06-02 19:54:11,BTC,3.02543682,0.0,0.00001000,BTC,1114.1496755539797,0.0,0.00745365,142
0.0,[],25,[],2019-06-02 19:54:13,0.0,0,0,7727814,2019-06-02 19:54:13,,0.0,0.0,0.0,btc,0.0,0.0,0.0,142
0,[],28,[],2019-06-02 19:55:05,0.0,0,0,7727815,2019-06-02 19:55:05,,0.0,0.0,0,,0.0,0.0,0.0,142
1,[],17,[],2019-05-03 01:13:16,32967.38636364,0.00000088,0.000000000048224264,7559122,2019-05-03 01:13:16,btc,20.06976206696776,0.0,0.00000088,btc,2746.079105,0.0,0.0105613000000032,142
0,[],22,[],2019-06-02 19:55:08,0.0,0,0,7727816,2019-06-02 19:55:08,,64.98620993,0.0,0,,787027072.3,0.0,0.0,143
0,[],22,[],2019-02-25 15:42:22,0.0,0,0,6783783,2019-02-25 15:42:22,,4.2131946,0.0,0,,2322156.0,0.0,0.0,146
,[],22,[],2018-11-20 23:01:11,0.0,0,0,4862114,2018-11-20 23:01:11,,2.56807021,0.0,,,61828.4988236,0.0,0.0,147
1,[],12,[],2019-04-21 06:38:04,193091.5971266,0.00000071,0.000000000037635183,7388679,2019-04-21 06:38:04,btc,2.301232411611175,0.0,0.00000071,btc,9957.48302385,0.00023528,0.0313308199999888,148
1,[],4,[],2019-03-19 21:31:25,255810.0415942,0.00000029,0.000000000011615747,6982695,2019-03-19 21:31:25,btc,218.94922712414143,0.0,0.00000029,btc,793529.37642722,0.00117,0.0608347789473395,152
0,[],22,[],2019-03-19 21:31:27,0.0,0,0,6982696,2019-03-19 21:31:27,,0.0,0.0,0,,0.0,0.0,0.0,152
1,[],5,[],2019-04-26 09:36:59,0.0,0,0,7465040,2019-04-26 09:36:59,btc,0.0,0.0,0,btc,0.0,0.0,0.0,153
,[],16,[],2019-01-11 15:38:59,0.0,0,0,6366141,2019-01-11 15:38:59,btc,0.0,0.0,,btc,0.0,0.0,0.0,155
0,[],23,[],2019-01-20 23:24:29,0.0,0,0,6476932,2019-01-20 23:24:29,,0.0,0.0,0,,0.0,0.0,0.0,156
0,[],22,[],2019-06-02 19:55:11,0.0,0,0,7727817,2019-06-02 19:55:11,,7.44455324,0.0,0,,5955762.942592593,0.0,0.0,156
1,[],22,[],2019-06-02 19:55:14,6996.0,0.00000001,0.0000000000008678190000000001,7727818,2019-06-02 19:55:14,BTC,1.7543039,0.0,0.00000001,BTC,57.0,0.0,6.996e-05,157
0,[],22,[],2019-05-21 23:40:32,0.0,0,0,7665049,2019-05-21 23:40:32,,50234.60468402,0.0,0,,54786159.03179465,0.0,0.0,158
,[],17,[],2018-11-20 22:56:10,0.0,0,0,4861976,2018-11-20 22:56:10,btc,1.1265625,0.0,,btc,1000.0,0.0,0.0,159
,[],20,[],2018-11-20 22:56:12,0.0,0,0,4861977,2018-11-20 22:56:12,btc,11912.7940471,0.0,,btc,34413894.3617,0.0,0.0,159
1,[],12,[],2019-05-24 02:51:20,9178.522006449999,0.00000191999999999999982841307998027158276954651228152215480804443359375,0.000000000151222656,7676256,2019-05-24 02:51:20,btc,149.80414728631675,0.0,0.00000191999999999999982841307998027158276954651228152215480804443359375,btc,1115.7451448499999,0.01783167678326,0.0120075778999181,168
1,[],17,[],2019-05-03 01:13:36,42852.0,0.00000002,0.000000000001096006,7559132,2019-05-03 01:13:36,btc,0.04279856251542,0.0,0.00000002,btc,274.46171372,0.0,0.00052852,168
1,[],22,[],2019-05-17 03:01:52,10.0,0.00000001,0.000000000000778341,7642059,2019-05-17 03:01:52,BTC,41.95893009,0.0,0.00000001,BTC,1753972.7737547632,0.0,1e-07,169
1,[],22,[],2019-05-30 08:38:18,202834.0,0.00000002,0.0000000000017416160000000001,7711049,2019-05-30 08:38:18,BTC,27.87002826,0.0,0.00000002,BTC,462189.5410507793,0.0,0.00211768,171
1,[],22,[],2019-05-29 08:05:18,349870.0,0.00000002,0.000000000001705894,7705265,2019-05-29 08:05:18,BTC,24.05907723,0.0,0.00000002,"BTC,LTC",1224285.4355616204,0.0,0.0039847,173
1,[],5,[],2019-06-02 19:55:15,0.0,0,0,7727819,2019-06-02 19:55:15,btc,0.0,0.00023008,0,btc,0.0,0.0,0.0,175
1,[],22,[],2019-06-02 19:24:35,90671.0,0.00000001,0.0000000000008689219999999999,7727675,2019-06-02 19:24:35,BTC,394.35459412,0.0,0.00000001,BTC,136275.61833431243,0.0,0.00090671,176
1,[],7,[],2019-06-02 19:24:36,0.0,0,0,7727676,2019-06-02 19:24:36,btc,522272.5206434946,0.0,0,btc,21545846.91829112,0.0,0.0,178
0,[],22,[],2019-06-02 19:24:39,0.0,0,0,7727677,2019-06-02 19:24:39,,1.00242428,0.0,0,,57512.0,0.0,0.0,178
0,[],2,[],2019-01-20 23:28:34,0.0,0,0,6477001,2019-01-20 23:28:34,,0.0,0.0,0,,0.0,0.0,0.0,178
0,[],23,[],2019-01-20 23:25:08,0.0,0,0,6476952,2019-01-20 23:25:08,,0.0,0.0,0,,0.0,0.0,0.0,179
1,[],5,[],2019-06-02 19:55:17,0.0,0,0,7727820,2019-06-02 19:55:17,btc,0.0,0.0240109,0,btc,0.0,0.0,0.0,179
0,[],22,[],2019-06-02 19:55:19,0.0,0,0,7727821,2019-06-02 19:55:19,,5.3132485,0.0,0,,13258002.811946675,0.0,0.0,179
1,[],22,[],2019-06-02 19:57:23,681354.6642749348,0.00000107,0.000000000092856633,7727822,2019-06-02 19:57:23,BTC,39.19148122,0.0,0.00000107,"BTC,LTC",146551.3481957358,0.00077839,0.58080083,180
1,[],26,[],2019-06-02 19:57:23,0.0,0.00000010,0.000000000008678190000000001,7727823,2019-06-02 19:57:23,btc,0.0,0.0,0.00000010,btc,0.0,0.0,0.0,180
1,[],17,[],2019-05-03 01:13:56,20504.725000000002,0.0000001,0.00000000000548003,7559141,2019-05-03 01:13:56,btc,5.2010695838400265,0.0,0.0000001,btc,5033.45945,0.0,0.0011504725,180
,[],7,[],2018-11-20 22:58:01,562227.975654,0.00000085,0.000000000036176765,4862015,2018-11-20 22:58:01,btc,21836.6059674,2491.87645172,,btc,749999.041456,0.00211021,0.127565380455,183
,[],5,[],2019-01-10 08:11:41,0.0,0,0,6347036,2019-01-10 08:11:41,btc,82.15055501,0.00261,,btc,1.19002445,0.0,0.0,187
,[],17,[],2018-11-16 20:58:10,4062536.27273,0.00000001,0.000000000000550501,4708775,2018-11-16 20:58:10,btc,3.36492563466,0.195460381006,,"btc,eth",110697919.549,0.0,0.0157628953496,187
1,[],24,[],2019-05-22 21:04:52,0.0,0.000000000014,0.0000000000000010960978,7670219,2019-05-22 21:04:52,btc,0.0,0.0,0.000000000014,btc,0.0,0.0,0.0,187
0,[],22,[],2019-04-25 02:54:07,0.0,0,0,7447896,2019-04-25 02:54:07,,7.54794454,0.0,0,,76361.7243344055,0.0,0.0,191
0,[],22,[],2019-06-02 19:57:28,0.0,0,0,7727824,2019-06-02 19:57:28,,0.0,0.0,0,,0.0,0.0,0.0,197
0,[],23,[],2019-01-20 23:31:41,0.0,0,0,6477079,2019-01-20 23:31:41,,0.0,0.0,0,,0.0,0.0,0.0,199
0,[],22,[],2019-06-02 19:57:32,0.0,0,0,7727825,2019-06-02 19:57:32,,10.92270994,0.0,0,,98749032.0,0.0,0.0,199
1,[],26,[],2019-06-02 19:57:32,0.0,0.00000000,0,7727826,2019-06-02 19:57:32,btc,0.0,0.0,0.00000000,btc,0.0,0.0,0.0,199
0,[],2,[],2019-01-20 23:30:49,0.0,0,0,6477059,2019-01-20 23:30:49,,0.0,0.0,0,,0.0,0.0,0.0,201
1,[],4,[],2019-01-25 15:51:35,2084389.58565343,0.00000936,0.000000000333526752,6499557,2019-01-25 15:51:35,btc,2.0092503037378524,0.0,0.00000936,btc,160195.80207885,0.19272417,1.242687955921835,211
1,[],7,[],2019-06-02 19:57:36,1170169467.890069,0.00000025,0.000000000021695475000000002,7727827,2019-06-02 19:57:36,btc,15201832.875751747,0.0,0.00000025,btc,6666516.52380465,0.0,11.967969486923074,212
1,[],12,[],2019-01-25 02:44:32,207462.42853209,0.000001080000000000000035831255497387193287295303889550268650054931640625,0.000000000038610756000000006,6493050,2019-01-25 02:44:32,btc,85023.03793723314,0.0,0.000001080000000000000035831255497387193287295303889550268650054931640625,btc,43675.73520027,0.000146250909087,0.0348620860622024,213
1,[],5,[],2019-05-30 00:07:46,0.0,0,0,7709357,2019-05-30 00:07:46,btc,0.0,0.06425239,0,btc,0.0,0.0,0.0,213
1,[],24,[],2019-05-30 00:07:46,0.0,0.000000399202,0.0000000000344859829346,7709358,2019-05-30 00:07:46,btc,0.0,0.0,0.000000399202,btc,0.0,0.0,0.0,213
1,[],26,[],2019-05-30 00:07:47,0.0,0.00000040,0.000000000034554919999999996,7709359,2019-05-30 00:07:47,btc,0.0,0.0,0.00000040,btc,0.0,0.0,0.0,213
0,[],22,[],2019-06-02 19:57:38,0.0,0,0,7727828,2019-06-02 19:57:38,,9.61445386,0.0,0,,3661587.094064925,0.0,0.0,216
0.0000000001309586,[],27,[],2019-06-02 19:57:44,1000.0,1.309586e-18,1.1364836129340003e-22,7727829,2019-06-02 19:57:44,ltc,88.91609335917752,1000.0,0.00000001,"btc,ltc",391269.407688,1e-05,1.3095860000000002e-15,216
1,[],22,[],2019-06-02 19:57:47,730951.0,0.00000029,0.000000000025166751,7727830,2019-06-02 19:57:47,BTC,12056.47573965,0.0,0.00000029,BTC,518189.689054774,0.00120472,0.0573113,217
1,[],7,[],2019-06-02 19:57:50,0.0,0,0,7727831,2019-06-02 19:57:50,btc,1234864.1040716618,0.0,0,btc,164001712.13147992,0.0,0.0,219
0,[],27,[],2019-06-02 19:57:54,0.0,0,0,7727832,2019-06-02 19:57:54,,261.4083746267132,0.0,0,btc,15454258.74381025,0.0,0.0,219
0,[],28,[],2019-06-02 19:58:46,0.0,0,0,7727833,2019-06-02 19:58:46,,0.0,12161.14,0,,0.0,0.0,0.0,219
1,[],22,[],2019-05-23 16:41:05,172069.0,0.00000004,0.0000000000031167080000000004,7674065,2019-05-23 16:41:05,BTC,56.76466137,0.0,0.00000004,BTC,127061.6482738741,0.0,0.00393676,221
1,[],24,[],2019-05-23 16:41:05,0.0,0.000000010000,0.0000000000007791770000000001,7674066,2019-05-23 16:41:05,btc,0.0,0.0,0.000000010000,btc,0.0,0.0,0.0,221
1,[],20,[],2019-06-02 19:58:47,10155267.4776,0.000000002,0.00000000000017356380000000002,7727834,2019-06-02 19:58:47,btc,100052.6745247987,4842013.6799,0.000000002,btc,45543451.0108,0.0070286071023,0.0106857112127,224
0,[],22,[],2019-06-02 19:58:50,0.0,0,0,7727835,2019-06-02 19:58:50,,0.0,0.0,0,,0.0,0.0,0.0,224
1,[],26,[],2019-06-02 19:58:50,0.0,0.00000025,0.000000000021695475000000002,7727836,2019-06-02 19:58:50,btc,0.0,0.0,0.00000025,btc,0.0,0.0,0.0,231
1,[],26,[],2019-06-02 19:58:50,0.0,0.00000006,0.000000000005206914,7727837,2019-06-02 19:58:50,btc,0.0,0.0,0.00000006,btc,0.0,0.0,0.0,234
0.0000000003077605,[],27,[],2019-06-02 19:58:58,100.0,3.077605e-18,2.670804093495e-22,7727838,2019-06-02 19:58:58,eth,0.01134836604,0.0,0.00000001,"btc,eth",11462.996,0.0,3.077605e-16,234
1,[],4,[],2019-05-22 17:06:12,91780.56053785,0.00000078,0.000000000061977552,7669277,2019-05-22 17:06:12,btc,5.573372450018177,0.0,0.00000078,btc,729173.93529783,0.0,0.0307060663355679,236
1,[],24,[],2019-05-22 17:06:12,0.0,0.000000010000,0.000000000000794584,7669278,2019-05-22 17:06:12,btc,0.0,0.0,0.000000010000,btc,0.0,0.0,0.0,236
1,[],5,[],2019-06-02 19:27:40,0.0,0,0,7727697,2019-06-02 19:27:40,btc,0.0,0.2237383,0,btc,0.0,0.0,0.0,237
1,[],20,[],2019-06-02 19:27:42,117589704.5829,0.000000041,0.0000000000035625801999999997,7727698,2019-06-02 19:27:42,btc,522.7661267812399,12274662.4108,0.000000041,btc,43489991.0819,0.5360615016298,0.4171405938763,237
1,[],22,[],2019-06-02 19:27:46,288100.0,0.00000003,0.000000000002606766,7727699,2019-06-02 19:27:46,BTC,1.20267422,0.0,0.00000003,"BTC,LTC",17930.94871794872,0.0,0.007541,237
1,[],4,[],2019-06-02 19:27:47,27223822.02467624,0.00000011,0.000000000009558141999999999,7727700,2019-06-02 19:27:47,btc,2.816353881078581,0.0,0.00000011,btc,9735007.63309083,0.07623531,0.561523489687346,238
1,[],5,[],2019-06-02 19:27:49,0.0,0,0,7727701,2019-06-02 19:27:49,btc,0.0,0.00067416,0,btc,0.0,0.0,0.0,238
0,[],22,[],2019-03-12 16:49:32,0.0,0,0,6914458,2019-03-12 16:49:32,,0.40415746,0.0,0,,526736.5639027493,0.0,0.0,249
0,[],22,[],2019-05-28 23:53:45,0.0,0,0,7703643,2019-05-28 23:53:45,,13.44714864,0.0,0,,43777534.3426455,0.0,0.0,252
0,[],28,[],2019-06-02 20:01:29,0.0,0,0,7727839,2019-06-02 20:01:29,,0.0,1101754.623,0,,0.0,0.0,0.0,256
1,[],22,[],2019-06-02 20:01:33,1021960.0,0.00000001,0.0000000000008678190000000001,7727840,2019-06-02 20:01:33,BTC,31464.5506333,0.0,0.00000001,BTC,584951.6675322719,0.0,0.0102196,258
1,[],22,[],2019-05-19 18:12:02,400.0,0.00000001,0.0000000000007957800000000001,7653905,2019-05-19 18:12:02,BTC,2.415167,0.0,0.00000001,BTC,157.0,0.0,4e-06,259
1,[],5,[],2019-06-02 19:27:57,0.0,0,0,7727704,2019-06-02 19:27:57,btc,0.0,0.05903731,0,btc,0.0,0.0,0.0,264
1,[],20,[],2019-06-02 19:27:58,958393.1866,0.000000171,0.0000000000148585662,7727705,2019-06-02 19:27:58,btc,0.9760774832195,7655.6255,0.000000171,btc,51736.5911,0.00444026279,0.0080537771819,264
0,[],22,[],2019-04-12 17:57:27,0.0,0,0,7278186,2019-04-12 17:57:27,,66.37522201,0.0,0,,677842.4169881374,0.0,0.0,271
0,[],22,[],2019-05-29 08:10:20,0.0,0,0,7705301,2019-05-29 08:10:20,,33050470.74998113,0.0,0,,14361377780.7,0.0,0.0,272
0,[],28,[],2019-05-29 08:10:54,0.0,0,0,7705302,2019-05-29 08:10:54,,0.0,22189957216.5758,0,,0.0,0.0,0.0,272
1,[],22,[],2019-05-23 07:12:29,219930.0,0.00000004,0.000000000003048688,7671985,2019-05-23 07:12:29,BTC,426.77835217,0.0,0.00000004,BTC,248664.3325962929,0.0,0.00739728,281
1,[],22,[],2019-06-02 19:28:03,994787.4333333333,0.00000004,0.0000000000034756879999999998,7727706,2019-06-02 19:28:03,BTC,31.67416711,0.0,0.00000004,"BTC,LTC",1525645.4569583754,0.00195326,0.04053517,286
0,[],22,[],2019-06-02 19:28:06,0.0,0,0,7727707,2019-06-02 19:28:06,,7337904.96568486,0.0,0,,2004620112.6797826,0.0,0.0,294
