pairValue,buyBook,exchangeId,sellBook,updated,buyTotal,satoshiPrice,usdPrice,exchangeLogId,created,bestPair,sellTotalBtc,volume,pairPrice,activePairs,sellTotal,volumeBtc,buyTotalBtc,coinId
1,[],3,[],2019-03-05 04:03:40,30524.69007039086,0.01251246999999999949537698995527534862048923969268798828125,0.000000463157835779,6846667,2019-03-05 04:03:40,btc,61.11073983445121,0.273798342745,0.01251246999999999949537698995527534862048923969268798828125,btc,25.276645025179,0.0,0.11389015807074017,1
1,[],4,[],2019-03-05 04:03:41,207902.41878029,0.01255470,0.00000046472100879000005,6846668,2019-03-05 04:03:41,btc,9.458696999980035,0.0,0.01255470,btc,280.29621153,0.6940744,2.9734893516744134,1
1,[],5,[],2019-03-05 04:03:44,0.0,0,0,6846669,2019-03-05 04:03:44,btc,0.0,0.08017076,0,btc,0.0,0.0,0.0,1
1,[],10,[],2019-03-05 04:03:47,414656.26663518,0.01130993,0.000000418644975901,6846670,2019-03-05 04:03:47,btc,6521.079222088704,2105.80320754,0.01130993,btc,1002.94270341,0.0,5.591886798354482,1
1,[],12,[],2019-03-05 04:03:49,10493.10928646,0.01254000000000000079880546621780013083480298519134521484375,0.0000004641768780000001,6846671,2019-03-05 04:03:49,btc,0.5102733415612,0.0,0.01254000000000000079880546621780013083480298519134521484375,btc,31.05849413,0.2344883266337,0.4041326384801,1
1,[],20,[],2019-03-05 04:03:51,1152.0583,0.010500213,0.0000003886727343441,6846672,2019-03-05 04:03:51,btc,0.0569787246464,0.4422,0.010500213,btc,2.6477,0.0055274938092,0.1004622630051,1
1,[],21,[],2019-03-05 04:03:52,2146.96070331,0.01255150000000000015676349108,0.00000046460255855,6846673,2019-03-05 04:03:52,btc,17.758936578742166,3502.18643024,0.012551500000000000156763491077072103507816791534423828125,"btc,eth",1986.17889576,35.004724391911,21.9685399090152,1
1,[],22,[],2019-03-05 04:03:56,0.006382215384615385,0.01300000,0.0000004812041,6846674,2019-03-05 04:03:56,BTC,0.31439419,0.0,0.01300000,BTC,0.12751438772928525,0.0,7.978e-05,1
1,[],24,[],2019-03-05 04:03:57,0.0,0.000000000000,0,6846675,2019-03-05 04:03:57,btc,0.0,0.0,0.000000000000,btc,0.0,0.0,0.0,1
0,[],2,[],2019-01-20 23:28:45,0.0,0,0,6477011,2019-01-20 23:28:45,,0.0,0.0,0,,0.0,0.0,0.0,1
0.0,[],25,[],2019-03-05 04:03:58,0.0,0,0,6846676,2019-03-05 04:03:58,btc,30.937499998394788,4933.28647225,0.0,btc,2405.03782546,63.1116,0.0,1
1,[],26,[],2019-03-05 04:04:07,0.0,0,0,6846677,2019-03-05 04:04:07,,0.0,0.0,0,,0.0,0.0,0.0,1
1,[],28,[],2019-03-05 04:04:09,993.142,0.01323000,0.000000489717711,6846678,2019-03-05 04:04:09,btc,0.162839806,18148.1,0.01323000,btc,8.9,0.0,0.089302756,1
1,[],5,[],2019-03-05 03:55:22,0.0,0,0,6846481,2019-03-05 03:55:22,btc,0.0,0.01076537,0,btc,0.0,0.0,0.0,2
0.0000000001255235,[],22,[],2019-03-05 03:55:26,1148.0,1.3807585e-16,5.1274190745800004e-21,6846482,2019-03-05 03:55:26,XMR,21.01373823,0.0,0.00000110,XMR,14319.12581,0.0,0.00087635,2
1,[],5,[],2019-03-05 04:04:10,0.0,0,0,6846679,2019-03-05 04:04:10,btc,0.0,0.98417634,0,btc,0.0,0.0,0.0,3
1,[],12,[],2019-03-05 04:04:12,13343594.463,0.000000175,0.0000000000064777475,6846680,2019-03-05 04:04:12,btc,924384.5403206947,0.0,0.000000175,btc,8034206.80669234,0.04492686370515196,0.7442844609582,3
0,[],28,[],2019-03-05 04:04:13,0.0,0,0,6846681,2019-03-05 04:04:13,,0.0,0.0,0,,0.0,0.0,0.0,3
0,[],2,[],2019-01-20 23:31:32,0.0,0,0,6477077,2019-01-20 23:31:32,,0.0,0.0,0,,0.0,0.0,0.0,4
1,[],4,[],2019-03-05 04:04:14,379164.98177796,0.00000032,0.000000000011845024000000001,6846682,2019-03-05 04:04:14,btc,32.10772888956506,0.0,0.00000032,btc,715647.52175842,0.0,0.048508659222249,4
1,[],12,[],2019-03-05 04:04:15,1380156.35333333,0.00000003,0.000000000001110471,6846683,2019-03-05 04:04:15,btc,11013925.647185193,0.0,0.00000003,btc,1487826.32371984,6.786e-05,0.0214473703999999,5
0,[],2,[],2019-01-20 23:31:51,0.0,0,0,6477087,2019-01-20 23:31:51,,0.0,0.0,0,,0.0,0.0,0.0,6
1,[],11,[],2019-03-05 04:04:17,5580884.5,0.00000002,0.0000000000007403140000000001,6846684,2019-03-05 04:04:17,btc,9568.203380782814,133333.333333,0.00000002,btc,41644298.74119657,0.0,0.079092525,6
1,[],3,[],2019-03-05 04:04:18,1083.219134292546,0.0001511899999999999941006911807761525778914801776409149169921875,0.0000000055964036830000005,6846685,2019-03-05 04:04:18,btc,28.402034233092024,0.0,0.0001511899999999999941006911807761525778914801776409149169921875,btc,243.122414578101,0.0,0.03359299801744697,7
1,[],4,[],2019-03-05 04:04:18,99892.42658508,0.00024916,0.000000009222831812,6846686,2019-03-05 04:04:18,btc,21.904584740912494,0.0,0.00024916,btc,55633.98916602,5.168374,6.8447201629054435,7
1,[],5,[],2019-03-05 04:04:20,0.0,0,0,6846687,2019-03-05 04:04:20,btc,0.0,0.89689146,0,btc,0.0,0.0,0.0,7
1,[],20,[],2019-02-20 02:16:17,39399275.8418,0.000000001,0.0000000000000390183,6728586,2019-02-20 02:16:17,btc,116.9737569154545,525.0,0.000000001,btc,56932965.8895,5.25e-07,0.0393992758418,8
0,[],2,[],2019-01-20 23:22:42,0.0,0,0,6476876,2019-01-20 23:22:42,,0.0,0.0,0,,0.0,0.0,0.0,9
0,[],23,[],2019-01-20 23:22:48,0.0,0,0,6476878,2019-01-20 23:22:48,,0.0,0.0,0,,0.0,0.0,0.0,9
1,[],1,[],2019-02-17 23:31:42,1822507.21,0.00000181000000000000003456111265232042484285557293333113193511962890625,0.000000000066086901,6701244,2019-02-17 23:31:42,btc,3.6990969245,17153386.5,0.00000181000000000000003456111265232042484285557293333113193511962890625,btc,1997391.71,31.11772986,3.2610482446,9
1,[],4,[],2019-03-05 04:04:23,1066260.42654477,0.00000165,0.000000000061075905,6846688,2019-03-05 04:04:23,btc,6.165085008035295,0.0,0.00000165,btc,2822575.65166195,1.09852218,0.890736149244296,9
1,[],28,[],2019-03-05 04:04:24,47563.15,0.00000166,0.000000000061446062,6846689,2019-03-05 04:04:24,btc,2708.761281370583,3642041.29,0.00000166,btc,11954.1497,0.0,0.050224829,9
1,[],4,[],2019-02-17 11:22:43,4341674.27126056,0.00000002,0.0000000000007272960000000001,6696112,2019-02-17 11:22:43,btc,0.1997230937751353,0.0,0.00000002,btc,4109766.79808031,0.00215132,0.0479381022052112,10
0,[],2,[],2019-01-20 23:23:08,0.0,0,0,6476890,2019-01-20 23:23:08,,0.0,0.0,0,,0.0,0.0,0.0,12
1,[],4,[],2019-03-05 04:04:26,6020901.94618501,0.00000120,0.00000000004441884,6846690,2019-03-05 04:04:26,btc,10.958366449302357,0.0,0.00000120,btc,6004765.69597575,4.12041675,3.443071798994002,12
1,[],5,[],2019-03-05 04:04:28,0.0,0,0,6846691,2019-03-05 04:04:28,btc,0.0,0.46240761,0,btc,0.0,0.0,0.0,12
0.0,[],25,[],2019-03-05 04:04:29,0.0,0,0,6846692,2019-03-05 04:04:29,,0.0,0.0,0.0,btc,0.0,0.0,0.0,12
1,[],10,[],2019-03-05 03:02:33,414952.04772279,0.00000532,0.000000000197342208,6846302,2019-03-05 03:02:33,btc,666802.4834492927,13425.4938215,0.00000532,btc,727697.50205074,0.0,0.2282755485173785,13
1,[],4,[],2019-03-05 04:04:30,31923542.67350455,0.00000561,0.000000000207658077,6846693,2019-03-05 04:04:30,btc,2.9734033291795767,0.0,0.00000561,btc,414939.54695512,0.43963319,0.6791156450144985,13
1,[],21,[],2019-03-05 04:04:33,966660.85949561,0.000005550000000000000225308053464,0.00000000020543713500000002,6846694,2019-03-05 04:04:33,btc,4.579420780202664,996661.61648172,0.0000055500000000000002253080534642126764310887665487825870513916015625,btc,720176.8212524999,5.69970109,5.043144435391987,13
0,[],17,[],2019-03-05 03:56:06,0.0,0,0,6846501,2019-03-05 03:56:06,btc,0.0,0.0,0,btc,0.0,0.0,0.0,14
1,[],4,[],2019-03-05 04:04:35,719763.07673616,0.00000131,0.000000000048490567,6846695,2019-03-05 04:04:35,btc,17.42785370033264,0.0,0.00000131,btc,906845.88429602,0.06254729,0.1701000430140816,14
1,[],12,[],2019-03-05 04:04:36,213668.69615935,0.000001359999999999999896105784720490294859018831630237400531768798828125,0.000000000050341352,6846696,2019-03-05 04:04:36,btc,5.291273084472009,0.0,0.000001359999999999999896105784720490294859018831630237400531768798828125,btc,31237.09622013,0.0001497868032,0.022802519999856,14
1,[],26,[],2019-03-05 04:04:47,0.0,0.00000050,0.000000000018507850000000002,6846697,2019-03-05 04:04:47,btc,0.0,0.0,0.00000050,btc,0.0,0.0,0.0,14
,[],12,[],2018-12-01 15:15:48,204241.84496,0.00000489,0.000000000202473384,5260204,2018-12-01 15:15:48,btc,49.5475654835,0.0,,btc,35763.2193806,0.0163153972027625,0.0203389899998,15
0,[],4,[],2019-03-05 04:04:48,0.0,0,0,6846698,2019-03-05 04:04:48,,0.0,0.0,0,,0.0,0.0,0.0,15
1,[],4,[],2019-03-05 03:56:09,25284.51634291,0.00001771,0.000000000657657308,6846504,2019-03-05 03:56:09,btc,1.3577270484967539,0.0,0.00001771,btc,15775.48953458,0.01748699,0.0713627978403295,18
1,[],10,[],2019-03-05 03:56:11,786460.28465139,0.00001728,0.000000000641689344,6846505,2019-03-05 03:56:11,btc,15.389354368497093,3980.08777877,0.00001728,btc,13436.53006593,0.0,0.1820854405488966,18
1,[],12,[],2019-03-05 03:56:13,193106.69386795,0.00001650999999999999947523747489963596990492078475654125213623046875,0.000000000613095548,6846506,2019-03-05 03:56:13,btc,23.632938214825316,0.0,0.00001650999999999999947523747489963596990492078475654125213623046875,btc,2012.82032512,0.0283408855849651,0.031186409624228802,18
0,[],2,[],2019-01-20 23:23:38,0.0,0,0,6476906,2019-01-20 23:23:38,,0.0,0.0,0,,0.0,0.0,0.0,18
0,[],17,[],2019-03-05 02:54:33,0.0,0,0,6846112,2019-03-05 02:54:33,btc,0.0,0.0,0,btc,0.0,0.0,0.0,18
0,[],2,[],2019-01-20 23:24:19,0.0,0,0,6476924,2019-01-20 23:24:19,,0.0,0.0,0,,0.0,0.0,0.0,19
1,[],3,[],2019-03-05 04:04:49,118679.53800907305,0.000020100000000000000678623823802126935333944857120513916015625,0.0000000007440155700000001,6846699,2019-03-05 04:04:49,btc,0.5483373544727321,2.19435136,0.000020100000000000000678623823802126935333944857120513916015625,btc,9920.83263074671,0.0,0.036816045398776635,19
1,[],4,[],2019-03-05 04:04:50,408616.16549398,0.00001910,0.0000000007069998700000001,6846700,2019-03-05 04:04:50,btc,2.2440699378849804,0.0,0.00001910,btc,77833.83348605,0.3994055,2.2969680968027397,19
1,[],5,[],2019-03-05 04:04:51,0.0,0,0,6846701,2019-03-05 04:04:51,btc,0.0,0.00548902,0,btc,0.0,0.0,0.0,19
1,[],12,[],2019-03-05 04:04:52,134877.38176094,0.00001836999999999999860756348668555659742196439765393733978271484375,0.000000000679978409,6846702,2019-03-05 04:04:52,btc,0.11187289071027991,0.0,0.00001836999999999999860756348668555659742196439765393733978271484375,btc,417.56200924,0.00131037,0.11341638989835891,19
0,[],27,[],2019-03-05 04:04:55,0.0,0,0,6846703,2019-03-05 04:04:55,,0.0,0.0,0,btc,0.0,0.0,0.0,19
1,[],4,[],2019-03-05 04:04:56,2777623.61518904,0.00000013,0.000000000004812041,6846704,2019-03-05 04:04:56,btc,7.37859059072158,0.0,0.00000013,btc,2855684.97012105,0.0001008,0.0777967122989777,20
0,[],17,[],2019-03-05 03:03:18,0.0,0,0,6846320,2019-03-05 03:03:18,btc,0.0,0.0,0,btc,0.0,0.0,0.0,21
1,[],4,[],2019-03-05 04:04:57,104056136.21537024,0.00000002,0.0000000000007403140000000001,6846705,2019-03-05 04:04:57,btc,1799.0982216782281,0.0,0.00000002,btc,55494697.40039335,0.0,1.1678631674280453,21
1,[],12,[],2019-03-05 04:04:58,17916951.0,0.00000002,0.0000000000007403140000000001,6846706,2019-03-05 04:04:58,btc,670.8733402334847,0.0,0.00000002,btc,8127598.32857329,0.0,0.23057926,21
1,[],12,[],2019-03-05 04:05:02,3121632855.531895,0.0000000001,0.000000000000003701570000000001,6846707,2019-03-05 04:05:02,btc,975866455574.2426,0.0,0.0000000001,btc,5106596867.664552,0.01687286129400599,0.3121632855531895,23
0,[],27,[],2019-03-05 04:05:05,0.0,0,0,6846708,2019-03-05 04:05:05,,13.503633221578426,0.0,0,eth,2004616.85364636,0.0,0.0,23
1,[],4,[],2019-03-05 04:05:05,483652.77670465,0.00000044,0.000000000016286908,6846709,2019-03-05 04:05:05,btc,9.074319013003352,0.0,0.00000044,btc,1556447.47334613,0.0,0.1459939122546403,24
1,[],22,[],2019-03-05 04:05:09,11.76,0.00000100,0.000000000037015700000000004,6846710,2019-03-05 04:05:09,BTC,7.415e-05,0.0,0.00000100,BTC,23.919354838709676,0.0,1.176e-05,24
0.0,[],25,[],2019-03-05 04:05:10,0.0,0,0,6846711,2019-03-05 04:05:10,,0.0,0.0,0.0,btc,0.0,0.0,0.0,24
0,[],2,[],2019-01-20 23:25:56,0.0,0,0,6476976,2019-01-20 23:25:56,,0.0,0.0,0,,0.0,0.0,0.0,26
1,[],4,[],2019-03-05 04:05:11,26582361.88103196,0.00000601,0.00000000022246435700000003,6846712,2019-03-05 04:05:11,btc,62.17062817608351,0.0,0.00000601,btc,240632.89507812,0.08379717,0.4561001422345801,26
1,[],10,[],2019-03-05 04:05:13,686609.99303294,0.000006,0.00000000022209420000000003,6846713,2019-03-05 04:05:13,btc,26.127046226677777,4437.20448266,0.000006,btc,14181.86116466,0.0,0.228052178315321,26
1,[],3,[],2019-03-05 04:05:14,10350241.88133568,0.00000001,0.00000000000037015700000000005,6846714,2019-03-05 04:05:14,btc,2.1370644272749866,1654558.94107,0.00000001,btc,16393479.14130495,0.0,0.1035024188133568,27
1,[],5,[],2019-03-05 04:05:15,0.0,0,0,6846715,2019-03-05 04:05:15,btc,0.0,5.968e-05,0,btc,0.0,0.0,0.0,27
1,[],11,[],2019-03-05 04:05:17,9462011.01151506,0.00000005,0.000000000001850785,6846716,2019-03-05 04:05:17,btc,67506.37927837588,8043.88,0.00000005,btc,7972323.38084264,0.0,0.4410008448653851,27
1,[],4,[],2019-03-05 04:05:17,1382540313.9113493,0.00000002,0.0000000000007403140000000001,6846717,2019-03-05 04:05:17,btc,2.8057894396539305,0.0,0.00000002,"btc,ltc",202963343.45910007,0.19377159,9.697184797532282,29
1,[],7,[],2019-03-05 04:05:19,35378168.81376059,0.00000002,0.0000000000007403140000000001,6846718,2019-03-05 04:05:19,btc,44462590.67142736,80306.5416409,0.00000002,btc,46027741.5737255,0.00183393,0.37665743203623775,29
0,[],17,[],2019-03-05 02:55:10,0.0,0,0,6846135,2019-03-05 02:55:10,btc,0.0,0.0,0,btc,0.0,0.0,0.0,30
1,[],4,[],2019-03-05 04:05:20,2329206.16698034,0.00000023,0.000000000008513611,6846719,2019-03-05 04:05:20,btc,2.433607870001449,0.0,0.00000023,btc,1689978.90733414,0.00470227,0.0999489781012787,30
1,[],4,[],2019-03-05 04:05:21,209872.06558225,0.00007266,0.0000000026895607620000003,6846720,2019-03-05 04:05:21,btc,10.286291059134085,0.0,0.00007266,btc,93120.03565234,4.40224425,3.595779465302989,31
1,[],21,[],2019-03-05 04:05:22,171921.41640517,0.00007629000000000000310165088058,0.0000000028239277530000003,6846721,2019-03-05 04:05:22,btc,12.398800876863213,1760606.00080005,0.000076290000000000003101650880577011548666632734239101409912109375,btc,144111.96198436,134.13354699,12.084380716094572,31
0,[],2,[],2019-01-20 23:28:43,0.0,0,0,6477009,2019-01-20 23:28:43,,0.0,0.0,0,,0.0,0.0,0.0,32
1,[],4,[],2019-03-05 04:05:23,440994244.8328489,0.00000004,0.0000000000014806280000000002,6846722,2019-03-05 04:05:23,btc,12.218099267257506,0.0,0.00000004,"btc,ltc",222019183.4319566,0.17150946,10.540539714929814,33
1,[],12,[],2019-03-05 04:05:24,16282682.35,0.00000004,0.0000000000014806280000000002,6846723,2019-03-05 04:05:24,btc,35634760.071877845,0.0,0.00000004,btc,96298446.45854135,0.001578950449551,0.3075727405,33
1,[],4,[],2019-03-05 04:05:25,112899500.00525624,0.00000001,0.00000000000037015700000000005,6846724,2019-03-05 04:05:25,btc,3.574362643744869,0.0,0.00000001,btc,101174562.96702377,0.01765855,1.1289950000525624,34
1,[],5,[],2019-03-05 04:05:26,0.0,0,0,6846725,2019-03-05 04:05:26,btc,0.0,0.10468558,0,btc,0.0,0.0,0.0,34
0.0000000001233533,[],4,[],2019-03-05 04:05:27,2499668431.943333,1.233533e-18,4.5660087468100005e-23,6846726,2019-03-05 04:05:27,ltc,6.241261296762668e-08,0.0,0.00000001,ltc,8349566672.494629,0.0,3.0834234998603557e-09,36
1,[],5,[],2019-03-05 04:05:29,0.0,0,0,6846727,2019-03-05 04:05:29,btc,0.0,0.0,0,btc,0.0,0.0,0.0,36
0.0000000003388654,[],27,[],2019-03-05 04:05:31,11290000.0,3.388654e-18,1.2543339986780002e-22,6846728,2019-03-05 04:05:31,eth,222.6013767858684,0.0,0.00000001,"ltc,eth",11165403.32426039,0.0,2.0332934082e-11,36
0,[],17,[],2019-03-05 03:57:25,0.0,0,0,6846536,2019-03-05 03:57:25,btc,0.0746458232965017,0.0,0,btc,4103573.70243647,0.0,0.0,36
1,[],4,[],2019-03-05 04:05:33,192882.38776254,0.00000057,0.000000000021098949,6846729,2019-03-05 04:05:33,btc,19772.480286126196,0.0,0.00000057,btc,559421.65843876,0.02720204,0.0771489978474713,37
1,[],12,[],2019-03-05 04:05:34,449419.40791744,0.00000056,0.000000000020728792000000003,6846730,2019-03-05 04:05:34,btc,1345.8118380300127,0.0,0.00000056,btc,946005.15402386,0.1032841086766687,0.1022926462421845,37
1,[],27,[],2019-03-05 04:05:47,14685.567,0.00000045,0.000000000016657065000000003,6846731,2019-03-05 04:05:47,btc,25.77745805411233,0.0,0.00000045,btc,6527.38138508,0.0,0.00480032515,37
1,[],17,[],2019-03-05 03:57:31,1752.74075282,0.00000025,0.0000000000092837,6846540,2019-03-05 03:57:31,btc,0.055484923777095005,0.0,0.00000025,btc,1319.19918473,0.0,0.00043818518820499993,37
1,[],5,[],2019-03-05 04:05:49,0.0,0,0,6846732,2019-03-05 04:05:49,btc,0.0,0.00127904,0,btc,0.0,0.0,0.0,42
1,[],12,[],2019-03-05 04:05:50,262142.41450107,0.00000110000000000000005610204141526242693771564518101513385772705078125,0.000000000040717270000000003,6846733,2019-03-05 04:05:50,btc,94.6382271330987,0.0,0.00000110000000000000005610204141526242693771564518101513385772705078125,btc,90622.00461036,0.0772361351427731,0.0687790749475441,42
0.0000000003388654,[],27,[],2019-03-05 04:05:52,2000.0,3.388654e-18,1.2543339986780002e-22,6846734,2019-03-05 04:05:52,eth,0.00315028,0.0,0.00000001,"btc,eth",11.007,0.0,6.777308e-15,42
1,[],5,[],2019-03-05 04:05:54,0.0,0,0,6846735,2019-03-05 04:05:54,btc,0.0,0.00027471,0,btc,0.0,0.0,0.0,43
1,[],12,[],2019-03-05 04:05:55,1209361.0,0.00000001,0.00000000000037015700000000005,6846736,2019-03-05 04:05:55,btc,3569.074552336114,0.0,0.00000001,btc,11768494.65174823,0.0,0.01209361,43
0,[],17,[],2019-03-05 04:05:57,0.0,0,0,6846737,2019-03-05 04:05:57,btc,0.0,0.0,0,btc,0.0,0.0,0.0,43
1,[],12,[],2019-03-05 01:54:08,639326.02,0.00000004,0.000000000001486676,6845775,2019-03-05 01:54:08,btc,11116042.728239931,0.0,0.00000004,btc,1103841.4595604,0.0003330765234764,0.014975410599999999,44
1,[],4,[],2019-03-05 04:05:57,290992298.76500726,0.00000002,0.0000000000007403140000000001,6846738,2019-03-05 04:05:57,btc,473.6308318032258,0.0,0.00000002,"btc,ltc",12404322.33540933,0.02060159,0.20127755693240315,49
0,[],4,[],2019-03-05 04:05:58,0.0,0,0,6846739,2019-03-05 04:05:58,,25.808783852920183,0.0,0,,9708415059.333303,0.0,0.0,52
0.00000000012566610000000001,[],22,[],2019-03-05 04:06:03,80845862.0,1.256661e-18,4.6516186577700005e-23,6846740,2019-03-05 04:06:03,XMR,4366.97466637,0.0,0.00000001,XMR,255820234.67882353,0.0,0.80845862,57
0.0000000003388654,[],27,[],2019-03-05 04:06:05,2000.0,3.388654e-18,1.2543339986780002e-22,6846741,2019-03-05 04:06:05,eth,0.0,0.0,0.00000001,"btc,eth",0.0,0.0,6.777308e-15,57
0.0000000001233778,[],4,[],2019-03-05 03:57:50,796891471.8568333,3.701334e-18,1.374482978232e-22,6846551,2019-03-05 03:57:50,ltc,18.807185317578554,0.0,0.00000003,ltc,4226205701.2234855,0.0,1.729062810584418e-09,58
1,[],12,[],2019-03-05 03:57:52,1724363099.843957,0.0000000004,0.000000000000014853920000000002,6846552,2019-03-05 03:57:52,btc,224005953968.941,0.0,0.0000000004,btc,3816750436.180397,0.025704167737158435,0.5648911241011392,58
0,[],17,[],2019-03-05 03:58:03,0.0,0,0,6846553,2019-03-05 03:58:03,btc,1e+24,0.0,0,btc,49226522.0897055,0.0,0.0,58
0.0000000001255235,[],22,[],2019-03-05 03:58:08,137438.0,1.2552350000000001e-18,4.6612900678e-23,6846554,2019-03-05 03:58:08,XMR,69.8835922,0.0,0.00000001,XMR,9887963.0,0.0,0.00137438,58
1,[],5,[],2019-03-05 04:06:07,0.0,0,0,6846742,2019-03-05 04:06:07,btc,0.0,0.00589067,0,btc,0.0,0.0,0.0,61
1,[],22,[],2019-03-05 04:06:11,13759.5,0.00000012,0.000000000004441884,6846743,2019-03-05 04:06:11,BTC,1002.29597012,0.0,0.00000012,BTC,14947.700278135757,0.0,0.00155017,61
1,[],26,[],2019-03-05 04:06:11,0.0,0.00000800,0.00000000029612560000000003,6846744,2019-03-05 04:06:11,btc,0.0,0.0,0.00000800,btc,0.0,0.0,0.0,61
1,[],27,[],2019-03-05 04:06:13,4413.2201,0.00000047,0.000000000017397379000000002,6846745,2019-03-05 04:06:13,btc,7.76072757961638,0.0,0.00000047,"btc,eth",19950.11257617,0.0,0.0012446999688502589,61
1,[],28,[],2019-03-05 04:06:15,13880.304,0.0000005,0.000000000018507850000000002,6846746,2019-03-05 04:06:15,btc,2.056312978300105,789.0,0.0000005,btc,9730.59500005,0.0,0.00566391304,61
1,[],4,[],2019-03-05 04:06:16,1293370.55142857,0.00000271,0.000000000100312547,6846747,2019-03-05 04:06:16,btc,11.158682297060828,0.0,0.00000271,btc,775313.04485063,0.18337774,1.0521340009311495,67
0.0,[],25,[],2019-03-05 04:06:17,0.0,0,0,6846748,2019-03-05 04:06:17,,0.0,0.0,0.0,btc,0.0,0.0,0.0,67
1,[],12,[],2019-03-05 04:06:18,1787282.92827317,0.00000021,0.000000000007773297000000001,6846749,2019-03-05 04:06:18,btc,11115899.277306806,0.0,0.00000021,btc,2222599.20098564,0.0005227417282735,0.0816897664411092,71
,[],5,[],2018-11-20 23:02:39,1.5e-07,0.00000005,0.000000000002128045,4862160,2018-11-20 23:02:39,btc,2.84511358,0.0,,btc,0.00036572,0.0,0.07381892,74
1,[],5,[],2019-03-05 04:06:19,0.0,0,0,6846750,2019-03-05 04:06:19,btc,0.0,0.0,0,btc,0.0,0.0,0.0,75
1,[],4,[],2019-03-05 04:06:20,15824487.347575,0.00000001,0.00000000000037015700000000005,6846751,2019-03-05 04:06:20,btc,11388.971513954408,0.0,0.00000001,btc,39319058.17822428,0.0,0.15824487347575,81
0,[],20,[],2019-01-25 09:30:31,0.0,0,0,6495923,2019-01-25 09:30:31,btc,0.0,0.0,0,btc,0.0,0.0,0.0,81
1,[],4,[],2019-03-05 04:06:22,28189.27888919,0.00007706,0.0000000028524298420000003,6846752,2019-03-05 04:06:22,btc,18.13511635451319,0.0,0.00007706,btc,12366.79390039,0.0250741,0.1661648778925948,82
1,[],21,[],2019-03-05 04:06:22,748410.99815591,0.00007414999999999999987388560330,0.000000002744714155,6846753,2019-03-05 04:06:22,btc,2.263450297684736,409.24669089,0.000074149999999999999873885603296486124236253090202808380126953125,btc,25948.71556956,0.03010249,1.7752595698586926,82
0,[],17,[],2019-03-05 04:06:24,0.0,0,0,6846754,2019-03-05 04:06:24,btc,0.0447233088476774,0.0,0,btc,999127.19588126,0.0,0.0,84
0.0000000001233533,[],4,[],2019-03-05 04:06:25,121090030.66553254,3.700599e-18,1.369802624043e-22,6846755,2019-03-05 04:06:25,ltc,1.7494930879869437,0.0,0.00000003,ltc,412172946.8867975,0.0,2.2993731376976081e-10,85
,[],22,[],2018-11-20 23:09:34,3408.1,0.0000001,0.0000000000041895,4862324,2018-11-20 23:09:34,BTC,0.04624735,0.0,,BTC,4990.0,0.0,0.00033081,86
0,[],22,[],2019-02-22 12:52:35,0.0,0,0,6758847,2019-02-22 12:52:35,,2.0760781,0.0,0,,140622.94736842104,0.0,0.0,87
0,[],27,[],2019-02-22 12:52:37,0.0,0,0,6758848,2019-02-22 12:52:37,,0.0,0.0,0,btc,0.0,0.0,0.0,87
,[],2,[],2018-11-20 23:10:47,0.0,0,0,4862359,2018-11-20 23:10:47,,0.0,0.0,,,0.0,0.0,0.0,88
1,[],11,[],2019-03-05 04:06:27,91716.7511892,0.00014191000000000000163570545996805094546289183199405670166015625,0.000000005252897987,6846756,2019-03-05 04:06:27,btc,609.9167249602253,110.55464789,0.00014191000000000000163570545996805094546289183199405670166015625,btc,104973.8402212,0.0,6.0725011874560355,89
0,[],2,[],2019-01-20 23:31:45,0.0,0,0,6477083,2019-01-20 23:31:45,,0.0,0.0,0,,0.0,0.0,0.0,91
1,[],12,[],2019-03-05 04:06:28,474361.21405722,0.0000011400000000000000966436132510128942385563277639448642730712890625,0.00000000004219789800000001,6846757,2019-03-05 04:06:28,btc,39.5624192423524,0.0,0.0000011400000000000000966436132510128942385563277639448642730712890625,btc,71666.05348564,0.0016783968579455,0.08673646349998229,91
1,[],22,[],2019-03-05 04:06:42,65900.0,0.00000001,0.00000000000037015700000000005,6846758,2019-03-05 04:06:42,BTC,3e-06,0.0,0.00000001,BTC,1.0,0.0,0.000659,91
0,[],17,[],2019-03-05 03:58:38,0.0,0,0,6846571,2019-03-05 03:58:38,btc,0.0,0.0,0,btc,0.0,0.0,0.0,91
0.0000000001233533,[],22,[],2019-03-05 04:06:45,1820000.0,6.167665e-18,2.2830043734050003e-22,6846759,2019-03-05 04:06:45,LTC,8.54731773,0.0,0.00000005,LTC,72219994.1,0.0,0.091,95
0.0000000001233533,[],4,[],2019-03-05 04:06:46,646558463.1947199,7.7712579e-17,2.8765855104903003e-21,6846760,2019-03-05 04:06:46,ltc,11.894686010037491,0.0,0.00000063,ltc,136359063.75997812,0.00010079,1.918425336812074e-09,96
1,[],12,[],2019-03-05 04:06:47,75309.47400001,0.00000001,0.00000000000037015700000000005,6846761,2019-03-05 04:06:47,btc,378535.46164871764,0.0,0.00000001,btc,8978849.42490483,0.0005340308491508,0.0007530947400001,96
0,[],17,[],2019-03-05 03:09:33,0.0,0,0,6846379,2019-03-05 03:09:33,btc,0.0,0.0,0,btc,0.0,0.0,0.0,96
1,[],4,[],2019-03-05 04:06:59,1757687.59013781,0.00000023,0.000000000008513611,6846762,2019-03-05 04:06:59,btc,2.653779851826833,0.0,0.00000023,btc,2532180.33916797,0.04739962,0.1080731079005475,99
1,[],4,[],2019-03-05 04:06:59,334294.94115556,0.00004148,0.0000000015354112360000001,6846763,2019-03-05 04:06:59,btc,11.16448879610938,0.0,0.00004148,btc,152818.64751537,2.80205589,2.380061126185613,100
0,[],2,[],2019-01-20 23:23:55,0.0,0,0,6476914,2019-01-20 23:23:55,,0.0,0.0,0,,0.0,0.0,0.0,100
1,[],22,[],2019-03-05 04:07:07,50000.0,0.00000001,0.00000000000037015700000000005,6846764,2019-03-05 04:07:07,BTC,23.49896609,0.0,0.00000001,BTC,10277.22,0.0,0.0005,101
1,[],4,[],2019-03-05 04:07:08,408888.12440872,0.00000070,0.00000000002591099,6846765,2019-03-05 04:07:08,btc,256.05692863307775,0.0,0.00000070,btc,408594.27108173,0.09445465,0.1861799542310727,103
1,[],12,[],2019-03-05 04:07:10,64252283.746,0.000000009,0.00000000000033314130000000003,6846766,2019-03-05 04:07:10,btc,137279914.45843968,0.0,0.000000009,btc,126478617.63140582,0.03130492842957061,0.231562168714,105
1,[],27,[],2019-03-05 04:07:13,115397.89,0.00000001,0.00000000000037015700000000005,6846767,2019-03-05 04:07:13,btc,36.59332814491341,1044311.50067673,0.00000001,btc,822331.73571724,0.02088623,0.0011539789,105
1,[],22,[],2019-03-05 03:59:15,9328.0,0.00000001,0.000000000000371348,6846582,2019-03-05 03:59:15,BTC,51.10837004,0.0,0.00000001,BTC,470435.0,0.0,9.328e-05,107
1,[],26,[],2019-03-05 03:59:15,0.0,0.00000000,0,6846583,2019-03-05 03:59:15,btc,0.0,0.0,0.00000000,btc,0.0,0.0,0.0,107
1,[],5,[],2019-03-05 04:07:14,0.0,0,0,6846768,2019-03-05 04:07:14,btc,0.0,1.907e-05,0,btc,0.0,0.0,0.0,112
1,[],22,[],2019-03-05 04:07:17,1966.0,0.00000001,0.00000000000037015700000000005,6846769,2019-03-05 04:07:17,BTC,2.81183288,0.0,0.00000001,BTC,808524.0833333334,0.0,1.966e-05,112
0.0000000003388654,[],27,[],2019-03-05 04:07:19,22000.0,2.0331924e-17,7.526003992068e-22,6846770,2019-03-05 04:07:19,eth,1.24892491849924,0.0,0.00000006,"btc,eth",1288.641654,0.0,4.13415788e-13,112
1,[],4,[],2019-03-05 04:07:20,1245919.526667,0.00000201,0.00000000007440155700000001,6846771,2019-03-05 04:07:20,btc,4.809290291173576,0.0,0.00000201,btc,336897.38715439,0.0386168,0.9149185055442073,113
1,[],5,[],2019-03-05 04:07:21,0.0,0,0,6846772,2019-03-05 04:07:21,btc,0.0,0.0,0,btc,0.0,0.0,0.0,113
0,[],27,[],2019-03-05 04:07:24,0.0,0,0,6846773,2019-03-05 04:07:24,,0.0,0.0,0,btc,0.0,0.0,0.0,116
1,[],17,[],2019-03-05 03:59:26,152738.278,0.00000004,0.0000000000014853920000000001,6846589,2019-03-05 03:59:26,btc,1.3368030274662104,0.0,0.00000004,btc,51896.221,0.0,0.0022095311199999998,116
1,[],4,[],2019-03-05 04:07:25,93177.61982082,0.00002458,0.000000000909845906,6846774,2019-03-05 04:07:25,btc,29.33220138863225,0.0,0.00002458,btc,86166.08034046,1.56365271,1.271663598506768,120
1,[],7,[],2019-03-05 04:07:27,21341.89776611,0.00002633000000000000032258917759264704727684147655963897705078125,0.000000000974623381,6846775,2019-03-05 04:07:27,btc,115647.69108813601,30.12407667,0.00002633000000000000032258917759264704727684147655963897705078125,btc,56501.30881301,0.00092773,0.0561821082798965,120
1,[],20,[],2019-03-05 04:07:30,1950003.9527,0.000000035,0.0000000000012955495000000002,6846776,2019-03-05 04:07:30,btc,32.2957660501996,18424.2,0.000000035,btc,1009791.7699,0.0006727775,0.0223334331066,125
1,[],22,[],2019-03-05 04:07:38,3053.0,0.00000001,0.00000000000037015700000000005,6846777,2019-03-05 04:07:38,BTC,0.01444887,0.0,0.00000001,BTC,296263.5111111111,0.0,3.053e-05,126
1,[],4,[],2019-03-05 03:59:37,154444.73355941,0.00001275,0.0000000004734687,6846595,2019-03-05 03:59:37,btc,4.110111367915883,0.0,0.00001275,btc,116889.91162976,0.18101781,0.7479721086427955,131
0,[],2,[],2019-01-20 23:25:46,0.0,0,0,6476969,2019-01-20 23:25:46,,0.0,0.0,0,,0.0,0.0,0.0,131
0,[],17,[],2019-03-05 03:10:28,0.0,0,0,6846399,2019-03-05 03:10:28,btc,0.0009561751951600001,0.0,0,btc,35.42829368,0.0,0.0,131
1,[],4,[],2019-03-05 04:07:39,4556.89661832,0.00016001,0.000000005922882157,6846778,2019-03-05 04:07:39,btc,1.6199286241227846,0.0,0.00016001,btc,238.12730989,0.0,0.0083738372314335,135
1,[],3,[],2019-03-04 23:53:52,1063515.28776843,0.00000004,0.000000000001486156,6845230,2019-03-04 23:53:52,btc,0.10322328207855509,23700.2,0.00000004,btc,531673.35144011,0.0,0.0312037341737019,136
1,[],4,[],2019-03-05 04:07:40,277702.75650273,0.00000159,0.000000000058854963,6846779,2019-03-05 04:07:40,btc,38.23405929769062,0.0,0.00000159,btc,516492.4350348,0.02233996,0.079065068497246,137
1,[],12,[],2019-03-05 04:07:41,293139.4471832,0.00000154999999999999998279913253351747215447176131419837474822998046875,0.000000000057374335000000006,6846780,2019-03-05 04:07:41,btc,11807.60044707881,0.0,0.00000154999999999999998279913253351747215447176131419837474822998046875,btc,125097.44127342,0.0019801391066254,0.0183485800000024,137
1,[],4,[],2019-03-05 04:07:42,109026.98824712,0.00004128,0.000000001528008096,6846781,2019-03-05 04:07:42,btc,28.747811917958845,0.0,0.00004128,btc,42090.97503052,0.13157096,0.7807555978362412,142
1,[],5,[],2019-03-05 04:07:43,0.0,0,0,6846782,2019-03-05 04:07:43,btc,0.0,0.18855963,0,btc,0.0,0.0,0.0,142
1,[],20,[],2019-03-05 04:07:45,132787.5661,0.000028061,0.0000000010386975577000001,6846783,2019-03-05 04:07:45,btc,0.3065065109112,0.0,0.000028061,btc,1594.2632,0.0,0.2221833447839,142
1,[],22,[],2019-03-05 04:07:49,1685.8988921568628,0.00004000,0.000000001480628,6846784,2019-03-05 04:07:49,BTC,3.00385504,0.0,0.00004000,BTC,891.218,0.0,0.00174536,142
0.0,[],25,[],2019-03-05 04:07:50,0.0,0,0,6846785,2019-03-05 04:07:50,,0.0,0.0,0.0,btc,0.0,0.0,0.0,142
1,[],28,[],2019-03-05 04:07:51,76144.0,0.00000820,0.00000000030352874,6846786,2019-03-05 04:07:51,btc,0.0639742472,1755.0,0.00000820,btc,500.6113,0.0,0.004468,142
1,[],17,[],2019-03-05 03:59:56,22967.386363640002,0.00000088,0.000000000032678624000000004,6846601,2019-03-05 03:59:56,btc,20.0699133484,0.0,0.00000088,btc,405.079105,0.0,0.0104613000000032,142
0,[],22,[],2019-03-05 04:07:54,0.0,0,0,6846787,2019-03-05 04:07:54,,60.71782865,0.0,0,,695843617.3,0.0,0.0,143
0,[],22,[],2019-02-25 15:42:22,0.0,0,0,6783783,2019-02-25 15:42:22,,4.2131946,0.0,0,,2322156.0,0.0,0.0,146
,[],22,[],2018-11-20 23:01:11,0.0,0,0,4862114,2018-11-20 23:01:11,,2.56807021,0.0,,,61828.4988236,0.0,0.0,147
1,[],12,[],2019-03-05 04:07:56,224209.66896753,0.00000216000000000000007166251099477438657459060777910053730010986328125,0.000000000079953912,6846788,2019-03-05 04:07:56,btc,28.61494452298077,0.0,0.00000216000000000000007166251099477438657459060777910053730010986328125,btc,117332.98938791,2.13459e-05,0.0351273815998648,148
1,[],4,[],2019-03-05 04:07:57,259310.89674778,0.00000030,0.00000000001110471,6846789,2019-03-05 04:07:57,btc,219.99194605252362,0.0,0.00000030,btc,840507.10255279,0.00589473,0.0618782257622912,152
0,[],22,[],2019-03-05 04:07:59,0.0,0,0,6846790,2019-03-05 04:07:59,,0.0,0.0,0,,0.0,0.0,0.0,152
1,[],5,[],2019-03-05 04:08:02,0.0,0,0,6846791,2019-03-05 04:08:02,btc,0.0,0.0,0,btc,0.0,0.0,0.0,153
,[],16,[],2019-01-11 15:38:59,0.0,0,0,6366141,2019-01-11 15:38:59,btc,0.0,0.0,,btc,0.0,0.0,0.0,155
0,[],22,[],2019-03-05 04:08:04,0.0,0,0,6846792,2019-03-05 04:08:04,,6.7463875,0.0,0,,4674391.242592593,0.0,0.0,156
0,[],23,[],2019-01-20 23:24:29,0.0,0,0,6476932,2019-01-20 23:24:29,,0.0,0.0,0,,0.0,0.0,0.0,156
1,[],22,[],2019-03-05 04:08:08,7073.8,0.00005300,0.0000000019618321000000003,6846793,2019-03-05 04:08:08,BTC,1.80343699,0.0,0.00005300,BTC,899.6422341958436,0.0,0.00104336,157
0,[],22,[],2019-03-05 04:08:10,0.0,0,0,6846794,2019-03-05 04:08:10,,50175.67608608,0.0,0,,54079135.04179466,0.0,0.0,158
,[],17,[],2018-11-20 22:56:10,0.0,0,0,4861976,2018-11-20 22:56:10,btc,1.1265625,0.0,,btc,1000.0,0.0,0.0,159
,[],20,[],2018-11-20 22:56:12,0.0,0,0,4861977,2018-11-20 22:56:12,btc,11912.7940471,0.0,,btc,34413894.3617,0.0,0.0,159
1,[],12,[],2019-03-05 04:08:13,180396.29317415,0.00000740000000000000030041073795228356857478502206504344940185546875,0.00000000027391618,6846795,2019-03-05 04:08:13,btc,6.641656195546528,0.0,0.00000740000000000000030041073795228356857478502206504344940185546875,btc,13564.69488146,0.0129408562509048,0.084661264827419,168
1,[],17,[],2019-03-05 04:00:36,29784.95,0.000001,0.0000000000371348,6846615,2019-03-05 04:00:36,btc,0.03026736251542,0.0,0.000001,btc,144.46171372,0.0,0.00716147,168
0,[],22,[],2019-03-05 04:08:26,0.0,0,0,6846796,2019-03-05 04:08:26,,1.1341504,0.0,0,,539283.174707144,0.0,0.0,169
1,[],22,[],2019-03-05 04:08:30,203600.0,0.00000002,0.0000000000007403140000000001,6846797,2019-03-05 04:08:30,BTC,13.25047031,0.0,0.00000002,BTC,146217.2939341018,0.0,0.002072,171
1,[],22,[],2019-03-05 04:08:34,831727.6666666666,0.00000004,0.0000000000014806280000000002,6846798,2019-03-05 04:08:34,BTC,2.1938388,0.0,0.00000004,"BTC,LTC",236317.04593143624,2.36e-06,0.02490185,173
1,[],5,[],2019-03-05 01:59:40,0.0,0,0,6845846,2019-03-05 01:59:40,btc,0.0,0.00384852,0,btc,0.0,0.0,0.0,175
1,[],22,[],2019-03-05 04:08:38,36490.833333333336,0.0000003,0.00000000001110471,6846799,2019-03-05 04:08:38,BTC,0.54826403,0.0,0.0000003,BTC,138776.41384013777,0.0,0.00239125,176
1,[],7,[],2019-03-05 04:08:40,0.0,0,0,6846800,2019-03-05 04:08:40,btc,410918.84255256574,0.0,0,btc,117734633.84370454,0.0,0.0,178
0,[],22,[],2019-03-05 04:08:42,0.0,0,0,6846801,2019-03-05 04:08:42,,1.00242438,0.0,0,,57522.0,0.0,0.0,178
0,[],2,[],2019-01-20 23:28:34,0.0,0,0,6477001,2019-01-20 23:28:34,,0.0,0.0,0,,0.0,0.0,0.0,178
1,[],5,[],2019-03-05 04:08:43,0.0,0,0,6846802,2019-03-05 04:08:43,btc,0.0,0.12451127,0,btc,0.0,0.0,0.0,179
1,[],22,[],2019-03-05 04:08:47,6949180.5,0.00000002,0.0000000000007403140000000001,6846803,2019-03-05 04:08:47,BTC,5.66994705,0.0,0.00000002,"BTC,LTC",18378268.089868754,0.0,0.37392433,179
0,[],23,[],2019-01-20 23:25:08,0.0,0,0,6476952,2019-01-20 23:25:08,,0.0,0.0,0,,0.0,0.0,0.0,179
1,[],22,[],2019-03-05 04:09:08,148605.4,0.00000100,0.000000000037015700000000004,6846804,2019-03-05 04:09:08,BTC,0.24514472,0.0,0.00000100,"BTC,LTC",83009.47835911435,0.02170155,0.01180544,180
1,[],26,[],2019-03-05 04:09:08,0.0,0.00000125,0.000000000046269625,6846805,2019-03-05 04:09:08,btc,0.0,150.0,0.00000125,btc,0.0,0.0,0.0,180
1,[],17,[],2019-03-05 04:01:18,10504.725,0.0000001,0.00000000000371348,6846624,2019-03-05 04:01:18,btc,5.2010695838170005,0.0,0.0000001,btc,4994.45945,0.0,0.0010504725,180
,[],7,[],2018-11-20 22:58:01,562227.975654,0.00000085,0.000000000036176765,4862015,2018-11-20 22:58:01,btc,21836.6059674,2491.87645172,,btc,749999.041456,0.00211021,0.127565380455,183
,[],5,[],2019-01-10 08:11:41,0.0,0,0,6347036,2019-01-10 08:11:41,btc,82.15055501,0.00261,,btc,1.19002445,0.0,0.0,187
1,[],24,[],2019-03-05 04:09:09,0.0,0.000000000001,3.70157e-17,6846806,2019-03-05 04:09:09,btc,0.0,0.0,0.000000000001,btc,0.0,0.0,0.0,187
,[],17,[],2018-11-16 20:58:10,4062536.27273,0.00000001,0.000000000000550501,4708775,2018-11-16 20:58:10,btc,3.36492563466,0.195460381006,,"btc,eth",110697919.549,0.0,0.0157628953496,187
0,[],22,[],2019-03-04 23:55:24,0.0,0,0,6845261,2019-03-04 23:55:24,,7.42841024,0.0,0,,79361.7243078683,0.0,0.0,191
0,[],22,[],2019-03-05 04:09:17,0.0,0,0,6846807,2019-03-05 04:09:17,,0.0,0.0,0,,0.0,0.0,0.0,197
0,[],23,[],2019-01-20 23:31:41,0.0,0,0,6477079,2019-01-20 23:31:41,,0.0,0.0,0,,0.0,0.0,0.0,199
0,[],22,[],2019-03-05 04:09:21,0.0,0,0,6846808,2019-03-05 04:09:21,,5.19477622,0.0,0,,21058553.0,0.0,0.0,199
1,[],26,[],2019-03-05 04:09:21,0.0,0.00000000,0,6846809,2019-03-05 04:09:21,btc,0.0,153623.0,0.00000000,btc,0.0,0.0,0.0,199
0,[],17,[],2019-01-30 16:32:01,0.0,0,0,6540827,2019-01-30 16:32:01,btc,6.802544163788159,0.0,0,btc,105897.55575295,0.0,0.0,200
0,[],2,[],2019-01-20 23:30:49,0.0,0,0,6477059,2019-01-20 23:30:49,,0.0,0.0,0,,0.0,0.0,0.0,201
1,[],4,[],2019-01-25 15:51:35,2084389.58565343,0.00000936,0.000000000333526752,6499557,2019-01-25 15:51:35,btc,2.0092503037378524,0.0,0.00000936,btc,160195.80207885,0.19272417,1.242687955921835,211
1,[],7,[],2019-03-05 04:09:24,2406906.93893674,0.000001269999999999999910766366496839285815667608403600752353668212890625,0.000000000047009939,6846810,2019-03-05 04:09:24,btc,15476656.126406645,227612.566356,0.000001269999999999999910766366496839285815667608403600752353668212890625,btc,13512815.13182219,0.0,2.0156753537483,212
1,[],5,[],2019-03-05 04:09:25,0.0,0,0,6846811,2019-03-05 04:09:25,btc,0.0,0.11243174,0,btc,0.0,0.0,0.0,213
1,[],24,[],2019-03-05 04:09:25,0.0,0.000000120000,0.000000000004441884,6846812,2019-03-05 04:09:25,btc,0.0,0.0,0.000000120000,btc,0.0,0.0,0.0,213
1,[],26,[],2019-03-05 04:09:25,0.0,0.00000010,0.00000000000370157,6846813,2019-03-05 04:09:25,btc,0.0,0.0,0.00000010,btc,0.0,0.0,0.0,213
1,[],12,[],2019-01-25 02:44:32,207462.42853209,0.000001080000000000000035831255497387193287295303889550268650054931640625,0.000000000038610756000000006,6493050,2019-01-25 02:44:32,btc,85023.03793723314,0.0,0.000001080000000000000035831255497387193287295303889550268650054931640625,btc,43675.73520027,0.000146250909087,0.0348620860622024,213
1,[],22,[],2019-03-05 04:09:33,45166.0,0.00000002,0.0000000000007403140000000001,6846814,2019-03-05 04:09:33,BTC,2.23272342,0.0,0.00000002,BTC,620045.3963726171,0.00038792,0.00061247,216
1,[],27,[],2019-03-05 04:09:36,1298602.0,0.00000003,0.000000000001110471,6846815,2019-03-05 04:09:36,btc,316.25863360644,0.0,0.00000003,"btc,ltc",238161.907,0.0,0.033772040000222034,216
1,[],22,[],2019-03-05 04:09:39,175639.06081954937,0.00000179,0.00000000006625810300000001,6846816,2019-03-05 04:09:39,BTC,12673.42685365,0.0,0.00000179,BTC,387177.0407067686,0.01985056,0.20106515,217
1,[],7,[],2019-03-05 04:09:40,0.0,0,0,6846817,2019-03-05 04:09:40,btc,77969.65966620563,0.0,0,btc,136168678.88835862,0.0,0.0,219
0,[],27,[],2019-03-05 04:09:42,0.0,0,0,6846818,2019-03-05 04:09:42,,0.03997288,0.0,0,btc,2007233.0,0.0,0.0,219
0.0000000000000053,[],28,[],2019-03-05 04:09:44,169558225.595,5.300053e-18,1.9618517183210003e-22,6846819,2019-03-05 04:09:44,doge,84213.6327103825,445867.0,0.00100001,"btc,doge",3504260.84751,0.0,1.953425700196949e-11,219
1,[],22,[],2019-03-05 04:09:47,295713.6666666667,0.00000004,0.0000000000014806280000000002,6846820,2019-03-05 04:09:47,BTC,2.79594873,0.0,0.00000004,BTC,84264.27041875875,0.000172,0.00922585,221
1,[],24,[],2019-03-05 04:09:47,0.0,0.000000200000,0.00000000000740314,6846821,2019-03-05 04:09:47,btc,0.0,0.0,0.000000200000,btc,0.0,0.0,0.0,221
1,[],20,[],2019-03-05 04:09:49,39105329.5253,0.000000001,0.0000000000000370157,6846822,2019-03-05 04:09:49,btc,48.4414392087255,1038039.1081,0.000000001,btc,15826885.0042,0.0010380391081,0.0391053295253,224
0,[],22,[],2019-03-05 04:09:52,0.0,0,0,6846823,2019-03-05 04:09:52,,0.0,0.0,0,,0.0,0.0,0.0,224
1,[],26,[],2019-03-05 04:09:52,0.0,0.00000035,0.000000000012955495,6846824,2019-03-05 04:09:52,btc,0.0,0.0,0.00000035,btc,0.0,0.0,0.0,231
1,[],26,[],2019-03-05 04:09:53,0.0,0.00000005,0.000000000001850785,6846825,2019-03-05 04:09:53,btc,0.0,100.0,0.00000005,btc,0.0,0.0,0.0,234
0.0000000003388654,[],27,[],2019-03-05 04:09:55,2000.0,3.388654e-18,1.2543339986780002e-22,6846826,2019-03-05 04:09:55,eth,0.01134836604,0.0,0.00000001,"btc,eth",11462.996,0.0,6.777308e-15,234
1,[],4,[],2019-03-05 04:09:56,775095.25297954,0.00000075,0.000000000027761775000000003,6846827,2019-03-05 04:09:56,btc,4.7483630006793165,0.0,0.00000075,btc,1226440.58027884,0.06887175,0.1942655872267513,236
1,[],24,[],2019-03-05 04:09:56,0.0,0.000000300000,0.00000000001110471,6846828,2019-03-05 04:09:56,btc,0.0,0.0,0.000000300000,btc,0.0,0.0,0.0,236
1,[],20,[],2019-03-05 04:09:58,174079758.7464,0.000000068,0.0000000000025170676,6846829,2019-03-05 04:09:58,btc,13.1479185318978,29884480.2592,0.000000068,btc,41577318.7534,1.9670911161724,0.62478709913,237
0.0000000001233533,[],22,[],2019-03-05 04:10:05,751594.9,2.0970061e-17,7.762214869577001e-22,6846830,2019-03-05 04:10:05,LTC,0.0413973,0.0,0.00000017,LTC,7239.0,0.0,0.12541949,237
1,[],4,[],2019-03-05 04:10:06,8788555.32872779,0.00000033,0.000000000012215181000000001,6846831,2019-03-05 04:10:06,btc,6.5869247132595925,0.0,0.00000033,btc,10469311.98985851,0.17269403,2.181363734758579,238
1,[],5,[],2019-03-05 04:10:08,0.0,0,0,6846832,2019-03-05 04:10:08,btc,0.0,0.00471607,0,btc,0.0,0.0,0.0,238
0,[],22,[],2019-03-05 04:10:11,0.0,0,0,6846833,2019-03-05 04:10:11,,0.41339518,0.0,0,,316626.5639027493,0.0,0.0,249
0.0000000001233533,[],22,[],2019-03-05 04:10:19,87163180.66666667,4.934132e-18,1.8264034987240002e-22,6846834,2019-03-05 04:10:19,LTC,0.99961926,0.0,0.00000004,LTC,17915189.09,1.5663584596884e-11,2.70466333,252
1,[],28,[],2019-03-05 04:10:21,2215341.628,0.00000035,0.000000000012955495,6846835,2019-03-05 04:10:21,btc,164732.80903479978,87212.4,0.00000035,btc,2598107.3844,0.0,0.36897778962,256
1,[],22,[],2019-03-05 04:02:45,1070354.0,0.00000002,0.000000000000742696,6846657,2019-03-05 04:02:45,BTC,31.47164001,0.0,0.00000002,BTC,671687.0957866946,0.0003,0.01087354,258
1,[],22,[],2019-03-05 04:02:48,48751.0,0.00000001,0.000000000000371348,6846658,2019-03-05 04:02:48,BTC,2.4175745,0.0,0.00000001,BTC,1762.0,0.0,0.00048751,259
1,[],5,[],2019-03-05 04:10:22,0.0,0,0,6846836,2019-03-05 04:10:22,btc,0.0,0.61254646,0,btc,0.0,0.0,0.0,264
1,[],20,[],2019-03-05 04:10:24,1255625.2431,0.00000221,0.00000000008180469700000001,6846837,2019-03-05 04:10:24,btc,7.4551018084126,243621.6407,0.00000221,btc,105742.2592,0.6020112831447,0.018312306083,264
0,[],22,[],2019-03-05 04:10:27,0.0,0,0,6846838,2019-03-05 04:10:27,,8.45802393,0.0,0,,433537.34411321935,0.0,0.0,271
0,[],22,[],2019-03-05 04:10:29,0.0,0,0,6846839,2019-03-05 04:10:29,,264.68187857,0.0,0,,13780784220.692,0.0,0.0,272
0.0000000000000053,[],28,[],2019-03-05 04:10:31,216837877380.905,5.0350000000000004e-21,1.8637404950000002e-25,6846840,2019-03-05 04:10:31,doge,151020974.9227681,14486059740.1343,0.00000095,doge,192115058978.2923,0.0,6.114437140679811e-10,272
1,[],22,[],2019-03-05 04:03:11,159422.74,0.00000200,0.00000000007426960000000001,6846664,2019-03-05 04:03:11,BTC,74.34381172,0.0,0.00000200,"BTC,LTC",9549.447639773189,0.0102506,0.0446675,281
1,[],22,[],2019-03-05 04:03:15,93292.0,0.00000003,0.000000000001114044,6846665,2019-03-05 04:03:15,BTC,1.18405159,0.0,0.00000003,BTC,129481.44086072838,0.00920085,0.00253452,286
0,[],22,[],2019-03-05 04:10:34,0.0,0,0,6846841,2019-03-05 04:10:34,,43641.05520291,0.0,0,,831015134.0,0.0,0.0,294
