pairValue,buyBook,exchangeId,sellBook,updated,buyTotal,satoshiPrice,usdPrice,exchangeLogId,created,bestPair,sellTotalBtc,volume,pairPrice,activePairs,sellTotal,volumeBtc,buyTotalBtc,coinId
0,[],2,[],2019-01-20 23:28:45,0.0,0,0,6477011,2019-01-20 23:28:45,,0.0,0.0,0,,0.0,0.0,0.0,1
1,[],3,[],2019-05-27 06:00:26,31469.589423493388,0.01025398999999999928578464647443979629315435886383056640625,0.000000891090188182,7693268,2019-05-27 06:00:26,btc,0.1772856269829064,63.0878130188,0.01025398999999999928578464647443979629315435886383056640625,btc,15.52854506211,0.0,0.2552205324922432,1
1,[],4,[],2019-05-27 06:00:29,207677.8273407,0.01079788,0.000000938355208184,7693269,2019-05-27 06:00:29,btc,8.266242123087588,0.0,0.01079788,btc,352.09458147,1.33902156,0.5481521984667891,1
1,[],5,[],2019-05-27 06:00:33,0.0,0,0,7693270,2019-05-27 06:00:33,btc,0.0,0.04866716,0,btc,0.0,0.0,0.0,1
1,[],10,[],2019-05-27 06:00:35,225838.3825729,0.00730404,0.0000006347342232720001,7693271,2019-05-27 06:00:35,btc,6521.804882602324,1923.77701674,0.00730404,btc,1329.55621682,0.0,2.3567198797537605,1
1,[],12,[],2019-05-27 06:00:38,70.12916263,0.010649999999999999744648704336213995702564716339111328125,0.0000009255041700000001,7693272,2019-05-27 06:00:38,btc,0.2291267103929,0.0,0.010649999999999999744648704336213995702564716339111328125,btc,20.384201440000002,0.603654531989,0.2266505506923,1
1,[],20,[],2019-05-27 06:00:42,973.4613,0.01026285,0.0000008918601381300001,7693273,2019-05-27 06:00:42,btc,0.5037388200255,0.0889,0.01026285,btc,41.7488,0.001012358529,0.1100094052269,1
1,[],21,[],2019-05-27 06:00:43,1968.7657744800001,0.01067220999999999968277375473,0.000000927434258978,7693274,2019-05-27 06:00:43,btc,11.727353979582613,2446.30876766,0.01067220999999999968277375472780477139167487621307373046875,"btc,eth",1487.95839783,22.314604008822638,17.97532329848256,1
1,[],22,[],2019-05-27 06:00:48,0.0025666666666666667,0.00900000,0.0000007821162,7693275,2019-05-27 06:00:48,BTC,0.31629903,0.0,0.00900000,BTC,0.2505752479991019,0.0,2.31e-05,1
1,[],24,[],2019-05-27 06:00:49,0.0,0.000000000000,0,7693276,2019-05-27 06:00:49,btc,0.0,0.0,0.000000000000,btc,0.0,0.0,0.0,1
0.0,[],25,[],2019-05-27 06:00:50,0.0,0,0,7693277,2019-05-27 06:00:50,btc,35.74999999856991,5212.8875661,0.0,btc,3269.54244317,55.995,0.0,1
1,[],26,[],2019-05-27 06:00:51,0.0,0,0,7693278,2019-05-27 06:00:51,,0.0,0.0,0,,0.0,0.0,0.0,1
0,[],28,[],2019-05-27 06:01:25,0.0,0,0,7693279,2019-05-27 06:01:25,,0.0,364804.15,0,,0.0,0.0,0.0,1
1,[],5,[],2019-05-27 06:01:27,0.0,0,0,7693280,2019-05-27 06:01:27,btc,0.0,0.00112297,0,btc,0.0,0.0,0.0,2
1,[],22,[],2019-05-27 06:01:30,11638.0,0.0000002,0.00000000001738036,7693281,2019-05-27 06:01:30,BTC,21.00897301,0.0,0.0000002,"BTC,XMR",20678.87287795317,0.0,0.00145435,2
1,[],5,[],2019-05-27 06:01:31,0.0,0,0,7693282,2019-05-27 06:01:31,btc,0.0,0.01643818,0,btc,0.0,0.0,0.0,3
1,[],12,[],2019-05-27 06:01:33,2789265.09465,0.000000109,0.0000000000094722962,7693283,2019-05-27 06:01:33,btc,4688.203321011283,0.0,0.000000109,btc,3285351.9265576,0.030371364731,0.19498054231685,3
0,[],28,[],2019-05-27 06:01:34,0.0,0,0,7693284,2019-05-27 06:01:34,,0.0,0.0,0,,0.0,0.0,0.0,3
0,[],2,[],2019-01-20 23:31:32,0.0,0,0,6477077,2019-01-20 23:31:32,,0.0,0.0,0,,0.0,0.0,0.0,4
1,[],4,[],2019-05-18 21:29:50,562734.9206932,0.00000010,0.000000000007298720000000001,7650946,2019-05-18 21:29:50,btc,41.9347137769675,0.0,0.00000010,btc,1123702.32192634,0.00052462,0.029254593370966,4
0,[],12,[],2019-05-26 21:03:47,0.0,0,0,7691427,2019-05-26 21:03:47,btc,0.40767300499500503,0.0,0,btc,1036053.4995005,0.0,0.0,5
0,[],2,[],2019-01-20 23:31:51,0.0,0,0,6477087,2019-01-20 23:31:51,,0.0,0.0,0,,0.0,0.0,0.0,6
1,[],11,[],2019-05-27 06:01:37,7436289.776736,0.00000002,0.000000000001738036,7693285,2019-05-27 06:01:37,btc,9578.912630428847,2985180.66667,0.00000002,btc,65175878.07531829,0.0,0.09709137276736,6
1,[],3,[],2019-05-27 06:01:37,13619.49237561379,0.0000888800000000000028389790518446034184307791292667388916015625,0.000000007723831984,7693286,2019-05-27 06:01:37,btc,0.045199170748667236,176.533509258,0.0000888800000000000028389790518446034184307791292667388916015625,btc,163.45383294376398,0.0,0.026381868252017084,7
1,[],4,[],2019-05-27 06:01:38,328726.49236919,0.00008900,0.0000000077342602,7693287,2019-05-27 06:01:38,btc,8.150098066177296,0.0,0.00008900,btc,48383.73507102,2.83521664,2.196409509125773,7
1,[],5,[],2019-05-27 06:01:40,0.0,0,0,7693288,2019-05-27 06:01:40,btc,0.0,0.19151963,0,btc,0.0,0.0,0.0,7
1,[],20,[],2019-04-07 22:06:50,3201475.0482,0.000000001,0.000000000000051590000000000004,7213932,2019-04-07 22:06:50,btc,30.8005781811902,0.0,0.000000001,btc,23077405.3926,0.0,0.0032014750482,8
0,[],2,[],2019-01-20 23:22:42,0.0,0,0,6476876,2019-01-20 23:22:42,,0.0,0.0,0,,0.0,0.0,0.0,9
0,[],23,[],2019-01-20 23:22:48,0.0,0,0,6476878,2019-01-20 23:22:48,,0.0,0.0,0,,0.0,0.0,0.0,9
1,[],1,[],2019-02-17 23:31:42,1822507.21,0.00000181000000000000003456111265232042484285557293333113193511962890625,0.000000000066086901,6701244,2019-02-17 23:31:42,btc,3.6990969245,17153386.5,0.00000181000000000000003456111265232042484285557293333113193511962890625,btc,1997391.71,31.11772986,3.2610482446,9
1,[],4,[],2019-05-27 06:01:43,20502826.91503237,0.00000047,0.000000000040843846,7693289,2019-05-27 06:01:43,btc,3.552061577395179,0.0,0.00000047,btc,3437368.4978359,0.73503577,0.4359973226509182,9
0,[],28,[],2019-05-27 06:01:55,0.0,0,0,7693290,2019-05-27 06:01:55,,0.0,3500031.57,0,,0.0,0.0,0.0,9
1,[],4,[],2019-02-17 11:22:43,4341674.27126056,0.00000002,0.0000000000007272960000000001,6696112,2019-02-17 11:22:43,btc,0.1997230937751353,0.0,0.00000002,btc,4109766.79808031,0.00215132,0.0479381022052112,10
0,[],2,[],2019-01-20 23:23:08,0.0,0,0,6476890,2019-01-20 23:23:08,,0.0,0.0,0,,0.0,0.0,0.0,12
1,[],4,[],2019-05-27 06:01:58,7781016.54098729,0.00000046,0.000000000039974828,7693291,2019-05-27 06:01:58,btc,4.8599620911818375,0.0,0.00000046,btc,4953012.16977866,1.82447562,1.4056496740595192,12
1,[],5,[],2019-05-27 06:01:59,0.0,0,0,7693292,2019-05-27 06:01:59,btc,0.0,0.44107356,0,btc,0.0,0.0,0.0,12
0.0,[],25,[],2019-05-27 06:02:00,0.0,0,0,7693293,2019-05-27 06:02:00,,0.0,0.0,0.0,btc,0.0,0.0,0.0,12
1,[],10,[],2019-05-27 01:08:30,568096.04356365,0.00000586,0.000000000516444144,7692563,2019-05-27 01:08:30,btc,666803.2674299486,8652.93608006,0.00000586,btc,862598.98371431,0.0,0.2815135779214737,13
1,[],4,[],2019-05-27 06:02:01,336472.63577203,0.00000575,0.00000000049968535,7693294,2019-05-27 06:02:01,btc,2.0261023303645196,0.0,0.00000575,btc,250237.91892309,0.47176734,0.5222221165779647,13
1,[],21,[],2019-05-27 06:02:05,1382444.22221978,0.000005900000000000000262409451807,0.00000000051272062,7693295,2019-05-27 06:02:05,btc,2.732490483041444,771026.55969445,0.0000059000000000000002624094518066666381628238013945519924163818359375,btc,427833.60714339,4.72090091,5.836332126970098,13
0,[],17,[],2019-05-03 00:53:32,0.0,0,0,7558876,2019-05-03 00:53:32,btc,0.0,0.0,0,btc,0.0,0.0,0.0,14
1,[],4,[],2019-05-27 06:02:05,900077.39739811,0.00000080,0.00000000006952144,7693296,2019-05-27 06:02:05,btc,4.135517359922853,0.0,0.00000080,btc,847399.70690703,0.0107491,0.1122991177868465,14
1,[],12,[],2019-05-27 06:02:07,135594.62157127,0.00000066,0.000000000057355188000000004,7693297,2019-05-27 06:02:07,btc,14.1344822059984,0.0,0.00000066,btc,21859.65080592,0.0,0.0149363299999833,14
1,[],26,[],2019-05-27 06:04:07,0.0,0.00000050,0.000000000043450900000000005,7693298,2019-05-27 06:04:07,btc,0.0,0.0,0.00000050,btc,0.0,0.0,0.0,14
,[],12,[],2018-12-01 15:15:48,204241.84496,0.00000489,0.000000000202473384,5260204,2018-12-01 15:15:48,btc,49.5475654835,0.0,,btc,35763.2193806,0.0163153972027625,0.0203389899998,15
0,[],4,[],2019-05-27 06:04:09,0.0,0,0,7693299,2019-05-27 06:04:09,,0.0,0.0,0,,0.0,0.0,0.0,15
0,[],2,[],2019-01-20 23:23:38,0.0,0,0,6476906,2019-01-20 23:23:38,,0.0,0.0,0,,0.0,0.0,0.0,18
0,[],17,[],2019-05-03 00:53:39,0.0,0,0,7558882,2019-05-03 00:53:39,btc,0.0,0.0,0,btc,0.0,0.0,0.0,18
1,[],4,[],2019-05-27 06:04:10,35192.77674545,0.00001210,0.00000000105151178,7693300,2019-05-27 06:04:10,btc,0.966654883377881,0.0,0.00001210,btc,10669.93385446,0.02824395,0.0879179013819587,18
1,[],10,[],2019-05-27 06:04:12,315736.91421855,0.00001135,0.00000000098633543,7693301,2019-05-27 06:04:12,btc,15.345184822687473,11293.237129,0.00001135,btc,13686.15990266,0.0,0.1223392567310855,18
1,[],12,[],2019-05-27 06:04:13,7329.16177551,0.000010499999999999999418976055765018173815406044013798236846923828125,0.0000000009124689,7693302,2019-05-27 06:04:13,btc,0.11307338160447261,0.0,0.000010499999999999999418976055765018173815406044013798236846923828125,btc,1152.25269134,0.003893834201,0.0081824537679691,18
0,[],2,[],2019-01-20 23:24:19,0.0,0,0,6476924,2019-01-20 23:24:19,,0.0,0.0,0,,0.0,0.0,0.0,19
1,[],3,[],2019-05-27 06:06:14,157988.25609992078,0.000008130000000000000087382358293641715363264665938913822174072265625,0.0000000007065116340000001,7693303,2019-05-27 06:06:14,btc,0.14815999598570015,3754.77071591,0.000008130000000000000087382358293641715363264665938913822174072265625,btc,4002.037760434089,0.0,0.048675871069693497,19
1,[],4,[],2019-05-27 06:06:15,624064.71834406,0.00000826,0.0000000007178088680000001,7693304,2019-05-27 06:06:15,btc,3.7763492458941146,0.0,0.00000826,btc,158628.50743184,0.59701535,0.8377197831657474,19
1,[],5,[],2019-05-27 06:06:17,0.0,0,0,7693305,2019-05-27 06:06:17,btc,0.0,9.768e-05,0,btc,0.0,0.0,0.0,19
1,[],12,[],2019-05-27 06:06:18,15454.56877468,0.000007109999999999999688846986922730053493069135583937168121337890625,0.000000000617871798,7693306,2019-05-27 06:06:18,btc,0.0579268958411345,0.0,0.000007109999999999999688846986922730053493069135583937168121337890625,btc,2080.17136297,0.00236618,0.0284461899997435,19
0,[],27,[],2019-05-27 06:06:26,0.0,0,0,7693307,2019-05-27 06:06:26,,0.0,0.0,0,btc,0.0,0.0,0.0,19
1,[],4,[],2019-05-27 06:06:28,10228410.21811859,0.00000007,0.000000000006083126000000001,7693308,2019-05-27 06:06:28,btc,6.4307072950777595,0.0,0.00000007,btc,2332215.60836933,0.0,0.1274738176872813,20
0,[],17,[],2019-05-03 00:53:51,0.0,0,0,7558891,2019-05-03 00:53:51,btc,0.0,0.0,0,btc,0.0,0.0,0.0,21
1,[],4,[],2019-05-27 06:06:30,72781483.2473748,0.00000001,0.000000000000869018,7693309,2019-05-27 06:06:30,btc,1774.7844046158937,0.0,0.00000001,btc,66471138.91973631,0.0,0.7278148324737481,21
1,[],12,[],2019-05-27 06:06:33,2435360.0,0.00000001,0.000000000000869018,7693310,2019-05-27 06:06:33,btc,1008.0168623015485,0.0,0.00000001,btc,6038338.0769230705,0.00070672,0.0243536,21
0.0000000003069502,[],27,[],2019-05-27 06:08:41,110161257.0,9.208506e-18,8.002357467108001e-22,7693312,2019-05-27 06:08:41,eth,1170.9294221408,1640271710.3626375,0.00000003,eth,7792873.208,1.5104451886234763e-08,5.62617717479166e-10,23
1,[],12,[],2019-05-27 06:08:34,6216239732.0,0.0000000004,0.000000000000034760720000000004,7693311,2019-05-27 06:08:34,btc,708147477.9975238,0.0,0.0000000004,btc,2536625829.3286715,0.018166509682,1.2613323844,23
1,[],4,[],2019-05-27 06:08:43,1861705.69285583,0.00000022,0.000000000019118396000000002,7693313,2019-05-27 06:08:43,btc,13.483943265664392,0.0,0.00000022,btc,2129333.52462349,0.0140608,0.0676719522320119,24
1,[],22,[],2019-05-27 06:08:46,21.76,0.00000100,0.00000000008690180000000001,7693314,2019-05-27 06:08:46,BTC,7.415e-05,0.0,0.00000100,BTC,23.919354838709676,0.0,1.186e-05,24
0.0,[],25,[],2019-05-27 06:08:48,0.0,0,0,7693315,2019-05-27 06:08:48,,0.0,0.0,0.0,btc,0.0,0.0,0.0,24
1,[],4,[],2019-05-27 06:08:49,337833.82906069,0.00000420,0.00000000036498756000000004,7693316,2019-05-27 06:08:49,btc,10.218809312422213,0.0,0.00000420,btc,266097.47396218,0.14021292,0.3059422047458407,26
1,[],10,[],2019-05-27 06:08:51,159417.44893447,0.00000402,0.000000000349345236,7693317,2019-05-27 06:08:51,btc,25.508961572156178,5714.0861402,0.00000402,btc,22959.07349936,0.0,0.029794126394687,26
0,[],2,[],2019-01-20 23:25:56,0.0,0,0,6476976,2019-01-20 23:25:56,,0.0,0.0,0,,0.0,0.0,0.0,26
1,[],3,[],2019-05-27 06:08:51,10800453.60144003,0.00000001,0.000000000000869018,7693318,2019-05-27 06:08:51,btc,3.5926409800278702,5156255.03413,0.00000001,btc,26897503.30251259,0.0,0.1080045360144003,27
1,[],11,[],2019-05-27 06:08:53,1069867.58157834,0.00000001,0.000000000000869018,7693319,2019-05-27 06:08:53,btc,67503.03909773499,19676.5543251,0.00000001,btc,6639861.32608848,0.0,0.0106986758157834,27
1,[],5,[],2019-04-26 09:47:06,0.0,0,0,7465326,2019-04-26 09:47:06,btc,0.0,0.0,0,btc,0.0,0.0,0.0,27
1,[],4,[],2019-05-27 06:08:54,1184817501.300878,0.00000001,0.000000000000869018,7693320,2019-05-27 06:08:54,btc,4.8576549053373075,0.0,0.00000001,"btc,ltc",298940457.8917661,0.02335673,8.13225810735557,29
1,[],7,[],2019-05-27 06:08:55,86565332.30740812,0.00000001,0.000000000000869018,7693321,2019-05-27 06:08:55,btc,46548272.11125571,2247.75224775,0.00000001,btc,35027619.35138779,0.0,0.8656533230740813,29
1,[],4,[],2019-05-27 06:08:57,15165592.27217546,0.00000006,0.000000000005214108,7693322,2019-05-27 06:08:57,btc,2.6742592265630787,0.0,0.00000006,btc,2116030.49425126,0.00519337,0.1660759159941774,30
0,[],17,[],2019-05-03 01:11:25,0.0,0,0,7559066,2019-05-03 01:11:25,btc,0.0,0.0,0,btc,0.0,0.0,0.0,30
1,[],4,[],2019-05-27 06:10:58,314552.86123303,0.00003867,0.0000000033604926060000003,7693323,2019-05-27 06:10:58,btc,3.159216651425087,0.0,0.00003867,btc,41196.30394183,1.18552018,0.7074324744828298,31
1,[],21,[],2019-05-27 06:10:59,178455.87840536,0.00003906000000000000210763698161,0.0000000033943843080000005,7693324,2019-05-27 06:10:59,btc,4.859568980643465,512721.35083596,0.0000390600000000000021076369816075413154976558871567249298095703125,btc,100668.9499082,20.81202376,4.913603851709246,31
0,[],2,[],2019-01-20 23:28:43,0.0,0,0,6477009,2019-01-20 23:28:43,,0.0,0.0,0,,0.0,0.0,0.0,32
0,[],4,[],2019-05-27 06:11:00,0.0,0,0,7693325,2019-05-27 06:11:00,,0.0,0.0,0,,0.0,0.0,0.0,33
1,[],12,[],2019-03-30 07:55:10,40641173.964,0.00000003,0.000000000001228359,7108785,2019-03-30 07:55:10,btc,4233210.82356125,0.0,0.00000003,btc,28378394.68333462,0.0126927883965248,0.90752895892,33
0.000000000130151,[],4,[],2019-05-27 06:11:01,502079783.0407778,1.1713590000000001e-17,1.0179320554620001e-21,7693326,2019-05-27 06:11:01,ltc,3.5006767803438366,0.0,0.00000009,ltc,156423838.54745057,0.0,1.8354858915096068e-09,34
1,[],5,[],2019-05-27 06:11:03,0.0,0,0,7693327,2019-05-27 06:11:03,btc,0.0,5.256e-05,0,btc,0.0,0.0,0.0,34
0.000000000130151,[],4,[],2019-05-27 06:11:04,96810195.093,1.30151e-18,1.13103561718e-22,7693328,2019-05-27 06:11:04,ltc,4.747535946936271e-08,0.0,0.00000001,ltc,6902000111.610488,0.0,1.2599943701549044e-10,36
1,[],5,[],2019-05-27 06:11:05,0.0,0,0,7693329,2019-05-27 06:11:05,btc,0.0,6.38e-06,0,btc,0.0,0.0,0.0,36
0.0000000003069502,[],27,[],2019-05-27 06:13:31,41668565.004,6.139004e-18,5.334904978072001e-22,7693330,2019-05-27 06:13:31,eth,1670.45195568,3359933268.0,0.00000002,"ltc,eth",5105977.0,1.7503235326881095e-08,1.4440722189767603e-10,36
0.0000000002926451,[],17,[],2019-05-02 18:17:47,200000.0,2.9264510000000002e-18,1.596703856561e-22,7556430,2019-05-02 18:17:47,eth,0.20942468735267253,0.0,0.00000001,"btc,eth",1018272.20243647,0.0,5.852902e-13,36
1,[],4,[],2019-05-27 06:13:32,10009560.80033799,0.00000018,0.000000000015642324,7693331,2019-05-27 06:13:32,btc,19772.582213659523,0.0,0.00000018,btc,785340.86244527,0.00107418,0.1425970957863112,37
1,[],12,[],2019-05-27 06:13:33,4216829.33528572,0.00000019,0.000000000016511342000000002,7693332,2019-05-27 06:13:33,btc,8.128966516719943,0.0,0.00000019,btc,829079.37695636,0.079531364905,0.1861018404442866,37
1,[],27,[],2019-05-27 06:15:46,1600.0,0.00000015,0.000000000013035270000000001,7693333,2019-05-27 06:15:46,btc,24.11463822903233,0.0,0.00000015,btc,5792.59438508,0.0,3e-05,37
1,[],17,[],2019-05-03 01:11:36,211752.74075282,0.00000025,0.000000000013700074999999998,7559074,2019-05-03 01:11:36,btc,0.055484923955058496,0.0,0.00000025,"btc,eth",1387.19918473,0.0,0.0005381851887916605,37
1,[],5,[],2019-05-27 06:15:49,0.0,0,0,7693334,2019-05-27 06:15:49,btc,0.0,0.00376248,0,btc,0.0,0.0,0.0,42
1,[],12,[],2019-05-27 06:15:50,140978.65806065,0.000001129999999999999980629101885287735029805844533257186412811279296875,0.000000000098199034,7693335,2019-05-27 06:15:50,btc,24.495619682048428,0.0,0.000001129999999999999980629101885287735029805844533257186412811279296875,btc,53568.5940907,0.009340545975,0.051390839999958,42
1,[],27,[],2019-05-27 06:16:00,506.0,0.00000002,0.000000000001738036,7693336,2019-05-27 06:16:00,btc,0.39085425,0.0,0.00000002,"btc,eth",735.0,0.0,6.00000032248188e-06,42
1,[],12,[],2019-03-13 09:13:29,1112112.0,0.00000001,0.000000000000386531,6919902,2019-03-13 09:13:29,btc,29058.00478931866,0.0,0.00000001,btc,5967681.93306694,9.99000999e-07,0.01112112,43
1,[],5,[],2019-04-26 22:38:52,0.0,0,0,7474154,2019-04-26 22:38:52,btc,0.0,0.02638891,0,btc,0.0,0.0,0.0,43
0,[],17,[],2019-04-26 22:38:53,0.0,0,0,7474155,2019-04-26 22:38:53,btc,0.0,0.0,0,btc,0.0,0.0,0.0,43
1,[],12,[],2019-03-05 01:54:08,639326.02,0.00000004,0.000000000001486676,6845775,2019-03-05 01:54:08,btc,11116042.728239931,0.0,0.00000004,btc,1103841.4595604,0.0003330765234764,0.014975410599999999,44
1,[],4,[],2019-05-27 06:16:01,115138740.7371562,0.00000001,0.000000000000869018,7693337,2019-05-27 06:16:01,btc,291324.2230677314,0.0,0.00000001,"btc,ltc",27129882.43262538,0.00239196,0.0905411494100702,49
0.000000000130151,[],4,[],2019-05-27 06:16:02,142303059.41393223,3.383926e-17,2.9406926046680003e-21,7693338,2019-05-27 06:16:02,ltc,22050.152190618628,0.0,0.00000026,ltc,157913026.08442578,0.00010884,8.178260873714812e-10,52
0,[],22,[],2019-05-27 06:16:04,0.0,0,0,7693339,2019-05-27 06:16:04,,10289.55991011,0.0,0,,308568058.4566013,0.0,0.0,57
0,[],27,[],2019-05-27 06:16:16,0.0,0,0,7693340,2019-05-27 06:16:16,,0.0,0.0,0,"btc,eth",0.0,0.0,0.0,57
0.000000000130151,[],4,[],2019-05-27 06:16:17,2722425703.046031,1.30151e-18,1.13103561718e-22,7693341,2019-05-27 06:16:17,ltc,19.263871354556457,0.0,0.00000001,ltc,5768380386.228598,0.0,3.54326427677144e-09,58
1,[],12,[],2019-05-27 06:16:17,777359155.0,0.0000000001,0.000000000000008690180000000001,7693342,2019-05-27 06:16:17,btc,2038623.900696665,0.0,0.0000000001,btc,2390524133.778222,0.000532705854,0.0777359155,58
0.000000000107484,[],22,[],2019-05-27 05:16:51,126877.0,1.07484e-18,9.330481820399999e-23,7693183,2019-05-27 05:16:51,XMR,68.17454206,0.0,0.00000001,XMR,9626402.6,0.0,0.00126877,58
1,[],17,[],2019-05-03 01:12:09,1200000.0,0.0000000001,0.00000000000000548003,7559085,2019-05-03 01:12:09,btc,1e+24,0.0,0.0000000001,"btc,eth",39516342.31952568,0.0,0.00010000000058666061,58
1,[],5,[],2019-05-27 05:16:52,0.0,0,0,7693184,2019-05-27 05:16:52,btc,0.0,0.01987476,0,btc,0.0,0.0,0.0,61
1,[],22,[],2019-05-27 05:16:55,13613.833333333334,0.00000012,0.000000000010416972,7693185,2019-05-27 05:16:55,BTC,1002.29590883,0.0,0.00000012,BTC,15092.180177125656,0.0,0.00153269,61
1,[],26,[],2019-05-27 05:16:55,0.0,0.00000050,0.00000000004340405,7693186,2019-05-27 05:16:55,btc,0.0,0.0,0.00000050,btc,0.0,0.0,0.0,61
1,[],27,[],2019-05-27 05:17:00,13712.0,0.0000002,0.00000000001736162,7693187,2019-05-27 05:17:00,btc,1.9582485601246655,747.001,0.0000002,"btc,eth",11379.41563696,0.00717121,0.00252178,61
0,[],28,[],2019-05-27 05:17:12,0.0,0,0,7693188,2019-05-27 05:17:12,,0.0,782.0,0,,0.0,0.0,0.0,61
1,[],4,[],2019-05-27 05:17:13,1051874.94882308,0.00000079,0.000000000068578399,7693189,2019-05-27 05:17:13,btc,2.626366548729528,0.0,0.00000079,btc,870288.85174464,0.03303908,0.6188607178425184,67
0.0,[],25,[],2019-05-27 05:17:15,0.0,0,0,7693190,2019-05-27 05:17:15,,0.0,0.0,0.0,btc,0.0,0.0,0.0,67
1,[],12,[],2019-05-27 05:17:19,807113.0,0.00000006,0.000000000005208485999999999,7693191,2019-05-27 05:17:19,btc,5.170120894485513,0.0,0.00000006,btc,767393.17582416,4.8e-07,0.01739667,71
,[],5,[],2018-11-20 23:02:39,1.5e-07,0.00000005,0.000000000002128045,4862160,2018-11-20 23:02:39,btc,2.84511358,0.0,,btc,0.00036572,0.0,0.07381892,74
1,[],5,[],2019-05-27 05:17:21,0.0,0,0,7693192,2019-05-27 05:17:21,btc,0.0,0.02338714,0,btc,0.0,0.0,0.0,75
0,[],4,[],2019-05-25 21:33:44,0.0,0,0,7686249,2019-05-25 21:33:44,,133656.37989170782,0.0,0,,33439209.5909442,0.0,0.0,81
0,[],20,[],2019-01-25 09:30:31,0.0,0,0,6495923,2019-01-25 09:30:31,btc,0.0,0.0,0,btc,0.0,0.0,0.0,81
1,[],4,[],2019-05-27 05:17:22,25656.65040967,0.00006223,0.000000005402068063,7693193,2019-05-27 05:17:22,btc,18.437712255253665,0.0,0.00006223,btc,24487.53821051,0.1624089,0.1972924063613881,82
1,[],21,[],2019-05-27 05:17:23,80060.12340215,0.00007357999999999999686094848128,0.000000006387339997999999,7693194,2019-05-27 05:17:23,btc,2.6958190426768383,35151.09460455,0.000073579999999999996860948481280928490377846173942089080810546875,btc,31065.54074234,2.48242342,2.892957993330138,82
0,[],17,[],2019-03-25 22:42:34,0.0,0,0,7038780,2019-03-25 22:42:34,btc,0.0445064681804024,0.0,0,btc,995513.18476001,0.0,0.0,84
0.0000000001161485,[],4,[],2019-05-20 13:09:39,216715621.0206096,1.161485e-18,9.0533806701e-23,7657228,2019-05-20 13:09:39,ltc,1.6511566870244727,0.0,0.00000001,ltc,471032407.9048656,0.0,2.5171194308112273e-10,85
,[],22,[],2018-11-20 23:09:34,3408.1,0.0000001,0.0000000000041895,4862324,2018-11-20 23:09:34,BTC,0.04624735,0.0,,BTC,4990.0,0.0,0.00033081,86
1,[],22,[],2019-05-27 05:17:26,65156.0,0.00000001,0.0000000000008680809999999999,7693195,2019-05-27 05:17:26,BTC,1.45608405,0.0,0.00000001,BTC,314587.29736842104,0.0,0.00065156,87
0,[],27,[],2019-05-27 05:17:31,0.0,0,0,7693196,2019-05-27 05:17:31,,4.961976754776,0.0,0,btc,36639.09041,0.0,0.0,87
,[],2,[],2018-11-20 23:10:47,0.0,0,0,4862359,2018-11-20 23:10:47,,0.0,0.0,,,0.0,0.0,0.0,88
1,[],11,[],2019-05-27 05:17:33,62005.9887546,0.000085099999999999994984394013908257647926802746951580047607421875,0.0000000073873693099999995,7693197,2019-05-27 05:17:33,btc,184.04002705871383,1664.61594521,0.000085099999999999994984394013908257647926802746951580047607421875,btc,225732.73626367,0.0,3.09999893663204,89
0,[],2,[],2019-01-20 23:31:45,0.0,0,0,6477083,2019-01-20 23:31:45,,0.0,0.0,0,,0.0,0.0,0.0,91
1,[],12,[],2019-05-27 05:17:34,370380.67744450003,0.0000005,0.00000000004340405,7693198,2019-05-27 05:17:34,btc,87.64372761895463,0.0,0.0000005,btc,107575.9316117,0.005844965637,0.0298342719999866,91
1,[],22,[],2019-05-27 05:19:38,75910.55,0.0000002,0.00000000001736162,7693199,2019-05-27 05:19:38,BTC,0.495,0.0,0.0000002,"BTC,LTC",4.95,0.0,0.00165931,91
0,[],17,[],2019-05-03 01:12:26,0.0,0,0,7559096,2019-05-03 01:12:26,btc,0.0,0.0,0,btc,0.0,0.0,0.0,91
1,[],22,[],2019-04-09 20:17:52,374949.73333333334,0.00000015,0.000000000007771935,7235704,2019-04-09 20:17:52,BTC,6.87372503,0.0,0.00000015,"BTC,LTC",159980.01196797504,1.1e-05,0.80510266,95
0.0000000001297539,[],4,[],2019-05-27 05:19:39,541145350.2140294,3.7628631e-17,3.2664699627110997e-21,7693200,2019-05-27 05:19:39,ltc,11.604080193731498,0.0,0.00000029,ltc,174333451.92063144,0.0,8.554687751376219e-10,96
0,[],12,[],2019-05-27 05:19:40,0.0,0,0,7693201,2019-05-27 05:19:40,btc,10.433545760379621,0.0,0,btc,7434340.03796204,3.0969e-07,0.0,96
0,[],17,[],2019-05-03 01:12:32,0.0,0,0,7559100,2019-05-03 01:12:32,btc,0.0,0.0,0,btc,0.0,0.0,0.0,96
1,[],4,[],2019-04-14 03:32:46,1039404.33283278,0.00000038,0.000000000019245518,7293458,2019-04-14 03:32:46,btc,4.170086055365747,0.0,0.00000038,btc,3097704.34561074,0.06260606,0.1859928211030784,99
0,[],2,[],2019-01-20 23:23:55,0.0,0,0,6476914,2019-01-20 23:23:55,,0.0,0.0,0,,0.0,0.0,0.0,100
1,[],4,[],2019-05-27 05:21:41,218935.85280941,0.00001901,0.000000001650221981,7693202,2019-05-27 05:21:41,btc,7.100621554884825,0.0,0.00001901,btc,140554.23739921,0.73671141,0.3289359859962051,100
1,[],22,[],2019-05-27 05:21:44,150000.0,0.00000002,0.0000000000017361619999999999,7693203,2019-05-27 05:21:44,BTC,24.83526409,0.0,0.00000002,BTC,11187.719,0.0,0.0017,101
1,[],4,[],2019-05-27 05:21:45,554731.54326846,0.00000161,0.000000000139761041,7693204,2019-05-27 05:21:45,btc,362.7497497105983,0.0,0.00000161,btc,635692.85931179,0.05746271,0.1994526579506911,103
1,[],12,[],2019-05-27 05:21:48,138642820.04047254,0.000000004,0.0000000000003472324,7693205,2019-05-27 05:21:48,btc,2374.4506802372434,0.0,0.000000004,btc,56598044.64261737,0.001652456411,0.1651296111618902,105
0,[],27,[],2019-05-27 05:21:52,0.0,0,0,7693206,2019-05-27 05:21:52,,0.2583801973531397,0.0,0,btc,612120.85947933,0.0,0.0,105
1,[],22,[],2019-04-21 00:17:26,21333.0,0.00000001,0.000000000000532493,7385819,2019-04-21 00:17:26,BTC,51.38182867,0.0,0.00000001,BTC,470435.0,0.0,0.00021333,107
1,[],26,[],2019-04-21 00:17:26,0.0,0.00000000,0,7385820,2019-04-21 00:17:26,btc,0.0,0.0,0.00000000,btc,0.0,0.0,0.0,107
1,[],5,[],2019-05-27 05:21:54,0.0,0,0,7693207,2019-05-27 05:21:54,btc,0.0,0.0001,0,btc,0.0,0.0,0.0,112
0,[],22,[],2019-05-27 05:21:57,0.0,0,0,7693208,2019-05-27 05:21:57,,2.79635781,0.0,0,,3274992.0833333335,0.0,0.0,112
1,[],27,[],2019-05-27 05:22:05,1.0,0.00000001,0.0000000000008680809999999999,7693209,2019-05-27 05:22:05,btc,1.15032588,0.0,0.00000001,"btc,eth",1818.0,0.0,1e-08,112
1,[],4,[],2019-05-27 05:22:05,174231.86492666,0.00000081,0.000000000070314561,7693210,2019-05-27 05:22:05,btc,4.975786287559708,0.0,0.00000081,btc,587187.09788642,0.07119372,0.0923680891140873,113
1,[],5,[],2019-05-27 05:22:07,0.0,0,0,7693211,2019-05-27 05:22:07,btc,0.0,0.0,0,btc,0.0,0.0,0.0,113
1,[],17,[],2019-04-26 02:17:47,162738.278,0.00000004,0.0000000000021069000000000002,7461287,2019-04-26 02:17:47,btc,1.3331140273775473,0.0,0.00000004,btc,51796.221,0.0,0.00230953112,116
1,[],27,[],2019-05-22 05:13:01,210000.0,0.00000001,0.00000000000079145,7666372,2019-05-22 05:13:01,btc,3919.0005001478,0.0,0.00000001,btc,128660.871,0.0,0.0021,116
1,[],4,[],2019-05-21 22:31:11,138169.03963019,0.00000701,0.000000000558364025,7664793,2019-05-21 22:31:11,btc,150.95388250938234,0.0,0.00000701,btc,344631.17141974,0.07552974,0.4288357684941946,120
1,[],7,[],2019-05-21 22:31:12,3901.07750076,0.000010679999999999999389654892212320191902108490467071533203125,0.0000000008506887,7664794,2019-05-21 22:31:12,btc,231188.94669936574,0.0,0.000010679999999999999389654892212320191902108490467071533203125,btc,4133.83151364,0.0,0.0113888422364489,120
1,[],20,[],2019-04-07 18:42:29,1914137.0852,0.000000035,0.0000000000017871910000000002,7211992,2019-04-07 18:42:29,btc,32.2497668025648,25528.85,0.000000035,btc,1001975.4986,0.00089350975,0.0152723574729,125
1,[],22,[],2019-05-27 05:22:10,10000.0,0.00000001,0.0000000000008680809999999999,7693212,2019-05-27 05:22:10,BTC,0.032061,0.0,0.00000001,BTC,299316.7611111111,0.0,0.0001,126
1,[],4,[],2019-05-27 05:22:13,184362.46961925,0.00000592,0.000000000513903952,7693213,2019-05-27 05:22:13,btc,3.709666257348019,0.0,0.00000592,btc,175120.34718297,0.21539214,0.5010568373610702,131
0,[],2,[],2019-01-20 23:25:46,0.0,0,0,6476969,2019-01-20 23:25:46,,0.0,0.0,0,,0.0,0.0,0.0,131
1,[],17,[],2019-05-03 01:13:10,10000.0,0.00000001,0.000000000000548003,7559115,2019-05-03 01:13:10,btc,0.0953976503951408,0.0,0.00000001,btc,5037.62507334,0.0,0.0001,131
1,[],4,[],2019-05-27 05:24:14,4719.24040352,0.00007919,0.000000006874333439,7693214,2019-05-27 05:24:14,btc,5.043739560474242,0.0,0.00007919,btc,247.17378338,0.0,0.0067332248092002,135
1,[],3,[],2019-05-27 05:24:15,433341.0025,0.00000001,0.0000000000008680809999999999,7693215,2019-05-27 05:24:15,btc,0.218395441408873,1000968.8208,0.00000001,btc,1844571.47493701,0.0,0.0043334100250000005,136
1,[],4,[],2019-05-27 05:24:16,2405104.27045449,0.00000192,0.000000000166671552,7693216,2019-05-27 05:24:16,btc,107.30485907010015,0.0,0.00000192,btc,477490.19157144,0.03054262,0.6946400966161372,137
1,[],12,[],2019-05-27 05:24:18,77483.36011339,0.00000213999999999999983963348826332406815708964131772518157958984375,0.00000000018576933399999999,7693217,2019-05-27 05:24:18,btc,57.771403896683104,0.0,0.00000213999999999999983963348826332406815708964131772518157958984375,btc,46584.81344692,0.002439903846,0.0188625399998803,137
1,[],4,[],2019-05-27 05:24:19,106236.10951764,0.00001551,0.000000001346393631,7693218,2019-05-27 05:24:19,btc,9.295192364814993,0.0,0.00001551,btc,132234.61692648,1.41612956,1.1008387783330447,142
1,[],5,[],2019-05-27 05:24:21,0.0,0,0,7693219,2019-05-27 05:24:21,btc,0.0,0.01914345,0,btc,0.0,0.0,0.0,142
1,[],20,[],2019-05-27 05:26:23,209150.0237,0.00001425,0.000000001237015425,7693220,2019-05-27 05:26:23,btc,1.6071264494294,4.98,0.00001425,btc,9788.8796,7.47e-05,0.022739378329,142
1,[],22,[],2019-05-27 05:26:26,11028.645,0.00001000,0.000000000868081,7693221,2019-05-27 05:26:26,BTC,3.2754788,0.0,0.00001000,BTC,1133.9993657797618,0.0,0.00745365,142
0.0,[],25,[],2019-05-27 05:26:28,0.0,0,0,7693222,2019-05-27 05:26:28,,0.0,0.0,0.0,btc,0.0,0.0,0.0,142
0,[],28,[],2019-05-27 05:26:56,0.0,0,0,7693223,2019-05-27 05:26:56,,0.0,0.0,0,,0.0,0.0,0.0,142
1,[],17,[],2019-05-03 01:13:16,32967.38636364,0.00000088,0.000000000048224264,7559122,2019-05-03 01:13:16,btc,20.06976206696776,0.0,0.00000088,btc,2746.079105,0.0,0.0105613000000032,142
0,[],22,[],2019-05-27 05:26:58,0.0,0,0,7693224,2019-05-27 05:26:58,,65.51518676,0.0,0,,839924755.3,0.0,0.0,143
0,[],22,[],2019-02-25 15:42:22,0.0,0,0,6783783,2019-02-25 15:42:22,,4.2131946,0.0,0,,2322156.0,0.0,0.0,146
,[],22,[],2018-11-20 23:01:11,0.0,0,0,4862114,2018-11-20 23:01:11,,2.56807021,0.0,,,61828.4988236,0.0,0.0,147
1,[],12,[],2019-04-21 06:38:04,193091.5971266,0.00000071,0.000000000037635183,7388679,2019-04-21 06:38:04,btc,2.301232411611175,0.0,0.00000071,btc,9957.48302385,0.00023528,0.0313308199999888,148
1,[],4,[],2019-03-19 21:31:25,255810.0415942,0.00000029,0.000000000011615747,6982695,2019-03-19 21:31:25,btc,218.94922712414143,0.0,0.00000029,btc,793529.37642722,0.00117,0.0608347789473395,152
0,[],22,[],2019-03-19 21:31:27,0.0,0,0,6982696,2019-03-19 21:31:27,,0.0,0.0,0,,0.0,0.0,0.0,152
1,[],5,[],2019-04-26 09:36:59,0.0,0,0,7465040,2019-04-26 09:36:59,btc,0.0,0.0,0,btc,0.0,0.0,0.0,153
,[],16,[],2019-01-11 15:38:59,0.0,0,0,6366141,2019-01-11 15:38:59,btc,0.0,0.0,,btc,0.0,0.0,0.0,155
0,[],23,[],2019-01-20 23:24:29,0.0,0,0,6476932,2019-01-20 23:24:29,,0.0,0.0,0,,0.0,0.0,0.0,156
0,[],22,[],2019-05-27 05:27:03,0.0,0,0,7693225,2019-05-27 05:27:03,,7.44455324,0.0,0,,5955762.942592593,0.0,0.0,156
1,[],22,[],2019-05-27 05:27:07,7066.0,0.00000800,0.0000000006944648,7693226,2019-05-27 05:27:07,BTC,1.79802465,0.0,0.00000800,BTC,802.6461988741639,0.0,0.00062996,157
0,[],22,[],2019-05-21 23:40:32,0.0,0,0,7665049,2019-05-21 23:40:32,,50234.60468402,0.0,0,,54786159.03179465,0.0,0.0,158
,[],17,[],2018-11-20 22:56:10,0.0,0,0,4861976,2018-11-20 22:56:10,btc,1.1265625,0.0,,btc,1000.0,0.0,0.0,159
,[],20,[],2018-11-20 22:56:12,0.0,0,0,4861977,2018-11-20 22:56:12,btc,11912.7940471,0.0,,btc,34413894.3617,0.0,0.0,159
1,[],12,[],2019-05-24 02:51:20,9178.522006449999,0.00000191999999999999982841307998027158276954651228152215480804443359375,0.000000000151222656,7676256,2019-05-24 02:51:20,btc,149.80414728631675,0.0,0.00000191999999999999982841307998027158276954651228152215480804443359375,btc,1115.7451448499999,0.01783167678326,0.0120075778999181,168
1,[],17,[],2019-05-03 01:13:36,42852.0,0.00000002,0.000000000001096006,7559132,2019-05-03 01:13:36,btc,0.04279856251542,0.0,0.00000002,btc,274.46171372,0.0,0.00052852,168
1,[],22,[],2019-05-17 03:01:52,10.0,0.00000001,0.000000000000778341,7642059,2019-05-17 03:01:52,BTC,41.95893009,0.0,0.00000001,BTC,1753972.7737547632,0.0,1e-07,169
1,[],22,[],2019-05-27 05:27:11,203664.0,0.00000002,0.0000000000017361619999999999,7693227,2019-05-27 05:27:11,BTC,27.86386553,0.0,0.00000002,BTC,461104.9785507793,0.0,0.00213428,171
1,[],22,[],2019-05-27 05:27:15,494339.0,0.00000002,0.0000000000017361619999999999,7693228,2019-05-27 05:27:15,BTC,24.411256,0.0,0.00000002,"BTC,LTC",1165611.8364505093,1.062e-05,0.00547408,173
1,[],5,[],2019-05-27 05:27:17,0.0,0,0,7693229,2019-05-27 05:27:17,btc,0.0,0.0138475,0,btc,0.0,0.0,0.0,175
1,[],22,[],2019-05-27 05:27:22,90671.0,0.00000001,0.0000000000008680809999999999,7693230,2019-05-27 05:27:22,BTC,394.35459412,0.0,0.00000001,BTC,136275.61833431243,0.0,0.00090671,176
1,[],7,[],2019-05-27 05:27:25,0.0,0,0,7693231,2019-05-27 05:27:25,btc,522274.26972891926,260553.446553,0,btc,28191245.909312557,0.00260553,0.0,178
0,[],22,[],2019-05-27 05:27:27,0.0,0,0,7693232,2019-05-27 05:27:27,,1.00242428,0.0,0,,57512.0,0.0,0.0,178
0,[],2,[],2019-01-20 23:28:34,0.0,0,0,6477001,2019-01-20 23:28:34,,0.0,0.0,0,,0.0,0.0,0.0,178
0,[],23,[],2019-01-20 23:25:08,0.0,0,0,6476952,2019-01-20 23:25:08,,0.0,0.0,0,,0.0,0.0,0.0,179
1,[],5,[],2019-05-27 05:27:28,0.0,0,0,7693233,2019-05-27 05:27:28,btc,0.0,0.04035374,0,btc,0.0,0.0,0.0,179
0,[],22,[],2019-05-27 05:27:30,0.0,0,0,7693234,2019-05-27 05:27:30,,5.31422491,0.0,0,,13396089.311946675,0.0,0.0,179
1,[],22,[],2019-05-27 05:29:37,664835.0629742807,0.00000102,0.00000000008854426199999999,7693235,2019-05-27 05:29:37,BTC,39.28969431,0.0,0.00000102,"BTC,LTC",151643.58723940884,0.00665315,0.5633116,180
1,[],26,[],2019-05-27 05:29:37,0.0,0.00000010,0.00000000000868081,7693236,2019-05-27 05:29:37,btc,0.0,0.0,0.00000010,btc,0.0,0.0,0.0,180
1,[],17,[],2019-05-03 01:13:56,20504.725000000002,0.0000001,0.00000000000548003,7559141,2019-05-03 01:13:56,btc,5.2010695838400265,0.0,0.0000001,btc,5033.45945,0.0,0.0011504725,180
,[],7,[],2018-11-20 22:58:01,562227.975654,0.00000085,0.000000000036176765,4862015,2018-11-20 22:58:01,btc,21836.6059674,2491.87645172,,btc,749999.041456,0.00211021,0.127565380455,183
,[],5,[],2019-01-10 08:11:41,0.0,0,0,6347036,2019-01-10 08:11:41,btc,82.15055501,0.00261,,btc,1.19002445,0.0,0.0,187
,[],17,[],2018-11-16 20:58:10,4062536.27273,0.00000001,0.000000000000550501,4708775,2018-11-16 20:58:10,btc,3.36492563466,0.195460381006,,"btc,eth",110697919.549,0.0,0.0157628953496,187
1,[],24,[],2019-05-22 21:04:52,0.0,0.000000000014,0.0000000000000010960978,7670219,2019-05-22 21:04:52,btc,0.0,0.0,0.000000000014,btc,0.0,0.0,0.0,187
0,[],22,[],2019-04-25 02:54:07,0.0,0,0,7447896,2019-04-25 02:54:07,,7.54794454,0.0,0,,76361.7243344055,0.0,0.0,191
0,[],22,[],2019-05-27 05:29:42,0.0,0,0,7693237,2019-05-27 05:29:42,,0.0,0.0,0,,0.0,0.0,0.0,197
0,[],23,[],2019-01-20 23:31:41,0.0,0,0,6477079,2019-01-20 23:31:41,,0.0,0.0,0,,0.0,0.0,0.0,199
0,[],22,[],2019-05-27 05:29:45,0.0,0,0,7693238,2019-05-27 05:29:45,,10.5548544,0.0,0,,99290037.0,0.0,0.0,199
1,[],26,[],2019-05-27 05:29:46,0.0,0.00000000,0,7693239,2019-05-27 05:29:46,btc,0.0,0.0,0.00000000,btc,0.0,0.0,0.0,199
0,[],2,[],2019-01-20 23:30:49,0.0,0,0,6477059,2019-01-20 23:30:49,,0.0,0.0,0,,0.0,0.0,0.0,201
1,[],4,[],2019-01-25 15:51:35,2084389.58565343,0.00000936,0.000000000333526752,6499557,2019-01-25 15:51:35,btc,2.0092503037378524,0.0,0.00000936,btc,160195.80207885,0.19272417,1.242687955921835,211
1,[],7,[],2019-05-27 05:29:48,21814607.97700257,0.00000036,0.000000000031250916,7693240,2019-05-27 05:29:48,btc,15200499.052007558,1153947.87331,0.00000036,btc,9789064.79305861,0.0,1.4656365708928338,212
1,[],12,[],2019-01-25 02:44:32,207462.42853209,0.000001080000000000000035831255497387193287295303889550268650054931640625,0.000000000038610756000000006,6493050,2019-01-25 02:44:32,btc,85023.03793723314,0.0,0.000001080000000000000035831255497387193287295303889550268650054931640625,btc,43675.73520027,0.000146250909087,0.0348620860622024,213
1,[],5,[],2019-05-27 05:29:50,0.0,0,0,7693241,2019-05-27 05:29:50,btc,0.0,0.04351206,0,btc,0.0,0.0,0.0,213
1,[],24,[],2019-05-27 05:29:51,0.0,0.000000090000,0.000000000007812729,7693242,2019-05-27 05:29:51,btc,0.0,0.0,0.000000090000,btc,0.0,0.0,0.0,213
1,[],26,[],2019-05-27 05:29:51,0.0,0.00000040,0.00000000003472324,7693243,2019-05-27 05:29:51,btc,0.0,0.0,0.00000040,btc,0.0,0.0,0.0,213
0,[],22,[],2019-05-27 05:29:53,0.0,0,0,7693244,2019-05-27 05:29:53,,9.61445386,0.0,0,,3661587.094064925,0.0,0.0,216
0,[],27,[],2019-05-27 05:30:00,0.0,0,0,7693245,2019-05-27 05:30:00,,70.1243904180052,0.0,0,"btc,ltc",396750.40768,0.0,0.0,216
1,[],22,[],2019-05-27 05:30:05,225833.0,0.00000015,0.000000000013021215,7693246,2019-05-27 05:30:05,BTC,12054.76316897,0.0,0.00000015,BTC,425859.796181347,0.00094764,0.01147587,217
1,[],7,[],2019-05-27 05:30:07,0.0,0,0,7693247,2019-05-27 05:30:07,btc,1234863.9748694147,0.0,0,btc,162552363.92083928,0.0,0.0,219
0,[],27,[],2019-05-27 05:30:15,0.0,0,0,7693248,2019-05-27 05:30:15,,0.105466823472,0.0,0,btc,3058319.8967,0.0,0.0,219
0,[],28,[],2019-05-27 05:30:29,0.0,0,0,7693249,2019-05-27 05:30:29,,0.0,37492.0,0,,0.0,0.0,0.0,219
1,[],22,[],2019-05-23 16:41:05,172069.0,0.00000004,0.0000000000031167080000000004,7674065,2019-05-23 16:41:05,BTC,56.76466137,0.0,0.00000004,BTC,127061.6482738741,0.0,0.00393676,221
1,[],24,[],2019-05-23 16:41:05,0.0,0.000000010000,0.0000000000007791770000000001,7674066,2019-05-23 16:41:05,btc,0.0,0.0,0.000000010000,btc,0.0,0.0,0.0,221
1,[],20,[],2019-05-27 05:30:32,5423738.9208,0.000000003,0.00000000000026042429999999997,7693250,2019-05-27 05:30:32,btc,100050.73144918322,340862.7332,0.000000003,btc,39832517.8618,0.0012549264496,0.0057505195438,224
0,[],22,[],2019-05-27 05:30:34,0.0,0,0,7693251,2019-05-27 05:30:34,,0.0,0.0,0,,0.0,0.0,0.0,224
1,[],26,[],2019-05-27 05:30:34,0.0,0.00000026,0.000000000022570106,7693252,2019-05-27 05:30:34,btc,0.0,0.0,0.00000026,btc,0.0,0.0,0.0,231
1,[],26,[],2019-05-27 05:30:35,0.0,0.00000006,0.000000000005208486,7693253,2019-05-27 05:30:35,btc,0.0,0.0,0.00000006,btc,0.0,0.0,0.0,234
0,[],27,[],2019-05-27 05:30:45,0.0,0,0,7693254,2019-05-27 05:30:45,,0.01134836604,0.0,0,"btc,eth",11462.996,0.0,0.0,234
1,[],4,[],2019-05-22 17:06:12,91780.56053785,0.00000078,0.000000000061977552,7669277,2019-05-22 17:06:12,btc,5.573372450018177,0.0,0.00000078,btc,729173.93529783,0.0,0.0307060663355679,236
1,[],24,[],2019-05-22 17:06:12,0.0,0.000000010000,0.000000000000794584,7669278,2019-05-22 17:06:12,btc,0.0,0.0,0.000000010000,btc,0.0,0.0,0.0,236
1,[],5,[],2019-05-27 05:30:47,0.0,0,0,7693255,2019-05-27 05:30:47,btc,0.0,0.10266711,0,btc,0.0,0.0,0.0,237
1,[],22,[],2019-05-27 05:30:53,363100.0,0.00000003,0.000000000002604243,7693256,2019-05-27 05:30:53,BTC,1.20267422,0.0,0.00000003,"BTC,LTC",17930.94871794872,0.0,0.009791,237
1,[],20,[],2019-05-27 03:39:57,120465676.3633,0.000000036,0.0000000000031349736,7693007,2019-05-27 03:39:57,btc,58794.1268543436,13532255.3781,0.000000036,btc,42397477.56,0.5881139056997,0.4506458156015,237
1,[],4,[],2019-05-27 05:30:54,26451570.44893375,0.00000012,0.000000000010416972,7693257,2019-05-27 05:30:54,btc,3.28732697796241,0.0,0.00000012,btc,9136132.96669209,0.13000671,0.5128572262769548,238
1,[],5,[],2019-05-27 05:30:55,0.0,0,0,7693258,2019-05-27 05:30:55,btc,0.0,0.00212123,0,btc,0.0,0.0,0.0,238
0,[],22,[],2019-03-12 16:49:32,0.0,0,0,6914458,2019-03-12 16:49:32,,0.40415746,0.0,0,,526736.5639027493,0.0,0.0,249
0,[],22,[],2019-05-27 05:30:59,0.0,0,0,7693259,2019-05-27 05:30:59,,13.44274464,0.0,0,,43667434.3426455,0.0,0.0,252
0,[],28,[],2019-05-27 05:31:12,0.0,0,0,7693260,2019-05-27 05:31:12,,0.0,196857.70020182,0,,0.0,0.0,0.0,256
1,[],22,[],2019-05-27 05:31:15,1051629.0,0.00000001,0.0000000000008680809999999999,7693261,2019-05-27 05:31:15,BTC,21.85885958,0.0,0.00000001,BTC,542925.7509808998,1.275e-05,0.01051629,258
1,[],22,[],2019-05-19 18:12:02,400.0,0.00000001,0.0000000000007957800000000001,7653905,2019-05-19 18:12:02,BTC,2.415167,0.0,0.00000001,BTC,157.0,0.0,4e-06,259
1,[],5,[],2019-05-27 05:31:16,0.0,0,0,7693262,2019-05-27 05:31:16,btc,0.0,0.0684746,0,btc,0.0,0.0,0.0,264
1,[],20,[],2019-05-27 05:31:18,898296.6681,0.000000139,0.000000000012066325899999999,7693263,2019-05-27 05:31:18,btc,0.9790329490311,31707.1228,0.000000139,btc,54898.8958,0.018068200026,0.0065427218476,264
0,[],22,[],2019-04-12 17:57:27,0.0,0,0,7278186,2019-04-12 17:57:27,,66.37522201,0.0,0,,677842.4169881374,0.0,0.0,271
0,[],22,[],2019-05-27 05:31:21,0.0,0,0,7693264,2019-05-27 05:31:21,,33050470.74998113,0.0,0,,14361377780.7,0.0,0.0,272
0,[],28,[],2019-05-27 05:31:33,0.0,0,0,7693265,2019-05-27 05:31:33,,0.0,7458177381.0,0,,0.0,0.0,0.0,272
1,[],22,[],2019-05-23 07:12:29,219930.0,0.00000004,0.000000000003048688,7671985,2019-05-23 07:12:29,BTC,426.77835217,0.0,0.00000004,BTC,248664.3325962929,0.0,0.00739728,281
1,[],22,[],2019-05-27 05:31:38,588758.3916666667,0.00000008,0.0000000000069446479999999996,7693266,2019-05-27 05:31:38,BTC,31.6276549,0.0,0.00000008,"BTC,LTC",1162837.857672661,0.007569440000037369,0.0234529,286
0,[],22,[],2019-05-27 05:31:41,0.0,0,0,7693267,2019-05-27 05:31:41,,7337902.96512756,0.0,0,,1841231032.6797826,0.0,0.0,294
