pairValue,buyBook,exchangeId,sellBook,updated,buyTotal,satoshiPrice,usdPrice,exchangeLogId,created,bestPair,sellTotalBtc,volume,pairPrice,activePairs,sellTotal,volumeBtc,buyTotalBtc,coinId
1,[],3,[],2019-03-18 01:23:00,31036.56058043718,0.0130904100000000002401723264711108640767633914947509765625,0.000000525993618456,6961775,2019-03-18 01:23:00,btc,61.09286695066947,3.19508377012,0.0130904100000000002401723264711108640767633914947509765625,btc,23.05843241398,0.0,0.2838027897416276,1
1,[],4,[],2019-03-18 01:23:01,207748.53224673,0.01308688,0.000000525851777408,6961776,2019-03-18 01:23:01,btc,13.012723886689198,0.0,0.01308688,btc,229.16056953,1.2150327,1.093655575180133,1
1,[],5,[],2019-03-18 01:23:04,0.0,0,0,6961777,2019-03-18 01:23:04,btc,0.0,0.12263906,0,btc,0.0,0.0,0.0,1
1,[],10,[],2019-03-18 01:23:07,413780.90815877,0.01107831,0.00000044514422109599995,6961778,2019-03-18 01:23:07,btc,6522.700751544578,1764.05045641,0.01107831,btc,1000.64821918,0.0,4.5580181809150115,1
1,[],12,[],2019-03-18 01:23:09,117.21872668,0.01310000000000000053290705182007513940334320068359375,0.00000052637896,6961779,2019-03-18 01:23:09,btc,0.1382583310642,0.0,0.01310000000000000053290705182007513940334320068359375,btc,10.07805277,0.4930918393073,0.5112768286902,1
1,[],20,[],2019-03-18 01:23:11,1152.6081,0.01070001,0.000000429943521816,6961780,2019-03-18 01:23:11,btc,0.0533371999966,0.1455,0.01070001,btc,2.311,0.0018713069031,0.0974182203341,1
1,[],21,[],2019-03-18 01:23:13,2205.5808018,0.01317000999999999935607952750,0.000000529192073816,6961781,2019-03-18 01:23:13,btc,56.052481871443895,5241.819688099999,0.0131700099999999993560795275016062078066170215606689453125,"btc,eth",4874.30296305,64.4536278714528,23.429321341133154,1
0,[],22,[],2019-03-18 01:24:02,0.0,0,0,6961782,2019-03-18 01:24:02,,0.0,0.0,0,,0.0,0.0,0.0,1
1,[],24,[],2019-03-18 01:24:03,0.0,0.000000000000,0,6961783,2019-03-18 01:24:03,btc,0.0,0.0,0.000000000000,btc,0.0,0.0,0.0,1
0.0,[],25,[],2019-03-18 01:24:04,0.0,0,0,6961784,2019-03-18 01:24:04,btc,38.04119999761333,507.38142787,0.0,btc,2833.13213989,6.7712,0.0,1
1,[],26,[],2019-03-18 01:24:06,0.0,0,0,6961785,2019-03-18 01:24:06,,0.0,0.0,0,,0.0,0.0,0.0,1
1,[],28,[],2019-03-18 01:24:14,992.9,0.01231000,0.000000494635496,6961786,2019-03-18 01:24:14,btc,0.151703079,7120.0,0.01231000,btc,8.184,0.0,0.086101096,1
0,[],2,[],2019-01-20 23:28:45,0.0,0,0,6477011,2019-01-20 23:28:45,,0.0,0.0,0,,0.0,0.0,0.0,1
1,[],5,[],2019-03-18 01:24:15,0.0,0,0,6961787,2019-03-18 01:24:15,btc,0.0,0.01185352,0,btc,0.0,0.0,0.0,2
0,[],22,[],2019-03-18 01:26:56,0.0,0,0,6961788,2019-03-18 01:26:56,,0.0,0.0,0,,0.0,0.0,0.0,2
1,[],5,[],2019-03-18 01:26:59,0.0,0,0,6961789,2019-03-18 01:26:59,btc,0.0,0.02927844,0,btc,0.0,0.0,0.0,3
0,[],28,[],2019-03-18 01:30:09,0.0,0,0,6961790,2019-03-18 01:30:09,,0.0,0.0,0,,0.0,0.0,0.0,3
1,[],12,[],2019-03-18 00:45:51,3067843.80929999,0.000000198,0.0000000000079191288,6961595,2019-03-18 00:45:51,btc,23451.630584882296,0.0,0.000000198,btc,1294385.34003257,0.03131288249590905,0.4416218792413982,3
0,[],2,[],2019-01-20 23:31:32,0.0,0,0,6477077,2019-01-20 23:31:32,,0.0,0.0,0,,0.0,0.0,0.0,4
1,[],4,[],2019-03-18 01:30:10,358932.56439168,0.00000031,0.000000000012456295999999999,6961791,2019-03-18 01:30:10,btc,32.06666934247086,0.0,0.00000031,btc,725153.97080371,0.00047,0.0366275691884795,4
1,[],12,[],2019-03-18 01:30:11,392575.0,0.00000002,0.000000000000803632,6961792,2019-03-18 01:30:11,btc,1111853.28825052,0.0,0.00000002,btc,781851.33266733,0.0,0.00431124,5
0,[],2,[],2019-01-20 23:31:51,0.0,0,0,6477087,2019-01-20 23:31:51,,0.0,0.0,0,,0.0,0.0,0.0,6
1,[],11,[],2019-03-18 01:30:13,3935711.8988200002,0.00000002,0.000000000000803632,6961793,2019-03-18 01:30:13,btc,9574.314148127845,10000.0,0.00000002,btc,43081567.92614274,0.0,0.0449565813342,6
1,[],3,[],2019-03-18 01:30:14,1091.911995800215,0.00015480999999999998993464866980929173223557882010936737060546875,0.000000006220513496,6961794,2019-03-18 01:30:14,btc,29.634654231634162,0.0,0.00015480999999999998993464866980929173223557882010936737060546875,btc,241.020514578101,0.0,0.03510108781629161,7
1,[],4,[],2019-03-18 01:30:14,95032.48859606,0.00021438,0.000000008614131408,6961795,2019-03-18 01:30:14,btc,10.260045314230888,0.0,0.00021438,btc,38610.01180753,2.29016615,8.559092100956818,7
1,[],5,[],2019-03-18 01:30:15,0.0,0,0,6961796,2019-03-18 01:30:15,btc,0.0,0.79527662,0,btc,0.0,0.0,0.0,7
1,[],20,[],2019-02-20 02:16:17,39399275.8418,0.000000001,0.0000000000000390183,6728586,2019-02-20 02:16:17,btc,116.9737569154545,525.0,0.000000001,btc,56932965.8895,5.25e-07,0.0393992758418,8
0,[],2,[],2019-01-20 23:22:42,0.0,0,0,6476876,2019-01-20 23:22:42,,0.0,0.0,0,,0.0,0.0,0.0,9
0,[],23,[],2019-01-20 23:22:48,0.0,0,0,6476878,2019-01-20 23:22:48,,0.0,0.0,0,,0.0,0.0,0.0,9
1,[],4,[],2019-03-18 01:30:18,1745875.09088234,0.00000157,0.000000000063085112,6961797,2019-03-18 01:30:18,btc,6.985652397623268,0.0,0.00000157,btc,3092609.60747636,1.48616931,1.1423567065526452,9
1,[],28,[],2019-03-18 01:31:14,27403.0,0.00000160,0.00000000006429056,6961798,2019-03-18 01:31:14,btc,2708.776551247723,1390917.0,0.00000160,btc,20316.3373,0.0,0.0164095,9
1,[],1,[],2019-02-17 23:31:42,1822507.21,0.00000181000000000000003456111265232042484285557293333113193511962890625,0.000000000066086901,6701244,2019-02-17 23:31:42,btc,3.6990969245,17153386.5,0.00000181000000000000003456111265232042484285557293333113193511962890625,btc,1997391.71,31.11772986,3.2610482446,9
1,[],4,[],2019-02-17 11:22:43,4341674.27126056,0.00000002,0.0000000000007272960000000001,6696112,2019-02-17 11:22:43,btc,0.1997230937751353,0.0,0.00000002,btc,4109766.79808031,0.00215132,0.0479381022052112,10
0,[],2,[],2019-01-20 23:23:08,0.0,0,0,6476890,2019-01-20 23:23:08,,0.0,0.0,0,,0.0,0.0,0.0,12
1,[],4,[],2019-03-18 01:31:14,5619386.63350058,0.00000183,0.000000000073532328,6961799,2019-03-18 01:31:14,btc,13.92330127530053,0.0,0.00000183,btc,5371318.85967504,2.94282562,6.772028046459707,12
1,[],5,[],2019-03-18 01:31:16,0.0,0,0,6961800,2019-03-18 01:31:16,btc,0.0,0.04196065,0,btc,0.0,0.0,0.0,12
0.0,[],25,[],2019-03-18 01:31:17,0.0,0,0,6961801,2019-03-18 01:31:17,,0.0,0.0,0.0,btc,0.0,0.0,0.0,12
1,[],4,[],2019-03-18 01:31:18,32931107.46587097,0.00001189,0.000000000477759224,6961802,2019-03-18 01:31:18,btc,4.544450858530628,0.0,0.00001189,btc,314116.54268844,3.08948423,1.4465264840015446,13
1,[],10,[],2019-03-18 01:31:20,474021.423409,0.00001161,0.000000000466508376,6961803,2019-03-18 01:31:20,btc,666777.0397437956,23078.1920602,0.00001161,btc,675223.78315774,0.0,0.5921572548859557,13
1,[],21,[],2019-03-18 01:31:22,1973267.9701596801,0.00001190999999999999947163792369,0.000000000478562856,6961804,2019-03-18 01:31:22,btc,14.265193611589117,7931742.0558151,0.000011909999999999999471637923686984095184016041457653045654296875,btc,1091314.02187914,87.17988255,20.131717772748953,13
1,[],4,[],2019-03-18 01:31:23,1549215.65421676,0.00000078,0.000000000031341648,6961805,2019-03-18 01:31:23,btc,5.295252391306619,0.0,0.00000078,btc,1004178.04967941,0.00764329,0.1850039483991129,14
1,[],12,[],2019-03-18 01:31:24,303584.0,0.00000069,0.000000000027725303999999998,6961806,2019-03-18 01:31:24,btc,0.0560828882585684,0.0,0.00000069,btc,13816.8948088,0.0,0.03214623,14
0,[],17,[],2019-03-18 01:31:36,0.0,0,0,6961807,2019-03-18 01:31:36,btc,0.0,0.0,0,btc,0.0,0.0,0.0,14
1,[],26,[],2019-03-18 01:31:36,0.0,0.00000050,0.000000000020090799999999998,6961808,2019-03-18 01:31:36,btc,0.0,0.0,0.00000050,btc,0.0,0.0,0.0,14
0,[],4,[],2019-03-18 01:31:37,0.0,0,0,6961809,2019-03-18 01:31:37,,0.0,0.0,0,,0.0,0.0,0.0,15
,[],12,[],2018-12-01 15:15:48,204241.84496,0.00000489,0.000000000202473384,5260204,2018-12-01 15:15:48,btc,49.5475654835,0.0,,btc,35763.2193806,0.0163153972027625,0.0203389899998,15
0,[],2,[],2019-01-20 23:23:38,0.0,0,0,6476906,2019-01-20 23:23:38,,0.0,0.0,0,,0.0,0.0,0.0,18
1,[],4,[],2019-03-18 01:31:38,25252.91213185,0.00001492,0.000000000599509472,6961810,2019-03-18 01:31:38,btc,3.7882764109677414,0.0,0.00001492,btc,19089.11464817,0.02175713,0.062039928837278,18
1,[],10,[],2019-03-18 01:31:40,783219.79187101,0.00001485,0.00000000059669676,6961811,2019-03-18 01:31:40,btc,15.398932345902452,3030.30080956,0.00001485,btc,12987.26755923,0.0,0.1226381672105368,18
1,[],12,[],2019-03-18 01:31:41,313629.04056381,0.00001544000000000000124948662527657461396302096545696258544921875,0.000000000620403904,6961812,2019-03-18 01:31:41,btc,33214.73027874221,0.0,0.00001544000000000000124948662527657461396302096545696258544921875,btc,967.4216705,0.000514958055925,0.0259843432643222,18
0,[],17,[],2019-03-18 01:31:53,0.0,0,0,6961813,2019-03-18 01:31:53,btc,0.0,0.0,0,btc,0.0,0.0,0.0,18
0,[],2,[],2019-01-20 23:24:19,0.0,0,0,6476924,2019-01-20 23:24:19,,0.0,0.0,0,,0.0,0.0,0.0,19
1,[],3,[],2019-03-18 01:31:54,119680.53447586825,0.00001881000000000000117110314501456258540201815776526927947998046875,0.000000000755815896,6961814,2019-03-18 01:31:54,btc,0.6919407325489582,0.0,0.00001881000000000000117110314501456258540201815776526927947998046875,btc,15054.205445313173,0.0,0.04443038889873227,19
1,[],4,[],2019-03-18 01:31:55,222390.38663308,0.00001987,0.000000000798408392,6961815,2019-03-18 01:31:55,btc,2.2097450705425326,0.0,0.00001987,btc,74732.61904373,0.30811663,2.3321116849731593,19
1,[],5,[],2019-03-18 01:31:57,0.0,0,0,6961816,2019-03-18 01:31:57,btc,0.0,1.897e-05,0,btc,0.0,0.0,0.0,19
1,[],12,[],2019-03-18 01:31:58,193556.82212202,0.00001858000000000000167914293580651019510696642100811004638671875,0.000000000746574128,6961817,2019-03-18 01:31:58,btc,0.1518556057531595,0.0,0.00001858000000000000167914293580651019510696642100811004638671875,btc,638.92636697,0.0043601446861683,0.0507144799980981,19
0,[],27,[],2019-03-18 01:31:59,0.0,0,0,6961818,2019-03-18 01:31:59,,0.0,0.0,0,btc,0.0,0.0,0.0,19
1,[],4,[],2019-03-18 01:32:00,2841179.02449269,0.00000013,0.000000000005223608,6961819,2019-03-18 01:32:00,btc,7.3815737746397,0.0,0.00000013,btc,2871716.96906976,0.0,0.0859872404891472,20
1,[],4,[],2019-03-18 01:32:01,93586729.54946245,0.00000002,0.000000000000803632,6961820,2019-03-18 01:32:01,btc,39417.15530751857,0.0,0.00000002,btc,54250899.39537982,0.0928997,1.0001396438898893,21
1,[],12,[],2019-03-18 01:32:03,2175571.0,0.00000001,0.000000000000401816,6961821,2019-03-18 01:32:03,btc,2870.53741960017,0.0,0.00000001,btc,2922668.50849151,1.36888111888e-05,0.02175571,21
0,[],17,[],2019-03-18 01:32:05,0.0,0,0,6961822,2019-03-18 01:32:05,btc,0.0,0.0,0,btc,0.0,0.0,0.0,21
1,[],12,[],2019-03-18 01:32:06,3172753830.0,0.0000000001,0.00000000000000401816,6961823,2019-03-18 01:32:06,btc,1950222.9030678964,0.0,0.0000000001,btc,1769712039.368021,0.03792516431458542,0.317275383,23
0,[],27,[],2019-03-18 01:32:08,0.0,0,0,6961824,2019-03-18 01:32:08,,13.972018501006241,0.0,0,eth,6275713.95973186,0.0,0.0,23
1,[],4,[],2019-03-18 01:32:09,680857.52081875,0.00000045,0.000000000018081719999999998,6961825,2019-03-18 01:32:09,btc,9.900746407387102,0.0,0.00000045,btc,1616134.65800928,0.00299879,0.1730775560267986,24
0,[],22,[],2019-03-18 01:32:58,0.0,0,0,6961826,2019-03-18 01:32:58,,0.0,0.0,0,,0.0,0.0,0.0,24
0.0,[],25,[],2019-03-18 01:32:59,0.0,0,0,6961827,2019-03-18 01:32:59,,0.0,0.0,0.0,btc,0.0,0.0,0.0,24
1,[],4,[],2019-03-18 01:33:01,28215615.66853554,0.00000676,0.000000000271627616,6961828,2019-03-18 01:33:01,btc,151.46653600629364,0.0,0.00000676,btc,248654.57292813,0.30989088,0.6615284532798822,26
1,[],10,[],2019-03-18 01:33:02,602925.23251558,0.00000543,0.000000000218186088,6961829,2019-03-18 01:33:02,btc,25.23355031083852,3496.34437803,0.00000543,btc,14324.4645187,0.0,0.1443916358988472,26
0,[],2,[],2019-01-20 23:25:56,0.0,0,0,6476976,2019-01-20 23:25:56,,0.0,0.0,0,,0.0,0.0,0.0,26
1,[],3,[],2019-03-18 01:33:03,10888354.54084747,0.00000001,0.000000000000401816,6961830,2019-03-18 01:33:03,btc,2.053579811954019,0.0,0.00000001,btc,15570067.93560084,0.0,0.1088835454084747,27
1,[],5,[],2019-03-18 01:33:07,0.0,0,0,6961831,2019-03-18 01:33:07,btc,0.0,1.001e-05,0,btc,0.0,0.0,0.0,27
1,[],11,[],2019-03-18 01:33:09,8493678.24590115,0.00000006,0.000000000002410896,6961832,2019-03-18 01:33:09,btc,67506.1992155516,5956.66666667,0.00000006,btc,7966196.08369704,0.0,0.4691399049180229,27
1,[],4,[],2019-03-18 01:33:09,2160927125.286677,0.00000001,0.000000000000401816,6961833,2019-03-18 01:33:09,btc,2.92905879130108,0.0,0.00000001,"btc,ltc",249535111.86033964,0.14519366,9.89404627804656,29
1,[],7,[],2019-03-18 01:33:41,35613182.13418711,0.00000001,0.000000000000401816,6961834,2019-03-18 01:33:41,btc,44461604.29079431,1854.5,0.00000001,btc,52325034.42656505,0.0,0.3561318213418711,29
1,[],4,[],2019-03-18 01:33:41,4038739.68210387,0.00000017,0.000000000006830872,6961835,2019-03-18 01:33:41,btc,2.802082741309388,0.0,0.00000017,btc,2296977.77867472,0.00192579,0.1027296798574408,30
0,[],17,[],2019-03-18 01:33:43,0.0,0,0,6961836,2019-03-18 01:33:43,btc,0.0,0.0,0,btc,0.0,0.0,0.0,30
1,[],4,[],2019-03-18 01:33:44,188434.82635104,0.00006200,0.0000000024912592,6961837,2019-03-18 01:33:44,btc,6.568444774543458,0.0,0.00006200,btc,65965.76850756,3.62715027,2.3744603826985657,31
1,[],21,[],2019-03-18 01:33:45,66701.60064309,0.00006019999999999999960517693687,0.00000000241893232,6961838,2019-03-18 01:33:45,btc,9.738554838172675,1192009.34498442,0.0000601999999999999996051769368676787053118459880352020263671875,btc,141864.95349586,76.06975737,3.7743337651570688,31
0,[],2,[],2019-01-20 23:28:43,0.0,0,0,6477009,2019-01-20 23:28:43,,0.0,0.0,0,,0.0,0.0,0.0,32
1,[],4,[],2019-03-18 01:33:46,393837766.98990357,0.00000004,0.000000000001607264,6961839,2019-03-18 01:33:46,btc,9.062443569038368,0.0,0.00000004,"btc,ltc",184511817.46091202,0.45978651,8.325475090683058,33
1,[],12,[],2019-03-18 01:33:47,29508767.99233333,0.00000004,0.000000000001607264,6961840,2019-03-18 01:33:47,btc,4127588.55858755,0.0,0.00000004,btc,23033957.68943556,0.1930756257679316,0.7143927467199999,33
1,[],4,[],2019-03-18 01:33:48,90415684.88817006,0.00000001,0.000000000000401816,6961841,2019-03-18 01:33:48,btc,3.3648146215705346,0.0,0.00000001,btc,104240594.09333833,0.00272827,0.9041568488817007,34
1,[],5,[],2019-03-18 01:33:49,0.0,0,0,6961842,2019-03-18 01:33:49,btc,0.0,0.0454485,0,btc,0.0,0.0,0.0,34
0.00000000015314070000000002,[],4,[],2019-03-18 01:33:51,4816121135.524447,1.531407e-18,6.15343835112e-23,6961843,2019-03-18 01:33:51,ltc,5.115501906656232e-08,0.0,0.00000001,ltc,6357868517.702046,0.0,7.3754416197900885e-09,36
1,[],5,[],2019-03-18 01:33:52,0.0,0,0,6961844,2019-03-18 01:33:52,btc,0.0,0.0,0,btc,0.0,0.0,0.0,36
0.0000000003503133,[],27,[],2019-03-18 01:34:06,998000.16325,3.503133e-18,1.407614889528e-22,6961845,2019-03-18 01:34:06,eth,223.80396210580784,0.0,0.00000001,"ltc,eth",12165396.31058689,0.0,1.5283447578864624e-12,36
0,[],17,[],2019-03-18 00:48:13,0.0,0,0,6961649,2019-03-18 00:48:13,btc,0.0746458232965017,0.0,0,btc,4103573.70243647,0.0,0.0,36
1,[],4,[],2019-03-18 01:34:07,374625.00777642,0.00000058,0.000000000023305328,6961846,2019-03-18 01:34:07,btc,19772.483999938875,0.0,0.00000058,btc,587070.26031708,0.05590206,0.0831182674758464,37
1,[],12,[],2019-03-18 01:34:08,568853.56664847,0.00000059,0.000000000023707143999999997,6961847,2019-03-18 01:34:08,btc,20.621061025627284,0.0,0.00000059,btc,365426.17742773,0.0367683852038367,0.215932305604139,37
1,[],17,[],2019-03-18 01:34:19,1752.74075282,0.00000025,0.000000000010045399999999999,6961848,2019-03-18 01:34:19,btc,0.055484923777095005,0.0,0.00000025,btc,1319.19918473,0.0,0.00043818518820499993,37
1,[],27,[],2019-03-18 01:34:22,14685.567,0.00000045,0.000000000018081719999999998,6961849,2019-03-18 01:34:22,btc,24.25536383611233,0.0,0.00000045,btc,6518.38138508,0.0,0.00480032515,37
1,[],5,[],2019-03-18 01:34:23,0.0,0,0,6961850,2019-03-18 01:34:23,btc,0.0,0.09756608,0,btc,0.0,0.0,0.0,42
1,[],12,[],2019-03-18 01:34:25,254129.72164435,0.000001049999999999999899545958213786800428124479367397725582122802734375,0.00000000004219068,6961851,2019-03-18 01:34:25,btc,5.577441285559565,0.0,0.000001049999999999999899545958213786800428124479367397725582122802734375,btc,27432.44516415,0.0104186818712464,0.0202408743611997,42
0.0000000003503133,[],27,[],2019-03-18 01:34:27,22000.0,4.2037596e-17,1.6891378674336e-21,6961852,2019-03-18 01:34:27,eth,0.00315028,0.0,0.00000012,"btc,eth",11.007,0.0,8.47758186e-13,42
0,[],17,[],2019-03-18 00:28:52,0.0,0,0,6961520,2019-03-18 00:28:52,btc,0.0,0.0,0,btc,0.0,0.0,0.0,43
1,[],12,[],2019-03-13 09:13:29,1112112.0,0.00000001,0.000000000000386531,6919902,2019-03-13 09:13:29,btc,29058.00478931866,0.0,0.00000001,btc,5967681.93306694,9.99000999e-07,0.01112112,43
1,[],5,[],2019-03-18 00:48:26,0.0,0,0,6961658,2019-03-18 00:48:26,btc,0.0,0.01813389,0,btc,0.0,0.0,0.0,43
1,[],12,[],2019-03-05 01:54:08,639326.02,0.00000004,0.000000000001486676,6845775,2019-03-05 01:54:08,btc,11116042.728239931,0.0,0.00000004,btc,1103841.4595604,0.0003330765234764,0.014975410599999999,44
1,[],4,[],2019-03-18 01:34:27,298299263.68716395,0.00000003,0.000000000001205448,6961853,2019-03-18 01:34:27,btc,494.49434147172815,0.0,0.00000003,"btc,ltc",16723204.56583875,0.00068015,0.2883579993057531,49
0.00000000015314070000000002,[],4,[],2019-03-18 01:34:28,527978587.8666691,1.531407e-18,6.15343835112e-23,6961854,2019-03-18 01:34:28,ltc,25.901654676485233,0.0,0.00000001,ltc,8614125116.009727,0.0,8.085501053091322e-10,52
0,[],22,[],2019-03-18 01:35:17,0.0,0,0,6961855,2019-03-18 01:35:17,,0.0,0.0,0,,0.0,0.0,0.0,57
0.0000000003503133,[],27,[],2019-03-18 01:35:20,2000.0,3.503133e-18,1.407614889528e-22,6961856,2019-03-18 01:35:20,eth,0.0,0.0,0.00000001,"btc,eth",0.0,0.0,7.006266e-15,57
0.00000000015314070000000002,[],4,[],2019-03-18 01:35:21,791782892.751,3.062814e-18,1.230687670224e-22,6961857,2019-03-18 01:35:21,ltc,18.657618293688856,0.0,0.00000002,ltc,4686368270.637704,0.0,1.8455269742094182e-09,58
1,[],12,[],2019-03-18 01:35:22,1432592425.0,0.0000000003,0.00000000000001205448,6961858,2019-03-18 01:35:22,btc,4264557.079105083,0.0,0.0000000003,btc,1607819374.7772229,0.013559305415284655,0.3681018216,58
0,[],17,[],2019-03-18 01:35:34,0.0,0,0,6961859,2019-03-18 01:35:34,btc,1e+24,0.0,0,btc,49226522.0897055,0.0,0.0,58
0,[],22,[],2019-03-18 01:36:23,0.0,0,0,6961860,2019-03-18 01:36:23,,0.0,0.0,0,,0.0,0.0,0.0,58
1,[],5,[],2019-03-18 01:36:25,0.0,0,0,6961861,2019-03-18 01:36:25,btc,0.0,0.02357038,0,btc,0.0,0.0,0.0,61
0,[],22,[],2019-03-18 01:37:14,0.0,0,0,6961862,2019-03-18 01:37:14,,0.0,0.0,0,,0.0,0.0,0.0,61
1,[],26,[],2019-03-18 01:37:14,0.0,0.00000800,0.00000000032145279999999997,6961863,2019-03-18 01:37:14,btc,0.0,0.0,0.00000800,btc,0.0,0.0,0.0,61
1,[],27,[],2019-03-18 01:37:16,2138.56798,0.00000047,0.000000000018885352,6961864,2019-03-18 01:37:16,btc,2.8850305703141323,0.0,0.00000047,"btc,eth",19862.59257617,0.0,0.00019833999354654935,61
1,[],28,[],2019-03-18 01:37:23,13880.304,0.0000005,0.000000000020090799999999998,6961865,2019-03-18 01:37:23,btc,2.056312978300105,297.0,0.0000005,btc,9730.59500005,0.0,0.00566391304,61
1,[],4,[],2019-03-18 00:51:10,1399353.37285669,0.00000220,0.00000000008799032,6961672,2019-03-18 00:51:10,btc,9.545601580101593,0.0,0.00000220,btc,810096.30717724,0.19815202,1.2296982326314547,67
0.0,[],25,[],2019-03-18 00:51:11,0.0,0,0,6961673,2019-03-18 00:51:11,,0.0,0.0,0.0,btc,0.0,0.0,0.0,67
1,[],12,[],2019-03-18 01:37:24,881668.66059948,0.00000015,0.00000000000602724,6961866,2019-03-18 01:37:24,btc,1111615.2156879276,0.0,0.00000015,btc,946981.18247522,0.00254174950034,0.0718245941918155,71
,[],5,[],2018-11-20 23:02:39,1.5e-07,0.00000005,0.000000000002128045,4862160,2018-11-20 23:02:39,btc,2.84511358,0.0,,btc,0.00036572,0.0,0.07381892,74
1,[],5,[],2019-03-18 01:37:26,0.0,0,0,6961867,2019-03-18 01:37:26,btc,0.0,0.0,0,btc,0.0,0.0,0.0,75
0,[],20,[],2019-01-25 09:30:31,0.0,0,0,6495923,2019-01-25 09:30:31,btc,0.0,0.0,0,btc,0.0,0.0,0.0,81
1,[],4,[],2019-03-18 01:37:27,13382103.94481309,0.00000001,0.000000000000401816,6961868,2019-03-18 01:37:27,btc,11370.01956508711,0.0,0.00000001,btc,39949505.59932191,0.0,0.1338210394481309,81
1,[],4,[],2019-03-18 01:37:28,23609.86455428,0.00008087,0.000000003249485992,6961869,2019-03-18 01:37:28,btc,17.913330118366357,0.0,0.00008087,btc,12080.4977079,0.03125653,0.0797730609560714,82
1,[],21,[],2019-03-18 01:37:29,920015.36138549,0.00007846000000000000434811908701,0.000000003152648336,6961870,2019-03-18 01:37:29,btc,2.7756601729531636,2384.23813109,0.00007846000000000000434811908700538651828537695109844207763671875,btc,30656.08200617,0.188748,3.7781084246236256,82
0,[],17,[],2019-03-17 21:58:06,0.0,0,0,6960954,2019-03-17 21:58:06,btc,0.0447233088476774,0.0,0,btc,999127.19588126,0.0,0.0,84
0.00000000015314070000000002,[],4,[],2019-03-18 01:37:31,150574885.518771,4.594221e-18,1.846031505336e-22,6961871,2019-03-18 01:37:31,ltc,1.676291651170328,0.0,0.00000003,ltc,391359030.1066439,0.0,3.3878425890648594e-10,85
,[],22,[],2018-11-20 23:09:34,3408.1,0.0000001,0.0000000000041895,4862324,2018-11-20 23:09:34,BTC,0.04624735,0.0,,BTC,4990.0,0.0,0.00033081,86
0,[],22,[],2019-03-18 01:38:21,0.0,0,0,6961872,2019-03-18 01:38:21,,0.0,0.0,0,,0.0,0.0,0.0,87
1,[],27,[],2019-03-18 01:38:22,50.0,0.00000001,0.000000000000401816,6961873,2019-03-18 01:38:22,btc,5.0622307389352,0.0,0.00000001,btc,27725.9038596,0.0,5e-07,87
,[],2,[],2018-11-20 23:10:47,0.0,0,0,4862359,2018-11-20 23:10:47,,0.0,0.0,,,0.0,0.0,0.0,88
1,[],11,[],2019-03-18 01:38:24,110489.26500119,0.00015020999999999998654291732957943850124138407409191131591796875,0.000000006035678135999999,6961874,2019-03-18 01:38:24,btc,612.0344032047485,1.0,0.00015020999999999998654291732957943850124138407409191131591796875,btc,100898.08990901,0.0,8.886514688079837,89
0,[],2,[],2019-01-20 23:31:45,0.0,0,0,6477083,2019-01-20 23:31:45,,0.0,0.0,0,,0.0,0.0,0.0,91
1,[],12,[],2019-03-18 01:38:25,312872.00734504,0.00000092,0.000000000036967072,6961875,2019-03-18 01:38:25,btc,58.444437785372685,0.0,0.00000092,btc,89143.65126046,8.96859758265e-05,0.031556591299994496,91
0,[],17,[],2019-03-18 01:38:27,0.0,0,0,6961876,2019-03-18 01:38:27,btc,0.0,0.0,0,btc,0.0,0.0,0.0,91
0,[],22,[],2019-03-18 01:39:16,0.0,0,0,6961877,2019-03-18 01:39:16,,0.0,0.0,0,,0.0,0.0,0.0,91
0,[],22,[],2019-03-18 01:40:05,0.0,0,0,6961878,2019-03-18 01:40:05,,0.0,0.0,0,,0.0,0.0,0.0,95
0.00000000015314070000000002,[],4,[],2019-03-18 01:40:06,541012801.2512879,7.657035e-17,3.0767191755600004e-21,6961879,2019-03-18 01:40:06,ltc,11.88322923394408,0.0,0.0000005,ltc,134871968.21121505,0.0,1.2163324345519023e-09,96
0,[],12,[],2019-03-18 01:40:07,0.0,0,0,6961880,2019-03-18 01:40:07,btc,10.670117353856144,0.0,0,btc,3148038.38561436,0.0005871628371629,0.0,96
0,[],17,[],2019-03-18 01:40:08,0.0,0,0,6961881,2019-03-18 01:40:08,btc,0.0,0.0,0,btc,0.0,0.0,0.0,96
1,[],4,[],2019-03-18 01:40:09,3801712.68182924,0.00000061,0.000000000024510776,6961882,2019-03-18 01:40:09,btc,6.269399612320685,0.0,0.00000061,btc,3173978.86604046,0.92262479,0.8173529911581389,99
0,[],2,[],2019-01-20 23:23:55,0.0,0,0,6476914,2019-01-20 23:23:55,,0.0,0.0,0,,0.0,0.0,0.0,100
1,[],4,[],2019-03-18 01:40:10,291782.0848035,0.00003484,0.000000001399926944,6961883,2019-03-18 01:40:10,btc,11.382582715467615,0.0,0.00003484,btc,180646.80889144,0.96360052,1.7287773567082536,100
0,[],22,[],2019-03-18 01:40:59,0.0,0,0,6961884,2019-03-18 01:40:59,,0.0,0.0,0,,0.0,0.0,0.0,101
1,[],4,[],2019-03-18 01:41:00,420099.49181898,0.00000100,0.000000000040181599999999997,6961885,2019-03-18 01:41:00,btc,292.53089628566477,0.0,0.00000100,btc,552794.6685052,0.07532792,0.2163382600670797,103
1,[],12,[],2019-03-18 01:41:03,34229869.0,0.000000007,0.0000000000002812712,6961886,2019-03-18 01:41:03,btc,3219028.668922677,0.0,0.000000007,btc,66268447.44996003,0.00574238474513489,0.057528258,105
0,[],27,[],2019-03-18 01:41:05,0.0,0,0,6961887,2019-03-18 01:41:05,,36.61168845936601,0.0,0,btc,1500858.60039724,0.0,0.0,105
0,[],22,[],2019-03-18 01:41:55,0.0,0,0,6961888,2019-03-18 01:41:55,,0.0,0.0,0,,0.0,0.0,0.0,107
1,[],26,[],2019-03-18 01:41:55,0.0,0.00000000,0,6961889,2019-03-18 01:41:55,btc,0.0,0.0,0.00000000,btc,0.0,0.0,0.0,107
1,[],5,[],2019-03-18 01:41:56,0.0,0,0,6961890,2019-03-18 01:41:56,btc,0.0,0.00072973,0,btc,0.0,0.0,0.0,112
0,[],22,[],2019-03-18 01:42:46,0.0,0,0,6961891,2019-03-18 01:42:46,,0.0,0.0,0,,0.0,0.0,0.0,112
0.0000000003503133,[],27,[],2019-03-18 01:42:48,2000.0,3.503133e-18,1.407614889528e-22,6961892,2019-03-18 01:42:48,eth,1.24996908,0.0,0.00000001,"btc,eth",1289.0,0.0,7.006266e-15,112
1,[],4,[],2019-03-18 01:42:49,1044700.79284149,0.00000180,0.00000000007232687999999999,6961893,2019-03-18 01:42:49,btc,4.351904901832246,0.0,0.00000180,btc,415494.04909431,0.13334612,0.9441148525285376,113
1,[],5,[],2019-03-18 01:42:50,0.0,0,0,6961894,2019-03-18 01:42:50,btc,0.0,0.0,0,btc,0.0,0.0,0.0,113
1,[],17,[],2019-03-18 00:57:10,152738.278,0.00000004,0.000000000001599824,6961701,2019-03-18 00:57:10,btc,1.336803027487296,0.0,0.00000004,btc,51896.221,0.0,0.0022095311199999998,116
0,[],27,[],2019-03-18 01:43:03,0.0,0,0,6961895,2019-03-18 01:43:03,,0.0,0.0,0,btc,0.0,0.0,0.0,116
1,[],4,[],2019-03-18 01:43:04,65552.14489441,0.00004797,0.000000001927511352,6961896,2019-03-18 01:43:04,btc,103.03775113022543,0.0,0.00004797,btc,46612.90385506,0.31658659,1.2149530287842647,120
1,[],7,[],2019-03-18 01:43:07,23148.65785507,0.00002669000000000000026394685048725108345024636946618556976318359375,0.000000001072446904,6961897,2019-03-18 01:43:07,btc,115651.21177029773,150.28774618,0.00002669000000000000026394685048725108345024636946618556976318359375,btc,27415.177331360002,0.00701739,0.0577399018211797,120
1,[],20,[],2019-03-18 01:43:10,1562127.0982,0.000000034,0.0000000000013661744,6961898,2019-03-18 01:43:10,btc,32.3019190406648,9517.559,0.000000034,btc,1028084.0986,0.000323597006,0.0117960626506,125
0,[],22,[],2019-03-18 01:43:59,0.0,0,0,6961899,2019-03-18 01:43:59,,0.0,0.0,0,,0.0,0.0,0.0,126
0,[],2,[],2019-01-20 23:25:46,0.0,0,0,6476969,2019-01-20 23:25:46,,0.0,0.0,0,,0.0,0.0,0.0,131
1,[],4,[],2019-03-18 01:44:00,1256391.88344485,0.00001127,0.000000000452846632,6961900,2019-03-18 01:44:00,btc,3.0338025879955373,0.0,0.00001127,btc,127492.06460189,0.21375834,0.4741578488753327,131
0,[],17,[],2019-03-18 01:44:11,0.0,0,0,6961901,2019-03-18 01:44:11,btc,0.0953976503951408,0.0,0,btc,5037.62507334,0.0,0.0,131
1,[],4,[],2019-03-18 01:44:12,4593.28706459,0.00025139,0.000000010101252424,6961902,2019-03-18 01:44:12,btc,0.5257920927744582,0.0,0.00025139,btc,193.40119446,0.02010362,0.0159171764638915,135
1,[],3,[],2019-03-07 00:20:44,877702.73244099,0.00000004,0.00000000000154846,6863392,2019-03-07 00:20:44,btc,0.119366241821405,0.0,0.00000004,btc,760637.99421222,0.0,0.023771231960604298,136
1,[],4,[],2019-03-18 01:44:13,170985.98757185,0.00000122,0.000000000049021552,6961903,2019-03-18 01:44:13,btc,38.76748324265449,0.0,0.00000122,btc,580272.84576698,0.05358445,0.1382732393339847,137
1,[],12,[],2019-03-18 01:44:14,174558.41087968,0.00000110999999999999996035831596741250137938550324179232120513916015625,0.000000000044601576,6961904,2019-03-18 01:44:14,btc,37.49957639935846,0.0,0.00000110999999999999996035831596741250137938550324179232120513916015625,btc,5287.32065971,0.0140456599728939,0.0139079899999235,137
1,[],17,[],2019-03-17 22:58:53,22967.386363640002,0.00000088,0.000000000035056736,6961180,2019-03-17 22:58:53,btc,20.0699133484,0.0,0.00000088,btc,405.079105,0.0,0.0104613000000032,142
1,[],4,[],2019-03-18 01:44:15,11409.76355187,0.00003544,0.0000000014240359039999999,6961905,2019-03-18 01:44:15,btc,28.75148258288917,0.0,0.00003544,btc,51428.98569515,0.30572756,0.3026464265559927,142
1,[],5,[],2019-03-18 01:44:17,0.0,0,0,6961906,2019-03-18 01:44:17,btc,0.0,0.0848708,0,btc,0.0,0.0,0.0,142
1,[],20,[],2019-03-18 01:44:30,149104.2718,0.00003007,0.000000001208260712,6961907,2019-03-18 01:44:30,btc,0.3359267524272,3.6583,0.00003007,btc,2242.1871,0.000109931915,0.3132894981457,142
0,[],22,[],2019-03-18 01:45:18,0.0,0,0,6961908,2019-03-18 01:45:18,,0.0,0.0,0,,0.0,0.0,0.0,142
0.0,[],25,[],2019-03-18 01:45:20,0.0,0,0,6961909,2019-03-18 01:45:20,,0.0,0.0,0.0,btc,0.0,0.0,0.0,142
0,[],28,[],2019-03-18 01:45:27,0.0,0,0,6961910,2019-03-18 01:45:27,,0.0,0.0,0,,0.0,0.0,0.0,142
0,[],22,[],2019-03-18 01:46:16,0.0,0,0,6961911,2019-03-18 01:46:16,,0.0,0.0,0,,0.0,0.0,0.0,143
0,[],22,[],2019-02-25 15:42:22,0.0,0,0,6783783,2019-02-25 15:42:22,,4.2131946,0.0,0,,2322156.0,0.0,0.0,146
,[],22,[],2018-11-20 23:01:11,0.0,0,0,4862114,2018-11-20 23:01:11,,2.56807021,0.0,,,61828.4988236,0.0,0.0,147
1,[],12,[],2019-03-18 01:46:17,388962.58946187,0.0000027300000000000001199843176202808336938687716610729694366455078125,0.000000000109695768,6961912,2019-03-18 01:46:17,btc,9.693709643153685,0.0,0.0000027300000000000001199843176202808336938687716610729694366455078125,btc,108330.39740171,0.0,0.16906702999988119,148
1,[],4,[],2019-03-18 01:46:19,266700.45886533,0.00000029,0.000000000011652664,6961913,2019-03-18 01:46:19,btc,218.95231671029796,0.0,0.00000029,btc,806434.2620324,0.0,0.0637095099147637,152
0,[],22,[],2019-03-18 01:47:08,0.0,0,0,6961914,2019-03-18 01:47:08,,0.0,0.0,0,,0.0,0.0,0.0,152
1,[],5,[],2019-03-18 01:47:10,0.0,0,0,6961915,2019-03-18 01:47:10,btc,0.0,0.0,0,btc,0.0,0.0,0.0,153
,[],16,[],2019-01-11 15:38:59,0.0,0,0,6366141,2019-01-11 15:38:59,btc,0.0,0.0,,btc,0.0,0.0,0.0,155
0,[],23,[],2019-01-20 23:24:29,0.0,0,0,6476932,2019-01-20 23:24:29,,0.0,0.0,0,,0.0,0.0,0.0,156
0,[],22,[],2019-03-18 01:47:59,0.0,0,0,6961916,2019-03-18 01:47:59,,0.0,0.0,0,,0.0,0.0,0.0,156
0,[],22,[],2019-03-18 01:48:49,0.0,0,0,6961917,2019-03-18 01:48:49,,0.0,0.0,0,,0.0,0.0,0.0,157
0,[],22,[],2019-03-18 01:49:39,0.0,0,0,6961918,2019-03-18 01:49:39,,0.0,0.0,0,,0.0,0.0,0.0,158
,[],17,[],2018-11-20 22:56:10,0.0,0,0,4861976,2018-11-20 22:56:10,btc,1.1265625,0.0,,btc,1000.0,0.0,0.0,159
,[],20,[],2018-11-20 22:56:12,0.0,0,0,4861977,2018-11-20 22:56:12,btc,11912.7940471,0.0,,btc,34413894.3617,0.0,0.0,159
1,[],17,[],2019-03-18 00:01:59,29784.95,0.000001,0.000000000039814499999999996,6961391,2019-03-18 00:01:59,btc,0.03026736251542,0.0,0.000001,btc,144.46171372,0.0,0.00716147,168
1,[],12,[],2019-03-18 01:49:40,235443.08790237,0.0000073400000000000000278401433850827828564433730207383632659912109375,0.000000000294932944,6961919,2019-03-18 01:49:40,btc,12.666571730925414,0.0,0.0000073400000000000000278401433850827828564433730207383632659912109375,btc,7811.757989,0.0018204768521699,0.1187360530267349,168
0,[],22,[],2019-03-18 01:50:40,0.0,0,0,6961920,2019-03-18 01:50:40,,0.0,0.0,0,,0.0,0.0,0.0,169
0,[],22,[],2019-03-18 01:51:29,0.0,0,0,6961921,2019-03-18 01:51:29,,0.0,0.0,0,,0.0,0.0,0.0,171
0,[],22,[],2019-03-18 01:52:18,0.0,0,0,6961922,2019-03-18 01:52:18,,0.0,0.0,0,,0.0,0.0,0.0,173
1,[],5,[],2019-03-18 01:52:19,0.0,0,0,6961923,2019-03-18 01:52:19,btc,0.0,0.0054767,0,btc,0.0,0.0,0.0,175
0,[],22,[],2019-03-18 01:53:08,0.0,0,0,6961924,2019-03-18 01:53:08,,0.0,0.0,0,,0.0,0.0,0.0,176
1,[],7,[],2019-03-18 01:53:12,9227269.27246133,0.00000001,0.000000000000401816,6961925,2019-03-18 01:53:12,btc,410194.16583392204,100926473.296,0.00000001,btc,33832896.61277177,1.01037327,0.0922726927246133,178
0,[],22,[],2019-03-18 01:54:01,0.0,0,0,6961926,2019-03-18 01:54:01,,0.0,0.0,0,,0.0,0.0,0.0,178
0,[],2,[],2019-01-20 23:28:34,0.0,0,0,6477001,2019-01-20 23:28:34,,0.0,0.0,0,,0.0,0.0,0.0,178
1,[],5,[],2019-03-18 01:54:03,0.0,0,0,6961927,2019-03-18 01:54:03,btc,0.0,0.08846345,0,btc,0.0,0.0,0.0,179
0,[],22,[],2019-03-18 01:54:52,0.0,0,0,6961928,2019-03-18 01:54:52,,0.0,0.0,0,,0.0,0.0,0.0,179
0,[],23,[],2019-01-20 23:25:08,0.0,0,0,6476952,2019-01-20 23:25:08,,0.0,0.0,0,,0.0,0.0,0.0,179
1,[],17,[],2019-03-18 01:54:55,10504.725,0.0000001,0.0000000000040181599999999995,6961929,2019-03-18 01:54:55,btc,5.2010695838445,0.0,0.0000001,btc,5033.45945,0.0,0.0010504725,180
0,[],22,[],2019-03-18 01:55:43,0.0,0,0,6961930,2019-03-18 01:55:43,,0.0,0.0,0,,0.0,0.0,0.0,180
1,[],26,[],2019-03-18 01:55:44,0.0,0.00000125,0.000000000050227,6961931,2019-03-18 01:55:44,btc,0.0,0.0,0.00000125,btc,0.0,0.0,0.0,180
,[],7,[],2018-11-20 22:58:01,562227.975654,0.00000085,0.000000000036176765,4862015,2018-11-20 22:58:01,btc,21836.6059674,2491.87645172,,btc,749999.041456,0.00211021,0.127565380455,183
1,[],24,[],2019-03-18 01:55:44,0.0,0.000000000001,4.01816e-17,6961932,2019-03-18 01:55:44,btc,0.0,0.0,0.000000000001,btc,0.0,0.0,0.0,187
,[],5,[],2019-01-10 08:11:41,0.0,0,0,6347036,2019-01-10 08:11:41,btc,82.15055501,0.00261,,btc,1.19002445,0.0,0.0,187
,[],17,[],2018-11-16 20:58:10,4062536.27273,0.00000001,0.000000000000550501,4708775,2018-11-16 20:58:10,btc,3.36492563466,0.195460381006,,"btc,eth",110697919.549,0.0,0.0157628953496,187
0,[],22,[],2019-03-18 01:56:33,0.0,0,0,6961933,2019-03-18 01:56:33,,0.0,0.0,0,,0.0,0.0,0.0,191
0,[],22,[],2019-03-18 01:57:22,0.0,0,0,6961934,2019-03-18 01:57:22,,0.0,0.0,0,,0.0,0.0,0.0,197
0,[],22,[],2019-03-18 01:58:12,0.0,0,0,6961935,2019-03-18 01:58:12,,0.0,0.0,0,,0.0,0.0,0.0,199
1,[],26,[],2019-03-18 01:58:12,0.0,0.00000000,0,6961936,2019-03-18 01:58:12,btc,0.0,131404.0,0.00000000,btc,0.0,0.0,0.0,199
0,[],23,[],2019-01-20 23:31:41,0.0,0,0,6477079,2019-01-20 23:31:41,,0.0,0.0,0,,0.0,0.0,0.0,199
0,[],2,[],2019-01-20 23:30:49,0.0,0,0,6477059,2019-01-20 23:30:49,,0.0,0.0,0,,0.0,0.0,0.0,201
1,[],4,[],2019-01-25 15:51:35,2084389.58565343,0.00000936,0.000000000333526752,6499557,2019-01-25 15:51:35,btc,2.0092503037378524,0.0,0.00000936,btc,160195.80207885,0.19272417,1.242687955921835,211
1,[],7,[],2019-03-18 01:58:17,4167093.05590415,0.0000010600000000000000155604695795119596368749625980854034423828125,0.000000000042592496,6961937,2019-03-18 01:58:17,btc,15476702.077823006,2238149.20332,0.0000010600000000000000155604695795119596368749625980854034423828125,btc,14312195.37212044,0.0,2.9251389770595635,212
1,[],5,[],2019-03-18 01:58:18,0.0,0,0,6961938,2019-03-18 01:58:18,btc,0.0,0.10065694,0,btc,0.0,0.0,0.0,213
1,[],24,[],2019-03-18 01:58:18,0.0,0.000000220000,0.000000000008839952,6961939,2019-03-18 01:58:18,btc,0.0,0.0,0.000000220000,btc,0.0,0.0,0.0,213
1,[],26,[],2019-03-18 01:58:18,0.0,0.00000040,0.00000000001607264,6961940,2019-03-18 01:58:18,btc,0.0,0.0,0.00000040,btc,0.0,0.0,0.0,213
1,[],12,[],2019-01-25 02:44:32,207462.42853209,0.000001080000000000000035831255497387193287295303889550268650054931640625,0.000000000038610756000000006,6493050,2019-01-25 02:44:32,btc,85023.03793723314,0.0,0.000001080000000000000035831255497387193287295303889550268650054931640625,btc,43675.73520027,0.000146250909087,0.0348620860622024,213
0,[],22,[],2019-03-18 01:59:08,0.0,0,0,6961941,2019-03-18 01:59:08,,0.0,0.0,0,,0.0,0.0,0.0,216
1,[],27,[],2019-03-18 01:59:10,1233122.0,0.00000003,0.000000000001205448,6961942,2019-03-18 01:59:10,btc,316.9780375147724,0.0,0.00000003,"btc,ltc",245929.924324,0.0,0.03375764000007657,216
0,[],22,[],2019-03-18 01:59:59,0.0,0,0,6961943,2019-03-18 01:59:59,,0.0,0.0,0,,0.0,0.0,0.0,217
1,[],7,[],2019-03-18 02:00:00,0.0,0,0,6961944,2019-03-18 02:00:00,btc,77969.33757097446,0.0,0,btc,135811624.2426053,0.0,0.0,219
0,[],27,[],2019-03-18 02:00:03,0.0,0,0,6961945,2019-03-18 02:00:03,,0.03997288,0.0,0,btc,2007233.0,0.0,0.0,219
0.0000000000000051,[],28,[],2019-03-18 02:00:11,170722989.525,2.55e-18,1.0246308e-22,6961946,2019-03-18 02:00:11,doge,115321.1607606176,5918.0,0.00050000,"btc,doge",8231923.91281,0.0,1.702075359052437e-11,219
0,[],22,[],2019-03-18 02:01:00,0.0,0,0,6961947,2019-03-18 02:01:00,,0.0,0.0,0,,0.0,0.0,0.0,221
1,[],24,[],2019-03-18 02:01:00,0.0,0.000000200000,0.00000000000803632,6961948,2019-03-18 02:01:00,btc,0.0,0.0,0.000000200000,btc,0.0,0.0,0.0,221
1,[],20,[],2019-03-18 02:01:02,45693758.4686,0.000000003,0.0000000000001205448,6961949,2019-03-18 02:01:02,btc,49.3918638691693,2541411.4274,0.000000003,btc,13651956.9874,0.0234191076523,0.0541194338552,224
0,[],22,[],2019-03-18 02:01:51,0.0,0,0,6961950,2019-03-18 02:01:51,,0.0,0.0,0,,0.0,0.0,0.0,224
1,[],26,[],2019-03-18 02:01:51,0.0,0.00000022,0.000000000008839952,6961951,2019-03-18 02:01:51,btc,0.0,0.0,0.00000022,btc,0.0,0.0,0.0,231
1,[],26,[],2019-03-18 02:01:52,0.0,0.00000005,0.00000000000200908,6961952,2019-03-18 02:01:52,btc,0.0,0.0,0.00000005,btc,0.0,0.0,0.0,234
0.0000000003503133,[],27,[],2019-03-18 02:01:54,2000.0,3.503133e-18,1.407614889528e-22,6961953,2019-03-18 02:01:54,eth,0.01134836604,0.0,0.00000001,"btc,eth",11462.996,0.0,7.006266e-15,234
1,[],4,[],2019-03-18 02:01:56,1060276.93037648,0.00000113,0.000000000045405208,6961954,2019-03-18 02:01:56,btc,4.350817815692492,0.0,0.00000113,btc,1063040.75126164,0.20180941,0.4168143269174065,236
1,[],24,[],2019-03-18 02:01:56,0.0,0.000000500000,0.000000000020090799999999998,6961955,2019-03-18 02:01:56,btc,0.0,0.0,0.000000500000,btc,0.0,0.0,0.0,236
1,[],20,[],2019-03-18 02:01:58,218401197.0531,0.000000043,0.0000000000017278088,6961956,2019-03-18 02:01:58,btc,94.4784297371024,4835336.7638,0.000000043,btc,31568008.6389,0.2295895261813,0.4031800959591,237
0,[],22,[],2019-03-18 02:02:47,0.0,0,0,6961957,2019-03-18 02:02:47,,0.0,0.0,0,,0.0,0.0,0.0,237
1,[],4,[],2019-03-18 02:02:49,10862860.71624787,0.00000038,0.000000000015269008,6961958,2019-03-18 02:02:49,btc,5.888826917336203,0.0,0.00000038,btc,8228188.03518519,0.59484052,3.081430561582071,238
1,[],5,[],2019-03-18 02:02:50,0.0,0,0,6961959,2019-03-18 02:02:50,btc,0.0,0.02171321,0,btc,0.0,0.0,0.0,238
0,[],22,[],2019-03-12 16:49:32,0.0,0,0,6914458,2019-03-12 16:49:32,,0.40415746,0.0,0,,526736.5639027493,0.0,0.0,249
0,[],22,[],2019-03-18 02:03:39,0.0,0,0,6961960,2019-03-18 02:03:39,,0.0,0.0,0,,0.0,0.0,0.0,252
1,[],28,[],2019-03-18 02:04:21,1861272.998,0.0000007,0.00000000002812712,6961961,2019-03-18 02:04:21,btc,164780.49773727774,33550.7,0.0000007,btc,563792.1652,0.0,0.5573766214,256
0,[],22,[],2019-03-18 02:05:10,0.0,0,0,6961962,2019-03-18 02:05:10,,0.0,0.0,0,,0.0,0.0,0.0,258
1,[],22,[],2019-03-13 00:07:30,47146.0,0.00000001,0.000000000000387233,6917028,2019-03-13 00:07:30,BTC,2.415167,0.0,0.00000001,BTC,157.0,0.0,0.00047146,259
1,[],5,[],2019-03-18 02:05:12,0.0,0,0,6961963,2019-03-18 02:05:12,btc,0.0,0.00258437,0,btc,0.0,0.0,0.0,264
1,[],20,[],2019-03-18 02:05:14,1295302.0019,0.000002,0.00000000008036319999999999,6961964,2019-03-18 02:05:14,btc,7.1905501372465,2231.4215,0.000002,btc,97625.8223,0.0060948878547,0.031747216804,264
0,[],22,[],2019-03-18 02:06:03,0.0,0,0,6961965,2019-03-18 02:06:03,,0.0,0.0,0,,0.0,0.0,0.0,271
0,[],22,[],2019-03-18 02:06:52,0.0,0,0,6961966,2019-03-18 02:06:52,,0.0,0.0,0,,0.0,0.0,0.0,272
0.0000000000000051,[],28,[],2019-03-18 02:07:05,206317293566.671,3.7739999999999996e-21,1.516453584e-25,6961967,2019-03-18 02:07:05,doge,147653686.64383712,41979419.979,0.00000074,doge,246822028812.2514,0.0,5.217743171974143e-10,272
0,[],22,[],2019-03-18 02:07:54,0.0,0,0,6961968,2019-03-18 02:07:54,,0.0,0.0,0,,0.0,0.0,0.0,281
0,[],22,[],2019-03-18 01:21:52,0.0,0,0,6961773,2019-03-18 01:21:52,,0.0,0.0,0,,0.0,0.0,0.0,286
0,[],22,[],2019-03-18 01:22:42,0.0,0,0,6961774,2019-03-18 01:22:42,,0.0,0.0,0,,0.0,0.0,0.0,294
