pairValue,buyBook,exchangeId,sellBook,updated,buyTotal,satoshiPrice,usdPrice,exchangeLogId,created,bestPair,sellTotalBtc,volume,pairPrice,activePairs,sellTotal,volumeBtc,buyTotalBtc,coinId
1,[],3,[],2019-08-19 21:05:27,966.552143185561,0.00820000000000000069111383282915994641371071338653564453125,0.00000087609374,7913604,2019-08-19 21:05:27,btc,9.374992222063671,19.9398430073,0.00820000000000000069111383282915994641371071338653564453125,btc,39.704415847171,0.0,0.312589435656541,1
1,[],4,[],2019-08-19 21:05:28,25013.22772595,0.00800001,0.000000854726668407,7913605,2019-08-19 21:05:28,btc,12.262101469171236,0.0,0.00800001,btc,516.66762476,2.07463237,0.8465345827008328,1
1,[],12,[],2019-08-19 21:05:33,118.51707092000001,0.0080999999999999995614619052730631665326654911041259765625,0.0000008654096699999999,7913606,2019-08-19 21:05:33,btc,0.2742620077363,0.0,0.0080999999999999995614619052730631665326654911041259765625,btc,25.483704250000002,0.855615256551,0.1938472503633,1
1,[],20,[],2019-08-19 21:05:34,933.1123,0.0080816,0.00000086344380112,7913607,2019-08-19 21:05:34,btc,0.2235531659744,0.7669,0.0080816,btc,18.7327,0.006546707917,0.1369466032734,1
1,[],10,[],2019-07-13 08:58:05,251434.9725798,0.00271069,0.00000031407274150500003,7812232,2019-07-13 08:58:05,btc,6515.317158446701,1686.04548878,0.00271069,btc,2002.66956917,0.0,1.2639712180673435,1
1,[],21,[],2019-08-19 21:05:36,2383.01722389,0.008090089999999999434421305011,0.0000008643508786629999,7913608,2019-08-19 21:05:36,btc,10.622594688759778,1853.1424470000002,0.00809008999999999943442130501125575392507016658782958984375,"btc,eth",1886.9070889700001,14.307076939046652,15.855682481249085,1
1,[],22,[],2019-08-19 21:05:39,0.5198816666666667,0.00600000,0.0000006410442,7913609,2019-08-19 21:05:39,BTC,0.01700334,0.0,0.00600000,BTC,0.283670650841137,0.0,0.00302178,1
1,[],24,[],2019-08-19 21:05:40,0.0,0.000000000000,0,7913610,2019-08-19 21:05:40,btc,0.0,0.0,0.000000000000,btc,0.0,0.0,0.0,1
0.0,[],25,[],2019-08-19 21:05:40,0.0,0,0,7913611,2019-08-19 21:05:40,btc,18.577099999231184,17525.25083004,0.0,btc,2190.51746533,148.7518,0.0,1
1,[],26,[],2019-08-19 21:05:45,0.0,0,0,7913612,2019-08-19 21:05:45,,0.0,0.0,0,,0.0,0.0,0.0,1
0,[],28,[],2019-08-19 21:08:13,0.0,0,0,7913613,2019-08-19 21:08:13,,0.0,2747.0,0,,0.0,0.0,0.0,1
1,[],5,[],2019-07-06 00:27:44,0.0,0,0,7800775,2019-07-06 00:27:44,btc,0.0,0.00190933,0,btc,0.0,0.0,0.0,1
0,[],2,[],2019-01-20 23:28:45,0.0,0,0,6477011,2019-01-20 23:28:45,,0.0,0.0,0,,0.0,0.0,0.0,1
1,[],22,[],2019-08-19 21:08:17,11550.3,0.0000002,0.00000000002136814,7913614,2019-08-19 21:08:17,BTC,21.00878619,0.0,0.0000002,"BTC,XMR",19931.59287795317,0.0,0.00143681,2
1,[],5,[],2019-07-06 00:28:14,0.0,0,0,7800785,2019-07-06 00:28:14,btc,0.0,0.00208797,0,btc,0.0,0.0,0.0,2
1,[],12,[],2019-08-19 21:08:19,6053964.83736045,0.00000006,0.0000000000064104419999999994,7913615,2019-08-19 21:08:19,btc,42993.94940150302,0.0,0.00000006,btc,9457513.30233642,0.031219422302,0.25182630699844705,3
0,[],28,[],2019-08-19 21:08:22,0.0,0,0,7913616,2019-08-19 21:08:22,,0.0,0.0,0,,0.0,0.0,0.0,3
1,[],5,[],2019-06-03 14:48:58,0.0,0,0,7731126,2019-06-03 14:48:58,btc,0.0,0.05905545,0,btc,0.0,0.0,0.0,3
0,[],2,[],2019-01-20 23:31:32,0.0,0,0,6477077,2019-01-20 23:31:32,,0.0,0.0,0,,0.0,0.0,0.0,4
1,[],4,[],2019-08-19 07:13:39,5576051.9095195,0.00000012,0.000000000012681852,7911861,2019-08-19 07:13:39,btc,25.86361324985451,0.0,0.00000012,btc,1094878.27526979,0.00024951,0.0793524101309535,4
0,[],2,[],2019-01-20 23:31:51,0.0,0,0,6477087,2019-01-20 23:31:51,,0.0,0.0,0,,0.0,0.0,0.0,6
1,[],11,[],2019-08-15 15:27:29,324074.0,0.00000001,0.0000000000010065590000000001,7900084,2019-08-15 15:27:29,btc,9583.47119397936,4910218.0,0.00000001,btc,78345418.50750598,0.0,0.00324074,6
1,[],3,[],2019-08-19 21:08:24,11410.979578735678,0.000068880000000000004591049762581178583786822855472564697265625,0.000000007359187416000001,7913617,2019-08-19 21:08:24,btc,1026.3028351137955,1.7222010134,0.000068880000000000004591049762581178583786822855472564697265625,btc,438.955146249976,0.0,0.01952376403472915,7
1,[],4,[],2019-08-19 21:08:24,54813.24918349,0.00008225,0.000000008787647575,7913618,2019-08-19 21:08:24,btc,12.499190375306426,0.0,0.00008225,btc,74984.57495001,0.62845244,2.677902060900975,7
1,[],5,[],2019-07-06 00:28:21,0.0,0,0,7800789,2019-07-06 00:28:21,btc,0.0,0.38662001,0,btc,0.0,0.0,0.0,7
1,[],5,[],2019-07-05 17:50:59,0.0,0,0,7799863,2019-07-05 17:50:59,btc,0.0,0.04857279,0,btc,0.0,0.0,0.0,12
0,[],2,[],2019-01-20 23:23:08,0.0,0,0,6476890,2019-01-20 23:23:08,,0.0,0.0,0,,0.0,0.0,0.0,12
1,[],4,[],2019-08-19 21:08:26,23596744.72305337,0.00000021,0.000000000022436547,7913619,2019-08-19 21:08:26,btc,6.096037444104657,0.0,0.00000021,btc,11550230.03953614,0.2381828,1.654386167497665,12
0.0,[],25,[],2019-08-19 21:08:28,0.0,0,0,7913620,2019-08-19 21:08:28,,0.0,0.0,0.0,btc,0.0,0.0,0.0,12
1,[],4,[],2019-08-19 21:08:29,800874.71018974,0.00000127,0.000000000135687689,7913621,2019-08-19 21:08:29,btc,3.4979808296576054,0.0,0.00000127,btc,936747.36257785,0.07237521,0.3122103867338765,13
1,[],10,[],2019-08-19 21:08:30,780210.86823,0.0000013,0.00000000013889291,7913622,2019-08-19 21:08:30,btc,666797.3238646804,20494.1644964,0.0000013,btc,1010662.48326948,0.0,0.0863645433907979,13
1,[],21,[],2019-08-19 21:08:32,4034285.1499349,0.000001300000000000000047051663780,0.00000000013889291,7913623,2019-08-19 21:08:32,btc,3.4062963975438554,200422.80769924,0.000001300000000000000047051663780439678674838432925753295421600341796875,btc,1763775.65937447,0.27329828,1.5564417277893008,13
1,[],4,[],2019-08-19 21:08:32,1498649.45481874,0.00000077,0.000000000082267339,7913624,2019-08-19 21:08:32,btc,2.639621417450678,0.0,0.00000077,btc,849332.84262659,0.02061649,0.2601403401997792,14
1,[],12,[],2019-08-19 21:08:33,216933.74484557,0.00000077,0.000000000082267339,7913625,2019-08-19 21:08:33,btc,181.98348535664434,0.0,0.00000077,btc,31658.84462839,0.00013419,0.0202811299999398,14
1,[],26,[],2019-08-19 21:10:33,0.0,0,0,7913626,2019-08-19 21:10:33,,0.0,0.0,0,,0.0,0.0,0.0,14
0,[],17,[],2019-05-03 00:53:32,0.0,0,0,7558876,2019-05-03 00:53:32,btc,0.0,0.0,0,btc,0.0,0.0,0.0,14
0,[],4,[],2019-08-19 21:10:34,0.0,0,0,7913627,2019-08-19 21:10:34,,0.0,0.0,0,,0.0,0.0,0.0,15
,[],12,[],2018-12-01 15:15:48,204241.84496,0.00000489,0.000000000202473384,5260204,2018-12-01 15:15:48,btc,49.5475654835,0.0,,btc,35763.2193806,0.0163153972027625,0.0203389899998,15
0,[],2,[],2019-01-20 23:23:38,0.0,0,0,6476906,2019-01-20 23:23:38,,0.0,0.0,0,,0.0,0.0,0.0,18
1,[],4,[],2019-08-19 21:10:35,52757.91217335,0.00000751,0.000000000802373657,7913628,2019-08-19 21:10:35,btc,2.4198123273511576,0.0,0.00000751,btc,21603.78613988,0.00926299,0.1779517448504594,18
1,[],10,[],2019-08-19 21:10:37,398300.22468499,0.00000722,0.000000000771389854,7913629,2019-08-19 21:10:37,btc,15.270279360194651,5963.20339302,0.00000722,btc,27005.54128088,0.0,0.2719640618026873,18
1,[],12,[],2019-08-19 21:10:38,4577.003826,0.0000071799999999999998656738560420809136530806426890194416046142578125,0.000000000767116226,7913630,2019-08-19 21:10:38,btc,0.5657468322333237,0.0,0.0000071799999999999998656738560420809136530806426890194416046142578125,btc,1901.83392017,5.4115e-07,0.0104324529356896,18
0,[],17,[],2019-05-03 00:53:39,0.0,0,0,7558882,2019-05-03 00:53:39,btc,0.0,0.0,0,btc,0.0,0.0,0.0,18
0,[],27,[],2019-08-12 16:48:42,0.0,0,0,7891818,2019-08-12 16:48:42,,0.0,0.0,0,btc,0.0,0.0,0.0,19
0,[],2,[],2019-01-20 23:24:19,0.0,0,0,6476924,2019-01-20 23:24:19,,0.0,0.0,0,,0.0,0.0,0.0,19
1,[],3,[],2019-08-19 21:12:39,214158.0396804279,0.0000053600000000000003503729424647605839027164620347321033477783203125,0.0000000005726661520000001,7913631,2019-08-19 21:12:39,btc,190.5842445234536,920.864389008,0.0000053600000000000003503729424647605839027164620347321033477783203125,btc,51822.08801080186,0.0,0.35642111930337295,19
1,[],4,[],2019-08-19 21:12:39,579896.1175886,0.00000544,0.000000000581213408,7913632,2019-08-19 21:12:39,btc,2.939010055040238,0.0,0.00000544,btc,258379.71066239,0.05612944,1.6129912413922223,19
1,[],12,[],2019-08-19 21:12:41,128344.4196053,0.00000901000000000000013226399142585165691343718208372592926025390625,0.000000000962634707,7913633,2019-08-19 21:12:41,btc,0.9336562823178094,0.0,0.00000901000000000000013226399142585165691343718208372592926025390625,btc,2892.8539535,5.8669834e-05,0.015584459999745401,19
1,[],5,[],2019-07-06 02:01:19,0.0,0,0,7800799,2019-07-06 02:01:19,btc,0.0,0.0,0,btc,0.0,0.0,0.0,19
1,[],4,[],2019-08-19 09:56:57,10479102.32813501,0.00000006,0.00000000000640596,7912317,2019-08-19 09:56:57,btc,4.984292824562718,0.0,0.00000006,btc,2305413.8842246,0.0,0.1263090499480169,20
0,[],4,[],2019-08-19 21:12:42,0.0,0,0,7913634,2019-08-19 21:12:42,,47304.825240567254,0.0,0,,171565292.60214376,0.00252796,0.0,21
0,[],12,[],2019-08-19 21:12:44,0.0,0,0,7913635,2019-08-19 21:12:44,btc,2617.979975190909,0.0,0,btc,8738795.88911087,8.991e-08,0.0,21
0,[],17,[],2019-05-03 00:53:51,0.0,0,0,7558891,2019-05-03 00:53:51,btc,0.0,0.0,0,btc,0.0,0.0,0.0,21
0.0000000002204393,[],27,[],2019-07-29 17:24:02,79794022.5,8.5971327e-17,8.21370058158e-21,7852364,2019-07-29 17:24:02,eth,1253.5830452782222,787155.0,0.00000039,eth,2317982.66147653,6.7672759904685e-11,2.1948587434632156e-09,23
1,[],12,[],2019-08-19 21:14:46,4079853704.8176684,0.0000000024,0.00000000000025641768,7913636,2019-08-19 21:14:46,btc,167285793111.1634,0.0,0.0000000024,btc,1806312942.4576082,0.353100629554,2.435540507962969,23
1,[],4,[],2019-08-19 21:14:46,6291324.36701193,0.00000038,0.000000000040599466,7913637,2019-08-19 21:14:46,btc,8.14219080762752,0.0,0.00000038,btc,2032372.38720036,0.14043419,0.2530724499278327,24
0,[],22,[],2019-08-19 21:14:49,0.0,0,0,7913638,2019-08-19 21:14:49,,0.0,0.0,0,,0.0,0.0,0.0,24
0.0,[],25,[],2019-08-19 21:14:51,0.0,0,0,7913639,2019-08-19 21:14:51,,0.0,0.0,0.0,btc,0.0,0.0,0.0,24
1,[],4,[],2019-08-19 21:14:52,26953579.19594389,0.00000346,0.000000000369668822,7913640,2019-08-19 21:14:52,btc,3.6773011708429943,0.0,0.00000346,btc,203224.87806354,0.08948119,0.4279250253645916,26
1,[],10,[],2019-08-19 21:14:53,221478.96449699,0.00000381,0.000000000407063067,7913641,2019-08-19 21:14:53,btc,25.709595391380407,6508.18026435,0.00000381,btc,18672.5174904,0.0,0.0346793229043606,26
0,[],2,[],2019-01-20 23:25:56,0.0,0,0,6476976,2019-01-20 23:25:56,,0.0,0.0,0,,0.0,0.0,0.0,26
0.0000000000710641,[],4,[],2019-08-19 21:14:54,733262045.2844973,5.0455511e-17,5.3907021140976995e-21,7913642,2019-08-19 21:14:54,ltc,12.380439630277762,0.0,0.00000071,ltc,997731896.5100633,0.0,6.931024056771303e-09,29
1,[],7,[],2019-08-19 21:14:55,0.0,0,0,7913643,2019-08-19 21:14:55,btc,1236880.952240353,15075.9240759,0,btc,60443462.69281457,0.00015076,0.0,29
0,[],17,[],2019-05-03 01:11:25,0.0,0,0,7559066,2019-05-03 01:11:25,btc,0.0,0.0,0,btc,0.0,0.0,0.0,30
1,[],4,[],2019-08-19 21:14:57,15036556.83756628,0.00000007,0.000000000007478849,7913644,2019-08-19 21:14:57,btc,2.6081320665691963,0.0,0.00000007,btc,2006655.85044338,0.0,0.1720253123988888,30
1,[],4,[],2019-08-19 21:16:58,211573.4381445,0.00002813,0.000000003005428891,7913645,2019-08-19 21:16:58,btc,2.373971224550381,0.0,0.00002813,btc,50873.56534985,0.20560174,0.4571518492805989,31
1,[],21,[],2019-08-19 21:16:58,6265037.92770546,0.00002869999999999999965418287506,0.00000000306632809,7913646,2019-08-19 21:16:58,btc,6.470172497150365,34249.87304183,0.0000286999999999999996541828750640235057289828546345233917236328125,btc,172785.36910803,0.99887308,4.701235054602883,31
0,[],2,[],2019-01-20 23:28:43,0.0,0,0,6477009,2019-01-20 23:28:43,,0.0,0.0,0,,0.0,0.0,0.0,32
0,[],4,[],2019-08-19 21:16:59,0.0,0,0,7913647,2019-08-19 21:16:59,,0.0,0.0,0,,0.0,0.0,0.0,33
1,[],12,[],2019-03-30 07:55:10,40641173.964,0.00000003,0.000000000001228359,7108785,2019-03-30 07:55:10,btc,4233210.82356125,0.0,0.00000003,btc,28378394.68333462,0.0126927883965248,0.90752895892,33
0.0000000000710641,[],4,[],2019-08-19 21:17:01,34324480.37551402,2.9846921999999996e-17,3.1888660393254e-21,7913648,2019-08-19 21:17:01,ltc,6.028882171140718,0.0,0.00000042,ltc,162058124.94798777,0.0,3.559285787912191e-10,34
1,[],5,[],2019-07-06 02:03:46,0.0,0,0,7800811,2019-07-06 02:03:46,btc,0.0,0.0,0,btc,0.0,0.0,0.0,34
1,[],27,[],2019-08-12 16:26:17,6255.0,0.00000019,0.000000000021630303,7891745,2019-08-12 16:26:17,btc,22.61101824371233,0.0,0.00000019,btc,4198.924835,0.0,0.00091445,37
1,[],17,[],2019-05-03 01:11:36,211752.74075282,0.00000025,0.000000000013700074999999998,7559074,2019-05-03 01:11:36,btc,0.055484923955058496,0.0,0.00000025,"btc,eth",1387.19918473,0.0,0.0005381851887916605,37
1,[],4,[],2019-08-19 21:17:02,10622054.50098104,0.00000015,0.000000000016026105,7913649,2019-08-19 21:17:02,btc,19774.66809270839,0.0,0.00000015,btc,2292607.33008509,0.00403804,0.1452055600012845,37
1,[],12,[],2019-08-19 21:17:03,8295620.7457836,0.00000016,0.000000000017094512,7913650,2019-08-19 21:17:03,btc,1731.3116089617122,0.0,0.00000016,btc,1982194.94714335,0.014784879409,0.2793544576470549,37
0,[],27,[],2019-08-12 16:26:27,0.0,0,0,7891747,2019-08-12 16:26:27,,0.001005,0.0,0,"btc,eth",3.0,0.0,0.0,42
1,[],12,[],2019-08-19 21:19:05,209144.00584914,0.000001120000000000000076372827333137660588135986472479999065399169921875,0.00000000011966158400000001,7913651,2019-08-19 21:19:05,btc,521.9804723838807,0.0,0.000001120000000000000076372827333137660588135986472479999065399169921875,btc,146163.94135212,0.013678343542,0.0515636571659589,42
1,[],5,[],2019-07-06 02:03:47,0.0,0,0,7800812,2019-07-06 02:03:47,btc,0.0,0.14382058,0,btc,0.0,0.0,0.0,42
1,[],12,[],2019-03-13 09:13:29,1112112.0,0.00000001,0.000000000000386531,6919902,2019-03-13 09:13:29,btc,29058.00478931866,0.0,0.00000001,btc,5967681.93306694,9.99000999e-07,0.01112112,43
1,[],5,[],2019-04-26 22:38:52,0.0,0,0,7474154,2019-04-26 22:38:52,btc,0.0,0.02638891,0,btc,0.0,0.0,0.0,43
0,[],17,[],2019-04-26 22:38:53,0.0,0,0,7474155,2019-04-26 22:38:53,btc,0.0,0.0,0,btc,0.0,0.0,0.0,43
0.0000000000710641,[],4,[],2019-08-19 21:19:06,106996919.25229642,5.4719357e-17,5.8462544054299e-21,7913652,2019-08-19 21:19:06,ltc,1922.8527514620555,0.0,0.00000077,ltc,24971850.75421929,0.0,3.7694481234417554e-10,49
0.0000000000710641,[],4,[],2019-08-19 21:19:06,311430981.74607736,1.5634101999999998e-17,1.6703584015513999e-21,7913653,2019-08-19 21:19:06,ltc,31170.46149191056,0.0,0.00000022,ltc,231987553.28482476,0.0,5.456008466529921e-10,52
0,[],27,[],2019-08-12 16:26:37,0.0,0,0,7891750,2019-08-12 16:26:37,,0.0,0.0,0,"btc,eth",0.0,0.0,0.0,57
0,[],22,[],2019-08-19 21:19:09,0.0,0,0,7913654,2019-08-19 21:19:09,,10290.02779686,0.0,0,,282696231.3316013,0.0,0.0,57
1,[],17,[],2019-05-03 01:12:09,1200000.0,0.0000000001,0.00000000000000548003,7559085,2019-05-03 01:12:09,btc,1e+24,0.0,0.0000000001,"btc,eth",39516342.31952568,0.0,0.00010000000058666061,58
0.0000000000710641,[],4,[],2019-08-19 21:19:10,1042784151.4042389,7.10641e-19,7.59253818887e-23,7913655,2019-08-19 21:19:10,ltc,19.787556073008286,0.0,0.00000001,ltc,5495577435.081327,0.0,7.410451721380597e-10,58
1,[],12,[],2019-08-19 21:19:11,1331617775.2145119,0.0000000001,0.000000000000010684070000000001,7913656,2019-08-19 21:19:11,btc,52870446.14871681,0.0,0.0000000001,btc,4354275903.388647,0.00049821558,0.1331617775214512,58
0.0000000000813255,[],22,[],2019-08-19 21:21:14,126877.0,8.1325500000000005e-19,8.68887334785e-23,7913657,2019-08-19 21:21:14,XMR,68.17454206,0.0,0.00000001,XMR,9626402.6,0.0,0.00126877,58
0,[],27,[],2019-07-29 19:34:56,0.0,0,0,7852673,2019-07-29 19:34:56,,1.97314195,0.0,0,"btc,eth",10936.9,0.0,0.0,61
0,[],22,[],2019-08-19 21:21:16,0.0,0,0,7913658,2019-08-19 21:21:16,,1000.95212109,0.0,0,,9656.689066014545,0.0,0.0,61
1,[],26,[],2019-08-19 21:21:16,0.0,0,0,7913659,2019-08-19 21:21:16,,0.0,0.0,0,,0.0,0.0,0.0,61
1,[],28,[],2019-08-19 21:22:48,40000.0,0.00000004,0.000000000004273628,7913660,2019-08-19 21:22:48,btc,0.242343945415105,337.0,0.00000004,btc,8016.46650005,0.0,0.001,61
1,[],5,[],2019-06-17 14:31:27,0.0,0,0,7740135,2019-06-17 14:31:27,btc,0.0,0.00079154,0,btc,0.0,0.0,0.0,61
1,[],4,[],2019-08-19 20:49:56,1832254.65029295,0.00000082,0.000000000087520568,7913557,2019-08-19 20:49:56,btc,2.763957729063968,0.0,0.00000082,btc,1175977.70619962,0.03788189,0.8529293632440935,67
0.0,[],25,[],2019-08-19 20:49:58,0.0,0,0,7913558,2019-08-19 20:49:58,,0.0,0.0,0.0,btc,0.0,0.0,0.0,67
1,[],12,[],2019-06-02 06:23:14,910048.355,0.00000006,0.000000000005154929999999999,7725270,2019-06-02 06:23:14,btc,5.167005424215783,0.0,0.00000006,btc,738530.60239759,0.003159757462,0.0187188113,71
,[],5,[],2018-11-20 23:02:39,1.5e-07,0.00000005,0.000000000002128045,4862160,2018-11-20 23:02:39,btc,2.84511358,0.0,,btc,0.00036572,0.0,0.07381892,74
1,[],5,[],2019-07-06 00:15:01,0.0,0,0,7800749,2019-07-06 00:15:01,btc,0.0,0.01883861,0,btc,0.0,0.0,0.0,75
1,[],4,[],2019-08-19 20:50:01,173585.85221006,0.00006722,0.000000007174551928,7913559,2019-08-19 20:50:01,btc,56.36167732991172,0.0,0.00006722,btc,115625.38056319,0.07807291,0.5024963486123857,82
1,[],21,[],2019-08-19 20:50:02,836929.07054776,0.00006962000000000000089414586846,0.0000000074307096880000005,7913560,2019-08-19 20:50:02,btc,5.157626708546927,2164.90138769,0.0000696200000000000008941458684574854487436823546886444091796875,btc,57366.32107198,0.14981911,1.9002640119558032,82
0,[],4,[],2019-07-23 20:51:52,0.0,0,0,7830376,2019-07-23 20:51:52,,1.6413985531662756,0.0,0,,620289065.5915176,0.0,0.0,85
,[],22,[],2018-11-20 23:09:34,3408.1,0.0000001,0.0000000000041895,4862324,2018-11-20 23:09:34,BTC,0.04624735,0.0,,BTC,4990.0,0.0,0.00033081,86
1,[],27,[],2019-08-06 12:06:36,100155.0,0.00000003,0.000000000003516594,7875448,2019-08-06 12:06:36,btc,7.177196150774,345.0,0.00000003,btc,287406.89336,1.035e-05,0.00300465,87
1,[],22,[],2019-08-19 21:22:53,185880.0,0.00000002,0.000000000002136814,7913661,2019-08-19 21:22:53,BTC,1.8206834,0.0,0.00000002,BTC,772828.347368421,0.0,0.00186702,87
,[],2,[],2018-11-20 23:10:47,0.0,0,0,4862359,2018-11-20 23:10:47,,0.0,0.0,,,0.0,0.0,0.0,88
0,[],2,[],2019-01-20 23:31:45,0.0,0,0,6477083,2019-01-20 23:31:45,,0.0,0.0,0,,0.0,0.0,0.0,91
1,[],12,[],2019-08-18 10:55:44,419851.68331154,0.00000027,0.000000000028020951,7908996,2019-08-18 10:55:44,btc,588.7976244039248,0.0,0.00000027,btc,318463.10627071,0.00026051744,0.019332684199998798,91
1,[],22,[],2019-08-18 10:57:48,54200.0,0.00000003,0.000000000003113439,7908997,2019-08-18 10:57:48,BTC,1.05335,0.0,0.00000003,"BTC,LTC",1839.95,0.0,0.002326,91
0,[],17,[],2019-05-03 01:12:26,0.0,0,0,7559096,2019-05-03 01:12:26,btc,0.0,0.0,0,btc,0.0,0.0,0.0,91
0,[],17,[],2019-05-03 01:12:32,0.0,0,0,7559100,2019-05-03 01:12:32,btc,0.0,0.0,0,btc,0.0,0.0,0.0,96
0.0000000000710641,[],4,[],2019-08-19 21:22:54,568205753.3826959,9.948974e-18,1.0629553464418e-21,7913662,2019-08-19 21:22:54,ltc,11.473489413958234,0.0,0.00000014,ltc,202707303.99579614,0.0,6.831319998144105e-10,96
0,[],12,[],2019-08-19 21:22:55,0.0,0,0,7913663,2019-08-19 21:22:55,btc,52.724187185694305,0.0,0,btc,11657281.56943056,5.994e-08,0.0,96
1,[],4,[],2019-08-19 20:52:11,128833.88433807,0.00001321,0.000000001409935004,7913564,2019-08-19 20:52:11,btc,7.7127147206115785,0.0,0.00001321,btc,186516.21446725,0.19012353,0.4668685820219378,100
0,[],2,[],2019-01-20 23:23:55,0.0,0,0,6476914,2019-01-20 23:23:55,,0.0,0.0,0,,0.0,0.0,0.0,100
1,[],22,[],2019-08-19 20:52:15,146000.0,0.00000002,0.000000000002134648,7913565,2019-08-19 20:52:15,BTC,26.50623849,0.0,0.00000002,BTC,10383.92,0.0,0.00162,101
1,[],27,[],2019-08-12 16:30:59,2050161.9,0.00000005,0.0000000000056921850000000005,7891762,2019-08-12 16:30:59,btc,261.32824567561846,0.0,0.00000005,btc,285690.80442935,0.0,0.060251537,105
1,[],12,[],2019-08-19 20:52:16,38800314.0,0.000000003,0.0000000000003201972,7913566,2019-08-19 20:52:16,btc,342439.1377284411,0.0,0.000000003,btc,114221614.7584301,0.000867190119,0.059555022,105
1,[],27,[],2019-08-12 16:31:06,1.0,0.00000001,0.000000000001138437,7891764,2019-08-12 16:31:06,btc,0.0,0.0,0.00000001,"btc,eth",0.0,0.0,1e-08,112
0,[],22,[],2019-08-19 20:52:20,0.0,0,0,7913567,2019-08-19 20:52:20,,6.79500102,0.0,0,,3375892.0833333335,0.0,0.0,112
1,[],5,[],2019-07-06 00:19:31,0.0,0,0,7800761,2019-07-06 00:19:31,btc,0.0,0.0,0,btc,0.0,0.0,0.0,112
1,[],4,[],2019-08-19 20:52:22,709484.6819627,0.00000105,0.00000000011206902,7913568,2019-08-19 20:52:22,btc,6.154481820474688,0.0,0.00000105,btc,943933.89614587,0.10474872,0.3209840185720994,113
1,[],5,[],2019-07-06 00:19:43,0.0,0,0,7800765,2019-07-06 00:19:43,btc,0.0,0.0,0,btc,0.0,0.0,0.0,113
1,[],17,[],2019-04-26 02:17:47,162738.278,0.00000004,0.0000000000021069000000000002,7461287,2019-04-26 02:17:47,btc,1.3331140273775473,0.0,0.00000004,btc,51796.221,0.0,0.00230953112,116
1,[],27,[],2019-08-02 18:48:59,95525.16595526,0.00000001,0.000000000001045936,7866367,2019-08-02 18:48:59,btc,3918.96487209,0.0,0.00000001,btc,88497.69,0.0,0.0009552516595526,116
1,[],4,[],2019-08-19 20:54:24,19476966.487825,0.00000085,0.00000000009072254,7913569,2019-08-19 20:54:24,btc,122.99862541396332,0.0,0.00000085,btc,1327034.07063341,0.00295915,1.8726361321797942,120
1,[],7,[],2019-08-19 20:54:24,3345.75313813,0.0000071600000000000000571613069377807647697409265674650669097900390625,0.000000000764203984,7913570,2019-08-19 20:54:24,btc,115616.30248915571,0.0,0.0000071600000000000000571613069377807647697409265674650669097900390625,btc,3387.1223330000003,0.0,0.0076546861633007,120
1,[],4,[],2019-08-19 20:54:26,931906.8058573,0.00000265,0.00000000028284086,7913571,2019-08-19 20:54:26,btc,2.652491646426527,0.0,0.00000265,btc,355836.11214895,0.05925993,0.1680968050462736,131
0,[],2,[],2019-01-20 23:25:46,0.0,0,0,6476969,2019-01-20 23:25:46,,0.0,0.0,0,,0.0,0.0,0.0,131
1,[],17,[],2019-05-03 01:13:10,10000.0,0.00000001,0.000000000000548003,7559115,2019-05-03 01:13:10,btc,0.0953976503951408,0.0,0.00000001,btc,5037.62507334,0.0,0.0001,131
1,[],4,[],2019-08-19 20:56:27,8548.3112371,0.00005919,0.000000006317490756,7913572,2019-08-19 20:56:27,btc,0.2920635786322234,0.0,0.00005919,btc,235.83446249,0.00066066,0.0028873281537056,135
1,[],3,[],2019-07-13 16:51:20,187.26592867,0.00000001,0.000000000001140965,7813490,2019-07-13 16:51:20,btc,419.77407087449336,1935513.62324,0.00000001,btc,3179086.72005867,0.0,1.8726592866999999e-06,136
1,[],4,[],2019-08-19 20:56:28,931015.63156565,0.00000359,0.000000000383169316,7913573,2019-08-19 20:56:28,btc,23.433153485165928,0.0,0.00000359,btc,515720.22905793,0.03701429,1.9166110046467295,137
1,[],12,[],2019-08-19 20:56:30,140289.41683078,0.0000036299999999999999733784998567909241273810039274394512176513671875,0.000000000387438612,7913574,2019-08-19 20:56:30,btc,39.95144198623757,0.0,0.0000036299999999999999733784998567909241273810039274394512176513671875,btc,56432.83920361,0.000819598761,0.0170051719998425,137
1,[],4,[],2019-08-19 20:56:30,1312105.31741492,0.00003624,0.000000003867982176,7913575,2019-08-19 20:56:30,btc,8.785645788742926,0.0,0.00003624,btc,135168.92321219,0.56134465,1.6860051716313063,142
1,[],20,[],2019-08-19 20:58:32,110217.3854,0.000034,0.0000000036289016,7913576,2019-08-19 20:58:32,btc,1.2829310043369,0.0,0.000034,btc,3216.0956,0.0,0.0172926804121,142
1,[],22,[],2019-08-19 20:58:36,10619.88,0.00000200,0.0000000002134648,7913577,2019-08-19 20:58:36,BTC,1.55898515,0.0,0.00000200,BTC,835.8398331062671,0.0,0.00416696,142
0.0,[],25,[],2019-08-19 20:58:38,0.0,0,0,7913578,2019-08-19 20:58:38,,0.0,0.0,0.0,btc,0.0,0.0,0.0,142
1,[],28,[],2019-08-19 20:58:40,10093636.0,0.000035010000,0.000000003736701324,7913579,2019-08-19 20:58:40,btc,0.51474502,2862.0,0.000035010000,btc,2808.485,0.0,1.39650526,142
1,[],17,[],2019-05-03 01:13:16,32967.38636364,0.00000088,0.000000000048224264,7559122,2019-05-03 01:13:16,btc,20.06976206696776,0.0,0.00000088,btc,2746.079105,0.0,0.0105613000000032,142
1,[],5,[],2019-07-06 02:06:10,0.0,0,0,7800822,2019-07-06 02:06:10,btc,0.0,0.00140707,0,btc,0.0,0.0,0.0,142
0,[],22,[],2019-08-19 20:58:42,0.0,0,0,7913580,2019-08-19 20:58:42,,68.14027224,0.0,0,,718000153.5744588,0.0,0.0,143
0,[],22,[],2019-02-25 15:42:22,0.0,0,0,6783783,2019-02-25 15:42:22,,4.2131946,0.0,0,,2322156.0,0.0,0.0,146
,[],22,[],2018-11-20 23:01:11,0.0,0,0,4862114,2018-11-20 23:01:11,,2.56807021,0.0,,,61828.4988236,0.0,0.0,147
1,[],12,[],2019-04-21 06:38:04,193091.5971266,0.00000071,0.000000000037635183,7388679,2019-04-21 06:38:04,btc,2.301232411611175,0.0,0.00000071,btc,9957.48302385,0.00023528,0.0313308199999888,148
1,[],5,[],2019-04-26 09:36:59,0.0,0,0,7465040,2019-04-26 09:36:59,btc,0.0,0.0,0,btc,0.0,0.0,0.0,153
0,[],22,[],2019-08-19 20:58:45,0.0,0,0,7913581,2019-08-19 20:58:45,,6.78813965,0.0,0,,4560228.592592592,0.0,0.0,156
0,[],23,[],2019-01-20 23:24:29,0.0,0,0,6476932,2019-01-20 23:24:29,,0.0,0.0,0,,0.0,0.0,0.0,156
1,[],22,[],2019-08-19 20:58:48,6996.0,0.00000001,0.000000000001067324,7913582,2019-08-19 20:58:48,BTC,1.7547719,0.0,0.00000001,BTC,64.8,0.0,6.996e-05,157
0,[],22,[],2019-08-17 00:05:41,0.0,0,0,7905012,2019-08-17 00:05:41,,50234.60468402,0.0,0,,54786159.03179465,0.0,0.0,158
,[],17,[],2018-11-20 22:56:10,0.0,0,0,4861976,2018-11-20 22:56:10,btc,1.1265625,0.0,,btc,1000.0,0.0,0.0,159
,[],20,[],2018-11-20 22:56:12,0.0,0,0,4861977,2018-11-20 22:56:12,btc,11912.7940471,0.0,,btc,34413894.3617,0.0,0.0,159
1,[],22,[],2019-08-19 20:58:51,92548.0,0.00000001,0.000000000001067324,7913583,2019-08-19 20:58:51,BTC,12.83793936,0.0,0.00000001,"BTC,LTC",194574.84947371835,0.000148,0.03674548,171
0.00000000007103850000000001,[],22,[],2019-08-19 20:58:54,144000.0,3.5519250000000005e-18,3.7910547987e-22,7913584,2019-08-19 20:58:54,LTC,1.74642448,0.0,0.00000005,LTC,1308538.8536050986,0.0,0.00344,173
1,[],5,[],2019-07-06 02:08:45,0.0,0,0,7800830,2019-07-06 02:08:45,btc,0.0,0.00700197,0,btc,0.0,0.0,0.0,175
0,[],22,[],2019-08-19 04:17:22,0.0,0,0,7911532,2019-08-19 04:17:22,,393.97295672,0.0,0,,135375.61833431243,0.0,0.0,176
1,[],7,[],2019-07-01 10:15:32,0.0,0,0,7783526,2019-07-01 10:15:32,btc,521516.2326888725,0.0,0,btc,26809253.73522063,0.0,0.0,178
0,[],22,[],2019-08-19 20:58:57,0.0,0,0,7913585,2019-08-19 20:58:57,,1.00255534,0.0,0,,112828.0,0.0,0.0,178
0,[],2,[],2019-01-20 23:28:34,0.0,0,0,6477001,2019-01-20 23:28:34,,0.0,0.0,0,,0.0,0.0,0.0,178
1,[],5,[],2019-07-06 02:08:50,0.0,0,0,7800832,2019-07-06 02:08:50,btc,0.0,6.904e-05,0,btc,0.0,0.0,0.0,179
0,[],22,[],2019-08-19 20:59:00,0.0,0,0,7913586,2019-08-19 20:59:00,,10.33034698,0.0,0,,14875890.231946677,0.0,0.0,179
0,[],23,[],2019-01-20 23:25:08,0.0,0,0,6476952,2019-01-20 23:25:08,,0.0,0.0,0,,0.0,0.0,0.0,179
1,[],22,[],2019-08-19 21:01:04,762129.6537105752,0.00000049,0.000000000052298876,7913587,2019-08-19 21:01:04,BTC,2.95992742,0.0,0.00000049,"BTC,LTC",235000.59096771595,0.00694053,0.60876392,180
1,[],26,[],2019-08-19 21:01:04,0.0,0,0,7913588,2019-08-19 21:01:04,,0.0,0.0,0,,0.0,0.0,0.0,180
1,[],17,[],2019-05-03 01:13:56,20504.725000000002,0.0000001,0.00000000000548003,7559141,2019-05-03 01:13:56,btc,5.2010695838400265,0.0,0.0000001,btc,5033.45945,0.0,0.0011504725,180
,[],7,[],2018-11-20 22:58:01,562227.975654,0.00000085,0.000000000036176765,4862015,2018-11-20 22:58:01,btc,21836.6059674,2491.87645172,,btc,749999.041456,0.00211021,0.127565380455,183
,[],5,[],2019-01-10 08:11:41,0.0,0,0,6347036,2019-01-10 08:11:41,btc,82.15055501,0.00261,,btc,1.19002445,0.0,0.0,187
,[],17,[],2018-11-16 20:58:10,4062536.27273,0.00000001,0.000000000000550501,4708775,2018-11-16 20:58:10,btc,3.36492563466,0.195460381006,,"btc,eth",110697919.549,0.0,0.0157628953496,187
1,[],24,[],2019-05-22 21:04:52,0.0,0.000000000014,0.0000000000000010960978,7670219,2019-05-22 21:04:52,btc,0.0,0.0,0.000000000014,btc,0.0,0.0,0.0,187
0,[],23,[],2019-01-20 23:31:41,0.0,0,0,6477079,2019-01-20 23:31:41,,0.0,0.0,0,,0.0,0.0,0.0,199
0,[],22,[],2019-08-19 21:01:07,0.0,0,0,7913589,2019-08-19 21:01:07,,6.22011878,0.0,0,,40771826.0,0.0,0.0,199
1,[],26,[],2019-08-19 21:01:07,0.0,0,0,7913590,2019-08-19 21:01:07,,0.0,0.0,0,,0.0,0.0,0.0,199
1,[],4,[],2019-01-25 15:51:35,2084389.58565343,0.00000936,0.000000000333526752,6499557,2019-01-25 15:51:35,btc,2.0092503037378524,0.0,0.00000936,btc,160195.80207885,0.19272417,1.242687955921835,211
1,[],7,[],2019-07-01 02:21:28,1170054124.6898527,0.00000018,0.000000000019815389999999997,7782694,2019-07-01 02:21:28,btc,1346735.6331920293,0.0,0.00000018,btc,5516233.71348162,0.0,11.954344045954047,212
0,[],22,[],2019-08-19 07:38:07,0.0,0,0,7911940,2019-08-19 07:38:07,,6.8412543,0.0,0,,3272264.174064925,0.0,0.0,216
1,[],27,[],2019-08-12 16:37:52,320029.088,0.00000001,0.000000000001138437,7891783,2019-08-12 16:37:52,btc,176.0318120012664,0.0,0.00000001,"btc,ltc",485496.05456794,0.0,0.00320029088,216
1,[],22,[],2019-08-19 21:01:13,673553.858974359,0.00000015,0.00000000001600986,7913591,2019-08-19 21:01:13,BTC,12055.76193805,0.0,0.00000015,BTC,444736.3268170251,0.00368948,0.04234292,217
0,[],22,[],2019-08-19 21:01:15,0.0,0,0,7913592,2019-08-19 21:01:15,,4.14997484,0.0,0,,126244.70709740352,0.0,0.0,221
1,[],24,[],2019-08-19 21:01:16,0.0,0.000000010000,0.000000000001067324,7913593,2019-08-19 21:01:16,btc,0.0,0.0,0.000000010000,btc,0.0,0.0,0.0,221
1,[],26,[],2019-08-19 21:01:16,0.0,0,0,7913594,2019-08-19 21:01:16,,0.0,0.0,0,,0.0,0.0,0.0,231
0.0000000001859265,[],27,[],2019-08-12 16:38:10,100.0,1.859265e-18,2.1166560688050002e-22,7891787,2019-08-12 16:38:10,eth,0.0,0.0,0.00000001,"btc,eth",0.0,0.0,1.8592649999999999e-16,234
1,[],26,[],2019-08-19 21:01:17,0.0,0,0,7913595,2019-08-19 21:01:17,,0.0,0.0,0,,0.0,0.0,0.0,234
1,[],5,[],2019-07-06 02:11:21,0.0,0,0,7800842,2019-07-06 02:11:21,btc,0.0,0.10652887,0,btc,0.0,0.0,0.0,237
1,[],20,[],2019-08-19 21:01:19,93992100.0526,0.000000036,0.0000000000038423664,7913596,2019-08-19 21:01:19,btc,514.7407212076588,11582187.0799,0.000000036,btc,29263902.0717,0.4429498785443,0.4712701751448,237
1,[],22,[],2019-08-19 21:01:22,1839335.0,0.00000001,0.000000000001067324,7913597,2019-08-19 21:01:22,BTC,1.2037398,0.0,0.00000001,"BTC,LTC",41039.44871794872,0.0,0.01839335,237
1,[],5,[],2019-07-06 02:11:32,0.0,0,0,7800846,2019-07-06 02:11:32,btc,0.0,0.05525444,0,btc,0.0,0.0,0.0,238
1,[],4,[],2019-08-18 21:55:28,28766182.9187235,0.00000006,0.0000000000062177580000000004,7910606,2019-08-18 21:55:28,btc,2.1262004590211685,0.0,0.00000006,btc,15667280.40051822,0.02567584,0.5811165339764514,238
0.0000000000711565,[],22,[],2019-08-17 13:20:25,419253.0,7.115650000000001e-19,7.3700771814e-23,7906682,2019-08-17 13:20:25,LTC,0.40427224,0.0,0.00000001,LTC,496363.0639027493,0.0,0.00419253,249
0,[],22,[],2019-08-19 21:01:25,0.0,0,0,7913598,2019-08-19 21:01:25,,13.4488406,0.0,0,,43819581.3426455,0.0,0.0,252
1,[],28,[],2019-08-19 21:02:57,4014987.875,0.00000009,0.000000000009605916,7913599,2019-08-19 21:02:57,btc,4.782699059143,319761.0,0.00000009,btc,2722987.6962,0.0,0.20185484841,256
0.0000000000916764,[],22,[],2019-07-23 20:12:22,1517.0,9.16764e-19,9.31930943616e-23,7830286,2019-07-23 20:12:22,LTC,31474.63788373,0.0,0.00000001,LTC,1024398.9185893413,0.0,1.517e-05,258
1,[],5,[],2019-07-02 14:44:15,0.0,0,0,7788374,2019-07-02 14:44:15,btc,0.0,0.02775788,0,btc,0.0,0.0,0.0,264
1,[],20,[],2019-08-19 21:03:00,985119.6342,0.000000113,0.0000000000120607612,7913600,2019-08-19 21:03:00,btc,0.53555055856,22678.8696,0.000000113,btc,111742.2368,0.0043170333984,0.0065829769278,264
0,[],22,[],2019-08-19 21:03:03,0.0,0,0,7913601,2019-08-19 21:03:03,,33050469.74148113,0.0,0,,14261527780.7,0.0,0.0,272
0,[],28,[],2019-08-19 21:05:03,0.0,0,0,7913602,2019-08-19 21:05:03,,0.0,1087.0,0,,0.0,0.0,0.0,272
0,[],22,[],2019-08-19 21:05:06,0.0,0,0,7913603,2019-08-19 21:05:06,,73.46372129,0.0,0,,1350777.6287135023,0.0,0.0,286
