pairValue,buyBook,exchangeId,sellBook,updated,buyTotal,satoshiPrice,usdPrice,exchangeLogId,created,bestPair,sellTotalBtc,volume,pairPrice,activePairs,sellTotal,volumeBtc,buyTotalBtc,coinId
1,[],3,[],2019-06-21 13:45:26,33016.580198663236,0.01050292000000000065818017702667930279858410358428955078125,0.000001025676306396000001674534915,7748908,2019-06-21 13:45:26,btc,10.883928778595703,59.7163017738,0.01050292000000000065818017702667930279858410358428955078125,btc,20.385928060573,0.0,0.46929419931182154,1
1,[],4,[],2019-06-21 13:45:27,353274.88499464,0.01115999,0.000001089843331436999933482737761,7748909,2019-06-21 13:45:27,btc,9.095050160021795,0.0,0.01115999,btc,417.62760328,11.75415591,1.4670184500750014,1
1,[],5,[],2019-06-21 13:45:29,0.0,0,0,7748910,2019-06-21 13:45:29,btc,0.0,0.00935711,0,btc,0.0,0.0,0.0,1
1,[],10,[],2019-06-21 13:45:31,314567.97214128,0.00430641,0.000000420548066883,7748911,2019-06-21 13:45:31,btc,6512.348851518456,1640.0082843,0.00430641,btc,1411.55315695,0.0,1.8398542044794854,1
1,[],12,[],2019-06-21 13:45:34,96.96319696,0.0110500000000000007938094626069869264028966426849365234375,0.000001079102115000000011658809866,7748912,2019-06-21 13:45:34,btc,0.25701435729100003,0.0,0.0110500000000000007938094626069869264028966426849365234375,btc,22.33174705,3.155814171107,0.2929218006964,1
1,[],20,[],2019-06-21 13:45:35,918.9263,0.01111001,0.000001084962469562999933780635229,7748913,2019-06-21 13:45:35,btc,0.1751619836303,0.4372,0.01111001,btc,13.0015,0.00497866804,0.1343652904669,1
1,[],21,[],2019-06-21 13:45:37,1837.77057799,0.01103423000000000077369666229,0.000001077562075149000009788662663,7748914,2019-06-21 13:45:37,btc,12.04018779631278,4469.47482215,0.01103423000000000077369666229287759051658213138580322265625,"btc,eth",1442.4557218100001,44.18444697556265,15.887995366342238,1
1,[],22,[],2019-06-21 13:45:41,0.0395979803020197,0.01000001,0.000000976563976563,7748915,2019-06-21 13:45:41,BTC,0.01666796,0.0,0.01000001,BTC,0.25318100557485945,0.0,0.00021887,1
1,[],24,[],2019-06-21 13:45:41,0.0,0.000000000000,0,7748916,2019-06-21 13:45:41,btc,0.0,0.0,0.000000000000,btc,0.0,0.0,0.0,1
0.0,[],25,[],2019-06-21 13:45:42,0.0,0,0,7748917,2019-06-21 13:45:42,btc,44.84999999847823,8337.4088143,0.0,btc,3959.42545234,93.25,0.0,1
1,[],26,[],2019-06-21 13:45:50,0.0,0,0,7748918,2019-06-21 13:45:50,,0.0,0.0,0,,0.0,0.0,0.0,1
0,[],28,[],2019-06-21 13:45:53,0.0,0,0,7748919,2019-06-21 13:45:53,,0.0,0.0,0,,0.0,0.0,0.0,1
0,[],2,[],2019-01-20 23:28:45,0.0,0,0,6477011,2019-01-20 23:28:45,,0.0,0.0,0,,0.0,0.0,0.0,1
1,[],5,[],2019-06-17 14:29:02,0.0,0,0,7740076,2019-06-17 14:29:02,btc,0.0,2.72e-05,0,btc,0.0,0.0,0.0,2
1,[],22,[],2019-06-17 14:29:06,11550.3,0.0000002,0.0000000000185828,7740077,2019-06-17 14:29:06,BTC,21.00897301,0.0,0.0000002,"BTC,XMR",20678.87287795317,1.754e-05,0.00143681,2
1,[],5,[],2019-06-03 14:48:58,0.0,0,0,7731126,2019-06-03 14:48:58,btc,0.0,0.05905545,0,btc,0.0,0.0,0.0,3
1,[],12,[],2019-06-03 14:48:59,3468623.70302,0.000000116,0.000000000009823402000000002,7731127,2019-06-03 14:48:59,btc,169531.0336573751,0.0,0.000000116,btc,2361209.62379607,0.041350953071,0.33764769154428,3
0,[],28,[],2019-06-03 14:49:00,0.0,0,0,7731128,2019-06-03 14:49:00,,0.0,0.0,0,,0.0,0.0,0.0,3
0,[],2,[],2019-01-20 23:31:32,0.0,0,0,6477077,2019-01-20 23:31:32,,0.0,0.0,0,,0.0,0.0,0.0,4
1,[],4,[],2019-05-18 21:29:50,562734.9206932,0.00000010,0.000000000007298720000000001,7650946,2019-05-18 21:29:50,btc,41.9347137769675,0.0,0.00000010,btc,1123702.32192634,0.00052462,0.029254593370966,4
0,[],12,[],2019-06-02 05:03:43,0.0,0,0,7724919,2019-06-02 05:03:43,btc,625.901992874995,0.0,0,btc,1211362.4995005,0.0,0.0,5
0,[],2,[],2019-01-20 23:31:51,0.0,0,0,6477087,2019-01-20 23:31:51,,0.0,0.0,0,,0.0,0.0,0.0,6
1,[],11,[],2019-06-21 13:45:54,5375894.076736,0.00000002,0.000000000001953126,7748920,2019-06-21 13:45:54,btc,9583.531581907093,1009530.66667,0.00000002,btc,73308645.95688245,0.0,0.06758688876736,6
1,[],3,[],2019-06-21 13:45:55,12732.45347318357,0.00008527999999999999664913874486416034415015019476413726806640625,0.000000008328129264,7748921,2019-06-21 13:45:55,btc,2027.8292598484973,383.237283558,0.00008527999999999999664913874486416034415015019476413726806640625,btc,394.627639815782,0.0,0.032791967658933246,7
1,[],4,[],2019-06-21 13:45:56,301950.68238377,0.00008450,0.000000008251957349999999,7748922,2019-06-21 13:45:56,btc,8.160899687260644,0.0,0.00008450,btc,62035.13868364,2.17373294,2.1132513648949485,7
1,[],5,[],2019-06-21 13:45:56,0.0,0,0,7748923,2019-06-21 13:45:56,btc,0.0,0.0838304,0,btc,0.0,0.0,0.0,7
1,[],20,[],2019-04-07 22:06:50,3201475.0482,0.000000001,0.000000000000051590000000000004,7213932,2019-04-07 22:06:50,btc,30.8005781811902,0.0,0.000000001,btc,23077405.3926,0.0,0.0032014750482,8
1,[],4,[],2019-06-21 13:45:58,1846973.01327641,0.00000056,0.000000000054687527999999995,7748924,2019-06-21 13:45:58,btc,3.0119004337595396,0.0,0.00000056,btc,2932781.88410717,0.6381777,0.5289931577716203,9
0,[],28,[],2019-06-21 13:45:59,0.0,0,0,7748925,2019-06-21 13:45:59,,0.0,0.0,0,,0.0,0.0,0.0,9
0,[],2,[],2019-01-20 23:22:42,0.0,0,0,6476876,2019-01-20 23:22:42,,0.0,0.0,0,,0.0,0.0,0.0,9
0,[],23,[],2019-01-20 23:22:48,0.0,0,0,6476878,2019-01-20 23:22:48,,0.0,0.0,0,,0.0,0.0,0.0,9
1,[],1,[],2019-02-17 23:31:42,1822507.21,0.00000181000000000000003456111265232042484285557293333113193511962890625,0.000000000066086901,6701244,2019-02-17 23:31:42,btc,3.6990969245,17153386.5,0.00000181000000000000003456111265232042484285557293333113193511962890625,btc,1997391.71,31.11772986,3.2610482446,9
1,[],4,[],2019-02-17 11:22:43,4341674.27126056,0.00000002,0.0000000000007272960000000001,6696112,2019-02-17 11:22:43,btc,0.1997230937751353,0.0,0.00000002,btc,4109766.79808031,0.00215132,0.0479381022052112,10
1,[],4,[],2019-06-21 13:46:00,39397335.27408706,0.00000030,0.00000000002929689,7748926,2019-06-21 13:46:00,btc,7.72885990195284,0.0,0.00000030,btc,9404822.54151599,1.68698161,1.7459040536497905,12
1,[],5,[],2019-06-21 13:46:01,0.0,0,0,7748927,2019-06-21 13:46:01,btc,0.0,0.02752946,0,btc,0.0,0.0,0.0,12
0.0,[],25,[],2019-06-21 13:46:05,0.0,0,0,7748928,2019-06-21 13:46:05,,0.0,0.0,0.0,btc,0.0,0.0,0.0,12
0,[],2,[],2019-01-20 23:23:08,0.0,0,0,6476890,2019-01-20 23:23:08,,0.0,0.0,0,,0.0,0.0,0.0,12
1,[],4,[],2019-06-21 13:46:06,425518.54549505,0.00000372,0.000000000363281436,7748929,2019-06-21 13:46:06,btc,1.9271076708163182,0.0,0.00000372,btc,308244.54891298,0.49686813,0.2129370034554872,13
1,[],21,[],2019-06-21 13:46:10,4383348.22704624,0.000003779999999999999807772039020,0.00000000036914081399999994,7748930,2019-06-21 13:46:10,btc,3.526534041061742,506799.69641331,0.00000377999999999999980777203902049254935491262585856020450592041015625,btc,745019.37788292,1.95920755,3.609963448317488,13
1,[],10,[],2019-06-21 13:21:16,653912.28062829,0.00000366,0.00000000036178734,7748804,2019-06-21 13:21:16,btc,666798.4381486065,29947.7111175,0.00000366,btc,886765.0917597,0.0,0.3336468928253292,13
1,[],4,[],2019-06-21 13:46:11,1172367.4834926,0.00000068,0.000000000066406284,7748931,2019-06-21 13:46:11,btc,11.149298678647508,0.0,0.00000068,btc,893161.52838176,0.34314789,0.1947856155386196,14
1,[],12,[],2019-06-21 13:46:11,218244.72056872,0.00000056,0.000000000054687528,7748932,2019-06-21 13:46:11,btc,184.25250726050191,0.0,0.00000056,btc,26618.75357547,4.755245e-06,0.0168494499999692,14
1,[],26,[],2019-06-21 13:48:12,0.0,0.00000050,0.00000000004882815,7748933,2019-06-21 13:48:12,btc,0.0,0.0,0.00000050,btc,0.0,0.0,0.0,14
0,[],17,[],2019-05-03 00:53:32,0.0,0,0,7558876,2019-05-03 00:53:32,btc,0.0,0.0,0,btc,0.0,0.0,0.0,14
0,[],4,[],2019-06-21 13:48:12,0.0,0,0,7748934,2019-06-21 13:48:12,,0.0,0.0,0,,0.0,0.0,0.0,15
,[],12,[],2018-12-01 15:15:48,204241.84496,0.00000489,0.000000000202473384,5260204,2018-12-01 15:15:48,btc,49.5475654835,0.0,,btc,35763.2193806,0.0163153972027625,0.0203389899998,15
1,[],4,[],2019-06-21 13:48:14,34821.93973571,0.00000992,0.000000000968750496,7748935,2019-06-21 13:48:14,btc,2.4602400168412495,0.0,0.00000992,btc,17229.76291075,0.02495276,0.0761925893132236,18
1,[],10,[],2019-06-21 13:48:16,275154.87865694,0.00001021,0.000000000997070823,7748936,2019-06-21 13:48:16,btc,14.891595168925187,13938.6152553,0.00001021,btc,10884.3539073,0.0,0.125024236437843,18
1,[],12,[],2019-06-21 13:48:17,3204.38759398,0.000011029999999999999426756290554774153633843525312840938568115234375,0.0000000010771489889999998,7748937,2019-06-21 13:48:17,btc,0.5368988039839918,0.0,0.000011029999999999999426756290554774153633843525312840938568115234375,btc,1909.29471369,1.780259e-06,0.0093048404978653,18
0,[],2,[],2019-01-20 23:23:38,0.0,0,0,6476906,2019-01-20 23:23:38,,0.0,0.0,0,,0.0,0.0,0.0,18
0,[],17,[],2019-05-03 00:53:39,0.0,0,0,7558882,2019-05-03 00:53:39,btc,0.0,0.0,0,btc,0.0,0.0,0.0,18
1,[],3,[],2019-06-21 13:50:18,155951.1825186052,0.000009530000000000000235787951663457562290204805321991443634033203125,0.000000000930664539,7748938,2019-06-21 13:50:18,btc,191.5567966954308,13862.9553515,0.000009530000000000000235787951663457562290204805321991443634033203125,btc,21036.65343853027,0.0,0.07877254222821937,19
1,[],4,[],2019-06-21 13:50:18,312501.76870807,0.00001064,0.0000000010390630319999999,7748939,2019-06-21 13:50:18,btc,6.478473184104982,0.0,0.00001064,btc,265321.0020555,0.44018114,1.364386051664564,19
1,[],5,[],2019-06-21 13:50:20,0.0,0,0,7748940,2019-06-21 13:50:20,btc,0.0,0.01277807,0,btc,0.0,0.0,0.0,19
1,[],12,[],2019-06-21 13:50:21,109051.83445321,0.0000070199999999999997035075686990790444497179123573005199432373046875,0.000000000685547226,7748941,2019-06-21 13:50:21,btc,0.3679632939616452,0.0,0.0000070199999999999997035075686990790444497179123573005199432373046875,btc,2973.67008334,0.0,0.0200174313762655,19
0,[],27,[],2019-06-21 13:50:28,0.0,0,0,7748942,2019-06-21 13:50:28,,0.0,0.0,0,btc,0.0,0.0,0.0,19
0,[],2,[],2019-01-20 23:24:19,0.0,0,0,6476924,2019-01-20 23:24:19,,0.0,0.0,0,,0.0,0.0,0.0,19
1,[],4,[],2019-06-21 13:50:30,10107097.23656777,0.00000005,0.000000000004882815,7748943,2019-06-21 13:50:30,btc,6.346974195743342,0.0,0.00000005,btc,2189631.5027402,0.01241812,0.1188747238096551,20
0,[],4,[],2019-06-21 13:50:31,0.0,0,0,7748944,2019-06-21 13:50:31,,5367.794656750465,0.0,0,,83371698.26581892,0.0,0.0,21
0,[],12,[],2019-06-21 13:50:32,0.0,0,0,7748945,2019-06-21 13:50:32,btc,2603.6057869046153,0.0,0,btc,7575442.25974023,7.056943e-05,0.0,21
0,[],17,[],2019-05-03 00:53:51,0.0,0,0,7558891,2019-05-03 00:53:51,btc,0.0,0.0,0,btc,0.0,0.0,0.0,21
1,[],12,[],2019-06-21 13:27:40,5485945570.277,0.0000000004,0.000000000000039539600000000004,7748821,2019-06-21 13:27:40,btc,1426620268574.8403,0.0,0.0000000004,btc,2511797885.4935064,0.305629085182,1.3247392473108004,23
0.00000000029344120000000004,[],27,[],2019-06-21 13:27:46,58120983.0,8.803236e-18,8.70191075364e-22,7748822,2019-06-21 13:27:46,eth,1048.5261174770806,24410169.6,0.00000003,eth,5152071.24779221,2.1488848437570802e-10,2.50709186182676e-10,23
1,[],4,[],2019-06-21 13:27:47,6067562.90663314,0.00000016,0.00000000001581584,7748823,2019-06-21 13:27:47,btc,10.224403799054093,0.0,0.00000016,btc,1779066.76514704,0.00010102,0.1294603275800017,24
0,[],22,[],2019-06-21 13:27:49,0.0,0,0,7748824,2019-06-21 13:27:49,,6.22e-05,0.0,0,,517.4264705882352,0.0,0.0,24
0.0,[],25,[],2019-06-21 13:27:50,0.0,0,0,7748825,2019-06-21 13:27:50,,0.0,0.0,0.0,btc,0.0,0.0,0.0,24
0,[],2,[],2019-01-20 23:25:56,0.0,0,0,6476976,2019-01-20 23:25:56,,0.0,0.0,0,,0.0,0.0,0.0,26
1,[],4,[],2019-06-21 13:27:51,26941746.77907263,0.00000450,0.00000000044482049999999997,7748826,2019-06-21 13:27:51,btc,7.782075584315547,0.0,0.00000450,btc,205771.59138347,0.08960962,0.4576862876649883,26
1,[],10,[],2019-06-21 13:27:53,222683.45971086,0.00000405,0.00000000040033845,7748827,2019-06-21 13:27:53,btc,25.26674829361548,7272.86844096,0.00000405,btc,19881.28046896,0.0,0.051590383877751,26
1,[],5,[],2019-04-26 09:47:06,0.0,0,0,7465326,2019-04-26 09:47:06,btc,0.0,0.0,0,btc,0.0,0.0,0.0,27
1,[],3,[],2019-06-17 14:30:26,13571825.64059417,0.00000001,0.00000000000092914,7740112,2019-06-17 14:30:26,btc,3.485049956644059,4264730.43754,0.00000001,btc,23500048.28518193,0.0,0.1357182564059417,27
1,[],11,[],2019-06-17 14:30:28,2031833.58157834,0.00000001,0.00000000000092914,7740113,2019-06-17 14:30:28,btc,67502.92060589766,32677.9652116,0.00000001,btc,6487362.95640949,0.0,0.0203183358157834,27
1,[],4,[],2019-06-21 13:27:54,938127880.8592743,0.00000001,0.00000000000098849,7748828,2019-06-21 13:27:54,btc,6.1293660292175165,0.0,0.00000001,"btc,ltc",396401957.75449073,0.041574,6.303235663282314,29
1,[],7,[],2019-06-21 13:27:55,88245545.39145988,0.00000001,0.00000000000098849,7748829,2019-06-21 13:27:55,btc,46548272.35329538,0.0,0.00000001,btc,44546066.98464044,0.0,0.8824554539145988,29
0,[],17,[],2019-05-03 01:11:25,0.0,0,0,7559066,2019-05-03 01:11:25,btc,0.0,0.0,0,btc,0.0,0.0,0.0,30
1,[],4,[],2019-06-21 13:27:56,15522975.90064791,0.00000005,0.00000000000494245,7748830,2019-06-21 13:27:56,btc,2.5886069753308303,0.0,0.00000005,btc,2238109.19211373,0.00025,0.1731523644110231,30
1,[],4,[],2019-06-21 13:29:57,202839.49025117,0.00004300,0.000000004250507,7748831,2019-06-21 13:29:57,btc,4.193933822598845,0.0,0.00004300,btc,57347.95592984,0.74927803,0.3681672138394585,31
1,[],21,[],2019-06-21 13:29:58,92538.07797833,0.00004254999999999999749219700695,0.0000000042060249499999994,7748832,2019-06-21 13:29:58,btc,5.553438042304812,166776.21712189,0.0000425499999999999974921970069541288239634013734757900238037109375,btc,109162.28741807,7.65074839,2.7836679796433375,31
0,[],2,[],2019-01-20 23:28:43,0.0,0,0,6477009,2019-01-20 23:28:43,,0.0,0.0,0,,0.0,0.0,0.0,32
1,[],12,[],2019-03-30 07:55:10,40641173.964,0.00000003,0.000000000001228359,7108785,2019-03-30 07:55:10,btc,4233210.82356125,0.0,0.00000003,btc,28378394.68333462,0.0126927883965248,0.90752895892,33
0,[],4,[],2019-06-21 13:29:59,0.0,0,0,7748833,2019-06-21 13:29:59,,0.0,0.0,0,,0.0,0.0,0.0,33
0.00000000014103330000000002,[],4,[],2019-06-21 13:30:02,149185256.62353578,6.769598400000001e-17,6.6916803224160005e-21,7748834,2019-06-21 13:30:02,ltc,4.098764525540636,0.0,0.00000048,ltc,160810234.77918485,0.0,9.097932439798487e-10,34
1,[],5,[],2019-06-21 13:30:03,0.0,0,0,7748835,2019-06-21 13:30:03,btc,0.0,0.06900285,0,btc,0.0,0.0,0.0,34
0.0000000002926451,[],17,[],2019-05-02 18:17:47,200000.0,2.9264510000000002e-18,1.596703856561e-22,7556430,2019-05-02 18:17:47,eth,0.20942468735267253,0.0,0.00000001,"btc,eth",1018272.20243647,0.0,5.852902e-13,36
0.0000000001311821,[],4,[],2019-05-31 13:28:19,2417517744.0607657,1.311821e-18,1.105058333085e-22,7717483,2019-05-31 13:28:19,ltc,5.019900492391546e-08,0.0,0.00000001,ltc,7102398142.262129,0.0,3.171350544531538e-09,36
1,[],5,[],2019-05-31 13:28:21,0.0,0,0,7717484,2019-05-31 13:28:21,btc,0.0,0.0,0,btc,0.0,0.0,0.0,36
0.0000000003108179,[],27,[],2019-05-31 13:30:34,10388811.226876,6.216358000000001e-18,5.236566733830001e-22,7717485,2019-05-31 13:30:34,eth,1569.8708019850988,761866.634299,0.00000002,"ltc,eth",5084024.2511555,4.736034912207001e-12,3.3251980286483705e-11,36
1,[],17,[],2019-05-03 01:11:36,211752.74075282,0.00000025,0.000000000013700074999999998,7559074,2019-05-03 01:11:36,btc,0.055484923955058496,0.0,0.00000025,"btc,eth",1387.19918473,0.0,0.0005381851887916605,37
1,[],4,[],2019-06-21 13:30:04,10401149.26158937,0.00000013,0.00000000001285037,7748836,2019-06-21 13:30:04,btc,19772.15891228936,0.0,0.00000013,btc,688972.71588046,0.00062057,0.1452301296194838,37
1,[],12,[],2019-06-21 13:30:05,4343275.21400003,0.00000013,0.00000000001285037,7748837,2019-06-21 13:30:05,btc,7.375479279100907,0.0,0.00000013,btc,1695363.43237595,0.009134955561,0.1644105521100036,37
1,[],27,[],2019-06-21 13:32:13,11304.0,0.00000019,0.00000000001878131,7748838,2019-06-21 13:32:13,btc,22.62970013895233,0.0,0.00000019,btc,4298.824295,0.0,0.00168776,37
1,[],5,[],2019-06-21 13:32:14,0.0,0,0,7748839,2019-06-21 13:32:14,btc,0.0,0.68110518,0,btc,0.0,0.0,0.0,42
1,[],12,[],2019-06-21 13:32:15,221802.73659795,0.00000225000000000000005700192921842539561794183100573718547821044921875,0.00000000022241025,7748840,2019-06-21 13:32:15,btc,494.06114191927117,0.0,0.00000225000000000000005700192921842539561794183100573718547821044921875,btc,183869.82690149,0.157896545201,0.0530218175900591,42
1,[],27,[],2019-06-21 13:32:24,1581.0,0.0000005,0.0000000000494245,7748841,2019-06-21 13:32:24,btc,0.07600425,0.0,0.0000005,"btc,eth",18.0,0.0,0.0005435000003082893,42
1,[],12,[],2019-03-13 09:13:29,1112112.0,0.00000001,0.000000000000386531,6919902,2019-03-13 09:13:29,btc,29058.00478931866,0.0,0.00000001,btc,5967681.93306694,9.99000999e-07,0.01112112,43
1,[],5,[],2019-04-26 22:38:52,0.0,0,0,7474154,2019-04-26 22:38:52,btc,0.0,0.02638891,0,btc,0.0,0.0,0.0,43
0,[],17,[],2019-04-26 22:38:53,0.0,0,0,7474155,2019-04-26 22:38:53,btc,0.0,0.0,0,btc,0.0,0.0,0.0,43
1,[],12,[],2019-03-05 01:54:08,639326.02,0.00000004,0.000000000001486676,6845775,2019-03-05 01:54:08,btc,11116042.728239931,0.0,0.00000004,btc,1103841.4595604,0.0003330765234764,0.014975410599999999,44
0.00000000014103330000000002,[],4,[],2019-06-21 13:32:25,107191900.7740837,5.2182321000000007e-17,5.158170248529e-21,7748842,2019-06-21 13:32:25,ltc,2601.9095002003787,0.0,0.00000037,ltc,26392785.17067719,0.00286734,6.668893770117555e-10,49
0.00000000014103330000000002,[],4,[],2019-06-21 13:32:25,313828318.1515459,2.8206660000000004e-17,2.78820013434e-21,7748843,2019-06-21 13:32:25,ltc,26727.589545371877,0.0,0.0000002,ltc,174821597.53610626,0.0,2.6022119961543526e-09,52
0,[],22,[],2019-06-21 13:32:28,0.0,0,0,7748844,2019-06-21 13:32:28,,10289.79884133,0.0,0,,286158287.4566013,0.0,0.0,57
0,[],27,[],2019-06-21 13:32:38,0.0,0,0,7748845,2019-06-21 13:32:38,,0.0,0.0,0,"btc,eth",0.0,0.0,0.0,57
1,[],17,[],2019-05-03 01:12:09,1200000.0,0.0000000001,0.00000000000000548003,7559085,2019-05-03 01:12:09,btc,1e+24,0.0,0.0000000001,"btc,eth",39516342.31952568,0.0,0.00010000000058666061,58
0,[],4,[],2019-06-21 13:32:39,0.0,0,0,7748846,2019-06-21 13:32:39,,19.716975206729266,0.0,0,,5714086884.541042,0.00085,0.0,58
1,[],12,[],2019-06-21 13:32:40,874387016.1,0.0000000001,0.000000000000009884900000000001,7748847,2019-06-21 13:32:40,btc,34239799.1921951,0.0,0.0000000001,btc,2688882613.138818,0.00291084901,0.08743870161,58
0.0000000001102539,[],22,[],2019-06-21 13:34:43,126877.0,1.102539e-18,1.08984877611e-22,7748848,2019-06-21 13:34:43,XMR,68.17454206,0.0,0.00000001,XMR,9626402.6,0.0,0.00126877,58
1,[],5,[],2019-06-17 14:31:27,0.0,0,0,7740135,2019-06-17 14:31:27,btc,0.0,0.00079154,0,btc,0.0,0.0,0.0,61
1,[],22,[],2019-06-17 14:31:30,13612.833333333334,0.00000012,0.00000000001114968,7740136,2019-06-17 14:31:30,BTC,1002.29123003,0.0,0.00000012,BTC,15014.200177125656,0.0,0.00153257,61
1,[],26,[],2019-06-17 14:31:30,0.0,0.00000050,0.000000000046457,7740137,2019-06-17 14:31:30,btc,0.0,0.0,0.00000050,btc,0.0,0.0,0.0,61
1,[],27,[],2019-06-17 14:31:36,8400.0,0.00000018,0.00000000001672452,7740138,2019-06-17 14:31:36,btc,1.9742539297246655,0.0,0.00000018,"btc,eth",10953.51663696,0.0,0.001512,61
0,[],28,[],2019-06-17 14:31:38,0.0,0,0,7740139,2019-06-17 14:31:38,,0.0,0.0,0,,0.0,0.0,0.0,61
1,[],4,[],2019-06-21 13:34:44,891457.1439176,0.00000083,0.00000000008204467,7748849,2019-06-21 13:34:44,btc,3.38384620903941,0.0,0.00000083,btc,1200560.98766887,0.36703531,0.5146274538112405,67
0.0,[],25,[],2019-06-21 13:34:45,0.0,0,0,7748850,2019-06-21 13:34:45,,0.0,0.0,0.0,btc,0.0,0.0,0.0,67
1,[],12,[],2019-06-02 06:23:14,910048.355,0.00000006,0.000000000005154929999999999,7725270,2019-06-02 06:23:14,btc,5.167005424215783,0.0,0.00000006,btc,738530.60239759,0.003159757462,0.0187188113,71
,[],5,[],2018-11-20 23:02:39,1.5e-07,0.00000005,0.000000000002128045,4862160,2018-11-20 23:02:39,btc,2.84511358,0.0,,btc,0.00036572,0.0,0.07381892,74
1,[],5,[],2019-06-21 13:34:47,0.0,0,0,7748851,2019-06-21 13:34:47,btc,0.0,0.00871158,0,btc,0.0,0.0,0.0,75
1,[],4,[],2019-06-04 03:25:15,715281.46076168,0.00000001,0.000000000000803619,7734085,2019-06-04 03:25:15,btc,581089.6218469425,0.0,0.00000001,btc,37692563.61091116,0.0,0.0071528146076168,81
0,[],20,[],2019-01-25 09:30:31,0.0,0,0,6495923,2019-01-25 09:30:31,btc,0.0,0.0,0,btc,0.0,0.0,0.0,81
1,[],4,[],2019-06-21 13:34:48,225324.30685721,0.00009866,0.00000000975244234,7748852,2019-06-21 13:34:48,btc,56.657302753601414,0.0,0.00009866,btc,108865.51754359,1.4148053,0.2904862496280909,82
1,[],21,[],2019-06-21 13:34:49,77036.81165094,0.00009500000000000000523019128007,0.000000009390655,7748853,2019-06-21 13:34:49,btc,7.9942630405369055,24953.97660819,0.00009500000000000000523019128007007338965195231139659881591796875,btc,68470.27323764,2.43801976,5.24346421905747,82
0,[],17,[],2019-03-25 22:42:34,0.0,0,0,7038780,2019-03-25 22:42:34,btc,0.0445064681804024,0.0,0,btc,995513.18476001,0.0,0.0,84
0.0000000001161485,[],4,[],2019-05-20 13:09:39,216715621.0206096,1.161485e-18,9.0533806701e-23,7657228,2019-05-20 13:09:39,ltc,1.6511566870244727,0.0,0.00000001,ltc,471032407.9048656,0.0,2.5171194308112273e-10,85
,[],22,[],2018-11-20 23:09:34,3408.1,0.0000001,0.0000000000041895,4862324,2018-11-20 23:09:34,BTC,0.04624735,0.0,,BTC,4990.0,0.0,0.00033081,86
1,[],22,[],2019-06-21 13:34:52,117294.0,0.00000006,0.00000000000593094,7748854,2019-06-21 13:34:52,BTC,1.81020153,0.0,0.00000006,BTC,196224.94736842104,0.0,0.00390484,87
1,[],27,[],2019-06-21 13:34:59,269523.0,0.00000003,0.00000000000296547,7748855,2019-06-21 13:34:59,btc,1.94218418326,44190.0,0.00000003,btc,500743.402,0.0048609,0.00708569,87
,[],2,[],2018-11-20 23:10:47,0.0,0,0,4862359,2018-11-20 23:10:47,,0.0,0.0,,,0.0,0.0,0.0,88
1,[],11,[],2019-06-17 14:31:59,193715.3529613,0.000073310000000000001140094962881477158589405007660388946533203125,0.00000000681152534,7740147,2019-06-17 14:31:59,btc,168.35454702024953,5791.70569014,0.000073310000000000001140094962881477158589405007660388946533203125,btc,196971.41170107,0.0,1.1996165759440112,89
0,[],2,[],2019-01-20 23:31:45,0.0,0,0,6477083,2019-01-20 23:31:45,,0.0,0.0,0,,0.0,0.0,0.0,91
1,[],12,[],2019-06-18 02:35:48,427715.74,0.00000015,0.000000000013911045000000001,7746087,2019-06-18 02:35:48,btc,116.61022144471085,0.0,0.00000015,btc,193315.55943968,0.000180759303,0.0129558314,91
1,[],22,[],2019-06-20 20:27:07,75910.0,0.00000002,0.000000000001914908,7746207,2019-06-20 20:27:07,BTC,0.49565371,0.0,0.00000002,"BTC,LTC",6.384990670617935,0.0,0.0016592,91
0,[],17,[],2019-05-03 01:12:26,0.0,0,0,7559096,2019-05-03 01:12:26,btc,0.0,0.0,0,btc,0.0,0.0,0.0,91
1,[],22,[],2019-06-21 13:35:06,106655.66666666667,0.00000003,0.00000000000296547,7748856,2019-06-21 13:35:06,BTC,11.33277936,0.0,0.00000003,"BTC,LTC",292958.0280038263,0.0,0.06917967,95
0,[],17,[],2019-05-03 01:12:32,0.0,0,0,7559100,2019-05-03 01:12:32,btc,0.0,0.0,0,btc,0.0,0.0,0.0,96
0.00000000014103330000000002,[],4,[],2019-06-21 13:35:07,539562327.4702262,2.6796327000000003e-17,2.648790127623e-21,7748857,2019-06-21 13:35:07,ltc,11.329597826048406,0.0,0.00000019,ltc,156633901.95976704,0.0,9.332605695375986e-10,96
0,[],12,[],2019-06-21 13:35:09,0.0,0,0,7748858,2019-06-21 13:35:09,btc,36.47432244859141,0.0,0,btc,9846598.85914086,7.872128e-06,0.0,96
1,[],4,[],2019-04-14 03:32:46,1039404.33283278,0.00000038,0.000000000019245518,7293458,2019-04-14 03:32:46,btc,4.170086055365747,0.0,0.00000038,btc,3097704.34561074,0.06260606,0.1859928211030784,99
0,[],2,[],2019-01-20 23:23:55,0.0,0,0,6476914,2019-01-20 23:23:55,,0.0,0.0,0,,0.0,0.0,0.0,100
1,[],4,[],2019-06-21 13:37:09,305797.7281851,0.00001369,0.00000000135324281,7748859,2019-06-21 13:37:09,btc,7.235504513921921,0.0,0.00001369,btc,161016.09494338,0.34441604,0.7283697178137571,100
1,[],22,[],2019-06-05 06:30:35,150000.0,0.00000002,0.000000000001558192,7740007,2019-06-05 06:30:35,BTC,28.56386409,0.0,0.00000002,BTC,12787.719,0.0,0.0017,101
1,[],4,[],2019-06-21 13:37:10,471197.83135954,0.00000171,0.00000000016903179,7748860,2019-06-21 13:37:10,btc,553.6118011044434,0.0,0.00000171,btc,644659.60872722,0.01399847,0.1527913003927367,103
1,[],12,[],2019-06-17 14:32:14,179201505.10870332,0.000000005,0.00000000000046457,7740154,2019-06-17 14:32:14,btc,113577.79366343976,0.0,0.000000005,btc,79148141.67831126,0.019059029059,0.27280986350611003,105
1,[],27,[],2019-06-17 14:32:19,18306828.03496503,0.00000002,0.00000000000185828,7740155,2019-06-17 14:32:19,btc,180.7198218385489,1083.96503497,0.00000002,btc,276513.60142659,7.588e-05,0.3661365606993006,105
1,[],22,[],2019-04-21 00:17:26,21333.0,0.00000001,0.000000000000532493,7385819,2019-04-21 00:17:26,BTC,51.38182867,0.0,0.00000001,BTC,470435.0,0.0,0.00021333,107
1,[],26,[],2019-04-21 00:17:26,0.0,0.00000000,0,7385820,2019-04-21 00:17:26,btc,0.0,0.0,0.00000000,btc,0.0,0.0,0.0,107
1,[],5,[],2019-06-21 13:37:13,0.0,0,0,7748861,2019-06-21 13:37:13,btc,0.0,0.02512414,0,btc,0.0,0.0,0.0,112
0,[],22,[],2019-06-21 13:37:15,0.0,0,0,7748862,2019-06-21 13:37:15,,6.79500102,0.0,0,,3375892.0833333335,0.0,0.0,112
1,[],27,[],2019-06-21 13:37:24,1.0,0.00000001,0.00000000000098849,7748863,2019-06-21 13:37:24,btc,1.14885,0.0,0.00000001,"btc,eth",39.0,0.0,1e-08,112
1,[],4,[],2019-06-21 13:37:24,1073854.84819672,0.00000069,0.00000000006820581,7748864,2019-06-21 13:37:24,btc,4.839469606129078,0.0,0.00000069,btc,802078.81255718,0.03773965,0.2427279483218624,113
1,[],5,[],2019-06-21 13:37:26,0.0,0,0,7748865,2019-06-21 13:37:26,btc,0.0,0.0,0,btc,0.0,0.0,0.0,113
1,[],17,[],2019-04-26 02:17:47,162738.278,0.00000004,0.0000000000021069000000000002,7461287,2019-04-26 02:17:47,btc,1.3331140273775473,0.0,0.00000004,btc,51796.221,0.0,0.00230953112,116
1,[],27,[],2019-05-22 05:13:01,210000.0,0.00000001,0.00000000000079145,7666372,2019-05-22 05:13:01,btc,3919.0005001478,0.0,0.00000001,btc,128660.871,0.0,0.0021,116
1,[],4,[],2019-05-21 22:31:11,138169.03963019,0.00000701,0.000000000558364025,7664793,2019-05-21 22:31:11,btc,150.95388250938234,0.0,0.00000701,btc,344631.17141974,0.07552974,0.4288357684941946,120
1,[],7,[],2019-05-21 22:31:12,3901.07750076,0.000010679999999999999389654892212320191902108490467071533203125,0.0000000008506887,7664794,2019-05-21 22:31:12,btc,231188.94669936574,0.0,0.000010679999999999999389654892212320191902108490467071533203125,btc,4133.83151364,0.0,0.0113888422364489,120
1,[],20,[],2019-04-07 18:42:29,1914137.0852,0.000000035,0.0000000000017871910000000002,7211992,2019-04-07 18:42:29,btc,32.2497668025648,25528.85,0.000000035,btc,1001975.4986,0.00089350975,0.0152723574729,125
1,[],22,[],2019-06-17 14:32:38,10000.0,0.00000001,0.00000000000092914,7740161,2019-06-17 14:32:38,BTC,0.032061,0.0,0.00000001,BTC,299316.7611111111,0.0,0.0001,126
1,[],4,[],2019-06-21 13:37:27,2962755.85101527,0.00000451,0.00000000044580899,7748866,2019-06-21 13:37:27,btc,2.3359384876784657,0.0,0.00000451,btc,170298.76129149,0.16677837,0.5597753142679903,131
0,[],2,[],2019-01-20 23:25:46,0.0,0,0,6476969,2019-01-20 23:25:46,,0.0,0.0,0,,0.0,0.0,0.0,131
1,[],17,[],2019-05-03 01:13:10,10000.0,0.00000001,0.000000000000548003,7559115,2019-05-03 01:13:10,btc,0.0953976503951408,0.0,0.00000001,btc,5037.62507334,0.0,0.0001,131
1,[],4,[],2019-06-17 14:32:42,4848.49465417,0.00007919,0.00000000735785966,7740163,2019-06-17 14:32:42,btc,0.9905723729472744,0.0,0.00007919,btc,202.13055914,0.0,0.0061509344290166,135
1,[],3,[],2019-06-05 06:33:11,40600.27748212,0.00000001,0.000000000000779096,7740019,2019-06-05 06:33:11,btc,0.2308097808993716,2146378.52189,0.00000001,btc,2477992.76904676,0.0,0.0004060027748212,136
1,[],4,[],2019-06-21 13:39:28,572630.5401225,0.00000173,0.00000000017100877,7748867,2019-06-21 13:39:28,btc,110.3057364964736,0.0,0.00000173,btc,582773.72591118,0.04103091,0.4969344546567904,137
1,[],12,[],2019-06-21 13:39:29,67692.17358328,0.00000163000000000000006388227620501840675615312648005783557891845703125,0.00000000016112387,7748868,2019-06-21 13:39:29,btc,84.6262223956635,0.0,0.00000163000000000000006388227620501840675615312648005783557891845703125,btc,82793.24240518,1.55e-06,0.0165545599999489,137
1,[],4,[],2019-06-21 13:39:30,263660.24309828,0.00001675,0.00000000165572075,7748869,2019-06-21 13:39:30,btc,9.08614909068194,0.0,0.00001675,btc,164878.69422946,0.47875354,0.5034774249442661,142
1,[],5,[],2019-06-21 13:39:31,0.0,0,0,7748870,2019-06-21 13:39:31,btc,0.0,0.00513223,0,btc,0.0,0.0,0.0,142
1,[],20,[],2019-06-21 13:41:33,267719.6162,0.000015555,0.000000001537596195,7748871,2019-06-21 13:41:33,btc,1.6061022647793,0.0,0.000015555,btc,9785.9993,0.0,0.0192599538238,142
1,[],22,[],2019-06-21 13:41:36,10715.0,0.00001299,0.00000000128404851,7748872,2019-06-21 13:41:36,BTC,2.99759384,0.0,0.00001299,BTC,835.7198755539798,0.0,0.00540125,142
0.0,[],25,[],2019-06-21 13:41:37,0.0,0,0,7748873,2019-06-21 13:41:37,,0.0,0.0,0.0,btc,0.0,0.0,0.0,142
0,[],28,[],2019-06-21 13:41:39,0.0,0,0,7748874,2019-06-21 13:41:39,,0.0,0.0,0,,0.0,0.0,0.0,142
1,[],17,[],2019-05-03 01:13:16,32967.38636364,0.00000088,0.000000000048224264,7559122,2019-05-03 01:13:16,btc,20.06976206696776,0.0,0.00000088,btc,2746.079105,0.0,0.0105613000000032,142
0,[],22,[],2019-06-21 13:41:41,0.0,0,0,7748875,2019-06-21 13:41:41,,1635.98618676,0.0,0,,788450755.3,0.0,0.0,143
0,[],22,[],2019-02-25 15:42:22,0.0,0,0,6783783,2019-02-25 15:42:22,,4.2131946,0.0,0,,2322156.0,0.0,0.0,146
,[],22,[],2018-11-20 23:01:11,0.0,0,0,4862114,2018-11-20 23:01:11,,2.56807021,0.0,,,61828.4988236,0.0,0.0,147
1,[],12,[],2019-04-21 06:38:04,193091.5971266,0.00000071,0.000000000037635183,7388679,2019-04-21 06:38:04,btc,2.301232411611175,0.0,0.00000071,btc,9957.48302385,0.00023528,0.0313308199999888,148
1,[],4,[],2019-03-19 21:31:25,255810.0415942,0.00000029,0.000000000011615747,6982695,2019-03-19 21:31:25,btc,218.94922712414143,0.0,0.00000029,btc,793529.37642722,0.00117,0.0608347789473395,152
0,[],22,[],2019-03-19 21:31:27,0.0,0,0,6982696,2019-03-19 21:31:27,,0.0,0.0,0,,0.0,0.0,0.0,152
1,[],5,[],2019-04-26 09:36:59,0.0,0,0,7465040,2019-04-26 09:36:59,btc,0.0,0.0,0,btc,0.0,0.0,0.0,153
,[],16,[],2019-01-11 15:38:59,0.0,0,0,6366141,2019-01-11 15:38:59,btc,0.0,0.0,,btc,0.0,0.0,0.0,155
0,[],23,[],2019-01-20 23:24:29,0.0,0,0,6476932,2019-01-20 23:24:29,,0.0,0.0,0,,0.0,0.0,0.0,156
0,[],22,[],2019-06-04 06:02:09,0.0,0,0,7734688,2019-06-04 06:02:09,,7.43375324,0.0,0,,5955762.942592593,0.0,0.0,156
1,[],22,[],2019-06-21 13:41:45,6996.0,0.00000001,0.00000000000098849,7748876,2019-06-21 13:41:45,BTC,1.7543039,0.0,0.00000001,BTC,57.0,0.0,6.996e-05,157
0,[],22,[],2019-05-21 23:40:32,0.0,0,0,7665049,2019-05-21 23:40:32,,50234.60468402,0.0,0,,54786159.03179465,0.0,0.0,158
,[],17,[],2018-11-20 22:56:10,0.0,0,0,4861976,2018-11-20 22:56:10,btc,1.1265625,0.0,,btc,1000.0,0.0,0.0,159
,[],20,[],2018-11-20 22:56:12,0.0,0,0,4861977,2018-11-20 22:56:12,btc,11912.7940471,0.0,,btc,34413894.3617,0.0,0.0,159
1,[],12,[],2019-05-24 02:51:20,9178.522006449999,0.00000191999999999999982841307998027158276954651228152215480804443359375,0.000000000151222656,7676256,2019-05-24 02:51:20,btc,149.80414728631675,0.0,0.00000191999999999999982841307998027158276954651228152215480804443359375,btc,1115.7451448499999,0.01783167678326,0.0120075778999181,168
1,[],17,[],2019-05-03 01:13:36,42852.0,0.00000002,0.000000000001096006,7559132,2019-05-03 01:13:36,btc,0.04279856251542,0.0,0.00000002,btc,274.46171372,0.0,0.00052852,168
1,[],22,[],2019-05-17 03:01:52,10.0,0.00000001,0.000000000000778341,7642059,2019-05-17 03:01:52,BTC,41.95893009,0.0,0.00000001,BTC,1753972.7737547632,0.0,1e-07,169
1,[],22,[],2019-05-30 08:38:18,202834.0,0.00000002,0.0000000000017416160000000001,7711049,2019-05-30 08:38:18,BTC,27.87002826,0.0,0.00000002,BTC,462189.5410507793,0.0,0.00211768,171
1,[],22,[],2019-05-29 08:05:18,349870.0,0.00000002,0.000000000001705894,7705265,2019-05-29 08:05:18,BTC,24.05907723,0.0,0.00000002,"BTC,LTC",1224285.4355616204,0.0,0.0039847,173
1,[],5,[],2019-06-21 13:41:46,0.0,0,0,7748877,2019-06-21 13:41:46,btc,0.0,0.04446752,0,btc,0.0,0.0,0.0,175
1,[],22,[],2019-06-17 14:33:12,90671.0,0.00000001,0.00000000000092914,7740175,2019-06-17 14:33:12,BTC,394.35459412,0.0,0.00000001,BTC,136275.61833431243,0.0,0.00090671,176
1,[],7,[],2019-06-21 13:41:48,0.0,0,0,7748878,2019-06-21 13:41:48,btc,522272.5932639098,0.0,0,btc,27791001.73829655,0.0,0.0,178
0,[],22,[],2019-06-21 13:41:50,0.0,0,0,7748879,2019-06-21 13:41:50,,1.00242428,0.0,0,,57512.0,0.0,0.0,178
0,[],2,[],2019-01-20 23:28:34,0.0,0,0,6477001,2019-01-20 23:28:34,,0.0,0.0,0,,0.0,0.0,0.0,178
1,[],5,[],2019-06-21 13:41:52,0.0,0,0,7748880,2019-06-21 13:41:52,btc,0.0,0.01976029,0,btc,0.0,0.0,0.0,179
0,[],22,[],2019-06-21 13:41:55,0.0,0,0,7748881,2019-06-21 13:41:55,,5.17403917,0.0,0,,13450788.311946675,0.0,0.0,179
0,[],23,[],2019-01-20 23:25:08,0.0,0,0,6476952,2019-01-20 23:25:08,,0.0,0.0,0,,0.0,0.0,0.0,179
1,[],22,[],2019-06-21 13:43:58,737598.9022172949,0.00000041,0.00000000004052809,7748882,2019-06-21 13:43:58,BTC,40.61593435,0.0,0.00000041,"BTC,LTC",169064.879930538,0.00063653,0.57296747,180
1,[],26,[],2019-06-21 13:43:58,0.0,0.00000010,0.0000000000098849,7748883,2019-06-21 13:43:58,btc,0.0,0.0,0.00000010,btc,0.0,0.0,0.0,180
1,[],17,[],2019-05-03 01:13:56,20504.725000000002,0.0000001,0.00000000000548003,7559141,2019-05-03 01:13:56,btc,5.2010695838400265,0.0,0.0000001,btc,5033.45945,0.0,0.0011504725,180
,[],7,[],2018-11-20 22:58:01,562227.975654,0.00000085,0.000000000036176765,4862015,2018-11-20 22:58:01,btc,21836.6059674,2491.87645172,,btc,749999.041456,0.00211021,0.127565380455,183
,[],5,[],2019-01-10 08:11:41,0.0,0,0,6347036,2019-01-10 08:11:41,btc,82.15055501,0.00261,,btc,1.19002445,0.0,0.0,187
,[],17,[],2018-11-16 20:58:10,4062536.27273,0.00000001,0.000000000000550501,4708775,2018-11-16 20:58:10,btc,3.36492563466,0.195460381006,,"btc,eth",110697919.549,0.0,0.0157628953496,187
1,[],24,[],2019-05-22 21:04:52,0.0,0.000000000014,0.0000000000000010960978,7670219,2019-05-22 21:04:52,btc,0.0,0.0,0.000000000014,btc,0.0,0.0,0.0,187
0,[],22,[],2019-04-25 02:54:07,0.0,0,0,7447896,2019-04-25 02:54:07,,7.54794454,0.0,0,,76361.7243344055,0.0,0.0,191
0,[],22,[],2019-06-17 14:33:34,0.0,0,0,7740182,2019-06-17 14:33:34,,0.0,0.0,0,,0.0,0.0,0.0,197
0,[],22,[],2019-06-21 13:44:01,0.0,0,0,7748884,2019-06-21 13:44:01,,10.58263174,0.0,0,,84280969.0,0.0,0.0,199
1,[],26,[],2019-06-21 13:44:01,0.0,0.00000000,0,7748885,2019-06-21 13:44:01,btc,0.0,0.0,0.00000000,btc,0.0,0.0,0.0,199
0,[],23,[],2019-01-20 23:31:41,0.0,0,0,6477079,2019-01-20 23:31:41,,0.0,0.0,0,,0.0,0.0,0.0,199
0,[],2,[],2019-01-20 23:30:49,0.0,0,0,6477059,2019-01-20 23:30:49,,0.0,0.0,0,,0.0,0.0,0.0,201
1,[],4,[],2019-01-25 15:51:35,2084389.58565343,0.00000936,0.000000000333526752,6499557,2019-01-25 15:51:35,btc,2.0092503037378524,0.0,0.00000936,btc,160195.80207885,0.19272417,1.242687955921835,211
1,[],7,[],2019-06-21 13:44:03,1170054124.6898527,0.00000018,0.00000000001779282,7748886,2019-06-21 13:44:03,btc,1346840.2653139164,0.0,0.00000018,btc,6166479.26464841,0.0,11.954344045954047,212
1,[],12,[],2019-01-25 02:44:32,207462.42853209,0.000001080000000000000035831255497387193287295303889550268650054931640625,0.000000000038610756000000006,6493050,2019-01-25 02:44:32,btc,85023.03793723314,0.0,0.000001080000000000000035831255497387193287295303889550268650054931640625,btc,43675.73520027,0.000146250909087,0.0348620860622024,213
1,[],5,[],2019-05-30 00:07:46,0.0,0,0,7709357,2019-05-30 00:07:46,btc,0.0,0.06425239,0,btc,0.0,0.0,0.0,213
1,[],24,[],2019-05-30 00:07:46,0.0,0.000000399202,0.0000000000344859829346,7709358,2019-05-30 00:07:46,btc,0.0,0.0,0.000000399202,btc,0.0,0.0,0.0,213
1,[],26,[],2019-05-30 00:07:47,0.0,0.00000040,0.000000000034554919999999996,7709359,2019-05-30 00:07:47,btc,0.0,0.0,0.00000040,btc,0.0,0.0,0.0,213
0,[],22,[],2019-06-21 13:44:06,0.0,0,0,7748887,2019-06-21 13:44:06,,9.56923849,0.0,0,,3661587.2040649247,0.0,0.0,216
0,[],27,[],2019-06-21 13:44:14,0.0,0,0,7748888,2019-06-21 13:44:14,,95.91109402917752,0.0,0,"btc,ltc",656425.407688,0.0,0.0,216
1,[],22,[],2019-06-21 13:44:17,580126.4852813852,0.0000003,0.0000000000296547,7748889,2019-06-21 13:44:17,BTC,12055.91513665,0.0,0.0000003,BTC,495986.3626290264,3.53e-05,0.0345805,217
1,[],7,[],2019-06-21 13:44:18,0.0,0,0,7748890,2019-06-21 13:44:18,btc,1234862.00312316,0.0,0,btc,89035021.11569473,0.0,0.0,219
0,[],27,[],2019-06-21 13:44:26,0.0,0,0,7748891,2019-06-21 13:44:26,,250.36597143533322,0.0,0,btc,7934668.36581025,0.0,0.0,219
0,[],28,[],2019-06-21 13:44:27,0.0,0,0,7748892,2019-06-21 13:44:27,,0.0,0.0,0,,0.0,0.0,0.0,219
1,[],22,[],2019-05-23 16:41:05,172069.0,0.00000004,0.0000000000031167080000000004,7674065,2019-05-23 16:41:05,BTC,56.76466137,0.0,0.00000004,BTC,127061.6482738741,0.0,0.00393676,221
1,[],24,[],2019-05-23 16:41:05,0.0,0.000000010000,0.0000000000007791770000000001,7674066,2019-05-23 16:41:05,btc,0.0,0.0,0.000000010000,btc,0.0,0.0,0.0,221
1,[],20,[],2019-06-17 14:34:11,26882155.8301,0.000000003,0.000000000000278742,7740192,2019-06-17 14:34:11,btc,100050.81956632523,233521.3529,0.000000003,btc,38769742.8604,0.0007925640587,0.0306863532672,224
0,[],22,[],2019-06-17 14:34:13,0.0,0,0,7740193,2019-06-17 14:34:13,,0.0,0.0,0,,0.0,0.0,0.0,224
1,[],26,[],2019-06-21 13:44:28,0.0,0.00000022,0.000000000021746779999999998,7748893,2019-06-21 13:44:28,btc,0.0,0.0,0.00000022,btc,0.0,0.0,0.0,231
1,[],26,[],2019-06-21 13:44:28,0.0,0.00000005,0.00000000000494245,7748894,2019-06-21 13:44:28,btc,0.0,100.0,0.00000005,btc,0.0,0.0,0.0,234
0.00000000029344120000000004,[],27,[],2019-06-21 13:44:37,100.0,2.9344120000000003e-18,2.90063691788e-22,7748895,2019-06-21 13:44:37,eth,0.0,0.0,0.00000001,"btc,eth",0.0,0.0,2.934412e-16,234
1,[],4,[],2019-05-22 17:06:12,91780.56053785,0.00000078,0.000000000061977552,7669277,2019-05-22 17:06:12,btc,5.573372450018177,0.0,0.00000078,btc,729173.93529783,0.0,0.0307060663355679,236
1,[],24,[],2019-05-22 17:06:12,0.0,0.000000010000,0.000000000000794584,7669278,2019-05-22 17:06:12,btc,0.0,0.0,0.000000010000,btc,0.0,0.0,0.0,236
1,[],5,[],2019-06-21 13:44:38,0.0,0,0,7748896,2019-06-21 13:44:38,btc,0.0,2.0587204,0,btc,0.0,0.0,0.0,237
1,[],20,[],2019-06-21 13:44:40,48473147.0658,0.00000008,0.00000000000790792,7748897,2019-06-21 13:44:40,btc,8187497.618339288,26976786.236,0.00000008,btc,28571685.4541,2.4839397141064,1.0604730951811,237
1,[],22,[],2019-06-21 13:44:43,2084614.0,0.00000004,0.00000000000395396,7748898,2019-06-21 13:44:43,BTC,1.20112207,0.0,0.00000004,"BTC,LTC",14507.148717948718,0.0,0.02587451,237
1,[],4,[],2019-06-21 13:44:44,42194968.10473114,0.00000007,0.00000000000691943,7748899,2019-06-21 13:44:44,btc,2.6392850345320804,0.0,0.00000007,btc,11838442.57308908,0.10722525,0.8853186819831781,238
1,[],5,[],2019-06-21 13:44:46,0.0,0,0,7748900,2019-06-21 13:44:46,btc,0.0,0.00914794,0,btc,0.0,0.0,0.0,238
0,[],22,[],2019-03-12 16:49:32,0.0,0,0,6914458,2019-03-12 16:49:32,,0.40415746,0.0,0,,526736.5639027493,0.0,0.0,249
0,[],22,[],2019-05-28 23:53:45,0.0,0,0,7703643,2019-05-28 23:53:45,,13.44714864,0.0,0,,43777534.3426455,0.0,0.0,252
0,[],28,[],2019-06-21 13:44:47,0.0,0,0,7748901,2019-06-21 13:44:47,,0.0,0.0,0,,0.0,0.0,0.0,256
1,[],22,[],2019-06-21 13:44:51,573068.0,0.00000001,0.00000000000098849,7748902,2019-06-21 13:44:51,BTC,31464.57242089,0.0,0.00000001,BTC,1034643.2230878276,0.000194,0.00573068,258
1,[],22,[],2019-05-19 18:12:02,400.0,0.00000001,0.0000000000007957800000000001,7653905,2019-05-19 18:12:02,BTC,2.415167,0.0,0.00000001,BTC,157.0,0.0,4e-06,259
1,[],5,[],2019-06-21 13:44:52,0.0,0,0,7748903,2019-06-21 13:44:52,btc,0.0,0.06388953,0,btc,0.0,0.0,0.0,264
1,[],20,[],2019-06-21 13:44:53,908488.033,0.000000421,0.000000000041615429,7748904,2019-06-21 13:44:53,btc,0.9533711739851,40631.5368,0.000000421,btc,38626.0265,0.0243680895472,0.006667734418,264
0,[],22,[],2019-04-12 17:57:27,0.0,0,0,7278186,2019-04-12 17:57:27,,66.37522201,0.0,0,,677842.4169881374,0.0,0.0,271
0,[],22,[],2019-06-21 13:44:56,0.0,0,0,7748905,2019-06-21 13:44:56,,33050469.74148113,0.0,0,,14261527780.7,0.0,0.0,272
0,[],28,[],2019-06-21 13:44:57,0.0,0,0,7748906,2019-06-21 13:44:57,,0.0,0.0,0,,0.0,0.0,0.0,272
1,[],22,[],2019-05-23 07:12:29,219930.0,0.00000004,0.000000000003048688,7671985,2019-05-23 07:12:29,BTC,426.77835217,0.0,0.00000004,BTC,248664.3325962929,0.0,0.00739728,281
1,[],22,[],2019-06-21 13:45:04,43076.1,0.00000002,0.00000000000197698,7748907,2019-06-21 13:45:04,BTC,2.67867943,0.0,0.00000002,"BTC,LTC",1069550.9093393278,0.00041378,0.00511264,286
0,[],22,[],2019-06-17 14:34:53,0.0,0,0,7740207,2019-06-17 14:34:53,,7337915.80475575,0.0,0,,2078527309.6797826,0.0,0.0,294
