pairValue,buyBook,exchangeId,sellBook,updated,buyTotal,satoshiPrice,usdPrice,exchangeLogId,created,bestPair,sellTotalBtc,volume,pairPrice,activePairs,sellTotal,volumeBtc,buyTotalBtc,coinId
1,[],10,[],2019-07-13 08:58:05,251434.9725798,0.00271069,0.00000031407274150500003,7812232,2019-07-13 08:58:05,btc,6515.317158446701,1686.04548878,0.00271069,btc,2002.66956917,0.0,1.2639712180673435,1
1,[],3,[],2019-08-14 02:14:14,31392.496552589317,0.007860920000000000407158751158931409008800983428955078125,0.000000831230188732,7895223,2019-08-14 02:14:14,btc,11.18509839210311,9.5173642968,0.007860920000000000407158751158931409008800983428955078125,btc,35.290820201011,0.0,0.24395994480651936,1
1,[],4,[],2019-08-14 02:14:15,25290.38656113,0.00779781,0.0000008245568048009999,7895224,2019-08-14 02:14:15,btc,9.309008427438803,0.0,0.00779781,btc,568.18952757,1.04994099,0.5972486376169467,1
1,[],12,[],2019-08-14 02:14:19,100.67579826000001,0.00787000000000000025923707624997405218891799449920654296875,0.000000832190327,7895225,2019-08-14 02:14:19,btc,0.328879515855,0.0,0.00787000000000000025923707624997405218891799449920654296875,btc,32.61006099,0.738139501054,0.18706842494210002,1
1,[],20,[],2019-08-14 02:14:21,932.3274,0.00801168,0.000000847171867728,7895226,2019-08-14 02:14:21,btc,0.2215157633594,0.4175,0.00801168,btc,18.5097,0.003502256509,0.1284231512034,1
1,[],21,[],2019-08-14 02:14:22,2403.72219248,0.007915290000000000172897252071,0.000000836979386709,7895227,2019-08-14 02:14:22,btc,9.330347849978317,1334.3394402200001,0.00791529000000000017289725207092487835325300693511962890625,"btc,eth",1791.58189833,9.4150846618562,14.742349561042742,1
1,[],22,[],2019-08-14 02:14:26,0.5199,0.00600000,0.0000006344525999999999,7895228,2019-08-14 02:14:26,BTC,0.01699254,0.0,0.00600000,BTC,0.2826888148077546,0.0,0.00302189,1
1,[],24,[],2019-08-14 02:14:26,0.0,0.000000000000,0,7895229,2019-08-14 02:14:26,btc,0.0,0.0,0.000000000000,btc,0.0,0.0,0.0,1
0.0,[],25,[],2019-08-14 02:14:27,0.0,0,0,7895230,2019-08-14 02:14:27,btc,8.977099999245459,2988.5430144,0.0,btc,1065.52465147,23.875,0.0,1
1,[],26,[],2019-08-14 02:14:31,0.0,0,0,7895231,2019-08-14 02:14:31,,0.0,0.0,0,,0.0,0.0,0.0,1
1,[],28,[],2019-08-14 02:15:07,1040.4,0.008020000000,0.0000008480516419999999,7895232,2019-08-14 02:15:07,btc,0.370208426,2710.089955,0.008020000000,btc,22.4764,0.0,0.274306096,1
1,[],5,[],2019-07-06 00:27:44,0.0,0,0,7800775,2019-07-06 00:27:44,btc,0.0,0.00190933,0,btc,0.0,0.0,0.0,1
0,[],2,[],2019-01-20 23:28:45,0.0,0,0,6477011,2019-01-20 23:28:45,,0.0,0.0,0,,0.0,0.0,0.0,1
0,[],22,[],2019-08-14 01:48:42,0.0,0,0,7895147,2019-08-14 01:48:42,,0.0,0.0,0,,0.0,0.0,0.0,2
1,[],5,[],2019-07-06 00:28:14,0.0,0,0,7800785,2019-07-06 00:28:14,btc,0.0,0.00208797,0,btc,0.0,0.0,0.0,2
1,[],5,[],2019-06-03 14:48:58,0.0,0,0,7731126,2019-06-03 14:48:58,btc,0.0,0.05905545,0,btc,0.0,0.0,0.0,3
1,[],12,[],2019-08-13 17:25:04,4632818.94540633,0.000000061,0.0000000000066360924000000004,7894259,2019-08-13 17:25:04,btc,42974.56150254562,0.0,0.000000061,btc,9397625.94546945,0.045168638127,0.18004979431303866,3
0,[],28,[],2019-08-13 17:25:06,0.0,0,0,7894260,2019-08-13 17:25:06,,0.0,0.0,0,,0.0,0.0,0.0,3
0,[],2,[],2019-01-20 23:31:32,0.0,0,0,6477077,2019-01-20 23:31:32,,0.0,0.0,0,,0.0,0.0,0.0,4
1,[],4,[],2019-07-23 19:39:19,5194762.69889617,0.00000005,0.00000000000508272,7830176,2019-07-23 19:39:19,btc,51.370046856622295,0.0,0.00000005,btc,1310172.08039262,0.0,0.0608782288383904,4
0,[],2,[],2019-01-20 23:31:51,0.0,0,0,6477087,2019-01-20 23:31:51,,0.0,0.0,0,,0.0,0.0,0.0,6
1,[],11,[],2019-08-12 15:08:45,87302.0,0.00000001,0.000000000001135941,7891621,2019-08-12 15:08:45,btc,9583.469746979361,4910218.0,0.00000001,btc,78273068.50750598,0.0,0.0008730200000000001,6
1,[],3,[],2019-08-14 02:15:08,11615.405097130893,0.000060439999999999997307327526119280491911922581493854522705078125,0.000000006391052524,7895233,2019-08-14 02:15:08,btc,2027.9075700351586,0.0877339903968,0.000060439999999999997307327526119280491911922581493854522705078125,btc,563.784059619976,0.0,0.025737534918505865,7
1,[],4,[],2019-08-14 02:15:08,62264.95562039,0.00008594,0.000000009087476074,7895234,2019-08-14 02:15:08,btc,13.719790398554153,0.0,0.00008594,btc,82034.3619474,0.37961117,2.4472523783283116,7
1,[],5,[],2019-07-06 00:28:21,0.0,0,0,7800789,2019-07-06 00:28:21,btc,0.0,0.38662001,0,btc,0.0,0.0,0.0,7
1,[],5,[],2019-07-05 17:50:59,0.0,0,0,7799863,2019-07-05 17:50:59,btc,0.0,0.04857279,0,btc,0.0,0.0,0.0,12
0,[],2,[],2019-01-20 23:23:08,0.0,0,0,6476890,2019-01-20 23:23:08,,0.0,0.0,0,,0.0,0.0,0.0,12
1,[],4,[],2019-08-14 02:15:09,25213890.43608674,0.00000023,0.000000000024320683,7895235,2019-08-14 02:15:09,btc,6.018650020091799,0.0,0.00000023,btc,10249542.20999772,0.17919288,1.996668804480938,12
0.0,[],25,[],2019-08-14 02:15:12,0.0,0,0,7895236,2019-08-14 02:15:12,,0.0,0.0,0.0,btc,0.0,0.0,0.0,12
1,[],4,[],2019-08-14 02:15:13,748760.3069242,0.00000151,0.000000000159670571,7895237,2019-08-14 02:15:13,btc,3.656366136032625,0.0,0.00000151,btc,905586.0897261,0.04663508,0.3520584702738176,13
1,[],10,[],2019-08-14 02:15:15,678050.12328004,0.00000157,0.000000000166015097,7895238,2019-08-14 02:15:15,btc,666797.2202142078,15924.7540659,0.00000157,btc,1006291.21032098,0.0,0.1293940159341258,13
1,[],21,[],2019-08-14 02:15:18,6715236.51616459,0.000001509999999999999942257560698,0.00000000015967057099999998,7895239,2019-08-14 02:15:18,btc,4.561800179335158,226514.12562468,0.0000015099999999999999422575606977670048536310787312686443328857421875,btc,1891922.62832593,0.35462327,2.966963866429515,13
1,[],4,[],2019-08-14 02:15:18,1260336.81602464,0.00000078,0.000000000082478838,7895240,2019-08-14 02:15:18,btc,2.8961505149515103,0.0,0.00000078,btc,851150.62337106,0.1038907,0.2082710832235903,14
1,[],12,[],2019-08-14 02:15:19,259550.04242864,0.00000081,0.00000000008565110099999999,7895241,2019-08-14 02:15:19,btc,651.9842275652211,0.0,0.00000081,btc,32461.28919967,0.001449806593,0.0405799259999744,14
1,[],26,[],2019-08-14 02:17:19,0.0,0,0,7895242,2019-08-14 02:17:19,,0.0,0.0,0,,0.0,0.0,0.0,14
0,[],17,[],2019-05-03 00:53:32,0.0,0,0,7558876,2019-05-03 00:53:32,btc,0.0,0.0,0,btc,0.0,0.0,0.0,14
,[],12,[],2018-12-01 15:15:48,204241.84496,0.00000489,0.000000000202473384,5260204,2018-12-01 15:15:48,btc,49.5475654835,0.0,,btc,35763.2193806,0.0163153972027625,0.0203389899998,15
0,[],4,[],2019-08-14 02:17:20,0.0,0,0,7895243,2019-08-14 02:17:20,,0.0,0.0,0,,0.0,0.0,0.0,15
0,[],2,[],2019-01-20 23:23:38,0.0,0,0,6476906,2019-01-20 23:23:38,,0.0,0.0,0,,0.0,0.0,0.0,18
1,[],4,[],2019-08-14 01:50:59,35988.11420798,0.00000702,0.000000000745319016,7895158,2019-08-14 01:50:59,btc,2.4789667908002846,0.0,0.00000702,btc,29522.74396464,0.01097176,0.0519540672463287,18
1,[],10,[],2019-08-14 01:51:01,409483.0392352,0.00000671,0.000000000712406068,7895159,2019-08-14 01:51:01,btc,15.240046492702591,2726.57201718,0.00000671,btc,27228.7226369,0.0,0.2748277191020589,18
1,[],12,[],2019-08-14 01:51:03,4383.6556755,0.0000067700000000000004030348103867265052713264594785869121551513671875,0.000000000718776316,7895160,2019-08-14 01:51:03,btc,0.5687824703101815,0.0,0.0000067700000000000004030348103867265052713264594785869121551513671875,btc,2267.0212645,0.000770893989,0.0083924371604168,18
0,[],17,[],2019-05-03 00:53:39,0.0,0,0,7558882,2019-05-03 00:53:39,btc,0.0,0.0,0,btc,0.0,0.0,0.0,18
0,[],27,[],2019-08-12 16:48:42,0.0,0,0,7891818,2019-08-12 16:48:42,,0.0,0.0,0,btc,0.0,0.0,0.0,19
0,[],2,[],2019-01-20 23:24:19,0.0,0,0,6476924,2019-01-20 23:24:19,,0.0,0.0,0,,0.0,0.0,0.0,19
1,[],3,[],2019-08-14 02:17:21,222322.18115585274,0.000005460000000000000239968635240561667387737543322145938873291015625,0.000000000577351866,7895244,2019-08-14 02:17:21,btc,190.7664508768698,4451.30469893,0.000005460000000000000239968635240561667387737543322145938873291015625,btc,43994.17248958486,0.0,0.39523988020508694,19
1,[],4,[],2019-08-14 02:17:22,616319.8361289,0.00000607,0.000000000641854547,7895245,2019-08-14 02:17:22,btc,3.5791221463498752,0.0,0.00000607,btc,275693.1547666,0.24207735,1.8279233813753928,19
1,[],12,[],2019-08-14 02:17:23,128439.10146863,0.00000795000000000000011670352184633969727656221948564052581787109375,0.000000000840649695,7895246,2019-08-14 02:17:23,btc,0.9338843528617115,0.0,0.00000795000000000000011670352184633969727656221948564052581787109375,btc,2900.77160987,0.00026703887,0.016334839020765102,19
1,[],5,[],2019-07-06 02:01:19,0.0,0,0,7800799,2019-07-06 02:01:19,btc,0.0,0.0,0,btc,0.0,0.0,0.0,19
1,[],4,[],2019-08-14 01:53:06,10493174.0308547,0.00000008,0.000000000008493664,7895164,2019-08-14 01:53:06,btc,4.979668127578816,0.0,0.00000008,btc,2243618.90428521,0.00202533,0.1284203319492285,20
0,[],4,[],2019-08-14 01:53:09,0.0,0,0,7895165,2019-08-14 01:53:09,,49590.485991502464,0.0,0,,172551072.97814378,0.0,0.0,21
0,[],12,[],2019-08-14 01:53:10,0.0,0,0,7895166,2019-08-14 01:53:10,btc,2617.9708847606194,0.0,0,btc,8613502.86013984,0.0,0.0,21
0,[],17,[],2019-05-03 00:53:51,0.0,0,0,7558891,2019-05-03 00:53:51,btc,0.0,0.0,0,btc,0.0,0.0,0.0,21
0.0000000002204393,[],27,[],2019-07-29 17:24:02,79794022.5,8.5971327e-17,8.21370058158e-21,7852364,2019-07-29 17:24:02,eth,1253.5830452782222,787155.0,0.00000039,eth,2317982.66147653,6.7672759904685e-11,2.1948587434632156e-09,23
1,[],12,[],2019-08-14 01:55:11,4371664748.232668,0.000000003,0.0000000000003185124,7895167,2019-08-14 01:55:11,btc,168400687774.6902,0.0,0.000000003,btc,1755732919.9689882,1.563444089999,3.1915228768664687,23
1,[],4,[],2019-08-14 01:55:12,6171679.38616611,0.00000038,0.000000000040344904,7895168,2019-08-14 01:55:12,btc,9.498242371434124,0.0,0.00000038,btc,2042984.80721181,0.09902314,0.1981617720992265,24
0,[],22,[],2019-08-14 01:55:15,0.0,0,0,7895169,2019-08-14 01:55:15,,0.0,0.0,0,,0.0,0.0,0.0,24
0.0,[],25,[],2019-08-14 01:55:18,0.0,0,0,7895170,2019-08-14 01:55:18,,0.0,0.0,0.0,btc,0.0,0.0,0.0,24
1,[],4,[],2019-08-14 01:55:19,26955145.77443819,0.00000354,0.000000000375844632,7895171,2019-08-14 01:55:19,btc,107.03800751442786,0.0,0.00000354,btc,1057871.06773997,0.05822553,0.4357654814107234,26
1,[],10,[],2019-08-14 01:55:20,233437.03707869,0.0000038,0.00000000040344904,7895172,2019-08-14 01:55:20,btc,25.764895173768675,7889.04275143,0.0000038,btc,18517.81486851,0.0,0.0539899421891847,26
0,[],2,[],2019-01-20 23:25:56,0.0,0,0,6476976,2019-01-20 23:25:56,,0.0,0.0,0,,0.0,0.0,0.0,26
0.0000000000798938,[],4,[],2019-08-14 01:55:21,797423882.2935992,5.592566000000001e-17,5.937672062728001e-21,7895173,2019-08-14 01:55:21,ltc,12.339884743644902,0.0,0.0000007,ltc,1001376451.8183887,0.00243126,6.362286386956476e-09,29
1,[],7,[],2019-08-14 01:55:22,0.0,0,0,7895174,2019-08-14 01:55:22,btc,1236881.0048440725,0.0,0,btc,60353678.72853072,0.0,0.0,29
1,[],4,[],2019-08-14 01:55:23,15128274.15261312,0.00000009,0.000000000009555372,7895175,2019-08-14 01:55:23,btc,2.624562505591529,0.0,0.00000009,btc,2023839.91412313,0.00113312,0.1794150138597232,30
0,[],17,[],2019-05-03 01:11:25,0.0,0,0,7559066,2019-05-03 01:11:25,btc,0.0,0.0,0,btc,0.0,0.0,0.0,30
1,[],4,[],2019-08-14 01:57:24,211106.08459174,0.00003005,0.00000000319043254,7895176,2019-08-14 01:57:24,btc,2.610104086356126,0.0,0.00003005,btc,50052.88385246,0.24868374,0.4383472997397246,31
1,[],21,[],2019-08-14 01:57:25,66222.45408062,0.00003201000000000000015026174749,0.000000003398527308,7895177,2019-08-14 01:57:25,btc,6.220078771697554,36423.84636201,0.000032010000000000000150261747489111030517960898578166961669921875,btc,142083.43968296,1.12837016,1.78407414283258,31
0,[],2,[],2019-01-20 23:28:43,0.0,0,0,6477009,2019-01-20 23:28:43,,0.0,0.0,0,,0.0,0.0,0.0,32
0,[],4,[],2019-08-14 01:57:26,0.0,0,0,7895178,2019-08-14 01:57:26,,0.0,0.0,0,,0.0,0.0,0.0,33
1,[],12,[],2019-03-30 07:55:10,40641173.964,0.00000003,0.000000000001228359,7108785,2019-03-30 07:55:10,btc,4233210.82356125,0.0,0.00000003,btc,28378394.68333462,0.0126927883965248,0.90752895892,33
0.0000000000798938,[],4,[],2019-08-14 01:57:27,39457815.66005918,3.8349024000000005e-17,4.0715465572992e-21,7895179,2019-08-14 01:57:27,ltc,6.025204334398193,0.0,0.00000048,ltc,160199633.6484007,0.0,2.8071636001381335e-10,34
1,[],5,[],2019-07-06 02:03:46,0.0,0,0,7800811,2019-07-06 02:03:46,btc,0.0,0.0,0,btc,0.0,0.0,0.0,34
1,[],27,[],2019-08-12 16:26:17,6255.0,0.00000019,0.000000000021630303,7891745,2019-08-12 16:26:17,btc,22.61101824371233,0.0,0.00000019,btc,4198.924835,0.0,0.00091445,37
1,[],4,[],2019-08-14 01:57:28,10855230.77706009,0.00000016,0.000000000016987328,7895180,2019-08-14 01:57:28,btc,19777.344718969245,0.0,0.00000016,btc,2384431.18019273,0.01094526,0.1851313930653725,37
1,[],12,[],2019-08-14 01:57:29,8691711.7156177,0.00000016,0.000000000016987328,7895181,2019-08-14 01:57:29,btc,1718.2432939740038,0.0,0.00000016,btc,2063255.45969197,0.025680041167,0.286352719999998,37
1,[],17,[],2019-05-03 01:11:36,211752.74075282,0.00000025,0.000000000013700074999999998,7559074,2019-05-03 01:11:36,btc,0.055484923955058496,0.0,0.00000025,"btc,eth",1387.19918473,0.0,0.0005381851887916605,37
0,[],27,[],2019-08-12 16:26:27,0.0,0,0,7891747,2019-08-12 16:26:27,,0.001005,0.0,0,"btc,eth",3.0,0.0,0.0,42
1,[],12,[],2019-08-14 01:59:30,220943.56563449,0.000001219999999999999965968520108938744073157067759893834590911865234375,0.000000000129528376,7895182,2019-08-14 01:59:30,btc,559.2147741693205,0.0,0.000001219999999999999965968520108938744073157067759893834590911865234375,btc,169218.68426962,0.013823616577,0.0598739391659584,42
1,[],5,[],2019-07-06 02:03:47,0.0,0,0,7800812,2019-07-06 02:03:47,btc,0.0,0.14382058,0,btc,0.0,0.0,0.0,42
1,[],12,[],2019-03-13 09:13:29,1112112.0,0.00000001,0.000000000000386531,6919902,2019-03-13 09:13:29,btc,29058.00478931866,0.0,0.00000001,btc,5967681.93306694,9.99000999e-07,0.01112112,43
1,[],5,[],2019-04-26 22:38:52,0.0,0,0,7474154,2019-04-26 22:38:52,btc,0.0,0.02638891,0,btc,0.0,0.0,0.0,43
0,[],17,[],2019-04-26 22:38:53,0.0,0,0,7474155,2019-04-26 22:38:53,btc,0.0,0.0,0,btc,0.0,0.0,0.0,43
0.0000000000798938,[],4,[],2019-08-14 01:59:31,107390799.26752406,7.110548200000001e-17,7.549325908325601e-21,7895183,2019-08-14 01:59:31,ltc,2096.2804401337735,0.0,0.00000089,ltc,24904325.46510845,0.0,4.3442875081807313e-10,49
0.0000000000761789,[],4,[],2019-08-12 15:19:45,92949563.32000165,1.9044725e-17,2.1633683961225003e-21,7891657,2019-08-12 15:19:45,ltc,31227.10836365824,0.0,0.00000025,ltc,232133860.71048552,0.0,4.884581044515765e-10,52
0,[],27,[],2019-08-12 16:26:37,0.0,0,0,7891750,2019-08-12 16:26:37,,0.0,0.0,0,"btc,eth",0.0,0.0,0.0,57
0,[],22,[],2019-08-14 01:59:34,0.0,0,0,7895184,2019-08-14 01:59:34,,10290.02779686,0.0,0,,282696231.3316013,0.0,0.0,57
0.0000000000798938,[],4,[],2019-08-14 01:59:34,506618302.712,7.989380000000001e-19,8.482388661040001e-23,7895185,2019-08-14 01:59:34,ltc,19.787579295797702,0.0,0.00000001,ltc,5452414329.34947,0.00011055,4.047566135321199e-10,58
1,[],12,[],2019-08-14 01:59:35,1700202978.2145119,0.0000000001,0.00000000000001061708,7895186,2019-08-14 01:59:35,btc,52808302.61020317,0.0,0.0000000001,btc,4676282628.929107,0.004021967341,0.1700202978214512,58
0.0000000000790504,[],22,[],2019-08-14 02:01:39,126877.0,7.90504e-19,8.39284420832e-23,7895187,2019-08-14 02:01:39,XMR,68.17454206,0.0,0.00000001,XMR,9626402.6,0.0,0.00126877,58
1,[],17,[],2019-05-03 01:12:09,1200000.0,0.0000000001,0.00000000000000548003,7559085,2019-05-03 01:12:09,btc,1e+24,0.0,0.0000000001,"btc,eth",39516342.31952568,0.0,0.00010000000058666061,58
0,[],27,[],2019-07-29 19:34:56,0.0,0,0,7852673,2019-07-29 19:34:56,,1.97314195,0.0,0,"btc,eth",10936.9,0.0,0.0,61
1,[],22,[],2019-08-14 02:01:46,336.0,0.00000001,0.000000000001061708,7895188,2019-08-14 02:01:46,BTC,1000.95210512,0.0,0.00000001,BTC,9262.814066014545,0.0,3.36e-06,61
1,[],26,[],2019-08-14 02:01:46,0.0,0,0,7895189,2019-08-14 02:01:46,,0.0,0.0,0,,0.0,0.0,0.0,61
1,[],28,[],2019-08-14 02:02:13,40000.0,0.00000004,0.000000000004246832,7895190,2019-08-14 02:02:13,btc,0.242343945415105,445.0,0.00000004,btc,8016.46650005,0.0,0.001,61
1,[],5,[],2019-06-17 14:31:27,0.0,0,0,7740135,2019-06-17 14:31:27,btc,0.0,0.00079154,0,btc,0.0,0.0,0.0,61
1,[],4,[],2019-08-13 16:58:35,1883114.45433125,0.00000085,0.00000000009277520499999999,7894193,2019-08-13 16:58:35,btc,3.3470068670635973,0.0,0.00000085,btc,1246084.71186987,0.12608114,0.885388009837053,67
0.0,[],25,[],2019-08-13 16:58:40,0.0,0,0,7894194,2019-08-13 16:58:40,,0.0,0.0,0.0,btc,0.0,0.0,0.0,67
1,[],12,[],2019-06-02 06:23:14,910048.355,0.00000006,0.000000000005154929999999999,7725270,2019-06-02 06:23:14,btc,5.167005424215783,0.0,0.00000006,btc,738530.60239759,0.003159757462,0.0187188113,71
,[],5,[],2018-11-20 23:02:39,1.5e-07,0.00000005,0.000000000002128045,4862160,2018-11-20 23:02:39,btc,2.84511358,0.0,,btc,0.00036572,0.0,0.07381892,74
1,[],5,[],2019-07-06 00:15:01,0.0,0,0,7800749,2019-07-06 00:15:01,btc,0.0,0.01883861,0,btc,0.0,0.0,0.0,75
1,[],4,[],2019-08-14 02:02:16,201949.42199552,0.00006443,0.000000006840584644,7895191,2019-08-14 02:02:16,btc,57.83581052226686,0.0,0.00006443,btc,125297.11900982,0.8019036,0.6533866255229533,82
1,[],21,[],2019-08-14 02:02:18,808094.09026028,0.00005766000000000000020716067750,0.000000006121808328,7895192,2019-08-14 02:02:18,btc,5.196008253341697,6533.8015747,0.000057660000000000000207160677501150303214672021567821502685546875,btc,68640.25599302,0.38497314,1.2164468880047388,82
0,[],4,[],2019-07-23 20:51:52,0.0,0,0,7830376,2019-07-23 20:51:52,,1.6413985531662756,0.0,0,,620289065.5915176,0.0,0.0,85
,[],22,[],2018-11-20 23:09:34,3408.1,0.0000001,0.0000000000041895,4862324,2018-11-20 23:09:34,BTC,0.04624735,0.0,,BTC,4990.0,0.0,0.00033081,86
1,[],27,[],2019-08-06 12:06:36,100155.0,0.00000003,0.000000000003516594,7875448,2019-08-06 12:06:36,btc,7.177196150774,345.0,0.00000003,btc,287406.89336,1.035e-05,0.00300465,87
1,[],22,[],2019-08-14 00:42:19,185880.0,0.00000002,0.00000000000216652,7895024,2019-08-14 00:42:19,BTC,1.81986075,0.0,0.00000002,BTC,756375.347368421,0.0,0.00186702,87
,[],2,[],2018-11-20 23:10:47,0.0,0,0,4862359,2018-11-20 23:10:47,,0.0,0.0,,,0.0,0.0,0.0,88
0,[],2,[],2019-01-20 23:31:45,0.0,0,0,6477083,2019-01-20 23:31:45,,0.0,0.0,0,,0.0,0.0,0.0,91
1,[],12,[],2019-07-29 19:37:20,363887.60323923,0.0000004,0.0000000000380056,7852681,2019-07-29 19:37:20,btc,434.49795557380435,0.0,0.0000004,btc,256704.51785259,0.005208319156,0.022326455808262,91
1,[],22,[],2019-07-29 19:39:29,50200.0,0.00000002,0.00000000000190028,7852682,2019-07-29 19:39:29,BTC,1.05335,0.0,0.00000002,"BTC,LTC",1839.95,1.836e-05,0.001804,91
0,[],17,[],2019-05-03 01:12:26,0.0,0,0,7559096,2019-05-03 01:12:26,btc,0.0,0.0,0,btc,0.0,0.0,0.0,91
0.0000000000798938,[],4,[],2019-08-14 02:02:18,555150706.1625236,1.1984070000000002e-17,1.2723582991560002e-21,7895193,2019-08-14 02:02:18,ltc,11.470885564094832,0.0,0.00000015,ltc,200294411.58821368,0.0,6.397804324216288e-10,96
0,[],12,[],2019-08-14 02:02:20,0.0,0,0,7895194,2019-08-14 02:02:20,btc,47.489492395634365,0.0,0,btc,13200201.563436551,0.0,0.0,96
0,[],17,[],2019-05-03 01:12:32,0.0,0,0,7559100,2019-05-03 01:12:32,btc,0.0,0.0,0,btc,0.0,0.0,0.0,96
0,[],2,[],2019-01-20 23:23:55,0.0,0,0,6476914,2019-01-20 23:23:55,,0.0,0.0,0,,0.0,0.0,0.0,100
1,[],4,[],2019-08-14 02:04:20,147129.37962656,0.00001487,0.000000001578759796,7895195,2019-08-14 02:04:20,btc,8.444543916915713,0.0,0.00001487,btc,185051.76239389,0.57826363,0.7252180528794974,100
1,[],22,[],2019-08-14 02:04:24,146000.0,0.00000002,0.000000000002123416,7895196,2019-08-14 02:04:24,BTC,26.50623849,0.0,0.00000002,BTC,10383.92,0.0,0.00162,101
1,[],27,[],2019-08-12 16:30:59,2050161.9,0.00000005,0.0000000000056921850000000005,7891762,2019-08-12 16:30:59,btc,261.32824567561846,0.0,0.00000005,btc,285690.80442935,0.0,0.060251537,105
1,[],12,[],2019-08-12 17:29:15,82119504.0,0.000000003,0.0000000000003422832,7891868,2019-08-12 17:29:15,btc,342090.02371141105,0.0,0.000000003,btc,116064332.02353828,0.003174081412,0.11150923900000001,105
1,[],27,[],2019-08-12 16:31:06,1.0,0.00000001,0.000000000001138437,7891764,2019-08-12 16:31:06,btc,0.0,0.0,0.00000001,"btc,eth",0.0,0.0,1e-08,112
0,[],22,[],2019-08-14 02:04:27,0.0,0,0,7895197,2019-08-14 02:04:27,,6.79500102,0.0,0,,3375892.0833333335,0.0,0.0,112
1,[],5,[],2019-07-06 00:19:31,0.0,0,0,7800761,2019-07-06 00:19:31,btc,0.0,0.0,0,btc,0.0,0.0,0.0,112
1,[],4,[],2019-08-14 02:04:28,688984.29170245,0.00000069,0.000000000073257852,7895198,2019-08-14 02:04:28,btc,5.6382796422864425,0.0,0.00000069,btc,1509116.60127055,0.16917987,0.2529522778670681,113
1,[],5,[],2019-07-06 00:19:43,0.0,0,0,7800765,2019-07-06 00:19:43,btc,0.0,0.0,0,btc,0.0,0.0,0.0,113
1,[],17,[],2019-04-26 02:17:47,162738.278,0.00000004,0.0000000000021069000000000002,7461287,2019-04-26 02:17:47,btc,1.3331140273775473,0.0,0.00000004,btc,51796.221,0.0,0.00230953112,116
1,[],27,[],2019-08-02 18:48:59,95525.16595526,0.00000001,0.000000000001045936,7866367,2019-08-02 18:48:59,btc,3918.96487209,0.0,0.00000001,btc,88497.69,0.0,0.0009552516595526,116
1,[],4,[],2019-07-18 16:30:54,1315571.55655546,0.00000231,0.000000000240609138,7830151,2019-07-18 16:30:54,btc,97.45214423295644,0.0,0.00000231,btc,453338.25653217,0.02253203,0.1939949889478389,120
1,[],7,[],2019-07-18 16:30:55,3748.91566159,0.0000075000000000000001900064307280846520598061033524572849273681640625,0.0000000007811985,7830152,2019-07-18 16:30:55,btc,231231.56046533308,193.90926286,0.0000075000000000000001900064307280846520598061033524572849273681640625,btc,4437.92755754,0.00147798,0.008882383768671,120
1,[],4,[],2019-08-14 02:06:29,943964.30640884,0.00000275,0.0000000002919697,7895199,2019-08-14 02:06:29,btc,2.6320043011195016,0.0,0.00000275,btc,352824.12226421,0.02577439,0.2316621182654236,131
0,[],2,[],2019-01-20 23:25:46,0.0,0,0,6476969,2019-01-20 23:25:46,,0.0,0.0,0,,0.0,0.0,0.0,131
1,[],17,[],2019-05-03 01:13:10,10000.0,0.00000001,0.000000000000548003,7559115,2019-05-03 01:13:10,btc,0.0953976503951408,0.0,0.00000001,btc,5037.62507334,0.0,0.0001,131
1,[],4,[],2019-08-14 02:08:30,8561.36337611,0.00004948,0.000000005253331184,7895200,2019-08-14 02:08:30,btc,0.2922407166502206,0.0,0.00004948,btc,234.13941042,0.0,0.0032605453585983,135
1,[],3,[],2019-07-13 16:51:20,187.26592867,0.00000001,0.000000000001140965,7813490,2019-07-13 16:51:20,btc,419.77407087449336,1935513.62324,0.00000001,btc,3179086.72005867,0.0,1.8726592866999999e-06,136
1,[],4,[],2019-08-14 02:08:31,829655.83858326,0.00000412,0.000000000437423696,7895201,2019-08-14 02:08:31,btc,23.553389699555716,0.0,0.00000412,btc,496759.93163941,0.14234875,1.773479019692942,137
1,[],12,[],2019-08-14 02:08:33,211002.5158625,0.00000368999999999999982243262079684154031156140263192355632781982421875,0.000000000391770252,7895202,2019-08-14 02:08:33,btc,39.90066494028035,0.0,0.00000368999999999999982243262079684154031156140263192355632781982421875,btc,56322.37366212,0.005414305671,0.0339757772104526,137
1,[],4,[],2019-08-14 02:08:33,1307176.54319449,0.00003850,0.0000000040875758,7895203,2019-08-14 02:08:33,btc,20.045764086555828,0.0,0.00003850,btc,136935.91177262,1.07213909,2.19753227748046,142
1,[],20,[],2019-08-14 02:10:35,110267.8797,0.000035691,0.0000000037893420228,7895204,2019-08-14 02:10:35,btc,1.2798203594159,0.0,0.000035691,btc,3123.3106,0.0,0.0207119068257,142
1,[],22,[],2019-08-14 02:10:38,10619.88,0.00000200,0.0000000002123416,7895205,2019-08-14 02:10:38,BTC,1.55898515,0.0,0.00000200,BTC,835.8398331062671,0.0,0.00416696,142
0.0,[],25,[],2019-08-14 02:10:41,0.0,0,0,7895206,2019-08-14 02:10:41,,0.0,0.0,0.0,btc,0.0,0.0,0.0,142
1,[],28,[],2019-08-14 02:11:00,10093636.0,0.000035010000,0.000000003717039708,7895207,2019-08-14 02:11:00,btc,0.51474502,2872.0,0.000035010000,btc,2808.485,0.0,1.39650526,142
1,[],17,[],2019-05-03 01:13:16,32967.38636364,0.00000088,0.000000000048224264,7559122,2019-05-03 01:13:16,btc,20.06976206696776,0.0,0.00000088,btc,2746.079105,0.0,0.0105613000000032,142
1,[],5,[],2019-07-06 02:06:10,0.0,0,0,7800822,2019-07-06 02:06:10,btc,0.0,0.00140707,0,btc,0.0,0.0,0.0,142
0,[],22,[],2019-08-14 02:11:02,0.0,0,0,7895208,2019-08-14 02:11:02,,68.14027224,0.0,0,,718000153.5744588,0.0,0.0,143
0,[],22,[],2019-02-25 15:42:22,0.0,0,0,6783783,2019-02-25 15:42:22,,4.2131946,0.0,0,,2322156.0,0.0,0.0,146
,[],22,[],2018-11-20 23:01:11,0.0,0,0,4862114,2018-11-20 23:01:11,,2.56807021,0.0,,,61828.4988236,0.0,0.0,147
1,[],12,[],2019-04-21 06:38:04,193091.5971266,0.00000071,0.000000000037635183,7388679,2019-04-21 06:38:04,btc,2.301232411611175,0.0,0.00000071,btc,9957.48302385,0.00023528,0.0313308199999888,148
1,[],5,[],2019-04-26 09:36:59,0.0,0,0,7465040,2019-04-26 09:36:59,btc,0.0,0.0,0,btc,0.0,0.0,0.0,153
0,[],23,[],2019-01-20 23:24:29,0.0,0,0,6476932,2019-01-20 23:24:29,,0.0,0.0,0,,0.0,0.0,0.0,156
0,[],22,[],2019-08-14 02:11:06,0.0,0,0,7895209,2019-08-14 02:11:06,,6.78813965,0.0,0,,4560228.592592592,0.0,0.0,156
1,[],22,[],2019-08-03 17:00:24,6996.0,0.00000001,0.000000000001078598,7868327,2019-08-03 17:00:24,BTC,1.7543039,0.0,0.00000001,BTC,57.0,0.0,6.996e-05,157
0,[],22,[],2019-07-23 20:07:56,0.0,0,0,7830260,2019-07-23 20:07:56,,50234.60468402,0.0,0,,54786159.03179465,0.0,0.0,158
,[],17,[],2018-11-20 22:56:10,0.0,0,0,4861976,2018-11-20 22:56:10,btc,1.1265625,0.0,,btc,1000.0,0.0,0.0,159
,[],20,[],2018-11-20 22:56:12,0.0,0,0,4861977,2018-11-20 22:56:12,btc,11912.7940471,0.0,,btc,34413894.3617,0.0,0.0,159
1,[],22,[],2019-08-14 02:11:10,59089.0,0.00000001,0.000000000001061708,7895210,2019-08-14 02:11:10,BTC,12.83788783,0.0,0.00000001,"BTC,LTC",191998.34947371835,2e-07,0.00101089,171
1,[],22,[],2019-07-30 10:12:34,339113.0,0.00000001,0.00000000000094793,7854865,2019-07-30 10:12:34,BTC,21.25940355,0.0,0.00000001,"BTC,LTC",1435750.3536050986,0.00010646,0.01335315,173
1,[],5,[],2019-07-06 02:08:45,0.0,0,0,7800830,2019-07-06 02:08:45,btc,0.0,0.00700197,0,btc,0.0,0.0,0.0,175
1,[],22,[],2019-07-25 12:34:58,8535.0,0.00000001,0.000000000001008706,7836984,2019-07-25 12:34:58,BTC,393.97654772,0.0,0.00000001,BTC,136275.61833431243,1.465e-05,8.535e-05,176
1,[],7,[],2019-07-01 10:15:32,0.0,0,0,7783526,2019-07-01 10:15:32,btc,521516.2326888725,0.0,0,btc,26809253.73522063,0.0,0.0,178
0,[],22,[],2019-08-14 02:11:14,0.0,0,0,7895211,2019-08-14 02:11:14,,1.00255534,0.0,0,,112828.0,0.0,0.0,178
0,[],2,[],2019-01-20 23:28:34,0.0,0,0,6477001,2019-01-20 23:28:34,,0.0,0.0,0,,0.0,0.0,0.0,178
1,[],5,[],2019-07-06 02:08:50,0.0,0,0,7800832,2019-07-06 02:08:50,btc,0.0,6.904e-05,0,btc,0.0,0.0,0.0,179
0,[],23,[],2019-01-20 23:25:08,0.0,0,0,6476952,2019-01-20 23:25:08,,0.0,0.0,0,,0.0,0.0,0.0,179
0,[],22,[],2019-08-14 02:11:18,0.0,0,0,7895212,2019-08-14 02:11:18,,10.33298658,0.0,0,,14829644.231946677,0.0,0.0,179
1,[],22,[],2019-08-14 02:13:21,781707.6752319109,0.00000055,0.00000000005839394,7895213,2019-08-14 02:13:21,BTC,2.96733175,0.0,0.00000055,"BTC,LTC",247122.18025343024,0.00229378,0.61876067,180
1,[],26,[],2019-08-14 02:13:21,0.0,0,0,7895214,2019-08-14 02:13:21,,0.0,0.0,0,,0.0,0.0,0.0,180
1,[],17,[],2019-05-03 01:13:56,20504.725000000002,0.0000001,0.00000000000548003,7559141,2019-05-03 01:13:56,btc,5.2010695838400265,0.0,0.0000001,btc,5033.45945,0.0,0.0011504725,180
,[],7,[],2018-11-20 22:58:01,562227.975654,0.00000085,0.000000000036176765,4862015,2018-11-20 22:58:01,btc,21836.6059674,2491.87645172,,btc,749999.041456,0.00211021,0.127565380455,183
,[],5,[],2019-01-10 08:11:41,0.0,0,0,6347036,2019-01-10 08:11:41,btc,82.15055501,0.00261,,btc,1.19002445,0.0,0.0,187
,[],17,[],2018-11-16 20:58:10,4062536.27273,0.00000001,0.000000000000550501,4708775,2018-11-16 20:58:10,btc,3.36492563466,0.195460381006,,"btc,eth",110697919.549,0.0,0.0157628953496,187
1,[],24,[],2019-05-22 21:04:52,0.0,0.000000000014,0.0000000000000010960978,7670219,2019-05-22 21:04:52,btc,0.0,0.0,0.000000000014,btc,0.0,0.0,0.0,187
0,[],23,[],2019-01-20 23:31:41,0.0,0,0,6477079,2019-01-20 23:31:41,,0.0,0.0,0,,0.0,0.0,0.0,199
0,[],22,[],2019-08-10 07:36:22,0.0,0,0,7886036,2019-08-10 07:36:22,,12.82588123,0.0,0,,106829450.5,0.0,0.0,199
1,[],26,[],2019-08-10 07:36:23,0.0,0,0,7886037,2019-08-10 07:36:23,,0.0,0.0,0,,0.0,0.0,0.0,199
1,[],4,[],2019-01-25 15:51:35,2084389.58565343,0.00000936,0.000000000333526752,6499557,2019-01-25 15:51:35,btc,2.0092503037378524,0.0,0.00000936,btc,160195.80207885,0.19272417,1.242687955921835,211
1,[],7,[],2019-07-01 02:21:28,1170054124.6898527,0.00000018,0.000000000019815389999999997,7782694,2019-07-01 02:21:28,btc,1346735.6331920293,0.0,0.00000018,btc,5516233.71348162,0.0,11.954344045954047,212
0,[],22,[],2019-08-14 00:55:08,0.0,0,0,7895047,2019-08-14 00:55:08,,9.54552254,0.0,0,,3658585.214064925,0.0,0.0,216
1,[],27,[],2019-08-12 16:37:52,320029.088,0.00000001,0.000000000001138437,7891783,2019-08-12 16:37:52,btc,176.0318120012664,0.0,0.00000001,"btc,ltc",485496.05456794,0.0,0.00320029088,216
1,[],22,[],2019-08-14 02:13:27,750208.3099547512,0.00000017,0.000000000018049036,7895215,2019-08-14 02:13:27,BTC,12055.78327898,0.0,0.00000017,BTC,504981.67681702506,0.00528662,0.05715425,217
0,[],22,[],2019-07-23 20:11:38,0.0,0,0,7830275,2019-07-23 20:11:38,,57.73116496,0.0,0,,182427.70709740353,0.0,0.0,221
1,[],24,[],2019-07-23 20:11:38,0.0,0.000000010000,0.0000000000010165440000000001,7830276,2019-07-23 20:11:38,btc,0.0,0.0,0.000000010000,btc,0.0,0.0,0.0,221
1,[],26,[],2019-08-14 02:13:27,0.0,0,0,7895216,2019-08-14 02:13:27,,0.0,0.0,0,,0.0,0.0,0.0,231
0.0000000001859265,[],27,[],2019-08-12 16:38:10,100.0,1.859265e-18,2.1166560688050002e-22,7891787,2019-08-12 16:38:10,eth,0.0,0.0,0.00000001,"btc,eth",0.0,0.0,1.8592649999999999e-16,234
1,[],26,[],2019-08-14 02:13:27,0.0,0,0,7895217,2019-08-14 02:13:27,,0.0,0.0,0,,0.0,0.0,0.0,234
1,[],5,[],2019-07-06 02:11:21,0.0,0,0,7800842,2019-07-06 02:11:21,btc,0.0,0.10652887,0,btc,0.0,0.0,0.0,237
1,[],20,[],2019-08-14 02:13:29,94053641.8499,0.000000042,0.0000000000044591736,7895218,2019-08-14 02:13:29,btc,514.8928109494356,2896620.5896,0.000000042,btc,30451575.1162,0.1135227143386,0.4883302101357,237
1,[],22,[],2019-08-14 02:13:33,1839335.0,0.00000001,0.000000000001061708,7895219,2019-08-14 02:13:33,BTC,1.20371953,0.0,0.00000001,"BTC,LTC",40634.04871794872,0.0,0.01839335,237
1,[],4,[],2019-08-14 00:55:22,27149205.05762596,0.00000006,0.000000000006499560000000001,7895053,2019-08-14 00:55:22,btc,2.3465938024647572,0.0,0.00000006,btc,15807142.16443314,0.10149135,0.508111430779608,238
1,[],5,[],2019-07-06 02:11:32,0.0,0,0,7800846,2019-07-06 02:11:32,btc,0.0,0.05525444,0,btc,0.0,0.0,0.0,238
0.0000000000932996,[],22,[],2019-07-27 07:06:26,419253.0,9.32996e-19,9.392106863560001e-23,7844096,2019-07-27 07:06:26,LTC,0.40427224,0.0,0.00000001,LTC,496363.0639027493,0.0,0.00419253,249
0,[],22,[],2019-08-14 02:13:35,0.0,0,0,7895220,2019-08-14 02:13:35,,13.4488406,0.0,0,,43819581.3426455,0.0,0.0,252
1,[],28,[],2019-08-14 02:13:50,2089640.712,0.00000007,0.000000000007431956,7895221,2019-08-14 02:13:50,btc,5.122353828811,480263.175,0.00000007,btc,3404439.9472,0.0,0.07932043842,256
0.0000000000916764,[],22,[],2019-07-23 20:12:22,1517.0,9.16764e-19,9.31930943616e-23,7830286,2019-07-23 20:12:22,LTC,31474.63788373,0.0,0.00000001,LTC,1024398.9185893413,0.0,1.517e-05,258
1,[],5,[],2019-07-02 14:44:15,0.0,0,0,7788374,2019-07-02 14:44:15,btc,0.0,0.02775788,0,btc,0.0,0.0,0.0,264
1,[],20,[],2019-08-14 02:13:53,982026.0697,0.000000231,0.0000000000245254548,7895222,2019-08-14 02:13:53,btc,0.5327882727218,5236.7234,0.000000231,btc,97386.0538,0.0012358667224,0.0066002398937,264
0,[],22,[],2019-08-02 08:30:30,0.0,0,0,7864931,2019-08-02 08:30:30,,33050469.74148113,0.0,0,,14261527780.7,0.0,0.0,272
0.000000000000002773,[],28,[],2019-08-02 08:30:43,278867627739.875,2.7729999999999996e-22,2.916544345e-26,7864932,2019-08-02 08:30:43,doge,159824360004.7329,12824464087.9992,0.0000001,doge,107241022165.435,0.0,5.073096663009221e-11,272
1,[],22,[],2019-07-23 20:12:52,672850.9,0.00000002,0.0000000000020330880000000002,7830290,2019-07-23 20:12:52,BTC,26.73750817,0.0,0.00000002,"BTC,LTC",1207871.5684827343,0.0004207,0.01909618,286
