pairValue,buyBook,exchangeId,sellBook,updated,buyTotal,satoshiPrice,usdPrice,exchangeLogId,created,bestPair,sellTotalBtc,volume,pairPrice,activePairs,sellTotal,volumeBtc,buyTotalBtc,coinId
1,[],3,[],2019-06-04 14:37:30,61.762252664682,0.010694610000000000227249330464474041946232318878173828125,0.000000853521851646,7736848,2019-06-04 14:37:30,btc,0.13183974288859496,41.3935185778,0.010694610000000000227249330464474041946232318878173828125,btc,11.250374383928,0.0,0.21413636285219204,1
1,[],4,[],2019-06-04 14:37:31,207724.67793563,0.01089998,0.0000008699121438279999,7736849,2019-06-04 14:37:31,btc,7.959241281693873,0.0,0.01089998,btc,334.29369973,1.01909358,1.120303680113038,1
1,[],5,[],2019-06-04 14:37:34,0.0,0,0,7736850,2019-06-04 14:37:34,btc,0.0,0.03205133,0,btc,0.0,0.0,0.0,1
1,[],10,[],2019-06-04 14:37:38,312377.26371131,0.00610978,0.000000487612988108,7736851,2019-06-04 14:37:38,btc,6519.038002745995,1509.23715315,0.00610978,btc,1318.00317529,0.0,2.331886792962241,1
1,[],12,[],2019-06-04 14:37:40,67.26532124,0.0109099999999999995592414592238128534518182277679443359375,0.000000870711826,7736852,2019-06-04 14:37:40,btc,0.1875125130331,0.0,0.0109099999999999995592414592238128534518182277679443359375,btc,16.30147191,0.200854891178,0.2065913051198,1
1,[],20,[],2019-06-04 14:37:41,933.7825,0.00920886,0.0000007349462241959999,7736853,2019-06-04 14:37:41,btc,0.2215805182975,0.1013,0.00920886,btc,17.1744,0.0009360147204,0.0981070298427,1
1,[],21,[],2019-06-04 14:37:43,1714.62474391,0.01092573999999999975751840964,0.000000871968013364,7736854,2019-06-04 14:37:43,btc,9.845141783750027,5142.997635,0.0109257399999999997575184096376688103191554546356201171875,"btc,eth",1300.89720452,53.25370837180616,14.162015535355666,1
1,[],22,[],2019-06-04 14:37:48,0.0025666666666666667,0.00900000,0.0000007182773999999999,7736855,2019-06-04 14:37:48,BTC,0.31629903,0.0,0.00900000,BTC,0.2505752479991019,0.0,2.31e-05,1
1,[],24,[],2019-06-04 14:37:49,0.0,0.000000000000,0,7736856,2019-06-04 14:37:49,btc,0.0,0.0,0.000000000000,btc,0.0,0.0,0.0,1
0.0,[],25,[],2019-06-04 14:40:18,0.0,0,0,7736857,2019-06-04 14:40:18,btc,41.61499999867383,0.0,0.0,btc,3726.66250932,0.0,0.0,1
1,[],26,[],2019-06-04 14:40:33,0.0,0,0,7736858,2019-06-04 14:40:33,,0.0,0.0,0,,0.0,0.0,0.0,1
0,[],28,[],2019-06-04 14:41:29,0.0,0,0,7736859,2019-06-04 14:41:29,,0.0,324562.042,0,,0.0,0.0,0.0,1
0,[],2,[],2019-01-20 23:28:45,0.0,0,0,6477011,2019-01-20 23:28:45,,0.0,0.0,0,,0.0,0.0,0.0,1
1,[],5,[],2019-06-04 14:41:32,0.0,0,0,7736860,2019-06-04 14:41:32,btc,0.0,0.01363747,0,btc,0.0,0.0,0.0,2
1,[],22,[],2019-06-04 14:41:36,11638.0,0.0000002,0.00000000001596172,7736861,2019-06-04 14:41:36,BTC,21.00897301,0.0,0.0000002,"BTC,XMR",20678.87287795317,0.0,0.00145435,2
1,[],5,[],2019-06-03 14:48:58,0.0,0,0,7731126,2019-06-03 14:48:58,btc,0.0,0.05905545,0,btc,0.0,0.0,0.0,3
1,[],12,[],2019-06-03 14:48:59,3468623.70302,0.000000116,0.000000000009823402000000002,7731127,2019-06-03 14:48:59,btc,169531.0336573751,0.0,0.000000116,btc,2361209.62379607,0.041350953071,0.33764769154428,3
0,[],28,[],2019-06-03 14:49:00,0.0,0,0,7731128,2019-06-03 14:49:00,,0.0,0.0,0,,0.0,0.0,0.0,3
0,[],2,[],2019-01-20 23:31:32,0.0,0,0,6477077,2019-01-20 23:31:32,,0.0,0.0,0,,0.0,0.0,0.0,4
1,[],4,[],2019-05-18 21:29:50,562734.9206932,0.00000010,0.000000000007298720000000001,7650946,2019-05-18 21:29:50,btc,41.9347137769675,0.0,0.00000010,btc,1123702.32192634,0.00052462,0.029254593370966,4
0,[],12,[],2019-06-02 05:03:43,0.0,0,0,7724919,2019-06-02 05:03:43,btc,625.901992874995,0.0,0,btc,1211362.4995005,0.0,0.0,5
1,[],11,[],2019-06-04 14:41:38,9525359.276736,0.00000002,0.000000000001596172,7736862,2019-06-04 14:41:38,btc,9582.835426672145,502540.0,0.00000002,btc,67503862.19260395,0.0,0.14099044276736,6
0,[],2,[],2019-01-20 23:31:51,0.0,0,0,6477087,2019-01-20 23:31:51,,0.0,0.0,0,,0.0,0.0,0.0,6
1,[],3,[],2019-06-04 14:41:38,11357.111270146168,0.0000890999999999999973444853029747036998742260038852691650390625,0.00000000711094626,7736863,2019-06-04 14:41:38,btc,0.14181495224388932,379.641756169,0.0000890999999999999973444853029747036998742260038852691650390625,btc,294.576319508405,0.0,0.020684987114502205,7
1,[],4,[],2019-06-04 14:41:39,329644.72788737,0.00007900,0.0000000063048794,7736864,2019-06-04 14:41:39,btc,8.46056807736173,0.0,0.00007900,btc,61292.99838255,2.18068304,2.3823669090954804,7
1,[],5,[],2019-06-04 14:41:41,0.0,0,0,7736865,2019-06-04 14:41:41,btc,0.0,0.06231742,0,btc,0.0,0.0,0.0,7
1,[],20,[],2019-04-07 22:06:50,3201475.0482,0.000000001,0.000000000000051590000000000004,7213932,2019-04-07 22:06:50,btc,30.8005781811902,0.0,0.000000001,btc,23077405.3926,0.0,0.0032014750482,8
1,[],4,[],2019-06-04 14:41:44,2785289.29498634,0.00000048,0.000000000038308128,7736866,2019-06-04 14:41:44,btc,3.2603319627217813,0.0,0.00000048,btc,3241490.88380093,0.59433441,0.4678790878800352,9
0,[],28,[],2019-06-04 14:42:46,0.0,0,0,7736867,2019-06-04 14:42:46,,0.0,3194672.0,0,,0.0,0.0,0.0,9
0,[],2,[],2019-01-20 23:22:42,0.0,0,0,6476876,2019-01-20 23:22:42,,0.0,0.0,0,,0.0,0.0,0.0,9
0,[],23,[],2019-01-20 23:22:48,0.0,0,0,6476878,2019-01-20 23:22:48,,0.0,0.0,0,,0.0,0.0,0.0,9
1,[],1,[],2019-02-17 23:31:42,1822507.21,0.00000181000000000000003456111265232042484285557293333113193511962890625,0.000000000066086901,6701244,2019-02-17 23:31:42,btc,3.6990969245,17153386.5,0.00000181000000000000003456111265232042484285557293333113193511962890625,btc,1997391.71,31.11772986,3.2610482446,9
1,[],4,[],2019-02-17 11:22:43,4341674.27126056,0.00000002,0.0000000000007272960000000001,6696112,2019-02-17 11:22:43,btc,0.1997230937751353,0.0,0.00000002,btc,4109766.79808031,0.00215132,0.0479381022052112,10
1,[],4,[],2019-06-04 14:42:47,9306257.39416445,0.00000045,0.00000000003591387,7736868,2019-06-04 14:42:47,btc,4.725012237765181,0.0,0.00000045,btc,4690098.31613848,1.78114282,1.7255812305628404,12
1,[],5,[],2019-06-04 14:42:48,0.0,0,0,7736869,2019-06-04 14:42:48,btc,0.0,0.14197206,0,btc,0.0,0.0,0.0,12
0.0,[],25,[],2019-06-04 14:45:00,0.0,0,0,7736870,2019-06-04 14:45:00,,0.0,0.0,0.0,btc,0.0,0.0,0.0,12
0,[],2,[],2019-01-20 23:23:08,0.0,0,0,6476890,2019-01-20 23:23:08,,0.0,0.0,0,,0.0,0.0,0.0,12
1,[],4,[],2019-06-04 14:45:01,482676.10579037,0.00000524,0.00000000041819706399999997,7736871,2019-06-04 14:45:01,btc,2.126348681890971,0.0,0.00000524,btc,287940.05902414,0.61107487,0.4931707239736681,13
1,[],10,[],2019-06-04 14:45:04,647087.25397076,0.00000519,0.000000000414206634,7736872,2019-06-04 14:45:04,btc,666803.240238156,10940.8488307,0.00000519,btc,872507.6082064,0.0,0.2020340718176184,13
1,[],21,[],2019-06-04 14:45:05,1261078.96978281,0.000005349999999999999599083720658,0.00000000042697600999999997,7736873,2019-06-04 14:45:05,btc,5.338404172238942,1714162.74679183,0.000005349999999999999599083720658310170392724103294312953948974609375,btc,858718.35755906,9.26465051,4.311923931602391,13
1,[],4,[],2019-06-04 14:45:06,866510.47239251,0.00000077,0.00000000006145262199999999,7736874,2019-06-04 14:45:06,btc,4.318802631099013,0.0,0.00000077,btc,852421.84340467,0.00538653,0.0583743560474983,14
1,[],12,[],2019-06-04 14:45:07,135072.25593181,0.00000073,0.00000000005826027799999999,7736875,2019-06-04 14:45:07,btc,14.143157720209095,0.0,0.00000073,btc,31965.57755951,0.0,0.0152033299999576,14
1,[],26,[],2019-06-04 14:47:07,0.0,0.00000050,0.0000000000399043,7736876,2019-06-04 14:47:07,btc,0.0,0.0,0.00000050,btc,0.0,0.0,0.0,14
0,[],17,[],2019-05-03 00:53:32,0.0,0,0,7558876,2019-05-03 00:53:32,btc,0.0,0.0,0,btc,0.0,0.0,0.0,14
0,[],4,[],2019-06-04 14:47:08,0.0,0,0,7736877,2019-06-04 14:47:08,,0.0,0.0,0,,0.0,0.0,0.0,15
,[],12,[],2018-12-01 15:15:48,204241.84496,0.00000489,0.000000000202473384,5260204,2018-12-01 15:15:48,btc,49.5475654835,0.0,,btc,35763.2193806,0.0163153972027625,0.0203389899998,15
1,[],4,[],2019-06-04 14:47:09,31691.09293177,0.00001163,0.0000000009281740179999999,7736878,2019-06-04 14:47:09,btc,0.9719646836450107,0.0,0.00001163,btc,10908.80972795,0.06917098,0.0557212674199982,18
1,[],10,[],2019-06-04 14:47:11,494765.26908955,0.00001125,0.0000000008978467500000001,7736879,2019-06-04 14:47:11,btc,15.18954957252893,8412.40158735,0.00001125,btc,12833.36450343,0.0,0.1562686343839562,18
1,[],12,[],2019-06-04 14:47:12,2827.52822445,0.000010879999999999999168846277763922358872150653041899204254150390625,0.0000000008683175679999999,7736880,2019-06-04 14:47:12,btc,0.4100632402178254,0.0,0.000010879999999999999168846277763922358872150653041899204254150390625,btc,1721.35135713,6.5391601e-05,0.013597805136396801,18
0,[],2,[],2019-01-20 23:23:38,0.0,0,0,6476906,2019-01-20 23:23:38,,0.0,0.0,0,,0.0,0.0,0.0,18
0,[],17,[],2019-05-03 00:53:39,0.0,0,0,7558882,2019-05-03 00:53:39,btc,0.0,0.0,0,btc,0.0,0.0,0.0,18
1,[],3,[],2019-06-04 14:49:13,149816.58335886133,0.00000562000000000000040213492258356353659110027365386486053466796875,0.000000000448524332,7736881,2019-06-04 14:49:13,btc,0.21591137994756143,5475.36930304,0.00000562000000000000040213492258356353659110027365386486053466796875,btc,5882.844586372199,0.0,0.0508573521305795,19
1,[],4,[],2019-06-04 14:49:14,540772.75666768,0.00000777,0.000000000620112822,7736882,2019-06-04 14:49:14,btc,4.230956006767272,0.0,0.00000777,btc,193979.45265013,0.20312654,0.5764834041830526,19
1,[],5,[],2019-06-04 14:49:16,0.0,0,0,7736883,2019-06-04 14:49:16,btc,0.0,0.0,0,btc,0.0,0.0,0.0,19
1,[],12,[],2019-06-04 14:49:17,14336.54035647,0.000007089999999999999880334437818429904609729419462382793426513671875,0.000000000565842974,7736884,2019-06-04 14:49:17,btc,0.0505187067071986,0.0,0.000007089999999999999880334437818429904609729419462382793426513671875,btc,1949.0831785,0.0,0.0211718199996641,19
0,[],27,[],2019-06-04 14:49:23,0.0,0,0,7736885,2019-06-04 14:49:23,,0.0,0.0,0,btc,0.0,0.0,0.0,19
0,[],2,[],2019-01-20 23:24:19,0.0,0,0,6476924,2019-01-20 23:24:19,,0.0,0.0,0,,0.0,0.0,0.0,19
1,[],4,[],2019-06-04 14:49:24,10062076.88478525,0.00000007,0.000000000005586602,7736886,2019-06-04 14:49:24,btc,6.4029639466023385,0.0,0.00000007,btc,2322306.93095912,0.0,0.1174938176872809,20
1,[],4,[],2019-06-04 14:49:25,5025021.084,0.00000001,0.000000000000798086,7736887,2019-06-04 14:49:25,btc,39235.22559054961,0.0,0.00000001,btc,76687008.01359268,0.00593402,0.05025021084,21
1,[],12,[],2019-06-04 14:49:26,1406513.0,0.00000001,0.000000000000798086,7736888,2019-06-04 14:49:26,btc,2566.6482369131268,0.0,0.00000001,btc,5423603.15584414,0.0,0.01406513,21
0,[],17,[],2019-05-03 00:53:51,0.0,0,0,7558891,2019-05-03 00:53:51,btc,0.0,0.0,0,btc,0.0,0.0,0.0,21
1,[],12,[],2019-06-04 14:51:27,5094140505.0,0.0000000003,0.00000000000002394258,7736889,2019-06-04 14:51:27,btc,726731457.0513017,0.0,0.0000000003,btc,3123732022.1536093,0.02503072875,1.1334596857,23
0.000000000313229,[],27,[],2019-06-04 14:51:34,68129739.97335239,6.26458e-18,4.99967359388e-22,7736890,2019-06-04 14:51:34,eth,1023.363917138657,531982031.9250466,0.00000002,eth,18256117.1564255,3.3326439980265603e-09,2.2468936348506197e-10,23
1,[],4,[],2019-06-04 14:51:36,1841317.58480061,0.00000021,0.000000000016759806,7736891,2019-06-04 14:51:36,btc,10.672168185073648,0.0,0.00000021,btc,1799316.67182533,0.00166799,0.0557006119000068,24
0,[],22,[],2019-06-04 14:51:38,0.0,0,0,7736892,2019-06-04 14:51:38,,0.0,0.0,0,,0.0,0.0,0.0,24
0.0,[],25,[],2019-06-04 14:53:53,0.0,0,0,7736893,2019-06-04 14:53:53,,0.0,0.0,0.0,btc,0.0,0.0,0.0,24
1,[],4,[],2019-06-04 14:53:53,26947179.27103762,0.00000483,0.000000000385475538,7736894,2019-06-04 14:53:53,btc,9.251030083598414,0.0,0.00000483,btc,220048.37785199,0.05840915,0.5027497140849387,26
1,[],10,[],2019-06-04 14:53:56,150120.93168447,0.00000509,0.000000000406225774,7736895,2019-06-04 14:53:56,btc,25.273198091811793,4102.48442938,0.00000509,btc,21035.90160183,0.0,0.0376113715232491,26
0,[],2,[],2019-01-20 23:25:56,0.0,0,0,6476976,2019-01-20 23:25:56,,0.0,0.0,0,,0.0,0.0,0.0,26
1,[],3,[],2019-06-04 14:53:56,20652689.185043,0.00000001,0.000000000000798086,7736896,2019-06-04 14:53:56,btc,3.7664709702513264,3917890.98668,0.00000001,btc,26021797.35253786,0.0,0.20652689185043,27
1,[],11,[],2019-06-04 14:53:58,2071589.08157834,0.00000002,0.000000000001596172,7736897,2019-06-04 14:53:58,btc,67503.06357066176,19676.5543251,0.00000002,btc,6639861.32608848,0.0,0.0211134458157834,27
1,[],5,[],2019-04-26 09:47:06,0.0,0,0,7465326,2019-04-26 09:47:06,btc,0.0,0.0,0,btc,0.0,0.0,0.0,27
1,[],4,[],2019-06-04 14:53:59,1208234035.8863814,0.00000001,0.000000000000798086,7736898,2019-06-04 14:53:59,btc,5.375897365245698,0.0,0.00000001,"btc,ltc",326382626.65202075,0.0058395,8.783303334530489,29
1,[],7,[],2019-06-04 14:54:00,90452021.33155985,0.00000001,0.000000000000798086,7736899,2019-06-04 14:54:00,btc,46548272.198660366,0.0,0.00000001,btc,37056878.745884724,0.0,0.9045202133155985,29
1,[],4,[],2019-06-04 14:54:01,15267985.40913454,0.00000007,0.000000000005586602,7736900,2019-06-04 14:54:01,btc,2.5624958668834625,0.0,0.00000007,btc,2071310.78742649,0.0,0.1743882312694366,30
0,[],17,[],2019-05-03 01:11:25,0.0,0,0,7559066,2019-05-03 01:11:25,btc,0.0,0.0,0,btc,0.0,0.0,0.0,30
1,[],4,[],2019-06-04 14:09:25,195529.56049636,0.00004466,0.0000000035834290800000003,7736756,2019-06-04 14:09:25,btc,3.1183363772680117,0.0,0.00004466,btc,43627.87849164,0.43951379,0.6004040193668811,31
1,[],21,[],2019-06-04 14:09:26,173511.92718835,0.00004470000000000000231828445330,0.0000000035866386000000003,7736757,2019-06-04 14:09:26,btc,4.939685302899227,167633.54855587,0.0000447000000000000023182844532954050009720958769321441650390625,btc,99849.77569545,7.46864672,6.435128816070006,31
0,[],2,[],2019-01-20 23:28:43,0.0,0,0,6477009,2019-01-20 23:28:43,,0.0,0.0,0,,0.0,0.0,0.0,32
1,[],12,[],2019-03-30 07:55:10,40641173.964,0.00000003,0.000000000001228359,7108785,2019-03-30 07:55:10,btc,4233210.82356125,0.0,0.00000003,btc,28378394.68333462,0.0126927883965248,0.90752895892,33
0,[],4,[],2019-06-04 14:09:28,0.0,0,0,7736758,2019-06-04 14:09:28,,0.0,0.0,0,,0.0,0.0,0.0,33
0.0000000001318427,[],4,[],2019-06-04 14:09:29,451779848.6150771,5.273708e-17,4.23151782504e-21,7736759,2019-06-04 14:09:29,ltc,3.9394096050679472,0.0,0.0000004,ltc,158908420.13060188,0.0,1.6861193536327667e-09,34
1,[],5,[],2019-06-04 14:09:31,0.0,0,0,7736760,2019-06-04 14:09:31,btc,0.0,0.0,0,btc,0.0,0.0,0.0,34
0.0000000002926451,[],17,[],2019-05-02 18:17:47,200000.0,2.9264510000000002e-18,1.596703856561e-22,7556430,2019-05-02 18:17:47,eth,0.20942468735267253,0.0,0.00000001,"btc,eth",1018272.20243647,0.0,5.852902e-13,36
0.0000000001311821,[],4,[],2019-05-31 13:28:19,2417517744.0607657,1.311821e-18,1.105058333085e-22,7717483,2019-05-31 13:28:19,ltc,5.019900492391546e-08,0.0,0.00000001,ltc,7102398142.262129,0.0,3.171350544531538e-09,36
1,[],5,[],2019-05-31 13:28:21,0.0,0,0,7717484,2019-05-31 13:28:21,btc,0.0,0.0,0,btc,0.0,0.0,0.0,36
0.0000000003108179,[],27,[],2019-05-31 13:30:34,10388811.226876,6.216358000000001e-18,5.236566733830001e-22,7717485,2019-05-31 13:30:34,eth,1569.8708019850988,761866.634299,0.00000002,"ltc,eth",5084024.2511555,4.736034912207001e-12,3.3251980286483705e-11,36
1,[],17,[],2019-05-03 01:11:36,211752.74075282,0.00000025,0.000000000013700074999999998,7559074,2019-05-03 01:11:36,btc,0.055484923955058496,0.0,0.00000025,"btc,eth",1387.19918473,0.0,0.0005381851887916605,37
1,[],4,[],2019-06-04 14:09:31,9974711.77341303,0.00000017,0.00000000001364046,7736761,2019-06-04 14:09:31,btc,19772.47228589437,0.0,0.00000017,btc,681844.36281513,0.01129216,0.1277112123075591,37
1,[],12,[],2019-06-04 14:09:33,3853483.99,0.00000019,0.000000000015245220000000002,7736762,2019-06-04 14:09:33,btc,10.497934913806212,0.0,0.00000019,btc,1638643.18662176,0.040595182621,0.1723736281,37
1,[],27,[],2019-06-04 14:11:41,11126.0,0.00000018,0.00000000001444284,7736763,2019-06-04 14:11:41,btc,22.62970013895233,0.0,0.00000018,btc,4298.824295,0.0,0.00165394,37
1,[],5,[],2019-06-04 14:11:42,0.0,0,0,7736764,2019-06-04 14:11:42,btc,0.0,0.00350674,0,btc,0.0,0.0,0.0,42
1,[],12,[],2019-06-04 14:11:44,129873.07673615,0.0000010600000000000000155604695795119596368749625980854034423828125,0.00000000008505228,7736765,2019-06-04 14:11:44,btc,24.813695783601304,0.0,0.0000010600000000000000155604695795119596368749625980854034423828125,btc,76961.83732731,0.014563161607,0.045035076889827996,42
1,[],27,[],2019-06-04 14:11:51,506.0,0.00000002,0.0000000000016047600000000001,7736766,2019-06-04 14:11:51,btc,0.07600425,0.0,0.00000002,"btc,eth",18.0,0.0,6.0000003287777055e-06,42
1,[],12,[],2019-03-13 09:13:29,1112112.0,0.00000001,0.000000000000386531,6919902,2019-03-13 09:13:29,btc,29058.00478931866,0.0,0.00000001,btc,5967681.93306694,9.99000999e-07,0.01112112,43
1,[],5,[],2019-04-26 22:38:52,0.0,0,0,7474154,2019-04-26 22:38:52,btc,0.0,0.02638891,0,btc,0.0,0.0,0.0,43
0,[],17,[],2019-04-26 22:38:53,0.0,0,0,7474155,2019-04-26 22:38:53,btc,0.0,0.0,0,btc,0.0,0.0,0.0,43
1,[],12,[],2019-03-05 01:54:08,639326.02,0.00000004,0.000000000001486676,6845775,2019-03-05 01:54:08,btc,11116042.728239931,0.0,0.00000004,btc,1103841.4595604,0.0003330765234764,0.014975410599999999,44
1,[],4,[],2019-06-04 14:11:52,104453720.64006738,0.00000001,0.0000000000008023800000000001,7736767,2019-06-04 14:11:52,btc,2660396.61025896,0.0,0.00000001,"btc,ltc",28437697.14040226,0.00133718,0.02749457449320959,49
0.0000000001318427,[],4,[],2019-06-04 14:11:53,131849134.72658886,3.4279102e-17,2.750486586276e-21,7736768,2019-06-04 14:11:53,ltc,194920.23718203115,0.0,0.00000026,ltc,196830653.75436637,0.0,1.5024762205877334e-09,52
0,[],22,[],2019-06-04 14:11:56,0.0,0,0,7736769,2019-06-04 14:11:56,,10289.52569349,0.0,0,,305146396.4566013,0.0,0.0,57
0,[],27,[],2019-06-04 14:12:06,0.0,0,0,7736770,2019-06-04 14:12:06,,0.0,0.0,0,"btc,eth",0.0,0.0,0.0,57
1,[],17,[],2019-05-03 01:12:09,1200000.0,0.0000000001,0.00000000000000548003,7559085,2019-05-03 01:12:09,btc,1e+24,0.0,0.0000000001,"btc,eth",39516342.31952568,0.0,0.00010000000058666061,58
0.0000000001318427,[],4,[],2019-06-04 14:12:07,3529006170.5721416,1.318427e-18,1.05787945626e-22,7736771,2019-06-04 14:12:07,ltc,19.341013537424125,0.0,0.00000001,ltc,5804858378.741686,0.0,4.652737018448917e-09,58
1,[],12,[],2019-06-04 14:12:08,696661274.0,0.0000000001,0.0000000000000080238,7736772,2019-06-04 14:12:08,btc,2386791.6180415736,0.0,0.0000000001,btc,3545972349.415541,0.000156504286,0.0696661274,58
0.0000000001094065,[],22,[],2019-06-04 14:14:12,126877.0,1.094065e-18,8.778558747e-23,7736773,2019-06-04 14:14:12,XMR,68.17454206,0.0,0.00000001,XMR,9626402.6,0.0,0.00126877,58
1,[],5,[],2019-06-04 14:14:14,0.0,0,0,7736774,2019-06-04 14:14:14,btc,0.0,0.0022268,0,btc,0.0,0.0,0.0,61
1,[],22,[],2019-06-04 14:14:17,13613.833333333334,0.00000012,0.00000000000962856,7736775,2019-06-04 14:14:17,BTC,1002.29123003,0.0,0.00000012,BTC,15014.200177125656,0.0,0.00153269,61
1,[],26,[],2019-06-04 14:14:17,0.0,0.00000050,0.000000000040119000000000004,7736776,2019-06-04 14:14:17,btc,0.0,0.0,0.00000050,btc,0.0,0.0,0.0,61
1,[],27,[],2019-06-04 14:14:29,8450.0,0.0000002,0.0000000000160476,7736777,2019-06-04 14:14:29,btc,1.9582485601246655,0.0,0.0000002,"btc,eth",11379.41563696,0.0,0.001522,61
0,[],28,[],2019-06-04 14:14:32,0.0,0,0,7736778,2019-06-04 14:14:32,,0.0,474.0,0,,0.0,0.0,0.0,61
1,[],4,[],2019-06-04 14:14:34,854945.31115687,0.00000077,0.00000000006178326,7736779,2019-06-04 14:14:34,btc,2.8999910983621016,0.0,0.00000077,btc,926553.54118131,0.02807149,0.4420413003168038,67
0.0,[],25,[],2019-06-04 14:17:16,0.0,0,0,7736780,2019-06-04 14:17:16,,0.0,0.0,0.0,btc,0.0,0.0,0.0,67
1,[],12,[],2019-06-02 06:23:14,910048.355,0.00000006,0.000000000005154929999999999,7725270,2019-06-02 06:23:14,btc,5.167005424215783,0.0,0.00000006,btc,738530.60239759,0.003159757462,0.0187188113,71
,[],5,[],2018-11-20 23:02:39,1.5e-07,0.00000005,0.000000000002128045,4862160,2018-11-20 23:02:39,btc,2.84511358,0.0,,btc,0.00036572,0.0,0.07381892,74
1,[],5,[],2019-06-04 14:17:18,0.0,0,0,7736781,2019-06-04 14:17:18,btc,0.0,0.5296699,0,btc,0.0,0.0,0.0,75
1,[],4,[],2019-06-04 03:25:15,715281.46076168,0.00000001,0.000000000000803619,7734085,2019-06-04 03:25:15,btc,581089.6218469425,0.0,0.00000001,btc,37692563.61091116,0.0,0.0071528146076168,81
0,[],20,[],2019-01-25 09:30:31,0.0,0,0,6495923,2019-01-25 09:30:31,btc,0.0,0.0,0,btc,0.0,0.0,0.0,81
1,[],4,[],2019-06-04 14:17:19,138461.29604969,0.00012418,0.00000000996395484,7736782,2019-06-04 14:17:19,btc,55.20627070793639,0.0,0.00012418,btc,118838.27864335,1.00513978,0.9105691777163936,82
1,[],21,[],2019-06-04 14:17:19,87558.37805936,0.0001170100000000000062564883829,0.000000009388648380000001,7736783,2019-06-04 14:17:19,btc,14.40164410174308,28208.02704077,0.000117010000000000006256488382927472002847935073077678680419921875,btc,89988.9926335,3.32253456,7.798430619757927,82
0,[],17,[],2019-03-25 22:42:34,0.0,0,0,7038780,2019-03-25 22:42:34,btc,0.0445064681804024,0.0,0,btc,995513.18476001,0.0,0.0,84
0.0000000001161485,[],4,[],2019-05-20 13:09:39,216715621.0206096,1.161485e-18,9.0533806701e-23,7657228,2019-05-20 13:09:39,ltc,1.6511566870244727,0.0,0.00000001,ltc,471032407.9048656,0.0,2.5171194308112273e-10,85
,[],22,[],2018-11-20 23:09:34,3408.1,0.0000001,0.0000000000041895,4862324,2018-11-20 23:09:34,BTC,0.04624735,0.0,,BTC,4990.0,0.0,0.00033081,86
1,[],22,[],2019-06-04 14:17:23,87656.0,0.00000004,0.0000000000032095200000000002,7736784,2019-06-04 14:17:23,BTC,1.51082059,0.0,0.00000004,BTC,256208.94736842104,0.00949507,0.00152656,87
1,[],27,[],2019-06-04 14:17:29,357916.0,0.00000009,0.00000000000722142,7736785,2019-06-04 14:17:29,btc,5.021827087036,121151.0,0.00000009,btc,142547.21141,0.01090359,0.01557526,87
,[],2,[],2018-11-20 23:10:47,0.0,0,0,4862359,2018-11-20 23:10:47,,0.0,0.0,,,0.0,0.0,0.0,88
1,[],11,[],2019-06-04 14:17:30,228534.35226872,0.0000799899999999999981696585660273512985440902411937713623046875,0.00000000641823762,7736786,2019-06-04 14:17:30,btc,166.27641940220914,492.8698517,0.0000799899999999999981696585660273512985440902411937713623046875,btc,196484.45362869,0.0,3.9336420744856624,89
0,[],2,[],2019-01-20 23:31:45,0.0,0,0,6477083,2019-01-20 23:31:45,,0.0,0.0,0,,0.0,0.0,0.0,91
0,[],17,[],2019-05-03 01:12:26,0.0,0,0,7559096,2019-05-03 01:12:26,btc,0.0,0.0,0,btc,0.0,0.0,0.0,91
1,[],12,[],2019-06-04 14:17:32,334580.58119871997,0.00000026,0.000000000020861880000000002,7736787,2019-06-04 14:17:32,btc,88.54500467453622,0.0,0.00000026,btc,196960.72924707,0.013735072048,0.0143769725177931,91
1,[],22,[],2019-06-04 14:19:37,75910.55,0.0000002,0.0000000000160476,7736788,2019-06-04 14:19:37,BTC,0.497,0.0,0.0000002,"BTC,LTC",6.95,0.0,0.00165931,91
1,[],22,[],2019-04-09 20:17:52,374949.73333333334,0.00000015,0.000000000007771935,7235704,2019-04-09 20:17:52,BTC,6.87372503,0.0,0.00000015,"BTC,LTC",159980.01196797504,1.1e-05,0.80510266,95
0,[],17,[],2019-05-03 01:12:32,0.0,0,0,7559100,2019-05-03 01:12:32,btc,0.0,0.0,0,btc,0.0,0.0,0.0,96
0.0000000001318427,[],4,[],2019-06-04 14:19:38,542398395.4575994,2.7686967e-17,2.221546858146e-21,7736789,2019-06-04 14:19:38,ltc,11.305060182164144,0.0,0.00000021,ltc,153304507.3316396,0.0,8.531988170712065e-10,96
0,[],12,[],2019-06-04 14:19:39,0.0,0,0,7736790,2019-06-04 14:19:39,btc,22.33352034046953,0.0,0,btc,9676448.04695305,0.0,0.0,96
1,[],4,[],2019-04-14 03:32:46,1039404.33283278,0.00000038,0.000000000019245518,7293458,2019-04-14 03:32:46,btc,4.170086055365747,0.0,0.00000038,btc,3097704.34561074,0.06260606,0.1859928211030784,99
0,[],2,[],2019-01-20 23:23:55,0.0,0,0,6476914,2019-01-20 23:23:55,,0.0,0.0,0,,0.0,0.0,0.0,100
1,[],4,[],2019-06-04 14:21:40,223554.06537081,0.00001892,0.0000000015181029600000001,7736791,2019-06-04 14:21:40,btc,7.72236911632879,0.0,0.00001892,btc,153068.28445189,1.30900766,0.3158572550620652,100
1,[],22,[],2019-06-04 14:21:44,150000.0,0.00000002,0.0000000000016047600000000001,7736792,2019-06-04 14:21:44,BTC,24.83526409,0.0,0.00000002,BTC,11187.719,0.0,0.0017,101
1,[],4,[],2019-06-04 14:21:45,581130.30274712,0.00000161,0.00000000012918318000000001,7736793,2019-06-04 14:21:45,btc,549.8105530897521,0.0,0.00000161,btc,667835.4690086,0.0149317,0.2515524996058968,103
1,[],12,[],2019-06-04 14:21:49,179560629.37600002,0.000000004,0.00000000000032095200000000005,7736794,2019-06-04 14:21:49,btc,2446.922299109488,0.0,0.000000004,btc,70971012.97872443,0.001498957915,0.24393186450400006,105
1,[],27,[],2019-06-04 14:21:56,61112.0,0.00000001,0.0000000000008023800000000001,7736795,2019-06-04 14:21:56,btc,0.374932318,0.0,0.00000001,btc,1923466.8,0.0,0.00061112,105
1,[],22,[],2019-04-21 00:17:26,21333.0,0.00000001,0.000000000000532493,7385819,2019-04-21 00:17:26,BTC,51.38182867,0.0,0.00000001,BTC,470435.0,0.0,0.00021333,107
1,[],26,[],2019-04-21 00:17:26,0.0,0.00000000,0,7385820,2019-04-21 00:17:26,btc,0.0,0.0,0.00000000,btc,0.0,0.0,0.0,107
1,[],5,[],2019-06-04 14:21:58,0.0,0,0,7736796,2019-06-04 14:21:58,btc,0.0,0.0,0,btc,0.0,0.0,0.0,112
0,[],22,[],2019-06-04 14:22:02,0.0,0,0,7736797,2019-06-04 14:22:02,,6.79500102,0.0,0,,3375892.0833333335,0.0,0.0,112
1,[],27,[],2019-06-04 14:22:15,1.0,0.00000001,0.0000000000008023800000000001,7736798,2019-06-04 14:22:15,btc,1.14885,0.0,0.00000001,"btc,eth",39.0,0.0,1e-08,112
1,[],4,[],2019-06-04 14:22:16,262947.36780449,0.00000084,0.00000000006739992,7736799,2019-06-04 14:22:16,btc,5.760650224316822,0.0,0.00000084,btc,624662.82248736,0.03285702,0.1594458839579925,113
1,[],5,[],2019-06-04 14:22:17,0.0,0,0,7736800,2019-06-04 14:22:17,btc,0.0,0.0,0,btc,0.0,0.0,0.0,113
1,[],17,[],2019-04-26 02:17:47,162738.278,0.00000004,0.0000000000021069000000000002,7461287,2019-04-26 02:17:47,btc,1.3331140273775473,0.0,0.00000004,btc,51796.221,0.0,0.00230953112,116
1,[],27,[],2019-05-22 05:13:01,210000.0,0.00000001,0.00000000000079145,7666372,2019-05-22 05:13:01,btc,3919.0005001478,0.0,0.00000001,btc,128660.871,0.0,0.0021,116
1,[],4,[],2019-05-21 22:31:11,138169.03963019,0.00000701,0.000000000558364025,7664793,2019-05-21 22:31:11,btc,150.95388250938234,0.0,0.00000701,btc,344631.17141974,0.07552974,0.4288357684941946,120
1,[],7,[],2019-05-21 22:31:12,3901.07750076,0.000010679999999999999389654892212320191902108490467071533203125,0.0000000008506887,7664794,2019-05-21 22:31:12,btc,231188.94669936574,0.0,0.000010679999999999999389654892212320191902108490467071533203125,btc,4133.83151364,0.0,0.0113888422364489,120
1,[],20,[],2019-04-07 18:42:29,1914137.0852,0.000000035,0.0000000000017871910000000002,7211992,2019-04-07 18:42:29,btc,32.2497668025648,25528.85,0.000000035,btc,1001975.4986,0.00089350975,0.0152723574729,125
1,[],22,[],2019-06-04 14:22:20,10000.0,0.00000001,0.0000000000008023800000000001,7736801,2019-06-04 14:22:20,BTC,0.032061,0.0,0.00000001,BTC,299316.7611111111,0.0,0.0001,126
0,[],2,[],2019-01-20 23:25:46,0.0,0,0,6476969,2019-01-20 23:25:46,,0.0,0.0,0,,0.0,0.0,0.0,131
1,[],17,[],2019-05-03 01:13:10,10000.0,0.00000001,0.000000000000548003,7559115,2019-05-03 01:13:10,btc,0.0953976503951408,0.0,0.00000001,btc,5037.62507334,0.0,0.0001,131
1,[],4,[],2019-06-04 14:22:21,436486.38436566,0.00000839,0.00000000067319682,7736802,2019-06-04 14:22:21,btc,4.898051404764802,0.0,0.00000839,btc,183373.63868761,0.37761433,0.4721503734528669,131
1,[],4,[],2019-06-04 14:24:22,4869.08279103,0.00010000,0.0000000080238,7736803,2019-06-04 14:24:22,btc,5.040369799830401,0.0,0.00010000,btc,247.17378338,0.0,0.0068319517509813,135
1,[],3,[],2019-06-04 14:24:23,472091.0,0.00000001,0.0000000000008023800000000001,7736804,2019-06-04 14:24:23,btc,0.2153982171453345,1709749.79937,0.00000001,btc,1823825.91571949,0.0,0.00472091,136
1,[],4,[],2019-06-04 14:24:24,2157495.17186927,0.00000182,0.00000000014603316,7736805,2019-06-04 14:24:24,btc,109.9149793557741,0.0,0.00000182,btc,547412.35804806,0.02158343,0.4584812088654971,137
1,[],12,[],2019-06-04 14:24:25,89367.69739381,0.000001799999999999999918546601286595265634105089702643454074859619140625,0.0000000001444284,7736806,2019-06-04 14:24:25,btc,84.62897625393224,0.0,0.000001799999999999999918546601286595265634105089702643454074859619140625,btc,81282.49064291,3.62e-06,0.0194940099999342,137
1,[],17,[],2019-05-03 01:13:16,32967.38636364,0.00000088,0.000000000048224264,7559122,2019-05-03 01:13:16,btc,20.06976206696776,0.0,0.00000088,btc,2746.079105,0.0,0.0105613000000032,142
1,[],4,[],2019-06-04 14:24:26,129712.75898265,0.00001700,0.000000001364046,7736807,2019-06-04 14:24:26,btc,5.442556136951545,0.0,0.00001700,btc,138706.18876154,0.76149373,1.2814169530411668,142
1,[],5,[],2019-06-04 14:24:28,0.0,0,0,7736808,2019-06-04 14:24:28,btc,0.0,0.00365305,0,btc,0.0,0.0,0.0,142
1,[],20,[],2019-06-04 14:26:30,215008.3742,0.000015001,0.000000001203650238,7736809,2019-06-04 14:26:30,btc,1.605467130865,0.78,0.000015001,btc,9745.0633,1.170078e-05,0.018995554276,142
1,[],22,[],2019-06-04 14:26:34,10928.645,0.00001000,0.0000000008023800000000001,7736810,2019-06-04 14:26:34,BTC,3.00455459,0.0,0.00001000,BTC,1114.1498755539799,0.0,0.00725365,142
0.0,[],25,[],2019-06-04 14:28:53,0.0,0,0,7736811,2019-06-04 14:28:53,,0.0,0.0,0.0,btc,0.0,0.0,0.0,142
0,[],28,[],2019-06-04 14:29:44,0.0,0,0,7736812,2019-06-04 14:29:44,,0.0,0.0,0,,0.0,0.0,0.0,142
0,[],22,[],2019-06-04 14:29:48,0.0,0,0,7736813,2019-06-04 14:29:48,,64.98620993,0.0,0,,787027072.3,0.0,0.0,143
0,[],22,[],2019-02-25 15:42:22,0.0,0,0,6783783,2019-02-25 15:42:22,,4.2131946,0.0,0,,2322156.0,0.0,0.0,146
,[],22,[],2018-11-20 23:01:11,0.0,0,0,4862114,2018-11-20 23:01:11,,2.56807021,0.0,,,61828.4988236,0.0,0.0,147
1,[],12,[],2019-04-21 06:38:04,193091.5971266,0.00000071,0.000000000037635183,7388679,2019-04-21 06:38:04,btc,2.301232411611175,0.0,0.00000071,btc,9957.48302385,0.00023528,0.0313308199999888,148
1,[],4,[],2019-03-19 21:31:25,255810.0415942,0.00000029,0.000000000011615747,6982695,2019-03-19 21:31:25,btc,218.94922712414143,0.0,0.00000029,btc,793529.37642722,0.00117,0.0608347789473395,152
0,[],22,[],2019-03-19 21:31:27,0.0,0,0,6982696,2019-03-19 21:31:27,,0.0,0.0,0,,0.0,0.0,0.0,152
1,[],5,[],2019-04-26 09:36:59,0.0,0,0,7465040,2019-04-26 09:36:59,btc,0.0,0.0,0,btc,0.0,0.0,0.0,153
,[],16,[],2019-01-11 15:38:59,0.0,0,0,6366141,2019-01-11 15:38:59,btc,0.0,0.0,,btc,0.0,0.0,0.0,155
0,[],23,[],2019-01-20 23:24:29,0.0,0,0,6476932,2019-01-20 23:24:29,,0.0,0.0,0,,0.0,0.0,0.0,156
0,[],22,[],2019-06-04 06:02:09,0.0,0,0,7734688,2019-06-04 06:02:09,,7.43375324,0.0,0,,5955762.942592593,0.0,0.0,156
1,[],22,[],2019-06-04 14:29:53,6996.0,0.00000001,0.0000000000008023800000000001,7736814,2019-06-04 14:29:53,BTC,1.7543039,0.0,0.00000001,BTC,57.0,0.0,6.996e-05,157
0,[],22,[],2019-05-21 23:40:32,0.0,0,0,7665049,2019-05-21 23:40:32,,50234.60468402,0.0,0,,54786159.03179465,0.0,0.0,158
,[],17,[],2018-11-20 22:56:10,0.0,0,0,4861976,2018-11-20 22:56:10,btc,1.1265625,0.0,,btc,1000.0,0.0,0.0,159
,[],20,[],2018-11-20 22:56:12,0.0,0,0,4861977,2018-11-20 22:56:12,btc,11912.7940471,0.0,,btc,34413894.3617,0.0,0.0,159
1,[],12,[],2019-05-24 02:51:20,9178.522006449999,0.00000191999999999999982841307998027158276954651228152215480804443359375,0.000000000151222656,7676256,2019-05-24 02:51:20,btc,149.80414728631675,0.0,0.00000191999999999999982841307998027158276954651228152215480804443359375,btc,1115.7451448499999,0.01783167678326,0.0120075778999181,168
1,[],17,[],2019-05-03 01:13:36,42852.0,0.00000002,0.000000000001096006,7559132,2019-05-03 01:13:36,btc,0.04279856251542,0.0,0.00000002,btc,274.46171372,0.0,0.00052852,168
1,[],22,[],2019-05-17 03:01:52,10.0,0.00000001,0.000000000000778341,7642059,2019-05-17 03:01:52,BTC,41.95893009,0.0,0.00000001,BTC,1753972.7737547632,0.0,1e-07,169
1,[],22,[],2019-05-30 08:38:18,202834.0,0.00000002,0.0000000000017416160000000001,7711049,2019-05-30 08:38:18,BTC,27.87002826,0.0,0.00000002,BTC,462189.5410507793,0.0,0.00211768,171
1,[],22,[],2019-05-29 08:05:18,349870.0,0.00000002,0.000000000001705894,7705265,2019-05-29 08:05:18,BTC,24.05907723,0.0,0.00000002,"BTC,LTC",1224285.4355616204,0.0,0.0039847,173
1,[],5,[],2019-06-04 14:29:54,0.0,0,0,7736815,2019-06-04 14:29:54,btc,0.0,0.09771115,0,btc,0.0,0.0,0.0,175
1,[],22,[],2019-06-04 14:29:59,90671.0,0.00000001,0.0000000000008023800000000001,7736816,2019-06-04 14:29:59,BTC,394.35459412,0.0,0.00000001,BTC,136275.61833431243,0.0,0.00090671,176
0,[],2,[],2019-01-20 23:28:34,0.0,0,0,6477001,2019-01-20 23:28:34,,0.0,0.0,0,,0.0,0.0,0.0,178
1,[],7,[],2019-06-04 14:30:00,0.0,0,0,7736817,2019-06-04 14:30:00,btc,522272.520646231,10575.4245754,0,btc,21545405.84864055,0.0,0.0,178
0,[],22,[],2019-06-04 14:30:04,0.0,0,0,7736818,2019-06-04 14:30:04,,1.00242428,0.0,0,,57512.0,0.0,0.0,178
0,[],23,[],2019-01-20 23:25:08,0.0,0,0,6476952,2019-01-20 23:25:08,,0.0,0.0,0,,0.0,0.0,0.0,179
1,[],5,[],2019-06-04 14:32:04,0.0,0,0,7736819,2019-06-04 14:32:04,btc,0.0,0.03435341,0,btc,0.0,0.0,0.0,179
0,[],22,[],2019-06-04 14:32:08,0.0,0,0,7736820,2019-06-04 14:32:08,,5.3132485,0.0,0,,13258002.811946675,0.0,0.0,179
1,[],17,[],2019-05-03 01:13:56,20504.725000000002,0.0000001,0.00000000000548003,7559141,2019-05-03 01:13:56,btc,5.2010695838400265,0.0,0.0000001,btc,5033.45945,0.0,0.0011504725,180
1,[],22,[],2019-06-04 14:34:15,679634.3579797487,0.00000106,0.00000000008505228,7736821,2019-06-04 14:34:15,BTC,39.19499051,0.0,0.00000106,"BTC,LTC",149223.51564143103,0.00235969,0.5789567,180
1,[],26,[],2019-06-04 14:34:15,0.0,0.00000010,0.0000000000080238,7736822,2019-06-04 14:34:15,btc,0.0,0.0,0.00000010,btc,0.0,0.0,0.0,180
,[],7,[],2018-11-20 22:58:01,562227.975654,0.00000085,0.000000000036176765,4862015,2018-11-20 22:58:01,btc,21836.6059674,2491.87645172,,btc,749999.041456,0.00211021,0.127565380455,183
,[],5,[],2019-01-10 08:11:41,0.0,0,0,6347036,2019-01-10 08:11:41,btc,82.15055501,0.00261,,btc,1.19002445,0.0,0.0,187
,[],17,[],2018-11-16 20:58:10,4062536.27273,0.00000001,0.000000000000550501,4708775,2018-11-16 20:58:10,btc,3.36492563466,0.195460381006,,"btc,eth",110697919.549,0.0,0.0157628953496,187
1,[],24,[],2019-05-22 21:04:52,0.0,0.000000000014,0.0000000000000010960978,7670219,2019-05-22 21:04:52,btc,0.0,0.0,0.000000000014,btc,0.0,0.0,0.0,187
0,[],22,[],2019-04-25 02:54:07,0.0,0,0,7447896,2019-04-25 02:54:07,,7.54794454,0.0,0,,76361.7243344055,0.0,0.0,191
0,[],22,[],2019-06-04 14:34:19,0.0,0,0,7736823,2019-06-04 14:34:19,,0.0,0.0,0,,0.0,0.0,0.0,197
0,[],23,[],2019-01-20 23:31:41,0.0,0,0,6477079,2019-01-20 23:31:41,,0.0,0.0,0,,0.0,0.0,0.0,199
0,[],22,[],2019-06-04 14:34:24,0.0,0,0,7736824,2019-06-04 14:34:24,,10.83066794,0.0,0,,98210482.0,0.0,0.0,199
1,[],26,[],2019-06-04 14:34:24,0.0,0.00000000,0,7736825,2019-06-04 14:34:24,btc,0.0,0.0,0.00000000,btc,0.0,0.0,0.0,199
0,[],2,[],2019-01-20 23:30:49,0.0,0,0,6477059,2019-01-20 23:30:49,,0.0,0.0,0,,0.0,0.0,0.0,201
1,[],4,[],2019-01-25 15:51:35,2084389.58565343,0.00000936,0.000000000333526752,6499557,2019-01-25 15:51:35,btc,2.0092503037378524,0.0,0.00000936,btc,160195.80207885,0.19272417,1.242687955921835,211
1,[],7,[],2019-06-04 14:34:28,1170169393.7242348,0.00000018,0.00000000001444284,7736826,2019-06-04 14:34:28,btc,15201830.694824895,0.0,0.00000018,btc,6663050.75760839,0.0,11.967950945464535,212
1,[],12,[],2019-01-25 02:44:32,207462.42853209,0.000001080000000000000035831255497387193287295303889550268650054931640625,0.000000000038610756000000006,6493050,2019-01-25 02:44:32,btc,85023.03793723314,0.0,0.000001080000000000000035831255497387193287295303889550268650054931640625,btc,43675.73520027,0.000146250909087,0.0348620860622024,213
1,[],5,[],2019-05-30 00:07:46,0.0,0,0,7709357,2019-05-30 00:07:46,btc,0.0,0.06425239,0,btc,0.0,0.0,0.0,213
1,[],24,[],2019-05-30 00:07:46,0.0,0.000000399202,0.0000000000344859829346,7709358,2019-05-30 00:07:46,btc,0.0,0.0,0.000000399202,btc,0.0,0.0,0.0,213
1,[],26,[],2019-05-30 00:07:47,0.0,0.00000040,0.000000000034554919999999996,7709359,2019-05-30 00:07:47,btc,0.0,0.0,0.00000040,btc,0.0,0.0,0.0,213
0,[],22,[],2019-06-04 14:34:31,0.0,0,0,7736827,2019-06-04 14:34:31,,9.61445386,0.0,0,,3661587.094064925,0.0,0.0,216
0.0000000001318427,[],27,[],2019-06-04 14:34:38,1000.0,1.318427e-18,1.05787945626e-22,7736828,2019-06-04 14:34:38,ltc,88.87788652917752,0.0,0.00000001,"btc,ltc",390976.407688,0.0,1.318427e-15,216
1,[],22,[],2019-06-04 14:34:43,760123.0,0.00000027,0.00000000002166426,7736829,2019-06-04 14:34:43,BTC,12056.46929863,0.0,0.00000027,BTC,514849.0915525827,0.00353048,0.05644488,217
0,[],28,[],2019-06-04 14:35:41,0.0,0,0,7736832,2019-06-04 14:35:41,,0.0,1576159.0,0,,0.0,0.0,0.0,219
1,[],7,[],2019-06-04 14:34:44,0.0,0,0,7736830,2019-06-04 14:34:44,btc,1234864.1057470718,0.0,0,btc,164169253.13147992,0.0,0.0,219
0,[],27,[],2019-06-04 14:34:51,0.0,0,0,7736831,2019-06-04 14:34:51,,261.1953845967132,0.0,0,btc,9255255.74381025,0.0,0.0,219
1,[],22,[],2019-05-23 16:41:05,172069.0,0.00000004,0.0000000000031167080000000004,7674065,2019-05-23 16:41:05,BTC,56.76466137,0.0,0.00000004,BTC,127061.6482738741,0.0,0.00393676,221
1,[],24,[],2019-05-23 16:41:05,0.0,0.000000010000,0.0000000000007791770000000001,7674066,2019-05-23 16:41:05,btc,0.0,0.0,0.000000010000,btc,0.0,0.0,0.0,221
1,[],20,[],2019-06-04 14:35:43,12902128.025,0.000000001,0.000000000000080238,7736833,2019-06-04 14:35:43,btc,100052.67474431724,485757.906,0.000000001,btc,45162297.8408,0.0009065290945,0.012902128025,224
0,[],22,[],2019-06-04 14:35:46,0.0,0,0,7736834,2019-06-04 14:35:46,,0.0,0.0,0,,0.0,0.0,0.0,224
1,[],26,[],2019-06-04 11:35:32,0.0,0.00000025,0.000000000019960650000000002,7736119,2019-06-04 11:35:32,btc,0.0,0.0,0.00000025,btc,0.0,0.0,0.0,231
1,[],26,[],2019-06-04 14:35:46,0.0,0.00000006,0.00000000000481428,7736835,2019-06-04 14:35:46,btc,0.0,0.0,0.00000006,btc,0.0,0.0,0.0,234
0.0000000003129428,[],27,[],2019-06-04 14:35:53,100.0,3.1294280000000003e-18,2.5109904386400003e-22,7736836,2019-06-04 14:35:53,eth,1.14618497004,0.0,0.00000001,"btc,eth",11462.996,0.0,3.129428e-16,234
1,[],4,[],2019-05-22 17:06:12,91780.56053785,0.00000078,0.000000000061977552,7669277,2019-05-22 17:06:12,btc,5.573372450018177,0.0,0.00000078,btc,729173.93529783,0.0,0.0307060663355679,236
1,[],24,[],2019-05-22 17:06:12,0.0,0.000000010000,0.000000000000794584,7669278,2019-05-22 17:06:12,btc,0.0,0.0,0.000000010000,btc,0.0,0.0,0.0,236
1,[],5,[],2019-06-04 14:35:55,0.0,0,0,7736837,2019-06-04 14:35:55,btc,0.0,0.7044449,0,btc,0.0,0.0,0.0,237
1,[],20,[],2019-06-04 14:36:00,125835450.7852,0.000000042,0.000000000003369996,7736838,2019-06-04 14:36:00,btc,8172522.995848629,8890744.6318,0.000000042,btc,45407297.6112,0.3888129954512,0.5943320389651,237
1,[],22,[],2019-06-04 14:36:04,288100.0,0.00000003,0.00000000000240714,7736839,2019-06-04 14:36:04,BTC,1.20267422,0.0,0.00000003,"BTC,LTC",17930.94871794872,0.0,0.007541,237
1,[],4,[],2019-06-04 14:36:05,27670334.335301,0.00000011,0.00000000000882618,7736840,2019-06-04 14:36:05,btc,2.8239469454746886,0.0,0.00000011,btc,9998397.52933922,0.03828647,0.5991525213319085,238
1,[],5,[],2019-06-04 14:36:06,0.0,0,0,7736841,2019-06-04 14:36:06,btc,0.0,0.00315409,0,btc,0.0,0.0,0.0,238
0,[],22,[],2019-03-12 16:49:32,0.0,0,0,6914458,2019-03-12 16:49:32,,0.40415746,0.0,0,,526736.5639027493,0.0,0.0,249
0,[],22,[],2019-05-28 23:53:45,0.0,0,0,7703643,2019-05-28 23:53:45,,13.44714864,0.0,0,,43777534.3426455,0.0,0.0,252
0,[],28,[],2019-06-04 14:36:39,0.0,0,0,7736842,2019-06-04 14:36:39,,0.0,244675.4,0,,0.0,0.0,0.0,256
1,[],22,[],2019-06-04 14:36:42,850992.0,0.00000001,0.0000000000008023800000000001,7736843,2019-06-04 14:36:42,BTC,31464.5506333,0.0,0.00000001,BTC,584951.6675322719,0.00011872,0.00850992,258
1,[],22,[],2019-05-19 18:12:02,400.0,0.00000001,0.0000000000007957800000000001,7653905,2019-05-19 18:12:02,BTC,2.415167,0.0,0.00000001,BTC,157.0,0.0,4e-06,259
1,[],5,[],2019-06-04 14:36:46,0.0,0,0,7736844,2019-06-04 14:36:46,btc,0.0,0.05469498,0,btc,0.0,0.0,0.0,264
1,[],20,[],2019-06-04 14:36:49,960722.0034,0.000000181,0.000000000014523078,7736845,2019-06-04 14:36:49,btc,0.9762719724615,0.0,0.000000181,btc,51736.5911,0.0,0.0085453637255,264
0,[],22,[],2019-04-12 17:57:27,0.0,0,0,7278186,2019-04-12 17:57:27,,66.37522201,0.0,0,,677842.4169881374,0.0,0.0,271
0,[],22,[],2019-05-29 08:10:20,0.0,0,0,7705301,2019-05-29 08:10:20,,33050470.74998113,0.0,0,,14361377780.7,0.0,0.0,272
0,[],28,[],2019-05-29 08:10:54,0.0,0,0,7705302,2019-05-29 08:10:54,,0.0,22189957216.5758,0,,0.0,0.0,0.0,272
1,[],22,[],2019-05-23 07:12:29,219930.0,0.00000004,0.000000000003048688,7671985,2019-05-23 07:12:29,BTC,426.77835217,0.0,0.00000004,BTC,248664.3325962929,0.0,0.00739728,281
1,[],22,[],2019-06-04 14:36:53,984612.85,0.00000004,0.0000000000032095200000000002,7736846,2019-06-04 14:36:53,BTC,31.67274282,0.0,0.00000004,"BTC,LTC",1554232.4569583754,0.00020964,0.04014715,286
0,[],22,[],2019-06-04 14:36:56,0.0,0,0,7736847,2019-06-04 14:36:56,,7337904.96568486,0.0,0,,2004620112.6797826,0.0,0.0,294
