pairValue,buyBook,exchangeId,sellBook,updated,buyTotal,satoshiPrice,usdPrice,exchangeLogId,created,bestPair,sellTotalBtc,volume,pairPrice,activePairs,sellTotal,volumeBtc,buyTotalBtc,coinId
1,[],3,[],2019-06-21 16:52:43,33012.55612972224,0.01050298000000000030185187682718606083653867244720458984375,0.000001036250264250000051462469986,7749532,2019-06-21 16:52:43,btc,10.8859082328708,59.8168702938,0.01050298000000000030185187682718606083653867244720458984375,btc,20.286159980573,0.0,0.4275388848940439,1
1,[],4,[],2019-06-21 16:52:44,353265.19909146,0.01095001,0.000001080355361625000022603800772,7749533,2019-06-21 16:52:44,btc,9.29267282934743,0.0,0.01095001,btc,435.1052275,11.64505305,1.3604899461651507,1
1,[],5,[],2019-06-21 16:52:45,0.0,0,0,7749534,2019-06-21 16:52:45,btc,0.0,0.00670655,0,btc,0.0,0.0,0.0,1
1,[],10,[],2019-06-21 16:52:48,314562.36479264,0.00432161,0.000000426380846625,7749535,2019-06-21 16:52:48,btc,6512.180080054164,1696.33675451,0.00432161,btc,1408.78548434,0.0,1.8158509786562906,1
1,[],12,[],2019-06-21 16:52:49,96.85079788,0.01094000000000000007160938508832259685732424259185791015625,0.000001079367750000000029648298364,7749536,2019-06-21 16:52:49,btc,0.2557702852551,0.0,0.01094000000000000007160938508832259685732424259185791015625,btc,22.31886346,3.329635964664,0.2901147933295,1
1,[],20,[],2019-06-21 16:52:51,918.929,0.01111,0.000001096140375000000022934063674,7749537,2019-06-21 16:52:51,btc,0.174254389599,0.5169,0.01111,btc,12.9218,0.0058862620713,0.1343343269185,1
1,[],21,[],2019-06-21 16:52:52,2100.10364763,0.01095001999999999954538143498,0.000001080356348249999977750017243,7749538,2019-06-21 16:52:52,btc,12.97437694118305,5012.14481381,0.01095001999999999954538143498439239920116961002349853515625,"btc,eth",1598.03627754,51.120934286187925,18.78312858857219,1
1,[],22,[],2019-06-21 16:52:56,0.0395979803020197,0.01000001,0.000000986625986625,7749539,2019-06-21 16:52:56,BTC,0.01666796,0.0,0.01000001,BTC,0.25318100557485945,0.0,0.00021887,1
1,[],24,[],2019-06-21 16:52:56,0.0,0.000000000000,0,7749540,2019-06-21 16:52:56,btc,0.0,0.0,0.000000000000,btc,0.0,0.0,0.0,1
0.0,[],25,[],2019-06-21 16:52:57,0.0,0,0,7749541,2019-06-21 16:52:57,btc,54.349999997776024,8417.54708583,0.0,btc,4855.65740572,94.27,0.0,1
1,[],26,[],2019-06-21 16:52:59,0.0,0,0,7749542,2019-06-21 16:52:59,,0.0,0.0,0,,0.0,0.0,0.0,1
0,[],28,[],2019-06-21 16:53:01,0.0,0,0,7749543,2019-06-21 16:53:01,,0.0,0.0,0,,0.0,0.0,0.0,1
0,[],2,[],2019-01-20 23:28:45,0.0,0,0,6477011,2019-01-20 23:28:45,,0.0,0.0,0,,0.0,0.0,0.0,1
1,[],5,[],2019-06-17 14:29:02,0.0,0,0,7740076,2019-06-17 14:29:02,btc,0.0,2.72e-05,0,btc,0.0,0.0,0.0,2
1,[],22,[],2019-06-17 14:29:06,11550.3,0.0000002,0.0000000000185828,7740077,2019-06-17 14:29:06,BTC,21.00897301,0.0,0.0000002,"BTC,XMR",20678.87287795317,1.754e-05,0.00143681,2
1,[],5,[],2019-06-03 14:48:58,0.0,0,0,7731126,2019-06-03 14:48:58,btc,0.0,0.05905545,0,btc,0.0,0.0,0.0,3
1,[],12,[],2019-06-03 14:48:59,3468623.70302,0.000000116,0.000000000009823402000000002,7731127,2019-06-03 14:48:59,btc,169531.0336573751,0.0,0.000000116,btc,2361209.62379607,0.041350953071,0.33764769154428,3
0,[],28,[],2019-06-03 14:49:00,0.0,0,0,7731128,2019-06-03 14:49:00,,0.0,0.0,0,,0.0,0.0,0.0,3
0,[],2,[],2019-01-20 23:31:32,0.0,0,0,6477077,2019-01-20 23:31:32,,0.0,0.0,0,,0.0,0.0,0.0,4
1,[],4,[],2019-05-18 21:29:50,562734.9206932,0.00000010,0.000000000007298720000000001,7650946,2019-05-18 21:29:50,btc,41.9347137769675,0.0,0.00000010,btc,1123702.32192634,0.00052462,0.029254593370966,4
0,[],12,[],2019-06-02 05:03:43,0.0,0,0,7724919,2019-06-02 05:03:43,btc,625.901992874995,0.0,0,btc,1211362.4995005,0.0,0.0,5
0,[],2,[],2019-01-20 23:31:51,0.0,0,0,6477087,2019-01-20 23:31:51,,0.0,0.0,0,,0.0,0.0,0.0,6
1,[],11,[],2019-06-21 16:53:03,5365894.076736,0.00000002,0.00000000000197325,7749544,2019-06-21 16:53:03,btc,9583.530581907093,10000.0,0.00000002,btc,73368645.95688245,0.0,0.06738688876736,6
1,[],3,[],2019-06-21 16:53:03,12732.70721480357,0.00008527999999999999664913874486416034415015019476413726806640625,0.000000008413938,7749545,2019-06-21 16:53:03,btc,2027.8291414489927,383.237283558,0.00008527999999999999664913874486416034415015019476413726806640625,btc,394.627639815782,0.0,0.03281196765800725,7
1,[],4,[],2019-06-21 16:53:04,298692.73937282,0.00008316,0.0000000082047735,7749546,2019-06-21 16:53:04,btc,8.115160929083508,0.0,0.00008316,btc,61542.57241448,2.06241197,1.8629683834027142,7
1,[],5,[],2019-06-21 16:53:05,0.0,0,0,7749547,2019-06-21 16:53:05,btc,0.0,0.23280263,0,btc,0.0,0.0,0.0,7
1,[],20,[],2019-04-07 22:06:50,3201475.0482,0.000000001,0.000000000000051590000000000004,7213932,2019-04-07 22:06:50,btc,30.8005781811902,0.0,0.000000001,btc,23077405.3926,0.0,0.0032014750482,8
0,[],2,[],2019-01-20 23:22:42,0.0,0,0,6476876,2019-01-20 23:22:42,,0.0,0.0,0,,0.0,0.0,0.0,9
0,[],23,[],2019-01-20 23:22:48,0.0,0,0,6476878,2019-01-20 23:22:48,,0.0,0.0,0,,0.0,0.0,0.0,9
1,[],4,[],2019-06-21 16:53:07,1822201.4151111,0.00000055,0.000000000054264375,7749548,2019-06-21 16:53:07,btc,3.0199562945762377,0.0,0.00000055,btc,2948159.28372318,0.6996293,0.5138810028166,9
0,[],28,[],2019-06-21 16:53:08,0.0,0,0,7749549,2019-06-21 16:53:08,,0.0,0.0,0,,0.0,0.0,0.0,9
1,[],1,[],2019-02-17 23:31:42,1822507.21,0.00000181000000000000003456111265232042484285557293333113193511962890625,0.000000000066086901,6701244,2019-02-17 23:31:42,btc,3.6990969245,17153386.5,0.00000181000000000000003456111265232042484285557293333113193511962890625,btc,1997391.71,31.11772986,3.2610482446,9
1,[],4,[],2019-02-17 11:22:43,4341674.27126056,0.00000002,0.0000000000007272960000000001,6696112,2019-02-17 11:22:43,btc,0.1997230937751353,0.0,0.00000002,btc,4109766.79808031,0.00215132,0.0479381022052112,10
0,[],2,[],2019-01-20 23:23:08,0.0,0,0,6476890,2019-01-20 23:23:08,,0.0,0.0,0,,0.0,0.0,0.0,12
1,[],4,[],2019-06-21 16:53:09,39072528.2408786,0.00000030,0.00000000002959875,7749550,2019-06-21 16:53:09,btc,7.763998605356924,0.0,0.00000030,btc,9534518.91631577,1.61879946,1.641244336798751,12
1,[],5,[],2019-06-21 16:53:10,0.0,0,0,7749551,2019-06-21 16:53:10,btc,0.0,0.04950549,0,btc,0.0,0.0,0.0,12
0.0,[],25,[],2019-06-21 16:53:11,0.0,0,0,7749552,2019-06-21 16:53:11,,0.0,0.0,0.0,btc,0.0,0.0,0.0,12
1,[],10,[],2019-06-21 16:22:09,658854.70403143,0.00000367,0.00000000036293143799999997,7749385,2019-06-21 16:22:09,btc,666798.4703279573,30314.9523146,0.00000367,btc,894999.14809213,0.0,0.3513708606583384,13
1,[],4,[],2019-06-21 16:53:12,431287.73328211,0.00000375,0.000000000369984375,7749553,2019-06-21 16:53:12,btc,1.9322918071910145,0.0,0.00000375,btc,308902.42394065,0.37741521,0.2343362716753239,13
1,[],21,[],2019-06-21 16:53:15,4374526.02945914,0.000003800000000000000039801061752,0.0000000003749175,7749554,2019-06-21 16:53:15,btc,3.5477115407057416,365057.17260362,0.0000038000000000000000398010617519428677724135923199355602264404296875,btc,753629.14552789,1.39164959,3.5710089172066377,13
1,[],4,[],2019-06-21 16:53:16,1186656.90464063,0.00000069,0.000000000068077125,7749555,2019-06-21 16:53:16,btc,11.455571852825674,0.0,0.00000069,btc,860202.79312265,0.68477223,0.2051342717955577,14
1,[],12,[],2019-06-21 16:53:17,221329.74536728,0.00000058,0.000000000057224249999999995,7749556,2019-06-21 16:53:17,btc,184.2525526578576,0.0,0.00000058,btc,26501.75357547,0.000203015245,0.0187728799999775,14
1,[],26,[],2019-06-21 16:55:17,0.0,0.00000050,0.000000000049331250000000003,7749557,2019-06-21 16:55:17,btc,0.0,0.0,0.00000050,btc,0.0,0.0,0.0,14
0,[],17,[],2019-05-03 00:53:32,0.0,0,0,7558876,2019-05-03 00:53:32,btc,0.0,0.0,0,btc,0.0,0.0,0.0,14
,[],12,[],2018-12-01 15:15:48,204241.84496,0.00000489,0.000000000202473384,5260204,2018-12-01 15:15:48,btc,49.5475654835,0.0,,btc,35763.2193806,0.0163153972027625,0.0203389899998,15
0,[],4,[],2019-06-21 16:55:18,0.0,0,0,7749558,2019-06-21 16:55:18,,0.0,0.0,0,,0.0,0.0,0.0,15
1,[],4,[],2019-06-21 16:30:58,34308.23922866,0.00000991,0.0000000009788642140000002,7749434,2019-06-21 16:30:58,btc,2.4596662755820633,0.0,0.00000991,btc,17208.49660457,0.03554301,0.0712281433206848,18
1,[],10,[],2019-06-21 16:31:00,275253.62473173,0.00001025,0.00000000101244785,7749435,2019-06-21 16:31:00,btc,14.909591582095713,14180.3718211,0.00001025,btc,11866.81349418,0.0,0.1260324389016221,18
1,[],12,[],2019-06-21 16:31:01,3098.12096686,0.000010859999999999999360333728659622209988810936920344829559326171875,0.000000001072700844,7749436,2019-06-21 16:31:01,btc,0.5362222118207163,0.0,0.000010859999999999999360333728659622209988810936920344829559326171875,btc,1852.42821369,0.000627985343,0.0085671035978336,18
0,[],2,[],2019-01-20 23:23:38,0.0,0,0,6476906,2019-01-20 23:23:38,,0.0,0.0,0,,0.0,0.0,0.0,18
0,[],17,[],2019-05-03 00:53:39,0.0,0,0,7558882,2019-05-03 00:53:39,btc,0.0,0.0,0,btc,0.0,0.0,0.0,18
0,[],2,[],2019-01-20 23:24:19,0.0,0,0,6476924,2019-01-20 23:24:19,,0.0,0.0,0,,0.0,0.0,0.0,19
1,[],3,[],2019-06-21 16:55:19,155958.85200846518,0.00000955999999999999994855677531990778561521437950432300567626953125,0.0000000009432135,7749559,2019-06-21 16:55:19,btc,191.56037363850882,13862.9553515,0.00000955999999999999994855677531990778561521437950432300567626953125,btc,21251.96260652027,0.0,0.07893491633083578,19
1,[],4,[],2019-06-21 16:55:19,309051.31167247,0.00001036,0.0000000010221435,7749560,2019-06-21 16:55:19,btc,6.4970137709158315,0.0,0.00001036,btc,267234.29897079,0.4631066,1.328752540419366,19
1,[],5,[],2019-06-21 16:55:20,0.0,0,0,7749561,2019-06-21 16:55:20,btc,0.0,0.01277807,0,btc,0.0,0.0,0.0,19
1,[],12,[],2019-06-21 16:55:21,109048.71883467,0.0000070199999999999997035075686990790444497179123573005199432373046875,0.00000000069261075,7749562,2019-06-21 16:55:21,btc,0.36832850544650747,0.0,0.0000070199999999999997035075686990790444497179123573005199432373046875,btc,2973.67008334,0.0,0.0199974313763307,19
0,[],27,[],2019-06-21 16:55:26,0.0,0,0,7749563,2019-06-21 16:55:26,,0.0,0.0,0,btc,0.0,0.0,0.0,19
1,[],4,[],2019-06-21 16:55:26,10157597.23656777,0.00000005,0.000000000004933125,7749564,2019-06-21 16:55:26,btc,6.358916255187786,0.0,0.00000005,btc,2305311.3564439,0.00992686,0.1208947238096551,20
0,[],4,[],2019-06-21 16:55:27,0.0,0,0,7749565,2019-06-21 16:55:27,,5367.794656750465,0.0,0,,83371698.26581892,0.0,0.0,21
0,[],12,[],2019-06-21 16:55:28,0.0,0,0,7749566,2019-06-21 16:55:28,btc,2603.6057869046153,0.0,0,btc,7575442.25974023,7.021978e-05,0.0,21
0,[],17,[],2019-05-03 00:53:51,0.0,0,0,7558891,2019-05-03 00:53:51,btc,0.0,0.0,0,btc,0.0,0.0,0.0,21
1,[],12,[],2019-06-21 16:35:18,5478062238.277,0.0000000004,0.00000000000003951016,7749445,2019-06-21 16:35:18,btc,1428620268574.9336,0.0,0.0000000004,btc,2646720369.303696,0.303241694097,1.3213072179108003,23
0.0000000002927006,[],27,[],2019-06-21 16:35:23,62208277.0,8.781018e-18,8.673485653572001e-22,7749446,2019-06-21 16:35:23,eth,1046.6886174770805,13708530.0,0.00000003,eth,5252071.24779221,1.2037484868354e-10,2.62039969208502e-10,23
1,[],4,[],2019-06-21 16:57:29,6067562.90663314,0.00000016,0.000000000015786,7749567,2019-06-21 16:57:29,btc,10.227278597558536,0.0,0.00000016,btc,1785640.41412463,0.00010102,0.1294603275800017,24
0,[],22,[],2019-06-21 16:57:32,0.0,0,0,7749568,2019-06-21 16:57:32,,6.22e-05,0.0,0,,517.4264705882352,0.0,0.0,24
0.0,[],25,[],2019-06-21 16:57:33,0.0,0,0,7749569,2019-06-21 16:57:33,,0.0,0.0,0.0,btc,0.0,0.0,0.0,24
1,[],4,[],2019-06-21 16:35:29,26942458.33333163,0.00000428,0.00000000042275871200000003,7749450,2019-06-21 16:35:29,btc,7.557399257599554,0.0,0.00000428,btc,206166.62348752,0.08724574,0.4604805108996803,26
1,[],10,[],2019-06-21 16:35:31,222683.45971086,0.00000405,0.00000000040004037000000004,7749451,2019-06-21 16:35:31,btc,25.266745990352547,7933.45106675,0.00000405,btc,19881.28046896,0.0,0.051590383877751,26
0,[],2,[],2019-01-20 23:25:56,0.0,0,0,6476976,2019-01-20 23:25:56,,0.0,0.0,0,,0.0,0.0,0.0,26
1,[],5,[],2019-04-26 09:47:06,0.0,0,0,7465326,2019-04-26 09:47:06,btc,0.0,0.0,0,btc,0.0,0.0,0.0,27
1,[],3,[],2019-06-17 14:30:26,13571825.64059417,0.00000001,0.00000000000092914,7740112,2019-06-17 14:30:26,btc,3.485049956644059,4264730.43754,0.00000001,btc,23500048.28518193,0.0,0.1357182564059417,27
1,[],11,[],2019-06-17 14:30:28,2031833.58157834,0.00000001,0.00000000000092914,7740113,2019-06-17 14:30:28,btc,67502.92060589766,32677.9652116,0.00000001,btc,6487362.95640949,0.0,0.0203183358157834,27
1,[],4,[],2019-06-21 16:57:34,936399890.661286,0.00000001,0.000000000000986625,7749570,2019-06-21 16:57:34,btc,6.194412878784689,0.0,0.00000001,"btc,ltc",424433355.2159204,0.0657993,6.211995508917897,29
1,[],7,[],2019-06-21 16:57:35,88245545.39145988,0.00000001,0.000000000000986625,7749571,2019-06-21 16:57:35,btc,46548272.19349154,0.0,0.00000001,btc,36555875.14385779,0.0,0.8824554539145988,29
1,[],4,[],2019-06-21 16:35:35,15522975.90064791,0.00000005,0.00000000000493877,7749454,2019-06-21 16:35:35,btc,2.5886069753308303,0.0,0.00000005,btc,2238109.19211373,0.00025,0.1731523644110231,30
0,[],17,[],2019-05-03 01:11:25,0.0,0,0,7559066,2019-05-03 01:11:25,btc,0.0,0.0,0,btc,0.0,0.0,0.0,30
1,[],4,[],2019-06-21 16:57:36,205600.25104045,0.00004261,0.000000004204009125,7749572,2019-06-21 16:57:36,btc,4.221927719059024,0.0,0.00004261,btc,58080.68292726,0.7623893,0.4659773510338329,31
1,[],21,[],2019-06-21 16:57:37,193576.02965548998,0.00004229999999999999819172424864,0.00000000417342375,7749573,2019-06-21 16:57:37,btc,5.73005146851702,184258.43706741,0.000042299999999999998191724248641776284785009920597076416015625,btc,111360.90416546,8.33556607,4.2968067034198745,31
0,[],2,[],2019-01-20 23:28:43,0.0,0,0,6477009,2019-01-20 23:28:43,,0.0,0.0,0,,0.0,0.0,0.0,32
1,[],12,[],2019-03-30 07:55:10,40641173.964,0.00000003,0.000000000001228359,7108785,2019-03-30 07:55:10,btc,4233210.82356125,0.0,0.00000003,btc,28378394.68333462,0.0126927883965248,0.90752895892,33
0,[],4,[],2019-06-21 16:57:39,0.0,0,0,7749574,2019-06-21 16:57:39,,0.0,0.0,0,,0.0,0.0,0.0,33
0.00000000013955489999999998,[],4,[],2019-06-21 16:57:40,148610674.79020244,6.6986352e-17,6.6090409542e-21,7749575,2019-06-21 16:57:40,ltc,4.103483870591524,0.0,0.00000048,ltc,160325323.16237032,0.0,8.652392023633313e-10,34
1,[],5,[],2019-06-21 16:57:42,0.0,0,0,7749576,2019-06-21 16:57:42,btc,0.0,0.07160285,0,btc,0.0,0.0,0.0,34
0.0000000002926451,[],17,[],2019-05-02 18:17:47,200000.0,2.9264510000000002e-18,1.596703856561e-22,7556430,2019-05-02 18:17:47,eth,0.20942468735267253,0.0,0.00000001,"btc,eth",1018272.20243647,0.0,5.852902e-13,36
0.0000000001311821,[],4,[],2019-05-31 13:28:19,2417517744.0607657,1.311821e-18,1.105058333085e-22,7717483,2019-05-31 13:28:19,ltc,5.019900492391546e-08,0.0,0.00000001,ltc,7102398142.262129,0.0,3.171350544531538e-09,36
1,[],5,[],2019-05-31 13:28:21,0.0,0,0,7717484,2019-05-31 13:28:21,btc,0.0,0.0,0,btc,0.0,0.0,0.0,36
0.0000000003108179,[],27,[],2019-05-31 13:30:34,10388811.226876,6.216358000000001e-18,5.236566733830001e-22,7717485,2019-05-31 13:30:34,eth,1569.8708019850988,761866.634299,0.00000002,"ltc,eth",5084024.2511555,4.736034912207001e-12,3.3251980286483705e-11,36
1,[],17,[],2019-05-03 01:11:36,211752.74075282,0.00000025,0.000000000013700074999999998,7559074,2019-05-03 01:11:36,btc,0.055484923955058496,0.0,0.00000025,"btc,eth",1387.19918473,0.0,0.0005381851887916605,37
1,[],4,[],2019-06-21 16:57:43,10364757.71937784,0.00000013,0.000000000012826125,7749577,2019-06-21 16:57:43,btc,19772.158651797065,0.0,0.00000013,btc,688972.71588046,0.00062057,0.1452301296194849,37
1,[],12,[],2019-06-21 16:57:43,4348470.43900002,0.00000015,0.000000000014799375,7749578,2019-06-21 16:57:43,btc,7.371919846158197,0.0,0.00000015,btc,1668946.67213619,0.013967206641,0.17439016586000208,37
1,[],27,[],2019-06-21 16:59:48,11304.0,0.00000019,0.000000000018745875,7749579,2019-06-21 16:59:48,btc,22.62970013895233,0.0,0.00000019,btc,4298.824295,0.0,0.00168776,37
1,[],5,[],2019-06-21 16:59:49,0.0,0,0,7749580,2019-06-21 16:59:49,btc,0.0,0.62190631,0,btc,0.0,0.0,0.0,42
1,[],12,[],2019-06-21 16:59:50,174623.18667522,0.00000225999999999999996125820377057547005961168906651437282562255859375,0.00000000022297725,7749581,2019-06-21 16:59:50,btc,494.1186798681847,0.0,0.00000225999999999999996125820377057547005961168906651437282562255859375,btc,191938.63348097,0.191508745861,0.0556353175900982,42
1,[],27,[],2019-06-21 16:59:57,1581.0,0.0000005,0.000000000049331250000000003,7749582,2019-06-21 16:59:57,btc,0.07600425,0.0,0.0000005,"btc,eth",18.0,0.0,0.0005435000003081208,42
1,[],12,[],2019-03-13 09:13:29,1112112.0,0.00000001,0.000000000000386531,6919902,2019-03-13 09:13:29,btc,29058.00478931866,0.0,0.00000001,btc,5967681.93306694,9.99000999e-07,0.01112112,43
1,[],5,[],2019-04-26 22:38:52,0.0,0,0,7474154,2019-04-26 22:38:52,btc,0.0,0.02638891,0,btc,0.0,0.0,0.0,43
0,[],17,[],2019-04-26 22:38:53,0.0,0,0,7474155,2019-04-26 22:38:53,btc,0.0,0.0,0,btc,0.0,0.0,0.0,43
1,[],12,[],2019-03-05 01:54:08,639326.02,0.00000004,0.000000000001486676,6845775,2019-03-05 01:54:08,btc,11116042.728239931,0.0,0.00000004,btc,1103841.4595604,0.0003330765234764,0.014975410599999999,44
0.00000000013955489999999998,[],4,[],2019-06-21 16:59:58,107448428.79638895,5.1635312999999997e-17,5.0944690688625e-21,7749583,2019-06-21 16:59:58,ltc,2601.9095001958945,0.0,0.00000037,ltc,26328256.33484133,0.00286734,6.738290004196008e-10,49
0.00000000013985090000000002,[],4,[],2019-06-21 16:39:57,314531689.76530623,2.797018e-17,2.7627657175720004e-21,7749467,2019-06-21 16:39:57,ltc,26727.58954536157,0.0,0.0000002,ltc,174821597.53610626,0.0,2.6000689092504693e-09,52
0,[],22,[],2019-06-21 17:00:00,0.0,0,0,7749584,2019-06-21 17:00:00,,10289.79884133,0.0,0,,286158287.4566013,0.0,0.0,57
0,[],27,[],2019-06-21 17:00:07,0.0,0,0,7749585,2019-06-21 17:00:07,,0.0,0.0,0,"btc,eth",0.0,0.0,0.0,57
0,[],4,[],2019-06-21 16:40:10,0.0,0,0,7749470,2019-06-21 16:40:10,,19.716974919090532,0.0,0,,5712602174.541042,0.00085,0.0,58
1,[],12,[],2019-06-21 16:40:11,821120446.1,0.0000000001,0.00000000000000987754,7749471,2019-06-21 16:40:11,btc,34239839.20577777,0.0,0.0000000001,btc,2702954190.055901,0.00291565645,0.08211204461,58
0.0000000001096319,[],22,[],2019-06-21 16:42:14,126877.0,1.0963189999999999e-18,1.082893477526e-22,7749472,2019-06-21 16:42:14,XMR,68.17454206,0.0,0.00000001,XMR,9626402.6,0.0,0.00126877,58
1,[],17,[],2019-05-03 01:12:09,1200000.0,0.0000000001,0.00000000000000548003,7559085,2019-05-03 01:12:09,btc,1e+24,0.0,0.0000000001,"btc,eth",39516342.31952568,0.0,0.00010000000058666061,58
1,[],5,[],2019-06-17 14:31:27,0.0,0,0,7740135,2019-06-17 14:31:27,btc,0.0,0.00079154,0,btc,0.0,0.0,0.0,61
1,[],22,[],2019-06-17 14:31:30,13612.833333333334,0.00000012,0.00000000001114968,7740136,2019-06-17 14:31:30,BTC,1002.29123003,0.0,0.00000012,BTC,15014.200177125656,0.0,0.00153257,61
1,[],26,[],2019-06-17 14:31:30,0.0,0.00000050,0.000000000046457,7740137,2019-06-17 14:31:30,btc,0.0,0.0,0.00000050,btc,0.0,0.0,0.0,61
1,[],27,[],2019-06-17 14:31:36,8400.0,0.00000018,0.00000000001672452,7740138,2019-06-17 14:31:36,btc,1.9742539297246655,0.0,0.00000018,"btc,eth",10953.51663696,0.0,0.001512,61
0,[],28,[],2019-06-17 14:31:38,0.0,0,0,7740139,2019-06-17 14:31:38,,0.0,0.0,0,,0.0,0.0,0.0,61
1,[],4,[],2019-06-21 16:42:16,894107.95553249,0.00000082,0.00000000008099582800000001,7749473,2019-06-21 16:42:16,btc,3.294163855057183,0.0,0.00000082,btc,1194049.38684495,0.36590768,0.5167350268347551,67
0.0,[],25,[],2019-06-21 16:42:17,0.0,0,0,7749474,2019-06-21 16:42:17,,0.0,0.0,0.0,btc,0.0,0.0,0.0,67
1,[],12,[],2019-06-02 06:23:14,910048.355,0.00000006,0.000000000005154929999999999,7725270,2019-06-02 06:23:14,btc,5.167005424215783,0.0,0.00000006,btc,738530.60239759,0.003159757462,0.0187188113,71
,[],5,[],2018-11-20 23:02:39,1.5e-07,0.00000005,0.000000000002128045,4862160,2018-11-20 23:02:39,btc,2.84511358,0.0,,btc,0.00036572,0.0,0.07381892,74
1,[],5,[],2019-06-21 16:42:18,0.0,0,0,7749475,2019-06-21 16:42:18,btc,0.0,0.01179113,0,btc,0.0,0.0,0.0,75
1,[],4,[],2019-06-04 03:25:15,715281.46076168,0.00000001,0.000000000000803619,7734085,2019-06-04 03:25:15,btc,581089.6218469425,0.0,0.00000001,btc,37692563.61091116,0.0,0.0071528146076168,81
0,[],20,[],2019-01-25 09:30:31,0.0,0,0,6495923,2019-01-25 09:30:31,btc,0.0,0.0,0,btc,0.0,0.0,0.0,81
1,[],4,[],2019-06-21 16:42:19,225344.20304361,0.00009868,0.000000009747156472,7749476,2019-06-21 16:42:19,btc,56.73324733655291,0.0,0.00009868,btc,109592.25661881,1.26345243,0.2924858522647731,82
1,[],21,[],2019-06-21 16:42:19,70102.80050919,0.00009500000000000000523019128007,0.000000009383663000000002,7749477,2019-06-21 16:42:19,btc,7.478794182436586,30483.1709832,0.00009500000000000000523019128007007338965195231139659881591796875,btc,63856.35016881,2.96334064,4.967193919713558,82
0,[],17,[],2019-03-25 22:42:34,0.0,0,0,7038780,2019-03-25 22:42:34,btc,0.0445064681804024,0.0,0,btc,995513.18476001,0.0,0.0,84
0.0000000001161485,[],4,[],2019-05-20 13:09:39,216715621.0206096,1.161485e-18,9.0533806701e-23,7657228,2019-05-20 13:09:39,ltc,1.6511566870244727,0.0,0.00000001,ltc,471032407.9048656,0.0,2.5171194308112273e-10,85
,[],22,[],2018-11-20 23:09:34,3408.1,0.0000001,0.0000000000041895,4862324,2018-11-20 23:09:34,BTC,0.04624735,0.0,,BTC,4990.0,0.0,0.00033081,86
1,[],22,[],2019-06-21 16:42:24,117294.0,0.00000006,0.000000000005926524000000001,7749478,2019-06-21 16:42:24,BTC,1.81020153,0.0,0.00000006,BTC,196224.94736842104,0.0,0.00390484,87
1,[],27,[],2019-06-21 16:42:29,269523.0,0.00000003,0.0000000000029632620000000004,7749479,2019-06-21 16:42:29,btc,1.96738418326,44190.0,0.00000003,btc,516743.402,0.0048609,0.00708569,87
,[],2,[],2018-11-20 23:10:47,0.0,0,0,4862359,2018-11-20 23:10:47,,0.0,0.0,,,0.0,0.0,0.0,88
1,[],11,[],2019-06-17 14:31:59,193715.3529613,0.000073310000000000001140094962881477158589405007660388946533203125,0.00000000681152534,7740147,2019-06-17 14:31:59,btc,168.35454702024953,5791.70569014,0.000073310000000000001140094962881477158589405007660388946533203125,btc,196971.41170107,0.0,1.1996165759440112,89
0,[],2,[],2019-01-20 23:31:45,0.0,0,0,6477083,2019-01-20 23:31:45,,0.0,0.0,0,,0.0,0.0,0.0,91
1,[],12,[],2019-06-18 02:35:48,427715.74,0.00000015,0.000000000013911045000000001,7746087,2019-06-18 02:35:48,btc,116.61022144471085,0.0,0.00000015,btc,193315.55943968,0.000180759303,0.0129558314,91
1,[],22,[],2019-06-20 20:27:07,75910.0,0.00000002,0.000000000001914908,7746207,2019-06-20 20:27:07,BTC,0.49565371,0.0,0.00000002,"BTC,LTC",6.384990670617935,0.0,0.0016592,91
0,[],17,[],2019-05-03 01:12:26,0.0,0,0,7559096,2019-05-03 01:12:26,btc,0.0,0.0,0,btc,0.0,0.0,0.0,91
1,[],22,[],2019-06-21 16:42:33,106655.66666666667,0.00000003,0.0000000000029632620000000004,7749480,2019-06-21 16:42:33,BTC,11.33277936,0.0,0.00000003,"BTC,LTC",292958.0280038263,0.0,0.06917967,95
0.00000000013985090000000002,[],4,[],2019-06-21 16:42:33,540293462.334425,2.6571671000000002e-17,2.6246274316934006e-21,7749481,2019-06-21 16:42:33,ltc,11.32741132587771,0.0,0.00000019,ltc,156639654.94976705,0.0,9.388600599735036e-10,96
0,[],12,[],2019-06-21 16:42:35,0.0,0,0,7749482,2019-06-21 16:42:35,btc,36.47432244859141,0.0,0,btc,9846598.85914086,7.872128e-06,0.0,96
0,[],17,[],2019-05-03 01:12:32,0.0,0,0,7559100,2019-05-03 01:12:32,btc,0.0,0.0,0,btc,0.0,0.0,0.0,96
1,[],4,[],2019-04-14 03:32:46,1039404.33283278,0.00000038,0.000000000019245518,7293458,2019-04-14 03:32:46,btc,4.170086055365747,0.0,0.00000038,btc,3097704.34561074,0.06260606,0.1859928211030784,99
1,[],4,[],2019-06-21 16:44:36,278275.18565951,0.00001390,0.0000000013729780600000002,7749483,2019-06-21 16:44:36,btc,7.215072258499861,0.0,0.00001390,btc,160654.93965665,0.29514954,0.5448088976171379,100
0,[],2,[],2019-01-20 23:23:55,0.0,0,0,6476914,2019-01-20 23:23:55,,0.0,0.0,0,,0.0,0.0,0.0,100
1,[],22,[],2019-06-05 06:30:35,150000.0,0.00000002,0.000000000001558192,7740007,2019-06-05 06:30:35,BTC,28.56386409,0.0,0.00000002,BTC,12787.719,0.0,0.0017,101
1,[],4,[],2019-06-21 16:44:36,468790.014326,0.00000160,0.00000000015804064,7749484,2019-06-21 16:44:36,btc,553.6218590756757,0.0,0.00000160,btc,650613.98041579,0.01740163,0.1487148135619469,103
1,[],12,[],2019-06-17 14:32:14,179201505.10870332,0.000000005,0.00000000000046457,7740154,2019-06-17 14:32:14,btc,113577.79366343976,0.0,0.000000005,btc,79148141.67831126,0.019059029059,0.27280986350611003,105
1,[],27,[],2019-06-17 14:32:19,18306828.03496503,0.00000002,0.00000000000185828,7740155,2019-06-17 14:32:19,btc,180.7198218385489,1083.96503497,0.00000002,btc,276513.60142659,7.588e-05,0.3661365606993006,105
1,[],22,[],2019-04-21 00:17:26,21333.0,0.00000001,0.000000000000532493,7385819,2019-04-21 00:17:26,BTC,51.38182867,0.0,0.00000001,BTC,470435.0,0.0,0.00021333,107
1,[],26,[],2019-04-21 00:17:26,0.0,0.00000000,0,7385820,2019-04-21 00:17:26,btc,0.0,0.0,0.00000000,btc,0.0,0.0,0.0,107
1,[],5,[],2019-06-21 16:44:39,0.0,0,0,7749485,2019-06-21 16:44:39,btc,0.0,0.02512414,0,btc,0.0,0.0,0.0,112
0,[],22,[],2019-06-21 16:44:42,0.0,0,0,7749486,2019-06-21 16:44:42,,6.79500102,0.0,0,,3375892.0833333335,0.0,0.0,112
1,[],27,[],2019-06-21 16:44:49,1.0,0.00000001,0.0000000000009877540000000002,7749487,2019-06-21 16:44:49,btc,1.14885,0.0,0.00000001,"btc,eth",39.0,0.0,1e-08,112
1,[],4,[],2019-06-21 16:44:50,1073666.03319672,0.00000069,0.00000000006815502600000001,7749488,2019-06-21 16:44:50,btc,4.84022153047799,0.0,0.00000069,btc,802078.81255718,0.03774227,0.2425976659718624,113
1,[],5,[],2019-06-21 16:44:51,0.0,0,0,7749489,2019-06-21 16:44:51,btc,0.0,0.0,0,btc,0.0,0.0,0.0,113
1,[],17,[],2019-04-26 02:17:47,162738.278,0.00000004,0.0000000000021069000000000002,7461287,2019-04-26 02:17:47,btc,1.3331140273775473,0.0,0.00000004,btc,51796.221,0.0,0.00230953112,116
1,[],27,[],2019-05-22 05:13:01,210000.0,0.00000001,0.00000000000079145,7666372,2019-05-22 05:13:01,btc,3919.0005001478,0.0,0.00000001,btc,128660.871,0.0,0.0021,116
1,[],4,[],2019-05-21 22:31:11,138169.03963019,0.00000701,0.000000000558364025,7664793,2019-05-21 22:31:11,btc,150.95388250938234,0.0,0.00000701,btc,344631.17141974,0.07552974,0.4288357684941946,120
1,[],7,[],2019-05-21 22:31:12,3901.07750076,0.000010679999999999999389654892212320191902108490467071533203125,0.0000000008506887,7664794,2019-05-21 22:31:12,btc,231188.94669936574,0.0,0.000010679999999999999389654892212320191902108490467071533203125,btc,4133.83151364,0.0,0.0113888422364489,120
1,[],20,[],2019-04-07 18:42:29,1914137.0852,0.000000035,0.0000000000017871910000000002,7211992,2019-04-07 18:42:29,btc,32.2497668025648,25528.85,0.000000035,btc,1001975.4986,0.00089350975,0.0152723574729,125
1,[],22,[],2019-06-17 14:32:38,10000.0,0.00000001,0.00000000000092914,7740161,2019-06-17 14:32:38,BTC,0.032061,0.0,0.00000001,BTC,299316.7611111111,0.0,0.0001,126
1,[],4,[],2019-06-21 16:44:52,2959017.3749482,0.00000447,0.000000000441526038,7749490,2019-06-21 16:44:52,btc,2.3444305880273584,0.0,0.00000447,btc,169506.39464373,0.1633271,0.568379308553195,131
0,[],2,[],2019-01-20 23:25:46,0.0,0,0,6476969,2019-01-20 23:25:46,,0.0,0.0,0,,0.0,0.0,0.0,131
1,[],17,[],2019-05-03 01:13:10,10000.0,0.00000001,0.000000000000548003,7559115,2019-05-03 01:13:10,btc,0.0953976503951408,0.0,0.00000001,btc,5037.62507334,0.0,0.0001,131
1,[],4,[],2019-06-17 14:32:42,4848.49465417,0.00007919,0.00000000735785966,7740163,2019-06-17 14:32:42,btc,0.9905723729472744,0.0,0.00007919,btc,202.13055914,0.0,0.0061509344290166,135
1,[],3,[],2019-06-05 06:33:11,40600.27748212,0.00000001,0.000000000000779096,7740019,2019-06-05 06:33:11,btc,0.2308097808993716,2146378.52189,0.00000001,btc,2477992.76904676,0.0,0.0004060027748212,136
1,[],4,[],2019-06-21 16:46:53,569644.63647752,0.00000172,0.00000000016989368800000003,7749491,2019-06-21 16:46:53,btc,110.30740740422229,0.0,0.00000172,btc,583338.03208336,0.03996992,0.4917051660455128,137
1,[],12,[],2019-06-21 16:46:54,66555.21156453001,0.000001599999999999999927596978921418013896982301957905292510986328125,0.00000000015804064,7749492,2019-06-21 16:46:54,btc,84.62667416084214,0.0,0.000001599999999999999927596978921418013896982301957905292510986328125,btc,82793.24240518,6.44e-06,0.0147130499999372,137
1,[],4,[],2019-06-21 16:46:55,265078.01829692,0.00001651,0.0000000016307818540000002,7749493,2019-06-21 16:46:55,btc,9.080954696690167,0.0,0.00001651,btc,164617.63417255,0.42054493,0.5279848940509931,142
1,[],5,[],2019-06-21 16:46:57,0.0,0,0,7749494,2019-06-21 16:46:57,btc,0.0,0.01647811,0,btc,0.0,0.0,0.0,142
1,[],20,[],2019-06-21 16:48:59,268550.9759,0.000015555,0.0000000015364513470000002,7749495,2019-06-21 16:48:59,btc,1.6060640999121,0.0,0.000015555,btc,9785.9993,0.0,0.0192499543225,142
1,[],22,[],2019-06-21 16:49:02,10715.0,0.00001299,0.0000000012830924460000001,7749496,2019-06-21 16:49:02,BTC,2.99759384,0.0,0.00001299,BTC,835.7198755539798,0.0,0.00540125,142
0.0,[],25,[],2019-06-21 16:49:03,0.0,0,0,7749497,2019-06-21 16:49:03,,0.0,0.0,0.0,btc,0.0,0.0,0.0,142
0,[],28,[],2019-06-21 16:49:05,0.0,0,0,7749498,2019-06-21 16:49:05,,0.0,0.0,0,,0.0,0.0,0.0,142
1,[],17,[],2019-05-03 01:13:16,32967.38636364,0.00000088,0.000000000048224264,7559122,2019-05-03 01:13:16,btc,20.06976206696776,0.0,0.00000088,btc,2746.079105,0.0,0.0105613000000032,142
0,[],22,[],2019-06-21 16:49:07,0.0,0,0,7749499,2019-06-21 16:49:07,,1635.98618676,0.0,0,,788450755.3,0.0,0.0,143
0,[],22,[],2019-02-25 15:42:22,0.0,0,0,6783783,2019-02-25 15:42:22,,4.2131946,0.0,0,,2322156.0,0.0,0.0,146
,[],22,[],2018-11-20 23:01:11,0.0,0,0,4862114,2018-11-20 23:01:11,,2.56807021,0.0,,,61828.4988236,0.0,0.0,147
1,[],12,[],2019-04-21 06:38:04,193091.5971266,0.00000071,0.000000000037635183,7388679,2019-04-21 06:38:04,btc,2.301232411611175,0.0,0.00000071,btc,9957.48302385,0.00023528,0.0313308199999888,148
1,[],4,[],2019-03-19 21:31:25,255810.0415942,0.00000029,0.000000000011615747,6982695,2019-03-19 21:31:25,btc,218.94922712414143,0.0,0.00000029,btc,793529.37642722,0.00117,0.0608347789473395,152
0,[],22,[],2019-03-19 21:31:27,0.0,0,0,6982696,2019-03-19 21:31:27,,0.0,0.0,0,,0.0,0.0,0.0,152
1,[],5,[],2019-04-26 09:36:59,0.0,0,0,7465040,2019-04-26 09:36:59,btc,0.0,0.0,0,btc,0.0,0.0,0.0,153
,[],16,[],2019-01-11 15:38:59,0.0,0,0,6366141,2019-01-11 15:38:59,btc,0.0,0.0,,btc,0.0,0.0,0.0,155
0,[],23,[],2019-01-20 23:24:29,0.0,0,0,6476932,2019-01-20 23:24:29,,0.0,0.0,0,,0.0,0.0,0.0,156
0,[],22,[],2019-06-04 06:02:09,0.0,0,0,7734688,2019-06-04 06:02:09,,7.43375324,0.0,0,,5955762.942592593,0.0,0.0,156
1,[],22,[],2019-06-21 16:49:12,6996.0,0.00000001,0.0000000000009877540000000002,7749500,2019-06-21 16:49:12,BTC,1.7543039,0.0,0.00000001,BTC,57.0,0.0,6.996e-05,157
0,[],22,[],2019-05-21 23:40:32,0.0,0,0,7665049,2019-05-21 23:40:32,,50234.60468402,0.0,0,,54786159.03179465,0.0,0.0,158
,[],17,[],2018-11-20 22:56:10,0.0,0,0,4861976,2018-11-20 22:56:10,btc,1.1265625,0.0,,btc,1000.0,0.0,0.0,159
,[],20,[],2018-11-20 22:56:12,0.0,0,0,4861977,2018-11-20 22:56:12,btc,11912.7940471,0.0,,btc,34413894.3617,0.0,0.0,159
1,[],12,[],2019-05-24 02:51:20,9178.522006449999,0.00000191999999999999982841307998027158276954651228152215480804443359375,0.000000000151222656,7676256,2019-05-24 02:51:20,btc,149.80414728631675,0.0,0.00000191999999999999982841307998027158276954651228152215480804443359375,btc,1115.7451448499999,0.01783167678326,0.0120075778999181,168
1,[],17,[],2019-05-03 01:13:36,42852.0,0.00000002,0.000000000001096006,7559132,2019-05-03 01:13:36,btc,0.04279856251542,0.0,0.00000002,btc,274.46171372,0.0,0.00052852,168
1,[],22,[],2019-05-17 03:01:52,10.0,0.00000001,0.000000000000778341,7642059,2019-05-17 03:01:52,BTC,41.95893009,0.0,0.00000001,BTC,1753972.7737547632,0.0,1e-07,169
1,[],22,[],2019-05-30 08:38:18,202834.0,0.00000002,0.0000000000017416160000000001,7711049,2019-05-30 08:38:18,BTC,27.87002826,0.0,0.00000002,BTC,462189.5410507793,0.0,0.00211768,171
1,[],22,[],2019-05-29 08:05:18,349870.0,0.00000002,0.000000000001705894,7705265,2019-05-29 08:05:18,BTC,24.05907723,0.0,0.00000002,"BTC,LTC",1224285.4355616204,0.0,0.0039847,173
1,[],5,[],2019-06-21 16:49:13,0.0,0,0,7749501,2019-06-21 16:49:13,btc,0.0,0.01595877,0,btc,0.0,0.0,0.0,175
1,[],22,[],2019-06-17 14:33:12,90671.0,0.00000001,0.00000000000092914,7740175,2019-06-17 14:33:12,BTC,394.35459412,0.0,0.00000001,BTC,136275.61833431243,0.0,0.00090671,176
1,[],7,[],2019-06-21 16:49:14,0.0,0,0,7749502,2019-06-21 16:49:14,btc,522272.5932639098,0.0,0,btc,27791001.73829655,0.0,0.0,178
0,[],22,[],2019-06-21 16:49:17,0.0,0,0,7749503,2019-06-21 16:49:17,,1.00242428,0.0,0,,57512.0,0.0,0.0,178
0,[],2,[],2019-01-20 23:28:34,0.0,0,0,6477001,2019-01-20 23:28:34,,0.0,0.0,0,,0.0,0.0,0.0,178
1,[],5,[],2019-06-21 16:49:18,0.0,0,0,7749504,2019-06-21 16:49:18,btc,0.0,0.01772052,0,btc,0.0,0.0,0.0,179
0,[],22,[],2019-06-21 16:49:20,0.0,0,0,7749505,2019-06-21 16:49:20,,5.17403917,0.0,0,,13450788.311946675,0.0,0.0,179
0,[],23,[],2019-01-20 23:25:08,0.0,0,0,6476952,2019-01-20 23:25:08,,0.0,0.0,0,,0.0,0.0,0.0,179
1,[],22,[],2019-06-21 16:51:24,735523.6583148559,0.00000041,0.000000000040497914000000007,7749506,2019-06-21 16:51:24,BTC,40.61593435,0.0,0.00000041,"BTC,LTC",169064.879930538,0.00148739,0.57211662,180
1,[],26,[],2019-06-21 16:51:24,0.0,0.00000010,0.00000000000987754,7749507,2019-06-21 16:51:24,btc,0.0,0.0,0.00000010,btc,0.0,0.0,0.0,180
1,[],17,[],2019-05-03 01:13:56,20504.725000000002,0.0000001,0.00000000000548003,7559141,2019-05-03 01:13:56,btc,5.2010695838400265,0.0,0.0000001,btc,5033.45945,0.0,0.0011504725,180
,[],7,[],2018-11-20 22:58:01,562227.975654,0.00000085,0.000000000036176765,4862015,2018-11-20 22:58:01,btc,21836.6059674,2491.87645172,,btc,749999.041456,0.00211021,0.127565380455,183
,[],5,[],2019-01-10 08:11:41,0.0,0,0,6347036,2019-01-10 08:11:41,btc,82.15055501,0.00261,,btc,1.19002445,0.0,0.0,187
,[],17,[],2018-11-16 20:58:10,4062536.27273,0.00000001,0.000000000000550501,4708775,2018-11-16 20:58:10,btc,3.36492563466,0.195460381006,,"btc,eth",110697919.549,0.0,0.0157628953496,187
1,[],24,[],2019-05-22 21:04:52,0.0,0.000000000014,0.0000000000000010960978,7670219,2019-05-22 21:04:52,btc,0.0,0.0,0.000000000014,btc,0.0,0.0,0.0,187
0,[],22,[],2019-04-25 02:54:07,0.0,0,0,7447896,2019-04-25 02:54:07,,7.54794454,0.0,0,,76361.7243344055,0.0,0.0,191
0,[],22,[],2019-06-17 14:33:34,0.0,0,0,7740182,2019-06-17 14:33:34,,0.0,0.0,0,,0.0,0.0,0.0,197
0,[],23,[],2019-01-20 23:31:41,0.0,0,0,6477079,2019-01-20 23:31:41,,0.0,0.0,0,,0.0,0.0,0.0,199
0,[],22,[],2019-06-21 16:51:27,0.0,0,0,7749508,2019-06-21 16:51:27,,10.58263174,0.0,0,,84280969.0,0.0,0.0,199
1,[],26,[],2019-06-21 16:51:27,0.0,0.00000000,0,7749509,2019-06-21 16:51:27,btc,0.0,0.0,0.00000000,btc,0.0,0.0,0.0,199
0,[],2,[],2019-01-20 23:30:49,0.0,0,0,6477059,2019-01-20 23:30:49,,0.0,0.0,0,,0.0,0.0,0.0,201
1,[],4,[],2019-01-25 15:51:35,2084389.58565343,0.00000936,0.000000000333526752,6499557,2019-01-25 15:51:35,btc,2.0092503037378524,0.0,0.00000936,btc,160195.80207885,0.19272417,1.242687955921835,211
1,[],7,[],2019-06-21 16:51:30,1170054124.6898527,0.00000018,0.000000000017779572,7749510,2019-06-21 16:51:30,btc,1346840.2653139164,0.0,0.00000018,btc,6166479.26464841,0.0,11.954344045954047,212
1,[],12,[],2019-01-25 02:44:32,207462.42853209,0.000001080000000000000035831255497387193287295303889550268650054931640625,0.000000000038610756000000006,6493050,2019-01-25 02:44:32,btc,85023.03793723314,0.0,0.000001080000000000000035831255497387193287295303889550268650054931640625,btc,43675.73520027,0.000146250909087,0.0348620860622024,213
1,[],5,[],2019-05-30 00:07:46,0.0,0,0,7709357,2019-05-30 00:07:46,btc,0.0,0.06425239,0,btc,0.0,0.0,0.0,213
1,[],24,[],2019-05-30 00:07:46,0.0,0.000000399202,0.0000000000344859829346,7709358,2019-05-30 00:07:46,btc,0.0,0.0,0.000000399202,btc,0.0,0.0,0.0,213
1,[],26,[],2019-05-30 00:07:47,0.0,0.00000040,0.000000000034554919999999996,7709359,2019-05-30 00:07:47,btc,0.0,0.0,0.00000040,btc,0.0,0.0,0.0,213
0,[],22,[],2019-06-21 16:51:33,0.0,0,0,7749511,2019-06-21 16:51:33,,9.56923849,0.0,0,,3661587.2040649247,0.0,0.0,216
0,[],27,[],2019-06-21 16:51:41,0.0,0,0,7749512,2019-06-21 16:51:41,,95.91116902917751,0.0,0,"btc,ltc",651925.407688,0.0,0.0,216
1,[],22,[],2019-06-21 16:51:45,480125.4852813853,0.0000003,0.000000000029632620000000005,7749513,2019-06-21 16:51:45,BTC,12055.91513665,0.0,0.0000003,BTC,495986.3626290264,3.53e-05,0.03158047,217
1,[],7,[],2019-06-21 16:51:46,0.0,0,0,7749514,2019-06-21 16:51:46,btc,1234862.00312316,0.0,0,btc,89035021.11569473,0.0,0.0,219
0,[],27,[],2019-06-21 16:51:51,0.0,0,0,7749515,2019-06-21 16:51:51,,250.36597143533322,0.0,0,btc,7934668.36581025,0.0,0.0,219
0,[],28,[],2019-06-21 16:51:52,0.0,0,0,7749516,2019-06-21 16:51:52,,0.0,0.0,0,,0.0,0.0,0.0,219
1,[],22,[],2019-05-23 16:41:05,172069.0,0.00000004,0.0000000000031167080000000004,7674065,2019-05-23 16:41:05,BTC,56.76466137,0.0,0.00000004,BTC,127061.6482738741,0.0,0.00393676,221
1,[],24,[],2019-05-23 16:41:05,0.0,0.000000010000,0.0000000000007791770000000001,7674066,2019-05-23 16:41:05,btc,0.0,0.0,0.000000010000,btc,0.0,0.0,0.0,221
1,[],20,[],2019-06-17 14:34:11,26882155.8301,0.000000003,0.000000000000278742,7740192,2019-06-17 14:34:11,btc,100050.81956632523,233521.3529,0.000000003,btc,38769742.8604,0.0007925640587,0.0306863532672,224
0,[],22,[],2019-06-17 14:34:13,0.0,0,0,7740193,2019-06-17 14:34:13,,0.0,0.0,0,,0.0,0.0,0.0,224
1,[],26,[],2019-06-21 16:51:53,0.0,0.00000022,0.000000000021730588000000002,7749517,2019-06-21 16:51:53,btc,0.0,0.0,0.00000022,btc,0.0,0.0,0.0,231
1,[],26,[],2019-06-21 16:51:53,0.0,0.00000005,0.00000000000493877,7749518,2019-06-21 16:51:53,btc,0.0,100.0,0.00000005,btc,0.0,0.0,0.0,234
0.0000000002927006,[],27,[],2019-06-21 16:51:59,100.0,2.927006e-18,2.8911618845240004e-22,7749519,2019-06-21 16:51:59,eth,0.0,0.0,0.00000001,"btc,eth",0.0,0.0,2.927006e-16,234
1,[],4,[],2019-05-22 17:06:12,91780.56053785,0.00000078,0.000000000061977552,7669277,2019-05-22 17:06:12,btc,5.573372450018177,0.0,0.00000078,btc,729173.93529783,0.0,0.0307060663355679,236
1,[],24,[],2019-05-22 17:06:12,0.0,0.000000010000,0.000000000000794584,7669278,2019-05-22 17:06:12,btc,0.0,0.0,0.000000010000,btc,0.0,0.0,0.0,236
1,[],5,[],2019-06-21 16:52:01,0.0,0,0,7749520,2019-06-21 16:52:01,btc,0.0,1.91201677,0,btc,0.0,0.0,0.0,237
1,[],20,[],2019-06-21 16:52:02,49070559.9803,0.000000099,0.000000000009778764600000002,7749521,2019-06-21 16:52:02,btc,8187498.108500799,26435742.4431,0.000000099,btc,29705374.2887,2.4220603591929,1.1287591208528,237
1,[],22,[],2019-06-21 16:52:06,2084614.0,0.00000004,0.000000000003951016000000001,7749522,2019-06-21 16:52:06,BTC,1.20112207,0.0,0.00000004,"BTC,LTC",14507.148717948718,0.0,0.02587451,237
1,[],4,[],2019-06-21 16:52:07,41733543.84452556,0.00000007,0.000000000006914278,7749523,2019-06-21 16:52:07,btc,2.6544330793180304,0.0,0.00000007,btc,12622061.05590514,0.08337988,0.8583029712821209,238
1,[],5,[],2019-06-21 16:52:08,0.0,0,0,7749524,2019-06-21 16:52:08,btc,0.0,0.0080948,0,btc,0.0,0.0,0.0,238
0,[],22,[],2019-03-12 16:49:32,0.0,0,0,6914458,2019-03-12 16:49:32,,0.40415746,0.0,0,,526736.5639027493,0.0,0.0,249
0,[],22,[],2019-05-28 23:53:45,0.0,0,0,7703643,2019-05-28 23:53:45,,13.44714864,0.0,0,,43777534.3426455,0.0,0.0,252
0,[],28,[],2019-06-21 16:52:09,0.0,0,0,7749525,2019-06-21 16:52:09,,0.0,0.0,0,,0.0,0.0,0.0,256
1,[],22,[],2019-06-21 16:52:12,570149.0,0.00000001,0.0000000000009877540000000002,7749526,2019-06-21 16:52:12,BTC,31464.57209943,0.0,0.00000001,BTC,1031813.2230878276,0.00022319,0.00570149,258
1,[],22,[],2019-05-19 18:12:02,400.0,0.00000001,0.0000000000007957800000000001,7653905,2019-05-19 18:12:02,BTC,2.415167,0.0,0.00000001,BTC,157.0,0.0,4e-06,259
1,[],5,[],2019-06-21 16:52:13,0.0,0,0,7749527,2019-06-21 16:52:13,btc,0.0,0.06395195,0,btc,0.0,0.0,0.0,264
1,[],20,[],2019-06-21 16:52:15,910726.9009,0.000000421,0.000000000041584443400000006,7749528,2019-06-21 16:52:15,btc,0.9603505143098,40631.5368,0.000000421,btc,40762.8188,0.0243680895472,0.0073877343533,264
0,[],22,[],2019-04-12 17:57:27,0.0,0,0,7278186,2019-04-12 17:57:27,,66.37522201,0.0,0,,677842.4169881374,0.0,0.0,271
0,[],22,[],2019-06-21 16:52:18,0.0,0,0,7749529,2019-06-21 16:52:18,,33050469.74148113,0.0,0,,14261527780.7,0.0,0.0,272
0,[],28,[],2019-06-21 16:52:19,0.0,0,0,7749530,2019-06-21 16:52:19,,0.0,0.0,0,,0.0,0.0,0.0,272
1,[],22,[],2019-05-23 07:12:29,219930.0,0.00000004,0.000000000003048688,7671985,2019-05-23 07:12:29,BTC,426.77835217,0.0,0.00000004,BTC,248664.3325962929,0.0,0.00739728,281
1,[],22,[],2019-06-21 16:52:23,34109.1,0.00000002,0.0000000000019755080000000004,7749531,2019-06-21 16:52:23,BTC,2.67869103,0.0,0.00000002,"BTC,LTC",1069782.9093393278,0.00056668,0.0049333,286
0,[],22,[],2019-06-17 14:34:53,0.0,0,0,7740207,2019-06-17 14:34:53,,7337915.80475575,0.0,0,,2078527309.6797826,0.0,0.0,294
