pairValue,buyBook,exchangeId,sellBook,updated,buyTotal,satoshiPrice,usdPrice,exchangeLogId,created,bestPair,sellTotalBtc,volume,pairPrice,activePairs,sellTotal,volumeBtc,buyTotalBtc,coinId
1,[],3,[],2019-06-02 02:36:01,292.672667579598,0.01065982000000000040618175489726127125322818756103515625,0.0000009147106263440001,7724638,2019-06-02 02:36:01,btc,3.358090689940329,41.3779488665,0.01065982000000000040618175489726127125322818756103515625,btc,23.831432180564,0.0,0.2403744563695042,1
1,[],4,[],2019-06-02 02:36:02,207698.39021882,0.01083875,0.0000009300644665,7724639,2019-06-02 02:36:02,btc,7.694291046713533,0.0,0.01083875,btc,306.90413284,0.41008664,0.7027304541850743,1
1,[],5,[],2019-06-02 02:36:04,0.0,0,0,7724640,2019-06-02 02:36:04,btc,0.0,0.01887923,0,btc,0.0,0.0,0.0,1
1,[],10,[],2019-06-02 02:36:06,312489.808336,0.00699001,0.000000599807166092,7724641,2019-06-02 02:36:06,btc,6520.109923835496,1747.91010051,0.00699001,btc,1201.41953291,0.0,2.4049213127398095,1
1,[],12,[],2019-06-02 02:36:09,82.52652793,0.0107399999999999995470290059529361315071582794189453125,0.000000921590808,7724642,2019-06-02 02:36:09,btc,0.1512696845081,0.0,0.0107399999999999995470290059529361315071582794189453125,btc,13.1223318,0.124912751914,0.3662366306821,1
1,[],20,[],2019-06-02 02:36:10,934.164,0.009208915,0.000000790209629018,7724643,2019-06-02 02:36:10,btc,0.2237824235234,0.0,0.009208915,btc,17.3543,0.0,0.099756354183,1
1,[],21,[],2019-06-02 02:36:12,1749.74196772,0.01088858000000000013363088414,0.000000934340338936,7724644,2019-06-02 02:36:12,btc,6.916069950097957,5930.82622412,0.01088858000000000013363088413598234183155000209808349609375,"btc,eth",956.54296032,63.02528400548753,15.94568288186845,1
1,[],22,[],2019-06-02 02:36:16,0.0025666666666666667,0.00900000,0.0000007722828,7724645,2019-06-02 02:36:16,BTC,0.31629903,0.0,0.00900000,BTC,0.2505752479991019,0.0,2.31e-05,1
1,[],24,[],2019-06-02 02:36:17,0.0,0.000000000000,0,7724646,2019-06-02 02:36:17,btc,0.0,0.0,0.000000000000,btc,0.0,0.0,0.0,1
0.0,[],25,[],2019-06-02 02:36:18,0.0,0,0,7724647,2019-06-02 02:36:18,btc,15.999999999380554,5715.44380609,0.0,btc,1437.68632981,62.4888,0.0,1
1,[],26,[],2019-06-02 02:36:22,0.0,0,0,7724648,2019-06-02 02:36:22,,0.0,0.0,0,,0.0,0.0,0.0,1
0,[],28,[],2019-06-02 02:36:24,0.0,0,0,7724649,2019-06-02 02:36:24,,0.0,346943.0,0,,0.0,0.0,0.0,1
0,[],2,[],2019-01-20 23:28:45,0.0,0,0,6477011,2019-01-20 23:28:45,,0.0,0.0,0,,0.0,0.0,0.0,1
1,[],5,[],2019-06-02 02:36:25,0.0,0,0,7724650,2019-06-02 02:36:25,btc,0.0,0.03186462,0,btc,0.0,0.0,0.0,2
0,[],22,[],2019-06-02 02:36:28,0.0,0,0,7724651,2019-06-02 02:36:28,,0.0,0.0,0,,0.0,0.0,0.0,2
1,[],5,[],2019-06-02 02:36:30,0.0,0,0,7724652,2019-06-02 02:36:30,btc,0.0,0.18501062,0,btc,0.0,0.0,0.0,3
1,[],12,[],2019-06-02 02:36:33,3334367.6991,0.000000117,0.0000000000100396764,7724653,2019-06-02 02:36:33,btc,169531.08147446215,0.0,0.000000117,btc,2591691.50530056,0.079113134396,0.3211948043198,3
0,[],28,[],2019-06-02 02:36:34,0.0,0,0,7724654,2019-06-02 02:36:34,,0.0,0.0,0,,0.0,0.0,0.0,3
0,[],2,[],2019-01-20 23:31:32,0.0,0,0,6477077,2019-01-20 23:31:32,,0.0,0.0,0,,0.0,0.0,0.0,4
1,[],4,[],2019-05-18 21:29:50,562734.9206932,0.00000010,0.000000000007298720000000001,7650946,2019-05-18 21:29:50,btc,41.9347137769675,0.0,0.00000010,btc,1123702.32192634,0.00052462,0.029254593370966,4
0,[],12,[],2019-06-01 19:28:01,0.0,0,0,7723527,2019-06-01 19:28:01,btc,625.901992874995,0.0,0,btc,1211362.4995005,0.0,0.0,5
0,[],2,[],2019-01-20 23:31:51,0.0,0,0,6477087,2019-01-20 23:31:51,,0.0,0.0,0,,0.0,0.0,0.0,6
1,[],11,[],2019-06-02 02:36:36,9060347.776736,0.00000002,0.0000000000017161840000000002,7724655,2019-06-02 02:36:36,btc,9582.817696002945,4718185.0,0.00000002,btc,67260595.46260394,0.0,0.13675210276736,6
1,[],3,[],2019-06-02 02:36:38,12577.078579105802,0.000089320000000000005402518710173609406410832889378070831298828125,0.000000007664477744,7724656,2019-06-02 02:36:38,btc,0.11244421216574417,255.346731599,0.000089320000000000005402518710173609406410832889378070831298828125,btc,187.549241243082,0.0,0.02724223386353523,7
1,[],4,[],2019-06-02 02:36:38,319367.69851746,0.00008896,0.000000007633586432000001,7724657,2019-06-02 02:36:38,btc,9.421898775917228,0.0,0.00008896,btc,58802.11936301,1.39139806,1.7356574658634953,7
1,[],5,[],2019-06-02 02:36:41,0.0,0,0,7724658,2019-06-02 02:36:41,btc,0.0,0.46981579,0,btc,0.0,0.0,0.0,7
1,[],20,[],2019-04-07 22:06:50,3201475.0482,0.000000001,0.000000000000051590000000000004,7213932,2019-04-07 22:06:50,btc,30.8005781811902,0.0,0.000000001,btc,23077405.3926,0.0,0.0032014750482,8
0,[],2,[],2019-01-20 23:22:42,0.0,0,0,6476876,2019-01-20 23:22:42,,0.0,0.0,0,,0.0,0.0,0.0,9
0,[],23,[],2019-01-20 23:22:48,0.0,0,0,6476878,2019-01-20 23:22:48,,0.0,0.0,0,,0.0,0.0,0.0,9
1,[],4,[],2019-06-02 02:36:43,2919486.56030836,0.00000048,0.000000000041188416,7724659,2019-06-02 02:36:43,btc,3.8102992622339875,0.0,0.00000048,btc,3416958.98022364,0.1830072,0.3052538044200216,9
0,[],28,[],2019-06-02 02:36:45,0.0,0,0,7724660,2019-06-02 02:36:45,,0.0,3575418.0,0,,0.0,0.0,0.0,9
1,[],1,[],2019-02-17 23:31:42,1822507.21,0.00000181000000000000003456111265232042484285557293333113193511962890625,0.000000000066086901,6701244,2019-02-17 23:31:42,btc,3.6990969245,17153386.5,0.00000181000000000000003456111265232042484285557293333113193511962890625,btc,1997391.71,31.11772986,3.2610482446,9
1,[],4,[],2019-02-17 11:22:43,4341674.27126056,0.00000002,0.0000000000007272960000000001,6696112,2019-02-17 11:22:43,btc,0.1997230937751353,0.0,0.00000002,btc,4109766.79808031,0.00215132,0.0479381022052112,10
0,[],2,[],2019-01-20 23:23:08,0.0,0,0,6476890,2019-01-20 23:23:08,,0.0,0.0,0,,0.0,0.0,0.0,12
1,[],4,[],2019-06-02 02:36:46,6795627.25339565,0.00000042,0.000000000036039864,7724661,2019-06-02 02:36:46,btc,4.772212855899715,0.0,0.00000042,btc,5293970.78878822,0.63815226,0.918152035533616,12
1,[],5,[],2019-06-02 02:36:47,0.0,0,0,7724662,2019-06-02 02:36:47,btc,0.0,0.27000479,0,btc,0.0,0.0,0.0,12
0.0,[],25,[],2019-06-02 02:36:48,0.0,0,0,7724663,2019-06-02 02:36:48,,0.0,0.0,0.0,btc,0.0,0.0,0.0,12
1,[],4,[],2019-06-02 02:36:49,349405.81609082,0.00000575,0.0000000004934029,7724664,2019-06-02 02:36:49,btc,1.7679031426023748,0.0,0.00000575,btc,228681.82632972,0.52879161,0.5468410547203366,13
1,[],10,[],2019-06-02 02:36:52,657029.97148192,0.00000569,0.000000000488254348,7724665,2019-06-02 02:36:52,btc,666803.2850161266,13268.4531589,0.00000569,btc,869573.41538941,0.0,0.2629528068492756,13
1,[],21,[],2019-06-02 02:36:54,1992192.81856569,0.000005879999999999999606863955448,0.000000000504558096,7724666,2019-06-02 02:36:54,btc,2.4701712487965,857125.30286743,0.000005879999999999999606863955448066150211161584593355655670166015625,btc,374470.35480184,4.87245142,8.378194875137405,13
1,[],4,[],2019-06-02 02:36:54,906874.65969564,0.00000075,0.0000000000643569,7724667,2019-06-02 02:36:54,btc,4.235530278281569,0.0,0.00000075,btc,845957.98851643,0.01088008,0.0789182942340817,14
1,[],12,[],2019-06-02 02:36:56,137173.83554476,0.00000073,0.000000000062640716,7724668,2019-06-02 02:36:56,btc,14.139194481428115,0.0,0.00000073,btc,21325.79861006,5.154845e-06,0.0161584999999756,14
0,[],17,[],2019-05-03 00:53:32,0.0,0,0,7558876,2019-05-03 00:53:32,btc,0.0,0.0,0,btc,0.0,0.0,0.0,14
1,[],26,[],2019-06-02 02:05:19,0.0,0,0,7724522,2019-06-02 02:05:19,,0.0,0.0,0,,0.0,0.0,0.0,14
,[],12,[],2018-12-01 15:15:48,204241.84496,0.00000489,0.000000000202473384,5260204,2018-12-01 15:15:48,btc,49.5475654835,0.0,,btc,35763.2193806,0.0163153972027625,0.0203389899998,15
0,[],4,[],2019-06-02 02:05:20,0.0,0,0,7724523,2019-06-02 02:05:20,,0.0,0.0,0,,0.0,0.0,0.0,15
0,[],2,[],2019-01-20 23:23:38,0.0,0,0,6476906,2019-01-20 23:23:38,,0.0,0.0,0,,0.0,0.0,0.0,18
0,[],17,[],2019-05-03 00:53:39,0.0,0,0,7558882,2019-05-03 00:53:39,btc,0.0,0.0,0,btc,0.0,0.0,0.0,18
1,[],4,[],2019-06-02 02:05:21,35273.71507691,0.00001050,0.0000000009003980999999999,7724524,2019-06-02 02:05:21,btc,0.9816955848344637,0.0,0.00001050,btc,11937.46591464,0.08867814,0.088442750742198,18
1,[],10,[],2019-06-02 02:05:22,494948.46699094,0.00001247,0.000000001069329934,7724525,2019-06-02 02:05:22,btc,15.34062803809308,2108.07323192,0.00001247,btc,13281.65146029,0.0,0.1516298813311956,18
1,[],12,[],2019-06-02 02:05:23,3227.3548542,0.000012049999999999999825291661925685815504039055667817592620849609375,0.0000000010333140099999999,7724526,2019-06-02 02:05:23,btc,0.40102845971507284,0.0,0.000012049999999999999825291661925685815504039055667817592620849609375,btc,1475.46762187,0.000206634121,0.0132065032824854,18
0,[],2,[],2019-01-20 23:24:19,0.0,0,0,6476924,2019-01-20 23:24:19,,0.0,0.0,0,,0.0,0.0,0.0,19
1,[],3,[],2019-06-02 02:07:24,148605.84202395543,0.0000055099999999999997612500080013120395960868336260318756103515625,0.000000000472494622,7724527,2019-06-02 02:07:24,btc,0.22381887331845357,5449.68204435,0.0000055099999999999997612500080013120395960868336260318756103515625,btc,6000.644779201002,0.0,0.047939624201976797,19
1,[],4,[],2019-06-02 02:07:24,519128.53163156,0.00000811,0.000000000695450342,7724528,2019-06-02 02:07:24,btc,4.074577594492335,0.0,0.00000811,btc,166740.695535,0.19409112,0.4561929977877829,19
1,[],5,[],2019-06-02 02:07:26,0.0,0,0,7724529,2019-06-02 02:07:26,btc,0.0,0.0,0,btc,0.0,0.0,0.0,19
1,[],12,[],2019-06-02 02:07:27,15202.52192358,0.000007089999999999999880334437818429904609729419462382793426513671875,0.000000000607983098,7724530,2019-06-02 02:07:27,btc,0.0526619897878531,0.0,0.000007089999999999999880334437818429904609729419462382793426513671875,btc,1949.0831785,0.00145584,0.0268905199996576,19
0,[],27,[],2019-06-02 02:07:32,0.0,0,0,7724531,2019-06-02 02:07:32,,0.0,0.0,0,btc,0.0,0.0,0.0,19
1,[],4,[],2019-06-02 02:07:33,10062076.88478525,0.00000007,0.000000000006002654,7724532,2019-06-02 02:07:33,btc,6.411239436602338,0.0,0.00000007,btc,2322306.93095912,0.0,0.1174938176872809,20
0,[],17,[],2019-05-03 00:53:51,0.0,0,0,7558891,2019-05-03 00:53:51,btc,0.0,0.0,0,btc,0.0,0.0,0.0,21
1,[],4,[],2019-06-02 02:07:34,8502090.048,0.00000001,0.0000000000008575219999999999,7724533,2019-06-02 02:07:34,btc,1773.485764074371,0.0,0.00000001,btc,72123748.02551575,0.00613568,0.08502090048,21
1,[],12,[],2019-06-02 02:07:35,2140017.0,0.00000001,0.000000000000857522,7724534,2019-06-02 02:07:35,btc,2566.6125287053546,0.0,0.00000001,btc,5033244.76723275,0.0,0.02140017,21
1,[],12,[],2019-06-02 02:09:37,5298485693.0,0.0000000003,0.000000000000025725659999999997,7724535,2019-06-02 02:09:37,btc,709129802.1020006,0.0,0.0000000003,btc,3236176114.0256176,0.005904308283,1.1947754472,23
0.0000000003115172,[],27,[],2019-06-02 02:09:42,64211333.9610017,1.2460688e-17,1.0685314095136e-21,7724536,2019-06-02 02:09:42,eth,105072.831810242,1686358.750943,0.00000004,eth,20216233.82,3.1519786917316e-11,3.741495986211405e-10,23
1,[],4,[],2019-06-02 02:09:42,1857191.90682885,0.00000024,0.000000000020580528,7724537,2019-06-02 02:09:42,btc,10.733612732319838,0.0,0.00000024,btc,1726565.75546968,0.00258184,0.0637350989200124,24
1,[],22,[],2019-06-02 02:09:48,21.76,0.00000100,0.00000000008575219999999999,7724538,2019-06-02 02:09:48,BTC,7.415e-05,0.0,0.00000100,BTC,23.919354838709676,0.0,1.186e-05,24
0.0,[],25,[],2019-06-02 02:09:49,0.0,0,0,7724539,2019-06-02 02:09:49,,0.0,0.0,0.0,btc,0.0,0.0,0.0,24
0,[],2,[],2019-01-20 23:25:56,0.0,0,0,6476976,2019-01-20 23:25:56,,0.0,0.0,0,,0.0,0.0,0.0,26
1,[],4,[],2019-06-02 02:09:50,26946348.27082111,0.00000483,0.00000000041418312599999997,7724540,2019-06-02 02:09:50,btc,14.406222940988766,0.0,0.00000483,btc,238641.36201896,0.16941041,0.4922218378056435,26
1,[],10,[],2019-06-02 02:09:53,151392.96639347,0.0000042,0.00000000036015923999999995,7724541,2019-06-02 02:09:53,btc,25.585064158344817,7914.64630527,0.0000042,btc,23240.73504721,0.0,0.0376304412223962,26
1,[],5,[],2019-04-26 09:47:06,0.0,0,0,7465326,2019-04-26 09:47:06,btc,0.0,0.0,0,btc,0.0,0.0,0.0,27
1,[],3,[],2019-06-02 02:09:53,21551072.185043,0.00000001,0.000000000000857522,7724542,2019-06-02 02:09:53,btc,3.7666319930617616,4486055.18501,0.00000001,btc,26152382.56528196,0.0,0.21551072185043,27
1,[],11,[],2019-06-02 02:09:54,2110243.08157834,0.00000002,0.000000000001715044,7724543,2019-06-02 02:09:54,btc,67503.04527066177,19676.5543251,0.00000002,btc,6588861.32608848,0.0,0.0211134458157834,27
1,[],4,[],2019-06-02 02:09:55,1198819959.363327,0.00000001,0.0000000000008575219999999999,7724544,2019-06-02 02:09:55,btc,4.837030565687044,0.0,0.00000001,"btc,ltc",294478285.8082299,0.06107667,8.630588848074245,29
1,[],7,[],2019-06-02 02:09:57,85451021.33155985,0.00000001,0.000000000000857522,7724545,2019-06-02 02:09:57,btc,46548272.133617535,0.0,0.00000001,btc,35323215.919044904,0.0,0.8545102133155985,29
1,[],4,[],2019-06-02 02:09:58,15242848.2015631,0.00000006,0.000000000005145132,7724546,2019-06-02 02:09:58,btc,2.562666443401238,0.0,0.00000006,btc,2020880.51679651,0.00085594,0.1687433592294358,30
0,[],17,[],2019-05-03 01:11:25,0.0,0,0,7559066,2019-05-03 01:11:25,btc,0.0,0.0,0,btc,0.0,0.0,0.0,30
1,[],4,[],2019-06-02 02:11:59,107767.06000252,0.00004647,0.000000003984904734,7724547,2019-06-02 02:11:59,btc,3.284989687489185,0.0,0.00004647,btc,43014.10325154,0.71825534,0.5245279917060915,31
1,[],21,[],2019-06-02 02:12:00,173682.31509548,0.00004720000000000000209927561445,0.00000000404750384,7724548,2019-06-02 02:12:00,btc,6.5032151877012465,189321.06978402,0.0000472000000000000020992756144533331053025904111564159393310546875,btc,129640.43053834,8.83376077,6.639148602039793,31
0,[],2,[],2019-01-20 23:28:43,0.0,0,0,6477009,2019-01-20 23:28:43,,0.0,0.0,0,,0.0,0.0,0.0,32
0,[],4,[],2019-06-02 02:12:01,0.0,0,0,7724549,2019-06-02 02:12:01,,0.0,0.0,0,,0.0,0.0,0.0,33
1,[],12,[],2019-03-30 07:55:10,40641173.964,0.00000003,0.000000000001228359,7108785,2019-03-30 07:55:10,btc,4233210.82356125,0.0,0.00000003,btc,28378394.68333462,0.0126927883965248,0.90752895892,33
0.0000000001317931,[],4,[],2019-06-02 02:12:03,466989824.9928879,6.4578619e-17,5.537758652211799e-21,7724550,2019-06-02 02:12:03,ltc,3.7210206143530025,0.0,0.00000049,ltc,156036318.54436523,0.0,1.8114747988475912e-09,34
1,[],5,[],2019-06-02 02:12:06,0.0,0,0,7724551,2019-06-02 02:12:06,btc,0.0,1.262e-05,0,btc,0.0,0.0,0.0,34
0.0000000002926451,[],17,[],2019-05-02 18:17:47,200000.0,2.9264510000000002e-18,1.596703856561e-22,7556430,2019-05-02 18:17:47,eth,0.20942468735267253,0.0,0.00000001,"btc,eth",1018272.20243647,0.0,5.852902e-13,36
0.0000000001311821,[],4,[],2019-05-31 13:28:19,2417517744.0607657,1.311821e-18,1.105058333085e-22,7717483,2019-05-31 13:28:19,ltc,5.019900492391546e-08,0.0,0.00000001,ltc,7102398142.262129,0.0,3.171350544531538e-09,36
1,[],5,[],2019-05-31 13:28:21,0.0,0,0,7717484,2019-05-31 13:28:21,btc,0.0,0.0,0,btc,0.0,0.0,0.0,36
0.0000000003108179,[],27,[],2019-05-31 13:30:34,10388811.226876,6.216358000000001e-18,5.236566733830001e-22,7717485,2019-05-31 13:30:34,eth,1569.8708019850988,761866.634299,0.00000002,"ltc,eth",5084024.2511555,4.736034912207001e-12,3.3251980286483705e-11,36
1,[],4,[],2019-06-02 02:12:07,9981168.33940114,0.00000016,0.000000000013720351999999999,7724552,2019-06-02 02:12:07,btc,19772.503013509886,0.0,0.00000016,btc,736758.76933135,0.00185575,0.128510570531371,37
1,[],12,[],2019-06-02 02:12:08,3633490.74028571,0.00000018,0.000000000015435396,7724553,2019-06-02 02:12:08,btc,9.359415767892127,0.0,0.00000018,btc,982408.17763076,0.010119413086,0.1616750832514278,37
1,[],27,[],2019-06-02 02:14:16,19110.0,0.00000018,0.000000000015435396,7724554,2019-06-02 02:14:16,btc,22.62970013895233,0.0,0.00000018,btc,4298.824295,0.0,0.00293138,37
1,[],17,[],2019-05-03 01:11:36,211752.74075282,0.00000025,0.000000000013700074999999998,7559074,2019-05-03 01:11:36,btc,0.055484923955058496,0.0,0.00000025,"btc,eth",1387.19918473,0.0,0.0005381851887916605,37
1,[],5,[],2019-06-02 02:14:17,0.0,0,0,7724555,2019-06-02 02:14:17,btc,0.0,0.00186833,0,btc,0.0,0.0,0.0,42
1,[],12,[],2019-06-02 02:14:19,142707.35068463,0.000001030000000000000091033409109486651544784763245843350887298583984375,0.000000000088324766,7724556,2019-06-02 02:14:19,btc,24.79024140510853,0.0,0.000001030000000000000091033409109486651544784763245843350887298583984375,btc,72428.88087489,0.0,0.0560597399999596,42
1,[],27,[],2019-06-02 02:14:25,506.0,0.00000002,0.0000000000017150439999999998,7724557,2019-06-02 02:14:25,btc,0.07600425,0.0,0.00000002,"btc,eth",18.0,0.0,6.00000032727997e-06,42
1,[],12,[],2019-03-13 09:13:29,1112112.0,0.00000001,0.000000000000386531,6919902,2019-03-13 09:13:29,btc,29058.00478931866,0.0,0.00000001,btc,5967681.93306694,9.99000999e-07,0.01112112,43
1,[],5,[],2019-04-26 22:38:52,0.0,0,0,7474154,2019-04-26 22:38:52,btc,0.0,0.02638891,0,btc,0.0,0.0,0.0,43
0,[],17,[],2019-04-26 22:38:53,0.0,0,0,7474155,2019-04-26 22:38:53,btc,0.0,0.0,0,btc,0.0,0.0,0.0,43
1,[],12,[],2019-03-05 01:54:08,639326.02,0.00000004,0.000000000001486676,6845775,2019-03-05 01:54:08,btc,11116042.728239931,0.0,0.00000004,btc,1103841.4595604,0.0003330765234764,0.014975410599999999,44
1,[],4,[],2019-06-02 02:14:26,105267283.95687455,0.00000001,0.0000000000008575219999999999,7724558,2019-06-02 02:14:26,btc,2660396.604209802,0.0,0.00000001,"btc,ltc",28282947.90928054,0.0017294,0.03404997211799571,49
0.0000000001317931,[],4,[],2019-06-02 02:14:27,134036143.09309135,3.953793e-17,3.3904644809459995e-21,7724559,2019-06-02 02:14:27,ltc,194919.8938695547,0.0,0.0000003,ltc,163440404.41786534,0.0,1.40064407094774e-09,52
0,[],22,[],2019-06-02 00:13:58,0.0,0,0,7724264,2019-06-02 00:13:58,,10289.52569349,0.0,0,,305146396.4566013,0.0,0.0,57
1,[],27,[],2019-06-02 00:14:04,2297.0,0.0000003,0.00000000002568396,7724265,2019-06-02 00:14:04,btc,0.0,0.0,0.0000003,"btc,eth",0.0,0.0,0.0003891,57
0.0000000001317931,[],4,[],2019-06-02 02:14:28,3421440497.0161414,1.317931e-18,1.130154826982e-22,7724560,2019-06-02 02:14:28,ltc,19.341013528186963,0.0,0.00000001,ltc,5851479934.768803,0.0,4.50922249567298e-09,58
1,[],12,[],2019-06-02 02:14:29,719763375.0,0.0000000001,0.00000000000000857522,7724561,2019-06-02 02:14:29,btc,2306760.94712231,0.0,0.0000000001,btc,3402036068.9180384,0.000198736963,0.0719763375,58
0.0000000001087986,[],22,[],2019-06-02 02:16:34,126877.0,1.087986e-18,9.329719306919999e-23,7724562,2019-06-02 02:16:34,XMR,68.17454206,0.0,0.00000001,XMR,9626402.6,0.0,0.00126877,58
1,[],17,[],2019-05-03 01:12:09,1200000.0,0.0000000001,0.00000000000000548003,7559085,2019-05-03 01:12:09,btc,1e+24,0.0,0.0000000001,"btc,eth",39516342.31952568,0.0,0.00010000000058666061,58
1,[],5,[],2019-06-02 02:16:36,0.0,0,0,7724563,2019-06-02 02:16:36,btc,0.0,0.00733591,0,btc,0.0,0.0,0.0,61
1,[],22,[],2019-06-02 02:16:39,13613.833333333334,0.00000012,0.000000000010290264,7724564,2019-06-02 02:16:39,BTC,1002.29123003,0.0,0.00000012,BTC,15014.200177125656,0.0,0.00153269,61
1,[],26,[],2019-06-02 02:16:39,0.0,0,0,7724565,2019-06-02 02:16:39,,0.0,0.0,0,,0.0,0.0,0.0,61
1,[],27,[],2019-06-02 02:16:46,8450.0,0.0000002,0.00000000001715044,7724566,2019-06-02 02:16:46,btc,1.9582485601246655,0.0,0.0000002,"btc,eth",11379.41563696,0.0,0.001522,61
0,[],28,[],2019-06-02 02:18:10,0.0,0,0,7724567,2019-06-02 02:18:10,,0.0,770.0,0,,0.0,0.0,0.0,61
1,[],4,[],2019-06-02 02:18:11,800329.10093279,0.00000071,0.00000000006088406199999999,7724568,2019-06-02 02:18:11,btc,2.8994833656459638,0.0,0.00000071,btc,948032.39582814,0.03886079,0.3981096157025316,67
0.0,[],25,[],2019-06-02 02:18:13,0.0,0,0,7724569,2019-06-02 02:18:13,,0.0,0.0,0.0,btc,0.0,0.0,0.0,67
1,[],12,[],2019-06-02 02:18:14,911048.355,0.00000006,0.000000000005145131999999999,7724570,2019-06-02 02:18:14,btc,5.167005424215783,0.0,0.00000006,btc,738530.60239759,0.003221497462,0.0187788113,71
,[],5,[],2018-11-20 23:02:39,1.5e-07,0.00000005,0.000000000002128045,4862160,2018-11-20 23:02:39,btc,2.84511358,0.0,,btc,0.00036572,0.0,0.07381892,74
1,[],5,[],2019-06-02 02:18:15,0.0,0,0,7724571,2019-06-02 02:18:15,btc,0.0,0.06438432,0,btc,0.0,0.0,0.0,75
0,[],4,[],2019-05-25 21:33:44,0.0,0,0,7686249,2019-05-25 21:33:44,,133656.37989170782,0.0,0,,33439209.5909442,0.0,0.0,81
0,[],20,[],2019-01-25 09:30:31,0.0,0,0,6495923,2019-01-25 09:30:31,btc,0.0,0.0,0,btc,0.0,0.0,0.0,81
1,[],4,[],2019-06-02 02:18:16,31668.04520763,0.00011236,0.000000009635117192,7724572,2019-06-02 02:18:16,btc,55.86704405401423,0.0,0.00011236,btc,122384.50013007,0.22905229,0.795051220060099,82
1,[],21,[],2019-06-02 02:18:17,76322.4214539,0.0001133000000000000028138949504,0.00000000971572426,7724573,2019-06-02 02:18:17,btc,16.282759545266178,35684.131646,0.000113300000000000002813894950381978787845582701265811920166015625,btc,97732.89433832,3.77277916,6.375681085285803,82
0,[],17,[],2019-03-25 22:42:34,0.0,0,0,7038780,2019-03-25 22:42:34,btc,0.0445064681804024,0.0,0,btc,995513.18476001,0.0,0.0,84
0.0000000001161485,[],4,[],2019-05-20 13:09:39,216715621.0206096,1.161485e-18,9.0533806701e-23,7657228,2019-05-20 13:09:39,ltc,1.6511566870244727,0.0,0.00000001,ltc,471032407.9048656,0.0,2.5171194308112273e-10,85
,[],22,[],2018-11-20 23:09:34,3408.1,0.0000001,0.0000000000041895,4862324,2018-11-20 23:09:34,BTC,0.04624735,0.0,,BTC,4990.0,0.0,0.00033081,86
1,[],22,[],2019-06-02 02:18:20,62656.0,0.00000001,0.0000000000008575219999999999,7724574,2019-06-02 02:18:20,BTC,1.46327546,0.0,0.00000001,BTC,411805.21403508773,0.0020507,0.00062656,87
1,[],27,[],2019-06-02 02:18:26,98782.0,0.00000008,0.000000000006860175999999999,7724575,2019-06-02 02:18:26,btc,5.057418228036,1280.0,0.00000008,btc,92485.67341,0.000128,0.00133114,87
,[],2,[],2018-11-20 23:10:47,0.0,0,0,4862359,2018-11-20 23:10:47,,0.0,0.0,,,0.0,0.0,0.0,88
1,[],11,[],2019-06-02 02:18:28,121994.5237741,0.00007804000000000000498122376679788203546195290982723236083984375,0.000000006692101688,7724576,2019-06-02 02:18:28,btc,167.33196567511803,6.40614982,0.00007804000000000000498122376679788203546195290982723236083984375,btc,200486.24726731,0.0,1.8850622519743938,89
0,[],2,[],2019-01-20 23:31:45,0.0,0,0,6477083,2019-01-20 23:31:45,,0.0,0.0,0,,0.0,0.0,0.0,91
1,[],12,[],2019-06-02 02:18:29,325188.41466979,0.00000038,0.000000000032585836,7724577,2019-06-02 02:18:29,btc,88.5496399939894,0.0,0.00000038,btc,155776.224995,0.017719548841,0.0212496148999792,91
1,[],22,[],2019-06-02 02:20:33,75910.55,0.0000002,0.00000000001715044,7724578,2019-06-02 02:20:33,BTC,0.497,0.0,0.0000002,"BTC,LTC",6.95,0.0,0.00165931,91
0,[],17,[],2019-05-03 01:12:26,0.0,0,0,7559096,2019-05-03 01:12:26,btc,0.0,0.0,0,btc,0.0,0.0,0.0,91
1,[],22,[],2019-04-09 20:17:52,374949.73333333334,0.00000015,0.000000000007771935,7235704,2019-04-09 20:17:52,BTC,6.87372503,0.0,0.00000015,"BTC,LTC",159980.01196797504,1.1e-05,0.80510266,95
0.0000000001317931,[],4,[],2019-06-02 02:20:34,543487007.2500627,2.8994482e-17,2.4863406193603997e-21,7724579,2019-06-02 02:20:34,ltc,11.30298746562676,0.0,0.00000022,ltc,153371045.12804347,0.0,8.808635206583793e-10,96
0,[],12,[],2019-06-02 02:20:35,0.0,0,0,7724580,2019-06-02 02:20:35,btc,17.17800296048951,0.0,0,btc,9674310.04895105,0.0,0.0,96
0,[],17,[],2019-05-03 01:12:32,0.0,0,0,7559100,2019-05-03 01:12:32,btc,0.0,0.0,0,btc,0.0,0.0,0.0,96
1,[],4,[],2019-04-14 03:32:46,1039404.33283278,0.00000038,0.000000000019245518,7293458,2019-04-14 03:32:46,btc,4.170086055365747,0.0,0.00000038,btc,3097704.34561074,0.06260606,0.1859928211030784,99
1,[],4,[],2019-06-02 02:22:36,242740.00140763,0.00001800,0.0000000015435396,7724581,2019-06-02 02:22:36,btc,7.698155677578571,0.0,0.00001800,btc,161869.24472505,0.43430867,0.3791430096177742,100
0,[],2,[],2019-01-20 23:23:55,0.0,0,0,6476914,2019-01-20 23:23:55,,0.0,0.0,0,,0.0,0.0,0.0,100
1,[],22,[],2019-06-02 02:22:40,150000.0,0.00000002,0.0000000000017150439999999998,7724582,2019-06-02 02:22:40,BTC,24.83526409,0.0,0.00000002,BTC,11187.719,0.0,0.0017,101
1,[],4,[],2019-06-02 02:22:41,537776.47129559,0.00000175,0.00000000015006634999999998,7724583,2019-06-02 02:22:41,btc,549.1887674150896,0.0,0.00000175,btc,669471.0959039,0.04175731,0.1762794411965763,103
1,[],12,[],2019-06-02 02:22:43,175782341.10874408,0.000000004,0.0000000000003430088,7724584,2019-06-02 02:22:43,btc,2404.700137711256,0.0,0.000000004,btc,71387572.8451477,0.00441906863,0.23396668043497634,105
0,[],27,[],2019-06-02 02:22:48,0.0,0,0,7724585,2019-06-02 02:22:48,,0.30253084,3034.0,0,btc,2095427.0,3.034e-05,0.0,105
1,[],22,[],2019-04-21 00:17:26,21333.0,0.00000001,0.000000000000532493,7385819,2019-04-21 00:17:26,BTC,51.38182867,0.0,0.00000001,BTC,470435.0,0.0,0.00021333,107
1,[],26,[],2019-04-21 00:17:26,0.0,0.00000000,0,7385820,2019-04-21 00:17:26,btc,0.0,0.0,0.00000000,btc,0.0,0.0,0.0,107
1,[],5,[],2019-06-02 02:22:50,0.0,0,0,7724586,2019-06-02 02:22:50,btc,0.0,0.0,0,btc,0.0,0.0,0.0,112
0,[],22,[],2019-06-02 02:22:52,0.0,0,0,7724587,2019-06-02 02:22:52,,6.79500102,0.0,0,,3375892.0833333335,0.0,0.0,112
1,[],27,[],2019-06-02 02:22:58,1.0,0.00000001,0.0000000000008575219999999999,7724588,2019-06-02 02:22:58,btc,1.15032588,0.0,0.00000001,"btc,eth",1818.0,0.0,1e-08,112
1,[],4,[],2019-06-02 02:22:59,258710.29113031,0.00000084,0.00000000007203184799999999,7724589,2019-06-02 02:22:59,btc,5.545261837006749,0.0,0.00000084,btc,610932.18319234,0.02422522,0.1564668720779465,113
1,[],5,[],2019-06-02 02:23:00,0.0,0,0,7724590,2019-06-02 02:23:00,btc,0.0,0.0,0,btc,0.0,0.0,0.0,113
1,[],17,[],2019-04-26 02:17:47,162738.278,0.00000004,0.0000000000021069000000000002,7461287,2019-04-26 02:17:47,btc,1.3331140273775473,0.0,0.00000004,btc,51796.221,0.0,0.00230953112,116
1,[],27,[],2019-05-22 05:13:01,210000.0,0.00000001,0.00000000000079145,7666372,2019-05-22 05:13:01,btc,3919.0005001478,0.0,0.00000001,btc,128660.871,0.0,0.0021,116
1,[],4,[],2019-05-21 22:31:11,138169.03963019,0.00000701,0.000000000558364025,7664793,2019-05-21 22:31:11,btc,150.95388250938234,0.0,0.00000701,btc,344631.17141974,0.07552974,0.4288357684941946,120
1,[],7,[],2019-05-21 22:31:12,3901.07750076,0.000010679999999999999389654892212320191902108490467071533203125,0.0000000008506887,7664794,2019-05-21 22:31:12,btc,231188.94669936574,0.0,0.000010679999999999999389654892212320191902108490467071533203125,btc,4133.83151364,0.0,0.0113888422364489,120
1,[],20,[],2019-04-07 18:42:29,1914137.0852,0.000000035,0.0000000000017871910000000002,7211992,2019-04-07 18:42:29,btc,32.2497668025648,25528.85,0.000000035,btc,1001975.4986,0.00089350975,0.0152723574729,125
1,[],22,[],2019-06-02 02:23:04,10000.0,0.00000001,0.0000000000008575219999999999,7724591,2019-06-02 02:23:04,BTC,0.032061,0.0,0.00000001,BTC,299316.7611111111,0.0,0.0001,126
1,[],4,[],2019-06-02 02:23:04,429339.50071202,0.00000802,0.0000000006877326439999999,7724592,2019-06-02 02:23:04,btc,4.915241631563327,0.0,0.00000802,btc,184969.02069919,0.42566698,1.538483233840393,131
0,[],2,[],2019-01-20 23:25:46,0.0,0,0,6476969,2019-01-20 23:25:46,,0.0,0.0,0,,0.0,0.0,0.0,131
1,[],17,[],2019-05-03 01:13:10,10000.0,0.00000001,0.000000000000548003,7559115,2019-05-03 01:13:10,btc,0.0953976503951408,0.0,0.00000001,btc,5037.62507334,0.0,0.0001,131
1,[],4,[],2019-06-01 22:22:37,4877.33287432,0.00010000,0.000000008588780000000001,7724055,2019-06-01 22:22:37,btc,5.03221070889025,0.0,0.00010000,btc,202.13055914,0.0,0.0067319517514342,135
1,[],3,[],2019-06-02 02:25:05,544057.22392675,0.00000001,0.000000000000857522,7724593,2019-06-02 02:25:05,btc,0.2222043787516683,1657749.79937,0.00000001,btc,1905502.4316845,0.0,0.0054405722392675,136
1,[],4,[],2019-06-02 02:25:06,2150092.40893468,0.00000181,0.000000000155211482,7724594,2019-06-02 02:25:06,btc,109.22379509182913,0.0,0.00000181,btc,532676.855537,0.02324217,0.4886416650490749,137
1,[],12,[],2019-06-02 02:25:07,89375.05943684,0.0000017799999999999998982758153687200319836847484111785888671875,0.00000000015263891599999997,7724595,2019-06-02 02:25:07,btc,57.840983741130906,0.0,0.0000017799999999999998982758153687200319836847484111785888671875,btc,50611.4814686,7.1376742e-05,0.0194554099999252,137
1,[],4,[],2019-06-02 02:25:08,101865.94049534,0.00001731,0.000000001484370582,7724596,2019-06-02 02:25:08,btc,8.705129571486372,0.0,0.00001731,btc,123962.29607773,0.19580274,0.9156614360592565,142
1,[],5,[],2019-06-02 02:25:09,0.0,0,0,7724597,2019-06-02 02:25:09,btc,0.0,0.00184822,0,btc,0.0,0.0,0.0,142
1,[],20,[],2019-06-02 02:27:11,209205.502,0.000016061,0.0000000013772660841999999,7724598,2019-06-02 02:27:11,btc,1.6079253994383,0.02,0.000016061,btc,9872.8163,3.2122e-07,0.021312482414,142
1,[],22,[],2019-06-02 02:27:14,11028.645,0.00001000,0.000000000857522,7724599,2019-06-02 02:27:14,BTC,3.27323936,0.0,0.00001000,BTC,1114.1496937357979,0.00223944,0.00745365,142
0.0,[],25,[],2019-06-02 02:27:15,0.0,0,0,7724600,2019-06-02 02:27:15,,0.0,0.0,0.0,btc,0.0,0.0,0.0,142
0,[],28,[],2019-06-02 02:28:08,0.0,0,0,7724601,2019-06-02 02:28:08,,0.0,0.0,0,,0.0,0.0,0.0,142
1,[],17,[],2019-05-03 01:13:16,32967.38636364,0.00000088,0.000000000048224264,7559122,2019-05-03 01:13:16,btc,20.06976206696776,0.0,0.00000088,btc,2746.079105,0.0,0.0105613000000032,142
0,[],22,[],2019-06-02 02:28:11,0.0,0,0,7724602,2019-06-02 02:28:11,,64.98618676,0.0,0,,787024755.3,0.0,0.0,143
0,[],22,[],2019-02-25 15:42:22,0.0,0,0,6783783,2019-02-25 15:42:22,,4.2131946,0.0,0,,2322156.0,0.0,0.0,146
,[],22,[],2018-11-20 23:01:11,0.0,0,0,4862114,2018-11-20 23:01:11,,2.56807021,0.0,,,61828.4988236,0.0,0.0,147
1,[],12,[],2019-04-21 06:38:04,193091.5971266,0.00000071,0.000000000037635183,7388679,2019-04-21 06:38:04,btc,2.301232411611175,0.0,0.00000071,btc,9957.48302385,0.00023528,0.0313308199999888,148
1,[],4,[],2019-03-19 21:31:25,255810.0415942,0.00000029,0.000000000011615747,6982695,2019-03-19 21:31:25,btc,218.94922712414143,0.0,0.00000029,btc,793529.37642722,0.00117,0.0608347789473395,152
0,[],22,[],2019-03-19 21:31:27,0.0,0,0,6982696,2019-03-19 21:31:27,,0.0,0.0,0,,0.0,0.0,0.0,152
1,[],5,[],2019-04-26 09:36:59,0.0,0,0,7465040,2019-04-26 09:36:59,btc,0.0,0.0,0,btc,0.0,0.0,0.0,153
,[],16,[],2019-01-11 15:38:59,0.0,0,0,6366141,2019-01-11 15:38:59,btc,0.0,0.0,,btc,0.0,0.0,0.0,155
0,[],22,[],2019-06-02 02:28:14,0.0,0,0,7724603,2019-06-02 02:28:14,,7.44455324,0.0,0,,5955762.942592593,0.0,0.0,156
0,[],23,[],2019-01-20 23:24:29,0.0,0,0,6476932,2019-01-20 23:24:29,,0.0,0.0,0,,0.0,0.0,0.0,156
1,[],22,[],2019-06-02 02:28:18,6996.0,0.00000001,0.0000000000008575219999999999,7724604,2019-06-02 02:28:18,BTC,1.7543039,0.0,0.00000001,BTC,57.0,0.0,6.996e-05,157
0,[],22,[],2019-05-21 23:40:32,0.0,0,0,7665049,2019-05-21 23:40:32,,50234.60468402,0.0,0,,54786159.03179465,0.0,0.0,158
,[],17,[],2018-11-20 22:56:10,0.0,0,0,4861976,2018-11-20 22:56:10,btc,1.1265625,0.0,,btc,1000.0,0.0,0.0,159
,[],20,[],2018-11-20 22:56:12,0.0,0,0,4861977,2018-11-20 22:56:12,btc,11912.7940471,0.0,,btc,34413894.3617,0.0,0.0,159
1,[],12,[],2019-05-24 02:51:20,9178.522006449999,0.00000191999999999999982841307998027158276954651228152215480804443359375,0.000000000151222656,7676256,2019-05-24 02:51:20,btc,149.80414728631675,0.0,0.00000191999999999999982841307998027158276954651228152215480804443359375,btc,1115.7451448499999,0.01783167678326,0.0120075778999181,168
1,[],17,[],2019-05-03 01:13:36,42852.0,0.00000002,0.000000000001096006,7559132,2019-05-03 01:13:36,btc,0.04279856251542,0.0,0.00000002,btc,274.46171372,0.0,0.00052852,168
1,[],22,[],2019-05-17 03:01:52,10.0,0.00000001,0.000000000000778341,7642059,2019-05-17 03:01:52,BTC,41.95893009,0.0,0.00000001,BTC,1753972.7737547632,0.0,1e-07,169
1,[],22,[],2019-05-30 08:38:18,202834.0,0.00000002,0.0000000000017416160000000001,7711049,2019-05-30 08:38:18,BTC,27.87002826,0.0,0.00000002,BTC,462189.5410507793,0.0,0.00211768,171
1,[],22,[],2019-05-29 08:05:18,349870.0,0.00000002,0.000000000001705894,7705265,2019-05-29 08:05:18,BTC,24.05907723,0.0,0.00000002,"BTC,LTC",1224285.4355616204,0.0,0.0039847,173
1,[],5,[],2019-06-02 02:28:20,0.0,0,0,7724605,2019-06-02 02:28:20,btc,0.0,0.07201532,0,btc,0.0,0.0,0.0,175
1,[],22,[],2019-06-02 02:28:23,90671.0,0.00000001,0.0000000000008575219999999999,7724606,2019-06-02 02:28:23,BTC,394.35459412,0.0,0.00000001,BTC,136275.61833431243,0.0,0.00090671,176
1,[],7,[],2019-06-02 02:28:25,0.0,0,0,7724607,2019-06-02 02:28:25,btc,522272.5137934946,2548.45154845,0,btc,21477346.91829112,2.548e-05,0.0,178
0,[],22,[],2019-06-02 02:28:28,0.0,0,0,7724608,2019-06-02 02:28:28,,1.00242428,0.0,0,,57512.0,0.0,0.0,178
0,[],2,[],2019-01-20 23:28:34,0.0,0,0,6477001,2019-01-20 23:28:34,,0.0,0.0,0,,0.0,0.0,0.0,178
1,[],5,[],2019-06-02 02:28:30,0.0,0,0,7724609,2019-06-02 02:28:30,btc,0.0,0.157257,0,btc,0.0,0.0,0.0,179
0,[],22,[],2019-06-02 02:28:32,0.0,0,0,7724610,2019-06-02 02:28:32,,5.31336687,0.0,0,,13263921.311946675,0.0,0.0,179
0,[],23,[],2019-01-20 23:25:08,0.0,0,0,6476952,2019-01-20 23:25:08,,0.0,0.0,0,,0.0,0.0,0.0,179
1,[],22,[],2019-06-02 02:30:36,681953.0287609161,0.00000107,0.00000000009175485399999999,7724611,2019-06-02 02:30:36,BTC,39.18914304,0.0,0.00000107,"BTC,LTC",144807.08376237814,0.00139148,0.58143958,180
1,[],26,[],2019-06-02 02:30:36,0.0,0,0,7724612,2019-06-02 02:30:36,,0.0,0.0,0,,0.0,0.0,0.0,180
1,[],17,[],2019-05-03 01:13:56,20504.725000000002,0.0000001,0.00000000000548003,7559141,2019-05-03 01:13:56,btc,5.2010695838400265,0.0,0.0000001,btc,5033.45945,0.0,0.0011504725,180
,[],7,[],2018-11-20 22:58:01,562227.975654,0.00000085,0.000000000036176765,4862015,2018-11-20 22:58:01,btc,21836.6059674,2491.87645172,,btc,749999.041456,0.00211021,0.127565380455,183
,[],5,[],2019-01-10 08:11:41,0.0,0,0,6347036,2019-01-10 08:11:41,btc,82.15055501,0.00261,,btc,1.19002445,0.0,0.0,187
,[],17,[],2018-11-16 20:58:10,4062536.27273,0.00000001,0.000000000000550501,4708775,2018-11-16 20:58:10,btc,3.36492563466,0.195460381006,,"btc,eth",110697919.549,0.0,0.0157628953496,187
1,[],24,[],2019-05-22 21:04:52,0.0,0.000000000014,0.0000000000000010960978,7670219,2019-05-22 21:04:52,btc,0.0,0.0,0.000000000014,btc,0.0,0.0,0.0,187
0,[],22,[],2019-04-25 02:54:07,0.0,0,0,7447896,2019-04-25 02:54:07,,7.54794454,0.0,0,,76361.7243344055,0.0,0.0,191
0,[],22,[],2019-06-02 02:30:41,0.0,0,0,7724613,2019-06-02 02:30:41,,0.0,0.0,0,,0.0,0.0,0.0,197
0,[],23,[],2019-01-20 23:31:41,0.0,0,0,6477079,2019-01-20 23:31:41,,0.0,0.0,0,,0.0,0.0,0.0,199
0,[],22,[],2019-06-02 02:30:43,0.0,0,0,7724614,2019-06-02 02:30:43,,10.92249999,0.0,0,,98728037.0,0.0,0.0,199
1,[],26,[],2019-06-02 02:30:43,0.0,0,0,7724615,2019-06-02 02:30:43,,0.0,0.0,0,,0.0,0.0,0.0,199
0,[],2,[],2019-01-20 23:30:49,0.0,0,0,6477059,2019-01-20 23:30:49,,0.0,0.0,0,,0.0,0.0,0.0,201
1,[],4,[],2019-01-25 15:51:35,2084389.58565343,0.00000936,0.000000000333526752,6499557,2019-01-25 15:51:35,btc,2.0092503037378524,0.0,0.00000936,btc,160195.80207885,0.19272417,1.242687955921835,211
1,[],7,[],2019-06-02 02:30:46,1170196356.7039578,0.00000037,0.000000000031728314,7724616,2019-06-02 02:30:46,btc,15201833.254150618,1740.99183365,0.00000037,btc,6786537.40107219,0.0,11.977918348061934,212
1,[],12,[],2019-01-25 02:44:32,207462.42853209,0.000001080000000000000035831255497387193287295303889550268650054931640625,0.000000000038610756000000006,6493050,2019-01-25 02:44:32,btc,85023.03793723314,0.0,0.000001080000000000000035831255497387193287295303889550268650054931640625,btc,43675.73520027,0.000146250909087,0.0348620860622024,213
1,[],5,[],2019-05-30 00:07:46,0.0,0,0,7709357,2019-05-30 00:07:46,btc,0.0,0.06425239,0,btc,0.0,0.0,0.0,213
1,[],24,[],2019-05-30 00:07:46,0.0,0.000000399202,0.0000000000344859829346,7709358,2019-05-30 00:07:46,btc,0.0,0.0,0.000000399202,btc,0.0,0.0,0.0,213
1,[],26,[],2019-05-30 00:07:47,0.0,0.00000040,0.000000000034554919999999996,7709359,2019-05-30 00:07:47,btc,0.0,0.0,0.00000040,btc,0.0,0.0,0.0,213
0,[],22,[],2019-06-02 02:30:49,0.0,0,0,7724617,2019-06-02 02:30:49,,9.61445386,0.0,0,,3661587.094064925,0.0,0.0,216
1,[],27,[],2019-06-02 02:30:57,194550.0,0.00000001,0.0000000000008575219999999999,7724618,2019-06-02 02:30:57,btc,88.91793967917752,2000.0,0.00000001,"btc,ltc",385585.407688,2e-05,0.001935500000001318,216
1,[],22,[],2019-06-02 02:31:01,722451.0,0.00000028,0.000000000024010616,7724619,2019-06-02 02:31:01,BTC,12056.47472705,0.0,0.00000028,BTC,515529.6101692637,0.01065107,0.05480579,217
1,[],7,[],2019-06-02 02:31:04,0.0,0,0,7724620,2019-06-02 02:31:04,btc,1234864.1040716618,0.0,0,btc,164001712.13147992,0.0,0.0,219
0,[],27,[],2019-06-02 02:31:10,0.0,0,0,7724621,2019-06-02 02:31:10,,261.41644782671324,0.0,0,btc,15857918.74381025,0.0,0.0,219
0,[],28,[],2019-06-02 02:32:27,0.0,0,0,7724622,2019-06-02 02:32:27,,0.0,14375.0,0,,0.0,0.0,0.0,219
1,[],22,[],2019-05-23 16:41:05,172069.0,0.00000004,0.0000000000031167080000000004,7674065,2019-05-23 16:41:05,BTC,56.76466137,0.0,0.00000004,BTC,127061.6482738741,0.0,0.00393676,221
1,[],24,[],2019-05-23 16:41:05,0.0,0.000000010000,0.0000000000007791770000000001,7674066,2019-05-23 16:41:05,btc,0.0,0.0,0.000000010000,btc,0.0,0.0,0.0,221
1,[],20,[],2019-06-02 02:32:29,10506837.5542,0.000000002,0.0000000000001715044,7724623,2019-06-02 02:32:29,btc,100052.67419088971,113538.8029,0.000000002,btc,45432148.0108,0.0002270776058,0.0111833511084,224
0,[],22,[],2019-06-02 02:32:32,0.0,0,0,7724624,2019-06-02 02:32:32,,0.0,0.0,0,,0.0,0.0,0.0,224
1,[],26,[],2019-06-02 02:32:32,0.0,0,0,7724625,2019-06-02 02:32:32,,0.0,0.0,0,,0.0,0.0,0.0,231
1,[],26,[],2019-06-02 02:32:32,0.0,0,0,7724626,2019-06-02 02:32:32,,0.0,0.0,0,,0.0,0.0,0.0,234
0.0000000003115172,[],27,[],2019-06-02 02:32:39,100.0,3.115172e-18,2.671328523784e-22,7724627,2019-06-02 02:32:39,eth,0.01134836604,0.0,0.00000001,"btc,eth",11462.996,0.0,3.115172e-16,234
1,[],4,[],2019-05-22 17:06:12,91780.56053785,0.00000078,0.000000000061977552,7669277,2019-05-22 17:06:12,btc,5.573372450018177,0.0,0.00000078,btc,729173.93529783,0.0,0.0307060663355679,236
1,[],24,[],2019-05-22 17:06:12,0.0,0.000000010000,0.000000000000794584,7669278,2019-05-22 17:06:12,btc,0.0,0.0,0.000000010000,btc,0.0,0.0,0.0,236
1,[],20,[],2019-06-02 00:34:01,118375926.3888,0.000000042,0.0000000000035957544,7724335,2019-06-02 00:34:01,btc,608.7508522522727,9103675.5118,0.000000042,btc,43235234.4975,0.4007938624175,0.4349934283927,237
1,[],5,[],2019-06-02 02:32:41,0.0,0,0,7724628,2019-06-02 02:32:41,btc,0.0,0.13295194,0,btc,0.0,0.0,0.0,237
1,[],22,[],2019-06-02 02:32:46,288100.0,0.00000003,0.000000000002572566,7724629,2019-06-02 02:32:46,BTC,1.20267422,0.0,0.00000003,"BTC,LTC",17930.94871794872,0.0,0.007541,237
1,[],4,[],2019-06-02 02:34:46,27027484.23539304,0.00000011,0.000000000009432742,7724630,2019-06-02 02:34:46,btc,2.7233116342731076,0.0,0.00000011,btc,8938207.12947563,0.02368729,0.540739739792194,238
1,[],5,[],2019-06-02 02:34:49,0.0,0,0,7724631,2019-06-02 02:34:49,btc,0.0,0.01179196,0,btc,0.0,0.0,0.0,238
0,[],22,[],2019-03-12 16:49:32,0.0,0,0,6914458,2019-03-12 16:49:32,,0.40415746,0.0,0,,526736.5639027493,0.0,0.0,249
0,[],22,[],2019-05-28 23:53:45,0.0,0,0,7703643,2019-05-28 23:53:45,,13.44714864,0.0,0,,43777534.3426455,0.0,0.0,252
0,[],28,[],2019-06-02 02:35:25,0.0,0,0,7724632,2019-06-02 02:35:25,,0.0,293603.0,0,,0.0,0.0,0.0,256
1,[],22,[],2019-06-02 02:35:28,1021960.0,0.00000001,0.0000000000008575219999999999,7724633,2019-06-02 02:35:28,BTC,31464.5506333,0.0,0.00000001,BTC,584951.6675322719,1.251e-05,0.0102196,258
1,[],22,[],2019-05-19 18:12:02,400.0,0.00000001,0.0000000000007957800000000001,7653905,2019-05-19 18:12:02,BTC,2.415167,0.0,0.00000001,BTC,157.0,0.0,4e-06,259
1,[],5,[],2019-06-02 02:35:30,0.0,0,0,7724634,2019-06-02 02:35:30,btc,0.0,0.06012324,0,btc,0.0,0.0,0.0,264
1,[],20,[],2019-06-02 02:35:32,958978.8166,0.000000154,0.000000000013205838799999999,7724635,2019-06-02 02:35:32,btc,0.9760449402595,32516.6255,0.000000154,btc,51736.5911,0.01885964279,0.0080537773356,264
0,[],22,[],2019-04-12 17:57:27,0.0,0,0,7278186,2019-04-12 17:57:27,,66.37522201,0.0,0,,677842.4169881374,0.0,0.0,271
0,[],22,[],2019-05-29 08:10:20,0.0,0,0,7705301,2019-05-29 08:10:20,,33050470.74998113,0.0,0,,14361377780.7,0.0,0.0,272
0,[],28,[],2019-05-29 08:10:54,0.0,0,0,7705302,2019-05-29 08:10:54,,0.0,22189957216.5758,0,,0.0,0.0,0.0,272
1,[],22,[],2019-05-23 07:12:29,219930.0,0.00000004,0.000000000003048688,7671985,2019-05-23 07:12:29,BTC,426.77835217,0.0,0.00000004,BTC,248664.3325962929,0.0,0.00739728,281
1,[],22,[],2019-06-02 02:35:37,378680.43333333335,0.00000004,0.0000000000034300879999999996,7724636,2019-06-02 02:35:37,BTC,31.67492967,0.0,0.00000004,"BTC,LTC",1543581.4569583754,4.408e-05,0.01589089,286
0,[],22,[],2019-06-02 02:35:40,0.0,0,0,7724637,2019-06-02 02:35:40,,7337904.96568486,0.0,0,,2004620112.6797826,0.0,0.0,294
