pairValue,buyBook,exchangeId,sellBook,updated,buyTotal,satoshiPrice,usdPrice,exchangeLogId,created,bestPair,sellTotalBtc,volume,pairPrice,activePairs,sellTotal,volumeBtc,buyTotalBtc,coinId
1,[],4,[],2019-05-23 06:31:30,207676.14202565,0.01076641,0.000000820585624252,7671827,2019-05-23 06:31:30,btc,8.271286424617522,0.0,0.01076641,btc,346.66256856,1.00916717,0.5434451145076332,1
1,[],5,[],2019-05-23 06:31:34,0.0,0,0,7671828,2019-05-23 06:31:34,btc,0.0,0.02463209,0,btc,0.0,0.0,0.0,1
1,[],10,[],2019-05-23 06:31:36,255911.62058088,0.00780267,0.0000005946976599240001,7671829,2019-05-23 06:31:36,btc,6523.366876448345,1356.10830635,0.00780267,btc,1358.25206185,0.0,2.500845826320478,1
1,[],12,[],2019-05-23 06:31:39,42.462287180000004,0.0108800000000000007815970093361102044582366943359375,0.0000008292431360000001,7671830,2019-05-23 06:31:39,btc,0.0411839823998,0.0,0.0108800000000000007815970093361102044582366943359375,btc,3.4091663100000003,0.1107719224095,0.2759041628962,1
1,[],20,[],2019-05-23 06:31:41,972.7749,0.01026282,0.000000782203404504,7671831,2019-05-23 06:31:41,btc,0.2207191477805,0.011,0.01026282,btc,16.8951,0.00011289113,0.1004635849003,1
1,[],21,[],2019-05-23 06:31:42,1933.06741912,0.01087499999999999925059945838,0.00000082886205,7671832,2019-05-23 06:31:42,btc,13.618512617235094,8112.61013414,0.0108749999999999992505994583780193352140486240386962890625,"btc,eth",1610.05072774,89.29283414640277,17.350379557289877,1
1,[],22,[],2019-05-23 06:31:46,0.0025666666666666667,0.00900000,0.0000006859548,7671833,2019-05-23 06:31:46,BTC,0.31629903,0.0,0.00900000,BTC,0.2505752479991019,0.0,2.31e-05,1
1,[],24,[],2019-05-23 06:31:47,0.0,0.000000000000,0,7671834,2019-05-23 06:31:47,btc,0.0,0.0,0.000000000000,btc,0.0,0.0,0.0,1
0.0,[],25,[],2019-05-23 06:31:48,0.0,0,0,7671835,2019-05-23 06:31:48,btc,43.24999999856095,4235.57578021,0.0,btc,3882.62051139,47.3,0.0,1
1,[],26,[],2019-05-23 06:31:49,0.0,0,0,7671836,2019-05-23 06:31:49,,0.0,0.0,0,,0.0,0.0,0.0,1
0,[],28,[],2019-05-23 06:32:33,0.0,0,0,7671837,2019-05-23 06:32:33,,0.0,364563.1788,0,,0.0,0.0,0.0,1
1,[],3,[],2019-05-22 18:07:34,1123.259330580089,0.01114142000000000083670403938640447449870407581329345703125,0.0000008809019430100001,7669457,2019-05-22 18:07:34,btc,1.846938727610729,30.8730799403,0.01114142000000000083670403938640447449870407581329345703125,btc,27.179280298868,0.0,0.2238721862652316,1
0,[],2,[],2019-01-20 23:28:45,0.0,0,0,6477011,2019-01-20 23:28:45,,0.0,0.0,0,,0.0,0.0,0.0,1
1,[],5,[],2019-05-23 06:32:34,0.0,0,0,7671838,2019-05-23 06:32:34,btc,0.0,0.00091427,0,btc,0.0,0.0,0.0,2
1,[],22,[],2019-05-23 06:32:38,11638.0,0.0000002,0.000000000015243440000000002,7671839,2019-05-23 06:32:38,BTC,21.00897301,0.0,0.0000002,"BTC,XMR",20678.87287795317,0.0,0.00145435,2
1,[],5,[],2019-05-23 06:32:41,0.0,0,0,7671840,2019-05-23 06:32:41,btc,0.0,0.01557113,0,btc,0.0,0.0,0.0,3
1,[],12,[],2019-05-23 06:32:45,3087205.65974,0.000000119,0.0000000000090698468,7671841,2019-05-23 06:32:45,btc,0.1373477090442,0.0,0.000000119,btc,866747.6202,0.07087468940964978,0.29768619750906,3
0,[],28,[],2019-05-23 06:32:46,0.0,0,0,7671842,2019-05-23 06:32:46,,0.0,0.0,0,,0.0,0.0,0.0,3
0,[],2,[],2019-01-20 23:31:32,0.0,0,0,6477077,2019-01-20 23:31:32,,0.0,0.0,0,,0.0,0.0,0.0,4
1,[],4,[],2019-05-18 21:29:50,562734.9206932,0.00000010,0.000000000007298720000000001,7650946,2019-05-18 21:29:50,btc,41.9347137769675,0.0,0.00000010,btc,1123702.32192634,0.00052462,0.029254593370966,4
0,[],12,[],2019-05-23 06:32:48,0.0,0,0,7671843,2019-05-23 06:32:48,btc,0.03303017,0.0,0,btc,155959.0,0.0,0.0,5
0,[],2,[],2019-01-20 23:31:51,0.0,0,0,6477087,2019-01-20 23:31:51,,0.0,0.0,0,,0.0,0.0,0.0,6
1,[],11,[],2019-05-23 06:32:52,7370444.276736,0.00000002,0.000000000001524344,7671844,2019-05-23 06:32:52,btc,9578.611634148536,10000.0,0.00000002,btc,58131556.70519443,0.0,0.09737071276736001,6
1,[],4,[],2019-05-23 06:32:54,59307.25633986,0.00010251,0.000000007813025172,7671845,2019-05-23 06:32:54,btc,9.19939438443247,0.0,0.00010251,btc,51362.30807718,1.3983248,3.048952572495391,7
1,[],5,[],2019-05-23 06:32:55,0.0,0,0,7671846,2019-05-23 06:32:55,btc,0.0,0.52245364,0,btc,0.0,0.0,0.0,7
1,[],3,[],2019-05-22 18:08:48,11992.400030575094,0.00011500000000000000347812056933349822429590858519077301025390625,0.0000000090925325,7669475,2019-05-22 18:08:48,btc,1.1612001845741802,131.533509258,0.00011500000000000000347812056933349822429590858519077301025390625,btc,282.094355724518,0.0,0.024071946207221296,7
1,[],20,[],2019-04-07 22:06:50,3201475.0482,0.000000001,0.000000000000051590000000000004,7213932,2019-04-07 22:06:50,btc,30.8005781811902,0.0,0.000000001,btc,23077405.3926,0.0,0.0032014750482,8
1,[],4,[],2019-05-23 06:32:59,21104136.59087482,0.00000056,0.000000000042681632,7671847,2019-05-23 06:32:59,btc,4.288214955739537,0.0,0.00000056,btc,3860008.10369609,0.40701834,0.7515902605303321,9
0,[],28,[],2019-05-23 06:33:42,0.0,0,0,7671848,2019-05-23 06:33:42,,0.0,3578836.0,0,,0.0,0.0,0.0,9
0,[],2,[],2019-01-20 23:22:42,0.0,0,0,6476876,2019-01-20 23:22:42,,0.0,0.0,0,,0.0,0.0,0.0,9
0,[],23,[],2019-01-20 23:22:48,0.0,0,0,6476878,2019-01-20 23:22:48,,0.0,0.0,0,,0.0,0.0,0.0,9
1,[],1,[],2019-02-17 23:31:42,1822507.21,0.00000181000000000000003456111265232042484285557293333113193511962890625,0.000000000066086901,6701244,2019-02-17 23:31:42,btc,3.6990969245,17153386.5,0.00000181000000000000003456111265232042484285557293333113193511962890625,btc,1997391.71,31.11772986,3.2610482446,9
1,[],4,[],2019-02-17 11:22:43,4341674.27126056,0.00000002,0.0000000000007272960000000001,6696112,2019-02-17 11:22:43,btc,0.1997230937751353,0.0,0.00000002,btc,4109766.79808031,0.00215132,0.0479381022052112,10
1,[],4,[],2019-05-23 06:33:44,5289477.28653489,0.00000063,0.000000000048016836,7671849,2019-05-23 06:33:44,btc,5.21165060464498,0.0,0.00000063,btc,4770893.96073636,1.10819684,1.05094481191013,12
1,[],5,[],2019-05-23 06:33:46,0.0,0,0,7671850,2019-05-23 06:33:46,btc,0.0,0.0511761,0,btc,0.0,0.0,0.0,12
0.0,[],25,[],2019-05-23 06:33:48,0.0,0,0,7671851,2019-05-23 06:33:48,,0.0,0.0,0.0,btc,0.0,0.0,0.0,12
0,[],2,[],2019-01-20 23:23:08,0.0,0,0,6476890,2019-01-20 23:23:08,,0.0,0.0,0,,0.0,0.0,0.0,12
1,[],4,[],2019-05-23 06:33:50,365120.81123615,0.00000669,0.000000000509893068,7671852,2019-05-23 06:33:50,btc,2.1717762993728593,0.0,0.00000669,btc,253790.15341745,0.497958,0.682234611662107,13
1,[],10,[],2019-05-23 06:33:54,570822.69290859,0.00000661,0.0000000005037956920000001,7671853,2019-05-23 06:33:54,btc,666802.6505166847,5504.89308549,0.00000661,btc,849180.24427584,0.0,0.2956187056407199,13
1,[],21,[],2019-05-23 06:33:55,791867.09594772,0.000006729999999999999938976764924,0.000000000512941756,7671854,2019-05-23 06:33:55,btc,6.056072539890984,484912.64459787,0.000006729999999999999938976764923825868436324526555836200714111328125,btc,804929.21711136,3.36384879,4.764792935947375,13
1,[],4,[],2019-05-23 06:33:56,952189.00211073,0.00000072,0.000000000054876384,7671855,2019-05-23 06:33:56,btc,4.442918319465778,0.0,0.00000072,btc,814646.34233645,0.00970617,0.1448116904671069,14
1,[],12,[],2019-05-23 06:33:57,31914.43803384,0.00000062,0.000000000047254664,7671856,2019-05-23 06:33:57,btc,0.010283148869122,0.0,0.00000062,btc,1520.00961481,0.0,0.0120367499999864,14
1,[],26,[],2019-05-23 06:35:57,0.0,0.00000050,0.000000000038108600000000004,7671857,2019-05-23 06:35:57,btc,0.0,0.0,0.00000050,btc,0.0,0.0,0.0,14
0,[],17,[],2019-05-03 00:53:32,0.0,0,0,7558876,2019-05-03 00:53:32,btc,0.0,0.0,0,btc,0.0,0.0,0.0,14
0,[],4,[],2019-05-23 06:35:59,0.0,0,0,7671858,2019-05-23 06:35:59,,0.0,0.0,0,,0.0,0.0,0.0,15
,[],12,[],2018-12-01 15:15:48,204241.84496,0.00000489,0.000000000202473384,5260204,2018-12-01 15:15:48,btc,49.5475654835,0.0,,btc,35763.2193806,0.0163153972027625,0.0203389899998,15
1,[],4,[],2019-05-23 06:36:01,39131.6177382,0.00001275,0.0000000009717693,7671859,2019-05-23 06:36:01,btc,1.0774613746884718,0.0,0.00001275,btc,16735.00212211,0.03057292,0.1307964863720494,18
1,[],10,[],2019-05-23 06:36:03,307863.49636568,0.00001204,0.0000000009176550880000001,7671860,2019-05-23 06:36:03,btc,15.300837002506622,14347.969106,0.00001204,btc,10159.418643,0.0,0.0780116903605992,18
1,[],12,[],2019-05-23 06:36:04,5962.50468155,0.000010679999999999999389654892212320191902108490467071533203125,0.000000000813999696,7671861,2019-05-23 06:36:04,btc,0.0070247697349794,0.0,0.000010679999999999999389654892212320191902108490467071533203125,btc,397.4205077,0.0005456428187669,0.009683352232537499,18
0,[],2,[],2019-01-20 23:23:38,0.0,0,0,6476906,2019-01-20 23:23:38,,0.0,0.0,0,,0.0,0.0,0.0,18
0,[],17,[],2019-05-03 00:53:39,0.0,0,0,7558882,2019-05-03 00:53:39,btc,0.0,0.0,0,btc,0.0,0.0,0.0,18
1,[],4,[],2019-05-23 06:38:07,166114.60460076,0.00001016,0.0000000007743667520000001,7671862,2019-05-23 06:38:07,btc,3.7812282712969982,0.0,0.00001016,btc,164570.78756343,0.30612903,0.729608860501931,19
1,[],5,[],2019-05-23 06:38:08,0.0,0,0,7671863,2019-05-23 06:38:08,btc,0.0,0.00015577,0,btc,0.0,0.0,0.0,19
1,[],12,[],2019-05-23 06:38:09,2110.15895692,0.000008600000000000000669624945770497248531682998873293399810791015625,0.0000000006554679200000001,7671864,2019-05-23 06:38:09,btc,0.0335608788900832,0.0,0.000008600000000000000669624945770497248531682998873293399810791015625,btc,1123.22383734,0.0014191466633562,0.0107503999997469,19
0,[],27,[],2019-05-23 06:38:20,0.0,0,0,7671865,2019-05-23 06:38:20,,0.0,0.0,0,btc,0.0,0.0,0.0,19
0,[],2,[],2019-01-20 23:24:19,0.0,0,0,6476924,2019-01-20 23:24:19,,0.0,0.0,0,,0.0,0.0,0.0,19
1,[],3,[],2019-05-22 18:13:10,155674.10542488078,0.00000931000000000000064808401700755524643682292662560939788818359375,0.000000000736099805,7669492,2019-05-22 18:13:10,btc,0.23246272695370224,3561.35820087,0.00000931000000000000064808401700755524643682292662560939788818359375,btc,5234.747680881293,0.0,0.04615314488507609,19
1,[],4,[],2019-05-23 06:38:21,10230128.96144766,0.00000007,0.000000000005335204,7671866,2019-05-23 06:38:21,btc,6.413343230109516,0.0,0.00000007,btc,2233934.3516984,0.00018919,0.1275941297203162,20
1,[],4,[],2019-05-23 06:38:22,72141616.72337481,0.00000001,0.000000000000762172,7671867,2019-05-23 06:38:22,btc,39085.682048046256,0.0,0.00000001,btc,61654662.52581323,0.00133927,0.7214161672337481,21
1,[],12,[],2019-05-23 06:38:24,750000.0,0.00000001,0.000000000000762172,7671868,2019-05-23 06:38:24,btc,0.18159346999999998,0.0,0.00000001,btc,902613.0,0.00020749,0.007500000000000001,21
0,[],17,[],2019-05-03 00:53:51,0.0,0,0,7558891,2019-05-03 00:53:51,btc,0.0,0.0,0,btc,0.0,0.0,0.0,21
1,[],12,[],2019-05-23 06:40:26,4021004340.0,0.0000000004,0.000000000000030486880000000004,7671869,2019-05-23 06:40:26,btc,853533.7497924246,0.0,0.0000000004,btc,723185469.3996004,0.1320879367986014,0.8793943336,23
0.00000000031119210000000004,[],27,[],2019-05-23 06:40:36,73338181.0,3.111921e-18,2.371819052412e-22,7671870,2019-05-23 06:40:36,eth,1174.15553804276,1586063712.0,0.00000001,eth,65978333.826,4.935704972710752e-09,2.2822262555570102e-10,23
1,[],4,[],2019-05-23 06:40:37,1838420.72996492,0.00000017,0.000000000012956924000000001,7671871,2019-05-23 06:40:37,btc,13.474638591655298,0.0,0.00000017,btc,2046238.47518281,0.00170775,0.0554626471844495,24
1,[],22,[],2019-05-23 06:40:40,21.76,0.00000100,0.00000000007621720000000001,7671872,2019-05-23 06:40:40,BTC,7.415e-05,0.0,0.00000100,BTC,23.919354838709676,0.0,1.186e-05,24
0.0,[],25,[],2019-05-23 06:40:41,0.0,0,0,7671873,2019-05-23 06:40:41,,0.0,0.0,0.0,btc,0.0,0.0,0.0,24
1,[],4,[],2019-05-23 06:40:43,302527.85596544,0.00000420,0.00000000032011224,7671874,2019-05-23 06:40:43,btc,10.48904903183268,0.0,0.00000420,btc,272740.33414776,0.12161039,0.1365625094604761,26
1,[],10,[],2019-05-23 06:40:46,159722.20043768,0.0000044,0.00000000033535568000000006,7671875,2019-05-23 06:40:46,btc,25.51301340486067,6299.51839295,0.0000044,btc,23068.37512331,0.0,0.0316020268815791,26
0,[],2,[],2019-01-20 23:25:56,0.0,0,0,6476976,2019-01-20 23:25:56,,0.0,0.0,0,,0.0,0.0,0.0,26
1,[],11,[],2019-05-23 06:40:48,1069867.58157834,0.00000001,0.000000000000762172,7671876,2019-05-23 06:40:48,btc,67503.038056662,12744.4184217,0.00000001,btc,6639900.67919713,0.0,0.0106986758157834,27
1,[],5,[],2019-04-26 09:47:06,0.0,0,0,7465326,2019-04-26 09:47:06,btc,0.0,0.0,0,btc,0.0,0.0,0.0,27
1,[],3,[],2019-05-22 20:40:44,7277055.62200389,0.00000001,0.0000000000007829270000000001,7670138,2019-05-22 20:40:44,btc,3.317032516294362,4553405.57489,0.00000001,btc,23938008.26764695,0.0,0.0727705562200389,27
1,[],4,[],2019-05-23 06:40:49,1205917759.7981853,0.00000001,0.000000000000762172,7671877,2019-05-23 06:40:49,btc,4.752334387352627,0.0,0.00000001,"btc,ltc",291591254.8911011,0.01120303,8.296402071783165,29
1,[],7,[],2019-05-23 06:40:51,111446064.34806745,0.00000001,0.000000000000762172,7671878,2019-05-23 06:40:51,btc,46548272.14362504,78543.9,0.00000001,btc,35213420.88109591,0.00078544,1.1144606434806745,29
1,[],4,[],2019-05-23 06:40:51,15219977.61213376,0.00000005,0.0000000000038108600000000006,7671879,2019-05-23 06:40:51,btc,2.6542414219696604,0.0,0.00000005,btc,2170305.18088196,0.00093432,0.1685739026456754,30
0,[],17,[],2019-05-03 01:11:25,0.0,0,0,7559066,2019-05-03 01:11:25,btc,0.0,0.0,0,btc,0.0,0.0,0.0,30
1,[],4,[],2019-05-23 06:42:53,109281.40679964,0.00005009,0.000000003817719548,7671880,2019-05-23 06:42:53,btc,3.913474776813383,0.0,0.00005009,btc,48569.13437228,0.9573261,0.8151183133593412,31
1,[],21,[],2019-05-23 06:42:54,81575.53150977,0.00005001999999999999881646756128,0.0000000038123843440000005,7671881,2019-05-23 06:42:54,btc,3.360162164253638,189316.21415908,0.000050019999999999998816467561280063591766520403325557708740234375,btc,59460.41378538,10.0957916,3.3344445286564466,31
0,[],2,[],2019-01-20 23:28:43,0.0,0,0,6477009,2019-01-20 23:28:43,,0.0,0.0,0,,0.0,0.0,0.0,32
0,[],4,[],2019-05-23 06:42:55,0.0,0,0,7671882,2019-05-23 06:42:55,,0.0,0.0,0,,0.0,0.0,0.0,33
1,[],12,[],2019-03-30 07:55:10,40641173.964,0.00000003,0.000000000001228359,7108785,2019-03-30 07:55:10,btc,4233210.82356125,0.0,0.00000003,btc,28378394.68333462,0.0126927883965248,0.90752895892,33
0.0000000001133202,[],4,[],2019-05-23 06:42:58,29105745.94898108,5.7793302e-17,4.4048436571944005e-21,7671883,2019-05-23 06:42:58,ltc,3.517125066674431,0.0,0.00000051,ltc,157203948.65701556,0.0,1.3933082925651122e-10,34
1,[],5,[],2019-05-23 06:42:59,0.0,0,0,7671884,2019-05-23 06:42:59,btc,0.0,0.0,0,btc,0.0,0.0,0.0,34
0.0000000001133202,[],4,[],2019-05-23 06:43:01,88845743.45511784,1.133202e-18,8.63694834744e-23,7671885,2019-05-23 06:43:01,ltc,4.107762842411645e-08,0.0,0.00000001,ltc,7563330053.433634,0.0,1.0068017417482644e-10,36
1,[],5,[],2019-05-23 06:43:02,0.0,0,0,7671886,2019-05-23 06:43:02,btc,0.0,0.0,0,btc,0.0,0.0,0.0,36
0.0000000002926451,[],17,[],2019-05-02 18:17:47,200000.0,2.9264510000000002e-18,1.596703856561e-22,7556430,2019-05-02 18:17:47,eth,0.20942468735267253,0.0,0.00000001,"btc,eth",1018272.20243647,0.0,5.852902e-13,36
0.00000000031119210000000004,[],27,[],2019-05-23 06:45:24,48360815.004,3.111921e-18,2.371819052412e-22,7671887,2019-05-23 06:45:24,eth,1671.21235018,972553586.0,0.00000001,"ltc,eth",17275469.0,1.43786787776541e-09,1.4195673863585083e-10,36
1,[],4,[],2019-05-23 06:45:25,10194492.92797459,0.00000017,0.000000000012956924000000001,7671888,2019-05-23 06:45:25,btc,19772.602152365118,0.0,0.00000017,btc,793209.36800994,0.02000717,0.1617287254713699,37
1,[],12,[],2019-05-23 06:45:27,3186893.999,0.00000017,0.000000000012956924,7671889,2019-05-23 06:45:27,btc,5.448279268237465,0.0,0.00000017,btc,876292.00632299,0.0183954004895215,0.16714998983,37
1,[],27,[],2019-05-23 06:47:33,1600.0,0.00000015,0.000000000011432580000000001,7671890,2019-05-23 06:47:33,btc,24.12156123602533,0.0,0.00000015,btc,5842.04443503,0.0,3e-05,37
1,[],17,[],2019-05-03 01:11:36,211752.74075282,0.00000025,0.000000000013700074999999998,7559074,2019-05-03 01:11:36,btc,0.055484923955058496,0.0,0.00000025,"btc,eth",1387.19918473,0.0,0.0005381851887916605,37
1,[],5,[],2019-05-23 06:47:35,0.0,0,0,7671891,2019-05-23 06:47:35,btc,0.0,0.0454165,0,btc,0.0,0.0,0.0,42
1,[],12,[],2019-05-23 06:47:36,21592.88224115,0.000001269999999999999910766366496839285815667608403600752353668212890625,0.000000000096795844,7671892,2019-05-23 06:47:36,btc,2.031789554208365,0.0,0.000001269999999999999910766366496839285815667608403600752353668212890625,btc,31067.57362156,0.0348235423282135,0.010153349999977499,42
1,[],27,[],2019-05-23 06:47:46,1196.0,0.00000100,0.00000000007621720000000001,7671893,2019-05-23 06:47:46,btc,1.1813845831768,0.0,0.00000100,"btc,eth",1183.4448157,0.0,0.0005960000004840905,42
1,[],12,[],2019-03-13 09:13:29,1112112.0,0.00000001,0.000000000000386531,6919902,2019-03-13 09:13:29,btc,29058.00478931866,0.0,0.00000001,btc,5967681.93306694,9.99000999e-07,0.01112112,43
1,[],5,[],2019-04-26 22:38:52,0.0,0,0,7474154,2019-04-26 22:38:52,btc,0.0,0.02638891,0,btc,0.0,0.0,0.0,43
0,[],17,[],2019-04-26 22:38:53,0.0,0,0,7474155,2019-04-26 22:38:53,btc,0.0,0.0,0,btc,0.0,0.0,0.0,43
1,[],12,[],2019-03-05 01:54:08,639326.02,0.00000004,0.000000000001486676,6845775,2019-03-05 01:54:08,btc,11116042.728239931,0.0,0.00000004,btc,1103841.4595604,0.0003330765234764,0.014975410599999999,44
1,[],4,[],2019-05-23 06:47:47,112710012.98412654,0.00000001,0.000000000000762172,7671894,2019-05-23 06:47:47,btc,291324.22399019846,0.0,0.00000001,"btc,ltc",26158766.20369327,0.00100081,0.11405160973461102,49
0.0000000001133202,[],4,[],2019-05-23 06:47:49,96967046.60407342,4.9860888e-17,3.8002572728736004e-21,7671895,2019-05-23 06:47:49,ltc,21909.46107203662,0.0,0.00000044,ltc,152600076.22405472,0.0,5.50827906750654e-10,52
0,[],22,[],2019-05-23 06:47:51,0.0,0,0,7671896,2019-05-23 06:47:51,,10289.55991011,0.0,0,,308568058.4566013,0.0,0.0,57
0,[],27,[],2019-05-23 06:48:01,0.0,0,0,7671897,2019-05-23 06:48:01,,0.0,0.0,0,"btc,eth",0.0,0.0,0.0,57
0.0000000001133202,[],4,[],2019-05-23 06:48:01,214357559.9970311,1.133202e-18,8.63694834744e-23,7671898,2019-05-23 06:48:01,ltc,19.16063813713025,0.0,0.00000001,ltc,6066028100.2256975,0.0,2.4291041570375563e-10,58
1,[],12,[],2019-05-23 06:48:03,2935691397.0,0.0000000001,0.000000000000007621720000000001,7671899,2019-05-23 06:48:03,btc,701190.212829495,0.0,0.0000000001,btc,1865243129.2077923,0.20422204275294706,0.29356913970000004,58
0.00000000010884490000000001,[],22,[],2019-05-23 06:50:07,126877.0,1.088449e-18,8.29585351228e-23,7671900,2019-05-23 06:50:07,XMR,68.17454206,0.0,0.00000001,XMR,9626402.6,0.0,0.00126877,58
1,[],17,[],2019-05-03 01:12:09,1200000.0,0.0000000001,0.00000000000000548003,7559085,2019-05-03 01:12:09,btc,1e+24,0.0,0.0000000001,"btc,eth",39516342.31952568,0.0,0.00010000000058666061,58
1,[],5,[],2019-05-23 06:50:08,0.0,0,0,7671901,2019-05-23 06:50:08,btc,0.0,0.00609646,0,btc,0.0,0.0,0.0,61
1,[],22,[],2019-05-23 06:50:11,13613.833333333334,0.00000012,0.000000000009146064,7671902,2019-05-23 06:50:11,BTC,1002.29590883,0.0,0.00000012,BTC,15092.180177125656,0.0,0.00153269,61
1,[],26,[],2019-05-23 06:50:11,0.0,0.00000050,0.000000000038108600000000004,7671903,2019-05-23 06:50:11,btc,0.0,0.0,0.00000050,btc,0.0,0.0,0.0,61
1,[],27,[],2019-05-23 06:50:29,107138.0,0.0000002,0.000000000015243440000000002,7671904,2019-05-23 06:50:29,btc,1.9501982264346656,0.0,0.0000002,"btc,eth",12657.40563696,0.0,0.001381220000311192,61
0,[],28,[],2019-05-23 06:51:31,0.0,0,0,7671905,2019-05-23 06:51:31,,0.0,658.0,0,,0.0,0.0,0.0,61
1,[],4,[],2019-05-23 06:51:33,1063345.89720948,0.00000092,0.000000000070119824,7671906,2019-05-23 06:51:33,btc,2.7251008676033055,0.0,0.00000092,btc,818068.97773373,0.07932186,0.6624765498095151,67
0.0,[],25,[],2019-05-23 06:51:35,0.0,0,0,7671907,2019-05-23 06:51:35,,0.0,0.0,0.0,btc,0.0,0.0,0.0,67
1,[],12,[],2019-05-23 06:51:37,621131.9999,0.00000008,0.000000000006097376,7671908,2019-05-23 06:51:37,btc,3.5958958404995003,0.0,0.00000008,btc,548333.004995,0.000145467011,0.011853399992,71
,[],5,[],2018-11-20 23:02:39,1.5e-07,0.00000005,0.000000000002128045,4862160,2018-11-20 23:02:39,btc,2.84511358,0.0,,btc,0.00036572,0.0,0.07381892,74
1,[],5,[],2019-05-23 06:53:37,0.0,0,0,7671909,2019-05-23 06:53:37,btc,0.0,0.03754136,0,btc,0.0,0.0,0.0,75
0,[],4,[],2019-05-23 01:15:30,0.0,0,0,7670940,2019-05-23 01:15:30,,133656.87703970782,0.0,0,,33424209.5909442,0.0,0.0,81
0,[],20,[],2019-01-25 09:30:31,0.0,0,0,6495923,2019-01-25 09:30:31,btc,0.0,0.0,0,btc,0.0,0.0,0.0,81
1,[],4,[],2019-05-23 06:53:38,27169.77688164,0.00006284,0.000000004789488848,7671910,2019-05-23 06:53:38,btc,18.526652486869132,0.0,0.00006284,btc,26730.14228896,0.11996235,0.415231323498127,82
1,[],21,[],2019-05-23 06:53:39,261468.01821443,0.00006237999999999999567370373432,0.000000004754428936,7671911,2019-05-23 06:53:39,btc,3.6898649034335187,10371.77216327,0.000062379999999999995673703734322401714962325058877468109130859375,btc,49934.501266319996,0.64811122,1.6335643338148096,82
0,[],17,[],2019-03-25 22:42:34,0.0,0,0,7038780,2019-03-25 22:42:34,btc,0.0445064681804024,0.0,0,btc,995513.18476001,0.0,0.0,84
0.0000000001161485,[],4,[],2019-05-20 13:09:39,216715621.0206096,1.161485e-18,9.0533806701e-23,7657228,2019-05-20 13:09:39,ltc,1.6511566870244727,0.0,0.00000001,ltc,471032407.9048656,0.0,2.5171194308112273e-10,85
,[],22,[],2018-11-20 23:09:34,3408.1,0.0000001,0.0000000000041895,4862324,2018-11-20 23:09:34,BTC,0.04624735,0.0,,BTC,4990.0,0.0,0.00033081,86
1,[],22,[],2019-05-23 06:53:42,85999.0,0.00000001,0.000000000000762172,7671912,2019-05-23 06:53:42,BTC,1.45832026,0.0,0.00000001,BTC,335430.29736842104,1.647e-05,0.00085999,87
0,[],27,[],2019-05-23 06:53:50,0.0,0,0,7671913,2019-05-23 06:53:50,,4.961871848776,0.0,0,btc,25830.03041,0.0,0.0,87
,[],2,[],2018-11-20 23:10:47,0.0,0,0,4862359,2018-11-20 23:10:47,,0.0,0.0,,,0.0,0.0,0.0,88
1,[],11,[],2019-05-23 06:53:51,85661.27274534,0.000115020000000000006674764907454999729452538304030895233154296875,0.000000008766502344000002,7671914,2019-05-23 06:53:51,btc,179.40930852348174,4.0,0.000115020000000000006674764907454999729452538304030895233154296875,btc,196077.09157605,0.0,4.808052932716908,89
0,[],2,[],2019-01-20 23:31:45,0.0,0,0,6477083,2019-01-20 23:31:45,,0.0,0.0,0,,0.0,0.0,0.0,91
1,[],12,[],2019-05-23 06:53:52,1599.75,0.00000023,0.000000000017529956,7671915,2019-05-23 06:53:52,btc,84.29614648469928,0.0,0.00000023,btc,40247.57142752,0.00047554351693,0.000220397,91
1,[],22,[],2019-05-23 06:55:56,75910.55,0.0000002,0.000000000015243440000000002,7671916,2019-05-23 06:55:56,BTC,0.495,0.0,0.0000002,"BTC,LTC",4.95,0.0,0.00165931,91
0,[],17,[],2019-05-03 01:12:26,0.0,0,0,7559096,2019-05-03 01:12:26,btc,0.0,0.0,0,btc,0.0,0.0,0.0,91
1,[],22,[],2019-04-09 20:17:52,374949.73333333334,0.00000015,0.000000000007771935,7235704,2019-04-09 20:17:52,BTC,6.87372503,0.0,0.00000015,"BTC,LTC",159980.01196797504,1.1e-05,0.80510266,95
0.0000000001133202,[],4,[],2019-05-23 06:55:57,541038234.2547393,5.8926504e-17,4.4912131406688004e-21,7671917,2019-05-23 06:55:57,ltc,11.35540367525293,0.0,0.00000052,ltc,148731514.08713597,0.0,8.033152699428024e-10,96
0,[],12,[],2019-05-23 06:55:58,0.0,0,0,7671918,2019-05-23 06:55:58,btc,1.29942638,0.0,0,btc,1943762.0,0.0001998102,0.0,96
0,[],17,[],2019-05-03 01:12:32,0.0,0,0,7559100,2019-05-03 01:12:32,btc,0.0,0.0,0,btc,0.0,0.0,0.0,96
1,[],4,[],2019-04-14 03:32:46,1039404.33283278,0.00000038,0.000000000019245518,7293458,2019-04-14 03:32:46,btc,4.170086055365747,0.0,0.00000038,btc,3097704.34561074,0.06260606,0.1859928211030784,99
1,[],4,[],2019-05-23 06:57:59,183670.23565971,0.00002387,0.0000000018193045640000001,7671919,2019-05-23 06:57:59,btc,7.154540074683696,0.0,0.00002387,btc,136199.51823122,0.12724109,0.5525331642608567,100
0,[],2,[],2019-01-20 23:23:55,0.0,0,0,6476914,2019-01-20 23:23:55,,0.0,0.0,0,,0.0,0.0,0.0,100
1,[],22,[],2019-05-23 06:58:04,150000.0,0.00000002,0.000000000001524344,7671920,2019-05-23 06:58:04,BTC,24.83526409,0.0,0.00000002,BTC,11187.719,0.0,0.0017,101
1,[],4,[],2019-05-23 06:58:07,697839.06748828,0.00000209,0.000000000159293948,7671921,2019-05-23 06:58:07,btc,363.02088665963356,0.0,0.00000209,btc,657780.70022066,0.32855962,0.3701584659990445,103
1,[],12,[],2019-05-23 06:58:10,14653004.0,0.000000004,0.00000000000030486880000000006,7671922,2019-05-23 06:58:10,btc,549.5878769808,0.0,0.000000004,btc,29415515.97628371,0.04078550266571628,0.027828017,105
0,[],27,[],2019-05-23 06:58:21,0.0,0,0,7671923,2019-05-23 06:58:21,,0.2584268173531397,206823.0,0,btc,614451.85947933,0.00206823,0.0,105
1,[],22,[],2019-04-21 00:17:26,21333.0,0.00000001,0.000000000000532493,7385819,2019-04-21 00:17:26,BTC,51.38182867,0.0,0.00000001,BTC,470435.0,0.0,0.00021333,107
1,[],26,[],2019-04-21 00:17:26,0.0,0.00000000,0,7385820,2019-04-21 00:17:26,btc,0.0,0.0,0.00000000,btc,0.0,0.0,0.0,107
1,[],5,[],2019-05-23 06:58:24,0.0,0,0,7671924,2019-05-23 06:58:24,btc,0.0,0.0,0,btc,0.0,0.0,0.0,112
0,[],22,[],2019-05-23 06:58:27,0.0,0,0,7671925,2019-05-23 06:58:27,,2.79635781,0.0,0,,3274992.0833333335,0.0,0.0,112
1,[],27,[],2019-05-23 06:58:38,1.0,0.00000001,0.000000000000762172,7671926,2019-05-23 06:58:38,btc,1.25032588,0.0,0.00000001,"btc,eth",1819.0,0.0,1e-08,112
1,[],4,[],2019-05-23 06:58:39,475550.12320089,0.00000102,0.00000000007774154400000001,7671927,2019-05-23 06:58:39,btc,4.3028444978137435,0.0,0.00000102,btc,539284.62538325,0.03390376,0.2454481217786965,113
1,[],5,[],2019-05-23 06:58:40,0.0,0,0,7671928,2019-05-23 06:58:40,btc,0.0,4.64e-06,0,btc,0.0,0.0,0.0,113
1,[],17,[],2019-04-26 02:17:47,162738.278,0.00000004,0.0000000000021069000000000002,7461287,2019-04-26 02:17:47,btc,1.3331140273775473,0.0,0.00000004,btc,51796.221,0.0,0.00230953112,116
1,[],27,[],2019-05-22 05:13:01,210000.0,0.00000001,0.00000000000079145,7666372,2019-05-22 05:13:01,btc,3919.0005001478,0.0,0.00000001,btc,128660.871,0.0,0.0021,116
1,[],4,[],2019-05-21 22:31:11,138169.03963019,0.00000701,0.000000000558364025,7664793,2019-05-21 22:31:11,btc,150.95388250938234,0.0,0.00000701,btc,344631.17141974,0.07552974,0.4288357684941946,120
1,[],7,[],2019-05-21 22:31:12,3901.07750076,0.000010679999999999999389654892212320191902108490467071533203125,0.0000000008506887,7664794,2019-05-21 22:31:12,btc,231188.94669936574,0.0,0.000010679999999999999389654892212320191902108490467071533203125,btc,4133.83151364,0.0,0.0113888422364489,120
1,[],20,[],2019-04-07 18:42:29,1914137.0852,0.000000035,0.0000000000017871910000000002,7211992,2019-04-07 18:42:29,btc,32.2497668025648,25528.85,0.000000035,btc,1001975.4986,0.00089350975,0.0152723574729,125
1,[],22,[],2019-05-23 06:58:44,10000.0,0.00000001,0.000000000000762172,7671929,2019-05-23 06:58:44,BTC,0.032061,0.0,0.00000001,BTC,299316.7611111111,0.0,0.0001,126
1,[],4,[],2019-05-23 06:58:48,2176052.40475253,0.00000566,0.00000000043138935200000004,7671930,2019-05-23 06:58:48,btc,3.245175285092583,0.0,0.00000566,btc,177624.77307996,0.04618434,0.4386777791058046,131
0,[],2,[],2019-01-20 23:25:46,0.0,0,0,6476969,2019-01-20 23:25:46,,0.0,0.0,0,,0.0,0.0,0.0,131
1,[],17,[],2019-05-03 01:13:10,10000.0,0.00000001,0.000000000000548003,7559115,2019-05-03 01:13:10,btc,0.0953976503951408,0.0,0.00000001,btc,5037.62507334,0.0,0.0001,131
1,[],4,[],2019-05-23 07:00:50,4772.14753184,0.00007921,0.000000006037164412,7671931,2019-05-23 07:00:50,btc,5.032889521561924,0.0,0.00007921,btc,203.84599175,0.0,0.0086362159685031,135
1,[],3,[],2019-05-22 20:57:20,456341.0025,0.00000002,0.0000000000015658540000000001,7670196,2019-05-22 20:57:20,btc,0.2168360115270351,986846.107254,0.00000002,btc,1789524.65154488,0.0,0.004663410025,136
1,[],4,[],2019-05-23 07:00:53,2389657.06143993,0.00000192,0.000000000146337024,7671932,2019-05-23 07:00:53,btc,106.76744759423657,0.0,0.00000192,btc,443044.38123968,0.01742104,0.5308058808428281,137
1,[],12,[],2019-05-23 07:00:54,33095.0,0.00000013,0.000000000009908236,7671933,2019-05-23 07:00:54,btc,0.0023353802304671998,0.0,0.00000013,btc,561.06534894,9.25e-06,0.00094695,137
1,[],4,[],2019-05-23 07:00:55,91609.96919706,0.00001774,0.000000001352093128,7671934,2019-05-23 07:00:55,btc,8.19984185954224,0.0,0.00001774,btc,136258.31240685,0.43834752,0.961713538051468,142
1,[],5,[],2019-05-23 07:00:56,0.0,0,0,7671935,2019-05-23 07:00:56,btc,0.0,0.01828819,0,btc,0.0,0.0,0.0,142
1,[],17,[],2019-05-03 01:13:16,32967.38636364,0.00000088,0.000000000048224264,7559122,2019-05-03 01:13:16,btc,20.06976206696776,0.0,0.00000088,btc,2746.079105,0.0,0.0105613000000032,142
1,[],20,[],2019-05-23 04:58:52,220413.3133,0.000015511,0.0000000011885458860000001,7671775,2019-05-23 04:58:52,btc,1.6080062959894,0.03,0.000015511,btc,9788.8796,4.6533e-07,0.0378578724819,142
1,[],22,[],2019-05-23 04:58:56,11028.645,0.00001000,0.0000000007662600000000001,7671776,2019-05-23 04:58:56,BTC,3.2754788,0.0,0.00001000,BTC,1133.9993657797618,0.0,0.00745365,142
0.0,[],25,[],2019-05-23 04:58:59,0.0,0,0,7671777,2019-05-23 04:58:59,,0.0,0.0,0.0,btc,0.0,0.0,0.0,142
0,[],28,[],2019-05-23 04:59:48,0.0,0,0,7671778,2019-05-23 04:59:48,,0.0,0.0,0,,0.0,0.0,0.0,142
0,[],22,[],2019-05-23 04:59:51,0.0,0,0,7671779,2019-05-23 04:59:51,,65.7671051,0.0,0,,846980922.8,0.0,0.0,143
0,[],22,[],2019-02-25 15:42:22,0.0,0,0,6783783,2019-02-25 15:42:22,,4.2131946,0.0,0,,2322156.0,0.0,0.0,146
,[],22,[],2018-11-20 23:01:11,0.0,0,0,4862114,2018-11-20 23:01:11,,2.56807021,0.0,,,61828.4988236,0.0,0.0,147
1,[],12,[],2019-04-21 06:38:04,193091.5971266,0.00000071,0.000000000037635183,7388679,2019-04-21 06:38:04,btc,2.301232411611175,0.0,0.00000071,btc,9957.48302385,0.00023528,0.0313308199999888,148
1,[],4,[],2019-03-19 21:31:25,255810.0415942,0.00000029,0.000000000011615747,6982695,2019-03-19 21:31:25,btc,218.94922712414143,0.0,0.00000029,btc,793529.37642722,0.00117,0.0608347789473395,152
0,[],22,[],2019-03-19 21:31:27,0.0,0,0,6982696,2019-03-19 21:31:27,,0.0,0.0,0,,0.0,0.0,0.0,152
1,[],5,[],2019-04-26 09:36:59,0.0,0,0,7465040,2019-04-26 09:36:59,btc,0.0,0.0,0,btc,0.0,0.0,0.0,153
,[],16,[],2019-01-11 15:38:59,0.0,0,0,6366141,2019-01-11 15:38:59,btc,0.0,0.0,,btc,0.0,0.0,0.0,155
0,[],23,[],2019-01-20 23:24:29,0.0,0,0,6476932,2019-01-20 23:24:29,,0.0,0.0,0,,0.0,0.0,0.0,156
0,[],22,[],2019-05-23 04:59:55,0.0,0,0,7671780,2019-05-23 04:59:55,,6.80428951,0.0,0,,4678201.942592593,0.0,0.0,156
1,[],22,[],2019-05-23 05:00:00,7066.0,0.00000800,0.000000000613008,7671781,2019-05-23 05:00:00,BTC,1.79802465,0.0,0.00000800,BTC,802.6461988741639,0.0,0.00062996,157
0,[],22,[],2019-05-21 23:40:32,0.0,0,0,7665049,2019-05-21 23:40:32,,50234.60468402,0.0,0,,54786159.03179465,0.0,0.0,158
,[],17,[],2018-11-20 22:56:10,0.0,0,0,4861976,2018-11-20 22:56:10,btc,1.1265625,0.0,,btc,1000.0,0.0,0.0,159
,[],20,[],2018-11-20 22:56:12,0.0,0,0,4861977,2018-11-20 22:56:12,btc,11912.7940471,0.0,,btc,34413894.3617,0.0,0.0,159
1,[],17,[],2019-05-03 01:13:36,42852.0,0.00000002,0.000000000001096006,7559132,2019-05-03 01:13:36,btc,0.04279856251542,0.0,0.00000002,btc,274.46171372,0.0,0.00052852,168
1,[],12,[],2019-05-23 05:00:01,35917.66074079,0.0000009,0.0000000000689634,7671782,2019-05-23 05:00:01,btc,0.0263562186,0.0,0.0000009,btc,2091.71,0.0114701079098908,0.0228297382999413,168
1,[],22,[],2019-05-17 03:01:52,10.0,0.00000001,0.000000000000778341,7642059,2019-05-17 03:01:52,BTC,41.95893009,0.0,0.00000001,BTC,1753972.7737547632,0.0,1e-07,169
1,[],22,[],2019-05-23 05:02:05,291021.0,0.00000005,0.0000000000038313000000000004,7671783,2019-05-23 05:02:05,BTC,27.86160705,0.0,0.00000005,BTC,450220.01376556454,0.0,0.00575725,171
1,[],22,[],2019-05-23 05:02:09,389395.0,0.00000002,0.00000000000153252,7671784,2019-05-23 05:02:09,BTC,24.3994402,0.0,0.00000002,"BTC,LTC",1037115.9936183414,0.00234413,0.0054799,173
1,[],5,[],2019-05-23 05:02:10,0.0,0,0,7671785,2019-05-23 05:02:10,btc,0.0,0.01398244,0,btc,0.0,0.0,0.0,175
1,[],22,[],2019-05-23 05:02:14,90671.0,0.00000001,0.00000000000076626,7671786,2019-05-23 05:02:14,BTC,394.35459412,0.0,0.00000001,BTC,136275.61833431243,0.0,0.00090671,176
0,[],2,[],2019-01-20 23:28:34,0.0,0,0,6477001,2019-01-20 23:28:34,,0.0,0.0,0,,0.0,0.0,0.0,178
1,[],7,[],2019-05-23 05:02:15,0.0,0,0,7671787,2019-05-23 05:02:15,btc,522274.2789885729,1999.90881093,0,btc,28589999.08886601,2e-05,0.0,178
0,[],22,[],2019-05-23 05:02:19,0.0,0,0,7671788,2019-05-23 05:02:19,,1.00242428,0.0,0,,57512.0,0.0,0.0,178
0,[],23,[],2019-01-20 23:25:08,0.0,0,0,6476952,2019-01-20 23:25:08,,0.0,0.0,0,,0.0,0.0,0.0,179
1,[],5,[],2019-05-23 05:02:20,0.0,0,0,7671789,2019-05-23 05:02:20,btc,0.0,0.02662898,0,btc,0.0,0.0,0.0,179
0,[],22,[],2019-05-23 05:02:22,0.0,0,0,7671790,2019-05-23 05:02:22,,5.31130572,0.0,0,,13408627.811946675,0.0,0.0,179
1,[],17,[],2019-05-03 01:13:56,20504.725000000002,0.0000001,0.00000000000548003,7559141,2019-05-03 01:13:56,btc,5.2010695838400265,0.0,0.0000001,btc,5033.45945,0.0,0.0011504725,180
1,[],22,[],2019-05-23 05:04:26,660377.2982683983,0.00000119,0.00000000009118494000000001,7671791,2019-05-23 05:04:26,BTC,39.28103076,0.0,0.00000119,"BTC,LTC",142395.40155393435,0.09673257,0.56019776,180
1,[],26,[],2019-05-23 05:04:27,0.0,0.00000250,0.00000000019156500000000003,7671792,2019-05-23 05:04:27,btc,0.0,0.0,0.00000250,btc,0.0,0.0,0.0,180
,[],7,[],2018-11-20 22:58:01,562227.975654,0.00000085,0.000000000036176765,4862015,2018-11-20 22:58:01,btc,21836.6059674,2491.87645172,,btc,749999.041456,0.00211021,0.127565380455,183
,[],5,[],2019-01-10 08:11:41,0.0,0,0,6347036,2019-01-10 08:11:41,btc,82.15055501,0.00261,,btc,1.19002445,0.0,0.0,187
,[],17,[],2018-11-16 20:58:10,4062536.27273,0.00000001,0.000000000000550501,4708775,2018-11-16 20:58:10,btc,3.36492563466,0.195460381006,,"btc,eth",110697919.549,0.0,0.0157628953496,187
1,[],24,[],2019-05-22 21:04:52,0.0,0.000000000014,0.0000000000000010960978,7670219,2019-05-22 21:04:52,btc,0.0,0.0,0.000000000014,btc,0.0,0.0,0.0,187
0,[],22,[],2019-04-25 02:54:07,0.0,0,0,7447896,2019-04-25 02:54:07,,7.54794454,0.0,0,,76361.7243344055,0.0,0.0,191
0,[],22,[],2019-05-23 05:04:32,0.0,0,0,7671793,2019-05-23 05:04:32,,0.0,0.0,0,,0.0,0.0,0.0,197
0,[],23,[],2019-01-20 23:31:41,0.0,0,0,6477079,2019-01-20 23:31:41,,0.0,0.0,0,,0.0,0.0,0.0,199
0,[],22,[],2019-05-23 05:04:36,0.0,0,0,7671794,2019-05-23 05:04:36,,10.16019194,0.0,0,,81003964.0,0.0,0.0,199
1,[],26,[],2019-05-23 05:04:36,0.0,0.00000000,0,7671795,2019-05-23 05:04:36,btc,0.0,0.0,0.00000000,btc,0.0,0.0,0.0,199
0,[],2,[],2019-01-20 23:30:49,0.0,0,0,6477059,2019-01-20 23:30:49,,0.0,0.0,0,,0.0,0.0,0.0,201
1,[],4,[],2019-01-25 15:51:35,2084389.58565343,0.00000936,0.000000000333526752,6499557,2019-01-25 15:51:35,btc,2.0092503037378524,0.0,0.00000936,btc,160195.80207885,0.19272417,1.242687955921835,211
1,[],7,[],2019-05-23 05:04:41,17769568.73154033,0.0000005,0.000000000038313,7671796,2019-05-23 05:04:41,btc,15200507.779732678,689404.068118,0.0000005,btc,9927673.81859276,0.0,1.4146466150012662,212
1,[],12,[],2019-01-25 02:44:32,207462.42853209,0.000001080000000000000035831255497387193287295303889550268650054931640625,0.000000000038610756000000006,6493050,2019-01-25 02:44:32,btc,85023.03793723314,0.0,0.000001080000000000000035831255497387193287295303889550268650054931640625,btc,43675.73520027,0.000146250909087,0.0348620860622024,213
1,[],5,[],2019-05-23 05:04:42,0.0,0,0,7671797,2019-05-23 05:04:42,btc,0.0,0.07294887,0,btc,0.0,0.0,0.0,213
1,[],24,[],2019-05-23 05:04:42,0.0,0.000000090000,0.0000000000068963400000000005,7671798,2019-05-23 05:04:42,btc,0.0,0.0,0.000000090000,btc,0.0,0.0,0.0,213
1,[],26,[],2019-05-23 05:04:42,0.0,0.00000040,0.000000000030650400000000004,7671799,2019-05-23 05:04:42,btc,0.0,9.8,0.00000040,btc,0.0,0.0,0.0,213
0,[],22,[],2019-05-23 05:04:45,0.0,0,0,7671800,2019-05-23 05:04:45,,9.61085386,0.0,0,,3301587.094064925,0.0,0.0,216
0,[],27,[],2019-05-23 05:04:56,0.0,0,0,7671801,2019-05-23 05:04:56,,64.7933391180052,100.0,0,"btc,ltc",377450.40768,1e-06,0.0,216
1,[],22,[],2019-05-23 05:05:01,288112.65,0.0000002,0.000000000015325200000000002,7671802,2019-05-23 05:05:01,BTC,12054.77277008,0.0,0.0000002,BTC,444529.10244196607,0.01167268,0.03115277,217
1,[],7,[],2019-05-23 05:05:03,0.0,0,0,7671803,2019-05-23 05:05:03,btc,123413.63662914686,0.0,0,btc,137881172.55575436,0.0,0.0,219
0,[],27,[],2019-05-23 05:05:20,0.0,0,0,7671804,2019-05-23 05:05:20,,0.105466823472,0.0,0,btc,3058319.8967,0.0,0.0,219
0,[],28,[],2019-05-23 05:05:59,0.0,0,0,7671805,2019-05-23 05:05:59,,0.0,14247.0,0,,0.0,0.0,0.0,219
1,[],22,[],2019-05-23 05:06:03,172069.0,0.00000004,0.00000000000306504,7671806,2019-05-23 05:06:03,BTC,56.76466137,0.0,0.00000004,BTC,127061.6482738741,0.0,0.00393676,221
1,[],24,[],2019-05-23 05:06:03,0.0,0.000000010000,0.00000000000076626,7671807,2019-05-23 05:06:03,btc,0.0,0.0,0.000000010000,btc,0.0,0.0,0.0,221
0,[],22,[],2019-05-23 05:06:07,0.0,0,0,7671808,2019-05-23 05:06:07,,0.0,0.0,0,,0.0,0.0,0.0,224
1,[],20,[],2019-05-23 04:28:45,18151240.8146,0.000000003,0.0000000000002296467,7671649,2019-05-23 04:28:45,btc,100050.30262669383,1290728.3818,0.000000003,btc,40682560.0166,0.0048190482789,0.0205685052714,224
1,[],26,[],2019-05-23 05:06:08,0.0,0.00000026,0.00000000001992276,7671809,2019-05-23 05:06:08,btc,0.0,0.0,0.00000026,btc,0.0,0.0,0.0,231
1,[],26,[],2019-05-23 05:06:09,0.0,0.00000006,0.00000000000459756,7671810,2019-05-23 05:06:09,btc,0.0,200.0,0.00000006,btc,0.0,0.0,0.0,234
0,[],27,[],2019-05-23 05:06:22,0.0,0,0,7671811,2019-05-23 05:06:22,,0.01134836604,0.0,0,"btc,eth",11462.996,0.0,0.0,234
1,[],4,[],2019-05-22 17:06:12,91780.56053785,0.00000078,0.000000000061977552,7669277,2019-05-22 17:06:12,btc,5.573372450018177,0.0,0.00000078,btc,729173.93529783,0.0,0.0307060663355679,236
1,[],24,[],2019-05-22 17:06:12,0.0,0.000000010000,0.000000000000794584,7669278,2019-05-22 17:06:12,btc,0.0,0.0,0.000000010000,btc,0.0,0.0,0.0,236
1,[],5,[],2019-05-23 05:06:25,0.0,0,0,7671812,2019-05-23 05:06:25,btc,0.0,0.01744183,0,btc,0.0,0.0,0.0,237
1,[],20,[],2019-05-23 05:06:27,121553015.032,0.000000045,0.0000000000034481700000000002,7671813,2019-05-23 05:06:27,btc,58793.16564776665,12641448.7636,0.000000045,btc,42461373.6771,0.6007744586078,0.4978445622245,237
1,[],22,[],2019-05-23 05:06:31,318000.0,0.00000003,0.00000000000229878,7671814,2019-05-23 05:06:31,BTC,1.20267422,0.0,0.00000003,BTC,17930.94871794872,0.0,0.00934,237
1,[],4,[],2019-05-23 05:06:32,27303672.62082211,0.00000012,0.00000000000919512,7671815,2019-05-23 05:06:32,btc,2.9124446752820163,0.0,0.00000012,btc,9584558.35304837,0.05726636,0.579040936733572,238
1,[],5,[],2019-05-23 05:06:34,0.0,0,0,7671816,2019-05-23 05:06:34,btc,0.0,0.00429959,0,btc,0.0,0.0,0.0,238
0,[],22,[],2019-03-12 16:49:32,0.0,0,0,6914458,2019-03-12 16:49:32,,0.40415746,0.0,0,,526736.5639027493,0.0,0.0,249
0,[],22,[],2019-05-23 05:06:37,0.0,0,0,7671817,2019-05-23 05:06:37,,13.40451957,0.0,0,,41944503.3426455,0.0,0.0,252
0,[],28,[],2019-05-23 05:07:09,0.0,0,0,7671818,2019-05-23 05:07:09,,0.0,297423.5,0,,0.0,0.0,0.0,256
1,[],22,[],2019-05-23 05:07:12,1052904.0,0.00000001,0.00000000000076626,7671819,2019-05-23 05:07:12,BTC,21.85885958,0.0,0.00000001,BTC,542925.7509808998,0.00045692,0.01052904,258
1,[],22,[],2019-05-19 18:12:02,400.0,0.00000001,0.0000000000007957800000000001,7653905,2019-05-19 18:12:02,BTC,2.415167,0.0,0.00000001,BTC,157.0,0.0,4e-06,259
1,[],5,[],2019-05-23 05:07:14,0.0,0,0,7671820,2019-05-23 05:07:14,btc,0.0,0.05949558,0,btc,0.0,0.0,0.0,264
1,[],20,[],2019-05-23 05:07:16,908197.2605,0.000000487,0.000000000037316862000000005,7671821,2019-05-23 05:07:16,btc,1.0289196351134,897.2,0.000000487,btc,121732.2236,0.0006298344,0.0101841621829,264
0,[],22,[],2019-04-12 17:57:27,0.0,0,0,7278186,2019-04-12 17:57:27,,66.37522201,0.0,0,,677842.4169881374,0.0,0.0,271
0,[],22,[],2019-05-23 05:07:20,0.0,0,0,7671822,2019-05-23 05:07:20,,33050467.4724609,0.0,0,,14361462970.7,0.0,0.0,272
0,[],28,[],2019-05-23 05:07:54,0.0,0,0,7671823,2019-05-23 05:07:54,,0.0,12322205259.0,0,,0.0,0.0,0.0,272
1,[],22,[],2019-05-23 05:07:59,219930.0,0.00000004,0.00000000000306504,7671824,2019-05-23 05:07:59,BTC,426.77835217,0.0,0.00000004,BTC,248664.3325962929,0.0,0.00739728,281
1,[],22,[],2019-05-23 05:08:04,1102011.4333333333,0.00000003,0.00000000000229878,7671825,2019-05-23 05:08:04,BTC,2.64781496,0.0,0.00000003,"BTC,LTC",814870.03032866,0.0009677,0.03682175,286
0,[],22,[],2019-05-23 05:08:08,0.0,0,0,7671826,2019-05-23 05:08:08,,7337890.5475411,0.0,0,,1584356788.7797825,0.0,0.0,294
