pairValue,buyBook,exchangeId,sellBook,updated,buyTotal,satoshiPrice,usdPrice,exchangeLogId,created,bestPair,sellTotalBtc,volume,pairPrice,activePairs,sellTotal,volumeBtc,buyTotalBtc,coinId
0,[],2,[],2019-01-20 23:28:45,0.0,0,0,6477011,2019-01-20 23:28:45,,0.0,0.0,0,,0.0,0.0,0.0,1
1,[],3,[],2019-02-13 14:08:52,137.697433182101,0.01360881000000000069782846168209289317019283771514892578125,0.000000491913572427,6654182,2019-02-13 14:08:52,btc,107.10634022590956,0.21127235,0.01360881000000000069782846168209289317019283771514892578125,btc,23.821396447951003,0.0,0.39240334646570646,1
1,[],4,[],2019-02-13 14:08:53,134.89201181,0.01349689,0.000000487868033763,6654183,2019-02-13 14:08:53,btc,0.8901391302097715,0.0,0.01349689,btc,61.7904011,0.81126712,1.1470875999409982,1
1,[],5,[],2019-02-13 14:08:56,0.32520338,0.01331600,0.0000004813294572,6654184,2019-02-13 14:08:56,btc,14578.65545462,0.03927134,0.01331600,btc,35555556.16455706,0.0,3.11712781,1
1,[],10,[],2019-02-13 14:08:58,414216.35618208,0.0121203,0.00000043810884801,6654185,2019-02-13 14:08:58,btc,6533.275330861683,1555.92778062,0.0121203,btc,1030.75396758,0.0,4.677543059393956,1
1,[],12,[],2019-02-13 14:09:01,10428.54724814,0.01349000000000000025479618415147342602722346782684326171875,0.000000487618983,6654186,2019-02-13 14:09:01,btc,0.4383974380356,0.0,0.01349000000000000025479618415147342602722346782684326171875,btc,25.32589552,3.1870114299937,0.2666442307077,1
1,[],20,[],2019-02-13 14:09:03,1151.8471,0.010500104,0.0000003795441092568,6654187,2019-02-13 14:09:03,btc,0.0573537536243,0.0,0.010500104,btc,2.5253,0.0,0.0973184857115,1
1,[],21,[],2019-02-13 14:09:04,2773.62913989,0.01367242999999999930604843712,0.000000494213225481,6654188,2019-02-13 14:09:04,btc,27.280588479234734,3590.59607696,0.01367242999999999930604843711989815346896648406982421875,"btc,eth",2601.82832862,45.55521385047819,25.069276225886483,1
1,[],22,[],2019-02-13 14:09:09,0.0280576,0.01350000,0.00000048798045,6654189,2019-02-13 14:09:09,BTC,0.3139634,0.0,0.01350000,BTC,0.10070366666666666,0.0,0.00036518,1
1,[],24,[],2019-02-13 14:09:10,0.0,0.000000000000,0,6654190,2019-02-13 14:09:10,btc,0.0,0.0,0.000000000000,btc,0.0,0.0,0.0,1
0.0,[],25,[],2019-02-13 14:09:10,0.0,0,0,6654191,2019-02-13 14:09:10,btc,25.81999999771595,2963.11283167,0.0,btc,1841.57427786,40.2418,0.0,1
1,[],26,[],2019-02-13 14:09:29,0.0,0,0,6654192,2019-02-13 14:09:29,,0.0,0.0,0,,0.0,0.0,0.0,1
1,[],28,[],2019-02-13 14:09:30,992.992,0.01232000,0.00000044532734400000003,6654193,2019-02-13 14:09:30,btc,0.162839806,17859.45,0.01232000,btc,8.9,0.0,0.087165856,1
1,[],5,[],2019-02-13 14:09:32,1.092e-05,0.00000057,0.000000000020603619,6654194,2019-02-13 14:09:32,btc,0.14371134,0.00244761,0.00000057,btc,5.556e-05,0.0,0.23676809,2
1,[],22,[],2019-02-13 14:09:37,1198.0,0.00000017,0.0000000000061449390000000005,6654195,2019-02-13 14:09:37,BTC,2.12229306,0.0,0.00000017,"BTC,XMR",14654.709143333333,0.0,0.00088485,2
1,[],5,[],2019-02-13 14:09:39,1.29e-06,0.00000017,0.0000000000061449390000000005,6654196,2019-02-13 14:09:39,btc,4.31800948,0.35816508,0.00000017,btc,2.278e-05,0.0,3.52126482,3
1,[],12,[],2019-02-13 14:09:40,12143445.40553119,0.000000175,0.0000000000063256725,6654197,2019-02-13 14:09:40,btc,923494.5948942773,0.0,0.000000175,btc,8437873.60861159,0.06606882072413368,0.49945922630382,3
0,[],28,[],2019-02-13 14:09:41,0.0,0,0,6654198,2019-02-13 14:09:41,,0.0,0.0,0,,0.0,0.0,0.0,3
0,[],2,[],2019-01-20 23:31:32,0.0,0,0,6477077,2019-01-20 23:31:32,,0.0,0.0,0,,0.0,0.0,0.0,4
1,[],4,[],2019-02-13 14:09:42,369147.03697918,0.00000033,0.000000000011928411,6654199,2019-02-13 14:09:42,btc,0.3421527668032717,0.0,0.00000033,btc,323903.63275106,0.0,0.0446654066399035,4
1,[],12,[],2019-02-13 14:09:44,1377844.5219999999,0.00000004,0.000000000001445868,6654200,2019-02-13 14:09:44,btc,11113878.379874704,0.0,0.00000004,btc,1064050.4126309599,0.0015986757242748,0.02282892044,5
0,[],2,[],2019-01-20 23:31:51,0.0,0,0,6477087,2019-01-20 23:31:51,,0.0,0.0,0,,0.0,0.0,0.0,6
1,[],11,[],2019-02-13 14:09:46,4852550.0,0.00000002,0.000000000000722934,6654201,2019-02-13 14:09:46,btc,9433.355250227747,288000.0,0.00000002,btc,40881390.32265751,0.0,0.068360695,6
1,[],3,[],2019-02-13 14:09:46,1074.273146428111,0.00014521000000000000053346216333238771767355501651763916015625,0.0000000052488623070000005,6654202,2019-02-13 14:09:46,btc,28.399990609446498,0.0,0.00014521000000000000053346216333238771767355501651763916015625,btc,235.145665820227,0.0,0.031531977816658056,7
1,[],4,[],2019-02-13 14:09:47,13675.63468734,0.00020035,0.000000007241991345,6654203,2019-02-13 14:09:47,btc,2.4817767382060305,0.0,0.00020035,btc,10932.15413489,7.37198497,2.4315085352680965,7
1,[],5,[],2019-02-13 14:09:49,0.00599371,0.00019580,0.00000000707752386,6654204,2019-02-13 14:09:49,btc,1.90623818,0.56029241,0.00019580,btc,0.0125531,0.0,1.65566512,7
1,[],20,[],2019-02-13 14:00:55,44226494.8418,0.000000001,0.0000000000000361468,6653997,2019-02-13 14:00:55,btc,116.5824581611263,14554640.7279,0.000000001,btc,28715325.8892,0.0145546407279,0.0442264948418,8
0,[],2,[],2019-01-20 23:22:42,0.0,0,0,6476876,2019-01-20 23:22:42,,0.0,0.0,0,,0.0,0.0,0.0,9
0,[],23,[],2019-01-20 23:22:48,0.0,0,0,6476878,2019-01-20 23:22:48,,0.0,0.0,0,,0.0,0.0,0.0,9
1,[],1,[],2019-02-13 14:09:52,2806610.6399999997,0.00000181999999999999993881738720447049928452543099410831928253173828125,0.000000000065786994,6654205,2019-02-13 14:09:52,btc,1.6543814918,28496190.18,0.00000181999999999999993881738720447049928452543099410831928253173828125,btc,889328.86,52.73268585,5.045500595299999,9
1,[],4,[],2019-02-13 14:09:53,200994.28563535,0.00000180,0.00000000006506406,6654206,2019-02-13 14:09:53,btc,0.6569555185848938,0.0,0.00000180,btc,338933.8433981,1.68374303,0.3165860721138604,9
1,[],28,[],2019-02-13 14:09:56,44885.0,0.00000167,0.000000000060364989,6654207,2019-02-13 14:09:56,btc,2708.76119522,3627588.157,0.00000167,btc,11732.68,0.0,0.04579495,9
1,[],4,[],2019-02-10 09:54:02,5828483.02026053,0.00000002,0.000000000000726692,6623074,2019-02-10 09:54:02,btc,0.2014004865591215,0.0,0.00000002,btc,4198675.28035349,0.00021932,0.0653957035452106,10
1,[],4,[],2019-02-13 14:09:57,1850379.24798545,0.00000141,0.000000000050966847,6654208,2019-02-13 14:09:57,btc,1.4143043768051828,0.0,0.00000141,btc,951871.93285259,3.71618436,1.5031426382918875,12
1,[],5,[],2019-02-13 14:09:59,2.017e-05,0.00000139,0.000000000050243913,6654209,2019-02-13 14:09:59,btc,0.43236437,0.15973202,0.00000139,btc,0.00010285,0.0,0.20205394,12
0.0,[],25,[],2019-02-13 14:10:00,0.0,0,0,6654210,2019-02-13 14:10:00,,0.0,0.0,0.0,btc,0.0,0.0,0.0,12
0,[],2,[],2019-01-20 23:23:08,0.0,0,0,6476890,2019-01-20 23:23:08,,0.0,0.0,0,,0.0,0.0,0.0,12
1,[],4,[],2019-02-13 14:10:01,1315785.25284191,0.00000613,0.000000000221579271,6654211,2019-02-13 14:10:01,btc,0.3814701545846291,0.0,0.00000613,btc,56957.33743874,0.28297701,1.3742919766672257,13
1,[],10,[],2019-02-13 14:10:03,444063.20905186,0.00000585,0.000000000211458195,6654212,2019-02-13 14:10:03,btc,666806.4679220492,12657.9450257,0.00000585,btc,750090.67376137,0.0,0.3615067099867945,13
1,[],21,[],2019-02-13 14:10:06,620304.49721076,0.000006250000000000000299510850149,0.00000000022591687500000002,6654213,2019-02-13 14:10:06,btc,5.689560430674407,346613.44821505,0.0000062500000000000002995108501491205998945588362403213977813720703125,btc,805137.73881328,2.15192722,3.531079102060509,13
1,[],4,[],2019-02-13 14:10:07,997207.82383241,0.00000135,0.000000000048798045000000004,6654214,2019-02-13 14:10:07,btc,0.1126583900819839,0.0,0.00000135,btc,63199.04401154,0.00489215,0.4237575181992631,14
1,[],12,[],2019-02-13 14:10:09,87691.2231405,0.000001219999999999999965968520108938744073157067759893834590911865234375,0.000000000044098974000000004,6654215,2019-02-13 14:10:09,btc,2.774113384214463,0.0,0.000001219999999999999965968520108938744073157067759893834590911865234375,btc,29589.33636749,0.0,0.009208740000005,14
0,[],17,[],2019-02-13 14:10:11,0.0,0,0,6654216,2019-02-13 14:10:11,btc,0.0,0.0,0,btc,0.0,0.0,0.0,14
1,[],26,[],2019-02-13 14:10:12,0.0,0.00000050,0.00000000001807335,6654217,2019-02-13 14:10:12,btc,0.0,0.0,0.00000050,btc,0.0,0.0,0.0,14
0,[],4,[],2019-02-13 14:10:12,0.0,0,0,6654218,2019-02-13 14:10:12,,0.0,0.0,0,,0.0,0.0,0.0,15
,[],12,[],2018-12-01 15:15:48,204241.84496,0.00000489,0.000000000202473384,5260204,2018-12-01 15:15:48,btc,49.5475654835,0.0,,btc,35763.2193806,0.0163153972027625,0.0203389899998,15
1,[],4,[],2019-02-13 14:01:19,27533.56375193,0.00001882,0.000000000680282776,6654011,2019-02-13 14:01:19,btc,2.1904528512086587,0.0,0.00001882,btc,6276.56656588,0.26489007,0.1114435704380313,18
1,[],10,[],2019-02-13 14:01:22,789643.6010888,0.00001754,0.000000000634014872,6654012,2019-02-13 14:01:22,btc,15.545063812611374,438.68653913,0.00001754,btc,10946.27931938,0.0,0.2950617449221179,18
1,[],12,[],2019-02-13 14:01:23,204562.51728052,0.0000179000000000000014134526882259024205268360674381256103515625,0.0000000006470277200000001,6654013,2019-02-13 14:01:23,btc,22.612885436578683,0.0,0.0000179000000000000014134526882259024205268360674381256103515625,btc,1865.93017713,0.000721403788,0.0385677482809038,18
0,[],17,[],2019-02-13 14:01:25,0.0,0,0,6654014,2019-02-13 14:01:25,btc,0.0,0.0,0,btc,0.0,0.0,0.0,18
0,[],2,[],2019-01-20 23:23:38,0.0,0,0,6476906,2019-01-20 23:23:38,,0.0,0.0,0,,0.0,0.0,0.0,18
1,[],3,[],2019-02-13 14:10:14,129649.60007673103,0.0000250099999999999994082337806400317958832602016627788543701171875,0.0000000009040289670000001,6654219,2019-02-13 14:10:14,btc,0.5028570610993872,0.057352941176,0.0000250099999999999994082337806400317958832602016627788543701171875,btc,5208.732147171352,0.0,0.09980304493181615,19
1,[],4,[],2019-02-13 14:10:15,213652.87776426,0.00002865,0.000000001035602955,6654220,2019-02-13 14:10:15,btc,0.2761286105031664,0.0,0.00002865,btc,9114.2713235,0.42692602,2.1883443247792034,19
1,[],5,[],2019-02-13 14:10:17,0.00013553,0.00001731,0.000000000625699377,6654221,2019-02-13 14:10:17,btc,0.27239447,0.01474677,0.00001731,btc,0.00312486,0.0,0.06054347,19
1,[],12,[],2019-02-13 14:10:18,134776.0,0.00002248999999999999981873007037780354266942595131695270538330078125,0.000000000812939283,6654222,2019-02-13 14:10:18,btc,0.03094070930304,0.0,0.00002248999999999999981873007037780354266942595131695270538330078125,btc,329.23121755,0.000826023976131,0.031701349999999996,19
0,[],27,[],2019-02-13 14:10:20,0.0,0,0,6654223,2019-02-13 14:10:20,,0.0,0.0,0,btc,0.0,0.0,0.0,19
0,[],2,[],2019-01-20 23:24:19,0.0,0,0,6476924,2019-01-20 23:24:19,,0.0,0.0,0,,0.0,0.0,0.0,19
1,[],4,[],2019-02-13 14:10:21,8114186.09293738,0.00000014,0.000000000005060538,6654224,2019-02-13 14:10:21,btc,0.7715538599103018,0.0,0.00000014,btc,1592436.52719874,0.0,0.2644718132083657,20
1,[],4,[],2019-02-13 14:10:22,113888735.57123545,0.00000002,0.000000000000722934,6654225,2019-02-13 14:10:22,btc,0.6120240603113652,0.0,0.00000002,btc,17187247.5223107,0.00824781,1.3156151553053494,21
1,[],12,[],2019-02-13 14:10:24,17644700.0,0.00000002,0.000000000000722934,6654226,2019-02-13 14:10:24,btc,669.7027676690421,0.0,0.00000002,btc,8844608.84715552,0.0010799400599397,0.22593428000000002,21
0,[],17,[],2019-02-13 14:10:25,0.0,0,0,6654227,2019-02-13 14:10:25,btc,0.0,0.0,0,btc,0.0,0.0,0.0,21
1,[],12,[],2019-02-13 14:10:27,2965814647.043896,0.0000000002,0.00000000000000722934,6654228,2019-02-13 14:10:27,btc,825864718747.1814,0.0,0.0000000002,btc,4332538196.071132,0.023234128129470528,0.3449579993555898,23
0,[],27,[],2019-02-13 14:10:29,0.0,0,0,6654229,2019-02-13 14:10:29,,0.7240921565934114,0.0,0,eth,727098.85514486,0.0,0.0,23
1,[],4,[],2019-02-13 14:10:30,385194.03992352,0.00000068,0.000000000024579756000000002,6654230,2019-02-13 14:10:30,btc,0.1757360097594557,0.0,0.00000068,btc,167205.05424542,0.0001024,0.195039607853845,24
1,[],22,[],2019-02-13 14:10:34,11.76,0.00000100,0.0000000000361467,6654231,2019-02-13 14:10:34,BTC,7.415e-05,0.0,0.00000100,BTC,23.919354838709676,0.0,1.176e-05,24
0.0,[],25,[],2019-02-13 14:10:36,0.0,0,0,6654232,2019-02-13 14:10:36,,0.0,0.0,0.0,btc,0.0,0.0,0.0,24
1,[],4,[],2019-02-13 14:10:36,29000252.46224196,0.00000658,0.000000000237845286,6654233,2019-02-13 14:10:36,btc,0.5205068231299309,0.0,0.00000658,btc,41154.58649681,0.3186828,0.4782693602045414,26
1,[],10,[],2019-02-13 14:10:38,734881.69333278,0.000005,0.0000000001807335,6654234,2019-02-13 14:10:38,btc,25.936503379824803,5293.58062127,0.000005,btc,15724.17466294,0.0,0.2069683688550637,26
0,[],2,[],2019-01-20 23:25:56,0.0,0,0,6476976,2019-01-20 23:25:56,,0.0,0.0,0,,0.0,0.0,0.0,26
1,[],3,[],2019-02-13 14:10:39,4399338.98586802,0.00000001,0.000000000000361467,6654235,2019-02-13 14:10:39,btc,2.458159906730297,1500533.01413,0.00000001,btc,16224062.7786409,0.0,0.043993389858680204,27
1,[],5,[],2019-02-13 14:10:41,1e-08,0.00000001,0.000000000000361467,6654236,2019-02-13 14:10:41,btc,1.59852033,0.0,0.00000001,btc,4.345e-05,0.0,0.1192779,27
1,[],11,[],2019-02-13 14:10:43,10063976.7912115,0.00000005,0.000000000001807335,6654237,2019-02-13 14:10:43,btc,370.6330924447541,20.0,0.00000005,btc,8170857.7193934005,0.0,0.4660996184459823,27
1,[],4,[],2019-02-13 14:10:45,525533724.5057915,0.00000002,0.000000000000722934,6654238,2019-02-13 14:10:45,btc,0.38395475714549415,0.0,0.00000002,"btc,ltc",24412988.42558782,0.07261409,8.873142884550292,29
1,[],7,[],2019-02-13 14:10:46,29043662.6179442,0.00000002,0.000000000000722934,6654239,2019-02-13 14:10:46,btc,44465225.09601177,12618.2921512,0.00000002,btc,52378989.42593035,0.00032758,0.4260752889496193,29
1,[],4,[],2019-02-13 14:10:47,1520510.69845997,0.00000029,0.000000000010482543,6654240,2019-02-13 14:10:47,btc,0.1717837583854341,0.0,0.00000029,btc,371324.82715313,0.00657664,0.1178334860588401,30
0,[],17,[],2019-02-13 14:10:50,0.0,0,0,6654241,2019-02-13 14:10:50,btc,0.0,0.0,0,btc,0.0,0.0,0.0,30
1,[],4,[],2019-02-13 14:10:52,1150590.79789082,0.00006991,0.000000002527015797,6654242,2019-02-13 14:10:52,btc,0.6619110800388792,0.0,0.00006991,btc,8119.73959844,1.98650148,3.003478174126637,31
1,[],21,[],2019-02-13 14:10:53,83745.81023994,0.00006990999999999999981164372498,0.000000002527015797,6654243,2019-02-13 14:10:53,btc,3.733423997445241,252576.27699316,0.000069909999999999999811643724978438285688753239810466766357421875,btc,48333.12550975,18.01879007,5.559430180103551,31
0,[],2,[],2019-01-20 23:28:43,0.0,0,0,6477009,2019-01-20 23:28:43,,0.0,0.0,0,,0.0,0.0,0.0,32
1,[],4,[],2019-02-13 14:10:54,140905313.86851132,0.00000004,0.000000000001445868,6654244,2019-02-13 14:10:54,btc,2.2093898308165945,0.0,0.00000004,"btc,ltc",46416063.53278311,0.67941952,2.357544404092082,33
1,[],12,[],2019-02-13 14:10:56,12119205.991,0.00000005,0.000000000001807335,6654245,2019-02-13 14:10:56,btc,34508869.304254785,0.0,0.00000005,btc,89091719.31868115,0.0048214187539466,0.37024755955,33
1,[],4,[],2019-02-13 14:10:57,137150253.30350298,0.00000001,0.000000000000361467,6654246,2019-02-13 14:10:57,btc,1.1165929390379261,0.0,0.00000001,btc,44403259.08099628,0.16448591,1.37150253303503,34
1,[],5,[],2019-02-13 14:10:59,1e-08,0.00000001,0.000000000000361467,6654247,2019-02-13 14:10:59,btc,5.08403177,0.1904165,0.00000001,btc,1.343e-05,0.0,0.85344058,34
0.00000000011775819999999998,[],4,[],2019-02-13 14:11:00,870427559.4727,2.355164e-18,8.51314065588e-23,6654248,2019-02-13 14:11:00,ltc,1.1290338038979837e-08,0.0,0.00000002,ltc,2277303600.248189,0.0,1.402727402075088e-09,36
1,[],5,[],2019-02-13 14:11:01,0.0,0,0,6654249,2019-02-13 14:11:01,btc,197.5393601,0.0,0,btc,1.325e-05,0.0,0.0,36
0,[],17,[],2019-02-13 14:11:02,0.0,0,0,6654250,2019-02-13 14:11:02,btc,0.14155809875955452,0.0,0,btc,10796613.27743647,0.0,0.0,36
0,[],27,[],2019-02-13 14:11:05,0.0,0,0,6654251,2019-02-13 14:11:05,,240.2503276744,0.0,0,"ltc,eth",3711879.06,0.0,0.0,36
1,[],4,[],2019-02-13 14:11:05,260942.64333797,0.00000123,0.000000000044460441000000003,6654252,2019-02-13 14:11:05,btc,0.4667886047044154,0.0,0.00000123,btc,283251.13293418,0.01386578,0.1427373488072305,37
1,[],12,[],2019-02-13 14:11:06,507325.65523058,0.000001269999999999999910766366496839285815667608403600752353668212890625,0.000000000045906309,6654253,2019-02-13 14:11:06,btc,1364.2458607021415,0.0,0.000001269999999999999910766366496839285815667608403600752353668212890625,btc,736118.36654111,0.0667103076944019,0.3077257377686032,37
1,[],17,[],2019-02-13 14:11:08,1752.74075282,0.00000025,0.000000000009036675,6654254,2019-02-13 14:11:08,btc,0.055484923983395995,0.0,0.00000025,btc,1387.19918473,0.0,0.00043818518820499993,37
1,[],27,[],2019-02-13 14:11:10,16052.0,0.00000052,0.000000000018796284,6654255,2019-02-13 14:11:10,btc,26.73595537911233,0.0,0.00000052,btc,6579.81438508,0.0,0.00550422,37
1,[],5,[],2019-02-13 14:11:11,1.48e-05,0.00000098,0.000000000035423766,6654256,2019-02-13 14:11:11,btc,0.09739632,0.08734481,0.00000098,btc,0.00011057,0.0,0.0438081,42
1,[],12,[],2019-02-13 14:11:13,128115.38082492,0.00000096,0.000000000034700831999999996,6654257,2019-02-13 14:11:13,btc,95.62444604334227,0.0,0.00000096,btc,104845.57065033,0.0144426458080618,0.0461845300000094,42
0,[],27,[],2019-02-13 14:11:15,0.0,0,0,6654258,2019-02-13 14:11:15,,0.00315028,0.0,0,"btc,eth",11.007,0.0,0.0,42
1,[],5,[],2019-02-13 14:11:16,3e-08,0.00000002,0.000000000000722934,6654259,2019-02-13 14:11:16,btc,6.24832789,0.01059221,0.00000002,btc,1.425e-05,0.0,0.55326272,43
1,[],12,[],2019-02-13 14:11:18,3866366.0,0.00000001,0.000000000000361467,6654260,2019-02-13 14:11:18,btc,20007457.492720265,0.0,0.00000001,btc,38976014.21018979,2.1978022e-07,0.03866366,43
0,[],17,[],2019-02-13 14:11:19,0.0,0,0,6654261,2019-02-13 14:11:19,btc,0.0,0.0,0,btc,0.0,0.0,0.0,43
1,[],12,[],2019-02-13 14:11:21,742468.0,0.00000005,0.000000000001807335,6654262,2019-02-13 14:11:21,btc,11115166.868367633,0.0,0.00000005,btc,1031580.53046952,0.0003253,0.0203802,44
1,[],4,[],2019-02-13 14:11:22,225275542.00856274,0.00000002,0.000000000000722934,6654263,2019-02-13 14:11:22,btc,0.1836927143875673,0.0,0.00000002,"btc,ltc",4535093.98561652,0.00035111,0.42792367504738926,49
0.00000000011775819999999998,[],4,[],2019-02-13 14:11:23,1908699313.7717342,1.177582e-18,4.25657032794e-23,6654264,2019-02-13 14:11:23,ltc,4.645173508917878,0.0,0.00000001,ltc,3821127129.9474792,0.0,2.2476499553099463e-09,52
0,[],22,[],2019-02-13 05:54:27,0.0,0,0,6650710,2019-02-13 05:54:27,,8109.06443955,0.0,0,,266275513.67882353,0.0,0.0,57
0,[],27,[],2019-02-13 05:54:30,0.0,0,0,6650711,2019-02-13 05:54:30,,0.0,0.0,0,"btc,eth",0.0,0.0,0.0,57
0.00000000011775819999999998,[],4,[],2019-02-13 14:11:23,1284861737.6032786,5.88791e-18,2.12828516397e-22,6654265,2019-02-13 14:11:23,ltc,3.2772090079044895,0.0,0.00000005,ltc,973076191.2925123,0.002,4.183647744457165e-09,58
1,[],12,[],2019-02-13 14:11:25,1885871252.843957,0.0000000005,0.000000000000018073350000000002,6654266,2019-02-13 14:11:25,btc,224005491002.02234,0.0,0.0000000005,btc,3685170887.6926126,0.026894471438561426,0.6579882695011392,58
0,[],17,[],2019-02-13 14:11:26,0.0,0,0,6654267,2019-02-13 14:11:26,btc,1e+24,0.0,0,btc,41481695.95832568,0.0,0.0,58
0.0000000001350803,[],22,[],2019-02-13 14:11:31,137438.0,1.350803e-18,4.8827070800100004e-23,6654268,2019-02-13 14:11:31,XMR,69.8835922,0.0,0.00000001,XMR,9887963.0,0.0,0.00137438,58
1,[],5,[],2019-02-13 14:11:32,1.451e-05,0.00000084,0.000000000030363228,6654269,2019-02-13 14:11:32,btc,0.21140137,0.00575713,0.00000084,btc,8.153e-05,0.0,0.13199092,61
1,[],22,[],2019-02-13 14:11:35,5149.5,0.00000011,0.000000000003976137,6654270,2019-02-13 14:11:35,BTC,1002.29598212,0.0,0.00000011,BTC,14957.700278135757,0.0,0.00051596,61
1,[],26,[],2019-02-13 14:11:36,0.0,0.00000800,0.0000000002891736,6654271,2019-02-13 14:11:36,btc,0.0,0.0,0.00000800,btc,0.0,0.0,0.0,61
1,[],27,[],2019-02-13 14:11:38,9954.3559,0.00000059,0.000000000021326553,6654272,2019-02-13 14:11:38,btc,10.660677388947013,0.0,0.00000059,"btc,eth",15252.75055623,0.0,0.0007863899827120908,61
1,[],28,[],2019-02-13 14:11:39,19894.304,0.00000091,0.000000000032893497,6654273,2019-02-13 14:11:39,btc,2.056375543700105,805.481,0.00000091,btc,9772.52450005,0.0,0.00993521304,61
1,[],4,[],2019-02-13 14:02:50,428121.60463844,0.00000236,0.00000000008530644799999999,6654070,2019-02-13 14:02:50,btc,1.142732952959975,0.0,0.00000236,btc,281770.59030416,0.14591271,0.6027502165123504,67
0.0,[],25,[],2019-02-13 14:02:52,0.0,0,0,6654071,2019-02-13 14:02:52,,0.0,0.0,0.0,btc,0.0,0.0,0.0,67
1,[],12,[],2019-02-13 14:11:41,2603692.5065817,0.00000017,0.000000000006144939,6654274,2019-02-13 14:11:41,btc,11115896.140877707,0.0,0.00000017,btc,1760071.06485376,0.0144922485614414,0.0750591764411116,71
,[],5,[],2018-11-20 23:02:39,1.5e-07,0.00000005,0.000000000002128045,4862160,2018-11-20 23:02:39,btc,2.84511358,0.0,,btc,0.00036572,0.0,0.07381892,74
1,[],5,[],2019-01-25 15:53:51,3.303e-05,0.00000156,0.000000000055588884,6499610,2019-01-25 15:53:51,btc,1.42844212,0.0,0.00000156,btc,0.00015937,0.0,0.49487621,75
1,[],4,[],2019-02-13 14:11:42,32822324.95692337,0.00000001,0.000000000000361467,6654275,2019-02-13 14:11:42,btc,0.7668881456247842,0.0,0.00000001,btc,14615939.68425178,0.0,0.3282232495692337,81
0,[],20,[],2019-01-25 09:30:31,0.0,0,0,6495923,2019-01-25 09:30:31,btc,0.0,0.0,0,btc,0.0,0.0,0.0,81
1,[],4,[],2019-02-13 14:11:44,24118.42722602,0.00007590,0.00000000274353453,6654276,2019-02-13 14:11:44,btc,1.3260489823187669,0.0,0.00007590,btc,11286.93908994,0.02759167,0.1124379094254419,82
1,[],21,[],2019-02-13 14:11:44,142834.80519088,0.00007511999999999999905707370740,0.000000002715340104,6654277,2019-02-13 14:11:44,btc,3.8838768767230634,2510.54881587,0.00007511999999999999905707370739804673576145432889461517333984375,btc,45619.75758195,0.18969158,2.8260687803643347,82
0,[],17,[],2019-02-07 10:02:39,0.0,0,0,6611495,2019-02-07 10:02:39,btc,0.0447233088476774,0.0,0,btc,999127.19588126,0.0,0.0,84
0.00000000011775819999999998,[],4,[],2019-02-13 14:11:45,152764698.8703472,8.243074e-18,2.979599229558e-22,6654278,2019-02-13 14:11:45,ltc,0.1956906326761846,0.0,0.00000007,ltc,99186847.13365331,0.0,6.83950631287671e-10,85
,[],22,[],2018-11-20 23:09:34,3408.1,0.0000001,0.0000000000041895,4862324,2018-11-20 23:09:34,BTC,0.04624735,0.0,,BTC,4990.0,0.0,0.00033081,86
0,[],22,[],2019-02-13 14:03:01,0.0,0,0,6654077,2019-02-13 14:03:01,,2.0760781,0.0,0,,140622.94736842104,0.0,0.0,87
0,[],27,[],2019-02-13 14:03:04,0.0,0,0,6654078,2019-02-13 14:03:04,,0.0,0.0,0,btc,0.0,0.0,0.0,87
,[],2,[],2018-11-20 23:10:47,0.0,0,0,4862359,2018-11-20 23:10:47,,0.0,0.0,,,0.0,0.0,0.0,88
1,[],11,[],2019-02-13 14:11:47,104384.18769618,0.0001451099999999999981027676287936856169835664331912994384765625,0.000000005245247637,6654279,2019-02-13 14:11:47,btc,702.5512910167536,268.71796139,0.0001451099999999999981027676287936856169835664331912994384765625,btc,189111.56977349,0.0,7.600673089125653,89
0,[],2,[],2019-01-20 23:31:45,0.0,0,0,6477083,2019-01-20 23:31:45,,0.0,0.0,0,,0.0,0.0,0.0,91
1,[],12,[],2019-02-13 14:11:49,441276.51994495,0.000003009999999999999980258846843383935265592299401760101318359375,0.00000000010880156700000001,6654280,2019-02-13 14:11:49,btc,4.133773721828462,0.0,0.000003009999999999999980258846843383935265592299401760101318359375,btc,42079.16696639,0.0030463151774244,0.0726638240192099,91
0,[],17,[],2019-02-13 14:11:51,0.0,0,0,6654281,2019-02-13 14:11:51,btc,0.0,0.0,0,btc,0.0,0.0,0.0,91
0.00000000011775819999999998,[],22,[],2019-02-13 14:11:54,23273459.4,5.88791e-18,2.12828516397e-22,6654282,2019-02-13 14:11:54,LTC,8.17576354,0.0,0.00000005,LTC,67492261.1,0.0,0.89586509,95
1,[],4,[],2019-02-13 14:11:56,134625037.99053305,0.00000001,0.000000000000361467,6654283,2019-02-13 14:11:56,btc,0.9760204777757312,0.0,0.00000001,"btc,ltc",48336402.74348307,0.00632652,0.006691386509350202,96
1,[],12,[],2019-02-13 14:11:57,572409.0,0.00000001,0.000000000000361467,6654284,2019-02-13 14:11:57,btc,255062.9973688799,0.0,0.00000001,btc,8742801.54676297,0.00122123,0.00572409,96
0,[],17,[],2019-02-13 14:11:59,0.0,0,0,6654285,2019-02-13 14:11:59,btc,0.0,0.0,0,btc,0.0,0.0,0.0,96
1,[],4,[],2019-02-13 14:12:00,1746159.22960751,0.00000032,0.000000000011566944,6654286,2019-02-13 14:12:00,btc,0.1479241548644707,0.0,0.00000032,btc,324201.57922229,0.01072569,0.2041002472752328,99
1,[],4,[],2019-02-13 14:12:01,204174.23488824,0.00004021,0.0000000014534588070000001,6654287,2019-02-13 14:12:01,btc,1.060332477437389,0.0,0.00004021,btc,23852.73244053,0.98649592,1.5333372587791378,100
0,[],2,[],2019-01-20 23:23:55,0.0,0,0,6476914,2019-01-20 23:23:55,,0.0,0.0,0,,0.0,0.0,0.0,100
1,[],22,[],2019-02-13 14:12:05,50000.0,0.00000001,0.000000000000361467,6654288,2019-02-13 14:12:05,BTC,23.49896609,0.0,0.00000001,BTC,10277.22,0.0,0.0005,101
1,[],4,[],2019-02-13 14:12:06,207084.160449,0.00000099,0.000000000035785233,6654289,2019-02-13 14:12:06,btc,0.4027691470056541,0.0,0.00000099,btc,156471.9803104,0.01402373,0.1031289824540613,103
1,[],12,[],2019-02-13 14:12:09,53386879.4663887,0.000000016,0.0000000000005783472000000001,6654290,2019-02-13 14:12:09,btc,137278875.3733893,0.0,0.000000016,btc,124233026.99156214,0.18853137538149384,0.3218365754622192,105
1,[],27,[],2019-02-13 14:12:11,4109342.89,0.00000001,0.000000000000361467,6654291,2019-02-13 14:12:11,btc,0.3614577513692299,0.0,0.00000001,btc,323444.42860553,0.0,0.0410934289,105
1,[],22,[],2019-02-13 14:12:15,271183.5714285714,0.00000007,0.000000000002530269,6654292,2019-02-13 14:12:15,BTC,51.12453289,0.0,0.00000007,BTC,669300.0,0.002,0.01628285,107
1,[],26,[],2019-02-13 14:12:15,0.0,0.00000000,0,6654293,2019-02-13 14:12:15,btc,0.0,0.0,0.00000000,btc,0.0,0.0,0.0,107
1,[],5,[],2019-02-13 14:12:17,1e-08,0.00000001,0.000000000000361467,6654294,2019-02-13 14:12:17,btc,2.91007562,0.00958782,0.00000001,btc,1.571e-05,0.0,0.08599803,112
1,[],22,[],2019-02-13 14:12:21,189093.0,0.00000001,0.000000000000361467,6654295,2019-02-13 14:12:21,BTC,2.81183288,0.0,0.00000001,BTC,808524.0833333334,0.0,0.00189093,112
0.0000000003400379,[],27,[],2019-02-13 14:12:23,500000.0,3.400379e-18,1.229124795993e-22,6654296,2019-02-13 14:12:23,eth,1.35132491849924,0.0,0.00000001,"btc,eth",1328.641654,0.0,1.7001895e-12,112
1,[],4,[],2019-02-13 14:12:24,441913.90711987,0.00000324,0.000000000117115308,6654297,2019-02-13 14:12:24,btc,0.2460411228472966,0.0,0.00000324,btc,55066.4999019,0.06190627,0.1866638668708846,113
1,[],5,[],2019-02-13 14:12:25,1.556e-05,0.00000325,0.000000000117476775,6654298,2019-02-13 14:12:25,btc,0.81318512,0.00025708,0.00000325,btc,0.00141476,0.0,0.22193655,113
1,[],17,[],2019-02-13 14:12:27,152738.278,0.00000004,0.000000000001445868,6654299,2019-02-13 14:12:27,btc,1.3368030274682094,0.0,0.00000004,btc,51896.221,0.0,0.0022095311199999998,116
0,[],27,[],2019-02-13 14:12:29,0.0,0,0,6654300,2019-02-13 14:12:29,,0.0,0.0,0,btc,0.0,0.0,0.0,116
1,[],4,[],2019-02-13 14:12:30,31949.35705393,0.00002831,0.000000001023313077,6654301,2019-02-13 14:12:30,btc,0.361921364846067,0.0,0.00002831,btc,12200.93557377,7.6360698,0.759415163910503,120
1,[],7,[],2019-02-13 14:12:31,16348.71898149,0.00002741000000000000014666219627645915579705615527927875518798828125,0.000000000990781047,6654302,2019-02-13 14:12:31,btc,115647.30040435567,87.04675369,0.00002741000000000000014666219627645915579705615527927875518798828125,btc,29739.21367551,0.00238692,0.0560788042622055,120
1,[],20,[],2019-02-13 14:12:33,1093445.8166,0.000000014,0.0000000000005060538,6654303,2019-02-13 14:12:33,btc,33.8691165036599,1088.85,0.000000014,btc,1150552.4764,1.52439e-05,0.0052654043171,125
1,[],22,[],2019-02-13 14:12:37,3053.0,0.00000001,0.000000000000361467,6654304,2019-02-13 14:12:37,BTC,0.01444889,0.0,0.00000001,BTC,296264.5111111111,0.0,3.053e-05,126
1,[],4,[],2019-02-13 14:12:38,99393.01205466,0.00001460,0.00000000052774182,6654305,2019-02-13 14:12:38,btc,0.5454963575375168,0.0,0.00001460,btc,29238.21631018,0.45838926,0.6107174416361743,131
0,[],17,[],2019-02-13 14:12:40,0.0,0,0,6654306,2019-02-13 14:12:40,btc,0.0009561751951600001,0.0,0,btc,35.42829368,0.0,0.0,131
0,[],2,[],2019-01-20 23:25:46,0.0,0,0,6476969,2019-01-20 23:25:46,,0.0,0.0,0,,0.0,0.0,0.0,131
1,[],4,[],2019-02-13 14:12:40,4618.72608368,0.00016004,0.000000005784917868,6654307,2019-02-13 14:12:40,btc,1.6397450704738545,0.0,0.00016004,btc,295.92689166,0.0,0.0082576416623249,135
1,[],3,[],2019-02-13 14:12:41,1856587.65894064,0.00000006,0.0000000000021688019999999997,6654308,2019-02-13 14:12:41,btc,0.11619022294799519,33820.0,0.00000006,btc,380319.48998015,0.0,0.0692588294414791,136
1,[],4,[],2019-02-13 14:12:41,52853.9006411,0.00000172,0.000000000062172324,6654309,2019-02-13 14:12:41,btc,0.0517621838328697,0.0,0.00000172,btc,26204.28450151,0.05565379,0.0625925188362415,137
1,[],12,[],2019-02-13 14:12:43,307423.98747613,0.00000176000000000000008976326626441988310034503228962421417236328125,0.00000000006361819200000001,6654310,2019-02-13 14:12:43,btc,11982.946506509887,0.0,0.00000176000000000000008976326626441988310034503228962421417236328125,btc,158158.64120849,0.0381395533388054,0.0460172206699367,137
1,[],4,[],2019-02-13 14:12:44,713591.93748946,0.00005214,0.000000001884688938,6654311,2019-02-13 14:12:44,btc,0.8535267272649972,0.0,0.00005214,btc,12200.74984582,1.82080919,0.427449811715993,142
1,[],5,[],2019-02-13 14:12:46,0.00147474,0.00004851,0.000000001753476417,6654312,2019-02-13 14:12:46,btc,0.85832446,0.86492291,0.00004851,btc,0.00294738,0.0,1.12442994,142
1,[],17,[],2019-02-13 14:12:48,22967.386363640002,0.00000088,0.000000000031809096000000006,6654313,2019-02-13 14:12:48,btc,20.069913352645987,0.0,0.00000088,btc,2746.079105,0.0,0.0104613000000032,142
1,[],20,[],2019-02-13 14:12:50,138145.0739,0.00006,0.000000002168802,6654314,2019-02-13 14:12:50,btc,0.4594082949612,7378.0344,0.00006,btc,4549.1256,0.5705060771748,0.2441657492633,142
1,[],22,[],2019-02-13 14:12:54,1602.4,0.00001020,0.00000000036869634,6654315,2019-02-13 14:12:54,BTC,3.00910435,0.0,0.00001020,BTC,917.058396139644,0.0,0.00170694,142
0.0,[],25,[],2019-02-13 14:12:55,0.0,0,0,6654316,2019-02-13 14:12:55,,0.0,0.0,0.0,btc,0.0,0.0,0.0,142
1,[],28,[],2019-02-13 14:12:57,77893.0,0.00004500,0.0000000016266015,6654317,2019-02-13 14:12:57,btc,0.048809112,1953.0,0.00004500,btc,249.5089,0.0,0.0586872,142
0,[],22,[],2019-02-13 14:13:00,0.0,0,0,6654318,2019-02-13 14:13:00,,67.4285069,0.0,0,,834770972.3,0.0,0.0,143
1,[],21,[],2019-02-13 14:13:01,40664476.80249096,0.00000028,0.000000000010121076,6654319,2019-02-13 14:13:01,btc,39.67511335516207,3451058.07514988,0.00000028,btc,77933732.01281986,0.97091372,6.41874828845188,145
0,[],22,[],2019-02-13 14:13:04,0.0,0,0,6654320,2019-02-13 14:13:04,,4.25427726,0.0,0,,2259598.0,0.0,0.0,146
,[],22,[],2018-11-20 23:01:11,0.0,0,0,4862114,2018-11-20 23:01:11,,2.56807021,0.0,,,61828.4988236,0.0,0.0,147
1,[],12,[],2019-02-13 14:13:05,8679298.1458025,0.00000302999999999999978877139594768408414893201552331447601318359375,0.000000000109524501,6654321,2019-02-13 14:13:05,btc,16.558643351385435,0.0,0.00000302999999999999978877139594768408414893201552331447601318359375,btc,121949.66449333,0.0016109946726708,0.1094160700000053,148
1,[],4,[],2019-02-13 14:13:06,270083.00134037,0.00000043,0.000000000015543081,6654322,2019-02-13 14:13:06,btc,0.7778362901479712,0.0,0.00000043,btc,586529.57485546,0.0,0.0641407683317476,152
0,[],22,[],2019-02-13 14:13:10,0.0,0,0,6654323,2019-02-13 14:13:10,,0.0,0.0,0,,0.0,0.0,0.0,152
1,[],5,[],2019-02-13 14:13:11,0.0,0,0,6654324,2019-02-13 14:13:11,btc,4.35601725,0.0,0,btc,0.0021126,0.0,0.0,153
,[],16,[],2019-01-11 15:38:59,0.0,0,0,6366141,2019-01-11 15:38:59,btc,0.0,0.0,,btc,0.0,0.0,0.0,155
0,[],22,[],2019-02-13 14:13:14,0.0,0,0,6654325,2019-02-13 14:13:14,,6.74608761,0.0,0,,4644402.242592593,0.0,0.0,156
0,[],23,[],2019-01-20 23:24:29,0.0,0,0,6476932,2019-01-20 23:24:29,,0.0,0.0,0,,0.0,0.0,0.0,156
1,[],22,[],2019-02-13 14:13:18,7913.8,0.00005300,0.0000000019157751000000003,6654326,2019-02-13 14:13:18,BTC,43.78801181,0.0,0.00005300,BTC,1067.5805334758436,0.0,0.00785176,157
0,[],22,[],2019-02-13 14:13:21,0.0,0,0,6654327,2019-02-13 14:13:21,,50175.67558609,0.0,0,,54029136.04179466,0.0,0.0,158
,[],17,[],2018-11-20 22:56:10,0.0,0,0,4861976,2018-11-20 22:56:10,btc,1.1265625,0.0,,btc,1000.0,0.0,0.0,159
,[],20,[],2018-11-20 22:56:12,0.0,0,0,4861977,2018-11-20 22:56:12,btc,11912.7940471,0.0,,btc,34413894.3617,0.0,0.0,159
1,[],12,[],2019-02-13 14:13:23,180250.81475814,0.0000081000000000000003746135346371914920382550917565822601318359375,0.00000000029278827000000003,6654328,2019-02-13 14:13:23,btc,6.661885149974796,0.0,0.0000081000000000000003746135346371914920382550917565822601318359375,btc,14781.396304310001,0.0117367172456236,0.093839764600061,168
1,[],17,[],2019-02-13 14:13:24,29784.95,0.000001,0.0000000000361467,6654329,2019-02-13 14:13:24,btc,0.03026736251542,0.0,0.000001,btc,144.46171372,0.0,0.00716147,168
0,[],22,[],2019-02-13 14:13:27,0.0,0,0,6654330,2019-02-13 14:13:27,,1.14776715,0.0,0,,721548.0900917595,0.0,0.0,169
1,[],22,[],2019-02-13 14:13:30,245000.0,0.00000011,0.000000000003976137,6654331,2019-02-13 14:13:30,BTC,11.33112555,0.0,0.00000011,BTC,131141.7766476831,4.225e-05,0.0224,171
0,[],22,[],2019-02-13 14:15:33,220930.66666666666,0,0,6654332,2019-02-13 14:15:33,,2.64988515,0.0,0,,243336.36821454257,0.0,0.01641152,173
1,[],5,[],2019-02-13 14:15:34,2.22e-05,0.00000196,0.000000000070847532,6654333,2019-02-13 14:15:34,btc,0.24037272,0.00328232,0.00000196,btc,0.00025388,0.0,0.25669318,175
1,[],22,[],2019-02-13 14:15:52,54534.52380952381,0.00000063,0.000000000022772421,6654334,2019-02-13 14:15:52,BTC,0.50172101,0.0,0.00000063,BTC,128186.47031396699,0.0,0.02132508,176
1,[],7,[],2019-02-13 14:15:54,0.0,0,0,6654335,2019-02-13 14:15:54,btc,410974.1987511513,0.0,0,btc,115535570.82091746,0.0,0.0,178
0,[],22,[],2019-02-13 14:15:56,0.0,0,0,6654336,2019-02-13 14:15:56,,1.00242428,0.0,0,,57512.0,0.0,0.0,178
0,[],2,[],2019-01-20 23:28:34,0.0,0,0,6477001,2019-01-20 23:28:34,,0.0,0.0,0,,0.0,0.0,0.0,178
1,[],5,[],2019-02-13 14:15:57,3e-08,0.00000002,0.000000000000722934,6654337,2019-02-13 14:15:57,btc,31.52540904,0.023478,0.00000002,btc,2.088e-05,0.0,0.57152066,179
1,[],22,[],2019-02-13 14:16:02,7780285.0,0.00000002,0.000000000000722934,6654338,2019-02-13 14:16:02,BTC,5.92824511,0.0,0.00000002,"BTC,LTC",17868273.399292473,0.00079998,0.38286554,179
0,[],23,[],2019-01-20 23:25:08,0.0,0,0,6476952,2019-01-20 23:25:08,,0.0,0.0,0,,0.0,0.0,0.0,179
1,[],17,[],2019-02-13 14:16:04,10504.725,0.0000001,0.00000000000361467,6654339,2019-02-13 14:16:04,btc,5.206166879879643,0.0,0.0000001,btc,6755.0074587,0.0,0.0010504725,180
1,[],22,[],2019-02-13 14:16:28,13654.4,0.0000005,0.00000000001807335,6654340,2019-02-13 14:16:28,BTC,0.09143332,0.0,0.0000005,"BTC,LTC",6337.240674120756,0.00501523,0.00160544,180
1,[],26,[],2019-02-13 14:16:28,0.0,0.00000150,0.000000000054220050000000004,6654341,2019-02-13 14:16:28,btc,0.0,2870.5,0.00000150,btc,0.0,0.0,0.0,180
,[],7,[],2018-11-20 22:58:01,562227.975654,0.00000085,0.000000000036176765,4862015,2018-11-20 22:58:01,btc,21836.6059674,2491.87645172,,btc,749999.041456,0.00211021,0.127565380455,183
,[],5,[],2019-01-10 08:11:41,0.0,0,0,6347036,2019-01-10 08:11:41,btc,82.15055501,0.00261,,btc,1.19002445,0.0,0.0,187
1,[],24,[],2019-02-13 14:16:28,0.0,0.000000000001,3.61467e-17,6654342,2019-02-13 14:16:28,btc,0.0,0.0,0.000000000001,btc,0.0,0.0,0.0,187
,[],17,[],2018-11-16 20:58:10,4062536.27273,0.00000001,0.000000000000550501,4708775,2018-11-16 20:58:10,btc,3.36492563466,0.195460381006,,"btc,eth",110697919.549,0.0,0.0157628953496,187
0,[],22,[],2019-02-13 14:16:31,0.0,0,0,6654343,2019-02-13 14:16:31,,1.19370255,0.0,0,,14406.10286773884,0.0,0.0,191
0,[],22,[],2019-02-13 14:16:38,0.0,0,0,6654344,2019-02-13 14:16:38,,0.0,0.0,0,,0.0,0.0,0.0,197
0,[],23,[],2019-01-20 23:31:41,0.0,0,0,6477079,2019-01-20 23:31:41,,0.0,0.0,0,,0.0,0.0,0.0,199
0,[],22,[],2019-02-13 14:16:42,0.0,0,0,6654345,2019-02-13 14:16:42,,5.15195517,0.0,0,,19804684.0,0.0,0.0,199
1,[],26,[],2019-02-13 14:16:42,0.0,0.00000000,0,6654346,2019-02-13 14:16:42,btc,0.0,749078.0,0.00000000,btc,0.0,0.0,0.0,199
0,[],17,[],2019-01-30 16:32:01,0.0,0,0,6540827,2019-01-30 16:32:01,btc,6.802544163788159,0.0,0,btc,105897.55575295,0.0,0.0,200
0,[],2,[],2019-01-20 23:30:49,0.0,0,0,6477059,2019-01-20 23:30:49,,0.0,0.0,0,,0.0,0.0,0.0,201
1,[],4,[],2019-01-25 15:51:35,2084389.58565343,0.00000936,0.000000000333526752,6499557,2019-01-25 15:51:35,btc,2.0092503037378524,0.0,0.00000936,btc,160195.80207885,0.19272417,1.242687955921835,211
1,[],7,[],2019-02-13 14:16:46,4633682.35858654,0.000001359999999999999896105784720490294859018831630237400531768798828125,0.000000000049159512,6654347,2019-02-13 14:16:46,btc,15450813.915010257,1704551.08956,0.000001359999999999999896105784720490294859018831630237400531768798828125,btc,11067843.28932127,0.0,3.471507242199119,212
1,[],12,[],2019-01-25 02:44:32,207462.42853209,0.000001080000000000000035831255497387193287295303889550268650054931640625,0.000000000038610756000000006,6493050,2019-01-25 02:44:32,btc,85023.03793723314,0.0,0.000001080000000000000035831255497387193287295303889550268650054931640625,btc,43675.73520027,0.000146250909087,0.0348620860622024,213
1,[],5,[],2019-02-13 14:16:47,3.69e-06,0.00000031,0.000000000011205477,6654348,2019-02-13 14:16:47,btc,1.17526012,0.28891801,0.00000031,btc,3.02e-05,0.0,0.14957946,213
1,[],24,[],2019-02-13 14:16:47,0.0,0.000000050000,0.000000000001807335,6654349,2019-02-13 14:16:47,btc,0.0,0.0,0.000000050000,btc,0.0,0.0,0.0,213
1,[],26,[],2019-02-13 14:16:48,0.0,0.00000009,0.000000000003253203,6654350,2019-02-13 14:16:48,btc,0.0,0.0,0.00000009,btc,0.0,0.0,0.0,213
1,[],22,[],2019-02-13 14:06:54,121087.0,0.00000002,0.000000000000722936,6654151,2019-02-13 14:06:54,BTC,2.19288044,0.0,0.00000002,BTC,153809.63137942314,0.0002891,0.00160774,216
1,[],27,[],2019-02-13 14:06:57,5203157.5555,0.00000004,0.000000000001445872,6654152,2019-02-13 14:06:57,btc,256.82994371176,0.0,0.00000004,"btc,ltc",272101.909,0.0,0.05469726222,216
1,[],22,[],2019-02-13 14:16:51,228350.91215608703,0.00000208,0.000000000075185136,6654351,2019-02-13 14:16:51,BTC,12677.05158075,0.0,0.00000208,BTC,427700.22815821867,0.14604678,0.26753949,217
1,[],7,[],2019-02-13 14:16:52,0.0,0,0,6654352,2019-02-13 14:16:52,btc,77970.0557979151,0.0,0,btc,137090858.32140028,0.0,0.0,219
0,[],27,[],2019-02-13 14:16:54,0.0,0,0,6654353,2019-02-13 14:16:54,,5.341893788316972,0.0,0,btc,1605140.99226595,0.0,0.0,219
0.0000000000000053,[],28,[],2019-02-13 14:17:03,169956223.952,6.8905300000000004e-18,2.49069920751e-22,6654354,2019-02-13 14:17:03,doge,88584.47496696751,14488.0,0.00130010,"btc,doge",4974548.69631,0.0,1.6148723187159016e-11,219
1,[],22,[],2019-02-13 14:17:06,315203.6,0.0000002,0.00000000000722934,6654355,2019-02-13 14:17:06,BTC,3.03262434,0.0,0.0000002,BTC,99855.07001039218,0.00892876,0.03494056,221
1,[],24,[],2019-02-13 14:17:06,0.0,0.000000201200,0.0000000000072727160400000006,6654356,2019-02-13 14:17:06,btc,0.0,8710.84699,0.000000201200,btc,0.0,0.00159029,0.0,221
1,[],20,[],2019-02-13 14:17:08,52269469.1018,0.000000003,0.00000000000010844010000000001,6654357,2019-02-13 14:17:08,btc,49.8568239773503,113294.6168,0.000000003,btc,10281219.2359,0.0004148838504,0.054898039522,224
0,[],22,[],2019-02-13 14:17:11,0.0,0,0,6654358,2019-02-13 14:17:11,,0.0,0.0,0,,0.0,0.0,0.0,224
1,[],26,[],2019-02-13 14:17:11,0.0,0.00000035,0.000000000012651345,6654359,2019-02-13 14:17:11,btc,0.0,0.0,0.00000035,btc,0.0,0.0,0.0,231
1,[],26,[],2019-02-13 14:17:11,0.0,0.00000005,0.000000000001807335,6654360,2019-02-13 14:17:11,btc,0.0,200.0,0.00000005,btc,0.0,0.0,0.0,234
0,[],27,[],2019-02-13 14:17:16,0.0,0,0,6654361,2019-02-13 14:17:16,,0.0113483662182,0.0,0,"btc,eth",11462.99618,0.0,0.0,234
0,[],22,[],2019-02-13 14:17:19,0.0,0,0,6654362,2019-02-13 14:17:19,,2.76542139,0.0,0,,92332288.06349206,0.0,0.0,235
1,[],4,[],2019-02-13 14:17:20,1110843.90851887,0.00000103,0.000000000037231101,6654363,2019-02-13 14:17:20,btc,0.3433612992434567,0.0,0.00000103,btc,235519.54928902,0.24030936,0.4012487163773044,236
1,[],24,[],2019-02-13 14:17:20,0.0,0.000000020010,0.000000000000723295467,6654364,2019-02-13 14:17:20,btc,0.0,0.0,0.000000020010,btc,0.0,0.0,0.0,236
1,[],20,[],2019-02-13 14:17:23,66462287.4207,0.000000065,0.0000000000023495355,6654365,2019-02-13 14:17:23,btc,14.9534775144906,21248910.8998,0.000000065,btc,27030255.3515,1.4122672555359,0.4014539669251,237
1,[],22,[],2019-02-13 14:17:27,136267.0,0.00000004,0.000000000001445868,6654366,2019-02-13 14:17:27,BTC,0.04209605,0.0,0.00000004,"BTC,LTC",22179.0,0.0,0.00541601,237
1,[],4,[],2019-02-13 14:17:28,4524281.01285159,0.00000033,0.000000000011928411,6654367,2019-02-13 14:17:28,btc,0.636242744989533,0.0,0.00000033,btc,1717985.55065818,0.23897726,1.3684338124593851,238
1,[],5,[],2019-02-13 14:17:32,4.25e-06,0.00000033,0.000000000011928411,6654368,2019-02-13 14:17:32,btc,0.85050633,0.00413467,0.00000033,btc,3.008e-05,0.0,0.25968371,238
0,[],22,[],2019-02-13 14:17:34,0.0,0,0,6654369,2019-02-13 14:17:34,,15.41678688,0.0,0,,370860.0639027493,0.0,0.0,249
0.00000000011775819999999998,[],22,[],2019-02-13 14:17:38,7025765.666666667,3.5327459999999996e-18,1.276971098382e-22,6654370,2019-02-13 14:17:38,LTC,0.46265531,0.0,0.00000003,LTC,12972210.09,3.4828754022999997e-13,0.20977599,252
1,[],28,[],2019-02-13 14:17:44,3365203.286,0.00000012,0.000000000004337604,6654371,2019-02-13 14:17:44,btc,164693.6886356891,178159.3,0.00000012,btc,978368.2751,0.0,0.1964703763,256
1,[],22,[],2019-02-13 14:17:47,176118.66666666666,0.00000003,0.000000000001084401,6654372,2019-02-13 14:17:47,BTC,30.15123076,0.0,0.00000003,BTC,319140.92423192423,0.01427041,0.00299152,258
1,[],22,[],2019-01-26 20:58:41,368451.0,0.00000001,0.000000000000356135,6510120,2019-01-26 20:58:41,BTC,2.642917,0.0,0.00000001,"BTC,LTC",1862.0,0.0,0.02488451,259
1,[],22,[],2019-02-13 14:17:52,13569.624375624375,0.00001300,0.0000000004699071,6654373,2019-02-13 14:17:52,BTC,1293.0027883,0.0,0.00001300,"BTC,LTC",5235.389669920772,0.03654727,0.04136286,262
1,[],5,[],2019-02-13 14:17:53,1.925e-05,0.00000204,0.000000000073739268,6654374,2019-02-13 14:17:53,btc,0.6905061,0.15154855,0.00000204,btc,0.00028393,0.0,0.16027464,264
1,[],20,[],2019-02-13 14:17:55,1264711.417,0.00000195,0.000000000070486065,6654375,2019-02-13 14:17:55,btc,4.974692949785,58773.9191,0.00000195,btc,101007.356,0.1801347703778,0.0211013589335,264
1,[],22,[],2019-02-13 14:17:58,95356.5,0.00000002,0.000000000000722934,6654376,2019-02-13 14:17:58,BTC,8.27980096,0.0,0.00000002,BTC,227209.31707431233,0.0,0.0014095,271
0,[],22,[],2019-02-13 14:18:01,0.0,0,0,6654377,2019-02-13 14:18:01,,384.77798703,0.0,0,,15106717515.9,0.0,0.0,272
0.0000000000000053,[],28,[],2019-02-13 14:18:06,176230916756.474,4.611e-21,1.6667243370000002e-25,6654378,2019-02-13 14:18:06,doge,441816592.01218307,35164944713.3602,0.00000087,doge,219719772440.38168,0.0,4.447868910014258e-10,272
1,[],22,[],2019-02-13 14:18:10,12779.0,0.00001501,0.000000000542561967,6654379,2019-02-13 14:18:10,BTC,74.06579281,0.0,0.00001501,"BTC,LTC",1308.582716680558,0.01211587,0.03508994,281
