pairValue,buyBook,exchangeId,sellBook,updated,buyTotal,satoshiPrice,usdPrice,exchangeLogId,created,bestPair,sellTotalBtc,volume,pairPrice,activePairs,sellTotal,volumeBtc,buyTotalBtc,coinId
1,[],3,[],2019-01-25 09:35:45,99.726912789678,0.01235376000000000008827161224189694621600210666656494140625,0.000000439711085808,6496029,2019-01-25 09:35:45,btc,106.95772430577864,0.0,0.01235376000000000008827161224189694621600210666656494140625,btc,13.220644682751,0.0,0.05988595669179092,1
1,[],4,[],2019-01-25 09:35:45,25079.29603981,0.01272938,0.000000453080641154,6496030,2019-01-25 09:35:45,btc,0.8977438221017208,0.0,0.01272938,btc,64.09481499,1.48143627,1.2541904541424005,1
1,[],5,[],2019-01-25 09:35:46,0.23233474,0.01252177,0.000000445691116141,6496031,2019-01-25 09:35:46,btc,14578.4741373,0.00936436,0.01252177,btc,35555556.31593982,0.0,1.50544464,1
1,[],10,[],2019-01-25 09:35:49,269340.89625249,0.01259931,0.000000448451020623,6496032,2019-01-25 09:35:49,btc,6366.032505918483,1947.12157857,0.01259931,btc,901.33494229,0.0,2.8228741698810733,1
1,[],12,[],2019-01-25 09:35:51,10371.07618131,0.01229000000000000057676086129276882275007665157318115234375,0.000000437441657,6496033,2019-01-25 09:35:51,btc,0.5953666849974,0.0,0.01229000000000000057676086129276882275007665157318115234375,btc,40.75112938,0.0945552528743,0.10177835298520001,1
1,[],20,[],2019-01-25 09:35:53,1344.0693,0.010510001,0.0000003740856185933,6496034,2019-01-25 09:35:53,btc,0.0836892101406,0.5,0.010510001,btc,4.0102,0.0052550005,0.0856770477751,1
0.0000000003248607,[],21,[],2019-01-25 09:35:54,2322.76736166,0.000000000103955424,0.0000000000000037001165930592,6496035,2019-01-25 09:35:54,eth,24.96180399577299,7159.05843479,0.320000000000000006661338147750939242541790008544921875,"btc,eth",2382.0467169,89.1051733,23.828664347810015,1
1,[],22,[],2019-01-25 09:35:58,0.0363776,0.01400000,0.0000004983062,6496036,2019-01-25 09:35:58,BTC,0.31387019,0.0,0.01400000,BTC,0.09333966666666667,0.0,0.00048472,1
1,[],24,[],2019-01-25 09:35:58,0.0,0.000000000000,0,6496037,2019-01-25 09:35:58,btc,0.0,0.0,0.000000000000,btc,0.0,0.0,0.0,1
1,[],25,[],2019-01-25 09:35:59,269.21195291,0.01254459,0.000000446503355247,6496038,2019-01-25 09:35:59,btc,29.027299997523382,1060.90423685,0.01254459,btc,2235.64134833,13.7267,3.2699999998728346,1
1,[],28,[],2019-01-25 09:36:01,987.9,0.01131000,0.000000402560223,6496039,2019-01-25 09:36:01,btc,0.162839806,21325.5,0.01131000,btc,8.9,0.0,0.024551096,1
0,[],2,[],2019-01-20 23:28:45,0.0,0,0,6477011,2019-01-20 23:28:45,,0.0,0.0,0,,0.0,0.0,0.0,1
,[],26,[],2018-11-28 08:36:25,0.0,0.02269021,0.000000905623006625,5137884,2018-11-28 08:36:25,btc,0.0,2559.40051283,,btc,0.0,0.0,0.0,1
1,[],5,[],2019-01-25 10:21:56,1.616e-05,0.00000065,0.000000000023053940000000003,6496063,2019-01-25 10:21:56,btc,0.16445762,0.00509832,0.00000065,btc,7.267e-05,0.0,0.43751705,2
0,[],22,[],2019-01-25 10:21:59,0.0,0,0,6496064,2019-01-25 10:21:59,,0.0,0.0,0,,0.0,0.0,0.0,2
1,[],5,[],2019-01-25 10:22:19,1.42e-06,0.00000017,0.000000000006029492000000001,6496072,2019-01-25 10:22:19,btc,3.89916282,0.03640479,0.00000017,btc,2.267e-05,0.0,2.87557981,3
1,[],12,[],2019-01-25 10:22:21,12409714.83822884,0.000000168,0.0000000000059585568,6496073,2019-01-25 10:22:21,btc,921315.1890616075,0.0,0.000000168,btc,7814650.4809511,0.05643980507431665,0.5466602667510144,3
0,[],28,[],2019-01-25 10:22:22,0.0,0,0,6496074,2019-01-25 10:22:22,,0.0,0.0,0,,0.0,0.0,0.0,3
0,[],2,[],2019-01-20 23:31:32,0.0,0,0,6477077,2019-01-20 23:31:32,,0.0,0.0,0,,0.0,0.0,0.0,4
1,[],4,[],2019-01-25 10:23:07,1068825.39932041,0.00000045,0.000000000015960420000000002,6496093,2019-01-25 10:23:07,btc,0.4933235492334942,0.0,0.00000045,btc,320776.78978335,0.00624457,0.0575626752146442,4
1,[],12,[],2019-01-25 10:23:09,1222127.5219999999,0.00000003,0.000000000001064028,6496095,2019-01-25 10:23:09,btc,11013867.817925906,0.0,0.00000003,btc,969763.77092902,0.0,0.01617509044,5
0,[],2,[],2019-01-20 23:31:51,0.0,0,0,6477087,2019-01-20 23:31:51,,0.0,0.0,0,,0.0,0.0,0.0,6
1,[],11,[],2019-01-25 09:29:33,3384831.0,0.00000001,0.000000000000355933,6495892,2019-01-25 09:29:33,btc,9432.255931928405,700000.0,0.00000001,btc,41254015.65759839,0.0,0.03384831,6
1,[],3,[],2019-01-25 09:29:38,1049.631568128516,0.00015050999999999999383500093319554480331134982407093048095703125,0.0000000053571475829999994,6495895,2019-01-25 09:29:38,btc,30.108593419388622,0.0,0.00015050999999999999383500093319554480331134982407093048095703125,btc,231.077492617847,0.0,0.027978323718350753,7
1,[],4,[],2019-01-25 09:29:38,26530.04841004,0.00016400,0.0000000058373012,6495896,2019-01-25 09:29:38,btc,1.9127005498551566,0.0,0.00016400,btc,10610.70388035,1.77647174,3.921903977093155,7
1,[],5,[],2019-01-25 09:29:40,0.00500731,0.00016001,0.000000005695283933,6495897,2019-01-25 09:29:40,btc,1.24796099,0.16630248,0.00016001,btc,0.01135913,0.0,1.42518697,7
1,[],20,[],2019-01-25 09:29:49,61771509.8802,0.000000001,0.0000000000000355933,6495900,2019-01-25 09:29:49,btc,121.193338259396,2655.758,0.000000001,btc,26031125.3262,2.655758e-06,0.0617715098802,8
0,[],2,[],2019-01-20 23:22:42,0.0,0,0,6476876,2019-01-20 23:22:42,,0.0,0.0,0,,0.0,0.0,0.0,9
0,[],23,[],2019-01-20 23:22:48,0.0,0,0,6476878,2019-01-20 23:22:48,,0.0,0.0,0,,0.0,0.0,0.0,9
1,[],1,[],2019-01-25 09:29:56,599485.49,0.000001940000000000000060442102711721901187047478742897510528564453125,0.00000000006905100200000001,6495905,2019-01-25 09:29:56,btc,4.9307941976,23536181.85,0.000001940000000000000060442102711721901187047478742897510528564453125,btc,2484129.13,44.39522665,1.1460114637,9
1,[],4,[],2019-01-25 09:29:57,163000.98429195,0.00000190,0.00000000006762727,6495906,2019-01-25 09:29:57,btc,0.9268325874182591,0.0,0.00000190,btc,466083.59561265,1.55367836,0.2809717553433322,9
1,[],28,[],2019-01-25 09:30:02,34500.0,0.00000165,0.000000000058728945,6495907,2019-01-25 09:30:02,btc,2708.7525973402,3932164.0,0.00000165,btc,8331.02,0.0,0.02854,9
1,[],4,[],2019-01-25 09:30:08,5109532.51426053,0.00000002,0.000000000000711866,6495911,2019-01-25 09:30:08,btc,0.2176847570456985,0.0,0.00000002,btc,4211774.99539122,0.00244834,0.0540199947852106,10
0,[],2,[],2019-01-20 23:23:08,0.0,0,0,6476890,2019-01-20 23:23:08,,0.0,0.0,0,,0.0,0.0,0.0,12
1,[],4,[],2019-01-25 09:30:22,1931241.74985126,0.00000149,0.000000000053034017,6495918,2019-01-25 09:30:22,btc,0.87345582603151,0.0,0.00000149,btc,561782.48090312,1.70969579,2.702124220953347,12
1,[],5,[],2019-01-25 09:30:24,1.793e-05,0.00000142,0.000000000050542486,6495919,2019-01-25 09:30:24,btc,0.15710024,0.36189188,0.00000142,btc,0.00011247,0.0,0.11860225,12
,[],25,[],2019-01-11 15:39:35,0.0,0,0,6366164,2019-01-11 15:39:35,,0.0,0.0,,btc,0.0,0.0,0.0,12
1,[],4,[],2019-01-25 09:35:05,343799.94781408,0.00000681,0.000000000242390373,6496003,2019-01-25 09:35:05,btc,0.2618441273328152,0.0,0.00000681,btc,36266.51252985,0.62696072,1.6201397197403522,13
1,[],10,[],2019-01-25 09:35:08,619110.93391821,0.00000669,0.00000000023811917700000004,6496004,2019-01-25 09:35:08,btc,666784.4314235887,5533.56583069,0.00000669,btc,830243.65970738,0.0,0.8733788106083016,13
1,[],21,[],2019-01-25 09:35:09,1492790.5499255,0.0000069099999999999999096556013711278865230269730091094970703125,0.000000000245949703,6496005,2019-01-25 09:35:09,btc,5.6559607893667785,486668.29429024,0.0000069099999999999999096556013711278865230269730091094970703125,btc,735544.80415951,3.39403134,5.50073464580978,13
1,[],4,[],2019-01-25 09:30:36,709793.87960802,0.00000180,0.00000000006406794,6495927,2019-01-25 09:30:36,btc,0.2168149425409203,0.0,0.00000180,btc,94078.78213171,0.02042888,0.1402334813904425,14
1,[],12,[],2019-01-25 09:30:37,87906.47933816,0.0000017799999999999998982758153687200319836847484111785888671875,0.000000000063356074,6495928,2019-01-25 09:30:37,btc,1.791856005946628,0.0,0.0000017799999999999998982758153687200319836847484111785888671875,btc,38824.52646617,9.955e-05,0.0203285964838332,14
0,[],17,[],2019-01-25 09:30:38,0.0,0,0,6495929,2019-01-25 09:30:38,btc,0.0,0.0,0,btc,0.0,0.0,0.0,14
1,[],26,[],2019-01-25 09:30:38,0.0,0.00000020,0.00000000000711866,6495930,2019-01-25 09:30:38,btc,0.0,0.0,0.00000020,btc,0.0,0.0,0.0,14
0,[],4,[],2019-01-25 09:36:12,0.0,0,0,6496048,2019-01-25 09:36:12,,0.0,0.0,0,,0.0,0.0,0.0,15
,[],12,[],2018-12-01 15:15:48,204241.84496,0.00000489,0.000000000202473384,5260204,2018-12-01 15:15:48,btc,49.5475654835,0.0,,btc,35763.2193806,0.0163153972027625,0.0203389899998,15
0,[],2,[],2019-01-20 23:23:38,0.0,0,0,6476906,2019-01-20 23:23:38,,0.0,0.0,0,,0.0,0.0,0.0,18
1,[],4,[],2019-01-25 09:30:44,27582.74782705,0.00001779,0.000000000633204807,6495933,2019-01-25 09:30:44,btc,1.2100575018251363,0.0,0.00001779,btc,6524.41803486,0.20708221,0.1182814621921581,18
1,[],10,[],2019-01-25 09:30:46,390861.00198618,0.00001711,0.0000000006090013630000001,6495934,2019-01-25 09:30:46,btc,15.56199968260617,50.7,0.00001711,btc,10812.95043191,0.0,0.1960121377824653,18
1,[],12,[],2019-01-25 09:30:47,200160.88318949,0.0000170500000000000010813398787501427023016731254756450653076171875,0.000000000606865765,6495935,2019-01-25 09:30:47,btc,0.2056442660141292,0.0,0.0000170500000000000010813398787501427023016731254756450653076171875,btc,2476.37523457,0.000121231582,0.0160555866928058,18
0,[],17,[],2019-01-25 09:30:49,0.0,0,0,6495936,2019-01-25 09:30:49,btc,0.0,0.0,0,btc,0.0,0.0,0.0,18
0,[],2,[],2019-01-20 23:24:19,0.0,0,0,6476924,2019-01-20 23:24:19,,0.0,0.0,0,,0.0,0.0,0.0,19
1,[],3,[],2019-01-25 09:31:12,108510.3223200057,0.0000397999999999999984107330874838481804545153863728046417236328125,0.00000000141661334,6495949,2019-01-25 09:31:12,btc,1.3113376578001168,0.044938820912,0.0000397999999999999984107330874838481804545153863728046417236328125,btc,8544.562913370499,0.0,0.1068218232137364,19
1,[],4,[],2019-01-25 09:31:12,63191.69137061,0.00003987,0.000000001419104871,6495950,2019-01-25 09:31:12,btc,1.824610561446941,0.0,0.00003987,btc,38587.66658233,0.47938539,1.3128161666490932,19
1,[],5,[],2019-01-25 09:31:13,0.00029437,0.00003057,0.000000001088087181,6495951,2019-01-25 09:31:13,btc,0.30954777,0.0001961,0.00003057,btc,0.0035064,0.0,0.19117301,19
1,[],12,[],2019-01-25 09:31:14,129219.36038454,0.0000368500000000000012441436769705660481122322380542755126953125,0.000000001311613105,6495952,2019-01-25 09:31:14,btc,1.9920405091700544,0.0,0.0000368500000000000012441436769705660481122322380542755126953125,btc,419.49251023,0.00103111,0.037720870170299,19
0,[],27,[],2019-01-25 09:31:16,0.0,0,0,6495953,2019-01-25 09:31:16,,0.0,0.0,0,btc,0.0,0.0,0.0,19
1,[],4,[],2019-01-25 09:31:38,9440120.03177168,0.00000014,0.000000000004983062,6495969,2019-01-25 09:31:38,btc,0.8258536183033921,0.0,0.00000014,btc,1595401.4574161,0.01228151,0.3946498407846703,20
1,[],4,[],2019-01-25 09:31:59,124172061.26701596,0.00000002,0.000000000000711866,6495975,2019-01-25 09:31:59,btc,0.6665869387411122,0.0,0.00000002,btc,16995260.93440412,0.00321415,1.5432208095501596,21
1,[],12,[],2019-01-25 09:32:00,20530962.0,0.00000002,0.000000000000711866,6495976,2019-01-25 09:32:00,btc,668.0370651689523,0.0,0.00000002,btc,8333541.8441585805,2.624e-05,0.28355625,21
0,[],17,[],2019-01-25 09:32:02,0.0,0,0,6495977,2019-01-25 09:32:02,btc,0.0,0.0,0,btc,0.0,0.0,0.0,21
1,[],12,[],2019-01-25 09:32:23,4653608254.531896,0.0000000001,0.00000000000000355933,6495985,2019-01-25 09:32:23,btc,621663603090.7205,0.0,0.0000000001,btc,6448733538.327904,0.0027973153034965,0.4653608254531896,23
0,[],27,[],2019-01-25 09:32:24,0.0,0,0,6495986,2019-01-25 09:32:24,,0.424699,0.0,0,eth,424699.0,0.0,0.0,23
,[],25,[],2019-01-11 15:42:09,0.0,0,0,6366241,2019-01-11 15:42:09,,0.0,0.0,,btc,0.0,0.0,0.0,24
1,[],4,[],2019-01-25 09:34:32,2235389.88486387,0.00000085,0.000000000030254305,6495988,2019-01-25 09:34:32,btc,0.108235958925619,0.0,0.00000085,btc,80818.54151615,0.00490675,0.4438667039018808,24
1,[],22,[],2019-01-25 09:34:35,11.76,0.00000100,0.0000000000355933,6495989,2019-01-25 09:34:35,BTC,7.415e-05,0.0,0.00000100,BTC,23.919354838709676,0.0,1.176e-05,24
0,[],2,[],2019-01-20 23:25:56,0.0,0,0,6476976,2019-01-20 23:25:56,,0.0,0.0,0,,0.0,0.0,0.0,26
1,[],4,[],2019-01-25 09:34:56,29625386.36239306,0.00000738,0.000000000262678554,6495996,2019-01-25 09:34:56,btc,0.4403983380503615,0.0,0.00000738,btc,33062.47638086,0.12441255,0.4993300210057089,26
1,[],10,[],2019-01-25 09:34:58,729528.39991675,0.00000769,0.000000000273712477,6495997,2019-01-25 09:34:58,btc,27.97422628554268,0.0,0.00000769,btc,12525.42087038,0.0,0.2074630259437885,26
1,[],11,[],2019-01-25 09:35:02,10597882.41182718,0.00000005,0.000000000001779665,6496000,2019-01-25 09:35:02,btc,370.53275036350783,1000.0,0.00000005,btc,8220964.80991447,0.0,0.4932896594767663,27
1,[],3,[],2019-01-25 09:34:59,7640316.32908122,0.00000001,0.000000000000355933,6495998,2019-01-25 09:34:59,btc,3.0985068247746517,27661.5,0.00000001,btc,17904097.89243544,0.0,0.0764031632908122,27
1,[],5,[],2019-01-25 09:35:00,1e-08,0.00000001,0.000000000000355933,6495999,2019-01-25 09:35:00,btc,2.61407479,0.00054715,0.00000001,btc,4.13e-05,0.0,0.02279358,27
1,[],4,[],2019-01-25 09:35:03,264124678.904612,0.00000004,0.000000000001423732,6496001,2019-01-25 09:35:03,btc,2.9215503760504067,0.0,0.00000004,"btc,ltc",107688498.43478212,2.42194618,3.5093511187544446,29
1,[],7,[],2019-01-25 09:35:03,35676883.20116744,0.00000003,0.000000000001067799,6496002,2019-01-25 09:35:03,btc,44465218.1161607,574377.917144,0.00000003,btc,38963074.39686584,0.01973126,0.6467378436510599,29
1,[],4,[],2019-01-25 09:35:34,1261109.0531557,0.00000038,0.000000000013525454,6496019,2019-01-25 09:35:34,btc,0.3120401609366867,0.0,0.00000038,btc,478276.84772003,0.01000116,0.065986383547349,30
0,[],17,[],2019-01-25 09:35:36,0.0,0,0,6496020,2019-01-25 09:35:36,btc,0.0,0.0,0,btc,0.0,0.0,0.0,30
1,[],4,[],2019-01-25 09:35:43,29931.26051096,0.00009167,0.000000003262837811,6496026,2019-01-25 09:35:43,btc,1.2156429244926037,0.0,0.00009167,btc,11325.7655111,1.57089275,2.0892339602821166,31
1,[],21,[],2019-01-25 09:35:43,70827.6208002,0.00008946000000000000067397476488650909232092089951038360595703125,0.000000003184176618,6496027,2019-01-25 09:35:43,btc,6.662185026145547,511796.2580201,0.00008946000000000000067397476488650909232092089951038360595703125,btc,68944.28204825,47.2206683,6.025960058864376,31
0,[],2,[],2019-01-20 23:28:43,0.0,0,0,6477009,2019-01-20 23:28:43,,0.0,0.0,0,,0.0,0.0,0.0,32
1,[],4,[],2019-01-25 09:36:13,121702859.1078181,0.00000005,0.000000000001779665,6496049,2019-01-25 09:36:13,btc,0.8837371670934115,0.0,0.00000005,"btc,ltc",19194032.23727274,1.08363112,1.9605193996633432,33
1,[],12,[],2019-01-25 09:36:14,26158942.82500003,0.00000007,0.000000000002491531,6496050,2019-01-25 09:36:14,btc,17261786.65420129,0.0,0.00000007,btc,85317756.09290703,0.25207378258741,1.085553427750002,33
1,[],4,[],2019-01-25 09:36:15,122084266.7763646,0.00000002,0.000000000000711866,6496051,2019-01-25 09:36:15,btc,0.7774979343830004,0.0,0.00000002,btc,25620632.54161682,0.01910824,1.251928341823646,34
1,[],5,[],2019-01-25 09:36:16,3e-08,0.00000002,0.000000000000711866,6496052,2019-01-25 09:36:16,btc,3.13117114,0.00772725,0.00000002,btc,1.394e-05,0.0,0.77981492,34
0.0000000000912021,[],4,[],2019-01-25 09:31:33,2728082534.398238,3.648084e-18,1.2984734823720002e-22,6495965,2019-01-25 09:31:33,ltc,3.7183028987131807e-09,0.0,0.00000004,ltc,739052772.3521979,0.0,5.993741267047064e-09,36
1,[],5,[],2019-01-25 09:31:34,0.0,0,0,6495966,2019-01-25 09:31:34,btc,202.4482928,0.0,0,btc,1.295e-05,0.0,0.0,36
0,[],17,[],2019-01-25 09:31:36,0.0,0,0,6495967,2019-01-25 09:31:36,btc,0.08200904495920741,0.0,0,btc,5842697.91583647,0.0,0.0,36
0.0000000000912021,[],27,[],2019-01-25 09:31:38,1000000.0,9.12021e-19,3.2461837059300004e-23,6495968,2019-01-25 09:31:38,ltc,448.55669329,0.0,0.00000001,"ltc,eth",3581972.58,0.0,9.12021e-13,36
1,[],4,[],2019-01-25 09:31:27,439409.08697479,0.00000142,0.000000000050542486,6495960,2019-01-25 09:31:27,btc,0.439308978183513,0.0,0.00000142,btc,233673.8139119,0.00642998,0.388910706222868,37
1,[],12,[],2019-01-25 09:31:28,527218.17029839,0.000001439999999999999977188928391991229460700196796096861362457275390625,0.000000000051254352,6495961,2019-01-25 09:31:28,btc,1330.9012549599854,0.0,0.000001439999999999999977188928391991229460700196796096861362457275390625,btc,754664.25121444,0.1023574308345225,0.3889576853333143,37
1,[],17,[],2019-01-25 09:31:29,1752.74075282,0.00000025,0.000000000008898324999999999,6495962,2019-01-25 09:31:29,btc,0.05548731397418299,0.0,0.00000025,btc,1388.79251806,0.0,0.00043818518820499993,37
0,[],27,[],2019-01-25 09:31:31,0.0,0,0,6495963,2019-01-25 09:31:31,,22.368038083756,0.0,0,btc,2948.3724,0.0,0.0,37
1,[],5,[],2019-01-25 10:22:32,1.509e-05,0.00000106,0.000000000037595656000000004,6496079,2019-01-25 10:22:32,btc,0.13879335,0.08392795,0.00000106,btc,0.00012709,0.0,0.05605423,42
1,[],12,[],2019-01-25 10:22:33,90450.86928104,0.00000119000000000000004144145963891343598106686840765178203582763671875,0.000000000042206444000000004,6496080,2019-01-25 10:22:33,btc,108.87917753820201,0.0,0.00000119000000000000004144145963891343598106686840765178203582763671875,btc,64745.96311702,0.0535601637727104,0.034493519999993595,42
0,[],27,[],2019-01-25 10:22:36,0.0,0,0,6496081,2019-01-25 10:22:36,,0.00315028,0.0,0,"btc,eth",11.007,0.0,0.0,42
1,[],5,[],2019-01-25 10:23:38,6e-08,0.00000003,0.0000000000010640280000000001,6496110,2019-01-25 10:23:38,btc,5.95703981,0.00029389,0.00000003,btc,1.425e-05,0.0,0.56473423,43
1,[],12,[],2019-01-25 10:23:39,8211019.0,0.00000001,0.000000000000354676,6496111,2019-01-25 10:23:39,btc,20007433.292569373,0.0,0.00000001,btc,39317451.36903097,0.0001017905394604,0.08211019,43
0,[],17,[],2019-01-25 10:23:41,0.0,0,0,6496112,2019-01-25 10:23:41,btc,0.0,0.0,0,btc,0.0,0.0,0.0,43
1,[],12,[],2019-01-25 10:22:51,768612.0,0.00000007,0.0000000000024827320000000002,6496086,2019-01-25 10:22:51,btc,11114761.21257101,0.0,0.00000007,btc,956009.67390128,0.000487875944056,0.02085615,44
1,[],4,[],2019-01-25 10:22:26,238073976.28654104,0.00000003,0.0000000000010640280000000001,6496076,2019-01-25 10:22:26,btc,0.22001306678496968,0.0,0.00000003,"btc,ltc",6515955.76600441,0.00242935,0.6132798134150588,49
0.0000000000912021,[],4,[],2019-01-25 09:35:32,4348721868.045631,1.824042e-18,6.492367411860001e-23,6496017,2019-01-25 09:35:32,ltc,5.044116688088102,0.0,0.00000002,ltc,1636492147.8110626,0.0,5.149843490530808e-09,52
0,[],22,[],2019-01-25 09:35:14,0.0,0,0,6496006,2019-01-25 09:35:14,,3693.44327142,0.0,0,,259866044.90882352,0.0,0.0,57
0,[],27,[],2019-01-25 09:35:16,0.0,0,0,6496007,2019-01-25 09:35:16,,0.0,0.0,0,"btc,eth",0.0,0.0,0.0,57
0.0000000000911417,[],4,[],2019-01-25 10:22:05,1441213365.461235,5.468502e-18,1.9395464153520002e-22,6496068,2019-01-25 10:22:05,ltc,3.436587010489447,0.0,0.00000006,ltc,900387718.4749246,0.00998011,6.210860896957298e-09,58
1,[],12,[],2019-01-25 10:22:06,2620867378.327952,0.0000000006,0.000000000000021280560000000002,6496069,2019-01-25 10:22:06,btc,123638816684.10153,0.0,0.0000000006,btc,2994268107.122977,0.16687242057142862,1.0301056695915363,58
0,[],17,[],2019-01-25 10:22:08,0.0,0,0,6496070,2019-01-25 10:22:08,btc,1e+24,0.0,0,btc,41616695.958325684,0.0,0.0,58
0.000000000125539,[],22,[],2019-01-25 10:22:18,137438.0,1.25539e-18,4.4525670364e-23,6496071,2019-01-25 10:22:18,XMR,69.8835922,0.0,0.00000001,XMR,9887963.0,0.0,0.00137438,58
1,[],5,[],2019-01-25 09:32:04,4.62e-06,0.00000060,0.00000000002135598,6495979,2019-01-25 09:32:04,btc,0.45068628,0.06938732,0.00000060,btc,0.00012612,0.0,0.08954737,61
1,[],22,[],2019-01-25 09:32:07,5111.5,0.00000011,0.000000000003915263,6495980,2019-01-25 09:32:07,BTC,1002.29606732,0.0,0.00000011,BTC,15028.700278135757,0.0,0.00051178,61
1,[],26,[],2019-01-25 09:32:07,0.0,0.00000800,0.0000000002847464,6495981,2019-01-25 09:32:07,btc,0.0,0.0,0.00000800,btc,0.0,0.0,0.0,61
0,[],27,[],2019-01-25 09:32:09,0.0,0,0,6495982,2019-01-25 09:32:09,,0.0,0.0,0,"btc,eth",0.0,0.0,0.0,61
1,[],28,[],2019-01-25 09:32:11,1880.304,0.00000022,0.000000000007830526,6495983,2019-01-25 09:32:11,btc,2.065678837430106,820.0,0.00000022,btc,11618.08240005,0.0,0.00016391304,61
1,[],4,[],2019-01-25 09:35:26,1559895.47390058,0.00000143,0.000000000050898419,6496015,2019-01-25 09:35:26,btc,0.4722211024491091,0.0,0.00000143,btc,165548.92755737,0.06806892,1.2959920404170848,67
,[],25,[],2019-01-11 15:43:02,0.0,0,0,6366273,2019-01-11 15:43:02,,0.0,0.0,,btc,0.0,0.0,0.0,67
1,[],12,[],2019-01-25 09:31:10,2717076.0,0.00000009,0.000000000003203397,6495947,2019-01-25 09:31:10,btc,16893764.158727244,0.0,0.00000009,btc,2312092.07052943,0.0185272278221784,0.06799948,71
,[],5,[],2018-11-20 23:02:39,1.5e-07,0.00000005,0.000000000002128045,4862160,2018-11-20 23:02:39,btc,2.84511358,0.0,,btc,0.00036572,0.0,0.07381892,74
1,[],5,[],2019-01-25 10:23:11,3.303e-05,0.00000156,0.00000000005532945600000001,6496096,2019-01-25 10:23:11,btc,1.42844212,0.0,0.00000156,btc,0.00015937,0.0,0.49487621,75
1,[],4,[],2019-01-25 10:24:10,64482982.32002812,0.00000001,0.000000000000354676,6496130,2019-01-25 10:24:10,btc,0.7468077492509007,0.0,0.00000001,btc,13906829.86456505,0.00078176,0.6448298232002811,81
0,[],20,[],2019-01-25 09:30:31,0.0,0,0,6495923,2019-01-25 09:30:31,btc,0.0,0.0,0,btc,0.0,0.0,0.0,81
1,[],4,[],2019-01-25 10:21:20,24574.10444526,0.00007750,0.0000000027487390000000003,6496056,2019-01-25 10:21:20,btc,1.2064062955483679,0.0,0.00007750,btc,10592.34902148,0.00745943,0.1475586311433266,82
1,[],21,[],2019-01-25 10:21:20,386811.56901524,0.000081009999999999998568193937398262960414285771548748016357421875,0.0000000028732302760000003,6496057,2019-01-25 10:21:20,btc,2.925614519925571,14384.94011432,0.000081009999999999998568193937398262960414285771548748016357421875,btc,30591.78281592,1.1692287,4.653818858068234,82
0,[],17,[],2019-01-25 10:24:24,0.0,0,0,6496139,2019-01-25 10:24:24,btc,0.0447233088476774,0.0,0,btc,999127.19588126,0.0,0.0,84
0.0000000000912021,[],4,[],2019-01-25 09:34:41,467504676.33904034,1.1856273e-17,4.220038817709e-22,6495993,2019-01-25 09:34:41,ltc,0.1975418249471364,0.0,0.00000013,ltc,70585666.72200932,0.0,1.5869373740035798e-09,85
,[],22,[],2018-11-20 23:09:34,3408.1,0.0000001,0.0000000000041895,4862324,2018-11-20 23:09:34,BTC,0.04624735,0.0,,BTC,4990.0,0.0,0.00033081,86
0,[],22,[],2019-01-25 09:34:52,0.0,0,0,6495994,2019-01-25 09:34:52,,2.07810912,0.0,0,,154826.94736842104,0.0,0.0,87
0,[],27,[],2019-01-25 09:34:54,0.0,0,0,6495995,2019-01-25 09:34:54,,0.0,0.0,0,btc,0.0,0.0,0.0,87
,[],2,[],2018-11-20 23:10:47,0.0,0,0,4862359,2018-11-20 23:10:47,,0.0,0.0,,,0.0,0.0,0.0,88
1,[],11,[],2019-01-25 10:22:04,102305.47857614,0.00020900000000000001150642081615416145723429508507251739501953125,0.000000007412728400000001,6496067,2019-01-25 10:22:04,btc,234.6591982484496,470.39662385,0.00020900000000000001150642081615416145723429508507251739501953125,btc,180946.80411144,0.0,8.172528254587727,89
0,[],2,[],2019-01-20 23:31:45,0.0,0,0,6477083,2019-01-20 23:31:45,,0.0,0.0,0,,0.0,0.0,0.0,91
1,[],12,[],2019-01-25 10:23:11,381354.48420900997,0.00000145000000000000009320343975771638866945068002678453922271728515625,0.000000000051428020000000004,6496097,2019-01-25 10:23:11,btc,1.1684435222118905,0.0,0.00000145000000000000009320343975771638866945068002678453922271728515625,btc,20467.54338495,0.0157044640521532,0.24198307279993328,91
0,[],17,[],2019-01-25 10:23:12,0.0,0,0,6496098,2019-01-25 10:23:12,btc,0.0,0.0,0,btc,0.0,0.0,0.0,91
0.0000000000912021,[],22,[],2019-01-25 09:31:42,48311955.0,5.472126e-18,1.9477102235580001e-22,6495970,2019-01-25 09:31:42,LTC,7.72958711,0.0,0.00000006,LTC,70117635.1,0.0,1.45775865,95
1,[],4,[],2019-01-25 10:24:12,133572297.82850318,0.00000001,0.000000000000354676,6496131,2019-01-25 10:24:12,btc,1.4099803378425837,0.0,0.00000001,"btc,ltc",68902660.30673558,0.00530204,0.004927582596488096,96
1,[],12,[],2019-01-25 10:24:13,1204672.0,0.00000001,0.000000000000354676,6496132,2019-01-25 10:24:13,btc,255059.26358968028,0.0,0.00000001,btc,7846614.56674301,7.719e-05,0.01204672,96
0,[],17,[],2019-01-25 10:24:15,0.0,0,0,6496133,2019-01-25 10:24:15,btc,0.0,0.0,0,btc,0.0,0.0,0.0,96
1,[],4,[],2019-01-25 09:32:02,1521669.36895972,0.00000040,0.00000000001423732,6495978,2019-01-25 09:32:02,btc,0.1878280457726248,0.0,0.00000040,btc,326714.85838156,0.00317318,0.1521909975561429,99
0,[],2,[],2019-01-20 23:23:55,0.0,0,0,6476914,2019-01-20 23:23:55,,0.0,0.0,0,,0.0,0.0,0.0,100
1,[],4,[],2019-01-25 10:24:37,118038.8836436,0.00004150,0.0000000014719054000000001,6496147,2019-01-25 10:24:37,btc,1.0630524280619418,0.0,0.00004150,btc,21721.23222478,1.90202195,2.4035129632059355,100
1,[],22,[],2019-01-25 10:24:36,50000.0,0.00000001,0.000000000000354676,6496145,2019-01-25 10:24:36,BTC,23.49896609,0.0,0.00000001,BTC,10277.22,0.0,0.0005,101
1,[],4,[],2019-01-25 09:36:01,98766.81862406,0.00000098,0.000000000034881434,6496040,2019-01-25 09:36:01,btc,0.401972746339925,0.0,0.00000098,btc,146994.98044349,0.02601839,0.0492896041627093,103
1,[],12,[],2019-01-25 10:22:00,114176270.0,0.000000016,0.0000000000005674816,6496065,2019-01-25 10:22:00,btc,9137278892.986273,0.0,0.000000016,btc,145894995.71128535,0.11258459182078052,0.832056668,105
1,[],27,[],2019-01-25 10:22:02,153590.0,0.00000001,0.000000000000354676,6496066,2019-01-25 10:22:02,btc,0.311540683917658,273879.245,0.00000001,btc,295711.1288878,0.00821638,0.0015359,105
0,[],22,[],2019-01-25 09:31:45,0.0,0,0,6495971,2019-01-25 09:31:45,,1.07253299,0.0,0,,94300.0,0.0,0.0,107
1,[],26,[],2019-01-25 09:31:45,0.0,0.00000000,0,6495972,2019-01-25 09:31:45,btc,0.0,0.0,0.00000000,btc,0.0,0.0,0.0,107
1,[],5,[],2019-01-25 09:31:20,3e-08,0.00000002,0.000000000000711866,6495956,2019-01-25 09:31:20,btc,5.96751878,0.09161043,0.00000002,btc,1.589e-05,0.0,0.11858846,112
1,[],22,[],2019-01-25 09:31:23,41952.0,0.00000001,0.000000000000355933,6495957,2019-01-25 09:31:23,BTC,2.84132969,0.0,0.00000001,BTC,963293.5833333334,0.0,0.00041952,112
0,[],27,[],2019-01-25 09:31:25,0.0,0,0,6495958,2019-01-25 09:31:25,,1.25356065,0.0,0,"btc,eth",1328.0,0.0,0.0,112
1,[],4,[],2019-01-25 10:22:26,453676.87987645,0.00000448,0.00000000015889484800000001,6496077,2019-01-25 10:22:26,btc,0.4134469564468832,0.0,0.00000448,btc,66328.70774262,0.10906499,0.4405295300176348,113
1,[],5,[],2019-01-25 10:22:28,2.92e-05,0.00000415,0.00000000014719054,6496078,2019-01-25 10:22:28,btc,2.32065736,0.02753563,0.00000415,btc,0.00347212,0.0,0.25744933,113
1,[],17,[],2019-01-25 10:24:00,233369.0,0.00000004,0.000000000001418704,6496124,2019-01-25 10:24:00,btc,1.33762905759634,0.0,0.00000004,btc,72546.975,0.0,0.00543476,116
0,[],27,[],2019-01-25 10:24:02,0.0,0,0,6496125,2019-01-25 10:24:02,,0.0,0.0,0,btc,0.0,0.0,0.0,116
1,[],4,[],2019-01-25 10:23:48,108845.05206795,0.00002460,0.0000000008725029600000001,6496117,2019-01-25 10:23:48,btc,0.7119493583866905,0.0,0.00002460,btc,24256.56636432,1.36678487,1.7400978614009415,120
1,[],7,[],2019-01-25 10:23:49,4409.83835311,0.000017980000000000000647502884643103016060194931924343109130859375,0.0000000006377074480000001,6496118,2019-01-25 10:23:49,btc,95.11059568077695,2.0,0.000017980000000000000647502884643103016060194931924343109130859375,btc,26313.66290454,3.594e-05,0.0474387260769124,120
1,[],20,[],2019-01-25 10:23:59,1211987.8588,0.000000013,0.0000000000004610788,6496123,2019-01-25 10:23:59,btc,31.4063261117274,3779.7,0.000000013,btc,1103022.7964,4.91361e-05,0.0067998317606,125
1,[],22,[],2019-01-25 10:22:50,3053.0,0.00000001,0.000000000000354676,6496085,2019-01-25 10:22:50,BTC,0.01415863,0.0,0.00000001,BTC,293039.4,0.0,3.053e-05,126
0,[],2,[],2019-01-20 23:25:46,0.0,0,0,6476969,2019-01-20 23:25:46,,0.0,0.0,0,,0.0,0.0,0.0,131
1,[],4,[],2019-01-25 09:34:37,308528.40722012,0.00001499,0.000000000533543567,6495990,2019-01-25 09:34:37,btc,0.6415203432206829,0.0,0.00001499,btc,33526.80815908,0.41772174,0.2597712094779693,131
0,[],17,[],2019-01-25 09:34:39,0.0,0,0,6495991,2019-01-25 09:34:39,btc,0.0008451375975800001,0.0,0,btc,30.89614684,0.0,0.0,131
1,[],4,[],2019-01-25 09:35:44,6060.85798912,0.00019808,0.000000007050320864,6496028,2019-01-25 09:35:44,btc,1.6269232683341472,0.0,0.00019808,btc,206.10257325,0.0,0.0102478315205003,135
1,[],3,[],2019-01-25 10:25:04,638032.08351842,0.00000005,0.00000000000177338,6496161,2019-01-25 10:25:04,btc,0.2797278763181497,65846.1833333,0.00000005,btc,1137057.59190917,0.0,0.0206415715037015,136
1,[],4,[],2019-01-25 10:21:53,103817.83728976,0.00000188,0.000000000066679088,6496061,2019-01-25 10:21:53,btc,0.7798135276913349,0.0,0.00000188,btc,257930.29403329,0.07852476,0.1330453605510009,137
1,[],12,[],2019-01-25 10:21:54,305201.75324676,0.000001799999999999999918546601286595265634105089702643454074859619140625,0.00000000006384168,6496062,2019-01-25 10:21:54,btc,11798.819678767662,0.0,0.000001799999999999999918546601286595265634105089702643454074859619140625,btc,131575.25674122,0.0557855076146151,0.0340343000000104,137
1,[],5,[],2019-01-25 10:22:56,0.00103302,0.00003117,0.0000000011055250920000001,6496088,2019-01-25 10:22:56,btc,5.35018446,1.49431333,0.00003117,btc,0.00188855,0.0,2.15127073,142
1,[],17,[],2019-01-25 10:22:57,12500.0,0.0000001,0.00000000000354676,6496089,2019-01-25 10:22:57,btc,0.5782815519233632,0.0,0.0000001,btc,4834.207754,0.0,0.00125,142
1,[],20,[],2019-01-25 10:22:59,148058.3602,0.00002511,0.000000000890591436,6496090,2019-01-25 10:22:59,btc,2.5059134957947,8.5809,0.00002511,btc,5123.3293,0.0002917506,0.0758743525098,142
1,[],22,[],2019-01-25 10:23:03,990.0,0.00001880,0.00000000066679088,6496091,2019-01-25 10:23:03,BTC,0.00152287,0.0,0.00001880,BTC,15.055608820709493,0.0,0.00022106,142
1,[],28,[],2019-01-25 10:23:06,78430.0,0.00002000,0.0000000007093520000000001,6496092,2019-01-25 10:23:06,btc,0.052664499742,56460.0,0.00002000,btc,1386.7223,0.0,0.0242247,142
,[],25,[],2019-01-11 15:38:27,0.0,0,0,6366122,2019-01-11 15:38:27,,0.0,0.0,,btc,0.0,0.0,0.0,142
0,[],22,[],2019-01-25 09:35:30,0.0,0,0,6496016,2019-01-25 09:35:30,,58.97750297,0.0,0,,711983265.8,0.0,0.0,143
1,[],21,[],2019-01-25 09:35:42,53395492.99827224,0.0000003,0.00000000001067799,6496025,2019-01-25 09:35:42,btc,37.76343519383453,14586730.24854726,0.0000003,btc,72412457.31026815,4.53878904,10.399414927452312,145
0,[],22,[],2019-01-25 10:23:27,0.0,0,0,6496106,2019-01-25 10:23:27,,4.31668284,0.0,0,,1427838.5,0.0,0.0,146
,[],22,[],2018-11-20 23:01:11,0.0,0,0,4862114,2018-11-20 23:01:11,,2.56807021,0.0,,,61828.4988236,0.0,0.0,147
1,[],12,[],2019-01-25 09:35:33,8706696.80653467,0.000004230000000000000157985603765897764105829992331564426422119140625,0.000000000150559659,6496018,2019-01-25 09:35:33,btc,17.069823481640373,0.0,0.000004230000000000000157985603765897764105829992331564426422119140625,btc,110499.72407238,0.0143510893192329,0.1246174163610402,148
1,[],4,[],2019-01-25 09:36:08,113516.4976487,0.00000037,0.000000000013169521,6496044,2019-01-25 09:36:08,btc,0.6903655380733367,0.0,0.00000037,btc,513873.1719915,0.00087837,0.0318037643534905,152
0,[],22,[],2019-01-25 09:36:10,0.0,0,0,6496045,2019-01-25 09:36:10,,0.0,0.0,0,,0.0,0.0,0.0,152
1,[],5,[],2019-01-25 10:25:14,0.0,0,0,6496166,2019-01-25 10:25:14,btc,4.34002783,0.0,0,btc,0.00161275,0.0,0.0,153
,[],16,[],2019-01-11 15:38:59,0.0,0,0,6366141,2019-01-11 15:38:59,btc,0.0,0.0,,btc,0.0,0.0,0.0,155
0,[],23,[],2019-01-20 23:24:29,0.0,0,0,6476932,2019-01-20 23:24:29,,0.0,0.0,0,,0.0,0.0,0.0,156
0,[],22,[],2019-01-25 10:25:06,0.0,0,0,6496162,2019-01-25 10:25:06,,6.78848922,0.0,0,,4237721.742592593,0.0,0.0,156
1,[],22,[],2019-01-25 09:32:22,7906.0,0.00000801,0.000000000285102333,6495984,2019-01-25 09:32:22,BTC,43.81543407,0.0,0.00000801,BTC,1572.3690079421112,0.0,0.00743836,157
0,[],22,[],2019-01-25 10:23:47,0.0,0,0,6496116,2019-01-25 10:23:47,,50175.67300261,0.0,0,,53770788.04179466,0.0,0.0,158
,[],17,[],2018-11-20 22:56:10,0.0,0,0,4861976,2018-11-20 22:56:10,btc,1.1265625,0.0,,btc,1000.0,0.0,0.0,159
,[],20,[],2018-11-20 22:56:12,0.0,0,0,4861977,2018-11-20 22:56:12,btc,11912.7940471,0.0,,btc,34413894.3617,0.0,0.0,159
1,[],12,[],2019-01-25 10:24:40,184735.37947441,0.000009929999999999999794170722766661896230289130471646785736083984375,0.000000000352193268,6496150,2019-01-25 10:24:40,btc,6.652249220995116,0.0,0.000009929999999999999794170722766661896230289130471646785736083984375,btc,13918.21908934,0.002676135,0.1011915075999843,168
1,[],17,[],2019-01-25 10:24:41,29784.95,0.000001,0.0000000000354676,6496151,2019-01-25 10:24:41,btc,0.0353989844335,0.0,0.000001,btc,196.82520268,0.0,0.00716147,168
1,[],22,[],2019-01-25 10:24:33,1433457.0,0.00000001,0.000000000000354676,6496144,2019-01-25 10:24:33,BTC,1.13392792,0.0,0.00000001,BTC,692360.5537281231,0.0,0.01433457,169
1,[],22,[],2019-01-25 10:23:31,164876.0,0.00000022,0.000000000007802872,6496107,2019-01-25 10:23:31,BTC,2.46597057,0.0,0.00000022,BTC,74249.88140522876,0.00221619,0.0177027,171
1,[],22,[],2019-01-25 10:24:51,78120.4,0.00000016,0.000000000005674816,6496152,2019-01-25 10:24:51,BTC,2.84366313,0.0,0.00000016,BTC,236407.00013410032,0.00358127,0.00405366,173
1,[],5,[],2019-01-25 10:24:57,5.788e-05,0.00000424,0.00000000015038262400000002,6496155,2019-01-25 10:24:57,btc,0.42361692,0.0944804,0.00000424,btc,0.0003988,0.0,0.82575543,175
1,[],22,[],2019-01-25 10:22:54,50610.0,0.00000100,0.000000000035467600000000005,6496087,2019-01-25 10:22:54,BTC,0.56727464,0.0,0.00000100,BTC,114530.09283098554,7.46e-06,0.03628088,176
1,[],7,[],2019-01-25 09:35:37,0.0,0,0,6496021,2019-01-25 09:35:37,btc,10931.127499835358,1049.0,0,btc,122077328.11570944,1.049e-05,0.0,178
0,[],22,[],2019-01-25 09:35:39,0.0,0,0,6496022,2019-01-25 09:35:39,,1.00242428,0.0,0,,57512.0,0.0,0.0,178
0,[],2,[],2019-01-20 23:28:34,0.0,0,0,6477001,2019-01-20 23:28:34,,0.0,0.0,0,,0.0,0.0,0.0,178
0,[],23,[],2019-01-20 23:25:08,0.0,0,0,6476952,2019-01-20 23:25:08,,0.0,0.0,0,,0.0,0.0,0.0,179
1,[],5,[],2019-01-25 10:25:40,6e-08,0.00000003,0.0000000000010640280000000001,6496180,2019-01-25 10:25:40,btc,15.3220451,0.10082487,0.00000003,btc,2.255e-05,0.0,1.88519764,179
1,[],22,[],2019-01-25 10:25:44,9167103.5,0.00000002,0.000000000000709352,6496181,2019-01-25 10:25:44,BTC,5.5612945,0.0,0.00000002,"BTC,LTC",18220674.451989967,0.0,0.40081005,179
1,[],17,[],2019-01-25 10:21:22,10504.725,0.0000001,0.00000000000354676,6496058,2019-01-25 10:21:22,btc,5.207116757528407,0.0,0.0000001,btc,7944.1527587,0.0,0.0010504725,180
1,[],22,[],2019-01-25 10:21:26,1461.8709677419354,0.00000031,0.000000000010994956,6496059,2019-01-25 10:21:26,BTC,0.03250453,0.0,0.00000031,"BTC,LTC",26805.816254853482,1.9e-06,0.00040152,180
1,[],26,[],2019-01-25 10:21:52,0.0,0.00000010,0.00000000000354676,6496060,2019-01-25 10:21:52,btc,0.0,3389.08309998,0.00000010,btc,0.0,0.0,0.0,180
,[],7,[],2018-11-20 22:58:01,562227.975654,0.00000085,0.000000000036176765,4862015,2018-11-20 22:58:01,btc,21836.6059674,2491.87645172,,btc,749999.041456,0.00211021,0.127565380455,183
,[],5,[],2019-01-10 08:11:41,0.0,0,0,6347036,2019-01-10 08:11:41,btc,82.15055501,0.00261,,btc,1.19002445,0.0,0.0,187
1,[],24,[],2019-01-25 10:24:36,0.0,0.000000000001,3.54676e-17,6496146,2019-01-25 10:24:36,btc,0.0,0.0,0.000000000001,btc,0.0,0.0,0.0,187
,[],17,[],2018-11-16 20:58:10,4062536.27273,0.00000001,0.000000000000550501,4708775,2018-11-16 20:58:10,btc,3.36492563466,0.195460381006,,"btc,eth",110697919.549,0.0,0.0157628953496,187
0,[],22,[],2019-01-25 09:36:18,0.0,0,0,6496053,2019-01-25 09:36:18,,1.19413437,0.0,0,,14499.956201072173,0.0,0.0,191
0,[],22,[],2019-01-25 09:34:31,0.0,0,0,6495987,2019-01-25 09:34:31,,0.0,0.0,0,,0.0,0.0,0.0,197
0,[],23,[],2019-01-20 23:31:41,0.0,0,0,6477079,2019-01-20 23:31:41,,0.0,0.0,0,,0.0,0.0,0.0,199
1,[],26,[],2019-01-25 10:23:07,0.0,0.00000000,0,6496094,2019-01-25 10:23:07,btc,0.0,784202.0,0.00000000,btc,0.0,0.0,0.0,199
0,[],17,[],2019-01-25 09:35:41,0.0,0,0,6496023,2019-01-25 09:35:41,btc,6.802544163851783,0.0,0,btc,105897.55575295,0.0,0.0,200
0,[],2,[],2019-01-20 23:30:49,0.0,0,0,6477059,2019-01-20 23:30:49,,0.0,0.0,0,,0.0,0.0,0.0,201
1,[],4,[],2019-01-25 09:36:07,323516.32553201,0.00000937,0.000000000333509221,6496043,2019-01-25 09:36:07,btc,2.0345922469420232,0.0,0.00000937,btc,164727.20769621,0.33371037,1.4229570350415015,211
1,[],7,[],2019-01-25 09:34:40,18806625.57091,0.0000011599999999999999051561623553130431218960438854992389678955078125,0.000000000041288228,6495992,2019-01-25 09:34:40,btc,16317791.341827778,503148.008177,0.0000011599999999999999051561623553130431218960438854992389678955078125,btc,12715466.25724612,0.0,8.664543553477785,212
1,[],5,[],2019-01-25 09:35:25,4.96e-06,0.00000032,0.000000000011389856,6496012,2019-01-25 09:35:25,btc,0.87278411,0.04514921,0.00000032,btc,2.998e-05,0.0,0.12673631,213
1,[],24,[],2019-01-25 09:35:26,0.0,0.000000050000,0.000000000001779665,6496013,2019-01-25 09:35:26,btc,0.0,0.0,0.000000050000,btc,0.0,0.0,0.0,213
1,[],26,[],2019-01-25 09:35:26,0.0,0.00000003,0.000000000001067799,6496014,2019-01-25 09:35:26,btc,0.0,0.0,0.00000003,btc,0.0,0.0,0.0,213
1,[],12,[],2019-01-25 02:44:32,207462.42853209,0.000001080000000000000035831255497387193287295303889550268650054931640625,0.000000000038610756000000006,6493050,2019-01-25 02:44:32,btc,85023.03793723314,0.0,0.000001080000000000000035831255497387193287295303889550268650054931640625,btc,43675.73520027,0.000146250909087,0.0348620860622024,213
1,[],22,[],2019-01-25 10:22:39,303952.2,0.00000005,0.00000000000177338,6496082,2019-01-25 10:22:39,BTC,70.22068913,0.0,0.00000005,BTC,153751.86129395306,0.0002315,0.00594161,216
1,[],27,[],2019-01-25 10:22:41,5087945.0,0.00000015,0.000000000005320140000000001,6496083,2019-01-25 10:22:41,btc,619.88374651916,16754.0,0.00000015,"btc,ltc",268416.09411,0.01156026,0.0535075,216
1,[],22,[],2019-01-25 09:36:25,277134.32699213276,0.00000223,0.000000000079373059,6496055,2019-01-25 09:36:25,BTC,12677.87148123,0.0,0.00000223,BTC,359449.8445342391,0.026425,0.37734682,217
1,[],7,[],2019-01-25 10:23:52,0.0,0,0,6496120,2019-01-25 10:23:52,btc,302.5924457791106,0.0,0,btc,135097388.1214003,0.0,0.0,219
0,[],27,[],2019-01-25 10:23:53,0.0,0,0,6496121,2019-01-25 10:23:53,,0.0747309448198,0.0,0,btc,1605140.29226592,0.0,0.0,219
0.0000000000000057,[],28,[],2019-01-25 10:23:55,238816286.198,2.280057e-18,8.086814965320002e-23,6496122,2019-01-25 10:23:55,doge,82414.3393717675,15284.0,0.00040001,"btc,doge",4409472.34751,0.0,1.738649571899051e-11,219
1,[],22,[],2019-01-25 10:24:09,208997.0,0.00000075,0.0000000000266007,6496128,2019-01-25 10:24:09,BTC,2.08154707,0.0,0.00000075,BTC,17616.55212317522,0.0035358,0.02469333,221
1,[],24,[],2019-01-25 10:24:09,0.0,0.000000800000,0.00000000002837408,6496129,2019-01-25 10:24:09,btc,0.0,0.0,0.000000800000,btc,0.0,0.0,0.0,221
1,[],26,[],2019-01-25 09:35:41,0.0,0.00000020,0.00000000000711866,6496024,2019-01-25 09:35:41,btc,0.0,11179.0,0.00000020,btc,0.0,0.0,0.0,231
1,[],26,[],2019-01-25 09:35:21,0.0,0.00000004,0.000000000001423732,6496010,2019-01-25 09:35:21,btc,0.0,200.0,0.00000004,btc,0.0,0.0,0.0,234
0,[],27,[],2019-01-25 09:35:24,0.0,0,0,6496011,2019-01-25 09:35:24,,0.001146299618,0.0,0,"btc,eth",11462.99618,0.0,0.0,234
0,[],22,[],2019-01-25 10:23:36,0.0,0,0,6496109,2019-01-25 10:23:36,,3.07852116,0.0,0,,90316025.08996265,0.0,0.0,235
1,[],4,[],2019-01-25 09:36:11,662982.73885657,0.00000105,0.000000000037372965,6496046,2019-01-25 09:36:11,btc,0.156443876291986,0.0,0.00000105,btc,121098.75727668,0.06423007,0.1774789068019839,236
1,[],24,[],2019-01-25 09:36:11,0.0,0.000000010000,0.000000000000355933,6496047,2019-01-25 09:36:11,btc,0.0,0.0,0.000000010000,btc,0.0,0.0,0.0,236
1,[],20,[],2019-01-25 09:35:18,93229958.6862,0.000000067,0.0000000000023847511,6496008,2019-01-25 09:35:18,btc,14.2502309220709,31051566.4099,0.000000067,btc,26612640.0229,2.059850779081,0.7364925857978,237
0,[],22,[],2019-01-25 09:35:20,0.0,0,0,6496009,2019-01-25 09:35:20,,0.04083605,0.0,0,,4179.0,0.0,0.0,237
1,[],4,[],2019-01-25 10:24:38,5234319.80252751,0.00000030,0.000000000010640280000000002,6496148,2019-01-25 10:24:38,btc,0.5499319333662236,0.0,0.00000030,btc,1637468.93597115,0.1038039,1.4049471080441327,238
1,[],5,[],2019-01-25 10:24:39,3.64e-06,0.00000031,0.000000000010994956,6496149,2019-01-25 10:24:39,btc,0.63374959,0.08868744,0.00000031,btc,2.855e-05,0.0,0.1947559,238
1,[],22,[],2019-01-25 10:24:54,268620.75,0.00000005,0.00000000000177338,6496153,2019-01-25 10:24:54,BTC,15.41132459,0.0,0.00000005,BTC,240508.69643307183,0.0006674,0.00878698,249
0.0000000000911417,[],22,[],2019-01-25 10:24:23,2414166.0,4.557085e-18,1.6162886794600002e-22,6496138,2019-01-25 10:24:23,LTC,0.43490609,0.0,0.00000005,LTC,12631747.29,3.645668e-14,0.04430538,252
1,[],28,[],2019-01-25 10:25:20,3127291.767,0.00000008,0.000000000002837408,6496171,2019-01-25 10:25:20,btc,164692.82588823125,150828.0,0.00000008,btc,1111892.6695,0.0,0.04765087994,256
0,[],27,[],2019-01-25 10:22:25,0.0,0,0,6496075,2019-01-25 10:22:25,,4.96668,0.0,0,"btc,eth",90.59,0.0,0.0,257
1,[],22,[],2019-01-25 10:23:16,56979.666666666664,0.00000008,0.000000000002837408,6496099,2019-01-25 10:23:16,BTC,35605.68121164,0.0,0.00000008,BTC,713826.3310213444,0.00012707,0.0008581,258
1,[],22,[],2019-01-25 09:36:22,6536.741333333333,0.00000750,0.00000000026694975,6496054,2019-01-25 09:36:22,BTC,4.68636067,0.0,0.00000750,BTC,6042.2512380952385,0.00063047,0.03296042,262
1,[],5,[],2019-01-25 09:36:04,4.749e-05,0.00000276,0.000000000098237508,6496041,2019-01-25 09:36:04,btc,40.02742995,0.37101875,0.00000276,btc,11.13586783,0.0,0.19009975,264
1,[],20,[],2019-01-25 09:36:06,1782538.0329,0.00000237,0.000000000084356121,6496042,2019-01-25 09:36:06,btc,5.0409565178843,27814.3551,0.00000237,btc,79630.3389,0.1514329218878,0.0347456132716,264
1,[],22,[],2019-01-25 10:22:46,165523.0,0.00000003,0.0000000000010640280000000001,6496084,2019-01-25 10:22:46,BTC,6.39735995,0.0,0.00000003,BTC,200618.37749525445,0.00080935,0.00397003,271
0,[],22,[],2019-01-25 10:23:20,0.0,0,0,6496101,2019-01-25 10:23:20,,108.00699984,0.0,0,,10800699975.0,0.0,0.0,272
0.0000000000000057,[],28,[],2019-01-25 10:23:22,342858025610.12,5.7000000000000004e-21,2.0216532000000004e-25,6496102,2019-01-25 10:23:22,doge,4410001.925805787,9077703728.0,0.00000100,doge,133977909751.7134,0.0,5.629649375778835e-10,272
