pairValue,buyBook,exchangeId,sellBook,updated,buyTotal,satoshiPrice,usdPrice,exchangeLogId,created,bestPair,sellTotalBtc,volume,pairPrice,activePairs,sellTotal,volumeBtc,buyTotalBtc,coinId
1,[],3,[],2019-06-01 03:59:45,69.629967579422,0.0111000500000000001943334382303874008357524871826171875,0.00000095042624118,7721100,2019-06-01 03:59:45,btc,0.25687386462231493,43.1523657165,0.0111000500000000001943334382303874008357524871826171875,btc,13.220827161353,0.0,0.2773629383667999,1
1,[],4,[],2019-06-01 03:59:46,207691.06692861,0.01100436,0.0000009422329188960001,7721101,2019-06-01 03:59:46,btc,7.632459271587045,0.0,0.01100436,btc,300.62247927,1.38442009,0.6241789512625917,1
1,[],5,[],2019-06-01 03:59:48,0.0,0,0,7721102,2019-06-01 03:59:48,btc,0.0,0.00542019,0,btc,0.0,0.0,0.0,1
1,[],10,[],2019-06-01 03:59:51,312492.09951686,0.00681865,0.0000005838373601400001,7721103,2019-06-01 03:59:51,btc,6520.143360288887,1495.22438679,0.00681865,btc,1207.17263981,0.0,2.3893453495558257,1
1,[],12,[],2019-06-01 03:59:53,72.85998056,0.010899999999999999966693309261245303787291049957275390625,0.0000009332972400000001,7721104,2019-06-01 03:59:53,btc,0.1740097368513,0.0,0.010899999999999999966693309261245303787291049957275390625,btc,15.08022149,0.010469057873,0.2655606386274,1
1,[],20,[],2019-06-01 03:59:55,934.1424,0.00920886,0.000000788495745096,7721105,2019-06-01 03:59:55,btc,0.2238080820174,0.0,0.00920886,btc,17.3543,0.0,0.0996191740331,1
1,[],21,[],2019-06-01 03:59:56,1994.02459042,0.01090485000000000065378813474,0.0000009337125144600001,7721106,2019-06-01 03:59:56,btc,9.369502856597235,2060.73178273,0.010904850000000000653788134741262183524668216705322265625,"btc,eth",1211.86051947,20.29089354373181,18.03840151168054,1
1,[],22,[],2019-06-01 04:00:00,0.0025666666666666667,0.00900000,0.0000007706124000000001,7721107,2019-06-01 04:00:00,BTC,0.31629903,0.0,0.00900000,BTC,0.2505752479991019,0.0,2.31e-05,1
1,[],24,[],2019-06-01 04:00:00,0.0,0.000000000000,0,7721108,2019-06-01 04:00:00,btc,0.0,0.0,0.000000000000,btc,0.0,0.0,0.0,1
0.0,[],25,[],2019-06-01 04:00:02,0.0,0,0,7721109,2019-06-01 04:00:02,btc,10.914999999376231,2003.02055816,0.0,btc,978.11812337,22.155,0.0,1
1,[],26,[],2019-06-01 04:00:35,0.0,0,0,7721110,2019-06-01 04:00:35,,0.0,0.0,0,,0.0,0.0,0.0,1
0,[],28,[],2019-06-01 04:01:24,0.0,0,0,7721111,2019-06-01 04:01:24,,0.0,346794.3,0,,0.0,0.0,0.0,1
0,[],2,[],2019-01-20 23:28:45,0.0,0,0,6477011,2019-01-20 23:28:45,,0.0,0.0,0,,0.0,0.0,0.0,1
1,[],5,[],2019-06-01 04:01:26,0.0,0,0,7721112,2019-06-01 04:01:26,btc,0.0,0.00204234,0,btc,0.0,0.0,0.0,2
0,[],22,[],2019-06-01 04:01:28,0.0,0,0,7721113,2019-06-01 04:01:28,,0.0,0.0,0,,0.0,0.0,0.0,2
1,[],5,[],2019-06-01 04:01:30,0.0,0,0,7721114,2019-06-01 04:01:30,btc,0.0,0.27001628,0,btc,0.0,0.0,0.0,3
1,[],12,[],2019-06-01 04:01:31,1055379.4,0.00000011,0.000000000009418596000000002,7721115,2019-06-01 04:01:31,btc,169517.42087280442,0.0,0.00000011,btc,2574965.61528469,0.117025789007,0.071381372,3
0,[],28,[],2019-06-01 04:01:32,0.0,0,0,7721116,2019-06-01 04:01:32,,0.0,0.0,0,,0.0,0.0,0.0,3
0,[],2,[],2019-01-20 23:31:32,0.0,0,0,6477077,2019-01-20 23:31:32,,0.0,0.0,0,,0.0,0.0,0.0,4
1,[],4,[],2019-05-18 21:29:50,562734.9206932,0.00000010,0.000000000007298720000000001,7650946,2019-05-18 21:29:50,btc,41.9347137769675,0.0,0.00000010,btc,1123702.32192634,0.00052462,0.029254593370966,4
0,[],12,[],2019-06-01 02:33:31,0.0,0,0,7720840,2019-06-01 02:33:31,btc,625.901992874995,0.0,0,btc,1211362.4995005,0.0,0.0,5
0,[],2,[],2019-01-20 23:31:51,0.0,0,0,6477087,2019-01-20 23:31:51,,0.0,0.0,0,,0.0,0.0,0.0,6
1,[],11,[],2019-06-01 04:01:34,9060347.776736,0.00000002,0.0000000000017124720000000002,7721117,2019-06-01 04:01:34,btc,9582.916036042945,3292184.0,0.00000002,btc,68308596.46260394,0.0,0.13675210276736,6
1,[],3,[],2019-06-01 04:01:35,11365.69493795846,0.000088889999999999997661037642870951458462513983249664306640625,0.000000007611081804,7721118,2019-06-01 04:01:35,btc,0.04907116350256029,176.533509258,0.000088889999999999997661037642870951458462513983249664306640625,btc,173.178246764518,0.0,0.020981253971811612,7
1,[],4,[],2019-06-01 04:01:36,319723.85776667,0.00009160,0.000000007843121760000001,7721119,2019-06-01 04:01:36,btc,9.597522014264888,0.0,0.00009160,btc,56999.5129756,2.21069324,1.8322160804068164,7
1,[],5,[],2019-06-01 04:01:38,0.0,0,0,7721120,2019-06-01 04:01:38,btc,0.0,0.47763073,0,btc,0.0,0.0,0.0,7
1,[],20,[],2019-04-07 22:06:50,3201475.0482,0.000000001,0.000000000000051590000000000004,7213932,2019-04-07 22:06:50,btc,30.8005781811902,0.0,0.000000001,btc,23077405.3926,0.0,0.0032014750482,8
0,[],2,[],2019-01-20 23:22:42,0.0,0,0,6476876,2019-01-20 23:22:42,,0.0,0.0,0,,0.0,0.0,0.0,9
0,[],23,[],2019-01-20 23:22:48,0.0,0,0,6476878,2019-01-20 23:22:48,,0.0,0.0,0,,0.0,0.0,0.0,9
1,[],4,[],2019-06-01 04:01:40,22444370.19653285,0.00000048,0.000000000041099328000000005,7721121,2019-06-01 04:01:40,btc,3.8441046638053566,0.0,0.00000048,btc,3473378.28087713,0.464971,0.4419860615240835,9
0,[],28,[],2019-06-01 04:02:31,0.0,0,0,7721122,2019-06-01 04:02:31,,0.0,3637658.0,0,,0.0,0.0,0.0,9
1,[],1,[],2019-02-17 23:31:42,1822507.21,0.00000181000000000000003456111265232042484285557293333113193511962890625,0.000000000066086901,6701244,2019-02-17 23:31:42,btc,3.6990969245,17153386.5,0.00000181000000000000003456111265232042484285557293333113193511962890625,btc,1997391.71,31.11772986,3.2610482446,9
1,[],4,[],2019-02-17 11:22:43,4341674.27126056,0.00000002,0.0000000000007272960000000001,6696112,2019-02-17 11:22:43,btc,0.1997230937751353,0.0,0.00000002,btc,4109766.79808031,0.00215132,0.0479381022052112,10
0,[],2,[],2019-01-20 23:23:08,0.0,0,0,6476890,2019-01-20 23:23:08,,0.0,0.0,0,,0.0,0.0,0.0,12
1,[],4,[],2019-06-01 04:02:31,6909294.59575029,0.00000044,0.000000000037674384,7721123,2019-06-01 04:02:31,btc,4.690524057617089,0.0,0.00000044,btc,4917951.22617576,0.86976667,0.9514475822536471,12
1,[],5,[],2019-06-01 04:02:33,0.0,0,0,7721124,2019-06-01 04:02:33,btc,0.0,0.23797655,0,btc,0.0,0.0,0.0,12
0.0,[],25,[],2019-06-01 04:02:35,0.0,0,0,7721125,2019-06-01 04:02:35,,0.0,0.0,0.0,btc,0.0,0.0,0.0,12
1,[],10,[],2019-06-01 03:02:05,653116.76426093,0.00000545,0.000000000466096535,7720976,2019-06-01 03:02:05,btc,666803.1940035305,26896.3631303,0.00000545,btc,858963.49863423,0.0,0.2425788201781989,13
1,[],4,[],2019-06-01 04:02:35,332898.51896555,0.00000549,0.000000000470073564,7721126,2019-06-01 04:02:35,btc,1.686457651898528,0.0,0.00000549,btc,216927.76056815,0.37238055,0.4622988663945545,13
1,[],21,[],2019-06-01 04:02:39,1817989.26868972,0.000005599999999999999746589426225,0.00000000047949216,7721127,2019-06-01 04:02:39,btc,2.704156012169591,628531.28275338,0.0000055999999999999997465894262249630486394380568526685237884521484375,btc,423319.42211315,3.53420133,7.40978509612307,13
1,[],4,[],2019-06-01 04:02:40,1217728.8010655,0.00000076,0.00000000006507393600000001,7721128,2019-06-01 04:02:40,btc,4.316655984373061,0.0,0.00000076,btc,846592.4808504,0.01371984,0.3140561354255243,14
1,[],12,[],2019-06-01 04:02:41,135725.79498631,0.00000073,0.00000000006250522800000001,7721129,2019-06-01 04:02:41,btc,14.134150797843073,0.0,0.00000073,btc,21650.79261605,0.0,0.0152433299999757,14
1,[],26,[],2019-06-01 04:04:41,0.0,0.00000050,0.000000000042811800000000004,7721130,2019-06-01 04:04:41,btc,0.0,0.0,0.00000050,btc,0.0,0.0,0.0,14
0,[],17,[],2019-05-03 00:53:32,0.0,0,0,7558876,2019-05-03 00:53:32,btc,0.0,0.0,0,btc,0.0,0.0,0.0,14
0,[],4,[],2019-06-01 04:04:42,0.0,0,0,7721131,2019-06-01 04:04:42,,0.0,0.0,0,,0.0,0.0,0.0,15
,[],12,[],2018-12-01 15:15:48,204241.84496,0.00000489,0.000000000202473384,5260204,2018-12-01 15:15:48,btc,49.5475654835,0.0,,btc,35763.2193806,0.0163153972027625,0.0203389899998,15
0,[],2,[],2019-01-20 23:23:38,0.0,0,0,6476906,2019-01-20 23:23:38,,0.0,0.0,0,,0.0,0.0,0.0,18
1,[],4,[],2019-06-01 04:04:43,34290.19110981,0.00001101,0.0000000009427158360000001,7721132,2019-06-01 04:04:43,btc,0.9935427074275358,0.0,0.00001101,btc,12928.35293452,0.05000964,0.0794351019903987,18
1,[],10,[],2019-06-01 04:04:45,498068.83387393,0.00001244,0.000000001065157584,7721133,2019-06-01 04:04:45,btc,15.33865721590926,2465.88689026,0.00001244,btc,13130.48058351,0.0,0.1523482915784684,18
1,[],12,[],2019-06-01 04:04:46,3291.21916637,0.000012310000000000000724086589298789107260745367966592311859130859375,0.0000000010540265160000002,7721134,2019-06-01 04:04:46,btc,0.40076998515748014,0.0,0.000012310000000000000724086589298789107260745367966592311859130859375,btc,1455.9362923,1.64875e-06,0.0135030741776056,18
0,[],17,[],2019-05-03 00:53:39,0.0,0,0,7558882,2019-05-03 00:53:39,btc,0.0,0.0,0,btc,0.0,0.0,0.0,18
0,[],2,[],2019-01-20 23:24:19,0.0,0,0,6476924,2019-01-20 23:24:19,,0.0,0.0,0,,0.0,0.0,0.0,19
1,[],3,[],2019-06-01 04:06:47,149909.21728963905,0.000005100000000000000298610962345957631214332650415599346160888671875,0.0000000004366803600000001,7721135,2019-06-01 04:06:47,btc,0.24598953340670257,3787.61204435,0.000005100000000000000298610962345957631214332650415599346160888671875,btc,5247.115953265815,0.0,0.0536286160767902,19
1,[],4,[],2019-06-01 04:06:47,512933.65784108,0.00000818,0.000000000700401048,7721136,2019-06-01 04:06:47,btc,4.120309303677483,0.0,0.00000818,btc,172536.24786014,0.08380326,0.4040689815600908,19
1,[],5,[],2019-06-01 04:06:49,0.0,0,0,7721137,2019-06-01 04:06:49,btc,0.0,0.00098835,0,btc,0.0,0.0,0.0,19
1,[],12,[],2019-06-01 04:06:50,15065.58655193,0.000007109999999999999688846986922730053493069135583937168121337890625,0.000000000608783796,7721138,2019-06-01 04:06:50,btc,0.0584146118479763,0.0,0.000007109999999999999688846986922730053493069135583937168121337890625,btc,1678.60747297,0.000964805194,0.0269046999996227,19
0,[],27,[],2019-06-01 04:07:06,0.0,0,0,7721139,2019-06-01 04:07:06,,0.0,0.0,0,btc,0.0,0.0,0.0,19
1,[],4,[],2019-06-01 04:07:07,10062076.88478525,0.00000007,0.000000000005993652000000001,7721140,2019-06-01 04:07:07,btc,6.411239436602338,0.0,0.00000007,btc,2322306.93095912,0.0,0.1174938176872809,20
1,[],4,[],2019-06-01 04:07:08,8601456.648,0.00000001,0.0000000000008562360000000001,7721141,2019-06-01 04:07:08,btc,1789.442650913071,0.0,0.00000001,btc,71772444.02851576,0.15618032,0.08601456648,21
1,[],12,[],2019-06-01 04:07:09,2225192.0,0.00000001,0.0000000000008562360000000001,7721142,2019-06-01 04:07:09,btc,2566.6125287053546,0.0,0.00000001,btc,5033244.76723275,0.000104027481,0.02225192,21
0,[],17,[],2019-05-03 00:53:51,0.0,0,0,7558891,2019-05-03 00:53:51,btc,0.0,0.0,0,btc,0.0,0.0,0.0,21
1,[],12,[],2019-06-01 04:09:10,5192923873.0,0.0000000003,0.00000000000002568708,7721143,2019-06-01 04:09:10,btc,709129761.606009,0.0,0.0000000003,btc,3282499060.9906526,0.210342799754,1.1880776608,23
0.00000000031558900000000004,[],27,[],2019-06-01 04:09:16,65314509.5379447,9.46767e-18,8.106559890120002e-22,7721144,2019-06-01 04:09:16,eth,105173.3122904728,54446862.48209598,0.00000003,eth,20108492.028,5.154849251074301e-10,3.8691733571600864e-10,23
1,[],4,[],2019-06-01 04:09:17,1928468.54948625,0.00000027,0.000000000023118372,7721145,2019-06-01 04:09:17,btc,10.62584400964341,0.0,0.00000027,btc,1713889.23538978,0.0576759,0.078689974620825,24
1,[],22,[],2019-06-01 04:09:21,21.76,0.00000100,0.00000000008562360000000001,7721146,2019-06-01 04:09:21,BTC,7.415e-05,0.0,0.00000100,BTC,23.919354838709676,0.0,1.186e-05,24
0.0,[],25,[],2019-06-01 04:09:22,0.0,0,0,7721147,2019-06-01 04:09:22,,0.0,0.0,0.0,btc,0.0,0.0,0.0,24
0,[],2,[],2019-01-20 23:25:56,0.0,0,0,6476976,2019-01-20 23:25:56,,0.0,0.0,0,,0.0,0.0,0.0,26
1,[],4,[],2019-06-01 04:09:23,26944723.04383795,0.00000481,0.00000000041184951600000004,7721148,2019-06-01 04:09:23,btc,13.570045676053777,0.0,0.00000481,btc,244057.93173041,0.08973729,0.4886076491951536,26
1,[],10,[],2019-06-01 04:09:25,150655.24411091,0.00000422,0.00000000036133159200000007,7721149,2019-06-01 04:09:25,btc,25.58706710266221,5963.57982389,0.00000422,btc,23615.73261762,0.0,0.0358210810213725,26
1,[],5,[],2019-04-26 09:47:06,0.0,0,0,7465326,2019-04-26 09:47:06,btc,0.0,0.0,0,btc,0.0,0.0,0.0,27
1,[],3,[],2019-06-01 04:09:26,21807278.685043,0.00000001,0.0000000000008562360000000001,7721150,2019-06-01 04:09:26,btc,3.7661312427403306,10320858.6857,0.00000001,btc,26160215.96460736,0.0,0.21807278685043,27
1,[],11,[],2019-06-01 04:09:27,2110243.08157834,0.00000002,0.0000000000017124720000000002,7721151,2019-06-01 04:09:27,btc,67503.04527066177,19676.5543251,0.00000002,btc,6588861.32608848,0.0,0.0211134458157834,27
1,[],4,[],2019-06-01 04:09:28,1082540215.4480343,0.00000001,0.0000000000008562360000000001,7721152,2019-06-01 04:09:28,btc,4.873268400749909,0.0,0.00000001,"btc,ltc",296909779.85093135,0.03472157,7.4650700162563055,29
1,[],7,[],2019-06-01 04:09:30,85451021.33155985,0.00000001,0.0000000000008562360000000001,7721153,2019-06-01 04:09:30,btc,46548272.13040727,95984.0758483,0.00000001,btc,35158643.03997804,0.0,0.8545102133155985,29
0,[],17,[],2019-05-03 01:11:25,0.0,0,0,7559066,2019-05-03 01:11:25,btc,0.0,0.0,0,btc,0.0,0.0,0.0,30
1,[],4,[],2019-06-01 04:09:31,15256875.78730119,0.00000007,0.000000000005993652000000001,7721154,2019-06-01 04:09:31,btc,2.5981935624890142,0.0,0.00000007,btc,2097186.9109747,0.0,0.1695993014565784,30
1,[],4,[],2019-06-01 04:11:32,111618.74193163,0.00004400,0.000000003767438400000001,7721155,2019-06-01 04:11:32,btc,3.3419785425304998,0.0,0.00004400,btc,45361.77600652,0.51503365,0.7633695751561,31
1,[],21,[],2019-06-01 04:11:34,181954.90189211,0.00004539999999999999900435546096,0.0000000038873114400000005,7721156,2019-06-01 04:11:34,btc,6.891416096527866,159391.87733145,0.0000453999999999999990043554609631115681622759439051151275634765625,btc,137924.68706653,6.99414792,6.879492166708884,31
0,[],2,[],2019-01-20 23:28:43,0.0,0,0,6477009,2019-01-20 23:28:43,,0.0,0.0,0,,0.0,0.0,0.0,32
1,[],12,[],2019-03-30 07:55:10,40641173.964,0.00000003,0.000000000001228359,7108785,2019-03-30 07:55:10,btc,4233210.82356125,0.0,0.00000003,btc,28378394.68333462,0.0126927883965248,0.90752895892,33
0,[],4,[],2019-06-01 04:11:34,0.0,0,0,7721157,2019-06-01 04:11:34,,0.0,0.0,0,,0.0,0.0,0.0,33
0.0000000001343516,[],4,[],2019-06-01 04:11:36,509790226.4487445,3.35879e-17,2.8759169144400003e-21,7721158,2019-06-01 04:11:36,ltc,3.6059298382105296,0.0,0.00000025,ltc,154155480.91045117,0.00124777,2.0915160589921355e-09,34
1,[],5,[],2019-06-01 04:11:38,0.0,0,0,7721159,2019-06-01 04:11:38,btc,0.0,2e-05,0,btc,0.0,0.0,0.0,34
0.0000000002926451,[],17,[],2019-05-02 18:17:47,200000.0,2.9264510000000002e-18,1.596703856561e-22,7556430,2019-05-02 18:17:47,eth,0.20942468735267253,0.0,0.00000001,"btc,eth",1018272.20243647,0.0,5.852902e-13,36
0.0000000001311821,[],4,[],2019-05-31 13:28:19,2417517744.0607657,1.311821e-18,1.105058333085e-22,7717483,2019-05-31 13:28:19,ltc,5.019900492391546e-08,0.0,0.00000001,ltc,7102398142.262129,0.0,3.171350544531538e-09,36
1,[],5,[],2019-05-31 13:28:21,0.0,0,0,7717484,2019-05-31 13:28:21,btc,0.0,0.0,0,btc,0.0,0.0,0.0,36
0.0000000003108179,[],27,[],2019-05-31 13:30:34,10388811.226876,6.216358000000001e-18,5.236566733830001e-22,7717485,2019-05-31 13:30:34,eth,1569.8708019850988,761866.634299,0.00000002,"ltc,eth",5084024.2511555,4.736034912207001e-12,3.3251980286483705e-11,36
1,[],17,[],2019-05-03 01:11:36,211752.74075282,0.00000025,0.000000000013700074999999998,7559074,2019-05-03 01:11:36,btc,0.055484923955058496,0.0,0.00000025,"btc,eth",1387.19918473,0.0,0.0005381851887916605,37
1,[],4,[],2019-06-01 04:11:39,9887050.9222678,0.00000015,0.000000000012843540000000001,7721160,2019-06-01 04:11:39,btc,19772.52054387075,0.0,0.00000015,btc,730230.57933135,0.00108946,0.12321525301137,37
1,[],12,[],2019-06-01 04:11:41,3611595.84028571,0.00000018,0.000000000015412248,7721161,2019-06-01 04:11:41,btc,12.423280340547459,0.0,0.00000018,btc,1003007.98981849,0.019000479254,0.1644056612514278,37
1,[],27,[],2019-06-01 04:13:44,6137.0,0.00000016,0.000000000013699776000000002,7721162,2019-06-01 04:13:44,btc,24.12337022903233,50.0,0.00000016,btc,5792.49438508,8e-06,0.00075592,37
1,[],5,[],2019-06-01 04:13:46,0.0,0,0,7721163,2019-06-01 04:13:46,btc,0.0,0.00053621,0,btc,0.0,0.0,0.0,42
1,[],12,[],2019-06-01 04:13:47,124383.05962935,0.0000009,0.00000000007706124000000001,7721164,2019-06-01 04:13:47,btc,24.79037052079249,0.0,0.0000009,btc,72391.88087489,0.002986581288,0.0408649099999547,42
1,[],27,[],2019-06-01 04:13:53,506.0,0.00000002,0.0000000000017124720000000002,7721165,2019-06-01 04:13:53,btc,0.07600425,0.0,0.00000002,"btc,eth",18.0,0.0,6.000000331557803e-06,42
1,[],12,[],2019-03-13 09:13:29,1112112.0,0.00000001,0.000000000000386531,6919902,2019-03-13 09:13:29,btc,29058.00478931866,0.0,0.00000001,btc,5967681.93306694,9.99000999e-07,0.01112112,43
1,[],5,[],2019-04-26 22:38:52,0.0,0,0,7474154,2019-04-26 22:38:52,btc,0.0,0.02638891,0,btc,0.0,0.0,0.0,43
0,[],17,[],2019-04-26 22:38:53,0.0,0,0,7474155,2019-04-26 22:38:53,btc,0.0,0.0,0,btc,0.0,0.0,0.0,43
1,[],12,[],2019-03-05 01:54:08,639326.02,0.00000004,0.000000000001486676,6845775,2019-03-05 01:54:08,btc,11116042.728239931,0.0,0.00000004,btc,1103841.4595604,0.0003330765234764,0.014975410599999999,44
1,[],4,[],2019-06-01 04:13:54,111373128.56287183,0.00000001,0.0000000000008562360000000001,7721166,2019-06-01 04:13:54,btc,303169.6057594505,0.0,0.00000001,"btc,ltc",28272947.90928054,0.00106178,0.03577938117040487,49
0.0000000001343516,[],4,[],2019-06-01 04:13:54,130920994.80448578,3.4931416e-17,2.9909535910176004e-21,7721167,2019-06-01 04:13:54,ltc,22049.95923305023,0.0,0.00000026,ltc,159330127.355901,0.0,1.3228981740282128e-09,52
0,[],22,[],2019-06-01 04:13:57,0.0,0,0,7721168,2019-06-01 04:13:57,,10289.55991011,0.0,0,,308568058.4566013,0.0,0.0,57
1,[],27,[],2019-06-01 04:14:03,2297.0,0.0000003,0.000000000025687080000000002,7721169,2019-06-01 04:14:03,btc,0.0,0.0,0.0000003,"btc,eth",0.0,0.0,0.0003891,57
1,[],17,[],2019-05-03 01:12:09,1200000.0,0.0000000001,0.00000000000000548003,7559085,2019-05-03 01:12:09,btc,1e+24,0.0,0.0000000001,"btc,eth",39516342.31952568,0.0,0.00010000000058666061,58
0.0000000001343516,[],4,[],2019-06-01 04:14:04,3423118777.8051414,1.3435160000000001e-18,1.1503667657760002e-22,7721170,2019-06-01 04:14:04,ltc,19.341014017420903,0.0,0.00000001,ltc,5852232846.057803,0.0,4.599014847881653e-09,58
1,[],12,[],2019-06-01 04:14:05,647145498.0,0.0000000001,0.000000000000008562360000000001,7721171,2019-06-01 04:14:05,btc,2233541.1370253237,0.0,0.0000000001,btc,3366647262.2387176,0.003275447994,0.0647145498,58
0.0000000001096888,[],22,[],2019-06-01 04:16:08,126877.0,1.096888e-18,9.391949935680001e-23,7721172,2019-06-01 04:16:08,XMR,68.17454206,0.0,0.00000001,XMR,9626402.6,0.0,0.00126877,58
1,[],5,[],2019-06-01 04:16:10,0.0,0,0,7721173,2019-06-01 04:16:10,btc,0.0,0.01150379,0,btc,0.0,0.0,0.0,61
1,[],22,[],2019-06-01 04:16:13,13613.833333333334,0.00000012,0.000000000010274832000000001,7721174,2019-06-01 04:16:13,BTC,1002.29123003,0.0,0.00000012,BTC,15014.200177125656,0.0,0.00153269,61
1,[],26,[],2019-06-01 04:16:13,0.0,0.00000050,0.000000000042811800000000004,7721175,2019-06-01 04:16:13,btc,0.0,0.0,0.00000050,btc,0.0,0.0,0.0,61
1,[],27,[],2019-06-01 04:16:21,8450.0,0.0000002,0.000000000017124720000000002,7721176,2019-06-01 04:16:21,btc,1.9582485601246655,0.0,0.0000002,"btc,eth",11379.41563696,0.0,0.001522,61
0,[],28,[],2019-06-01 04:17:29,0.0,0,0,7721177,2019-06-01 04:17:29,,0.0,718.0,0,,0.0,0.0,0.0,61
1,[],4,[],2019-06-01 04:17:29,839670.77332949,0.00000074,0.000000000063361464,7721178,2019-06-01 04:17:29,btc,2.9506602724869926,0.0,0.00000074,btc,919827.44343803,0.08837449,0.4264066785261508,67
0.0,[],25,[],2019-06-01 04:17:31,0.0,0,0,7721179,2019-06-01 04:17:31,,0.0,0.0,0.0,btc,0.0,0.0,0.0,67
1,[],12,[],2019-06-01 04:17:32,786616.0,0.00000006,0.000000000005137416,7721180,2019-06-01 04:17:32,btc,5.169976105524473,0.0,0.00000006,btc,775726.19280716,0.001283255804,0.01664106,71
,[],5,[],2018-11-20 23:02:39,1.5e-07,0.00000005,0.000000000002128045,4862160,2018-11-20 23:02:39,btc,2.84511358,0.0,,btc,0.00036572,0.0,0.07381892,74
1,[],5,[],2019-06-01 04:17:34,0.0,0,0,7721181,2019-06-01 04:17:34,btc,0.0,0.15402806,0,btc,0.0,0.0,0.0,75
0,[],4,[],2019-05-25 21:33:44,0.0,0,0,7686249,2019-05-25 21:33:44,,133656.37989170782,0.0,0,,33439209.5909442,0.0,0.0,81
0,[],20,[],2019-01-25 09:30:31,0.0,0,0,6495923,2019-01-25 09:30:31,btc,0.0,0.0,0,btc,0.0,0.0,0.0,81
1,[],4,[],2019-06-01 04:17:35,166612.74776278,0.00011001,0.000000009419452236,7721182,2019-06-01 04:17:35,btc,55.53918950528314,0.0,0.00011001,btc,120258.10911781,0.17981094,0.7362047383828387,82
1,[],21,[],2019-06-01 04:17:36,65374.2085921,0.0001144399999999999952872420383,0.000000009798764784000001,7721183,2019-06-01 04:17:36,btc,17.181448734162363,57338.30410866,0.0001144399999999999952872420383442886304692365229129791259765625,btc,102023.49835427,6.38333706,5.3787056936224475,82
0,[],17,[],2019-03-25 22:42:34,0.0,0,0,7038780,2019-03-25 22:42:34,btc,0.0445064681804024,0.0,0,btc,995513.18476001,0.0,0.0,84
0.0000000001161485,[],4,[],2019-05-20 13:09:39,216715621.0206096,1.161485e-18,9.0533806701e-23,7657228,2019-05-20 13:09:39,ltc,1.6511566870244727,0.0,0.00000001,ltc,471032407.9048656,0.0,2.5171194308112273e-10,85
,[],22,[],2018-11-20 23:09:34,3408.1,0.0000001,0.0000000000041895,4862324,2018-11-20 23:09:34,BTC,0.04624735,0.0,,BTC,4990.0,0.0,0.00033081,86
1,[],22,[],2019-06-01 04:17:39,62656.0,0.00000001,0.0000000000008562360000000001,7721184,2019-06-01 04:17:39,BTC,1.45392802,0.0,0.00000001,BTC,376558.04736842104,0.0,0.00062656,87
1,[],27,[],2019-06-01 04:17:43,97382.0,0.00000007,0.000000000005993652000000001,7721185,2019-06-01 04:17:43,btc,5.052574818036,390442.0,0.00000007,btc,45323.67341,0.0390442,0.00122414,87
,[],2,[],2018-11-20 23:10:47,0.0,0,0,4862359,2018-11-20 23:10:47,,0.0,0.0,,,0.0,0.0,0.0,88
1,[],11,[],2019-06-01 04:17:46,125747.33904141,0.000080000000000000006544244313122504763668985106050968170166015625,0.000000006849888000000001,7721186,2019-06-01 04:17:46,btc,167.35652497979893,980.42360458,0.000080000000000000006544244313122504763668985106050968170166015625,btc,200733.56421810001,0.0,2.0554690310338413,89
0,[],2,[],2019-01-20 23:31:45,0.0,0,0,6477083,2019-01-20 23:31:45,,0.0,0.0,0,,0.0,0.0,0.0,91
0,[],17,[],2019-05-03 01:12:26,0.0,0,0,7559096,2019-05-03 01:12:26,btc,0.0,0.0,0,btc,0.0,0.0,0.0,91
1,[],12,[],2019-06-01 04:17:46,265969.60199675,0.00000032,0.000000000027399552000000003,7721187,2019-06-01 04:17:46,btc,87.69354695069471,0.0,0.00000032,btc,147085.49496614,2.447552e-06,0.0122617583999929,91
1,[],22,[],2019-06-01 04:19:50,75910.55,0.0000002,0.000000000017124720000000002,7721188,2019-06-01 04:19:50,BTC,0.497,0.0,0.0000002,"BTC,LTC",6.95,0.0,0.00165931,91
1,[],22,[],2019-04-09 20:17:52,374949.73333333334,0.00000015,0.000000000007771935,7235704,2019-04-09 20:17:52,BTC,6.87372503,0.0,0.00000015,"BTC,LTC",159980.01196797504,1.1e-05,0.80510266,95
0,[],17,[],2019-05-03 01:12:32,0.0,0,0,7559100,2019-05-03 01:12:32,btc,0.0,0.0,0,btc,0.0,0.0,0.0,96
0.0000000001343516,[],4,[],2019-06-01 04:19:51,543290765.8351129,2.8213836e-17,2.4157702081296e-21,7721189,2019-06-01 04:19:51,ltc,11.29882967036799,0.0,0.00000021,ltc,153722510.5490942,0.00247066,8.93856269514792e-10,96
0,[],12,[],2019-06-01 04:19:52,0.0,0,0,7721190,2019-06-01 04:19:52,btc,17.17668343048951,0.0,0,btc,9673399.04895105,0.0,0.0,96
1,[],4,[],2019-04-14 03:32:46,1039404.33283278,0.00000038,0.000000000019245518,7293458,2019-04-14 03:32:46,btc,4.170086055365747,0.0,0.00000038,btc,3097704.34561074,0.06260606,0.1859928211030784,99
0,[],2,[],2019-01-20 23:23:55,0.0,0,0,6476914,2019-01-20 23:23:55,,0.0,0.0,0,,0.0,0.0,0.0,100
1,[],4,[],2019-06-01 04:21:52,244218.8919216,0.00001703,0.000000001458169908,7721191,2019-06-01 04:21:52,btc,7.571545663030506,0.0,0.00001703,btc,162526.34590667,0.075433,0.3714739808534728,100
1,[],22,[],2019-06-01 04:21:58,150000.0,0.00000002,0.0000000000017124720000000002,7721192,2019-06-01 04:21:58,BTC,24.83526409,0.0,0.00000002,BTC,11187.719,0.0,0.0017,101
1,[],4,[],2019-06-01 04:21:58,545610.09904418,0.00000172,0.00000000014727259200000002,7721193,2019-06-01 04:21:58,btc,366.26112507189316,0.0,0.00000172,btc,659973.07586481,0.07724754,0.1890417507228285,103
1,[],12,[],2019-06-01 04:22:01,173563444.0,0.000000004,0.00000000000034249440000000005,7721194,2019-06-01 04:22:01,btc,2404.377389729285,0.0,0.000000004,btc,69912050.05094191,0.012363773992,0.228264447,105
0,[],27,[],2019-06-01 04:22:12,0.0,0,0,7721195,2019-06-01 04:22:12,,0.34418209,295623.0,0,btc,2515427.0,0.00295623,0.0,105
1,[],22,[],2019-04-21 00:17:26,21333.0,0.00000001,0.000000000000532493,7385819,2019-04-21 00:17:26,BTC,51.38182867,0.0,0.00000001,BTC,470435.0,0.0,0.00021333,107
1,[],26,[],2019-04-21 00:17:26,0.0,0.00000000,0,7385820,2019-04-21 00:17:26,btc,0.0,0.0,0.00000000,btc,0.0,0.0,0.0,107
1,[],5,[],2019-06-01 04:22:13,0.0,0,0,7721196,2019-06-01 04:22:13,btc,0.0,0.0,0,btc,0.0,0.0,0.0,112
0,[],22,[],2019-06-01 04:22:16,0.0,0,0,7721197,2019-06-01 04:22:16,,6.79500102,0.0,0,,3375892.0833333335,0.0,0.0,112
1,[],27,[],2019-06-01 04:22:28,1.0,0.00000001,0.0000000000008562360000000001,7721198,2019-06-01 04:22:28,btc,1.15032588,0.0,0.00000001,"btc,eth",1818.0,0.0,1e-08,112
1,[],4,[],2019-06-01 04:22:28,271561.43864204,0.00000090,0.00000000007706124000000001,7721199,2019-06-01 04:22:28,btc,5.567981247443371,0.0,0.00000090,btc,617572.41847821,0.03445967,0.1682208173082572,113
1,[],5,[],2019-06-01 04:22:30,0.0,0,0,7721200,2019-06-01 04:22:30,btc,0.0,0.0,0,btc,0.0,0.0,0.0,113
1,[],17,[],2019-04-26 02:17:47,162738.278,0.00000004,0.0000000000021069000000000002,7461287,2019-04-26 02:17:47,btc,1.3331140273775473,0.0,0.00000004,btc,51796.221,0.0,0.00230953112,116
1,[],27,[],2019-05-22 05:13:01,210000.0,0.00000001,0.00000000000079145,7666372,2019-05-22 05:13:01,btc,3919.0005001478,0.0,0.00000001,btc,128660.871,0.0,0.0021,116
1,[],4,[],2019-05-21 22:31:11,138169.03963019,0.00000701,0.000000000558364025,7664793,2019-05-21 22:31:11,btc,150.95388250938234,0.0,0.00000701,btc,344631.17141974,0.07552974,0.4288357684941946,120
1,[],7,[],2019-05-21 22:31:12,3901.07750076,0.000010679999999999999389654892212320191902108490467071533203125,0.0000000008506887,7664794,2019-05-21 22:31:12,btc,231188.94669936574,0.0,0.000010679999999999999389654892212320191902108490467071533203125,btc,4133.83151364,0.0,0.0113888422364489,120
1,[],20,[],2019-04-07 18:42:29,1914137.0852,0.000000035,0.0000000000017871910000000002,7211992,2019-04-07 18:42:29,btc,32.2497668025648,25528.85,0.000000035,btc,1001975.4986,0.00089350975,0.0152723574729,125
1,[],22,[],2019-06-01 04:22:33,10000.0,0.00000001,0.0000000000008562360000000001,7721201,2019-06-01 04:22:33,BTC,0.032061,0.0,0.00000001,BTC,299316.7611111111,0.0,0.0001,126
0,[],2,[],2019-01-20 23:25:46,0.0,0,0,6476969,2019-01-20 23:25:46,,0.0,0.0,0,,0.0,0.0,0.0,131
1,[],17,[],2019-05-03 01:13:10,10000.0,0.00000001,0.000000000000548003,7559115,2019-05-03 01:13:10,btc,0.0953976503951408,0.0,0.00000001,btc,5037.62507334,0.0,0.0001,131
1,[],4,[],2019-06-01 04:22:35,432499.1955694,0.00000974,0.0000000008339738640000001,7721202,2019-06-01 04:22:35,btc,5.265573005755233,0.0,0.00000974,btc,160750.23069318,0.88883495,1.5907202556795244,131
1,[],4,[],2019-06-01 04:24:35,4872.57761129,0.00007920,0.000000006781389120000001,7721203,2019-06-01 04:24:35,btc,5.031025379779736,0.0,0.00007920,btc,202.13055914,0.0,0.006721941009555,135
1,[],3,[],2019-06-01 04:24:36,565457.22392675,0.00000001,0.0000000000008562360000000001,7721204,2019-06-01 04:24:36,btc,0.22220144339720768,1636349.79937,0.00000001,btc,1905502.43168451,0.0,0.0056545722392675,136
1,[],4,[],2019-06-01 04:24:37,2108260.2534756,0.00000185,0.00000000015840366,7721205,2019-06-01 04:24:37,btc,109.10998182068455,0.0,0.00000185,btc,529705.40212836,0.03186002,0.5031692221237507,137
1,[],12,[],2019-06-01 04:24:39,88477.78722254,0.000001740000000000000069492480346544649449924690998159348964691162109375,0.00000000014898506400000001,7721206,2019-06-01 04:24:39,btc,57.84170208128792,0.0,0.000001740000000000000069492480346544649449924690998159348964691162109375,btc,50821.8164856,0.0004236,0.0178749399999131,137
1,[],17,[],2019-05-03 01:13:16,32967.38636364,0.00000088,0.000000000048224264,7559122,2019-05-03 01:13:16,btc,20.06976206696776,0.0,0.00000088,btc,2746.079105,0.0,0.0105613000000032,142
1,[],4,[],2019-06-01 04:24:40,101798.64151427,0.00001804,0.000000001544649744,7721207,2019-06-01 04:24:40,btc,8.57634190624254,0.0,0.00001804,btc,117843.0503406,0.29330327,0.9206152500427492,142
1,[],5,[],2019-06-01 04:24:41,0.0,0,0,7721208,2019-06-01 04:24:41,btc,0.0,0.03663561,0,btc,0.0,0.0,0.0,142
1,[],20,[],2019-06-01 04:26:43,209049.2739,0.000015001,0.0000000012844396236000002,7721209,2019-06-01 04:26:43,btc,1.6084709689553,0.0,0.000015001,btc,9872.8163,0.0,0.0187495597219,142
1,[],22,[],2019-06-01 04:26:47,11028.645,0.00001000,0.0000000008562360000000001,7721210,2019-06-01 04:26:47,BTC,3.2754788,0.0,0.00001000,BTC,1133.9993657797618,0.0,0.00745365,142
0.0,[],25,[],2019-06-01 04:26:48,0.0,0,0,7721211,2019-06-01 04:26:48,,0.0,0.0,0.0,btc,0.0,0.0,0.0,142
0,[],28,[],2019-06-01 04:27:41,0.0,0,0,7721212,2019-06-01 04:27:41,,0.0,0.0,0,,0.0,0.0,0.0,142
0,[],22,[],2019-06-01 04:27:44,0.0,0,0,7721213,2019-06-01 04:27:44,,64.98618676,0.0,0,,787024755.3,0.0,0.0,143
0,[],22,[],2019-02-25 15:42:22,0.0,0,0,6783783,2019-02-25 15:42:22,,4.2131946,0.0,0,,2322156.0,0.0,0.0,146
,[],22,[],2018-11-20 23:01:11,0.0,0,0,4862114,2018-11-20 23:01:11,,2.56807021,0.0,,,61828.4988236,0.0,0.0,147
1,[],12,[],2019-04-21 06:38:04,193091.5971266,0.00000071,0.000000000037635183,7388679,2019-04-21 06:38:04,btc,2.301232411611175,0.0,0.00000071,btc,9957.48302385,0.00023528,0.0313308199999888,148
1,[],4,[],2019-03-19 21:31:25,255810.0415942,0.00000029,0.000000000011615747,6982695,2019-03-19 21:31:25,btc,218.94922712414143,0.0,0.00000029,btc,793529.37642722,0.00117,0.0608347789473395,152
0,[],22,[],2019-03-19 21:31:27,0.0,0,0,6982696,2019-03-19 21:31:27,,0.0,0.0,0,,0.0,0.0,0.0,152
1,[],5,[],2019-04-26 09:36:59,0.0,0,0,7465040,2019-04-26 09:36:59,btc,0.0,0.0,0,btc,0.0,0.0,0.0,153
,[],16,[],2019-01-11 15:38:59,0.0,0,0,6366141,2019-01-11 15:38:59,btc,0.0,0.0,,btc,0.0,0.0,0.0,155
0,[],23,[],2019-01-20 23:24:29,0.0,0,0,6476932,2019-01-20 23:24:29,,0.0,0.0,0,,0.0,0.0,0.0,156
0,[],22,[],2019-06-01 04:27:47,0.0,0,0,7721214,2019-06-01 04:27:47,,7.44455324,0.0,0,,5955762.942592593,0.0,0.0,156
1,[],22,[],2019-06-01 04:27:50,6996.0,0.00000001,0.0000000000008562360000000001,7721215,2019-06-01 04:27:50,BTC,1.7543039,0.0,0.00000001,BTC,57.0,0.0,6.996e-05,157
0,[],22,[],2019-05-21 23:40:32,0.0,0,0,7665049,2019-05-21 23:40:32,,50234.60468402,0.0,0,,54786159.03179465,0.0,0.0,158
,[],17,[],2018-11-20 22:56:10,0.0,0,0,4861976,2018-11-20 22:56:10,btc,1.1265625,0.0,,btc,1000.0,0.0,0.0,159
,[],20,[],2018-11-20 22:56:12,0.0,0,0,4861977,2018-11-20 22:56:12,btc,11912.7940471,0.0,,btc,34413894.3617,0.0,0.0,159
1,[],12,[],2019-05-24 02:51:20,9178.522006449999,0.00000191999999999999982841307998027158276954651228152215480804443359375,0.000000000151222656,7676256,2019-05-24 02:51:20,btc,149.80414728631675,0.0,0.00000191999999999999982841307998027158276954651228152215480804443359375,btc,1115.7451448499999,0.01783167678326,0.0120075778999181,168
1,[],17,[],2019-05-03 01:13:36,42852.0,0.00000002,0.000000000001096006,7559132,2019-05-03 01:13:36,btc,0.04279856251542,0.0,0.00000002,btc,274.46171372,0.0,0.00052852,168
1,[],22,[],2019-05-17 03:01:52,10.0,0.00000001,0.000000000000778341,7642059,2019-05-17 03:01:52,BTC,41.95893009,0.0,0.00000001,BTC,1753972.7737547632,0.0,1e-07,169
1,[],22,[],2019-05-30 08:38:18,202834.0,0.00000002,0.0000000000017416160000000001,7711049,2019-05-30 08:38:18,BTC,27.87002826,0.0,0.00000002,BTC,462189.5410507793,0.0,0.00211768,171
1,[],22,[],2019-05-29 08:05:18,349870.0,0.00000002,0.000000000001705894,7705265,2019-05-29 08:05:18,BTC,24.05907723,0.0,0.00000002,"BTC,LTC",1224285.4355616204,0.0,0.0039847,173
1,[],5,[],2019-06-01 04:27:52,0.0,0,0,7721216,2019-06-01 04:27:52,btc,0.0,0.04458673,0,btc,0.0,0.0,0.0,175
1,[],22,[],2019-06-01 04:27:55,90671.0,0.00000001,0.0000000000008562360000000001,7721217,2019-06-01 04:27:55,BTC,394.35459412,0.0,0.00000001,BTC,136275.61833431243,0.0,0.00090671,176
1,[],7,[],2019-06-01 04:27:56,0.0,0,0,7721218,2019-06-01 04:27:56,btc,522274.28208915493,0.0,0,btc,21993385.47972966,0.0,0.0,178
0,[],22,[],2019-06-01 04:27:59,0.0,0,0,7721219,2019-06-01 04:27:59,,1.00242428,0.0,0,,57512.0,0.0,0.0,178
0,[],2,[],2019-01-20 23:28:34,0.0,0,0,6477001,2019-01-20 23:28:34,,0.0,0.0,0,,0.0,0.0,0.0,178
1,[],5,[],2019-06-01 04:28:00,0.0,0,0,7721220,2019-06-01 04:28:00,btc,0.0,0.0,0,btc,0.0,0.0,0.0,179
0,[],22,[],2019-06-01 04:28:02,0.0,0,0,7721221,2019-06-01 04:28:02,,5.31746724,0.0,0,,13645739.811946675,0.0,0.0,179
0,[],23,[],2019-01-20 23:25:08,0.0,0,0,6476952,2019-01-20 23:25:08,,0.0,0.0,0,,0.0,0.0,0.0,179
1,[],22,[],2019-06-01 04:30:08,683244.1315646544,0.00000108,0.000000000092473488,7721222,2019-06-01 04:30:08,BTC,39.18230804,0.0,0.00000108,"BTC,LTC",139450.22486667262,0.00241466,0.58283106,180
1,[],26,[],2019-06-01 04:30:08,0.0,0.00000010,0.000000000008562360000000001,7721223,2019-06-01 04:30:08,btc,0.0,0.0,0.00000010,btc,0.0,0.0,0.0,180
1,[],17,[],2019-05-03 01:13:56,20504.725000000002,0.0000001,0.00000000000548003,7559141,2019-05-03 01:13:56,btc,5.2010695838400265,0.0,0.0000001,btc,5033.45945,0.0,0.0011504725,180
,[],7,[],2018-11-20 22:58:01,562227.975654,0.00000085,0.000000000036176765,4862015,2018-11-20 22:58:01,btc,21836.6059674,2491.87645172,,btc,749999.041456,0.00211021,0.127565380455,183
,[],5,[],2019-01-10 08:11:41,0.0,0,0,6347036,2019-01-10 08:11:41,btc,82.15055501,0.00261,,btc,1.19002445,0.0,0.0,187
,[],17,[],2018-11-16 20:58:10,4062536.27273,0.00000001,0.000000000000550501,4708775,2018-11-16 20:58:10,btc,3.36492563466,0.195460381006,,"btc,eth",110697919.549,0.0,0.0157628953496,187
1,[],24,[],2019-05-22 21:04:52,0.0,0.000000000014,0.0000000000000010960978,7670219,2019-05-22 21:04:52,btc,0.0,0.0,0.000000000014,btc,0.0,0.0,0.0,187
0,[],22,[],2019-04-25 02:54:07,0.0,0,0,7447896,2019-04-25 02:54:07,,7.54794454,0.0,0,,76361.7243344055,0.0,0.0,191
0,[],22,[],2019-06-01 04:30:12,0.0,0,0,7721224,2019-06-01 04:30:12,,0.0,0.0,0,,0.0,0.0,0.0,197
0,[],22,[],2019-06-01 04:30:15,0.0,0,0,7721225,2019-06-01 04:30:15,,10.93271999,0.0,0,,99750037.0,0.0,0.0,199
1,[],26,[],2019-06-01 04:30:15,0.0,0.00000000,0,7721226,2019-06-01 04:30:15,btc,0.0,0.0,0.00000000,btc,0.0,0.0,0.0,199
0,[],23,[],2019-01-20 23:31:41,0.0,0,0,6477079,2019-01-20 23:31:41,,0.0,0.0,0,,0.0,0.0,0.0,199
0,[],2,[],2019-01-20 23:30:49,0.0,0,0,6477059,2019-01-20 23:30:49,,0.0,0.0,0,,0.0,0.0,0.0,201
1,[],4,[],2019-01-25 15:51:35,2084389.58565343,0.00000936,0.000000000333526752,6499557,2019-01-25 15:51:35,btc,2.0092503037378524,0.0,0.00000936,btc,160195.80207885,0.19272417,1.242687955921835,211
1,[],7,[],2019-06-01 04:30:18,1183563451.7677033,0.00000058,0.000000000049661688,7721227,2019-06-01 04:30:18,btc,15201836.720104588,583863.900077,0.00000058,btc,7138988.19707538,0.0,12.808926792625844,212
1,[],12,[],2019-01-25 02:44:32,207462.42853209,0.000001080000000000000035831255497387193287295303889550268650054931640625,0.000000000038610756000000006,6493050,2019-01-25 02:44:32,btc,85023.03793723314,0.0,0.000001080000000000000035831255497387193287295303889550268650054931640625,btc,43675.73520027,0.000146250909087,0.0348620860622024,213
1,[],5,[],2019-05-30 00:07:46,0.0,0,0,7709357,2019-05-30 00:07:46,btc,0.0,0.06425239,0,btc,0.0,0.0,0.0,213
1,[],24,[],2019-05-30 00:07:46,0.0,0.000000399202,0.0000000000344859829346,7709358,2019-05-30 00:07:46,btc,0.0,0.0,0.000000399202,btc,0.0,0.0,0.0,213
1,[],26,[],2019-05-30 00:07:47,0.0,0.00000040,0.000000000034554919999999996,7709359,2019-05-30 00:07:47,btc,0.0,0.0,0.00000040,btc,0.0,0.0,0.0,213
0,[],22,[],2019-06-01 04:30:21,0.0,0,0,7721228,2019-06-01 04:30:21,,9.61445386,0.0,0,,3661587.094064925,0.0,0.0,216
1,[],27,[],2019-06-01 04:30:28,196550.0,0.00000001,0.0000000000008562360000000001,7721229,2019-06-01 04:30:28,btc,76.41693967917752,1000.0,0.00000001,"btc,ltc",384335.407688,1e-05,0.0019555000000013433,216
1,[],22,[],2019-06-01 04:30:31,714117.0,0.00000027,0.000000000023118372,7721230,2019-06-01 04:30:31,BTC,12056.4770237,0.0,0.00000027,BTC,514539.20562763204,0.01001124,0.0526036,217
1,[],7,[],2019-06-01 04:30:32,0.0,0,0,7721231,2019-06-01 04:30:32,btc,1234864.1040716618,0.0,0,btc,164001712.13147992,0.0,0.0,219
0,[],27,[],2019-06-01 04:30:37,0.0,0,0,7721232,2019-06-01 04:30:37,,261.41644782671324,425794.0,0,btc,15857918.74381025,0.00425794,0.0,219
0,[],28,[],2019-06-01 04:31:49,0.0,0,0,7721233,2019-06-01 04:31:49,,0.0,14877.0,0,,0.0,0.0,0.0,219
1,[],22,[],2019-05-23 16:41:05,172069.0,0.00000004,0.0000000000031167080000000004,7674065,2019-05-23 16:41:05,BTC,56.76466137,0.0,0.00000004,BTC,127061.6482738741,0.0,0.00393676,221
1,[],24,[],2019-05-23 16:41:05,0.0,0.000000010000,0.0000000000007791770000000001,7674066,2019-05-23 16:41:05,btc,0.0,0.0,0.000000010000,btc,0.0,0.0,0.0,221
1,[],20,[],2019-06-01 04:31:52,4435424.0,0.000000001,0.00000000000008562360000000001,7721234,2019-06-01 04:31:52,btc,100053.66196066502,0.0,0.000000001,btc,47962871.9249,0.0,0.004435424,224
0,[],22,[],2019-06-01 04:31:55,0.0,0,0,7721235,2019-06-01 04:31:55,,0.0,0.0,0,,0.0,0.0,0.0,224
1,[],26,[],2019-06-01 04:31:55,0.0,0.00000025,0.000000000021405900000000002,7721236,2019-06-01 04:31:55,btc,0.0,0.0,0.00000025,btc,0.0,0.0,0.0,231
1,[],26,[],2019-06-01 04:31:56,0.0,0.00000006,0.000000000005137416000000001,7721237,2019-06-01 04:31:56,btc,0.0,0.0,0.00000006,btc,0.0,0.0,0.0,234
0.00000000031558900000000004,[],27,[],2019-06-01 04:32:03,100.0,3.15589e-18,2.7021866300400004e-22,7721238,2019-06-01 04:32:03,eth,0.01134836604,0.0,0.00000001,"btc,eth",11462.996,0.0,3.15589e-16,234
1,[],4,[],2019-05-22 17:06:12,91780.56053785,0.00000078,0.000000000061977552,7669277,2019-05-22 17:06:12,btc,5.573372450018177,0.0,0.00000078,btc,729173.93529783,0.0,0.0307060663355679,236
1,[],24,[],2019-05-22 17:06:12,0.0,0.000000010000,0.000000000000794584,7669278,2019-05-22 17:06:12,btc,0.0,0.0,0.000000010000,btc,0.0,0.0,0.0,236
1,[],5,[],2019-06-01 04:32:04,0.0,0,0,7721239,2019-06-01 04:32:04,btc,0.0,0.1752744,0,btc,0.0,0.0,0.0,237
1,[],20,[],2019-06-01 04:32:06,119437281.7151,0.000000047,0.0000000000040243092000000006,7721240,2019-06-01 04:32:06,btc,412.7369443699099,5646785.9324,0.000000047,btc,42904648.2771,0.2370569123544,0.4359790113598,237
1,[],22,[],2019-06-01 04:32:10,288100.0,0.00000003,0.0000000000025687080000000003,7721241,2019-06-01 04:32:10,BTC,1.20267422,0.0,0.00000003,"BTC,LTC",17930.94871794872,0.0,0.007541,237
1,[],4,[],2019-06-01 04:32:11,26928169.92304659,0.00000012,0.000000000010274832000000001,7721242,2019-06-01 04:32:11,btc,2.8864834328314366,0.0,0.00000012,btc,9356634.83393897,0.12433533,0.5532730827510066,238
1,[],5,[],2019-06-01 04:32:12,0.0,0,0,7721243,2019-06-01 04:32:12,btc,0.0,0.0169014,0,btc,0.0,0.0,0.0,238
0,[],22,[],2019-03-12 16:49:32,0.0,0,0,6914458,2019-03-12 16:49:32,,0.40415746,0.0,0,,526736.5639027493,0.0,0.0,249
0,[],22,[],2019-05-28 23:53:45,0.0,0,0,7703643,2019-05-28 23:53:45,,13.44714864,0.0,0,,43777534.3426455,0.0,0.0,252
0,[],28,[],2019-06-01 04:32:48,0.0,0,0,7721244,2019-06-01 04:32:48,,0.0,380742.239,0,,0.0,0.0,0.0,256
1,[],22,[],2019-06-01 04:32:51,1023211.0,0.00000001,0.0000000000008562360000000001,7721245,2019-06-01 04:32:51,BTC,31464.5506333,0.0,0.00000001,BTC,584951.6675322719,0.00015955,0.01023211,258
1,[],22,[],2019-05-19 18:12:02,400.0,0.00000001,0.0000000000007957800000000001,7653905,2019-05-19 18:12:02,BTC,2.415167,0.0,0.00000001,BTC,157.0,0.0,4e-06,259
1,[],5,[],2019-06-01 04:32:53,0.0,0,0,7721246,2019-06-01 04:32:53,btc,0.0,0.09335696,0,btc,0.0,0.0,0.0,264
1,[],20,[],2019-06-01 04:32:56,973752.4461,0.000000177,0.000000000015155377200000003,7721247,2019-06-01 04:32:56,btc,0.9761378127969,92491.1221,0.000000177,btc,51736.5911,0.05228027448,0.0108819592032,264
0,[],22,[],2019-04-12 17:57:27,0.0,0,0,7278186,2019-04-12 17:57:27,,66.37522201,0.0,0,,677842.4169881374,0.0,0.0,271
0,[],22,[],2019-05-29 08:10:20,0.0,0,0,7705301,2019-05-29 08:10:20,,33050470.74998113,0.0,0,,14361377780.7,0.0,0.0,272
0,[],28,[],2019-05-29 08:10:54,0.0,0,0,7705302,2019-05-29 08:10:54,,0.0,22189957216.5758,0,,0.0,0.0,0.0,272
1,[],22,[],2019-05-23 07:12:29,219930.0,0.00000004,0.000000000003048688,7671985,2019-05-23 07:12:29,BTC,426.77835217,0.0,0.00000004,BTC,248664.3325962929,0.0,0.00739728,281
1,[],22,[],2019-06-01 04:33:00,379782.43333333335,0.00000004,0.0000000000034249440000000004,7721248,2019-06-01 04:33:00,BTC,31.67331945,0.0,0.00000004,"BTC,LTC",1520489.4569583754,0.00040059,0.01593497,286
0,[],22,[],2019-06-01 04:33:03,0.0,0,0,7721249,2019-06-01 04:33:03,,7337904.96568486,0.0,0,,2004620112.6797826,0.0,0.0,294
