pairValue,buyBook,exchangeId,sellBook,updated,buyTotal,satoshiPrice,usdPrice,exchangeLogId,created,bestPair,sellTotalBtc,volume,pairPrice,activePairs,sellTotal,volumeBtc,buyTotalBtc,coinId
1,[],3,[],2019-07-05 20:17:18,31563.569073404295,0.00779999999999999964195307455838701571337878704071044921875,0.00000086086026,7800190,2019-07-05 20:17:18,btc,11.5094170188349,76.8567805967,0.00779999999999999964195307455838701571337878704071044921875,btc,39.100303704994,0.0,0.2820084933422737,1
1,[],4,[],2019-07-05 20:17:19,672629.44991013,0.00808200,0.0000008919836694,7800191,2019-07-05 20:17:19,btc,10.71066139368357,0.0,0.00808200,btc,522.05771018,12.26530518,0.6996399808176907,1
1,[],5,[],2019-07-05 20:17:21,0.0,0,0,7800192,2019-07-05 20:17:21,btc,0.0,0.00190933,0,btc,0.0,0.0,0.0,1
1,[],10,[],2019-07-05 20:17:23,252920.91925531,0.00255364,0.000000281836819788,7800193,2019-07-05 20:17:23,btc,6525.038886827455,1337.34805882,0.00255364,btc,1898.5030467,0.0,1.3382080016285594,1
1,[],12,[],2019-07-05 20:17:26,91.48902133,0.008160000000000000586197757002082653343677520751953125,0.0000009005922720000001,7800194,2019-07-05 20:17:26,btc,0.6143786633328999,0.0,0.008160000000000000586197757002082653343677520751953125,btc,24.31931785,1.391385331644,0.2091736588633,1
1,[],20,[],2019-07-05 20:17:28,929.413,0.007639399,0.0000008431352576133,7800195,2019-07-05 20:17:28,btc,0.1457833113622,0.562,0.007639399,btc,10.7769,0.004703085103,0.1325049354825,1
1,[],21,[],2019-07-05 20:17:29,2355.25589929,0.008161959999999999354480806346,0.000000900808590732,7800196,2019-07-05 20:17:29,btc,7.481911040617755,2875.69986736,0.0081619599999999993544808063461459823884069919586181640625,"btc,eth",1360.30789749,20.508515642196556,14.863872900979816,1
1,[],22,[],2019-07-05 20:17:33,1.1199,0.00200000,0.00000022073340000000002,7800197,2019-07-05 20:17:33,BTC,0.01745874,0.0,0.00200000,BTC,0.3250713944909389,0.0,0.00197189,1
1,[],24,[],2019-07-05 20:17:34,0.0,0.000000000000,0,7800198,2019-07-05 20:17:34,btc,0.0,0.0,0.000000000000,btc,0.0,0.0,0.0,1
0.0,[],25,[],2019-07-05 20:17:35,0.0,0,0,7800199,2019-07-05 20:17:35,btc,20.67709999929919,10633.72076418,0.0,btc,2430.65155742,85.8,0.0,1
1,[],26,[],2019-07-05 20:17:37,0.0,0,0,7800200,2019-07-05 20:17:37,,0.0,0.0,0,,0.0,0.0,0.0,1
1,[],28,[],2019-07-05 20:18:05,1040.923,0.00730000,0.0000008056769100000001,7800201,2019-07-05 20:18:05,btc,0.373339197,120170.4198,0.00730000,btc,23.6711,0.0,0.26805679046,1
0,[],2,[],2019-01-20 23:28:45,0.0,0,0,6477011,2019-01-20 23:28:45,,0.0,0.0,0,,0.0,0.0,0.0,1
1,[],5,[],2019-07-05 20:18:06,0.0,0,0,7800202,2019-07-05 20:18:06,btc,0.0,0.00961194,0,btc,0.0,0.0,0.0,2
1,[],22,[],2019-07-05 20:18:10,11550.3,0.0000002,0.00000000002207334,7800203,2019-07-05 20:18:10,BTC,21.00878619,0.0,0.0000002,"BTC,XMR",19931.59287795317,0.0,0.00143681,2
1,[],5,[],2019-06-03 14:48:58,0.0,0,0,7731126,2019-06-03 14:48:58,btc,0.0,0.05905545,0,btc,0.0,0.0,0.0,3
1,[],12,[],2019-06-03 14:48:59,3468623.70302,0.000000116,0.000000000009823402000000002,7731127,2019-06-03 14:48:59,btc,169531.0336573751,0.0,0.000000116,btc,2361209.62379607,0.041350953071,0.33764769154428,3
0,[],28,[],2019-06-03 14:49:00,0.0,0,0,7731128,2019-06-03 14:49:00,,0.0,0.0,0,,0.0,0.0,0.0,3
0,[],2,[],2019-01-20 23:31:32,0.0,0,0,6477077,2019-01-20 23:31:32,,0.0,0.0,0,,0.0,0.0,0.0,4
1,[],4,[],2019-05-18 21:29:50,562734.9206932,0.00000010,0.000000000007298720000000001,7650946,2019-05-18 21:29:50,btc,41.9347137769675,0.0,0.00000010,btc,1123702.32192634,0.00052462,0.029254593370966,4
0,[],12,[],2019-06-02 05:03:43,0.0,0,0,7724919,2019-06-02 05:03:43,btc,625.901992874995,0.0,0,btc,1211362.4995005,0.0,0.0,5
0,[],2,[],2019-01-20 23:31:51,0.0,0,0,6477087,2019-01-20 23:31:51,,0.0,0.0,0,,0.0,0.0,0.0,6
1,[],11,[],2019-07-03 09:34:02,4305910.27673599,0.00000001,0.000000000001114197,7791170,2019-07-03 09:34:02,btc,9583.61440324221,317319.0,0.00000001,btc,78212351.53970686,0.0,0.0430591027673599,6
1,[],3,[],2019-07-05 20:18:11,12038.119381111414,0.000060850000000000001852164255300436934703611768782138824462890625,0.000000006715813695000001,7800204,2019-07-05 20:18:11,btc,1026.2929306601122,594.62082547,0.000060850000000000001852164255300436934703611768782138824462890625,btc,398.663056794402,0.0,0.021128833531878572,7
1,[],4,[],2019-07-05 20:18:11,328474.92021233,0.00006780,0.00000000748286226,7800205,2019-07-05 20:18:11,btc,6.382709647426335,0.0,0.00006780,btc,52240.04403668,1.92895129,2.7703232228557777,7
1,[],5,[],2019-07-05 20:18:13,0.0,0,0,7800206,2019-07-05 20:18:13,btc,0.0,0.31244125,0,btc,0.0,0.0,0.0,7
1,[],20,[],2019-04-07 22:06:50,3201475.0482,0.000000001,0.000000000000051590000000000004,7213932,2019-04-07 22:06:50,btc,30.8005781811902,0.0,0.000000001,btc,23077405.3926,0.0,0.0032014750482,8
0,[],2,[],2019-01-20 23:22:42,0.0,0,0,6476876,2019-01-20 23:22:42,,0.0,0.0,0,,0.0,0.0,0.0,9
0,[],23,[],2019-01-20 23:22:48,0.0,0,0,6476878,2019-01-20 23:22:48,,0.0,0.0,0,,0.0,0.0,0.0,9
1,[],4,[],2019-07-05 20:18:16,1721745.97508129,0.00000041,0.000000000045250347,7800207,2019-07-05 20:18:16,btc,3.010715609936741,0.0,0.00000041,btc,3197930.85046313,0.22451789,0.2651524606851181,9
1,[],28,[],2019-07-05 20:18:29,20043.809,0.00000042,0.000000000046354014000000004,7800208,2019-07-05 20:18:29,btc,2708.795936875,131887.0,0.00000042,btc,60856.555,0.0,0.00270157978,9
1,[],1,[],2019-02-17 23:31:42,1822507.21,0.00000181000000000000003456111265232042484285557293333113193511962890625,0.000000000066086901,6701244,2019-02-17 23:31:42,btc,3.6990969245,17153386.5,0.00000181000000000000003456111265232042484285557293333113193511962890625,btc,1997391.71,31.11772986,3.2610482446,9
1,[],4,[],2019-02-17 11:22:43,4341674.27126056,0.00000002,0.0000000000007272960000000001,6696112,2019-02-17 11:22:43,btc,0.1997230937751353,0.0,0.00000002,btc,4109766.79808031,0.00215132,0.0479381022052112,10
1,[],4,[],2019-07-05 17:50:58,28455268.72873238,0.00000020,0.00000000002256118,7799862,2019-07-05 17:50:58,btc,7.811721942574512,0.0,0.00000020,btc,10093820.98175896,0.54727147,1.6214105215663297,12
1,[],5,[],2019-07-05 17:50:59,0.0,0,0,7799863,2019-07-05 17:50:59,btc,0.0,0.04857279,0,btc,0.0,0.0,0.0,12
0.0,[],25,[],2019-07-05 17:51:01,0.0,0,0,7799864,2019-07-05 17:51:01,,0.0,0.0,0.0,btc,0.0,0.0,0.0,12
0,[],2,[],2019-01-20 23:23:08,0.0,0,0,6476890,2019-01-20 23:23:08,,0.0,0.0,0,,0.0,0.0,0.0,12
1,[],4,[],2019-07-03 05:13:15,584689.47355813,0.00000244,0.0000000002788066,7790600,2019-07-03 05:13:15,btc,2.1849123684917955,0.0,0.00000244,btc,410884.35721095,0.22629225,0.257981043015862,13
1,[],21,[],2019-07-03 05:13:19,5464503.61926811,0.000002560000000000000053561755725,0.0000000002925184,7790601,2019-07-03 05:13:19,btc,2.210907882880977,615243.9733135,0.0000025600000000000000535617557251288900488361832685768604278564453125,btc,645862.4277429,1.61860588,2.668924574171489,13
1,[],10,[],2019-07-03 04:50:28,599111.48051128,0.00000253,0.000000000286717816,7790504,2019-07-03 04:50:28,btc,666798.5185763352,11564.1307772,0.00000253,btc,1070197.84077692,0.0,0.2329213413435623,13
1,[],4,[],2019-07-05 20:18:30,1032981.93307021,0.00000024,0.000000000026488008,7800209,2019-07-05 20:18:30,btc,3.0667270918358676,0.0,0.00000024,btc,1547001.5422958,0.02211877,0.0818898429000044,14
1,[],12,[],2019-07-05 20:18:32,225687.00279501,0.00000031,0.000000000034213677,7800210,2019-07-05 20:18:32,btc,186.36242100778503,0.0,0.00000031,btc,45865.2972986,0.00153595,0.0130442859999953,14
1,[],26,[],2019-07-05 20:20:32,0.0,0.00000050,0.00000000005518335,7800211,2019-07-05 20:20:32,btc,0.0,0.0,0.00000050,btc,0.0,0.0,0.0,14
0,[],17,[],2019-05-03 00:53:32,0.0,0,0,7558876,2019-05-03 00:53:32,btc,0.0,0.0,0,btc,0.0,0.0,0.0,14
0,[],4,[],2019-07-05 20:20:33,0.0,0,0,7800212,2019-07-05 20:20:33,,0.0,0.0,0,,0.0,0.0,0.0,15
,[],12,[],2018-12-01 15:15:48,204241.84496,0.00000489,0.000000000202473384,5260204,2018-12-01 15:15:48,btc,49.5475654835,0.0,,btc,35763.2193806,0.0163153972027625,0.0203389899998,15
0,[],2,[],2019-01-20 23:23:38,0.0,0,0,6476906,2019-01-20 23:23:38,,0.0,0.0,0,,0.0,0.0,0.0,18
1,[],4,[],2019-07-05 20:20:35,41474.38538564,0.00000832,0.000000000918250944,7800213,2019-07-05 20:20:35,btc,2.3641695236591636,0.0,0.00000832,btc,16777.0293792,0.04375077,0.1265904492344979,18
1,[],10,[],2019-07-05 20:20:37,397478.73267393,0.00000865,0.000000000954671955,7800214,2019-07-05 20:20:37,btc,15.05715239766635,4636.36962497,0.00000865,btc,18392.33129305,0.0,0.2781471274596481,18
1,[],12,[],2019-07-05 20:20:39,2125.22135214,0.000008620000000000000478137494874797397415022714994847774505615234375,0.000000000951360954,7800215,2019-07-05 20:20:39,btc,0.5283830832592702,0.0,0.000008620000000000000478137494874797397415022714994847774505615234375,btc,1921.62019671,4.871908e-06,0.0041774768189507,18
0,[],17,[],2019-05-03 00:53:39,0.0,0,0,7558882,2019-05-03 00:53:39,btc,0.0,0.0,0,btc,0.0,0.0,0.0,18
0,[],2,[],2019-01-20 23:24:19,0.0,0,0,6476924,2019-01-20 23:24:19,,0.0,0.0,0,,0.0,0.0,0.0,19
1,[],3,[],2019-07-05 20:22:39,163245.66539003784,0.000007930000000000000308190972742039548393222503364086151123046875,0.000000000875207931,7800216,2019-07-05 20:22:39,btc,190.3654516930593,15898.3453255,0.000007930000000000000308190972742039548393222503364086151123046875,btc,18377.475974820634,0.0,0.1150789039372833,19
1,[],4,[],2019-07-05 20:22:40,447564.49409522,0.00000634,0.000000000699724878,7800217,2019-07-05 20:22:40,btc,2.703409150735879,0.0,0.00000634,btc,191590.63570347,0.29651137,1.2277852852545907,19
1,[],5,[],2019-07-05 20:22:42,0.0,0,0,7800218,2019-07-05 20:22:42,btc,0.0,0.0,0,btc,0.0,0.0,0.0,19
1,[],12,[],2019-07-05 20:22:44,107439.24578141,0.00000581000000000000027707003358301562911947257816791534423828125,0.000000000641230527,7800219,2019-07-05 20:22:44,btc,0.3678339678901772,0.0,0.00000581000000000000027707003358301562911947257816791534423828125,btc,3011.18497473,0.0,0.0103452139997607,19
0,[],27,[],2019-07-05 20:22:51,0.0,0,0,7800220,2019-07-05 20:22:51,,0.0,0.0,0,btc,0.0,0.0,0.0,19
1,[],4,[],2019-07-05 20:22:52,9925191.09278478,0.00000005,0.000000000005518335,7800221,2019-07-05 20:22:52,btc,5.162345510776601,0.0,0.00000005,btc,2240531.70486197,0.0,0.1102994166205056,20
0,[],4,[],2019-07-03 05:17:38,0.0,0,0,7790614,2019-07-03 05:17:38,,13630.874493644571,0.0,0,,166276624.1737067,0.0,0.0,21
0,[],12,[],2019-07-03 05:17:41,0.0,0,0,7790615,2019-07-03 05:17:41,btc,2602.9596941675427,0.0,0,btc,9905024.55244751,3.996e-08,0.0,21
0,[],17,[],2019-05-03 00:53:51,0.0,0,0,7558891,2019-05-03 00:53:51,btc,0.0,0.0,0,btc,0.0,0.0,0.0,21
1,[],12,[],2019-07-05 20:22:53,7186226121.864567,0.0000000006,0.00000000000006622002,7800222,2019-07-05 20:22:53,btc,1426620318795.2773,0.0,0.0000000006,btc,3332408671.2927027,0.056372347191,2.585916014845483,23
0.00000000026018570000000003,[],27,[],2019-07-05 20:22:59,92135574.77222767,1.3009285000000001e-16,1.4357918548095e-20,7800223,2019-07-05 20:22:59,eth,11368.274996729222,24484750.27072928,0.0000005,eth,13220269.1506114,5.0964655117008545e-09,8.094706962556013e-09,23
1,[],4,[],2019-06-22 05:45:29,6100414.07522138,0.00000017,0.00000000001823352,7751732,2019-06-22 05:45:29,btc,10.22685272773715,0.0,0.00000017,btc,1790815.48208265,0.0,0.1345450262400025,24
0,[],22,[],2019-06-22 05:45:31,0.0,0,0,7751733,2019-06-22 05:45:31,,6.22e-05,0.0,0,,517.4264705882352,0.0,0.0,24
0.0,[],25,[],2019-06-22 05:45:32,0.0,0,0,7751734,2019-06-22 05:45:32,,0.0,0.0,0.0,btc,0.0,0.0,0.0,24
1,[],4,[],2019-07-05 20:23:00,26994138.16857058,0.00000323,0.000000000356484441,7800224,2019-07-05 20:23:00,btc,7.158329679154781,0.0,0.00000323,btc,208246.16268925,0.12424505,0.5209387650668413,26
1,[],10,[],2019-07-05 20:23:02,227634.02171911,0.00000331,0.000000000365313777,7800225,2019-07-05 20:23:02,btc,26.169867608706873,8671.55431592,0.00000331,btc,21120.42712409,0.0,0.0483097469613063,26
0,[],2,[],2019-01-20 23:25:56,0.0,0,0,6476976,2019-01-20 23:25:56,,0.0,0.0,0,,0.0,0.0,0.0,26
1,[],5,[],2019-04-26 09:47:06,0.0,0,0,7465326,2019-04-26 09:47:06,btc,0.0,0.0,0,btc,0.0,0.0,0.0,27
1,[],3,[],2019-06-17 14:30:26,13571825.64059417,0.00000001,0.00000000000092914,7740112,2019-06-17 14:30:26,btc,3.485049956644059,4264730.43754,0.00000001,btc,23500048.28518193,0.0,0.1357182564059417,27
1,[],11,[],2019-06-17 14:30:28,2031833.58157834,0.00000001,0.00000000000092914,7740113,2019-06-17 14:30:28,btc,67502.92060589766,32677.9652116,0.00000001,btc,6487362.95640949,0.0,0.0203183358157834,27
0.0000000001065474,[],4,[],2019-07-05 20:23:03,544528962.5514036,8.3106972e-17,9.172242246632399e-21,7800226,2019-07-05 20:23:03,ltc,10.966706575841943,0.0,0.00000078,ltc,701663292.8709096,0.00026138,1.2236812568856874e-08,29
1,[],7,[],2019-07-05 20:23:04,0.0,0,0,7800227,2019-07-05 20:23:04,btc,46548272.671622925,522107.892108,0,btc,56386342.91468113,0.0,0.0,29
0,[],17,[],2019-05-03 01:11:25,0.0,0,0,7559066,2019-05-03 01:11:25,btc,0.0,0.0,0,btc,0.0,0.0,0.0,30
1,[],4,[],2019-07-05 20:23:05,15158912.64086708,0.00000004,0.000000000004414668,7800228,2019-07-05 20:23:05,btc,2.573393984778842,0.0,0.00000004,btc,2249253.14278687,0.0,0.1662822053373416,30
1,[],4,[],2019-07-05 20:25:06,239041.30670202,0.00003063,0.000000003380532021,7800229,2019-07-05 20:25:06,btc,3.188598676648423,0.0,0.00003063,btc,54120.65843686,0.26461279,0.7767597772153955,31
1,[],21,[],2019-07-05 20:25:07,234184.32368928,0.00003397000000000000171328229381,0.000000003749156799,7800230,2019-07-05 20:25:07,btc,6.537415757500614,91486.87733875,0.00003397000000000000171328229381373375872499309480190277099609375,btc,156506.88312334,3.09205193,2.9417073779753427,31
0,[],2,[],2019-01-20 23:28:43,0.0,0,0,6477009,2019-01-20 23:28:43,,0.0,0.0,0,,0.0,0.0,0.0,32
0,[],4,[],2019-07-05 20:25:08,0.0,0,0,7800231,2019-07-05 20:25:08,,0.0,0.0,0,,0.0,0.0,0.0,33
1,[],12,[],2019-03-30 07:55:10,40641173.964,0.00000003,0.000000000001228359,7108785,2019-03-30 07:55:10,btc,4233210.82356125,0.0,0.00000003,btc,28378394.68333462,0.0126927883965248,0.90752895892,33
0.0000000001065474,[],4,[],2019-07-05 20:25:10,148024283.51905587,4.261896e-17,4.703713972632e-21,7800232,2019-07-05 20:25:10,ltc,4.576089320851907,0.0,0.0000004,ltc,169374280.69547582,0.0,5.986151290061084e-10,34
1,[],5,[],2019-07-05 20:25:11,0.0,0,0,7800233,2019-07-05 20:25:11,btc,0.0,0.0,0,btc,0.0,0.0,0.0,34
0.0000000002926451,[],17,[],2019-05-02 18:17:47,200000.0,2.9264510000000002e-18,1.596703856561e-22,7556430,2019-05-02 18:17:47,eth,0.20942468735267253,0.0,0.00000001,"btc,eth",1018272.20243647,0.0,5.852902e-13,36
0.0000000001311821,[],4,[],2019-05-31 13:28:19,2417517744.0607657,1.311821e-18,1.105058333085e-22,7717483,2019-05-31 13:28:19,ltc,5.019900492391546e-08,0.0,0.00000001,ltc,7102398142.262129,0.0,3.171350544531538e-09,36
1,[],5,[],2019-05-31 13:28:21,0.0,0,0,7717484,2019-05-31 13:28:21,btc,0.0,0.0,0,btc,0.0,0.0,0.0,36
0.0000000003108179,[],27,[],2019-05-31 13:30:34,10388811.226876,6.216358000000001e-18,5.236566733830001e-22,7717485,2019-05-31 13:30:34,eth,1569.8708019850988,761866.634299,0.00000002,"ltc,eth",5084024.2511555,4.736034912207001e-12,3.3251980286483705e-11,36
1,[],4,[],2019-06-25 10:05:55,10747826.61931615,0.00000014,0.000000000015920562,7762320,2019-06-25 10:05:55,btc,19773.05513423956,0.0,0.00000014,btc,682946.14349671,0.0006293,0.1362851255028938,37
1,[],12,[],2019-06-25 10:05:57,4167862.54235103,0.00000013,0.000000000014783379,7762321,2019-06-25 10:05:57,btc,7.381091518261743,0.0,0.00000013,btc,1713444.53926904,0.016313049979,0.1478110147956336,37
1,[],27,[],2019-06-25 10:08:02,10970.0,0.00000019,0.000000000021606477,7762322,2019-06-25 10:08:02,btc,22.62970013895233,0.0,0.00000019,btc,4298.824295,0.0,0.00167419,37
1,[],17,[],2019-05-03 01:11:36,211752.74075282,0.00000025,0.000000000013700074999999998,7559074,2019-05-03 01:11:36,btc,0.055484923955058496,0.0,0.00000025,"btc,eth",1387.19918473,0.0,0.0005381851887916605,37
1,[],5,[],2019-07-05 20:25:13,0.0,0,0,7800234,2019-07-05 20:25:13,btc,0.0,0.16179359,0,btc,0.0,0.0,0.0,42
1,[],12,[],2019-07-05 20:25:14,195855.50320386,0.00000093,0.000000000102641031,7800235,2019-07-05 20:25:14,btc,525.3096383772146,0.0,0.00000093,btc,150051.54883543,0.044226032569,0.0457673205806039,42
1,[],27,[],2019-07-05 20:25:23,16100.0,0.0000003,0.00000000003311001,7800236,2019-07-05 20:25:23,btc,0.16000285,0.0,0.0000003,"btc,eth",32.0,0.0,0.004802,42
1,[],12,[],2019-03-13 09:13:29,1112112.0,0.00000001,0.000000000000386531,6919902,2019-03-13 09:13:29,btc,29058.00478931866,0.0,0.00000001,btc,5967681.93306694,9.99000999e-07,0.01112112,43
1,[],5,[],2019-04-26 22:38:52,0.0,0,0,7474154,2019-04-26 22:38:52,btc,0.0,0.02638891,0,btc,0.0,0.0,0.0,43
0,[],17,[],2019-04-26 22:38:53,0.0,0,0,7474155,2019-04-26 22:38:53,btc,0.0,0.0,0,btc,0.0,0.0,0.0,43
1,[],12,[],2019-03-05 01:54:08,639326.02,0.00000004,0.000000000001486676,6845775,2019-03-05 01:54:08,btc,11116042.728239931,0.0,0.00000004,btc,1103841.4595604,0.0003330765234764,0.014975410599999999,44
0.0000000001065474,[],4,[],2019-07-05 20:25:25,106194265.07006367,4.6880856e-17,5.1740853698952e-21,7800237,2019-07-05 20:25:25,ltc,1804.4140214135662,0.0,0.00000044,ltc,28346649.81327792,0.0,4.5782502096088526e-10,49
0.0000000001065474,[],4,[],2019-07-05 20:25:26,317923204.24848926,2.663685e-17,2.939821232895e-21,7800238,2019-07-05 20:25:26,ltc,25191.980755182427,0.0,0.00000025,ltc,193331684.5419908,0.0,1.9726946033422923e-09,52
0,[],22,[],2019-07-05 20:25:29,0.0,0,0,7800239,2019-07-05 20:25:29,,10289.80784133,0.0,0,,287058287.4566013,0.0,0.0,57
0,[],27,[],2019-07-05 20:25:40,0.0,0,0,7800240,2019-07-05 20:25:40,,0.0,0.0,0,"btc,eth",0.0,0.0,0.0,57
1,[],17,[],2019-05-03 01:12:09,1200000.0,0.0000000001,0.00000000000000548003,7559085,2019-05-03 01:12:09,btc,1e+24,0.0,0.0000000001,"btc,eth",39516342.31952568,0.0,0.00010000000058666061,58
0,[],4,[],2019-07-05 20:25:41,0.0,0,0,7800241,2019-07-05 20:25:41,,19.71911777083095,0.0,0,,6112100783.17814,0.0,0.0,58
0,[],12,[],2019-07-05 20:25:43,0.0,0,0,7800242,2019-07-05 20:25:43,btc,658109592.6210536,0.0,0,btc,4065567077.231735,0.001137501499,0.0,58
0.0000000000819638,[],22,[],2019-07-05 20:27:46,126877.0,8.19638e-19,9.04607412546e-23,7800243,2019-07-05 20:27:46,XMR,68.17454206,0.0,0.00000001,XMR,9626402.6,0.0,0.00126877,58
1,[],5,[],2019-06-17 14:31:27,0.0,0,0,7740135,2019-06-17 14:31:27,btc,0.0,0.00079154,0,btc,0.0,0.0,0.0,61
1,[],22,[],2019-06-17 14:31:30,13612.833333333334,0.00000012,0.00000000001114968,7740136,2019-06-17 14:31:30,BTC,1002.29123003,0.0,0.00000012,BTC,15014.200177125656,0.0,0.00153257,61
1,[],26,[],2019-06-17 14:31:30,0.0,0.00000050,0.000000000046457,7740137,2019-06-17 14:31:30,btc,0.0,0.0,0.00000050,btc,0.0,0.0,0.0,61
1,[],27,[],2019-06-17 14:31:36,8400.0,0.00000018,0.00000000001672452,7740138,2019-06-17 14:31:36,btc,1.9742539297246655,0.0,0.00000018,"btc,eth",10953.51663696,0.0,0.001512,61
0,[],28,[],2019-06-17 14:31:38,0.0,0,0,7740139,2019-06-17 14:31:38,,0.0,0.0,0,,0.0,0.0,0.0,61
1,[],4,[],2019-07-05 20:27:47,2276373.38556753,0.00000041,0.000000000045250347,7800244,2019-07-05 20:27:47,btc,3.3829712045097473,0.0,0.00000041,btc,1345419.99068574,0.07626222,0.2982742945602784,67
0.0,[],25,[],2019-07-05 20:27:55,0.0,0,0,7800245,2019-07-05 20:27:55,,0.0,0.0,0.0,btc,0.0,0.0,0.0,67
1,[],12,[],2019-06-02 06:23:14,910048.355,0.00000006,0.000000000005154929999999999,7725270,2019-06-02 06:23:14,btc,5.167005424215783,0.0,0.00000006,btc,738530.60239759,0.003159757462,0.0187188113,71
,[],5,[],2018-11-20 23:02:39,1.5e-07,0.00000005,0.000000000002128045,4862160,2018-11-20 23:02:39,btc,2.84511358,0.0,,btc,0.00036572,0.0,0.07381892,74
1,[],5,[],2019-07-05 20:27:57,0.0,0,0,7800246,2019-07-05 20:27:57,btc,0.0,0.01825696,0,btc,0.0,0.0,0.0,75
1,[],4,[],2019-06-04 03:25:15,715281.46076168,0.00000001,0.000000000000803619,7734085,2019-06-04 03:25:15,btc,581089.6218469425,0.0,0.00000001,btc,37692563.61091116,0.0,0.0071528146076168,81
0,[],20,[],2019-01-25 09:30:31,0.0,0,0,6495923,2019-01-25 09:30:31,btc,0.0,0.0,0,btc,0.0,0.0,0.0,81
1,[],4,[],2019-07-05 20:27:58,183783.61711687,0.00006557,0.0000000072367445190000005,7800247,2019-07-05 20:27:58,btc,59.21786746644844,0.0,0.00006557,btc,130614.09013452,0.47411633,0.2825481104316593,82
1,[],21,[],2019-07-05 20:27:59,284755.76752305,0.00006703000000000000028078234182,0.000000007397879901,7800248,2019-07-05 20:27:59,btc,4.036058680727592,4179.20763829,0.000067030000000000000280782341821605996301514096558094024658203125,btc,45147.17393225,0.27924775,2.824296833530619,82
0,[],17,[],2019-03-25 22:42:34,0.0,0,0,7038780,2019-03-25 22:42:34,btc,0.0445064681804024,0.0,0,btc,995513.18476001,0.0,0.0,84
0.0000000001161485,[],4,[],2019-05-20 13:09:39,216715621.0206096,1.161485e-18,9.0533806701e-23,7657228,2019-05-20 13:09:39,ltc,1.6511566870244727,0.0,0.00000001,ltc,471032407.9048656,0.0,2.5171194308112273e-10,85
,[],22,[],2018-11-20 23:09:34,3408.1,0.0000001,0.0000000000041895,4862324,2018-11-20 23:09:34,BTC,0.04624735,0.0,,BTC,4990.0,0.0,0.00033081,86
1,[],22,[],2019-07-05 20:28:02,27288.0,0.00000001,0.000000000001103667,7800249,2019-07-05 20:28:02,BTC,1.86422917,0.0,0.00000001,BTC,398878.94736842107,0.0,0.00027288,87
1,[],27,[],2019-07-05 20:28:09,82056.3,0.00000006,0.000000000006622002,7800250,2019-07-05 20:28:09,btc,15.9747898956,1500.0,0.00000006,btc,643251.188,9e-05,0.004461768,87
,[],2,[],2018-11-20 23:10:47,0.0,0,0,4862359,2018-11-20 23:10:47,,0.0,0.0,,,0.0,0.0,0.0,88
1,[],11,[],2019-06-17 14:31:59,193715.3529613,0.000073310000000000001140094962881477158589405007660388946533203125,0.00000000681152534,7740147,2019-06-17 14:31:59,btc,168.35454702024953,5791.70569014,0.000073310000000000001140094962881477158589405007660388946533203125,btc,196971.41170107,0.0,1.1996165759440112,89
0,[],2,[],2019-01-20 23:31:45,0.0,0,0,6477083,2019-01-20 23:31:45,,0.0,0.0,0,,0.0,0.0,0.0,91
0,[],17,[],2019-05-03 01:12:26,0.0,0,0,7559096,2019-05-03 01:12:26,btc,0.0,0.0,0,btc,0.0,0.0,0.0,91
1,[],12,[],2019-07-05 20:28:11,397254.26543638,0.00000027,0.000000000029799009,7800251,2019-07-05 20:28:11,btc,121.17224702004316,0.0,0.00000027,btc,294508.42402425,0.0006005654,0.0258798033538374,91
1,[],22,[],2019-07-05 20:30:15,75900.0,0.00000001,0.000000000001103667,7800252,2019-07-05 20:30:15,BTC,0.495,0.0,0.00000001,"BTC,LTC",4.95,0.0,0.001659,91
1,[],22,[],2019-07-05 20:30:19,94060.0,0.00000002,0.000000000002207334,7800253,2019-07-05 20:30:19,BTC,11.52307074,0.0,0.00000002,"BTC,LTC",341043.4683191416,0.0,0.0662712,95
0,[],17,[],2019-05-03 01:12:32,0.0,0,0,7559100,2019-05-03 01:12:32,btc,0.0,0.0,0,btc,0.0,0.0,0.0,96
0.0000000001065474,[],4,[],2019-07-05 20:30:20,538472183.4970248,2.9833272e-17,3.2925997808424e-21,7800254,2019-07-05 20:30:20,ltc,10.868233954163006,0.0,0.00000028,ltc,153075020.84844762,0.0,7.373467701891799e-10,96
0,[],12,[],2019-07-05 20:30:21,0.0,0,0,7800255,2019-07-05 20:30:21,btc,36.38379579651349,0.0,0,btc,10035220.65134864,0.0,0.0,96
1,[],4,[],2019-04-14 03:32:46,1039404.33283278,0.00000038,0.000000000019245518,7293458,2019-04-14 03:32:46,btc,4.170086055365747,0.0,0.00000038,btc,3097704.34561074,0.06260606,0.1859928211030784,99
0,[],2,[],2019-01-20 23:23:55,0.0,0,0,6476914,2019-01-20 23:23:55,,0.0,0.0,0,,0.0,0.0,0.0,100
1,[],4,[],2019-07-05 20:32:22,176043.79643562,0.00001224,0.000000001350888408,7800256,2019-07-05 20:32:22,btc,12.943317203666027,0.0,0.00001224,btc,290024.55581206,0.09242929,0.3793421928246455,100
1,[],22,[],2019-06-05 06:30:35,150000.0,0.00000002,0.000000000001558192,7740007,2019-06-05 06:30:35,BTC,28.56386409,0.0,0.00000002,BTC,12787.719,0.0,0.0017,101
1,[],4,[],2019-07-05 20:32:23,506362.96199448,0.00000155,0.000000000171068385,7800257,2019-07-05 20:32:23,btc,884.8142287466501,0.0,0.00000155,btc,878600.92564279,0.01501003,0.083031654791822,103
1,[],12,[],2019-06-17 14:32:14,179201505.10870332,0.000000005,0.00000000000046457,7740154,2019-06-17 14:32:14,btc,113577.79366343976,0.0,0.000000005,btc,79148141.67831126,0.019059029059,0.27280986350611003,105
1,[],27,[],2019-06-17 14:32:19,18306828.03496503,0.00000002,0.00000000000185828,7740155,2019-06-17 14:32:19,btc,180.7198218385489,1083.96503497,0.00000002,btc,276513.60142659,7.588e-05,0.3661365606993006,105
1,[],22,[],2019-04-21 00:17:26,21333.0,0.00000001,0.000000000000532493,7385819,2019-04-21 00:17:26,BTC,51.38182867,0.0,0.00000001,BTC,470435.0,0.0,0.00021333,107
1,[],26,[],2019-04-21 00:17:26,0.0,0.00000000,0,7385820,2019-04-21 00:17:26,btc,0.0,0.0,0.00000000,btc,0.0,0.0,0.0,107
1,[],5,[],2019-07-05 20:32:26,0.0,0,0,7800258,2019-07-05 20:32:26,btc,0.0,0.0,0,btc,0.0,0.0,0.0,112
0,[],22,[],2019-07-05 20:32:29,0.0,0,0,7800259,2019-07-05 20:32:29,,6.79500102,0.0,0,,3375892.0833333335,0.0,0.0,112
1,[],27,[],2019-07-05 20:32:37,1.0,0.00000001,0.000000000001103667,7800260,2019-07-05 20:32:37,btc,0.0,0.0,0.00000001,"btc,eth",0.0,0.0,1e-08,112
1,[],4,[],2019-07-05 20:32:38,1277251.8822501,0.00000038,0.000000000041939346,7800261,2019-07-05 20:32:38,btc,6.198818842784568,0.0,0.00000038,btc,973081.31474078,0.01707885,0.1553977112687013,113
1,[],5,[],2019-07-05 20:32:39,0.0,0,0,7800262,2019-07-05 20:32:39,btc,0.0,0.0,0,btc,0.0,0.0,0.0,113
1,[],17,[],2019-04-26 02:17:47,162738.278,0.00000004,0.0000000000021069000000000002,7461287,2019-04-26 02:17:47,btc,1.3331140273775473,0.0,0.00000004,btc,51796.221,0.0,0.00230953112,116
1,[],27,[],2019-07-05 20:34:46,95525.16595526,0.00000001,0.000000000001103667,7800263,2019-07-05 20:34:46,btc,3918.966122084,0.0,0.00000001,btc,85259.687,0.0,0.0009552516595526,116
1,[],4,[],2019-05-21 22:31:11,138169.03963019,0.00000701,0.000000000558364025,7664793,2019-05-21 22:31:11,btc,150.95388250938234,0.0,0.00000701,btc,344631.17141974,0.07552974,0.4288357684941946,120
1,[],7,[],2019-05-21 22:31:12,3901.07750076,0.000010679999999999999389654892212320191902108490467071533203125,0.0000000008506887,7664794,2019-05-21 22:31:12,btc,231188.94669936574,0.0,0.000010679999999999999389654892212320191902108490467071533203125,btc,4133.83151364,0.0,0.0113888422364489,120
1,[],20,[],2019-04-07 18:42:29,1914137.0852,0.000000035,0.0000000000017871910000000002,7211992,2019-04-07 18:42:29,btc,32.2497668025648,25528.85,0.000000035,btc,1001975.4986,0.00089350975,0.0152723574729,125
1,[],22,[],2019-06-17 14:32:38,10000.0,0.00000001,0.00000000000092914,7740161,2019-06-17 14:32:38,BTC,0.032061,0.0,0.00000001,BTC,299316.7611111111,0.0,0.0001,126
0,[],2,[],2019-01-20 23:25:46,0.0,0,0,6476969,2019-01-20 23:25:46,,0.0,0.0,0,,0.0,0.0,0.0,131
1,[],4,[],2019-07-05 20:34:47,404667.73818641,0.00000306,0.000000000337722102,7800264,2019-07-05 20:34:47,btc,2.4830476108977395,0.0,0.00000306,btc,200935.19632811,0.07574224,0.3767266951649057,131
1,[],17,[],2019-05-03 01:13:10,10000.0,0.00000001,0.000000000000548003,7559115,2019-05-03 01:13:10,btc,0.0953976503951408,0.0,0.00000001,btc,5037.62507334,0.0,0.0001,131
1,[],4,[],2019-06-17 14:32:42,4848.49465417,0.00007919,0.00000000735785966,7740163,2019-06-17 14:32:42,btc,0.9905723729472744,0.0,0.00007919,btc,202.13055914,0.0,0.0061509344290166,135
1,[],3,[],2019-07-05 20:36:48,2684.76592867,0.00000001,0.000000000001103667,7800265,2019-07-05 20:36:48,btc,405.43326770208967,1959014.12324,0.00000001,btc,2927913.20919977,0.0,2.68476592867e-05,136
1,[],4,[],2019-07-05 20:36:49,175145.12436194,0.00000133,0.000000000146787711,7800266,2019-07-05 20:36:49,btc,112.56989843694016,0.0,0.00000133,btc,531863.9114735,0.01910425,0.0940151861462611,137
1,[],12,[],2019-07-05 20:36:51,68237.58419111,0.00000137999999999999991637657063836552850943917292170226573944091796875,0.000000000152306046,7800267,2019-07-05 20:36:51,btc,57.900595806933524,0.0,0.00000137999999999999991637657063836552850943917292170226573944091796875,btc,82144.41598676,0.00132181,0.013683909999927,137
1,[],4,[],2019-07-05 20:36:52,288906.23410674,0.00001065,0.000000001175405355,7800268,2019-07-05 20:36:52,btc,8.520411347592788,0.0,0.00001065,btc,174631.59061589,0.35008725,0.2198287571035158,142
1,[],5,[],2019-07-05 20:36:53,0.0,0,0,7800269,2019-07-05 20:36:53,btc,0.0,0.01439215,0,btc,0.0,0.0,0.0,142
1,[],20,[],2019-07-05 20:38:55,113157.3581,0.000008,0.0000000008829336,7800270,2019-07-05 20:38:55,btc,1.5675639984773,0.0,0.000008,btc,9882.1432,0.0,0.0063781480777,142
1,[],22,[],2019-07-05 20:38:58,10819.88,0.00000600,0.0000000006622002,7800271,2019-07-05 20:38:58,BTC,2.99759384,0.0,0.00000600,BTC,835.7198755539798,7.2e-07,0.00536648,142
0.0,[],25,[],2019-07-05 20:39:00,0.0,0,0,7800272,2019-07-05 20:39:00,,0.0,0.0,0.0,btc,0.0,0.0,0.0,142
1,[],28,[],2019-07-05 20:39:09,76710.0,0.00001110,0.00000000122507037,7800273,2019-07-05 20:39:09,btc,0.438587390411,4314.0,0.00001110,btc,1381.1951,0.0,0.0043322,142
1,[],17,[],2019-05-03 01:13:16,32967.38636364,0.00000088,0.000000000048224264,7559122,2019-05-03 01:13:16,btc,20.06976206696776,0.0,0.00000088,btc,2746.079105,0.0,0.0105613000000032,142
0,[],22,[],2019-07-05 20:39:11,0.0,0,0,7800274,2019-07-05 20:39:11,,67.81665877,0.0,0,,754491934.7744589,0.0,0.0,143
0,[],22,[],2019-02-25 15:42:22,0.0,0,0,6783783,2019-02-25 15:42:22,,4.2131946,0.0,0,,2322156.0,0.0,0.0,146
,[],22,[],2018-11-20 23:01:11,0.0,0,0,4862114,2018-11-20 23:01:11,,2.56807021,0.0,,,61828.4988236,0.0,0.0,147
1,[],12,[],2019-04-21 06:38:04,193091.5971266,0.00000071,0.000000000037635183,7388679,2019-04-21 06:38:04,btc,2.301232411611175,0.0,0.00000071,btc,9957.48302385,0.00023528,0.0313308199999888,148
1,[],4,[],2019-03-19 21:31:25,255810.0415942,0.00000029,0.000000000011615747,6982695,2019-03-19 21:31:25,btc,218.94922712414143,0.0,0.00000029,btc,793529.37642722,0.00117,0.0608347789473395,152
0,[],22,[],2019-03-19 21:31:27,0.0,0,0,6982696,2019-03-19 21:31:27,,0.0,0.0,0,,0.0,0.0,0.0,152
1,[],5,[],2019-04-26 09:36:59,0.0,0,0,7465040,2019-04-26 09:36:59,btc,0.0,0.0,0,btc,0.0,0.0,0.0,153
,[],16,[],2019-01-11 15:38:59,0.0,0,0,6366141,2019-01-11 15:38:59,btc,0.0,0.0,,btc,0.0,0.0,0.0,155
0,[],23,[],2019-01-20 23:24:29,0.0,0,0,6476932,2019-01-20 23:24:29,,0.0,0.0,0,,0.0,0.0,0.0,156
0,[],22,[],2019-06-04 06:02:09,0.0,0,0,7734688,2019-06-04 06:02:09,,7.43375324,0.0,0,,5955762.942592593,0.0,0.0,156
1,[],22,[],2019-07-05 20:39:15,6996.0,0.00000001,0.000000000001103667,7800275,2019-07-05 20:39:15,BTC,1.7543039,0.0,0.00000001,BTC,57.0,0.0,6.996e-05,157
0,[],22,[],2019-05-21 23:40:32,0.0,0,0,7665049,2019-05-21 23:40:32,,50234.60468402,0.0,0,,54786159.03179465,0.0,0.0,158
,[],17,[],2018-11-20 22:56:10,0.0,0,0,4861976,2018-11-20 22:56:10,btc,1.1265625,0.0,,btc,1000.0,0.0,0.0,159
,[],20,[],2018-11-20 22:56:12,0.0,0,0,4861977,2018-11-20 22:56:12,btc,11912.7940471,0.0,,btc,34413894.3617,0.0,0.0,159
1,[],12,[],2019-05-24 02:51:20,9178.522006449999,0.00000191999999999999982841307998027158276954651228152215480804443359375,0.000000000151222656,7676256,2019-05-24 02:51:20,btc,149.80414728631675,0.0,0.00000191999999999999982841307998027158276954651228152215480804443359375,btc,1115.7451448499999,0.01783167678326,0.0120075778999181,168
1,[],17,[],2019-05-03 01:13:36,42852.0,0.00000002,0.000000000001096006,7559132,2019-05-03 01:13:36,btc,0.04279856251542,0.0,0.00000002,btc,274.46171372,0.0,0.00052852,168
1,[],22,[],2019-05-17 03:01:52,10.0,0.00000001,0.000000000000778341,7642059,2019-05-17 03:01:52,BTC,41.95893009,0.0,0.00000001,BTC,1753972.7737547632,0.0,1e-07,169
1,[],22,[],2019-07-05 20:39:19,100102.0,0.00000001,0.000000000001103667,7800276,2019-07-05 20:39:19,BTC,27.84093381,0.0,0.00000001,"BTC,LTC",276616.94947371836,2.4e-07,0.00119102,171
1,[],22,[],2019-05-29 08:05:18,349870.0,0.00000002,0.000000000001705894,7705265,2019-05-29 08:05:18,BTC,24.05907723,0.0,0.00000002,"BTC,LTC",1224285.4355616204,0.0,0.0039847,173
1,[],5,[],2019-07-05 20:39:21,0.0,0,0,7800277,2019-07-05 20:39:21,btc,0.0,0.00700507,0,btc,0.0,0.0,0.0,175
1,[],22,[],2019-06-17 14:33:12,90671.0,0.00000001,0.00000000000092914,7740175,2019-06-17 14:33:12,BTC,394.35459412,0.0,0.00000001,BTC,136275.61833431243,0.0,0.00090671,176
1,[],7,[],2019-07-01 10:15:32,0.0,0,0,7783526,2019-07-01 10:15:32,btc,521516.2326888725,0.0,0,btc,26809253.73522063,0.0,0.0,178
0,[],2,[],2019-01-20 23:28:34,0.0,0,0,6477001,2019-01-20 23:28:34,,0.0,0.0,0,,0.0,0.0,0.0,178
1,[],22,[],2019-07-05 20:39:25,30.0,0.00000001,0.000000000001103667,7800278,2019-07-05 20:39:25,BTC,1.00242428,0.0,0.00000001,BTC,57512.0,0.0,3e-07,178
0,[],23,[],2019-01-20 23:25:08,0.0,0,0,6476952,2019-01-20 23:25:08,,0.0,0.0,0,,0.0,0.0,0.0,179
1,[],5,[],2019-07-05 20:39:26,0.0,0,0,7800279,2019-07-05 20:39:26,btc,0.0,6.904e-05,0,btc,0.0,0.0,0.0,179
0,[],22,[],2019-07-05 20:39:28,0.0,0,0,7800280,2019-07-05 20:39:28,,9.36109844,0.0,0,,14660796.311946675,0.0,0.0,179
1,[],22,[],2019-07-05 20:41:32,752583.0544245545,0.00000063,0.000000000069531021,7800281,2019-07-05 20:41:32,BTC,40.64291115,0.0,0.00000063,"BTC,LTC",194037.78490434133,0.0116126,0.58931187,180
1,[],26,[],2019-07-05 20:41:32,0.0,0.00000010,0.00000000001103667,7800282,2019-07-05 20:41:32,btc,0.0,50.0,0.00000010,btc,0.0,0.0,0.0,180
1,[],17,[],2019-05-03 01:13:56,20504.725000000002,0.0000001,0.00000000000548003,7559141,2019-05-03 01:13:56,btc,5.2010695838400265,0.0,0.0000001,btc,5033.45945,0.0,0.0011504725,180
,[],7,[],2018-11-20 22:58:01,562227.975654,0.00000085,0.000000000036176765,4862015,2018-11-20 22:58:01,btc,21836.6059674,2491.87645172,,btc,749999.041456,0.00211021,0.127565380455,183
,[],5,[],2019-01-10 08:11:41,0.0,0,0,6347036,2019-01-10 08:11:41,btc,82.15055501,0.00261,,btc,1.19002445,0.0,0.0,187
,[],17,[],2018-11-16 20:58:10,4062536.27273,0.00000001,0.000000000000550501,4708775,2018-11-16 20:58:10,btc,3.36492563466,0.195460381006,,"btc,eth",110697919.549,0.0,0.0157628953496,187
1,[],24,[],2019-05-22 21:04:52,0.0,0.000000000014,0.0000000000000010960978,7670219,2019-05-22 21:04:52,btc,0.0,0.0,0.000000000014,btc,0.0,0.0,0.0,187
0,[],22,[],2019-04-25 02:54:07,0.0,0,0,7447896,2019-04-25 02:54:07,,7.54794454,0.0,0,,76361.7243344055,0.0,0.0,191
0,[],22,[],2019-06-17 14:33:34,0.0,0,0,7740182,2019-06-17 14:33:34,,0.0,0.0,0,,0.0,0.0,0.0,197
0,[],23,[],2019-01-20 23:31:41,0.0,0,0,6477079,2019-01-20 23:31:41,,0.0,0.0,0,,0.0,0.0,0.0,199
0,[],22,[],2019-07-05 20:41:36,0.0,0,0,7800283,2019-07-05 20:41:36,,10.58263174,0.0,0,,84280969.0,0.0,0.0,199
1,[],26,[],2019-07-05 20:41:36,0.0,0.00000000,0,7800284,2019-07-05 20:41:36,btc,0.0,0.0,0.00000000,btc,0.0,0.0,0.0,199
0,[],2,[],2019-01-20 23:30:49,0.0,0,0,6477059,2019-01-20 23:30:49,,0.0,0.0,0,,0.0,0.0,0.0,201
1,[],4,[],2019-01-25 15:51:35,2084389.58565343,0.00000936,0.000000000333526752,6499557,2019-01-25 15:51:35,btc,2.0092503037378524,0.0,0.00000936,btc,160195.80207885,0.19272417,1.242687955921835,211
1,[],7,[],2019-07-01 02:21:28,1170054124.6898527,0.00000018,0.000000000019815389999999997,7782694,2019-07-01 02:21:28,btc,1346735.6331920293,0.0,0.00000018,btc,5516233.71348162,0.0,11.954344045954047,212
1,[],12,[],2019-01-25 02:44:32,207462.42853209,0.000001080000000000000035831255497387193287295303889550268650054931640625,0.000000000038610756000000006,6493050,2019-01-25 02:44:32,btc,85023.03793723314,0.0,0.000001080000000000000035831255497387193287295303889550268650054931640625,btc,43675.73520027,0.000146250909087,0.0348620860622024,213
1,[],5,[],2019-05-30 00:07:46,0.0,0,0,7709357,2019-05-30 00:07:46,btc,0.0,0.06425239,0,btc,0.0,0.0,0.0,213
1,[],24,[],2019-05-30 00:07:46,0.0,0.000000399202,0.0000000000344859829346,7709358,2019-05-30 00:07:46,btc,0.0,0.0,0.000000399202,btc,0.0,0.0,0.0,213
1,[],26,[],2019-05-30 00:07:47,0.0,0.00000040,0.000000000034554919999999996,7709359,2019-05-30 00:07:47,btc,0.0,0.0,0.00000040,btc,0.0,0.0,0.0,213
0,[],22,[],2019-07-05 13:15:52,0.0,0,0,7799198,2019-07-05 13:15:52,,9.54552254,0.0,0,,3658585.214064925,0.0,0.0,216
0,[],27,[],2019-07-05 13:16:00,0.0,0,0,7799199,2019-07-05 13:16:00,,1998.9179475321787,0.0,0,"btc,ltc",555282.57344694,0.0,0.0,216
1,[],22,[],2019-07-05 20:41:41,489941.0,0.00000018,0.000000000019866006,7800285,2019-07-05 20:41:41,BTC,12055.862782,0.0,0.00000018,BTC,592540.9161858524,0.00072,0.02537501,217
1,[],7,[],2019-06-27 19:02:35,0.0,0,0,7772298,2019-06-27 19:02:35,btc,2123800.2774640615,0.0,0,btc,82333746.4752352,0.0,0.0,219
0,[],27,[],2019-07-05 20:41:49,0.0,0,0,7800286,2019-07-05 20:41:49,,250.20642758069673,0.0,0,btc,46772.535837,0.0,0.0,219
0,[],28,[],2019-07-05 20:41:57,0.0,0,0,7800287,2019-07-05 20:41:57,,0.0,0.0,0,,0.0,0.0,0.0,219
0,[],22,[],2019-06-26 23:36:41,0.0,0,0,7769178,2019-06-26 23:36:41,,56.75439223,0.0,0,,184664.6482738741,0.0,0.0,221
1,[],24,[],2019-06-26 23:36:41,0.0,0.000000030000,0.000000000003835668,7769179,2019-06-26 23:36:41,btc,0.0,0.0,0.000000030000,btc,0.0,0.0,0.0,221
1,[],20,[],2019-06-17 14:34:11,26882155.8301,0.000000003,0.000000000000278742,7740192,2019-06-17 14:34:11,btc,100050.81956632523,233521.3529,0.000000003,btc,38769742.8604,0.0007925640587,0.0306863532672,224
0,[],22,[],2019-06-17 14:34:13,0.0,0,0,7740193,2019-06-17 14:34:13,,0.0,0.0,0,,0.0,0.0,0.0,224
1,[],26,[],2019-07-05 20:41:57,0.0,0.00000022,0.000000000024280674,7800288,2019-07-05 20:41:57,btc,0.0,0.0,0.00000022,btc,0.0,0.0,0.0,231
1,[],26,[],2019-07-05 20:41:58,0.0,0.00000005,0.000000000005518335,7800289,2019-07-05 20:41:58,btc,0.0,0.0,0.00000005,btc,0.0,0.0,0.0,234
0.00000000026018570000000003,[],27,[],2019-07-05 20:42:05,100.0,2.601857e-18,2.871583709619e-22,7800290,2019-07-05 20:42:05,eth,0.0,0.0,0.00000001,"btc,eth",0.0,0.0,2.6018570000000003e-16,234
1,[],4,[],2019-05-22 17:06:12,91780.56053785,0.00000078,0.000000000061977552,7669277,2019-05-22 17:06:12,btc,5.573372450018177,0.0,0.00000078,btc,729173.93529783,0.0,0.0307060663355679,236
1,[],24,[],2019-05-22 17:06:12,0.0,0.000000010000,0.000000000000794584,7669278,2019-05-22 17:06:12,btc,0.0,0.0,0.000000010000,btc,0.0,0.0,0.0,236
1,[],5,[],2019-07-05 20:42:07,0.0,0,0,7800291,2019-07-05 20:42:07,btc,0.0,0.17353432,0,btc,0.0,0.0,0.0,237
1,[],20,[],2019-07-05 20:42:09,124863570.7681,0.000000054,0.0000000000059598018,7800292,2019-07-05 20:42:09,btc,548.346967847433,2597457.6811,0.000000054,btc,46285676.6335,0.1471678484695,0.6888989104939,237
1,[],22,[],2019-07-05 20:42:14,2087097.0,0.00000003,0.000000000003311001,7800293,2019-07-05 20:42:14,BTC,1.20109922,0.0,0.00000003,"BTC,LTC",14430.948717948719,0.0,0.02685955,237
1,[],4,[],2019-07-05 20:42:14,26353604.4624114,0.00000005,0.000000000005518335,7800294,2019-07-05 20:42:14,btc,3.2067108484831808,0.0,0.00000005,btc,18780376.17487693,0.04951781,0.450456353473866,238
1,[],5,[],2019-07-05 20:42:16,0.0,0,0,7800295,2019-07-05 20:42:16,btc,0.0,0.05739299,0,btc,0.0,0.0,0.0,238
0,[],22,[],2019-03-12 16:49:32,0.0,0,0,6914458,2019-03-12 16:49:32,,0.40415746,0.0,0,,526736.5639027493,0.0,0.0,249
0,[],22,[],2019-07-05 20:42:19,0.0,0,0,7800296,2019-07-05 20:42:19,,13.44711564,0.0,0,,43776457.3426455,0.0,0.0,252
1,[],28,[],2019-07-05 20:42:25,784976.6,0.00000004,0.000000000004414668,7800297,2019-07-05 20:42:25,btc,205.61634154685,234622.6,0.00000004,btc,5210463.7932,0.0,0.021138064,256
0.0000000001065474,[],22,[],2019-07-05 20:42:29,11517.0,2.663685e-17,2.939821232895e-21,7800298,2019-07-05 20:42:29,LTC,31471.86831386,0.0,0.00000025,LTC,732242.028948892,0.0,0.00251517,258
1,[],22,[],2019-05-19 18:12:02,400.0,0.00000001,0.0000000000007957800000000001,7653905,2019-05-19 18:12:02,BTC,2.415167,0.0,0.00000001,BTC,157.0,0.0,4e-06,259
1,[],5,[],2019-07-02 14:44:15,0.0,0,0,7788374,2019-07-02 14:44:15,btc,0.0,0.02775788,0,btc,0.0,0.0,0.0,264
1,[],20,[],2019-07-02 14:44:17,953070.9962,0.000000178,0.000000000017956461999999998,7788375,2019-07-02 14:44:17,btc,1.1507330656826,14313.4023,0.000000178,btc,65222.866,0.0046947959544,0.0049363258649,264
0,[],22,[],2019-04-12 17:57:27,0.0,0,0,7278186,2019-04-12 17:57:27,,66.37522201,0.0,0,,677842.4169881374,0.0,0.0,271
0,[],22,[],2019-07-05 20:42:32,0.0,0,0,7800299,2019-07-05 20:42:32,,33050469.74148113,0.0,0,,14261527780.7,0.0,0.0,272
0.000000000000003551,[],28,[],2019-07-05 20:42:39,323967331122.82,4.2612e-22,4.7029458204000003e-26,7800300,2019-07-05 20:42:39,doge,57915834.48571797,4587186404.3449,0.00000012,doge,75544491282.97765,0.0,7.373535356223171e-11,272
1,[],22,[],2019-05-23 07:12:29,219930.0,0.00000004,0.000000000003048688,7671985,2019-05-23 07:12:29,BTC,426.77835217,0.0,0.00000004,BTC,248664.3325962929,0.0,0.00739728,281
1,[],22,[],2019-07-02 18:15:29,1409605.9,0.00000002,0.000000000002147082,7789011,2019-07-02 18:15:29,BTC,7.87630805,0.0,0.00000002,"BTC,LTC",1137979.797623037,0.00674692,0.02432534,286
0,[],22,[],2019-06-17 14:34:53,0.0,0,0,7740207,2019-06-17 14:34:53,,7337915.80475575,0.0,0,,2078527309.6797826,0.0,0.0,294
