pairValue,buyBook,exchangeId,sellBook,updated,buyTotal,satoshiPrice,usdPrice,exchangeLogId,created,bestPair,sellTotalBtc,volume,pairPrice,activePairs,sellTotal,volumeBtc,buyTotalBtc,coinId
1,[],3,[],2019-02-07 10:59:04,116.637922796421,0.01260235000000000001041389197098396834917366504669189453125,0.00000043112387303000003,6611801,2019-02-07 10:59:04,btc,107.05316188192504,1.4596432,0.01260235000000000001041389197098396834917366504669189453125,btc,20.792065670772,0.0,0.3468045118368488,1
1,[],4,[],2019-02-07 10:59:05,120139.78420507,0.01266898,0.000000433403272004,6611802,2019-02-07 10:59:05,btc,0.8794476593906974,0.0,0.01266898,btc,66.95296332,0.33433302,1.4269056760586116,1
1,[],5,[],2019-02-07 10:59:07,0.25304768,0.01212183,0.000000414685379934,6611803,2019-02-07 10:59:07,btc,14577.93793516,0.14712521,0.01212183,btc,35555556.0046912,0.0,1.44402027,1
1,[],10,[],2019-02-07 10:59:09,414829.60563621,0.01144391,0.00000039149387231800003,6611804,2019-02-07 10:59:09,btc,6533.680106065834,1338.99128563,0.01144391,btc,1079.91954358,0.0,4.572747220490989,1
1,[],12,[],2019-02-07 10:59:14,10442.25275027,0.01264999999999999978628206775965736596845090389251708984375,0.00000043275397,6611805,2019-02-07 10:59:14,btc,0.3527337109548,0.0,0.01264999999999999978628206775965736596845090389251708984375,btc,22.12976627,0.708978650291,0.4277213614661,1
1,[],20,[],2019-02-07 10:59:16,1149.0663,0.01200001,0.000000410517942098,6611806,2019-02-07 10:59:16,btc,0.0566246204203,0.1109,0.01200001,btc,2.488,0.001330801109,0.0829777377287,1
1,[],21,[],2019-02-07 10:59:17,2666.45300116,0.01268000000000000029864999362,0.000000433780264,6611807,2019-02-07 10:59:17,btc,14.61873483303922,1675.6432029300001,0.0126800000000000002986499936241671093739569187164306640625,"btc,eth",1737.04934673,19.340484257411074,26.282551815415353,1
1,[],22,[],2019-02-07 10:59:21,0.0263776,0.01350000,0.00000046183230000000003,6611808,2019-02-07 10:59:21,BTC,0.31397231,0.0,0.01350000,BTC,0.10124366666666666,0.0,0.00034472,1
1,[],24,[],2019-02-07 10:59:21,0.0,0.000000000000,0,6611809,2019-02-07 10:59:21,btc,0.0,0.0,0.000000000000,btc,0.0,0.0,0.0,1
0.0,[],25,[],2019-02-07 10:59:22,0.0,0,0,6611810,2019-02-07 10:59:22,btc,23.15139999774126,2556.68260967,0.0,btc,1769.45075117,32.7572,0.0,1
1,[],26,[],2019-02-07 10:59:32,0.0,0,0,6611811,2019-02-07 10:59:32,,0.0,0.0,0,,0.0,0.0,0.0,1
1,[],28,[],2019-02-07 10:59:34,987.9,0.01131000,0.000000386912838,6611812,2019-02-07 10:59:34,btc,0.162839806,13954.9,0.01131000,btc,8.9,0.0,0.024551096,1
0,[],2,[],2019-01-20 23:28:45,0.0,0,0,6477011,2019-01-20 23:28:45,,0.0,0.0,0,,0.0,0.0,0.0,1
1,[],5,[],2019-02-07 10:59:35,2.205e-05,0.00000074,0.000000000025315252000000002,6611813,2019-02-07 10:59:35,btc,0.142126,0.01279068,0.00000074,btc,7.265e-05,0.0,0.45114894,2
1,[],22,[],2019-02-07 10:59:39,1348.0,0.00000018,0.0000000000061577640000000005,6611814,2019-02-07 10:59:39,BTC,4.22139261,0.0,0.00000018,"BTC,XMR",14654.712016896552,0.0,0.00091235,2
1,[],5,[],2019-02-07 10:59:40,1.25e-06,0.00000016,0.0000000000054735680000000005,6611815,2019-02-07 10:59:40,btc,3.46860016,0.02332544,0.00000016,btc,2.204e-05,0.0,2.91069668,3
1,[],12,[],2019-02-07 10:59:42,12316468.3377052,0.000000168,0.0000000000057472464,6611816,2019-02-07 10:59:42,btc,921361.6069770914,0.0,0.000000168,btc,8548893.84661069,0.0827780686288205,0.5189024048301109,3
0,[],28,[],2019-02-07 10:59:43,0.0,0,0,6611817,2019-02-07 10:59:43,,0.0,0.0,0,,0.0,0.0,0.0,3
0,[],2,[],2019-01-20 23:31:32,0.0,0,0,6477077,2019-01-20 23:31:32,,0.0,0.0,0,,0.0,0.0,0.0,4
1,[],4,[],2019-02-07 10:11:00,534528.82018758,0.00000032,0.000000000010942624,6611616,2019-02-07 10:11:00,btc,0.3594404656140303,0.0,0.00000032,btc,344082.23008056,0.0,0.0921886007199018,4
1,[],12,[],2019-02-06 17:43:51,1519183.5219999999,0.00000004,0.000000000001361944,6605019,2019-02-06 17:43:51,btc,11013878.268140282,0.0,0.00000004,btc,964899.39031991,0.0009933149650351,0.02495011044,5
0,[],2,[],2019-01-20 23:31:51,0.0,0,0,6477087,2019-01-20 23:31:51,,0.0,0.0,0,,0.0,0.0,0.0,6
1,[],11,[],2019-02-07 10:11:01,8330409.4999525,0.00000002,0.000000000000683914,6611617,2019-02-07 10:11:01,btc,9433.359805412096,42700.0,0.00000002,btc,41639325.78502706,0.0,0.13027967499905,6
1,[],3,[],2019-02-07 10:59:43,1066.558051320279,0.000150559999999999995050348200464895853656344115734100341796875,0.000000005150627488,6611818,2019-02-07 10:59:43,btc,27.600142753279105,0.0,0.000150559999999999995050348200464895853656344115734100341796875,btc,234.145665820227,0.0,0.03053197781660925,7
1,[],4,[],2019-02-07 10:59:44,18728.87107879,0.00019665,0.00000000672735717,6611819,2019-02-07 10:59:44,btc,1.6605930445612136,0.0,0.00019665,btc,7608.15906799,2.37713245,3.1406407601834134,7
1,[],5,[],2019-02-07 10:59:45,0.00600797,0.00018501,0.000000006329155098,6611820,2019-02-07 10:59:45,btc,1.51909727,0.51937255,0.00018501,btc,0.01188958,0.0,1.64698408,7
1,[],20,[],2019-02-07 10:59:47,66461509.91,0.000000001,0.0000000000000342098,6611821,2019-02-07 10:59:47,btc,116.1325013062774,0.0,0.000000001,btc,29312144.5195,0.0,0.06646150991,8
0,[],2,[],2019-01-20 23:22:42,0.0,0,0,6476876,2019-01-20 23:22:42,,0.0,0.0,0,,0.0,0.0,0.0,9
0,[],23,[],2019-01-20 23:22:48,0.0,0,0,6476878,2019-01-20 23:22:48,,0.0,0.0,0,,0.0,0.0,0.0,9
1,[],1,[],2019-02-07 10:59:48,1995176.4200000002,0.000001879999999999999999629744958096200235786454868502914905548095703125,0.000000000064314424,6611822,2019-02-07 10:59:48,btc,2.89725968,8935347.41,0.000001879999999999999999629744958096200235786454868502914905548095703125,btc,1507658.06,16.82678063,3.6972952126000003,9
1,[],4,[],2019-02-07 10:59:48,304014.63250374,0.00000187,0.000000000063972326,6611823,2019-02-07 10:59:48,btc,0.9469800865461349,0.0,0.00000187,btc,482466.30388331,1.0968521,0.5338477366293943,9
1,[],28,[],2019-02-07 10:59:50,34500.0,0.00000165,0.00000000005644617,6611824,2019-02-07 10:59:50,btc,2708.7727397804,2638428.0,0.00000165,btc,15437.14,0.0,0.02854,9
1,[],4,[],2019-02-04 22:10:59,7341799.37826053,0.00000002,0.000000000000693444,6584299,2019-02-04 22:10:59,btc,0.1999615409270056,0.0,0.00000002,btc,4135980.29534268,0.00062922,0.0786653918652106,10
0,[],2,[],2019-01-20 23:23:08,0.0,0,0,6476890,2019-01-20 23:23:08,,0.0,0.0,0,,0.0,0.0,0.0,12
1,[],4,[],2019-02-07 10:59:51,1893769.01787556,0.00000153,0.000000000052340994,6611825,2019-02-07 10:59:51,btc,0.9480742132547381,0.0,0.00000153,btc,580896.28456644,1.89764814,2.6783516039987267,12
1,[],5,[],2019-02-07 10:59:52,2.7e-05,0.00000148,0.000000000050630504000000004,6611826,2019-02-07 10:59:52,btc,0.58618135,0.70842555,0.00000148,btc,0.00012163,0.0,0.33659784,12
0.0,[],25,[],2019-02-07 10:59:53,0.0,0,0,6611827,2019-02-07 10:59:53,,0.0,0.0,0.0,btc,0.0,0.0,0.0,12
1,[],4,[],2019-02-07 10:59:53,1291098.43931891,0.00000721,0.000000000246652658,6611828,2019-02-07 10:59:53,btc,0.3202898177269375,0.0,0.00000721,btc,42170.28342801,1.50660577,1.1936921833988445,13
1,[],21,[],2019-02-07 10:59:56,1380412.86311656,0.000007720000000000000624743312638,0.000000000264099656,6611829,2019-02-07 10:59:56,btc,11.317869586059427,3913865.26581102,0.000007720000000000000624743312638287306981510482728481292724609375,btc,1235314.57431316,28.6185459,8.306251314959827,13
1,[],10,[],2019-02-07 10:11:18,532109.52209627,0.00000637,0.000000000217826609,6611629,2019-02-07 10:11:18,btc,666810.5183401606,20459.8525943,0.00000637,btc,745397.02880999,0.0,0.352275031709888,13
1,[],4,[],2019-02-07 10:59:57,1206704.80717542,0.00000165,0.00000000005644617,6611830,2019-02-07 10:59:57,btc,0.1054100597483322,0.0,0.00000165,btc,48238.18609709,0.008009,0.5218934108349508,14
1,[],12,[],2019-02-07 10:59:59,105716.60839563,0.000001480000000000000017730500227741696761540879379026591777801513671875,0.000000000050630504000000004,6611831,2019-02-07 10:59:59,btc,1.7637269231737391,0.0,0.000001480000000000000017730500227741696761540879379026591777801513671875,btc,28186.00592497,0.0,0.0324625300000005,14
0,[],17,[],2019-02-07 11:00:00,0.0,0,0,6611832,2019-02-07 11:00:00,btc,0.0,0.0,0,btc,0.0,0.0,0.0,14
1,[],26,[],2019-02-07 11:00:01,0.0,0.00000049,0.000000000016762802,6611833,2019-02-07 11:00:01,btc,0.0,0.0,0.00000049,btc,0.0,0.0,0.0,14
0,[],4,[],2019-02-07 11:00:02,0.0,0,0,6611834,2019-02-07 11:00:02,,0.0,0.0,0,,0.0,0.0,0.0,15
,[],12,[],2018-12-01 15:15:48,204241.84496,0.00000489,0.000000000202473384,5260204,2018-12-01 15:15:48,btc,49.5475654835,0.0,,btc,35763.2193806,0.0163153972027625,0.0203389899998,15
0,[],2,[],2019-01-20 23:23:38,0.0,0,0,6476906,2019-01-20 23:23:38,,0.0,0.0,0,,0.0,0.0,0.0,18
1,[],4,[],2019-02-07 11:00:03,23867.56471507,0.00001824,0.000000000623986752,6611835,2019-02-07 11:00:03,btc,2.3032914611304527,0.0,0.00001824,btc,11899.62106681,0.03792416,0.0620975040250874,18
1,[],10,[],2019-02-07 11:00:05,788573.45261719,0.00001779,0.000000000608592342,6611836,2019-02-07 11:00:05,btc,15.594580590082485,2529.40230117,0.00001779,btc,12868.97858644,0.0,0.2770685654669059,18
1,[],12,[],2019-02-07 11:00:07,200753.52965907,0.0000170500000000000010813398787501427023016731254756450653076171875,0.00000000058327709,6611837,2019-02-07 11:00:07,btc,0.1849869253847518,0.0,0.0000170500000000000010813398787501427023016731254756450653076171875,btc,1671.0944549399999,0.0264857790297698,0.0165523393980146,18
0,[],17,[],2019-02-07 11:00:08,0.0,0,0,6611838,2019-02-07 11:00:08,btc,0.0,0.0,0,btc,0.0,0.0,0.0,18
0,[],2,[],2019-01-20 23:24:19,0.0,0,0,6476924,2019-01-20 23:24:19,,0.0,0.0,0,,0.0,0.0,0.0,19
1,[],3,[],2019-02-07 11:00:09,124758.14365308046,0.0000219200000000000001939247373794472650843090377748012542724609375,0.000000000749878816,6611839,2019-02-07 11:00:09,btc,0.4510756535126151,267.572280702,0.0000219200000000000001939247373794472650843090377748012542724609375,btc,5277.930805902641,0.0,0.10119951923151552,19
1,[],4,[],2019-02-07 11:00:10,234673.47170845,0.00002309,0.0000000007899042820000001,6611840,2019-02-07 11:00:10,btc,0.3231637005406759,0.0,0.00002309,btc,11770.74323656,0.79693869,2.491020966791808,19
1,[],5,[],2019-02-07 11:00:11,0.00013112,0.00002500,0.000000000855245,6611841,2019-02-07 11:00:11,btc,0.28735786,0.09606924,0.00002500,btc,0.00301148,0.0,0.08154818,19
1,[],12,[],2019-02-07 11:00:12,134816.01825681,0.00002510999999999999845079652616153254029995878227055072784423828125,0.000000000859008078,6611842,2019-02-07 11:00:12,btc,0.030120342434069802,0.0,0.00002510999999999999845079652616153254029995878227055072784423828125,btc,315.41105484,0.00020965,0.0318329884284991,19
0,[],27,[],2019-02-07 11:00:14,0.0,0,0,6611843,2019-02-07 11:00:14,,0.0,0.0,0,btc,0.0,0.0,0.0,19
1,[],4,[],2019-02-07 11:00:15,8042346.97209016,0.00000013,0.000000000004447274,6611844,2019-02-07 11:00:15,btc,0.8115322781103699,0.0,0.00000013,btc,1594753.31171721,0.0,0.255683087491571,20
1,[],4,[],2019-02-07 11:00:16,122069349.60142225,0.00000002,0.0000000000006841960000000001,6611845,2019-02-07 11:00:16,btc,0.6269005045789393,0.0,0.00000002,btc,16267351.82765048,0.0073669,1.4509645762382855,21
1,[],12,[],2019-02-07 11:00:17,19032664.0,0.00000002,0.0000000000006841960000000001,6611846,2019-02-07 11:00:17,btc,669.7788089732579,0.0,0.00000002,btc,8561851.65434831,0.0,0.25358563,21
0,[],17,[],2019-02-07 11:00:19,0.0,0,0,6611847,2019-02-07 11:00:19,btc,0.0,0.0,0,btc,0.0,0.0,0.0,21
1,[],12,[],2019-02-07 11:00:20,2150552762.531895,0.0000000001,0.0000000000000034209800000000002,6611848,2019-02-07 11:00:20,btc,625864717664.043,0.0,0.0000000001,btc,4344882783.147063,0.006010942132068453,0.21505527625318951,23
0,[],27,[],2019-02-07 11:00:22,0.0,0,0,6611849,2019-02-07 11:00:22,,0.426429,0.0,0,eth,426429.0,0.0,0.0,23
1,[],4,[],2019-02-07 11:00:22,387353.36736136,0.00000078,0.000000000026683644000000002,6611850,2019-02-07 11:00:22,btc,0.0772961295555198,0.0,0.00000078,btc,70171.70797619,0.01508201,0.1999827502281883,24
1,[],22,[],2019-02-07 11:00:37,11.76,0.00000100,0.0000000000342098,6611851,2019-02-07 11:00:37,BTC,7.415e-05,0.0,0.00000100,BTC,23.919354838709676,0.0,1.176e-05,24
0.0,[],25,[],2019-02-07 11:00:38,0.0,0,0,6611852,2019-02-07 11:00:38,,0.0,0.0,0.0,btc,0.0,0.0,0.0,24
1,[],4,[],2019-02-07 11:00:39,27834710.96200532,0.00000647,0.000000000221337406,6611853,2019-02-07 11:00:39,btc,0.3997137586814813,0.0,0.00000647,btc,33349.59690475,0.17413727,0.4215748410458539,26
1,[],10,[],2019-02-07 11:00:41,731229.59560374,0.00000594,0.000000000203206212,6611854,2019-02-07 11:00:41,btc,25.973199791621767,26.05242634,0.00000594,btc,12898.87518182,0.0,0.2093669812698613,26
0,[],2,[],2019-01-20 23:25:56,0.0,0,0,6476976,2019-01-20 23:25:56,,0.0,0.0,0,,0.0,0.0,0.0,26
1,[],3,[],2019-02-07 11:00:41,5729449.49917938,0.00000002,0.0000000000006841960000000001,6611855,2019-02-07 11:00:41,btc,2.512979286177026,194097.539672,0.00000002,btc,16145309.5169197,0.0,0.058903429595073296,27
1,[],5,[],2019-02-07 11:00:43,3e-08,0.00000002,0.0000000000006841960000000001,6611856,2019-02-07 11:00:43,btc,1.51507804,9.135e-05,0.00000002,btc,4.69e-05,0.0,0.11603357,27
1,[],11,[],2019-02-07 11:00:44,10064996.7912115,0.00000005,0.00000000000171049,6611857,2019-02-07 11:00:44,btc,370.63310344475406,219.9,0.00000005,btc,8170877.7193934005,0.0,0.4661206184459823,27
1,[],4,[],2019-02-07 11:00:46,610736198.9493669,0.00000002,0.0000000000006841960000000001,6611858,2019-02-07 11:00:46,btc,0.18417343575710535,0.0,0.00000002,"btc,ltc",28474082.8625147,0.15573776,7.392669132381298,29
1,[],7,[],2019-02-07 11:00:47,67910991.15518785,0.00000003,0.000000000001026294,6611859,2019-02-07 11:00:47,btc,44465205.795949176,9659132.00624,0.00000003,btc,42513957.66655455,0.0,0.9378634327012422,29
1,[],4,[],2019-02-07 11:00:47,1658459.74581979,0.00000030,0.00000000001026294,6611860,2019-02-07 11:00:47,btc,0.2788482214946201,0.0,0.00000030,btc,561116.56002287,0.00689146,0.1585516814929488,30
0,[],17,[],2019-02-07 11:00:49,0.0,0,0,6611861,2019-02-07 11:00:49,btc,0.0,0.0,0,btc,0.0,0.0,0.0,30
1,[],4,[],2019-02-07 11:00:50,1150277.12782227,0.00006606,0.000000002259899388,6611862,2019-02-07 11:00:50,btc,0.9327025547821989,0.0,0.00006606,btc,11876.83085553,0.65399884,2.961000732342516,31
1,[],21,[],2019-02-07 11:00:51,78717.10428300001,0.00006653000000000000167983682520,0.000000002275977994,6611863,2019-02-07 11:00:51,btc,5.356302942227404,222114.48804692,0.00006653000000000000167983682519690091794473119080066680908203125,btc,73108.09323189,14.83644666,4.743771331781423,31
0,[],2,[],2019-01-20 23:28:43,0.0,0,0,6477009,2019-01-20 23:28:43,,0.0,0.0,0,,0.0,0.0,0.0,32
1,[],4,[],2019-02-07 11:00:51,150678242.42978355,0.00000005,0.0000000000017104900000000001,6611864,2019-02-07 11:00:51,btc,2.1290935271743545,0.0,0.00000005,"btc,ltc",42653782.59819158,0.40617412,2.756428628132648,33
1,[],12,[],2019-02-07 11:00:53,16454771.0,0.00000005,0.00000000000171049,6611865,2019-02-07 11:00:53,btc,17261781.748750493,0.0,0.00000005,btc,89354633.97202775,0.018474475674328,0.57454703,33
1,[],4,[],2019-02-07 11:00:54,127579993.97915792,0.00000002,0.0000000000006841960000000001,6611866,2019-02-07 11:00:54,btc,0.7629581750051427,0.0,0.00000002,btc,25431939.16683809,1.25756319,1.2813124951815793,34
1,[],5,[],2019-02-07 11:00:55,3e-08,0.00000002,0.0000000000006841960000000001,6611867,2019-02-07 11:00:55,btc,3.73593717,1.30814735,0.00000002,btc,1.394e-05,0.0,0.97859395,34
0.0000000000980136,[],4,[],2019-02-07 11:00:56,1299233217.304,2.940408e-18,1.005907695984e-22,6611868,2019-02-07 11:00:56,ltc,7.903097916804324e-09,0.0,0.00000003,ltc,1615947281.4188836,0.0,2.4787903847446583e-09,36
1,[],5,[],2019-02-07 11:00:57,0.0,0,0,6611869,2019-02-07 11:00:57,btc,193.43224275,0.0,0,btc,1.295e-05,0.0,0.0,36
0,[],17,[],2019-02-07 11:00:59,0.0,0,0,6611870,2019-02-07 11:00:59,btc,0.1417436283340313,0.00010908,0,btc,10815166.27743647,0.0,0.0,36
0.0000000000980136,[],27,[],2019-02-07 11:01:01,1000000.0,1.960272e-18,6.70605130656e-23,6611871,2019-02-07 11:01:01,ltc,252.8263276744,0.0,0.00000002,"ltc,eth",3711879.06,0.0,1.960272e-12,36
1,[],4,[],2019-02-07 11:01:01,248768.25301866,0.00000132,0.000000000045156936000000004,6611872,2019-02-07 11:01:01,btc,0.4410963312190001,0.0,0.00000132,btc,245773.38282692,0.07917143,0.1412765328250227,37
1,[],12,[],2019-02-07 11:01:02,360885.17153834,0.00000137000000000000001212029608621545406776931486092507839202880859375,0.000000000046867426,6611873,2019-02-07 11:01:02,btc,1337.9576510704514,0.0,0.00000137000000000000001212029608621545406776931486092507839202880859375,btc,808449.62299478,0.0698662093314467,0.20261555904001188,37
1,[],17,[],2019-02-07 11:01:04,1752.74075282,0.00000025,0.00000000000855245,6611874,2019-02-07 11:01:04,btc,0.05548492396476988,0.0,0.00000025,btc,1387.19918473,0.0,0.00043818518820499993,37
1,[],27,[],2019-02-07 11:01:05,16833.0,0.00000052,0.000000000017789096,6611875,2019-02-07 11:01:05,btc,32.34621317030353,0.0,0.00000052,btc,19579.81438508,0.0,0.00570484,37
1,[],5,[],2019-02-07 11:01:07,1.526e-05,0.00000091,0.000000000031130918,6611876,2019-02-07 11:01:07,btc,0.09487629,0.09838596,0.00000091,btc,0.00010027,0.0,0.04749314,42
1,[],12,[],2019-02-07 11:01:07,147368.63332196,0.000001049999999999999899545958213786800428124479367397725582122802734375,0.000000000035920289999999997,6611877,2019-02-07 11:01:07,btc,88.50722472742805,0.0,0.000001049999999999999899545958213786800428124479367397725582122802734375,btc,100365.62143082,0.0222078332367763,0.0510162400000068,42
0,[],27,[],2019-02-07 11:01:09,0.0,0,0,6611878,2019-02-07 11:01:09,,0.00315028,0.0,0,"btc,eth",11.007,0.0,0.0,42
1,[],5,[],2019-02-07 11:01:11,6e-08,0.00000003,0.000000000001026294,6611879,2019-02-07 11:01:11,btc,6.02525856,0.00010837,0.00000003,btc,1.425e-05,0.0,0.5535881,43
1,[],12,[],2019-02-07 11:01:12,6725799.0,0.00000002,0.0000000000006841960000000001,6611880,2019-02-07 11:01:12,btc,20007456.464629132,0.0,0.00000002,btc,38831539.08731268,0.0003314898101898,0.06729673,43
0,[],17,[],2019-02-07 11:01:14,0.0,0,0,6611881,2019-02-07 11:01:14,btc,0.0,0.0,0,btc,0.0,0.0,0.0,43
1,[],12,[],2019-02-07 11:01:15,853506.0,0.00000006,0.000000000002052588,6611882,2019-02-07 11:01:15,btc,11115166.92782163,0.0,0.00000006,btc,1019199.14685313,0.0012288049850147,0.02484622,44
1,[],4,[],2019-02-07 11:01:16,224415896.53747296,0.00000002,0.0000000000006841960000000001,6611883,2019-02-07 11:01:16,btc,0.19502422255642907,0.0,0.00000002,"btc,ltc",4972786.21727527,0.00544859,0.4300748344534743,49
0.0000000000980136,[],4,[],2019-02-07 11:01:17,4545025382.117896,1.960272e-18,6.70605130656e-23,6611884,2019-02-07 11:01:17,ltc,4.645173504134196,0.0,0.00000002,ltc,1785603133.4963932,0.0,4.67801469183489e-09,52
0,[],22,[],2019-02-07 11:01:20,0.0,0,0,6611885,2019-02-07 11:01:20,,3693.16121,0.0,0,,247835727.90882352,0.0,0.0,57
0,[],27,[],2019-02-07 11:01:24,0.0,0,0,6611886,2019-02-07 11:01:24,,0.0,0.0,0,"btc,eth",0.0,0.0,0.0,57
0.0000000000980136,[],4,[],2019-02-07 11:01:25,1524205084.5513074,4.90068e-18,1.6765128266400002e-22,6611887,2019-02-07 11:01:25,ltc,3.281629826670674,0.0,0.00000005,ltc,1054486267.1813433,0.0,5.194006313262601e-09,58
1,[],12,[],2019-02-07 11:01:26,2096613817.843957,0.0000000006,0.00000000000002052588,6611888,2019-02-07 11:01:26,btc,124005484626.29776,0.0,0.0000000006,btc,3035336747.6334662,0.034223473825174835,0.7633465215011391,58
0,[],17,[],2019-02-07 11:01:28,0.0,0,0,6611889,2019-02-07 11:01:28,btc,1e+24,0.0,0,btc,41616695.95832568,0.0,0.0,58
0.0000000001255317,[],22,[],2019-02-07 11:01:31,137438.0,1.2553170000000002e-18,4.2944143506600005e-23,6611890,2019-02-07 11:01:31,XMR,69.8835922,0.0,0.00000001,XMR,9887963.0,0.0,0.00137438,58
1,[],5,[],2019-02-07 11:01:33,5.49e-06,0.00000060,0.00000000002052588,6611891,2019-02-07 11:01:33,btc,0.27356181,0.00049674,0.00000060,btc,0.0001236,0.0,0.03207777,61
1,[],22,[],2019-02-07 11:01:37,5111.5,0.00000011,0.000000000003763078,6611892,2019-02-07 11:01:37,BTC,1002.29606732,0.0,0.00000011,BTC,15028.700278135757,0.0,0.00051178,61
1,[],26,[],2019-02-07 11:01:37,0.0,0.00000800,0.0000000002736784,6611893,2019-02-07 11:01:37,btc,0.0,0.0,0.00000800,btc,0.0,0.0,0.0,61
1,[],27,[],2019-02-07 10:13:55,100.0,0.00000032,0.000000000010942624,6611695,2019-02-07 10:13:55,btc,0.183742184,12.58,0.00000032,"btc,eth",188.1888,0.0055352,3.1e-05,61
1,[],28,[],2019-02-07 10:13:59,6884.304,0.0000006,0.00000000002051742,6611696,2019-02-07 10:13:59,btc,2.059333633700105,558.0,0.0000006,btc,10745.10450005,0.0,0.00216611304,61
1,[],4,[],2019-02-07 10:14:00,411479.38511037,0.00000185,0.00000000006326204500000001,6611697,2019-02-07 10:14:00,btc,0.744504718750668,0.0,0.00000185,btc,228569.47725699,0.084297,0.5184985441866824,67
0.0,[],25,[],2019-02-07 10:14:03,0.0,0,0,6611698,2019-02-07 10:14:03,,0.0,0.0,0.0,btc,0.0,0.0,0.0,67
1,[],12,[],2019-02-07 10:14:04,2569344.33011111,0.0000003,0.00000000001025871,6611699,2019-02-07 10:14:04,btc,11115997.445854524,0.0,0.0000003,btc,2017685.77882117,0.0983854059540616,0.0934213364411118,71
,[],5,[],2018-11-20 23:02:39,1.5e-07,0.00000005,0.000000000002128045,4862160,2018-11-20 23:02:39,btc,2.84511358,0.0,,btc,0.00036572,0.0,0.07381892,74
1,[],5,[],2019-01-25 15:53:51,3.303e-05,0.00000156,0.000000000055588884,6499610,2019-01-25 15:53:51,btc,1.42844212,0.0,0.00000156,btc,0.00015937,0.0,0.49487621,75
0,[],20,[],2019-01-25 09:30:31,0.0,0,0,6495923,2019-01-25 09:30:31,btc,0.0,0.0,0,btc,0.0,0.0,0.0,81
1,[],4,[],2019-02-07 10:14:05,61335380.82492337,0.00000001,0.000000000000341957,6611700,2019-02-07 10:14:05,btc,0.7643178127338421,0.0,0.00000001,btc,14463797.09306941,0.00040318,0.6133538082492337,81
1,[],4,[],2019-02-07 10:14:07,23958.32326176,0.00007350,0.0000000025133839500000003,6611701,2019-02-07 10:14:07,btc,0.7913427362387812,0.0,0.00007350,btc,7264.92092544,0.00368382,0.0990418973492569,82
1,[],21,[],2019-02-07 10:14:08,54713.249417759995,0.00007517999999999999509447956569,0.000000002570832726,6611702,2019-02-07 10:14:08,btc,3.4999267451905074,2232.45563712,0.00007517999999999999509447956569374582613818347454071044921875,btc,39904.31464779,0.16970715,2.9950514172898446,82
0,[],17,[],2019-02-07 10:02:39,0.0,0,0,6611495,2019-02-07 10:02:39,btc,0.0447233088476774,0.0,0,btc,999127.19588126,0.0,0.0,84
0.0000000000979734,[],4,[],2019-02-07 10:14:09,341461263.3033309,1.0777074e-17,3.6852958938180003e-22,6611703,2019-02-07 10:14:09,ltc,0.1956906322218539,0.0,0.00000011,ltc,68322922.10512514,0.0,1.3715570301686172e-09,85
,[],22,[],2018-11-20 23:09:34,3408.1,0.0000001,0.0000000000041895,4862324,2018-11-20 23:09:34,BTC,0.04624735,0.0,,BTC,4990.0,0.0,0.00033081,86
1,[],22,[],2019-02-07 10:14:13,740.0,0.00000005,0.000000000001709785,6611704,2019-02-07 10:14:13,BTC,2.07746772,0.0,0.00000005,BTC,141362.94736842104,0.0,3.7e-05,87
0,[],27,[],2019-02-07 10:14:14,0.0,0,0,6611705,2019-02-07 10:14:14,,0.0,0.0,0,btc,0.0,0.0,0.0,87
,[],2,[],2018-11-20 23:10:47,0.0,0,0,4862359,2018-11-20 23:10:47,,0.0,0.0,,,0.0,0.0,0.0,88
1,[],11,[],2019-02-07 10:14:16,96305.79870089,0.0001771499999999999962717323054306461926898919045925140380859375,0.000000006057768255,6611706,2019-02-07 10:14:16,btc,246.61010018754297,392.28458772,0.0001771499999999999962717323054306461926898919045925140380859375,btc,187902.84330995,0.0,6.587242294518996,89
0,[],2,[],2019-01-20 23:31:45,0.0,0,0,6477083,2019-01-20 23:31:45,,0.0,0.0,0,,0.0,0.0,0.0,91
1,[],12,[],2019-02-07 10:14:17,445908.54301193,0.0000041699999999999998854150091986969783874883432872593402862548828125,0.000000000142596069,6611707,2019-02-07 10:14:17,btc,1115.2283302689532,0.0,0.0000041699999999999998854150091986969783874883432872593402862548828125,btc,36033.98182398,0.003695675925856,0.08660618169969521,91
0,[],17,[],2019-02-07 10:14:19,0.0,0,0,6611708,2019-02-07 10:14:19,btc,0.0,0.0,0,btc,0.0,0.0,0.0,91
0.0000000000979734,[],22,[],2019-02-07 10:14:32,28845304.0,5.878404e-18,2.0101613966280002e-22,6611709,2019-02-07 10:14:32,LTC,8.67811395,0.0,0.00000006,LTC,74810734.1,1.2684580827576e-11,1.18962528,95
0,[],17,[],2019-02-07 10:14:36,0.0,0,0,6611712,2019-02-07 10:14:36,btc,0.0,0.0,0,btc,0.0,0.0,0.0,96
1,[],4,[],2019-02-07 10:14:34,138150582.49855494,0.00000001,0.000000000000341957,6611710,2019-02-07 10:14:34,btc,0.8509309912041084,0.0,0.00000001,"btc,ltc",43411066.84945478,0.02331179,0.07439694738523214,96
1,[],12,[],2019-02-07 10:14:34,641173.0,0.00000001,0.000000000000341957,6611711,2019-02-07 10:14:34,btc,255063.47384654562,0.0,0.00000001,btc,8815002.33297676,0.000695964035964,0.00641173,96
1,[],4,[],2019-02-07 10:14:37,1723612.46510502,0.00000033,0.000000000011284581,6611713,2019-02-07 10:14:37,btc,0.2133802742778691,0.0,0.00000033,btc,385046.56382272,0.0617504,0.2084116956172467,99
1,[],4,[],2019-02-07 10:14:38,79805.51401562,0.00004301,0.000000001470757057,6611714,2019-02-07 10:14:38,btc,1.1041241381495346,0.0,0.00004301,btc,22792.50802824,1.99484706,2.9259306030487955,100
0,[],2,[],2019-01-20 23:23:55,0.0,0,0,6476914,2019-01-20 23:23:55,,0.0,0.0,0,,0.0,0.0,0.0,100
1,[],22,[],2019-02-07 10:14:41,50000.0,0.00000001,0.000000000000341957,6611715,2019-02-07 10:14:41,BTC,23.50383609,0.0,0.00000001,BTC,11277.22,0.0,0.0005,101
1,[],4,[],2019-02-07 10:14:42,150956.50797001,0.00000113,0.000000000038641141,6611716,2019-02-07 10:14:42,btc,0.4066043731651269,0.0,0.00000113,btc,143753.22058047,0.03547862,0.0999794193638944,103
1,[],12,[],2019-02-07 10:14:44,83395736.50523362,0.000000017,0.0000000000005813269,6611717,2019-02-07 10:14:44,btc,138278921.56740424,0.0,0.000000017,btc,128032644.79969314,0.06397229184405245,0.6449358750585826,105
1,[],27,[],2019-02-07 10:14:45,10161405.89,0.00000001,0.000000000000341957,6611718,2019-02-07 10:14:45,btc,0.620832568896094,0.0,0.00000001,btc,708411.74181977,0.0,0.1016140589,105
0,[],22,[],2019-02-07 10:14:48,0.0,0,0,6611719,2019-02-07 10:14:48,,1.07253299,0.0,0,,94300.0,0.0,0.0,107
1,[],26,[],2019-02-07 10:14:48,0.0,0.00000000,0,6611720,2019-02-07 10:14:48,btc,0.0,0.0,0.00000000,btc,0.0,0.0,0.0,107
1,[],5,[],2019-02-07 10:14:49,3e-08,0.00000002,0.000000000000683914,6611721,2019-02-07 10:14:49,btc,2.81079217,0.05268269,0.00000002,btc,1.649e-05,0.0,0.11613046,112
1,[],22,[],2019-02-07 10:14:53,16966.0,0.00000001,0.000000000000341957,6611722,2019-02-07 10:14:53,BTC,2.85883288,0.0,0.00000001,BTC,1508529.0833333333,0.0,0.00016966,112
0.0000000003088873,[],27,[],2019-02-07 10:14:55,500000.0,3.088873e-18,1.056261744461e-22,6611723,2019-02-07 10:14:55,eth,1.25132491849924,0.0,0.00000001,"btc,eth",1327.641654,0.0,1.5444365e-12,112
1,[],4,[],2019-02-07 10:14:56,467439.82188365,0.00000407,0.000000000139176499,6611724,2019-02-07 10:14:56,btc,0.5413114349322236,0.0,0.00000407,btc,86787.31932373,0.46911914,0.2866262133690477,113
1,[],5,[],2019-02-07 10:14:57,1.994e-05,0.00000380,0.00000000012994366,6611725,2019-02-07 10:14:57,btc,2.16913699,0.00792475,0.00000380,btc,0.00300721,0.0,0.20243071,113
1,[],17,[],2019-02-07 10:14:59,174538.724,0.00000004,0.000000000001367828,6611726,2019-02-07 10:14:59,btc,1.3368030274051632,0.0,0.00000004,btc,51896.221,0.0,0.00308154896,116
0,[],27,[],2019-02-07 10:15:00,0.0,0,0,6611727,2019-02-07 10:15:00,,0.0,0.0,0,btc,0.0,0.0,0.0,116
1,[],4,[],2019-02-07 10:15:02,49464.66711491,0.00002842,0.0000000009718417940000001,6611728,2019-02-07 10:15:02,btc,0.6038516846095789,0.0,0.00002842,btc,17902.95533048,1.10859249,1.0346092379552325,120
1,[],7,[],2019-02-07 10:15:03,14756.92764279,0.00001796000000000000083899033553880286717685521580278873443603515625,0.000000000614154772,6611729,2019-02-07 10:15:03,btc,88979.70983261349,0.28810141,0.00001796000000000000083899033553880286717685521580278873443603515625,btc,29528.9567533,1e-05,0.1267132153451414,120
1,[],20,[],2019-02-07 10:15:04,1549176.0094,0.000000014,0.0000000000004787398,6611730,2019-02-07 10:15:04,btc,33.7486569289708,60000.0,0.000000014,btc,1072650.3419,0.00092,0.0080976270167,125
1,[],22,[],2019-02-07 10:15:09,3053.0,0.00000001,0.000000000000341957,6611731,2019-02-07 10:15:09,BTC,0.01444889,0.0,0.00000001,BTC,296264.5111111111,0.0,3.053e-05,126
1,[],4,[],2019-02-07 10:15:10,140813.64594018,0.00001679,0.0000000005741458030000001,6611732,2019-02-07 10:15:10,btc,0.4942288962324883,0.0,0.00001679,btc,24799.58369772,0.25509258,0.6706269220279266,131
0,[],17,[],2019-02-07 10:15:11,0.0,0,0,6611733,2019-02-07 10:15:11,btc,0.0009561751951600001,0.0,0,btc,35.42829368,0.0,0.0,131
0,[],2,[],2019-01-20 23:25:46,0.0,0,0,6476969,2019-01-20 23:25:46,,0.0,0.0,0,,0.0,0.0,0.0,131
1,[],4,[],2019-02-07 10:15:12,4686.06657137,0.00016025,0.000000005479860925,6611734,2019-02-07 10:15:12,btc,1.6396515306283723,0.0,0.00016025,btc,296.65845559,0.0,0.0188975861784065,135
1,[],3,[],2019-02-07 10:15:13,1829013.72562326,0.00000005,0.000000000001709785,6611735,2019-02-07 10:15:13,btc,0.1411339578040692,28259.0857143,0.00000005,btc,454713.80018217,0.0,0.0673182211089435,136
1,[],4,[],2019-02-07 10:15:14,77182.27686646,0.00000170,0.000000000058132690000000006,6611736,2019-02-07 10:15:14,btc,0.0713588338500334,0.0,0.00000170,btc,33797.63576506,0.01782822,0.1006915460662679,137
1,[],12,[],2019-02-07 10:15:15,314813.43669198,0.00000172000000000000004922169442866941579950434970669448375701904296875,0.000000000058816604,6611737,2019-02-07 10:15:15,btc,11982.945953828299,0.0,0.00000172000000000000004922169442866941579950434970669448375701904296875,btc,157829.09369316,4.33862038e-05,0.0573196143350845,137
1,[],5,[],2019-02-07 10:15:16,0.00168113,0.00004970,0.00000000169952629,6611738,2019-02-07 10:15:16,btc,9.28687423,4.64797575,0.00004970,btc,0.00669253,0.0,1.31924189,142
1,[],17,[],2019-02-07 10:15:18,12500.0,0.0000001,0.00000000000341957,6611739,2019-02-07 10:15:18,btc,20.261021578986668,0.0,0.0000001,btc,5931.99821453,0.0,0.00125,142
1,[],20,[],2019-02-07 10:15:20,150887.3139,0.000043,0.0000000014704151,6611740,2019-02-07 10:15:20,btc,3.117256370767,0.0,0.000043,btc,6008.3883,0.0,0.2735801675873,142
1,[],22,[],2019-02-07 10:15:23,1029.9,0.00001010,0.00000000034537657,6611741,2019-02-07 10:15:23,BTC,3.00715926,0.0,0.00001010,BTC,897.098503144654,0.00023804,0.00083399,142
0.0,[],25,[],2019-02-07 10:15:24,0.0,0,0,6611742,2019-02-07 10:15:24,,0.0,0.0,0.0,btc,0.0,0.0,0.0,142
1,[],28,[],2019-02-07 10:15:26,79065.0,0.00004400,0.0000000015046108,6611743,2019-02-07 10:15:26,btc,0.0389372,1428.2967,0.00004400,btc,775.0,0.0,0.0535837,142
0,[],22,[],2019-02-07 10:15:29,0.0,0,0,6611744,2019-02-07 10:15:29,,60.29967435,0.0,0,,812206579.8,0.0,0.0,143
1,[],21,[],2019-02-07 10:15:29,33363496.2632595,0.00000026,0.000000000008890882000000001,6611745,2019-02-07 10:15:29,btc,51.70390595022261,3886692.26151149,0.00000026,btc,88167100.9427894,1.05129206,5.026442790560881,145
0,[],22,[],2019-02-07 10:04:23,0.0,0,0,6611539,2019-02-07 10:04:23,,3.33248929,0.0,0,,1970827.5,0.0,0.0,146
,[],22,[],2018-11-20 23:01:11,0.0,0,0,4862114,2018-11-20 23:01:11,,2.56807021,0.0,,,61828.4988236,0.0,0.0,147
1,[],12,[],2019-02-07 10:15:30,8687111.2165947,0.00000349999999999999994749750979738944778318909811787307262420654296875,0.00000000011968495,6611746,2019-02-07 10:15:30,btc,16.529493828516554,0.0,0.00000349999999999999994749750979738944778318909811787307262420654296875,btc,115886.52191469,0.001910130319649,0.12174673000000061,148
1,[],4,[],2019-02-07 10:15:31,308508.84203134,0.00000028,0.000000000009574796,6611747,2019-02-07 10:15:31,btc,0.9213010290140818,0.0,0.00000028,btc,819380.83819925,0.0,0.0682596103656023,152
0,[],22,[],2019-02-07 10:15:33,0.0,0,0,6611748,2019-02-07 10:15:33,,0.0,0.0,0,,0.0,0.0,0.0,152
1,[],5,[],2019-02-07 10:15:35,0.0,0,0,6611749,2019-02-07 10:15:35,btc,4.42293222,0.0,0,btc,0.00161275,0.0,0.0,153
,[],16,[],2019-01-11 15:38:59,0.0,0,0,6366141,2019-01-11 15:38:59,btc,0.0,0.0,,btc,0.0,0.0,0.0,155
0,[],22,[],2019-02-07 10:15:37,0.0,0,0,6611750,2019-02-07 10:15:37,,6.74512347,0.0,0,,4576272.742592593,0.0,0.0,156
0,[],23,[],2019-01-20 23:24:29,0.0,0,0,6476932,2019-01-20 23:24:29,,0.0,0.0,0,,0.0,0.0,0.0,156
1,[],22,[],2019-02-07 10:15:41,7906.0,0.00000801,0.00000000027390755700000004,6611751,2019-02-07 10:15:41,BTC,43.78801181,0.0,0.00000801,BTC,1067.5805334758436,0.0,0.00743836,157
0,[],22,[],2019-02-07 10:15:43,0.0,0,0,6611752,2019-02-07 10:15:43,,50175.6753658,0.0,0,,54007107.04179466,0.0,0.0,158
,[],17,[],2018-11-20 22:56:10,0.0,0,0,4861976,2018-11-20 22:56:10,btc,1.1265625,0.0,,btc,1000.0,0.0,0.0,159
,[],20,[],2018-11-20 22:56:12,0.0,0,0,4861977,2018-11-20 22:56:12,btc,11912.7940471,0.0,,btc,34413894.3617,0.0,0.0,159
1,[],12,[],2019-02-07 10:15:44,194568.44403318,0.00000921999999999999981571165152960389832514920271933078765869140625,0.00000000031528435400000004,6611753,2019-02-07 10:15:44,btc,6.687795633904641,0.0,0.00000921999999999999981571165152960389832514920271933078765869140625,btc,14898.20582472,0.0051365745206475,0.0940297509533672,168
1,[],17,[],2019-02-07 10:15:45,29784.95,0.000001,0.0000000000341957,6611754,2019-02-07 10:15:45,btc,0.03026736251542,0.0,0.000001,btc,144.46171372,0.0,0.00716147,168
0,[],22,[],2019-02-06 12:36:32,0.0,0,0,6600935,2019-02-06 12:36:32,,1.14688224,0.0,0,,677302.5900917595,0.0,0.0,169
1,[],22,[],2019-02-07 10:15:49,227058.58333333334,0.00000024,0.000000000008206968000000001,6611755,2019-02-07 10:15:49,BTC,10.32930825,0.0,0.00000024,BTC,126343.56590535682,0.00256269,0.02329406,171
1,[],22,[],2019-02-07 10:15:58,254452.31547619047,0.00000024,0.000000000008206968000000001,6611756,2019-02-07 10:15:58,BTC,2.63523652,0.0,0.00000024,BTC,233077.04387740497,3.6e-05,0.02448675,173
1,[],5,[],2019-02-07 10:15:59,1.726e-05,0.00000313,0.000000000107032541,6611757,2019-02-07 10:15:59,btc,0.35169485,0.04032909,0.00000313,btc,0.000285,0.0,0.70248973,175
1,[],22,[],2019-02-07 10:16:03,52749.25714285715,0.0000006,0.00000000002051742,6611758,2019-02-07 10:16:03,BTC,0.62849978,0.0,0.0000006,BTC,149649.7382135585,0.00589396,0.01833557,176
1,[],7,[],2019-02-07 10:16:04,0.0,0,0,6611759,2019-02-07 10:16:04,btc,233187.71499201295,1130.0,0,btc,114403286.22995901,1.13e-05,0.0,178
0,[],22,[],2019-02-07 10:16:06,0.0,0,0,6611760,2019-02-07 10:16:06,,1.00242428,0.0,0,,57512.0,0.0,0.0,178
0,[],2,[],2019-01-20 23:28:34,0.0,0,0,6477001,2019-01-20 23:28:34,,0.0,0.0,0,,0.0,0.0,0.0,178
1,[],5,[],2019-02-07 10:16:08,3e-08,0.00000002,0.000000000000683914,6611761,2019-02-07 10:16:08,btc,16.86851597,0.10650759,0.00000002,btc,2.088e-05,0.0,0.91822353,179
1,[],22,[],2019-02-07 10:16:11,8322534.0,0.00000002,0.000000000000683914,6611762,2019-02-07 10:16:11,BTC,5.51804142,0.0,0.00000002,"BTC,LTC",18726503.068656635,4.65e-05,0.39371052,179
0,[],23,[],2019-01-20 23:25:08,0.0,0,0,6476952,2019-01-20 23:25:08,,0.0,0.0,0,,0.0,0.0,0.0,179
1,[],17,[],2019-02-07 10:16:12,10504.725,0.0000001,0.00000000000341957,6611763,2019-02-07 10:16:12,btc,5.206166879877198,0.0,0.0000001,btc,6755.0074587,0.0,0.0010504725,180
1,[],22,[],2019-02-07 10:16:16,30971.945454545454,0.00000011,0.000000000003761527,6611764,2019-02-07 10:16:16,BTC,0.09735554,0.0,0.00000011,"BTC,LTC",18112.07093258778,0.0,0.00327637,180
1,[],26,[],2019-02-07 10:16:16,0.0,0.00000010,0.00000000000341957,6611765,2019-02-07 10:16:16,btc,0.0,50.0,0.00000010,btc,0.0,0.0,0.0,180
,[],7,[],2018-11-20 22:58:01,562227.975654,0.00000085,0.000000000036176765,4862015,2018-11-20 22:58:01,btc,21836.6059674,2491.87645172,,btc,749999.041456,0.00211021,0.127565380455,183
,[],5,[],2019-01-10 08:11:41,0.0,0,0,6347036,2019-01-10 08:11:41,btc,82.15055501,0.00261,,btc,1.19002445,0.0,0.0,187
1,[],24,[],2019-02-07 10:16:16,0.0,0.000000000001,3.4195700000000004e-17,6611766,2019-02-07 10:16:16,btc,0.0,0.0,0.000000000001,btc,0.0,0.0,0.0,187
,[],17,[],2018-11-16 20:58:10,4062536.27273,0.00000001,0.000000000000550501,4708775,2018-11-16 20:58:10,btc,3.36492563466,0.195460381006,,"btc,eth",110697919.549,0.0,0.0157628953496,187
0,[],22,[],2019-02-07 10:16:19,0.0,0,0,6611767,2019-02-07 10:16:19,,1.19383767,0.0,0,,14406.036201072173,0.0,0.0,191
0,[],22,[],2019-02-07 10:16:24,0.0,0,0,6611768,2019-02-07 10:16:24,,0.0,0.0,0,,0.0,0.0,0.0,197
0,[],23,[],2019-01-20 23:31:41,0.0,0,0,6477079,2019-01-20 23:31:41,,0.0,0.0,0,,0.0,0.0,0.0,199
1,[],26,[],2019-02-07 10:16:24,0.0,0.00000000,0,6611769,2019-02-07 10:16:24,btc,0.0,784563.0,0.00000000,btc,0.0,0.0,0.0,199
0,[],17,[],2019-01-30 16:32:01,0.0,0,0,6540827,2019-01-30 16:32:01,btc,6.802544163788159,0.0,0,btc,105897.55575295,0.0,0.0,200
0,[],2,[],2019-01-20 23:30:49,0.0,0,0,6477059,2019-01-20 23:30:49,,0.0,0.0,0,,0.0,0.0,0.0,201
1,[],4,[],2019-01-25 15:51:35,2084389.58565343,0.00000936,0.000000000333526752,6499557,2019-01-25 15:51:35,btc,2.0092503037378524,0.0,0.00000936,btc,160195.80207885,0.19272417,1.242687955921835,211
1,[],7,[],2019-02-07 10:16:28,4676634.4885143805,0.000001560000000000000098813643899242631363222244544886052608489990234375,0.000000000053345292000000005,6611770,2019-02-07 10:16:28,btc,16567788.537927017,1771835.50709,0.000001560000000000000098813643899242631363222244544886052608489990234375,btc,10284822.33000713,0.0,4.733372364823906,212
1,[],5,[],2019-02-07 10:16:29,4.66e-06,0.00000034,0.000000000011626538000000001,6611771,2019-02-07 10:16:29,btc,1.19596322,0.26965585,0.00000034,btc,3.175e-05,0.0,0.42535038,213
1,[],24,[],2019-02-07 10:16:29,0.0,0.000000050000,0.000000000001709785,6611772,2019-02-07 10:16:29,btc,0.0,0.0,0.000000050000,btc,0.0,0.0,0.0,213
1,[],26,[],2019-02-07 10:16:29,0.0,0.00000009,0.0000000000030776130000000004,6611773,2019-02-07 10:16:29,btc,0.0,0.0,0.00000009,btc,0.0,0.0,0.0,213
1,[],12,[],2019-01-25 02:44:32,207462.42853209,0.000001080000000000000035831255497387193287295303889550268650054931640625,0.000000000038610756000000006,6493050,2019-01-25 02:44:32,btc,85023.03793723314,0.0,0.000001080000000000000035831255497387193287295303889550268650054931640625,btc,43675.73520027,0.000146250909087,0.0348620860622024,213
1,[],22,[],2019-02-07 10:16:33,276400.0,0.00000002,0.000000000000683914,6611774,2019-02-07 10:16:33,BTC,70.20368422,0.0,0.00000002,BTC,291693.63137942314,0.00015,0.004714,216
1,[],27,[],2019-02-07 10:16:35,5049502.0,0.00000002,0.000000000000683914,6611775,2019-02-07 10:16:35,btc,313.98552729952,21830.0,0.00000002,"btc,ltc",290449.48811,0.0074222,0.05099104,216
1,[],22,[],2019-02-07 10:16:47,344875.0695775665,0.00000291,0.00000000009950948700000001,6611776,2019-02-07 10:16:47,BTC,12677.2709548,0.0,0.00000291,BTC,416845.4886966858,0.36129181,0.55055921,217
1,[],7,[],2019-02-07 10:16:48,0.0,0,0,6611777,2019-02-07 10:16:48,btc,77970.02600413912,0.0,0,btc,134531561.1214003,0.0,0.0,219
0,[],27,[],2019-02-07 10:16:50,0.0,0,0,6611778,2019-02-07 10:16:50,,5.3418937883169715,0.0,0,btc,1605140.99226592,0.0,0.0,219
0.0000000000000054,[],28,[],2019-02-07 10:16:52,203942515.944,6.0210000000000005e-18,2.0589230970000002e-22,6611779,2019-02-07 10:16:52,doge,88584.0309717675,15599.9,0.00111500,"btc,doge",4974437.69751,0.0,2.1502717201779642e-11,219
1,[],22,[],2019-02-07 10:16:55,227487.61111111112,0.00000096,0.000000000032827872000000004,6611780,2019-02-07 10:16:55,BTC,2.78971196,0.0,0.00000096,BTC,24260.639537489747,0.06511619,0.03838635,221
1,[],24,[],2019-02-07 10:16:55,0.0,0.000000610000,0.000000000020859377000000002,6611781,2019-02-07 10:16:55,btc,0.0,0.0,0.000000610000,btc,0.0,0.0,0.0,221
1,[],20,[],2019-02-07 10:16:58,6465749.7372,0.000000007,0.0000000000002393699,6611782,2019-02-07 10:16:58,btc,5.9945715462188,16622.4949,0.000000007,btc,7751424.3394,0.0001321580026,0.0153213378155,224
0,[],22,[],2019-02-07 10:17:00,0.0,0,0,6611783,2019-02-07 10:17:00,,0.0,0.0,0,,0.0,0.0,0.0,224
1,[],26,[],2019-02-07 10:17:00,0.0,0.00000022,0.000000000007523054,6611784,2019-02-07 10:17:00,btc,0.0,0.0,0.00000022,btc,0.0,0.0,0.0,231
1,[],26,[],2019-02-07 10:17:00,0.0,0.00000005,0.000000000001709785,6611785,2019-02-07 10:17:00,btc,0.0,0.0,0.00000005,btc,0.0,0.0,0.0,234
0,[],27,[],2019-02-07 10:17:02,0.0,0,0,6611786,2019-02-07 10:17:02,,0.0113483662182,0.0,0,"btc,eth",11462.99618,0.0,0.0,234
0,[],22,[],2019-02-07 10:17:05,0.0,0,0,6611787,2019-02-07 10:17:05,,3.02469477,0.0,0,,99242433.81349206,0.0,0.0,235
1,[],4,[],2019-02-07 10:17:06,864941.7895861,0.00000058,0.000000000019833506000000002,6611788,2019-02-07 10:17:06,btc,0.1373098960894962,0.0,0.00000058,btc,132493.04281671,0.0284501,0.1873646215904597,236
1,[],24,[],2019-02-07 10:17:06,0.0,0.000000010000,0.000000000000341957,6611789,2019-02-07 10:17:06,btc,0.0,0.0,0.000000010000,btc,0.0,0.0,0.0,236
1,[],20,[],2019-02-07 10:17:08,20779825.2671,0.00000006,0.0000000000020517420000000002,6611790,2019-02-07 10:17:08,btc,14.475930263964,15780481.949,0.00000006,btc,26463208.1963,0.9504025274056,0.3950709562223,237
0,[],22,[],2019-02-07 10:17:11,0.0,0,0,6611791,2019-02-07 10:17:11,,0.04083605,0.0,0,,4179.0,0.0,0.0,237
1,[],4,[],2019-02-07 10:17:11,4820446.95377237,0.00000034,0.000000000011626538000000001,6611792,2019-02-07 10:17:11,btc,0.5180984274749634,0.0,0.00000034,btc,1317627.650081,0.10357436,1.5114661493181638,238
1,[],5,[],2019-02-07 10:17:12,4.25e-06,0.00000033,0.000000000011284581,6611793,2019-02-07 10:17:12,btc,0.73186923,0.06863912,0.00000033,btc,2.957e-05,0.0,0.24258275,238
1,[],22,[],2019-02-07 10:17:16,98382.5,0.00000002,0.000000000000683914,6611794,2019-02-07 10:17:16,BTC,15.41456983,0.0,0.00000002,BTC,316933.8139027493,0.00133203,0.00196765,249
0.0000000000979734,[],22,[],2019-02-07 10:17:19,1258373.0,2.939202e-18,1.0050806983140001e-22,6611795,2019-02-07 10:17:19,LTC,4.03395063,0.0,0.00000003,LTC,14505871.09,0.0,0.03675421,252
1,[],28,[],2019-02-07 10:17:21,2351208.286,0.00000009,0.0000000000030776130000000004,6611796,2019-02-07 10:17:21,btc,164692.2993508189,6976.4,0.00000009,btc,675372.1485,0.0,0.0814213363,256
1,[],22,[],2019-02-07 10:06:29,114807.0,0.00000001,0.00000000000034188400000000004,6611591,2019-02-07 10:06:29,BTC,30.2063862,0.0,0.00000001,BTC,455846.02135702135,4.365e-05,0.00114807,258
1,[],22,[],2019-01-26 20:58:41,368451.0,0.00000001,0.000000000000356135,6510120,2019-01-26 20:58:41,BTC,2.642917,0.0,0.00000001,"BTC,LTC",1862.0,0.0,0.02488451,259
1,[],22,[],2019-02-07 10:17:24,15556.271164021164,0.00000777,0.000000000265700589,6611797,2019-02-07 10:17:24,BTC,111115.78426732,0.0,0.00000777,BTC,5852.3451825260545,0.0,0.11130071,262
1,[],5,[],2019-02-07 10:17:26,6.555e-05,0.00000361,0.000000000123446477,6611798,2019-02-07 10:17:26,btc,1.05385042,0.70874402,0.00000361,btc,0.00074588,0.0,0.21928219,264
1,[],20,[],2019-02-07 10:17:27,1172103.4012,0.00000257,0.000000000087882949,6611799,2019-02-07 10:17:27,btc,5.0363127120103,13994.0036,0.00000257,btc,94140.5732,0.0553856423942,0.0273595339936,264
1,[],22,[],2019-02-07 10:17:31,107946.5,0.00000002,0.000000000000683914,6611800,2019-02-07 10:17:31,BTC,8.46981963,0.0,0.00000002,BTC,344316.64326478855,0.00032899,0.0016613,271
0,[],22,[],2019-02-07 10:09:40,0.0,0,0,6611596,2019-02-07 10:09:40,,369.78818487,0.0,0,,14642228457.9,0.0,0.0,272
0.0000000000000054,[],28,[],2019-02-07 10:09:44,226437833975.892,5.9400000000000005e-21,2.0307909600000002e-25,6611597,2019-02-07 10:09:44,doge,298864901.2338897,28255344172.17,0.00000110,doge,218064144141.07068,0.0,7.247514856271389e-10,272
1,[],22,[],2019-02-07 10:09:48,10040.0,0.00001001,0.00000000034222588400000004,6611598,2019-02-07 10:09:48,BTC,272.15482926,0.0,0.00001001,BTC,1407.389,0.01089841,0.0005002,281
