pairValue,buyBook,exchangeId,sellBook,updated,buyTotal,satoshiPrice,usdPrice,exchangeLogId,created,bestPair,sellTotalBtc,volume,pairPrice,activePairs,sellTotal,volumeBtc,buyTotalBtc,coinId
1,[],3,[],2019-05-26 21:43:36,298.466607478461,0.0102538200000000002953814970396706485189497470855712890625,0.0000008797029031140001,7691571,2019-05-26 21:43:36,btc,0.187006354162759,63.0878130188,0.0102538200000000002953814970396706485189497470855712890625,btc,16.067395945199,0.0,0.25533867688786654,1
1,[],4,[],2019-05-26 21:43:37,207687.24097581,0.01050413,0.0000009011776738510001,7691572,2019-05-26 21:43:37,btc,8.306533902363718,0.0,0.01050413,btc,354.61913471,1.08328858,0.5639423008496872,1
1,[],5,[],2019-05-26 21:43:39,0.0,0,0,7691573,2019-05-26 21:43:39,btc,0.0,0.04712038,0,btc,0.0,0.0,0.0,1
1,[],10,[],2019-05-26 21:43:44,228080.84983558,0.00725326,0.000000622276759202,7691574,2019-05-26 21:43:44,btc,6521.793914471301,1670.88552598,0.00725326,btc,1327.2045599,0.0,2.4708386013239463,1
1,[],12,[],2019-05-26 21:43:46,73.78835864,0.01051999999999999983735232689241456682793796062469482421875,0.0000009025392040000001,7691575,2019-05-26 21:43:46,btc,0.221976655833,0.0,0.01051999999999999983735232689241456682793796062469482421875,btc,19.86216566,0.895635103289,0.2623631661567,1
1,[],20,[],2019-05-26 21:43:48,973.4621,0.01026285,0.0000008804776111950001,7691576,2019-05-26 21:43:48,btc,0.5037433907402,0.2671,0.01026285,btc,41.7488,0.0030416184922,0.1100176154609,1
1,[],21,[],2019-05-26 21:43:49,1802.17270044,0.01058152000000000050872195345,0.0000009078171709040001,7691577,2019-05-26 21:43:49,btc,10.37045644809162,2144.42376118,0.0105815200000000005087219534516407293267548084259033203125,"btc,eth",1328.52728181,20.01428357017501,16.488458971085954,1
1,[],22,[],2019-05-26 21:43:53,0.0025666666666666667,0.00900000,0.0000007721343000000001,7691578,2019-05-26 21:43:53,BTC,0.31629903,0.0,0.00900000,BTC,0.2505752479991019,0.0,2.31e-05,1
1,[],24,[],2019-05-26 21:43:54,0.0,0.000000000000,0,7691579,2019-05-26 21:43:54,btc,0.0,0.0,0.000000000000,btc,0.0,0.0,0.0,1
0.0,[],25,[],2019-05-26 21:43:55,0.0,0,0,7691580,2019-05-26 21:43:55,btc,14.749999999288983,4286.60836798,0.0,btc,1363.65601287,46.204,0.0,1
1,[],26,[],2019-05-26 21:43:57,0.0,0,0,7691581,2019-05-26 21:43:57,,0.0,0.0,0,,0.0,0.0,0.0,1
0,[],28,[],2019-05-26 21:43:58,0.0,0,0,7691582,2019-05-26 21:43:58,,0.0,371998.25,0,,0.0,0.0,0.0,1
0,[],2,[],2019-01-20 23:28:45,0.0,0,0,6477011,2019-01-20 23:28:45,,0.0,0.0,0,,0.0,0.0,0.0,1
1,[],5,[],2019-05-26 21:43:59,0.0,0,0,7691583,2019-05-26 21:43:59,btc,0.0,0.00051147,0,btc,0.0,0.0,0.0,2
0,[],22,[],2019-05-26 21:44:02,0.0,0,0,7691584,2019-05-26 21:44:02,,0.0,0.0,0,,0.0,0.0,0.0,2
1,[],5,[],2019-05-26 21:44:04,0.0,0,0,7691585,2019-05-26 21:44:04,btc,0.0,0.0244696,0,btc,0.0,0.0,0.0,3
1,[],12,[],2019-05-26 21:44:05,2386323.71291,0.000000113,0.0000000000096945751,7691586,2019-05-26 21:44:05,btc,4688.206393052326,0.0,0.000000113,btc,3290424.49039934,0.047085784921,0.20278143327532,3
0,[],28,[],2019-05-26 21:44:06,0.0,0,0,7691587,2019-05-26 21:44:06,,0.0,0.0,0,,0.0,0.0,0.0,3
0,[],2,[],2019-01-20 23:31:32,0.0,0,0,6477077,2019-01-20 23:31:32,,0.0,0.0,0,,0.0,0.0,0.0,4
1,[],4,[],2019-05-18 21:29:50,562734.9206932,0.00000010,0.000000000007298720000000001,7650946,2019-05-18 21:29:50,btc,41.9347137769675,0.0,0.00000010,btc,1123702.32192634,0.00052462,0.029254593370966,4
0,[],12,[],2019-05-26 21:03:47,0.0,0,0,7691427,2019-05-26 21:03:47,btc,0.40767300499500503,0.0,0,btc,1036053.4995005,0.0,0.0,5
0,[],2,[],2019-01-20 23:31:51,0.0,0,0,6477087,2019-01-20 23:31:51,,0.0,0.0,0,,0.0,0.0,0.0,6
1,[],11,[],2019-05-26 21:44:08,7436289.776736,0.00000002,0.000000000001715854,7691588,2019-05-26 21:44:08,btc,9578.916463298947,2975180.66667,0.00000002,btc,65185878.07531829,0.0,0.09709137276736,6
1,[],3,[],2019-05-26 21:44:09,13143.650360783791,0.0000888800000000000028389790518446034184307791292667388916015625,0.000000007625255176,7691589,2019-05-26 21:44:09,btc,0.04867497994281464,176.533509258,0.0000888800000000000028389790518446034184307791292667388916015625,btc,169.201112283764,0.0,0.026580220848537284,7
1,[],4,[],2019-05-26 21:44:10,354325.40901715,0.00009327,0.000000008001885129,7691590,2019-05-26 21:44:10,btc,8.401999860189637,0.0,0.00009327,btc,48595.49661094,2.46243539,4.026045312334978,7
1,[],5,[],2019-05-26 21:44:12,0.0,0,0,7691591,2019-05-26 21:44:12,btc,0.0,0.16385138,0,btc,0.0,0.0,0.0,7
1,[],20,[],2019-04-07 22:06:50,3201475.0482,0.000000001,0.000000000000051590000000000004,7213932,2019-04-07 22:06:50,btc,30.8005781811902,0.0,0.000000001,btc,23077405.3926,0.0,0.0032014750482,8
1,[],4,[],2019-05-26 21:44:15,20650525.89438088,0.00000051,0.000000000043754277000000004,7691592,2019-05-26 21:44:15,btc,4.4311063322597155,0.0,0.00000051,btc,4196889.79085673,0.72769736,0.5161039349755591,9
0,[],28,[],2019-05-26 21:44:17,0.0,0,0,7691593,2019-05-26 21:44:17,,0.0,3551655.0,0,,0.0,0.0,0.0,9
0,[],2,[],2019-01-20 23:22:42,0.0,0,0,6476876,2019-01-20 23:22:42,,0.0,0.0,0,,0.0,0.0,0.0,9
0,[],23,[],2019-01-20 23:22:48,0.0,0,0,6476878,2019-01-20 23:22:48,,0.0,0.0,0,,0.0,0.0,0.0,9
1,[],1,[],2019-02-17 23:31:42,1822507.21,0.00000181000000000000003456111265232042484285557293333113193511962890625,0.000000000066086901,6701244,2019-02-17 23:31:42,btc,3.6990969245,17153386.5,0.00000181000000000000003456111265232042484285557293333113193511962890625,btc,1997391.71,31.11772986,3.2610482446,9
1,[],4,[],2019-02-17 11:22:43,4341674.27126056,0.00000002,0.0000000000007272960000000001,6696112,2019-02-17 11:22:43,btc,0.1997230937751353,0.0,0.00000002,btc,4109766.79808031,0.00215132,0.0479381022052112,10
1,[],4,[],2019-05-26 21:44:18,6621787.4874267,0.00000053,0.000000000045470131000000004,7691594,2019-05-26 21:44:18,btc,5.014836317838506,0.0,0.00000053,btc,5004143.23079595,1.4920978,1.177193688399585,12
1,[],5,[],2019-05-26 21:44:19,0.0,0,0,7691595,2019-05-26 21:44:19,btc,0.0,0.33863374,0,btc,0.0,0.0,0.0,12
0.0,[],25,[],2019-05-26 21:44:21,0.0,0,0,7691596,2019-05-26 21:44:21,,0.0,0.0,0.0,btc,0.0,0.0,0.0,12
0,[],2,[],2019-01-20 23:23:08,0.0,0,0,6476890,2019-01-20 23:23:08,,0.0,0.0,0,,0.0,0.0,0.0,12
1,[],4,[],2019-05-26 21:44:24,331950.11765402,0.00000594,0.000000000509608638,7691597,2019-05-26 21:44:24,btc,1.9631561568509468,0.0,0.00000594,btc,243659.35504334,0.53830945,0.4986626530450117,13
1,[],21,[],2019-05-26 21:44:27,1538049.72943518,0.000005859999999999999798351406344,0.000000000502745222,7691598,2019-05-26 21:44:27,btc,2.9431566628657637,680351.47349436,0.000005859999999999999798351406343766001327821868471801280975341796875,btc,455516.32085772,4.20376333,6.572085437042425,13
1,[],10,[],2019-05-26 21:04:17,568589.91558778,0.00000588,0.000000000501277644,7691438,2019-05-26 21:04:17,btc,666803.2617136113,7586.10580616,0.00000588,btc,861622.16587634,0.0,0.2842965669383115,13
1,[],4,[],2019-05-26 21:44:28,882387.23253107,0.00000068,0.000000000058339036,7691599,2019-05-26 21:44:28,btc,4.084540843314682,0.0,0.00000068,btc,841219.07040494,0.00990098,0.0986479911321417,14
1,[],12,[],2019-05-26 21:44:29,134577.18610419,0.00000064,0.000000000054907328,7691600,2019-05-26 21:44:29,btc,14.134799567521846,0.0,0.00000064,btc,21859.65080592,5.31e-05,0.0146682299999826,14
1,[],26,[],2019-05-26 21:46:29,0.0,0.00000050,0.00000000004289635,7691601,2019-05-26 21:46:29,btc,0.0,0.0,0.00000050,btc,0.0,0.0,0.0,14
0,[],17,[],2019-05-03 00:53:32,0.0,0,0,7558876,2019-05-03 00:53:32,btc,0.0,0.0,0,btc,0.0,0.0,0.0,14
0,[],4,[],2019-05-26 21:46:30,0.0,0,0,7691602,2019-05-26 21:46:30,,0.0,0.0,0,,0.0,0.0,0.0,15
,[],12,[],2018-12-01 15:15:48,204241.84496,0.00000489,0.000000000202473384,5260204,2018-12-01 15:15:48,btc,49.5475654835,0.0,,btc,35763.2193806,0.0163153972027625,0.0203389899998,15
1,[],4,[],2019-05-26 21:46:32,37227.23716153,0.00001210,0.00000000103809167,7691603,2019-05-26 21:46:32,btc,1.092614672346934,0.0,0.00001210,btc,18069.20206908,0.03711984,0.1006325360327937,18
1,[],10,[],2019-05-26 21:46:35,316136.05626634,0.00001135,0.000000000973747145,7691604,2019-05-26 21:46:35,btc,15.345268249210593,13311.579496,0.00001135,btc,13686.15990266,0.0,0.1259412567311077,18
1,[],12,[],2019-05-26 21:46:36,7424.26181624,0.00001092000000000000047993727048112333477547508664429187774658203125,0.0000000009368562840000002,7691605,2019-05-26 21:46:36,btc,0.11333951858807151,0.0,0.00001092000000000000047993727048112333477547508664429187774658203125,btc,1186.22219134,0.000700220173,0.0117386243129616,18
0,[],2,[],2019-01-20 23:23:38,0.0,0,0,6476906,2019-01-20 23:23:38,,0.0,0.0,0,,0.0,0.0,0.0,18
0,[],17,[],2019-05-03 00:53:39,0.0,0,0,7558882,2019-05-03 00:53:39,btc,0.0,0.0,0,btc,0.0,0.0,0.0,18
1,[],3,[],2019-05-26 21:48:36,158614.77834432077,0.000008039999999999999255009992815690367251590942032635211944580078125,0.000000000689773308,7691606,2019-05-26 21:48:36,btc,0.15957239365036963,3754.77071591,0.000008039999999999999255009992815690367251590942032635211944580078125,btc,4177.042642587771,0.0,0.048943687093031096,19
1,[],4,[],2019-05-26 21:48:38,613803.47413212,0.00000822,0.0000000007052159940000001,7691607,2019-05-26 21:48:38,btc,3.7169465158211996,0.0,0.00000822,btc,163733.44390792,0.36756998,0.7531761143387405,19
1,[],5,[],2019-05-26 21:48:41,0.0,0,0,7691608,2019-05-26 21:48:41,btc,0.0,0.00023761,0,btc,0.0,0.0,0.0,19
1,[],12,[],2019-05-26 21:48:43,14567.77073196,0.0000072099999999999995784426796985311369780902168713510036468505859375,0.000000000618565367,7691609,2019-05-26 21:48:43,btc,0.0567877870756137,0.0,0.0000072099999999999995784426796985311369780902168713510036468505859375,btc,1851.17136297,0.00070766,0.0237021599997162,19
0,[],27,[],2019-05-26 21:48:48,0.0,0,0,7691610,2019-05-26 21:48:48,,0.0,0.0,0,btc,0.0,0.0,0.0,19
0,[],2,[],2019-01-20 23:24:19,0.0,0,0,6476924,2019-01-20 23:24:19,,0.0,0.0,0,,0.0,0.0,0.0,19
1,[],4,[],2019-05-26 21:48:49,10228410.21811859,0.00000007,0.000000000006005489000000001,7691611,2019-05-26 21:48:49,btc,6.4307072950777595,0.0,0.00000007,btc,2332215.60836933,0.0,0.1274738176872813,20
1,[],4,[],2019-05-26 21:48:50,72781483.2473748,0.00000001,0.000000000000857927,7691612,2019-05-26 21:48:50,btc,1799.0476601638936,0.0,0.00000001,btc,64633922.31973631,0.00044902,0.7278148324737481,21
1,[],12,[],2019-05-26 21:48:51,2499784.0,0.00000001,0.000000000000857927,7691613,2019-05-26 21:48:51,btc,1008.0168623015485,0.0,0.00000001,btc,6038338.0769230705,6.248e-05,0.02499784,21
0,[],17,[],2019-05-03 00:53:51,0.0,0,0,7558891,2019-05-03 00:53:51,btc,0.0,0.0,0,btc,0.0,0.0,0.0,21
1,[],12,[],2019-05-26 21:50:52,6260792439.0,0.0000000004,0.00000000000003431708,7691614,2019-05-26 21:50:52,btc,108866036.13292035,0.0,0.0000000004,btc,2527206275.6213784,0.004883476842,1.2777060636,23
0.0000000003108199,[],27,[],2019-05-26 21:50:57,91162703.0,6.2163980000000005e-18,5.333215686946001e-22,7691615,2019-05-26 21:50:57,eth,1171.2203589208,862254717.3626374,0.00000002,eth,8440881.208,8.040177750482249e-09,3.92556740605029e-10,23
1,[],4,[],2019-05-26 21:50:58,1883750.33244725,0.00000021,0.000000000018016467000000002,7691616,2019-05-26 21:50:58,btc,13.472615101846987,0.0,0.00000021,btc,2127306.73462349,0.01324371,0.0704483752189369,24
1,[],22,[],2019-05-26 21:51:02,21.76,0.00000100,0.0000000000857927,7691617,2019-05-26 21:51:02,BTC,7.415e-05,0.0,0.00000100,BTC,23.919354838709676,0.0,1.186e-05,24
0.0,[],25,[],2019-05-26 21:51:03,0.0,0,0,7691618,2019-05-26 21:51:03,,0.0,0.0,0.0,btc,0.0,0.0,0.0,24
1,[],4,[],2019-05-26 21:51:04,338731.23832031,0.00000420,0.00000000036032934000000004,7691619,2019-05-26 21:51:04,btc,10.483957621627274,0.0,0.00000420,btc,271004.59306636,0.13997998,0.3100120060164485,26
1,[],10,[],2019-05-26 21:51:06,159619.09783447,0.00000402,0.000000000344886654,7691620,2019-05-26 21:51:06,btc,25.509126301728895,5259.20395005,0.00000402,btc,22958.65959056,0.0,0.0299050943776094,26
0,[],2,[],2019-01-20 23:25:56,0.0,0,0,6476976,2019-01-20 23:25:56,,0.0,0.0,0,,0.0,0.0,0.0,26
1,[],3,[],2019-05-26 21:51:06,6088133.10144003,0.00000001,0.000000000000857927,7691621,2019-05-26 21:51:06,btc,3.593334345267959,5058750.03413,0.00000001,btc,26898247.85760322,0.0,0.060881331014400304,27
1,[],11,[],2019-05-26 21:51:08,1069867.58157834,0.00000001,0.000000000000857927,7691622,2019-05-26 21:51:08,btc,67503.03909773499,19676.5543251,0.00000001,btc,6639861.32608848,0.0,0.0106986758157834,27
1,[],5,[],2019-04-26 09:47:06,0.0,0,0,7465326,2019-04-26 09:47:06,btc,0.0,0.0,0,btc,0.0,0.0,0.0,27
1,[],4,[],2019-05-26 21:51:09,1182134885.0842426,0.00000001,0.000000000000857927,7691623,2019-05-26 21:51:09,btc,4.821585627533733,0.0,0.00000001,"btc,ltc",298864600.2599849,0.01277848,8.152812406270263,29
1,[],7,[],2019-05-26 21:51:10,86565332.30740812,0.00000001,0.000000000000857927,7691624,2019-05-26 21:51:10,btc,46548272.13329405,2247.75224775,0.00000001,btc,35227914.24015052,4.496e-05,0.8656533230740813,29
1,[],4,[],2019-05-26 21:51:10,15196812.2829168,0.00000006,0.000000000005147562,7691625,2019-05-26 21:51:10,btc,2.671037206506668,0.0,0.00000006,btc,2137678.3722505,0.00320017,0.1679491166386578,30
0,[],17,[],2019-05-03 01:11:25,0.0,0,0,7559066,2019-05-03 01:11:25,btc,0.0,0.0,0,btc,0.0,0.0,0.0,30
1,[],4,[],2019-05-26 21:53:11,301915.30167165,0.00003978,0.000000003412833606,7691626,2019-05-26 21:53:11,btc,3.385461619718938,0.0,0.00003978,btc,43025.69174221,0.87279209,0.3643291269543744,31
1,[],21,[],2019-05-26 21:53:12,2072471.55574482,0.00004017999999999999816060330948,0.0000000034471506860000002,7691627,2019-05-26 21:53:12,btc,5.135110158614954,286108.8807074,0.000040179999999999998160603309482752365511259995400905609130859375,btc,104612.24686397,12.32943837,3.1152784411869785,31
0,[],2,[],2019-01-20 23:28:43,0.0,0,0,6477009,2019-01-20 23:28:43,,0.0,0.0,0,,0.0,0.0,0.0,32
0,[],4,[],2019-05-26 21:53:14,0.0,0,0,7691628,2019-05-26 21:53:14,,0.0,0.0,0,,0.0,0.0,0.0,33
1,[],12,[],2019-03-30 07:55:10,40641173.964,0.00000003,0.000000000001228359,7108785,2019-03-30 07:55:10,btc,4233210.82356125,0.0,0.00000003,btc,28378394.68333462,0.0126927883965248,0.90752895892,33
0.0000000001307561,[],4,[],2019-05-26 21:53:17,502348146.73777777,1.8305854e-17,1.5705086404658001e-21,7691629,2019-05-26 21:53:17,ltc,3.5046272954064857,0.0,0.00000014,ltc,156456061.15623057,0.00012554,1.8489320869662782e-09,34
1,[],5,[],2019-05-26 21:53:18,0.0,0,0,7691630,2019-05-26 21:53:18,btc,0.0,5.256e-05,0,btc,0.0,0.0,0.0,34
0.0000000002926451,[],17,[],2019-05-02 18:17:47,200000.0,2.9264510000000002e-18,1.596703856561e-22,7556430,2019-05-02 18:17:47,eth,0.20942468735267253,0.0,0.00000001,"btc,eth",1018272.20243647,0.0,5.852902e-13,36
0.0000000001307561,[],4,[],2019-05-26 21:53:18,171503115.881,1.307561e-18,1.121791886047e-22,7691631,2019-05-26 21:53:18,ltc,4.783581624365009e-08,0.0,0.00000001,ltc,6957890846.830453,0.0,2.2425078570447624e-10,36
1,[],5,[],2019-05-26 21:53:19,0.0,0,0,7691632,2019-05-26 21:53:19,btc,0.0,6.38e-06,0,btc,0.0,0.0,0.0,36
0.0000000003108199,[],27,[],2019-05-26 21:55:33,13097099.004,6.2163980000000005e-18,5.333215686946001e-22,7691633,2019-05-26 21:55:33,eth,1670.94395568,3359933268.0,0.00000002,"ltc,eth",5105977.0,1.7585202720594228e-08,5.737726042466925e-11,36
1,[],4,[],2019-05-26 21:55:34,10013987.71700465,0.00000018,0.000000000015442686,7691634,2019-05-26 21:55:34,btc,19772.59565421698,0.0,0.00000018,btc,788916.48311193,0.00111683,0.14339394078631,37
1,[],12,[],2019-05-26 21:55:36,4279741.62100001,0.00000019,0.000000000016300613000000003,7691635,2019-05-26 21:55:36,btc,8.140041183285746,0.0,0.00000019,btc,850481.63069859,0.048911321662,0.1980922647300017,37
1,[],27,[],2019-05-26 21:57:40,1600.0,0.00000015,0.000000000012868905000000001,7691636,2019-05-26 21:57:40,btc,24.12156123602533,0.0,0.00000015,btc,5842.04443503,0.0,3e-05,37
1,[],17,[],2019-05-03 01:11:36,211752.74075282,0.00000025,0.000000000013700074999999998,7559074,2019-05-03 01:11:36,btc,0.055484923955058496,0.0,0.00000025,"btc,eth",1387.19918473,0.0,0.0005381851887916605,37
1,[],5,[],2019-05-26 21:57:42,0.0,0,0,7691637,2019-05-26 21:57:42,btc,0.0,0.00129166,0,btc,0.0,0.0,0.0,42
1,[],12,[],2019-05-26 21:57:43,143926.59379299,0.000001049999999999999899545958213786800428124479367397725582122802734375,0.000000000090082335,7691638,2019-05-26 21:57:43,btc,24.49754590153535,0.0,0.000001049999999999999899545958213786800428124479367397725582122802734375,btc,53679.59485797,0.004057874849,0.0533473199999645,42
1,[],27,[],2019-05-26 21:57:48,806.0,0.00000100,0.0000000000857927,7691639,2019-05-26 21:57:48,btc,0.5699845831768,0.0,0.00000100,"btc,eth",1183.4448157,0.0,0.00020600000048351144,42
1,[],12,[],2019-03-13 09:13:29,1112112.0,0.00000001,0.000000000000386531,6919902,2019-03-13 09:13:29,btc,29058.00478931866,0.0,0.00000001,btc,5967681.93306694,9.99000999e-07,0.01112112,43
1,[],5,[],2019-04-26 22:38:52,0.0,0,0,7474154,2019-04-26 22:38:52,btc,0.0,0.02638891,0,btc,0.0,0.0,0.0,43
0,[],17,[],2019-04-26 22:38:53,0.0,0,0,7474155,2019-04-26 22:38:53,btc,0.0,0.0,0,btc,0.0,0.0,0.0,43
1,[],12,[],2019-03-05 01:54:08,639326.02,0.00000004,0.000000000001486676,6845775,2019-03-05 01:54:08,btc,11116042.728239931,0.0,0.00000004,btc,1103841.4595604,0.0003330765234764,0.014975410599999999,44
1,[],4,[],2019-05-26 21:57:50,114667944.7771562,0.00000001,0.000000000000857927,7691640,2019-05-26 21:57:50,btc,291324.2205731212,0.0,0.00000001,"btc,ltc",27005151.83262538,0.00132451,0.08583318981284582,49
0.0000000001307561,[],4,[],2019-05-26 21:57:51,146379971.49877322,3.3996586e-17,2.9166589037222e-21,7691641,2019-05-26 21:57:51,ltc,22050.1542565204,0.0,0.00000026,ltc,158086424.47632256,0.00010884,9.550096455954842e-10,52
0,[],22,[],2019-05-26 21:57:54,0.0,0,0,7691642,2019-05-26 21:57:54,,10289.55991011,0.0,0,,308568058.4566013,0.0,0.0,57
0,[],27,[],2019-05-26 21:58:00,0.0,0,0,7691643,2019-05-26 21:58:00,,0.0,0.0,0,"btc,eth",0.0,0.0,0.0,57
0.0000000001307561,[],4,[],2019-05-26 21:58:01,2738834087.046031,1.307561e-18,1.121791886047e-22,7691644,2019-05-26 21:58:01,ltc,19.263871470264426,0.0,0.00000001,ltc,5768380386.228598,0.0,3.5811926376919956e-09,58
1,[],12,[],2019-05-26 21:58:02,727746112.0,0.0000000001,0.00000000000000857927,7691645,2019-05-26 21:58:02,btc,1951784.6794992662,0.0,0.0000000001,btc,2390153545.5364637,0.000568222257,0.0727746112,58
0.0000000001055728,[],22,[],2019-05-26 22:00:08,126877.0,1.055728e-18,9.057375558560002e-23,7691646,2019-05-26 22:00:08,XMR,68.17454206,0.0,0.00000001,XMR,9626402.6,0.0,0.00126877,58
1,[],17,[],2019-05-03 01:12:09,1200000.0,0.0000000001,0.00000000000000548003,7559085,2019-05-03 01:12:09,btc,1e+24,0.0,0.0000000001,"btc,eth",39516342.31952568,0.0,0.00010000000058666061,58
1,[],5,[],2019-05-26 22:00:10,0.0,0,0,7691647,2019-05-26 22:00:10,btc,0.0,0.022083,0,btc,0.0,0.0,0.0,61
1,[],22,[],2019-05-26 22:00:13,13613.833333333334,0.00000012,0.000000000010295124,7691648,2019-05-26 22:00:13,BTC,1002.29590883,0.0,0.00000012,BTC,15092.180177125656,0.0,0.00153269,61
1,[],26,[],2019-05-26 22:00:13,0.0,0.00000050,0.00000000004289635,7691649,2019-05-26 22:00:13,btc,0.0,0.0,0.00000050,btc,0.0,0.0,0.0,61
1,[],27,[],2019-05-26 22:00:24,13662.0,0.00000019,0.000000000016300613,7691650,2019-05-26 22:00:24,btc,1.9582485601246655,747.001,0.00000019,"btc,eth",11379.41563696,0.00717121,0.00251178,61
0,[],28,[],2019-05-26 22:00:25,0.0,0,0,7691651,2019-05-26 22:00:25,,0.0,705.0,0,,0.0,0.0,0.0,61
1,[],4,[],2019-05-26 22:00:26,1076075.36990128,0.00000080,0.00000000006863416000000001,7691652,2019-05-26 22:00:26,btc,2.622403629939367,0.0,0.00000080,btc,858560.50231092,0.06936621,0.6386113993064074,67
0.0,[],25,[],2019-05-26 22:00:28,0.0,0,0,7691653,2019-05-26 22:00:28,,0.0,0.0,0.0,btc,0.0,0.0,0.0,67
1,[],12,[],2019-05-26 22:00:30,807115.0,0.00000006,0.000000000005147562,7691654,2019-05-26 22:00:30,btc,5.169295394485513,0.0,0.00000006,btc,766123.17582416,4.088014e-05,0.01739679,71
,[],5,[],2018-11-20 23:02:39,1.5e-07,0.00000005,0.000000000002128045,4862160,2018-11-20 23:02:39,btc,2.84511358,0.0,,btc,0.00036572,0.0,0.07381892,74
1,[],5,[],2019-05-26 22:00:33,0.0,0,0,7691655,2019-05-26 22:00:33,btc,0.0,0.02310858,0,btc,0.0,0.0,0.0,75
0,[],4,[],2019-05-25 21:33:44,0.0,0,0,7686249,2019-05-25 21:33:44,,133656.37989170782,0.0,0,,33439209.5909442,0.0,0.0,81
0,[],20,[],2019-01-25 09:30:31,0.0,0,0,6495923,2019-01-25 09:30:31,btc,0.0,0.0,0,btc,0.0,0.0,0.0,81
1,[],4,[],2019-05-26 22:00:34,26516.92357119,0.00006109,0.0000000052410760430000004,7691656,2019-05-26 22:00:34,btc,18.559334856933578,0.0,0.00006109,btc,25786.10328739,0.214983,0.2140499479690273,82
1,[],21,[],2019-05-26 22:00:34,71495.13433992,0.00006713999999999999753353546739,0.000000005760121878,7691657,2019-05-26 22:00:34,btc,2.747356891574485,28370.2088717,0.000067139999999999997533535467386656137023237533867359161376953125,btc,35736.68834681,1.91707432,2.3258744651433982,82
0,[],17,[],2019-03-25 22:42:34,0.0,0,0,7038780,2019-03-25 22:42:34,btc,0.0445064681804024,0.0,0,btc,995513.18476001,0.0,0.0,84
0.0000000001161485,[],4,[],2019-05-20 13:09:39,216715621.0206096,1.161485e-18,9.0533806701e-23,7657228,2019-05-20 13:09:39,ltc,1.6511566870244727,0.0,0.00000001,ltc,471032407.9048656,0.0,2.5171194308112273e-10,85
,[],22,[],2018-11-20 23:09:34,3408.1,0.0000001,0.0000000000041895,4862324,2018-11-20 23:09:34,BTC,0.04624735,0.0,,BTC,4990.0,0.0,0.00033081,86
1,[],22,[],2019-05-26 22:00:38,65156.0,0.00000001,0.000000000000857927,7691658,2019-05-26 22:00:38,BTC,1.45608405,0.0,0.00000001,BTC,314587.29736842104,0.0,0.00065156,87
0,[],27,[],2019-05-26 22:00:45,0.0,0,0,7691659,2019-05-26 22:00:45,,4.984226803001,0.0,0,btc,58405.44546,0.0,0.0,87
,[],2,[],2018-11-20 23:10:47,0.0,0,0,4862359,2018-11-20 23:10:47,,0.0,0.0,,,0.0,0.0,0.0,88
1,[],11,[],2019-05-26 22:00:46,65563.18960709,0.000082999999999999998149917412870735233809682540595531463623046875,0.0000000071207941,7691660,2019-05-26 22:00:46,btc,181.08267723501643,14667.2912334,0.000082999999999999998149917412870735233809682540595531463623046875,btc,203366.59173269,0.0,2.8871252966324783,89
0,[],2,[],2019-01-20 23:31:45,0.0,0,0,6477083,2019-01-20 23:31:45,,0.0,0.0,0,,0.0,0.0,0.0,91
1,[],12,[],2019-05-26 22:00:48,369233.46315453004,0.00000051,0.000000000043754277000000004,7691661,2019-05-26 22:00:48,btc,87.64373895547776,0.0,0.00000051,btc,107575.9316117,0.005844965637,0.030084271999981902,91
1,[],22,[],2019-05-26 22:02:51,75910.55,0.0000002,0.000000000017158540000000003,7691662,2019-05-26 22:02:51,BTC,0.495,0.0,0.0000002,"BTC,LTC",4.95,0.0,0.00165931,91
0,[],17,[],2019-05-03 01:12:26,0.0,0,0,7559096,2019-05-03 01:12:26,btc,0.0,0.0,0,btc,0.0,0.0,0.0,91
1,[],22,[],2019-04-09 20:17:52,374949.73333333334,0.00000015,0.000000000007771935,7235704,2019-04-09 20:17:52,BTC,6.87372503,0.0,0.00000015,"BTC,LTC",159980.01196797504,1.1e-05,0.80510266,95
0.0000000001307561,[],4,[],2019-05-26 22:02:53,541221557.8140295,4.5764635e-17,3.9262716011645e-21,7691663,2019-05-26 22:02:53,ltc,11.603601382964511,0.0,0.00000035,ltc,174229812.24293143,0.0,8.651346055083571e-10,96
0,[],12,[],2019-05-26 22:02:53,0.0,0,0,7691664,2019-05-26 22:02:53,btc,10.43354575037962,0.0,0,btc,7434339.03796204,3.0969e-07,0.0,96
0,[],17,[],2019-05-03 01:12:32,0.0,0,0,7559100,2019-05-03 01:12:32,btc,0.0,0.0,0,btc,0.0,0.0,0.0,96
1,[],4,[],2019-04-14 03:32:46,1039404.33283278,0.00000038,0.000000000019245518,7293458,2019-04-14 03:32:46,btc,4.170086055365747,0.0,0.00000038,btc,3097704.34561074,0.06260606,0.1859928211030784,99
0,[],2,[],2019-01-20 23:23:55,0.0,0,0,6476914,2019-01-20 23:23:55,,0.0,0.0,0,,0.0,0.0,0.0,100
1,[],4,[],2019-05-26 22:04:54,247111.83098127,0.00002046,0.0000000017553186420000001,7691665,2019-05-26 22:04:54,btc,7.0495796264160635,0.0,0.00002046,btc,138948.35869435,0.19682702,0.8888914165642111,100
1,[],22,[],2019-05-26 22:04:58,150000.0,0.00000002,0.000000000001715854,7691666,2019-05-26 22:04:58,BTC,24.83526409,0.0,0.00000002,BTC,11187.719,0.0,0.0017,101
1,[],4,[],2019-05-26 22:04:59,561435.56909037,0.00000160,0.00000000013726832000000002,7691667,2019-05-26 22:04:59,btc,362.75902491220864,0.0,0.00000160,btc,638255.16449399,0.07429347,0.2158358593595978,103
1,[],12,[],2019-05-26 22:05:02,138821633.04047254,0.000000004,0.00000000000034317080000000005,7691668,2019-05-26 22:05:02,btc,612.1695036300068,0.0,0.000000004,btc,51307699.99526472,0.001147976115,0.1658449191618902,105
0,[],27,[],2019-05-26 22:05:20,0.0,0,0,7691669,2019-05-26 22:05:20,,0.2696910323531397,0.0,0,btc,1270803.35947933,0.0,0.0,105
1,[],22,[],2019-04-21 00:17:26,21333.0,0.00000001,0.000000000000532493,7385819,2019-04-21 00:17:26,BTC,51.38182867,0.0,0.00000001,BTC,470435.0,0.0,0.00021333,107
1,[],26,[],2019-04-21 00:17:26,0.0,0.00000000,0,7385820,2019-04-21 00:17:26,btc,0.0,0.0,0.00000000,btc,0.0,0.0,0.0,107
1,[],5,[],2019-05-26 22:05:22,0.0,0,0,7691670,2019-05-26 22:05:22,btc,0.0,0.0001,0,btc,0.0,0.0,0.0,112
0,[],22,[],2019-05-26 22:05:25,0.0,0,0,7691671,2019-05-26 22:05:25,,2.79635781,0.0,0,,3274992.0833333335,0.0,0.0,112
1,[],27,[],2019-05-26 22:05:37,1.0,0.00000001,0.000000000000857927,7691672,2019-05-26 22:05:37,btc,1.15032588,0.0,0.00000001,"btc,eth",1818.0,0.0,1e-08,112
1,[],4,[],2019-05-26 22:05:38,185266.15125011,0.00000085,0.000000000072923795,7691673,2019-05-26 22:05:38,btc,5.005266077026172,0.0,0.00000085,btc,571846.61694439,0.09435979,0.0961443164109647,113
1,[],5,[],2019-05-26 22:05:39,0.0,0,0,7691674,2019-05-26 22:05:39,btc,0.0,0.0,0,btc,0.0,0.0,0.0,113
1,[],17,[],2019-04-26 02:17:47,162738.278,0.00000004,0.0000000000021069000000000002,7461287,2019-04-26 02:17:47,btc,1.3331140273775473,0.0,0.00000004,btc,51796.221,0.0,0.00230953112,116
1,[],27,[],2019-05-22 05:13:01,210000.0,0.00000001,0.00000000000079145,7666372,2019-05-22 05:13:01,btc,3919.0005001478,0.0,0.00000001,btc,128660.871,0.0,0.0021,116
1,[],4,[],2019-05-21 22:31:11,138169.03963019,0.00000701,0.000000000558364025,7664793,2019-05-21 22:31:11,btc,150.95388250938234,0.0,0.00000701,btc,344631.17141974,0.07552974,0.4288357684941946,120
1,[],7,[],2019-05-21 22:31:12,3901.07750076,0.000010679999999999999389654892212320191902108490467071533203125,0.0000000008506887,7664794,2019-05-21 22:31:12,btc,231188.94669936574,0.0,0.000010679999999999999389654892212320191902108490467071533203125,btc,4133.83151364,0.0,0.0113888422364489,120
1,[],20,[],2019-04-07 18:42:29,1914137.0852,0.000000035,0.0000000000017871910000000002,7211992,2019-04-07 18:42:29,btc,32.2497668025648,25528.85,0.000000035,btc,1001975.4986,0.00089350975,0.0152723574729,125
1,[],22,[],2019-05-26 22:05:44,10000.0,0.00000001,0.000000000000857927,7691675,2019-05-26 22:05:44,BTC,0.032061,0.0,0.00000001,BTC,299316.7611111111,0.0,0.0001,126
1,[],4,[],2019-05-26 22:05:44,199401.95643406,0.00000576,0.000000000494165952,7691676,2019-05-26 22:05:44,btc,3.2430100759265965,0.0,0.00000576,btc,172519.67417502,0.16560861,0.5767751531271815,131
0,[],2,[],2019-01-20 23:25:46,0.0,0,0,6476969,2019-01-20 23:25:46,,0.0,0.0,0,,0.0,0.0,0.0,131
1,[],17,[],2019-05-03 01:13:10,10000.0,0.00000001,0.000000000000548003,7559115,2019-05-03 01:13:10,btc,0.0953976503951408,0.0,0.00000001,btc,5037.62507334,0.0,0.0001,131
1,[],4,[],2019-05-26 22:07:46,4718.49944494,0.00007919,0.000000006793923913,7691677,2019-05-26 22:07:46,btc,5.043789497461104,0.0,0.00007919,btc,247.17378338,0.0,0.0067832248090044,135
1,[],3,[],2019-05-26 22:07:47,433341.0025,0.00000001,0.000000000000857927,7691678,2019-05-26 22:07:47,btc,0.21839381588964898,1000968.8208,0.00000001,btc,1844571.47493701,0.0,0.0043334100250000005,136
1,[],4,[],2019-05-26 22:07:47,2407080.32994143,0.00000198,0.00000000016986954600000001,7691679,2019-05-26 22:07:47,btc,107.28329834407621,0.0,0.00000198,btc,471484.76255678,0.02714692,0.6972780147368494,137
1,[],12,[],2019-05-26 22:07:48,77927.28318857,0.000002129999999999999935377213711173993715419783256947994232177734375,0.000000000182738451,7691680,2019-05-26 22:07:48,btc,57.77339864370947,0.0,0.000002129999999999999935377213711173993715419783256947994232177734375,btc,47205.66719532,0.00014484,0.0190732599998964,137
1,[],4,[],2019-05-26 22:07:49,105940.21821486,0.00001489,0.000000001277453303,7691681,2019-05-26 22:07:49,btc,9.266647124596481,0.0,0.00001489,btc,130730.94914471,1.24568189,0.9451283119108721,142
1,[],5,[],2019-05-26 22:07:51,0.0,0,0,7691682,2019-05-26 22:07:51,btc,0.0,0.01820814,0,btc,0.0,0.0,0.0,142
1,[],20,[],2019-05-26 22:09:55,209161.1934,0.000015,0.0000000012868905,7691683,2019-05-26 22:09:55,btc,1.6081629027085,0.0,0.000015,btc,9794.2654,0.0,0.0228940781234,142
1,[],22,[],2019-05-26 22:09:59,11028.645,0.00001000,0.000000000857927,7691684,2019-05-26 22:09:59,BTC,3.2754788,0.0,0.00001000,BTC,1133.9993657797618,0.0,0.00745365,142
0.0,[],25,[],2019-05-26 22:10:00,0.0,0,0,7691685,2019-05-26 22:10:00,,0.0,0.0,0.0,btc,0.0,0.0,0.0,142
0,[],28,[],2019-05-26 22:10:02,0.0,0,0,7691686,2019-05-26 22:10:02,,0.0,1.0,0,,0.0,0.0,0.0,142
1,[],17,[],2019-05-03 01:13:16,32967.38636364,0.00000088,0.000000000048224264,7559122,2019-05-03 01:13:16,btc,20.06976206696776,0.0,0.00000088,btc,2746.079105,0.0,0.0105613000000032,142
0,[],22,[],2019-05-26 22:10:05,0.0,0,0,7691687,2019-05-26 22:10:05,,65.51518676,0.0,0,,839924755.3,0.0,0.0,143
0,[],22,[],2019-02-25 15:42:22,0.0,0,0,6783783,2019-02-25 15:42:22,,4.2131946,0.0,0,,2322156.0,0.0,0.0,146
,[],22,[],2018-11-20 23:01:11,0.0,0,0,4862114,2018-11-20 23:01:11,,2.56807021,0.0,,,61828.4988236,0.0,0.0,147
1,[],12,[],2019-04-21 06:38:04,193091.5971266,0.00000071,0.000000000037635183,7388679,2019-04-21 06:38:04,btc,2.301232411611175,0.0,0.00000071,btc,9957.48302385,0.00023528,0.0313308199999888,148
1,[],4,[],2019-03-19 21:31:25,255810.0415942,0.00000029,0.000000000011615747,6982695,2019-03-19 21:31:25,btc,218.94922712414143,0.0,0.00000029,btc,793529.37642722,0.00117,0.0608347789473395,152
0,[],22,[],2019-03-19 21:31:27,0.0,0,0,6982696,2019-03-19 21:31:27,,0.0,0.0,0,,0.0,0.0,0.0,152
1,[],5,[],2019-04-26 09:36:59,0.0,0,0,7465040,2019-04-26 09:36:59,btc,0.0,0.0,0,btc,0.0,0.0,0.0,153
,[],16,[],2019-01-11 15:38:59,0.0,0,0,6366141,2019-01-11 15:38:59,btc,0.0,0.0,,btc,0.0,0.0,0.0,155
0,[],23,[],2019-01-20 23:24:29,0.0,0,0,6476932,2019-01-20 23:24:29,,0.0,0.0,0,,0.0,0.0,0.0,156
0,[],22,[],2019-05-26 22:10:09,0.0,0,0,7691688,2019-05-26 22:10:09,,6.80425924,0.0,0,,4675174.942592593,0.0,0.0,156
1,[],22,[],2019-05-26 22:10:13,7066.0,0.00000800,0.0000000006863416,7691689,2019-05-26 22:10:13,BTC,1.79802465,0.0,0.00000800,BTC,802.6461988741639,0.0,0.00062996,157
0,[],22,[],2019-05-21 23:40:32,0.0,0,0,7665049,2019-05-21 23:40:32,,50234.60468402,0.0,0,,54786159.03179465,0.0,0.0,158
,[],17,[],2018-11-20 22:56:10,0.0,0,0,4861976,2018-11-20 22:56:10,btc,1.1265625,0.0,,btc,1000.0,0.0,0.0,159
,[],20,[],2018-11-20 22:56:12,0.0,0,0,4861977,2018-11-20 22:56:12,btc,11912.7940471,0.0,,btc,34413894.3617,0.0,0.0,159
1,[],12,[],2019-05-24 02:51:20,9178.522006449999,0.00000191999999999999982841307998027158276954651228152215480804443359375,0.000000000151222656,7676256,2019-05-24 02:51:20,btc,149.80414728631675,0.0,0.00000191999999999999982841307998027158276954651228152215480804443359375,btc,1115.7451448499999,0.01783167678326,0.0120075778999181,168
1,[],17,[],2019-05-03 01:13:36,42852.0,0.00000002,0.000000000001096006,7559132,2019-05-03 01:13:36,btc,0.04279856251542,0.0,0.00000002,btc,274.46171372,0.0,0.00052852,168
1,[],22,[],2019-05-17 03:01:52,10.0,0.00000001,0.000000000000778341,7642059,2019-05-17 03:01:52,BTC,41.95893009,0.0,0.00000001,BTC,1753972.7737547632,0.0,1e-07,169
1,[],22,[],2019-05-26 22:10:17,203664.0,0.00000002,0.000000000001715854,7691690,2019-05-26 22:10:17,BTC,27.86386553,0.0,0.00000002,BTC,461104.9785507793,0.0,0.00213428,171
1,[],22,[],2019-05-26 22:10:21,494870.0,0.00000002,0.000000000001715854,7691691,2019-05-26 22:10:21,BTC,24.41586237,0.0,0.00000002,"BTC,LTC",1161100.8364505093,0.0,0.0054847,173
1,[],5,[],2019-05-26 22:10:22,0.0,0,0,7691692,2019-05-26 22:10:22,btc,0.0,0.01307623,0,btc,0.0,0.0,0.0,175
1,[],22,[],2019-05-26 22:10:27,90671.0,0.00000001,0.000000000000857927,7691693,2019-05-26 22:10:27,BTC,394.35459412,0.0,0.00000001,BTC,136275.61833431243,0.0,0.00090671,176
1,[],7,[],2019-05-26 22:11:06,0.0,0,0,7691694,2019-05-26 22:11:06,btc,522274.26955862925,260553.446553,0,btc,28174216.909312557,0.00260553,0.0,178
0,[],22,[],2019-05-26 22:11:09,0.0,0,0,7691695,2019-05-26 22:11:09,,1.00242428,0.0,0,,57512.0,0.0,0.0,178
0,[],2,[],2019-01-20 23:28:34,0.0,0,0,6477001,2019-01-20 23:28:34,,0.0,0.0,0,,0.0,0.0,0.0,178
0,[],23,[],2019-01-20 23:25:08,0.0,0,0,6476952,2019-01-20 23:25:08,,0.0,0.0,0,,0.0,0.0,0.0,179
1,[],5,[],2019-05-26 22:11:10,0.0,0,0,7691696,2019-05-26 22:11:10,btc,0.0,0.03830528,0,btc,0.0,0.0,0.0,179
0,[],22,[],2019-05-26 22:11:13,0.0,0,0,7691697,2019-05-26 22:11:13,,5.31420491,0.0,0,,13396087.311946675,0.0,0.0,179
1,[],22,[],2019-05-26 22:13:17,665597.6721533368,0.00000130,0.00000000011153051000000001,7691698,2019-05-26 22:13:17,BTC,39.29055234,0.0,0.00000130,"BTC,LTC",152265.43506549578,0.00592891,0.56426657,180
1,[],26,[],2019-05-26 22:13:18,0.0,0.00000010,0.000000000008579270000000001,7691699,2019-05-26 22:13:18,btc,0.0,0.0,0.00000010,btc,0.0,0.0,0.0,180
1,[],17,[],2019-05-03 01:13:56,20504.725000000002,0.0000001,0.00000000000548003,7559141,2019-05-03 01:13:56,btc,5.2010695838400265,0.0,0.0000001,btc,5033.45945,0.0,0.0011504725,180
,[],7,[],2018-11-20 22:58:01,562227.975654,0.00000085,0.000000000036176765,4862015,2018-11-20 22:58:01,btc,21836.6059674,2491.87645172,,btc,749999.041456,0.00211021,0.127565380455,183
,[],5,[],2019-01-10 08:11:41,0.0,0,0,6347036,2019-01-10 08:11:41,btc,82.15055501,0.00261,,btc,1.19002445,0.0,0.0,187
,[],17,[],2018-11-16 20:58:10,4062536.27273,0.00000001,0.000000000000550501,4708775,2018-11-16 20:58:10,btc,3.36492563466,0.195460381006,,"btc,eth",110697919.549,0.0,0.0157628953496,187
1,[],24,[],2019-05-22 21:04:52,0.0,0.000000000014,0.0000000000000010960978,7670219,2019-05-22 21:04:52,btc,0.0,0.0,0.000000000014,btc,0.0,0.0,0.0,187
0,[],22,[],2019-04-25 02:54:07,0.0,0,0,7447896,2019-04-25 02:54:07,,7.54794454,0.0,0,,76361.7243344055,0.0,0.0,191
0,[],22,[],2019-05-26 22:13:23,0.0,0,0,7691700,2019-05-26 22:13:23,,0.0,0.0,0,,0.0,0.0,0.0,197
0,[],23,[],2019-01-20 23:31:41,0.0,0,0,6477079,2019-01-20 23:31:41,,0.0,0.0,0,,0.0,0.0,0.0,199
0,[],22,[],2019-05-26 22:13:26,0.0,0,0,7691701,2019-05-26 22:13:26,,10.5548544,0.0,0,,99290037.0,0.0,0.0,199
1,[],26,[],2019-05-26 22:13:26,0.0,0.00000000,0,7691702,2019-05-26 22:13:26,btc,0.0,0.0,0.00000000,btc,0.0,0.0,0.0,199
0,[],2,[],2019-01-20 23:30:49,0.0,0,0,6477059,2019-01-20 23:30:49,,0.0,0.0,0,,0.0,0.0,0.0,201
1,[],4,[],2019-01-25 15:51:35,2084389.58565343,0.00000936,0.000000000333526752,6499557,2019-01-25 15:51:35,btc,2.0092503037378524,0.0,0.00000936,btc,160195.80207885,0.19272417,1.242687955921835,211
1,[],7,[],2019-05-26 21:38:44,21814079.20360184,0.00000035,0.000000000029837955,7691542,2019-05-26 21:38:44,btc,15200499.054208588,1162625.89255,0.00000035,btc,9789240.57581728,0.0,1.4655328873011573,212
1,[],12,[],2019-01-25 02:44:32,207462.42853209,0.000001080000000000000035831255497387193287295303889550268650054931640625,0.000000000038610756000000006,6493050,2019-01-25 02:44:32,btc,85023.03793723314,0.0,0.000001080000000000000035831255497387193287295303889550268650054931640625,btc,43675.73520027,0.000146250909087,0.0348620860622024,213
1,[],5,[],2019-05-26 22:17:41,0.0,0,0,7691703,2019-05-26 22:17:41,btc,0.0,0.0604197,0,btc,0.0,0.0,0.0,213
1,[],24,[],2019-05-26 22:17:41,0.0,0.000000090000,0.000000000007721343,7691704,2019-05-26 22:17:41,btc,0.0,0.0,0.000000090000,btc,0.0,0.0,0.0,213
1,[],26,[],2019-05-26 22:17:41,0.0,0.00000040,0.000000000034317080000000005,7691705,2019-05-26 22:17:41,btc,0.0,0.0,0.00000040,btc,0.0,0.0,0.0,213
0,[],22,[],2019-05-26 22:17:44,0.0,0,0,7691706,2019-05-26 22:17:44,,9.61445386,0.0,0,,3661587.094064925,0.0,0.0,216
0,[],27,[],2019-05-26 22:17:49,0.0,0,0,7691707,2019-05-26 22:17:49,,66.1202516180052,0.0,0,"btc,ltc",407950.40768,0.0,0.0,216
1,[],22,[],2019-05-26 22:17:54,225833.0,0.00000015,0.000000000012868905000000001,7691708,2019-05-26 22:17:54,BTC,12054.76086804,0.0,0.00000015,BTC,420508.796181347,0.00121318,0.01147587,217
1,[],7,[],2019-05-26 22:17:55,0.0,0,0,7691709,2019-05-26 22:17:55,btc,1234863.9748694147,0.0,0,btc,162552363.92083928,0.0,0.0,219
0,[],27,[],2019-05-26 22:18:00,0.0,0,0,7691710,2019-05-26 22:18:00,,0.105466823472,0.0,0,btc,3058319.8967,0.0,0.0,219
0,[],28,[],2019-05-26 22:18:02,0.0,0,0,7691711,2019-05-26 22:18:02,,0.0,37413.0,0,,0.0,0.0,0.0,219
1,[],22,[],2019-05-23 16:41:05,172069.0,0.00000004,0.0000000000031167080000000004,7674065,2019-05-23 16:41:05,BTC,56.76466137,0.0,0.00000004,BTC,127061.6482738741,0.0,0.00393676,221
1,[],24,[],2019-05-23 16:41:05,0.0,0.000000010000,0.0000000000007791770000000001,7674066,2019-05-23 16:41:05,btc,0.0,0.0,0.000000010000,btc,0.0,0.0,0.0,221
1,[],20,[],2019-05-26 22:18:05,5496434.404,0.000000003,0.0000000000002573781,7691712,2019-05-26 22:18:05,btc,100050.73112918323,314259.4938,0.000000003,btc,39752517.8618,0.0011203254876,0.0059686059934,224
0,[],22,[],2019-05-26 22:18:07,0.0,0,0,7691713,2019-05-26 22:18:07,,0.0,0.0,0,,0.0,0.0,0.0,224
1,[],26,[],2019-05-26 22:18:08,0.0,0.00000026,0.000000000022306102,7691714,2019-05-26 22:18:08,btc,0.0,0.0,0.00000026,btc,0.0,0.0,0.0,231
1,[],26,[],2019-05-26 22:18:08,0.0,0.00000006,0.000000000005147562,7691715,2019-05-26 22:18:08,btc,0.0,0.0,0.00000006,btc,0.0,0.0,0.0,234
0,[],27,[],2019-05-26 22:18:17,0.0,0,0,7691716,2019-05-26 22:18:17,,0.01134836604,0.0,0,"btc,eth",11462.996,0.0,0.0,234
1,[],4,[],2019-05-22 17:06:12,91780.56053785,0.00000078,0.000000000061977552,7669277,2019-05-22 17:06:12,btc,5.573372450018177,0.0,0.00000078,btc,729173.93529783,0.0,0.0307060663355679,236
1,[],24,[],2019-05-22 17:06:12,0.0,0.000000010000,0.000000000000794584,7669278,2019-05-22 17:06:12,btc,0.0,0.0,0.000000010000,btc,0.0,0.0,0.0,236
1,[],5,[],2019-05-26 22:18:18,0.0,0,0,7691717,2019-05-26 22:18:18,btc,0.0,0.06717672,0,btc,0.0,0.0,0.0,237
1,[],20,[],2019-05-26 22:18:20,121331683.8589,0.000000044,0.0000000000037748788,7691718,2019-05-26 22:18:20,btc,58794.09302571967,15445705.3728,0.000000044,btc,41727951.9469,0.6816290535206,0.4846763384989,237
1,[],22,[],2019-05-26 22:18:24,363100.0,0.00000003,0.000000000002573781,7691719,2019-05-26 22:18:24,BTC,1.20267422,0.0,0.00000003,"BTC,LTC",17930.94871794872,0.0,0.009791,237
1,[],4,[],2019-05-26 22:18:24,26757491.68856669,0.00000013,0.000000000011153051,7691720,2019-05-26 22:18:24,btc,3.3649252949809414,0.0,0.00000013,btc,9215336.52783686,0.21716015,0.5510031260849441,238
1,[],5,[],2019-05-26 22:18:26,0.0,0,0,7691721,2019-05-26 22:18:26,btc,0.0,0.0074214,0,btc,0.0,0.0,0.0,238
0,[],22,[],2019-03-12 16:49:32,0.0,0,0,6914458,2019-03-12 16:49:32,,0.40415746,0.0,0,,526736.5639027493,0.0,0.0,249
0,[],22,[],2019-05-26 22:18:28,0.0,0,0,7691722,2019-05-26 22:18:28,,13.44274464,0.0,0,,43667434.3426455,0.0,0.0,252
0,[],28,[],2019-05-26 22:18:30,0.0,0,0,7691723,2019-05-26 22:18:30,,0.0,233119.70020182,0,,0.0,0.0,0.0,256
1,[],22,[],2019-05-26 22:18:34,1051629.0,0.00000001,0.000000000000857927,7691724,2019-05-26 22:18:34,BTC,21.85885958,0.0,0.00000001,BTC,542925.7509808998,1.275e-05,0.01051629,258
1,[],22,[],2019-05-19 18:12:02,400.0,0.00000001,0.0000000000007957800000000001,7653905,2019-05-19 18:12:02,BTC,2.415167,0.0,0.00000001,BTC,157.0,0.0,4e-06,259
1,[],5,[],2019-05-26 22:18:35,0.0,0,0,7691725,2019-05-26 22:18:35,btc,0.0,0.01123981,0,btc,0.0,0.0,0.0,264
1,[],20,[],2019-05-26 22:18:37,898368.6106,0.000000139,0.0000000000119251853,7691726,2019-05-26 22:18:37,btc,0.9821277096589,0.0,0.000000139,btc,55384.8928,0.0,0.0065527218551,264
0,[],22,[],2019-04-12 17:57:27,0.0,0,0,7278186,2019-04-12 17:57:27,,66.37522201,0.0,0,,677842.4169881374,0.0,0.0,271
0,[],22,[],2019-05-26 22:20:37,0.0,0,0,7691727,2019-05-26 22:20:37,,160.5890896,0.0,0,,3926989380.9,0.0,0.0,272
0,[],28,[],2019-05-26 22:22:38,0.0,0,0,7691728,2019-05-26 22:22:38,,0.0,7722564160.36,0,,0.0,0.0,0.0,272
1,[],22,[],2019-05-23 07:12:29,219930.0,0.00000004,0.000000000003048688,7671985,2019-05-23 07:12:29,BTC,426.77835217,0.0,0.00000004,BTC,248664.3325962929,0.0,0.00739728,281
1,[],22,[],2019-05-26 22:22:43,588877.2666666667,0.00000008,0.000000000006863416,7691729,2019-05-26 22:22:43,BTC,31.61864878,0.0,0.00000008,"BTC,LTC",1062769.857672661,0.007559930000037658,0.02346241,286
0,[],22,[],2019-05-26 22:22:45,0.0,0,0,7691730,2019-05-26 22:22:45,,7337903.84179816,0.0,0,,1885064562.6797826,0.0,0.0,294
