pairValue,buyBook,exchangeId,sellBook,updated,buyTotal,satoshiPrice,usdPrice,exchangeLogId,created,bestPair,sellTotalBtc,volume,pairPrice,activePairs,sellTotal,volumeBtc,buyTotalBtc,coinId
1,[],3,[],2019-01-23 06:32:30,106.345070796655,0.01259774999999999957334129163655234151519834995269775390625,0.000003521698656483599003446763663,6510364,2019-01-23 06:32:30,btc,106.95557147670333,0.179795713077,0.01259774999999999957334129163655234151519834995269775390625,btc,13.051577706431,0.0,0.20157223056781362,1
1,[],4,[],2019-01-23 06:32:32,25077.01138578,0.01253368,0.000003503787899965895231485166206,6510365,2019-01-23 06:32:32,btc,1.65865564116947,0.0,0.01253368,btc,126.69430212,1.02765526,1.2218465470840185,1
1,[],5,[],2019-01-23 06:32:33,0.22307486,0.01262175,0.000003528407851995147326084429837,6510366,2019-01-23 06:32:33,btc,14578.53545138,0.08127488,0.01262175,btc,35555556.30498893,0.0,1.31577999,1
1,[],10,[],2019-01-23 06:32:35,269287.84100804,0.01244978,0.000003480333670656774796071671445,6510367,2019-01-23 06:32:35,btc,6368.859919280579,1665.44724995,0.01244978,btc,959.52151681,0.0,2.1628452841036916,1
1,[],12,[],2019-01-23 06:32:37,10379.07671453,0.01256999999999999957644991610550277982838451862335205078125,0.000003513941149173371394174646251,6510368,2019-01-23 06:32:37,btc,0.503754860095,0.0,0.01256999999999999957644991610550277982838451862335205078125,btc,33.72907032,0.1043993323538,0.2008793069955,1
1,[],20,[],2019-01-23 06:32:39,1344.4193,0.010510001,0.000002938068813981963704897869445,6510369,2019-01-23 06:32:39,btc,0.0746164438962,0.0,0.010510001,btc,3.5114,0.0,0.0893555481251,1
1,[],21,[],2019-01-23 06:32:40,2096.52043897,0.01262594000000000042660541765826565097086131572723388671875,0.000003529579165711538569179420558,6510370,2019-01-23 06:32:40,eth,344225560.67129713,2410.9264308700003,0.01262594000000000042660541765826565097086131572723388671875,"btc,eth",2598.13946326,73232500.37978153,198312533.88499516,1
1,[],22,[],2019-01-23 06:32:43,0.0363776,0.01400000,0.000003913697381736451963094025608,6510371,2019-01-23 06:32:43,BTC,0.312,0.0,0.01400000,BTC,0.031,0.0,0.00048472,1
1,[],24,[],2019-01-23 06:32:43,0.0,0.000000000000,0,6510372,2019-01-23 06:32:43,btc,0.0,0.0,0.000000000000,btc,0.0,0.0,0.0,1
1,[],25,[],2019-01-23 06:32:44,228.57905547,0.01250200,0.000003494931761890651603042964868,6510373,2019-01-23 06:32:44,btc,16.714599998576066,943.66412061,0.01250200,btc,1292.79633698,12.213,2.8049999996171624,1
1,[],28,[],2019-01-23 06:32:47,987.9,0.01131000,0.000003161708384817090835899530687,6510374,2019-01-23 06:32:47,btc,0.162839806,35517.7,0.01131000,btc,8.9,0.0,0.024551096,1
,[],26,[],2018-11-28 08:36:25,0.0,0.02269021,0.000000905623006625,5137884,2018-11-28 08:36:25,btc,0.0,2559.40051283,,btc,0.0,0.0,0.0,1
0,[],2,[],2019-01-21 03:09:18,0.0,0,0,6478827,2019-01-21 03:09:18,,0.0,0.0,0,,0.0,0.0,0.0,1
1,[],5,[],2019-01-23 06:23:15,1.53e-05,0.00000061,0.00000000017052538591851683,6510189,2019-01-23 06:23:15,btc,0.17966273,0.01444594,0.00000061,btc,6.684e-05,0.0,0.42761161,2
0,[],22,[],2019-01-23 06:23:19,0.0,0,0,6510190,2019-01-23 06:23:19,,0.0,0.0,0,,0.0,0.0,0.0,2
1,[],5,[],2019-01-23 06:23:34,1.42e-06,0.00000017,0.000000000047523468206799773,6510198,2019-01-23 06:23:34,btc,3.25457879,0.03487568,0.00000017,btc,2.267e-05,0.0,2.95114996,3
1,[],12,[],2019-01-23 06:23:35,11344777.56898507,0.00000017,0.000000000047523468206799773,6510199,2019-01-23 06:23:35,btc,921314.8986364267,0.0,0.00000017,btc,8116859.38099651,0.0666469618045493,0.5141834914690112,3
0,[],28,[],2019-01-23 06:23:36,0.0,0,0,6510200,2019-01-23 06:23:36,,0.0,0.0,0,,0.0,0.0,0.0,3
0,[],2,[],2019-01-21 03:02:05,0.0,0,0,6478666,2019-01-21 03:02:05,,0.0,0.0,0,,0.0,0.0,0.0,4
1,[],4,[],2019-01-23 06:26:20,1128567.04491503,0.00000045,0.00000000012579741584152882,6510219,2019-01-23 06:26:20,btc,0.4772057357581599,0.0,0.00000045,btc,321185.16906228,0.01656036,0.0648128948163536,4
1,[],12,[],2019-01-23 06:26:21,1062226.5219999999,0.00000002,0.000000000005590996259623503,6510221,2019-01-23 06:26:21,btc,11013867.818600481,0.0,0.00000002,btc,978378.15654341,5.001e-05,0.01387707044,5
0,[],2,[],2019-01-21 03:02:32,0.0,0,0,6478676,2019-01-21 03:02:32,,0.0,0.0,0,,0.0,0.0,0.0,6
1,[],11,[],2019-01-23 06:26:31,3493708.0,0.00000002,0.000000000005590996259623503,6510226,2019-01-23 06:26:31,btc,9429.939934409964,333125.0,0.00000002,btc,41199530.70959839,0.0,0.03592585,6
1,[],3,[],2019-01-23 06:26:36,1049.631568128516,0.00015050999999999999383500093319554480331134982407093048095703125,0.00000004207504235179667,6510229,2019-01-23 06:26:36,btc,30.108593419388622,0.0,0.00015050999999999999383500093319554480331134982407093048095703125,btc,231.077492617847,0.0,0.027978323718350753,7
1,[],4,[],2019-01-23 06:26:37,24838.4361035,0.00017701,0.00000004948311239579781,6510230,2019-01-23 06:26:37,btc,3.2100427535900864,0.0,0.00017701,btc,16024.47450099,1.14924661,3.7976778455194578,7
1,[],5,[],2019-01-23 06:26:38,0.00532699,0.00017011,0.000000047554218686227706,6510231,2019-01-23 06:26:38,btc,1.283117,0.08373976,0.00017011,btc,0.01160944,0.0,1.66605698,7
1,[],20,[],2019-01-23 06:26:51,4247995.078,0.000000001,0.00000000000027954981298117516,6510234,2019-01-23 06:26:51,btc,121.2015808167304,398.922,0.000000001,btc,30152403.9934,3.98922e-07,0.004247995078,8
0,[],2,[],2019-01-21 03:03:13,0.0,0,0,6478691,2019-01-21 03:03:13,,0.0,0.0,0,,0.0,0.0,0.0,9
0,[],23,[],2019-01-21 03:03:25,0.0,0,0,6478693,2019-01-21 03:03:25,,0.0,0.0,0,,0.0,0.0,0.0,9
1,[],1,[],2019-01-23 06:26:59,2492567.29,0.0000018500000000000000751026844880708921436962555162608623504638671875,0.000000000517167154015174,6510239,2019-01-23 06:26:59,btc,1.0541660307,23104847.48,0.0000018500000000000000751026844880708921436962555162608623504638671875,btc,551564.37,44.85527573,4.5119453119,9
1,[],4,[],2019-01-23 06:27:00,434532.95953444,0.00000188,0.0000000005255536484046092,6510240,2019-01-23 06:27:00,btc,0.8727475378148147,0.0,0.00000188,btc,429783.05389788,1.48985463,0.63697275627203,9
1,[],28,[],2019-01-23 06:27:02,34500.0,0.00000165,0.00000000046125719141893897,6510241,2019-01-23 06:27:02,btc,2708.7525973402,7144865.44,0.00000165,btc,8331.02,0.0,0.02854,9
1,[],4,[],2019-01-23 06:27:08,4061609.88,0.00000002,0.000000000005590996259623503,6510245,2019-01-23 06:27:08,btc,0.2168777675052417,0.0,0.00000002,btc,3898093.71774756,0.00139144,0.0430616019,10
0,[],2,[],2019-01-21 03:05:49,0.0,0,0,6478705,2019-01-21 03:05:49,,0.0,0.0,0,,0.0,0.0,0.0,12
1,[],4,[],2019-01-23 06:27:18,1957779.15887441,0.00000152,0.00000000042491571573138623,6510252,2019-01-23 06:27:18,btc,1.2028723835631066,0.0,0.00000152,btc,757135.17772011,2.11973758,2.8327917049357447,12
1,[],5,[],2019-01-23 06:27:20,1.381e-05,0.00000146,0.0000000004081427269525157,6510253,2019-01-23 06:27:20,btc,0.24909704,0.75487422,0.00000146,btc,0.00011074,0.0,0.09026288,12
,[],25,[],2019-01-11 15:39:35,0.0,0,0,6366164,2019-01-11 15:39:35,,0.0,0.0,,btc,0.0,0.0,0.0,12
1,[],4,[],2019-01-23 06:31:50,407982.37823648,0.00000700,0.000000001956848690868226,6510338,2019-01-23 06:31:50,btc,0.2110386231819754,0.0,0.00000700,btc,28334.42110991,0.6596615,1.702293935555772,13
1,[],21,[],2019-01-23 06:31:54,1139417.16641138,0.0000072099999999999995784426796985311369780902168713510036468505859375,0.0000000020155541515942726,6510339,2019-01-23 06:31:54,btc,5.767539708067685,331775.56935067,0.0000072099999999999995784426796985311369780902168713510036468505859375,btc,723043.21125281,2.3509699,6.58449126384096,13
1,[],10,[],2019-01-23 06:21:10,622752.74517276,0.00000704,0.0000000019687736833126858,6510129,2019-01-23 06:21:10,btc,666784.4513971716,2567.14653405,0.00000704,btc,830628.44209577,0.0,0.8902051371252447,13
1,[],4,[],2019-01-23 06:27:31,23043261.97724579,0.00000207,0.0000000005786681128710325,6510261,2019-01-23 06:27:31,btc,0.2543694744510418,0.0,0.00000207,btc,94378.69516831,0.02251327,0.6273890243672772,14
1,[],12,[],2019-01-23 06:27:32,89106.17862033,0.00000181000000000000003456111265232042484285557293333113193511962890625,0.0000000005059851614959271,6510262,2019-01-23 06:27:32,btc,1.7855371155556439,0.0,0.00000181000000000000003456111265232042484285557293333113193511962890625,btc,35449.9101839,0.0013983102957277,0.0224782229335821,14
0,[],17,[],2019-01-23 06:27:34,0.0,0,0,6510263,2019-01-23 06:27:34,btc,0.0,0.0,0,btc,0.0,0.0,0.0,14
1,[],26,[],2019-01-23 06:27:34,0.0,0.00000020,0.00000000005590996259623503,6510264,2019-01-23 06:27:34,btc,0.0,0.0,0.00000020,btc,0.0,0.0,0.0,14
0,[],4,[],2019-01-23 06:32:58,0.0,0,0,6510383,2019-01-23 06:32:58,,0.0,0.0,0,,0.0,0.0,0.0,15
,[],12,[],2018-12-01 15:15:48,204241.84496,0.00000489,0.000000000202473384,5260204,2018-12-01 15:15:48,btc,49.5475654835,0.0,,btc,35763.2193806,0.0163153972027625,0.0203389899998,15
0,[],2,[],2019-01-21 03:06:22,0.0,0,0,6478721,2019-01-21 03:06:22,,0.0,0.0,0,,0.0,0.0,0.0,18
1,[],4,[],2019-01-23 06:27:40,30987.80586498,0.00001800,0.000000005031896633661152,6510267,2019-01-23 06:27:40,btc,0.9424261148305946,0.0,0.00001800,btc,13921.95121856,0.00369604,0.1740403409011958,18
1,[],10,[],2019-01-23 06:27:42,50130.04286675,0.00001745,0.000000004878144236521507,6510268,2019-01-23 06:27:42,btc,15.557340142399507,20834.2104166,0.00001745,btc,10674.55040335,0.0,0.1889780160591835,18
1,[],12,[],2019-01-23 06:27:43,195739.88326508,0.00001701000000000000146431478054154240453499369323253631591796875,0.0000000047551423188097894,6510269,2019-01-23 06:27:43,btc,0.4602302296417566,0.0,0.00001701000000000000146431478054154240453499369323253631591796875,btc,2151.44326039,0.000514955,0.017091062989417,18
0,[],17,[],2019-01-23 06:27:44,0.0,0,0,6510270,2019-01-23 06:27:44,btc,0.0,0.0,0,btc,0.0,0.0,0.0,18
0,[],2,[],2019-01-21 03:06:55,0.0,0,0,6478739,2019-01-21 03:06:55,,0.0,0.0,0,,0.0,0.0,0.0,19
1,[],3,[],2019-01-23 06:30:05,107973.92836497616,0.0000380999999999999977465074685323287440041895024478435516357421875,0.000000010650847874582773,6510283,2019-01-23 06:30:05,btc,1.299657137919907,32.3934975798,0.0000380999999999999977465074685323287440041895024478435516357421875,btc,8491.786476929725,0.0,0.08712504493169823,19
1,[],4,[],2019-01-23 06:30:06,72903.55554164,0.00004033,0.000000011274243957530793,6510284,2019-01-23 06:30:06,btc,1.9742127988290845,0.0,0.00004033,btc,40853.35952409,0.19282367,1.662482563556868,19
1,[],5,[],2019-01-23 06:30:07,0.00036349,0.00003259,0.000000009110528405056497,6510285,2019-01-23 06:30:07,btc,0.30998196,0.00115115,0.00003259,btc,0.00348112,0.0,0.19298166,19
1,[],12,[],2019-01-23 06:30:08,116748.50028278,0.0000382799999999999994112521994882314402275369502604007720947265625,0.000000010701166840919384,6510286,2019-01-23 06:30:08,btc,1.9937386750836137,0.0,0.0000382799999999999994112521994882314402275369502604007720947265625,btc,400.27457877,0.0019926751306722,0.037880192081034096,19
0,[],27,[],2019-01-23 06:30:10,0.0,0,0,6510287,2019-01-23 06:30:10,,0.0,0.0,0,btc,0.0,0.0,0.0,19
1,[],4,[],2019-01-23 06:30:41,8501475.10080255,0.00000015,0.00000000004193247194717627,6510303,2019-01-23 06:30:41,btc,0.7556520095149347,0.0,0.00000015,btc,1439792.70773057,0.00113596,0.4219559911857907,20
1,[],4,[],2019-01-23 06:30:54,131510016.66217472,0.00000002,0.000000000005590996259623503,6510309,2019-01-23 06:30:54,btc,0.5589020513294243,0.0,0.00000002,btc,15804013.31518349,0.00664227,1.6832430870933346,21
1,[],12,[],2019-01-23 06:30:54,21316366.102000073,0.00000002,0.000000000005590996259623503,6510310,2019-01-23 06:30:54,btc,668.0563749717095,0.0,0.00000002,btc,8958355.01199062,0.0,0.30108258204000143,21
0,[],17,[],2019-01-23 06:30:56,0.0,0,0,6510311,2019-01-23 06:30:56,btc,0.0,0.0,0,btc,0.0,0.0,0.0,21
1,[],12,[],2019-01-23 06:31:12,4583850223.531896,0.0000000001,0.000000000000027954981298117515,6510319,2019-01-23 06:31:12,btc,621663601790.9313,0.0,0.0000000001,btc,6323719387.878353,0.057365970063436564,0.45838502235318956,23
0,[],27,[],2019-01-23 06:31:14,0.0,0,0,6510320,2019-01-23 06:31:14,,0.424699,0.0,0,eth,424699.0,0.0,0.0,23
,[],25,[],2019-01-11 15:42:09,0.0,0,0,6366241,2019-01-11 15:42:09,,0.0,0.0,,btc,0.0,0.0,0.0,24
1,[],4,[],2019-01-23 06:31:22,2234351.96893511,0.00000085,0.00000000023761734103399887,6510323,2019-01-23 06:31:22,btc,0.1716244837592171,0.0,0.00000085,btc,112884.88656458,0.024262,0.4494198173633854,24
1,[],22,[],2019-01-23 06:31:25,11.76,0.00000100,0.0000000002795498129811751,6510324,2019-01-23 06:31:25,BTC,7.415e-05,0.0,0.00000100,BTC,23.919354838709676,0.0,1.176e-05,24
0,[],2,[],2019-01-21 03:08:30,0.0,0,0,6478791,2019-01-21 03:08:30,,0.0,0.0,0,,0.0,0.0,0.0,26
1,[],4,[],2019-01-23 06:31:41,29627121.51202579,0.00000796,0.0000000022252165113301543,6510331,2019-01-23 06:31:41,btc,0.4118050865573783,0.0,0.00000796,btc,29885.73193112,0.15154977,0.5459379926564284,26
1,[],10,[],2019-01-23 06:31:42,734045.21007182,0.00000769,0.0000000021497380618252366,6510332,2019-01-23 06:31:42,btc,27.975707252166785,0.0,0.00000769,btc,12416.19625014,0.0,0.2216755984135683,26
1,[],3,[],2019-01-23 06:31:44,7696089.32908122,0.00000001,0.0000000000027954981298117513,6510333,2019-01-23 06:31:44,btc,3.0724909508812366,19997.0,0.00000001,btc,17458219.85383237,0.0,0.0769608932908122,27
1,[],5,[],2019-01-23 06:31:46,1e-08,0.00000001,0.0000000000027954981298117513,6510334,2019-01-23 06:31:46,btc,2.62189326,0.0,0.00000001,btc,4.332e-05,0.0,0.0108322,27
1,[],11,[],2019-01-23 06:31:47,10597882.41182718,0.00000005,0.000000000013977490649058756,6510335,2019-01-23 06:31:47,btc,370.5327807235078,1000.0,0.00000005,btc,8221470.80991447,0.0,0.4932896594767663,27
1,[],4,[],2019-01-23 06:31:48,107658145.17396756,0.00000003,0.000000000008386494389435254,6510336,2019-01-23 06:31:48,btc,3.0859637634068076,0.0,0.00000003,btc,62961224.90084533,0.56864792,3.229744355219027,29
1,[],7,[],2019-01-23 06:31:49,36031010.5150836,0.00000003,0.000000000008386494389435253,6510337,2019-01-23 06:31:49,btc,44465299.07814762,158198.900308,0.00000003,btc,38775854.38094982,0.00627995,0.6976529048297833,29
1,[],4,[],2019-01-23 06:32:19,1321975.57896148,0.00000038,0.00000000010622892893284656,6510354,2019-01-23 06:32:19,btc,0.325751187439022,0.0,0.00000038,btc,481415.45645222,0.037661,0.0889682359193936,30
0,[],17,[],2019-01-23 06:32:21,0.0,0,0,6510355,2019-01-23 06:32:21,btc,0.0,0.0,0,btc,0.0,0.0,0.0,30
1,[],4,[],2019-01-23 06:32:27,42745.71919047,0.00010396,0.000000029061998557522967,6510361,2019-01-23 06:32:27,btc,1.0706135879384493,0.0,0.00010396,btc,9057.07111195,6.18235962,3.270426054332762,31
1,[],21,[],2019-01-23 06:32:28,110676.89728876,0.000107590000000000004967519451337665259416098706424236297607421875,0.000000030076764378644635,6510362,2019-01-23 06:32:28,btc,9.14282360930828,2021077.22225102,0.000107590000000000004967519451337665259416098706424236297607421875,btc,78558.24839323,222.93183703,10.973769498540086,31
0,[],2,[],2019-01-21 03:09:16,0.0,0,0,6478825,2019-01-21 03:09:16,,0.0,0.0,0,,0.0,0.0,0.0,32
1,[],4,[],2019-01-23 06:32:59,41241834.87739553,0.00000006,0.00000000001677298877887051,6510384,2019-01-23 06:32:59,btc,0.4252673088121073,0.0,0.00000006,btc,6075247.26874439,1.16517234,2.0736754125799908,33
1,[],12,[],2019-01-23 06:33:00,21907861.0,0.00000006,0.000000000016772988778870505,6510385,2019-01-23 06:33:00,btc,17261785.143875405,0.0,0.00000006,btc,87416494.13186802,0.0067505917482519,0.8487922299999999,33
1,[],4,[],2019-01-23 06:33:01,99315492.25636284,0.00000002,0.000000000005590996259623503,6510386,2019-01-23 06:33:01,btc,0.8024717833830011,0.0,0.00000002,btc,26442518.20828351,0.006265,1.007827067113611,34
1,[],5,[],2019-01-23 06:33:04,3e-08,0.00000002,0.000000000005590996259623503,6510387,2019-01-23 06:33:04,btc,3.12616948,0.00332846,0.00000002,btc,1.394e-05,0.0,1.23632117,34
0,[],4,[],2019-01-23 06:30:35,0.0,0,0,6510299,2019-01-23 06:30:35,,0.0,0.0,0,,0.0,0.0,0.0,36
1,[],5,[],2019-01-23 06:30:37,0.0,0,0,6510300,2019-01-23 06:30:37,btc,202.31124002,0.0,0,btc,1.295e-05,0.0,0.0,36
0,[],17,[],2019-01-23 06:30:39,0.0,0,0,6510301,2019-01-23 06:30:39,btc,0.0821090404305017,0.0,0,btc,4840895.41583647,0.0,0.0,36
0,[],27,[],2019-01-23 06:30:40,0.0,0,0,6510302,2019-01-23 06:30:40,,448.55669329,0.0,0,eth,3581972.58,0.0,0.0,36
1,[],4,[],2019-01-23 06:30:23,482454.06561574,0.00000144,0.0000000004025517306928922,6510294,2019-01-23 06:30:23,btc,0.4312910257488866,0.0,0.00000144,btc,226635.36971552,0.0437393,0.4536096286565655,37
1,[],12,[],2019-01-23 06:30:24,486016.1883267,0.0000015099999999999999422575606977670048536310787312686443328857421875,0.00000000042212021760157444,6510295,2019-01-23 06:30:24,btc,1330.8849748097812,0.0,0.0000015099999999999999422575606977670048536310787312686443328857421875,btc,724664.80099799,0.2261602648771232,0.3299189905553169,37
1,[],17,[],2019-01-23 06:30:25,1752.74075282,0.00000025,0.00000000006988745324529378,6510296,2019-01-23 06:30:25,btc,0.05548731377709,0.0,0.00000025,btc,1320.79251806,0.0,0.00043818518820499993,37
0,[],27,[],2019-01-23 06:30:27,0.0,0,0,6510297,2019-01-23 06:30:27,,0.0,0.0,0,btc,0.0,0.0,0.0,37
1,[],5,[],2019-01-23 06:23:45,1.114e-05,0.00000103,0.00000000028793630737061037,6510205,2019-01-23 06:23:45,btc,0.10316961,0.14996136,0.00000103,btc,0.00010573,0.0,0.03697273,42
1,[],12,[],2019-01-23 06:23:46,87414.80171827,0.0000013200000000000000673224496983149123252587742172181606292724609375,0.0000000003690057531351512,6510206,2019-01-23 06:23:46,btc,108.79019152748769,0.0,0.0000013200000000000000673224496983149123252587742172181606292724609375,btc,36509.78786,0.0292101949631224,0.032800575704017496,42
0,[],27,[],2019-01-23 06:25:46,0.0,0,0,6510207,2019-01-23 06:25:46,,0.00315028,0.0,0,btc,11.007,0.0,0.0,42
1,[],5,[],2019-01-23 06:26:55,3e-08,0.00000002,0.000000000005590996259623503,6510236,2019-01-23 06:26:55,btc,5.83445513,0.19254091,0.00000002,btc,1.425e-05,0.0,0.4722758,43
1,[],12,[],2019-01-23 06:26:57,8721810.0,0.00000001,0.0000000000027954981298117513,6510237,2019-01-23 06:26:57,btc,20007433.128663693,0.0,0.00000001,btc,38551721.38001998,0.0001688998201798,0.0872181,43
0,[],17,[],2019-01-23 06:26:58,0.0,0,0,6510238,2019-01-23 06:26:58,btc,0.0,0.0,0,btc,0.0,0.0,0.0,43
1,[],12,[],2019-01-23 06:26:02,871520.0,0.00000007,0.00000000001956848690868226,6510212,2019-01-23 06:26:02,btc,11114760.533996586,0.0,0.00000007,btc,956229.37320198,0.000266,0.0262293,44
1,[],4,[],2019-01-23 07:06:11,54638181.12919502,0.00000003,0.000000000008386002085319186,6510411,2019-01-23 07:06:11,btc,0.2423604937213359,0.0,0.00000003,btc,3458005.51425235,0.00992939,0.6070437687400184,49
0,[],4,[],2019-01-23 06:32:17,0.0,0,0,6510352,2019-01-23 06:32:17,,5.04411668474572,0.0,0,,504411668.47457206,0.0,0.0,52
0,[],22,[],2019-01-23 06:31:56,0.0,0,0,6510340,2019-01-23 06:31:56,,3707.82025492,0.0,0,,255315328.40932402,0.0,0.0,57
0,[],27,[],2019-01-23 06:31:58,0.0,0,0,6510341,2019-01-23 06:31:58,,0.0,0.0,0,"btc,eth",0.0,0.0,0.0,57
0,[],4,[],2019-01-23 07:05:57,0.0,0,0,6510403,2019-01-23 07:05:57,,3.447461882414595,0.0,0,,344746188.2414595,0.0,0.0,58
1,[],12,[],2019-01-23 07:05:58,2361137373.3279524,0.0000000006,0.00000000000016772004170638372,6510404,2019-01-23 07:05:58,btc,123038813390.36403,0.0,0.0000000006,btc,3414681417.210889,0.017236610733669316,0.8688446817915363,58
0,[],17,[],2019-01-23 07:05:59,0.0,0,0,6510405,2019-01-23 07:05:59,btc,1e+24,0.0,0,btc,41461875.8285055,0.0,0.0,58
0,[],22,[],2019-01-23 07:06:03,137438.0,0,0,6510406,2019-01-23 07:06:03,,69.8835922,0.0,0,,9887963.0,0.0,0.00137438,58
1,[],5,[],2019-01-23 06:30:58,9.3e-07,0.00000022,0.00000000006150095885585853,6510313,2019-01-23 06:30:58,btc,0.49100595,0.02397016,0.00000022,btc,0.00014326,0.0,0.0136976,61
1,[],22,[],2019-01-23 06:31:01,5111.5,0.00000011,0.000000000030750479427929265,6510314,2019-01-23 06:31:01,BTC,1002.29606732,0.0,0.00000011,BTC,15028.700278135757,0.0,0.00051178,61
1,[],26,[],2019-01-23 06:31:01,0.0,0.00000800,0.000000002236398503849401,6510315,2019-01-23 06:31:01,btc,0.0,0.0,0.00000800,btc,0.0,0.0,0.0,61
0,[],27,[],2019-01-23 06:31:03,0.0,0,0,6510316,2019-01-23 06:31:03,,0.0,0.0,0,"btc,eth",0.0,0.0,0.0,61
1,[],28,[],2019-01-23 06:31:07,1880.304,0.00000022,0.00000000006150095885585853,6510317,2019-01-23 06:31:07,btc,2.065678837430106,1572.0,0.00000022,btc,11618.08240005,0.0,0.00016391304,61
1,[],4,[],2019-01-23 06:32:12,1258765.23859861,0.00000183,0.0000000005115761577555505,6510350,2019-01-23 06:32:12,btc,0.4308769263371675,0.0,0.00000183,btc,143113.77785233,0.07141582,0.8811393164852802,67
,[],25,[],2019-01-11 15:43:02,0.0,0,0,6366273,2019-01-11 15:43:02,,0.0,0.0,,btc,0.0,0.0,0.0,67
1,[],12,[],2019-01-23 06:28:04,2368954.66666667,0.0000001,0.000000000027954981298117512,6510281,2019-01-23 06:28:04,btc,16893765.039461184,0.0,0.0000001,btc,2141746.88871125,0.0186053374425585,0.0480582300000001,71
,[],5,[],2018-11-20 23:02:39,1.5e-07,0.00000005,0.000000000002128045,4862160,2018-11-20 23:02:39,btc,2.84511358,0.0,,btc,0.00036572,0.0,0.07381892,74
1,[],5,[],2019-01-23 06:26:23,3.823e-05,0.00000156,0.0000000004360977082506332,6510222,2019-01-23 06:26:23,btc,1.43011192,0.0,0.00000156,btc,0.0001585,0.0,0.56680211,75
1,[],4,[],2019-01-23 06:27:25,63421533.80469478,0.00000001,0.0000000000027954981298117513,6510256,2019-01-23 06:27:25,btc,0.7486706825842339,0.0,0.00000001,btc,13906829.86456505,0.00010079,0.6342153380469479,81
0,[],20,[],2019-01-23 06:27:27,0.0,0,0,6510257,2019-01-23 06:27:27,btc,0.0,0.0,0,btc,0.0,0.0,0.0,81
1,[],4,[],2019-01-23 07:05:24,25960.232788,0.00008100,0.0000000226422056303618,6510391,2019-01-23 07:05:24,btc,1.2924359647027643,0.0,0.00008100,btc,11110.05486648,0.02412517,0.2615368648482631,82
1,[],21,[],2019-01-23 07:05:25,63427.98909185,0.0000813599999999999935230976522149148877360858023166656494140625,0.00000002274283765538563,6510392,2019-01-23 07:05:25,btc,3.6105575280424245,6743.81595477,0.0000813599999999999935230976522149148877360858023166656494140625,btc,39785.99762699,0.55034059,4.4895518729202175,82
0,[],17,[],2019-01-23 06:27:39,0.0,0,0,6510266,2019-01-23 06:27:39,btc,0.0447233088476774,0.0,0,btc,999127.19588126,0.0,0.0,84
0,[],4,[],2019-01-23 06:31:31,0.0,0,0,6510328,2019-01-23 06:31:31,,0.1975418240043968,0.0,0,,19754182.40043968,0.0,0.0,85
,[],22,[],2018-11-20 23:09:34,3408.1,0.0000001,0.0000000000041895,4862324,2018-11-20 23:09:34,BTC,0.04624735,0.0,,BTC,4990.0,0.0,0.00033081,86
0,[],22,[],2019-01-23 06:31:36,0.0,0,0,6510329,2019-01-23 06:31:36,,2.07810912,0.0,0,,154826.94736842104,0.0,0.0,87
0,[],27,[],2019-01-23 06:31:39,0.0,0,0,6510330,2019-01-23 06:31:39,,0.0,0.0,0,btc,0.0,0.0,0.0,87
,[],2,[],2018-11-20 23:10:47,0.0,0,0,4862359,2018-11-20 23:10:47,,0.0,0.0,,,0.0,0.0,0.0,88
1,[],11,[],2019-01-23 07:05:55,102866.12901885,0.0002060499999999999940110406715376711872522719204425811767578125,0.0000000575978576560006,6510402,2019-01-23 07:05:55,btc,235.40800246965858,35.3,0.0002060499999999999940110406715376711872522719204425811767578125,btc,180003.89843078,0.0,8.292461433187368,89
0,[],2,[],2019-01-21 03:02:22,0.0,0,0,6478672,2019-01-21 03:02:22,,0.0,0.0,0,,0.0,0.0,0.0,91
1,[],12,[],2019-01-23 06:26:24,230383.32326203,0.000001870000000000000095373470405946125794116596807725727558135986328125,0.0000000005227581502747976,6510223,2019-01-23 06:26:24,btc,1.1111706527377372,0.0,0.000001870000000000000095373470405946125794116596807725727558135986328125,btc,4476.71999295,0.1527963808079809,0.0459335301999961,91
0,[],17,[],2019-01-23 06:26:26,0.0,0,0,6510224,2019-01-23 06:26:26,btc,0.0,0.0,0,btc,0.0,0.0,0.0,91
0,[],22,[],2019-01-23 06:30:45,74418825.0,0,0,6510304,2019-01-23 06:30:45,,9.28010141,0.0,0,,79818955.1,0.0,1.68256475,95
1,[],4,[],2019-01-23 06:27:28,7740367.90929333,0.00000001,0.0000000000027954981298117513,6510258,2019-01-23 06:27:28,btc,1.404287855415335,0.0,0.00000001,btc,61053248.52055596,0.00427889,0.0774036790929333,96
1,[],12,[],2019-01-23 06:27:29,1213515.0,0.00000001,0.0000000000027954981298117513,6510259,2019-01-23 06:27:29,btc,255059.2330586403,0.0,0.00000001,btc,7844031.56674301,1.67e-06,0.01213515,96
0,[],17,[],2019-01-23 06:27:30,0.0,0,0,6510260,2019-01-23 06:27:30,btc,0.0,0.0,0,btc,0.0,0.0,0.0,96
1,[],4,[],2019-01-23 06:30:57,1566861.07076442,0.00000040,0.00000000011181992519247006,6510312,2019-01-23 06:30:57,btc,0.2811310290233326,0.0,0.00000040,btc,426855.31677466,0.00769943,0.1692530444349734,99
0,[],2,[],2019-01-21 03:06:36,0.0,0,0,6478729,2019-01-21 03:06:36,,0.0,0.0,0,,0.0,0.0,0.0,100
1,[],4,[],2019-01-23 06:27:51,112424.4535965,0.00004231,0.00000001182775258723352,6510274,2019-01-23 06:27:51,btc,1.2998871328800916,0.0,0.00004231,btc,24779.59464728,2.37354821,2.1067835301829922,100
1,[],22,[],2019-01-23 06:27:49,50000.0,0.00000001,0.0000000000027954981298117513,6510272,2019-01-23 06:27:49,BTC,23.49896609,0.0,0.00000001,BTC,10277.22,0.0,0.0005,101
1,[],4,[],2019-01-23 06:32:48,171264.29711088,0.00000105,0.0000000002935273036302339,6510375,2019-01-23 06:32:48,btc,0.4000674314706175,0.0,0.00000105,btc,147793.69290709,0.00066583,0.0636591273056499,103
1,[],12,[],2019-01-23 07:05:51,88732007.0,0.000000017,0.000000000004752067848347538,6510400,2019-01-23 07:05:51,btc,9137281644.934568,0.0,0.000000017,btc,142780617.35863805,0.3069664500478218,0.496869795,105
1,[],27,[],2019-01-23 07:05:54,261901.0,0.00000006,0.000000000016772004170638372,6510401,2019-01-23 07:05:54,btc,0.0720402019,0.0,0.00000006,btc,580.038,0.0,0.01014994,105
0,[],22,[],2019-01-23 06:30:47,0.0,0,0,6510305,2019-01-23 06:30:47,,1.07253299,0.0,0,,94300.0,0.0,0.0,107
1,[],26,[],2019-01-23 06:30:47,0.0,0.00000000,0,6510306,2019-01-23 06:30:47,btc,0.0,0.0,0.00000000,btc,0.0,0.0,0.0,107
1,[],5,[],2019-01-23 06:30:15,1e-08,0.00000001,0.0000000000027954981298117513,6510290,2019-01-23 06:30:15,btc,5.98173975,0.00610865,0.00000001,btc,1.512e-05,0.0,0.02564803,112
1,[],22,[],2019-01-23 06:30:18,1966.0,0.00000001,0.0000000000027954981298117513,6510291,2019-01-23 06:30:18,BTC,2.84835565,0.0,0.00000001,BTC,987403.5833333334,0.005,1.966e-05,112
0,[],27,[],2019-01-23 06:30:21,0.0,0,0,6510292,2019-01-23 06:30:21,,1.25125,0.0,0,"btc,eth",79.0,0.0,0.0,112
1,[],4,[],2019-01-23 07:06:11,444683.24576466,0.00000380,0.0000000010622269308070968,6510412,2019-01-23 07:06:11,btc,0.4162796632782873,0.0,0.00000380,btc,78605.1414672,0.09420301,0.3945198252041755,113
1,[],5,[],2019-01-23 07:06:13,2.381e-05,0.00000368,0.00000000102868292246582,6510413,2019-01-23 07:06:13,btc,2.42941797,0.00087117,0.00000368,btc,0.0037086,0.0,0.22859112,113
1,[],17,[],2019-01-23 06:27:16,233369.0,0.00000004,0.000000000011181992519247005,6510250,2019-01-23 06:27:16,btc,1.33762905694,0.0,0.00000004,btc,71346.975,0.0,0.00543476,116
0,[],27,[],2019-01-23 06:27:18,0.0,0,0,6510251,2019-01-23 06:27:18,,0.0,0.0,0,btc,0.0,0.0,0.0,116
1,[],4,[],2019-01-23 06:27:06,54269.33174555,0.00002194,0.0000000061333228968069825,6510243,2019-01-23 06:27:06,btc,0.4401032889197219,0.0,0.00002194,btc,15751.83397802,2.32546726,0.8492242423285783,120
1,[],7,[],2019-01-23 06:27:06,22814.3128214,0.00002192999999999999840411511742299666138933389447629451751708984375,0.000000006130527398677171,6510244,2019-01-23 06:27:06,btc,168.3980501276913,5608.26553207,0.00002192999999999999840411511742299666138933389447629451751708984375,btc,22712.023195589998,0.18197407,0.1832100266629471,120
1,[],20,[],2019-01-23 06:27:14,1216157.4088,0.000000013,0.0000000000036341475687552767,6510249,2019-01-23 06:27:14,btc,31.5508772977312,0.0,0.000000013,btc,1103666.4755,0.0,0.0068540359106,125
1,[],22,[],2019-01-23 07:06:34,6251.0,0.00000001,0.0000000000027953340284397287,6510420,2019-01-23 07:06:34,BTC,0.01415863,0.0,0.00000001,BTC,293039.4,0.0,6.251e-05,126
0,[],22,[],2019-01-23 06:31:17,0.0,0,0,6510321,2019-01-23 06:31:17,,3.30709612,0.0,0,,19391.67229247642,0.0,0.0,130
0,[],2,[],2019-01-21 03:08:20,0.0,0,0,6478784,2019-01-21 03:08:20,,0.0,0.0,0,,0.0,0.0,0.0,131
1,[],4,[],2019-01-23 06:31:27,91263.52531184,0.00001611,0.000000004503547487126732,6510325,2019-01-23 06:31:27,btc,0.7550999131741887,0.0,0.00001611,btc,36766.1372755,0.30114229,0.5982016470384471,131
0,[],17,[],2019-01-23 06:31:28,0.0,0,0,6510326,2019-01-23 06:31:28,btc,0.0008451375975800001,0.0,0,btc,30.89614684,0.0,0.0,131
1,[],4,[],2019-01-23 06:32:29,4563.75019526,0.00022447,0.00000006275054651988439,6510363,2019-01-23 06:32:29,btc,1.6272293834061182,0.0,0.00022447,btc,206.22140695,0.00044346,0.0099208947045481,135
1,[],3,[],2019-01-23 06:30:11,313501.86685177,0.00000002,0.000000000005590996259623503,6510288,2019-01-23 06:30:11,btc,0.2461322418751273,60135.0,0.00000002,btc,1235298.94793913,0.0,0.0049449073370354,136
1,[],4,[],2019-01-23 07:05:42,103305.19509143,0.00000201,0.0000000005618621397163854,6510396,2019-01-23 07:05:42,btc,0.7263576171174821,0.0,0.00000201,btc,250311.03681893,0.104231,0.1329780543953682,137
1,[],12,[],2019-01-23 07:05:44,303737.45332574,0.0000020300000000000000457815209353729102303987019695341587066650390625,0.0000000005674528077732649,6510397,2019-01-23 07:05:44,btc,11798.813746441168,0.0,0.0000020300000000000000457815209353729102303987019695341587066650390625,btc,128167.28381618,0.0650623688718565,0.0330604899999958,137
1,[],5,[],2019-01-23 07:06:40,0.0010604,0.00002909,0.000000008131626688731171,6510423,2019-01-23 07:06:40,btc,3.5930158,0.70310628,0.00002909,btc,0.00175371,0.0,1.17103055,142
1,[],17,[],2019-01-23 07:06:42,12500.0,0.0000001,0.000000000027953340284397283,6510424,2019-01-23 07:06:42,btc,0.578281547874,0.0,0.0000001,btc,2493.207754,0.0,0.00125,142
1,[],20,[],2019-01-23 07:06:44,153351.8585,0.00002501,0.000000006991130405127761,6510425,2019-01-23 07:06:44,btc,2.8616658403891,153.3889,0.00002501,btc,5849.6018,0.0049687398096,0.2061886311818,142
1,[],22,[],2019-01-23 07:06:47,990.0,0.00001880,0.00000000525522797346669,6510426,2019-01-23 07:06:47,BTC,0.000385,0.0,0.00001880,BTC,10.055608820709493,6.551e-05,0.00022106,142
1,[],28,[],2019-01-23 07:06:50,78430.0,0.00002000,0.000000005590668056879457,6510427,2019-01-23 07:06:50,btc,0.05124464387,84624.002,0.00002000,btc,1340.7234,0.0,0.0242247,142
,[],25,[],2019-01-11 15:38:27,0.0,0,0,6366122,2019-01-11 15:38:27,,0.0,0.0,,btc,0.0,0.0,0.0,142
0,[],22,[],2019-01-23 06:32:16,0.0,0,0,6510351,2019-01-23 06:32:16,,54.93320297,0.0,0,,667553265.8,0.0,0.0,143
1,[],21,[],2019-01-23 06:32:27,45864683.37803287,0.0000003,0.00000000008386494389435254,6510360,2019-01-23 06:32:27,btc,51.64973384459035,16278301.22750347,0.0000003,btc,96341165.97993468,4.84610579,8.225003735719469,145
0,[],22,[],2019-01-23 07:07:10,0.0,0,0,6510441,2019-01-23 07:07:10,,2.42260417,0.0,0,,1115997.0,0.0,0.0,146
,[],22,[],2018-11-20 23:01:11,0.0,0,0,4862114,2018-11-20 23:01:11,,2.56807021,0.0,,,61828.4988236,0.0,0.0,147
1,[],12,[],2019-01-23 06:32:18,8671825.54606213,0.0000039500000000000002977110745427946625341064645908772945404052734375,0.0000000011042217612756419,6510353,2019-01-23 06:32:18,btc,17.07742918133715,0.0,0.0000039500000000000002977110745427946625341064645908772945404052734375,btc,111393.07891109,0.0017041981442259,0.1123210363613375,148
1,[],4,[],2019-01-23 06:32:54,113615.51364389,0.00000042,0.00000000011741092145209357,6510379,2019-01-23 06:32:54,btc,0.696510137123281,0.0,0.00000042,btc,522239.78263584,0.00275683,0.0320220905062151,152
0,[],22,[],2019-01-23 06:32:57,0.0,0,0,6510380,2019-01-23 06:32:57,,0.0,0.0,0,,0.0,0.0,0.0,152
1,[],5,[],2019-01-23 06:30:22,0.0,0,0,6510293,2019-01-23 06:30:22,btc,4.30476247,0.0,0,btc,0.00161275,0.0,0.0,153
,[],16,[],2019-01-11 15:38:59,0.0,0,0,6366141,2019-01-11 15:38:59,btc,0.0,0.0,,btc,0.0,0.0,0.0,155
0,[],23,[],2019-01-21 03:07:07,0.0,0,0,6478747,2019-01-21 03:07:07,,0.0,0.0,0,,0.0,0.0,0.0,156
0,[],22,[],2019-01-23 06:30:13,0.0,0,0,6510289,2019-01-23 06:30:13,,6.78721564,0.0,0,,4110363.7425925927,0.0,0.0,156
1,[],22,[],2019-01-23 06:31:11,7290.791666666667,0.00003000,0.000000008386494389435254,6510318,2019-01-23 06:31:11,BTC,43.81543407,0.0,0.00003000,BTC,1572.3690079421112,0.0,0.00767361,157
0,[],22,[],2019-01-23 07:07:28,0.0,0,0,6510451,2019-01-23 07:07:28,,50175.67300261,0.0,0,,53770788.04179466,0.0,0.0,158
,[],17,[],2018-11-20 22:56:10,0.0,0,0,4861976,2018-11-20 22:56:10,btc,1.1265625,0.0,,btc,1000.0,0.0,0.0,159
,[],20,[],2018-11-20 22:56:12,0.0,0,0,4861977,2018-11-20 22:56:12,btc,11912.7940471,0.0,,btc,34413894.3617,0.0,0.0,159
1,[],12,[],2019-01-23 06:27:55,185264.10316807,0.000012219999999999999891714223820837759149071644060313701629638671875,0.0000000034160987146299603,6510277,2019-01-23 06:27:55,btc,6.6546293326842845,0.0,0.000012219999999999999891714223820837759149071644060313701629638671875,btc,14055.9583257,0.0033757034905855,0.1075771636842346,168
1,[],17,[],2019-01-23 06:27:56,29784.95,0.000001,0.0000000002795498129811751,6510278,2019-01-23 06:27:56,btc,0.0374188624335,0.0,0.000001,btc,217.43620267999998,0.0,0.00716147,168
0,[],22,[],2019-01-23 06:27:46,0.0,0,0,6510271,2019-01-23 06:27:46,,1.13392792,0.0,0,,692360.5537281231,0.0,0.0,169
1,[],22,[],2019-01-23 07:07:14,80733.07692307692,0.0000003,0.00000000008386002085319186,6510442,2019-01-23 07:07:14,BTC,2.751719,0.0,0.0000003,BTC,63828.816045751635,0.00054205,0.01457427,171
1,[],22,[],2019-01-23 06:27:59,187607.85,0.0000002,0.00000000005590996259623503,6510279,2019-01-23 06:27:59,BTC,2.84476873,0.0,0.0000002,BTC,238142.52785114784,1e-07,0.01039854,173
1,[],5,[],2019-01-23 06:30:04,0.0,0,0,6510282,2019-01-23 06:30:04,btc,0.0,0.00971511,0,btc,0.0,0.0,0.0,175
1,[],22,[],2019-01-23 07:06:38,64133.99333333333,0.00000150,0.0000000004193001042659593,6510422,2019-01-23 07:06:38,BTC,0.63972125,0.0,0.00000150,BTC,127784.29601128688,0.00114638,0.04872047,176
1,[],7,[],2019-01-23 06:32:22,0.0,0,0,6510356,2019-01-23 06:32:22,btc,10933.68774286355,0.0,0,btc,125287464.03882253,0.0,0.0,178
0,[],22,[],2019-01-23 06:32:24,0.0,0,0,6510357,2019-01-23 06:32:24,,1.00242428,0.0,0,,57512.0,0.0,0.0,178
0,[],2,[],2019-01-21 03:09:08,0.0,0,0,6478817,2019-01-21 03:09:08,,0.0,0.0,0,,0.0,0.0,0.0,178
0,[],23,[],2019-01-21 03:07:45,0.0,0,0,6478767,2019-01-21 03:07:45,,0.0,0.0,0,,0.0,0.0,0.0,179
1,[],5,[],2019-01-23 06:30:49,6e-08,0.00000003,0.000000000008386494389435254,6510307,2019-01-23 06:30:49,btc,11.93250613,2.31548936,0.00000003,btc,2.424e-05,0.0,1.39348733,179
1,[],22,[],2019-01-23 06:30:53,10048709.666666666,0.00000003,0.000000000008386494389435254,6510308,2019-01-23 06:30:53,BTC,5.82770921,0.0,0.00000003,BTC,17151362.451989967,0.04004444,0.43296883,179
1,[],17,[],2019-01-23 07:05:27,10504.725,0.0000001,0.000000000027953340284397283,6510393,2019-01-23 07:05:27,btc,5.206877489852951,0.0,0.0000001,btc,7426.6174587,0.0,0.0010504725,180
1,[],22,[],2019-01-23 07:05:31,9072.258064516129,0.00000032,0.00000000008945068891007132,6510394,2019-01-23 07:05:31,BTC,0.22769364,0.0,0.00000032,BTC,26805.816254853482,0.0,0.00180758,180
1,[],26,[],2019-01-23 07:05:41,0.0,0.00000025,0.00000000006988335071099321,6510395,2019-01-23 07:05:41,btc,0.0,3543.0,0.00000025,btc,0.0,0.0,0.0,180
,[],7,[],2018-11-20 22:58:01,562227.975654,0.00000085,0.000000000036176765,4862015,2018-11-20 22:58:01,btc,21836.6059674,2491.87645172,,btc,749999.041456,0.00211021,0.127565380455,183
,[],5,[],2019-01-10 08:11:41,0.0,0,0,6347036,2019-01-10 08:11:41,btc,82.15055501,0.00261,,btc,1.19002445,0.0,0.0,187
,[],17,[],2018-11-16 20:58:10,4062536.27273,0.00000001,0.000000000000550501,4708775,2018-11-16 20:58:10,btc,3.36492563466,0.195460381006,,"btc,eth",110697919.549,0.0,0.0157628953496,187
1,[],24,[],2019-01-23 06:27:50,0.0,0.000000000001,2.7954981298117514e-16,6510273,2019-01-23 06:27:50,btc,0.0,0.0,0.000000000001,btc,0.0,0.0,0.0,187
1,[],22,[],2019-01-23 06:33:07,78532.0,0.00000001,0.0000000000027954981298117513,6510388,2019-01-23 06:33:07,BTC,1.19422353,0.0,0.00000001,BTC,16063.406201072174,1.309e-05,0.00078532,191
0,[],22,[],2019-01-23 06:31:21,0.0,0,0,6510322,2019-01-23 06:31:21,,0.0,0.0,0,,0.0,0.0,0.0,197
0,[],23,[],2019-01-21 03:02:13,0.0,0,0,6478668,2019-01-21 03:02:13,,0.0,0.0,0,,0.0,0.0,0.0,199
1,[],26,[],2019-01-23 07:06:51,0.0,0.00000000,0,6510429,2019-01-23 07:06:51,btc,0.0,759873.0,0.00000000,btc,0.0,0.0,0.0,199
0,[],17,[],2019-01-23 06:32:26,0.0,0,0,6510358,2019-01-23 06:32:26,btc,6.802544162063749,0.0,0,btc,105284.55575295,0.0,0.0,200
0,[],2,[],2019-01-21 03:00:56,0.0,0,0,6478648,2019-01-21 03:00:56,,0.0,0.0,0,,0.0,0.0,0.0,201
1,[],4,[],2019-01-23 06:32:54,222185.29872277,0.00000961,0.000000002686473702749093,6510378,2019-01-23 06:32:54,btc,2.092297648374425,0.0,0.00000961,btc,167922.23699879,0.60236537,1.6591465598137687,211
1,[],7,[],2019-01-23 06:31:29,18379949.806782387,0.00000119999999999999994569773419106351042273672646842896938323974609375,0.00000000033545977557741015,6510327,2019-01-23 06:31:29,btc,16318025.645170419,515814.245674,0.00000119999999999999994569773419106351042273672646842896938323974609375,btc,12514298.41366894,0.0,8.49070852428164,212
1,[],5,[],2019-01-23 06:32:09,4.93e-06,0.00000034,0.00000000009504693641359955,6510346,2019-01-23 06:32:09,btc,0.80997003,0.03243734,0.00000034,btc,3.037e-05,0.0,0.16195284,213
1,[],12,[],2019-01-23 06:32:10,245233.54545454,0.0000010600000000000000155604695795119596368749625980854034423828125,0.0000000002963228017600457,6510347,2019-01-23 06:32:10,btc,85023.04734897886,0.0,0.0000010600000000000000155604695795119596368749625980854034423828125,btc,43642.55394032,0.0006285390609556,0.0200932599999994,213
1,[],24,[],2019-01-23 06:32:10,0.0,0.000000050000,0.000000000013977490649058758,6510348,2019-01-23 06:32:10,btc,0.0,0.0,0.000000050000,btc,0.0,0.0,0.0,213
1,[],26,[],2019-01-23 06:32:10,0.0,0.00000003,0.000000000008386494389435254,6510349,2019-01-23 06:32:10,btc,0.0,0.0,0.00000003,btc,0.0,0.0,0.0,213
1,[],22,[],2019-01-23 07:06:25,342035.1666666667,0.00000006,0.000000000016772004170638372,6510417,2019-01-23 07:06:25,BTC,70.2198928,0.0,0.00000006,BTC,146430.93402122578,0.0,0.00735211,216
1,[],27,[],2019-01-23 07:06:27,5077895.0,0.00000011,0.000000000030748674312837014,6510418,2019-01-23 07:06:27,btc,619.88834807916,3777.0,0.00000011,"btc,ltc",268896.09411,0.00434355,0.052497,216
1,[],22,[],2019-01-23 06:33:13,282682.09169913287,0.00000242,0.0000000006765105474144439,6510390,2019-01-23 06:33:13,BTC,12547.79827401,0.0,0.00000242,BTC,350611.65048314637,0.08262592,0.39981183,217
1,[],7,[],2019-01-23 07:07:38,0.0,0,0,6510455,2019-01-23 07:07:38,btc,302.5589991391106,0.0,0,btc,131752724.1214003,0.0,0.0,219
0,[],27,[],2019-01-23 07:07:40,0.0,0,0,6510456,2019-01-23 07:07:40,,0.0677380148198,0.0,0,btc,1105645.29226592,0.0,0.0,219
0,[],28,[],2019-01-23 07:07:42,0.0,0,0,6510457,2019-01-23 07:07:42,,143035.5147179825,567080.0,0,btc,6853093.84751,0.0,0.0,219
1,[],22,[],2019-01-23 07:07:54,216002.0,0.0000008,0.0000000002236267222751783,6510463,2019-01-23 07:07:54,BTC,2.09381863,0.0,0.0000008,BTC,26335.55212317522,0.0,0.03087586,221
1,[],24,[],2019-01-23 07:07:54,0.0,0.000000800000,0.0000000002236267222751783,6510464,2019-01-23 07:07:54,btc,0.0,0.0,0.000000800000,btc,0.0,0.0,0.0,221
1,[],26,[],2019-01-23 06:32:26,0.0,0.00000002,0.000000000005590996259623503,6510359,2019-01-23 06:32:26,btc,0.0,10188.0,0.00000002,btc,0.0,0.0,0.0,231
1,[],26,[],2019-01-23 06:32:04,0.0,0.00000003,0.000000000008386494389435254,6510344,2019-01-23 06:32:04,btc,0.0,10500.0,0.00000003,btc,0.0,0.0,0.0,234
0,[],27,[],2019-01-23 06:32:06,0.0,0,0,6510345,2019-01-23 06:32:06,,0.001146299618,0.0,0,"btc,eth",11462.99618,0.0,0.0,234
0,[],22,[],2019-01-23 07:07:19,0.0,0,0,6510444,2019-01-23 07:07:19,,3.09949798,0.0,0,,90218749.58651437,0.0,0.0,235
1,[],4,[],2019-01-23 06:32:57,752952.61188162,0.00000111,0.0000000003103002924091044,6510381,2019-01-23 06:32:57,btc,0.4543685618262366,0.0,0.00000111,btc,313226.3443055,0.1053986,0.2647478237964486,236
1,[],24,[],2019-01-23 06:32:58,0.0,0.000000010000,0.0000000000027954981298117513,6510382,2019-01-23 06:32:58,btc,0.0,0.0,0.000000010000,btc,0.0,0.0,0.0,236
1,[],20,[],2019-01-23 06:32:01,36981251.4249,0.00000006,0.00000000001677298877887051,6510342,2019-01-23 06:32:01,btc,14.614488142771,23115277.3048,0.00000006,btc,29061351.4898,1.2905846971937,0.541772639259,237
0,[],22,[],2019-01-23 06:32:04,0.0,0,0,6510343,2019-01-23 06:32:04,,0.0405823,0.0,0,,3164.0,0.0,0.0,237
1,[],4,[],2019-01-23 07:08:22,3968709.5091214,0.00000031,0.00000000008665535488163158,6510484,2019-01-23 07:08:22,btc,0.5573870664439196,0.0,0.00000031,btc,1650587.48670246,0.21716948,1.135029596244126,238
1,[],5,[],2019-01-23 07:08:24,3.96e-06,0.00000032,0.00000000008945068891007132,6510485,2019-01-23 07:08:24,btc,0.57705846,0.00822495,0.00000032,btc,2.906e-05,0.0,0.20675143,238
1,[],22,[],2019-01-23 07:08:32,284417.75,0.00000005,0.000000000013976670142198643,6510489,2019-01-23 07:08:32,BTC,15.40428788,0.0,0.00000005,BTC,226419.69643307183,0.0,0.00957683,249
0,[],22,[],2019-01-23 07:08:06,2601166.0,0,0,6510474,2019-01-23 07:08:06,,0.44590852,0.0,0,,12731944.29,0.0,0.05365538,252
1,[],28,[],2019-01-23 06:30:35,3351369.1,0.0000001,0.000000000027954981298117515,6510298,2019-01-23 06:30:35,btc,164692.83739185042,74608.344,0.0000001,btc,1082263.8915,0.0,0.06917683991,256
0,[],27,[],2019-01-23 07:06:10,0.0,0,0,6510410,2019-01-23 07:06:10,,4.96668,0.0,0,"btc,eth",90.59,0.0,0.0,257
1,[],22,[],2019-01-23 07:06:58,54629.5,0.00000008,0.00000000002236267222751783,6510434,2019-01-23 07:06:58,BTC,35605.68088025,0.0,0.00000008,BTC,709585.3310213444,5e-07,0.00075345,258
1,[],22,[],2019-01-23 06:33:10,6621.804,0.00000750,0.0000000020966235973588136,6510389,2019-01-23 06:33:10,BTC,4.68382194,0.0,0.00000750,BTC,5828.378238095238,0.00030453,0.03359789,262
1,[],5,[],2019-01-23 06:32:50,9.795e-05,0.00000310,0.000000000866604420241643,6510376,2019-01-23 06:32:50,btc,8.3604569,0.13597938,0.00000310,btc,0.01707832,0.0,0.19068215,264
1,[],20,[],2019-01-23 06:32:53,1965389.3225,0.000001456,0.000000000407024527700591,6510377,2019-01-23 06:32:53,btc,5.1499818124,6466.0097,0.000001456,btc,85885.4367,0.0490723280411,0.1598238353223,264
1,[],22,[],2019-01-23 07:06:30,212243.02380952382,0.00000021,0.0000000000587020145972343,6510419,2019-01-23 07:06:30,BTC,126.57713002,0.0,0.00000021,BTC,232161.05470818645,0.0021543,0.00861013,271
0,[],22,[],2019-01-23 07:07:02,0.0,0,0,6510436,2019-01-23 07:07:02,,105.69699934,0.0,0,,10568699925.0,0.0,0.0,272
0,[],28,[],2019-01-23 07:07:04,0.0,0,0,6510437,2019-01-23 07:07:04,,4449844.176374815,18456405783.5752,0,,119033498147.13359,0.0,0.0,272
