pairValue,buyBook,exchangeId,sellBook,updated,buyTotal,satoshiPrice,usdPrice,exchangeLogId,created,bestPair,sellTotalBtc,volume,pairPrice,activePairs,sellTotal,volumeBtc,buyTotalBtc,coinId
0,[],2,[],2019-01-20 23:28:45,0.0,0,0,6477011,2019-01-20 23:28:45,,0.0,0.0,0,,0.0,0.0,0.0,1
1,[],3,[],2019-05-31 04:36:51,31467.112345846028,0.01109451000000000013556711309092861483804881572723388671875,0.000000914149902666,7715545,2019-05-31 04:36:51,btc,1.8628112529927077,42.5649031883,0.01109451000000000013556711309092861483804881572723388671875,btc,22.628056288746002,0.0,0.2617839277420979,1
1,[],4,[],2019-05-31 04:36:52,207676.58020892,0.01086358,0.000000895122055828,7715546,2019-05-31 04:36:52,btc,7.47505074410066,0.0,0.01086358,btc,286.96989897,1.65309733,0.4690561315002088,1
1,[],5,[],2019-05-31 04:36:54,0.0,0,0,7715547,2019-05-31 04:36:54,btc,0.0,0.0207436,0,btc,0.0,0.0,0.0,1
1,[],10,[],2019-05-31 04:36:56,312356.49716229,0.00701497,0.000000578009677102,7715548,2019-05-31 04:36:56,btc,6520.058193719289,1531.03615944,0.00701497,btc,1194.13576181,0.0,2.251297321234897,1
1,[],12,[],2019-05-31 04:36:59,73.74063679,0.0109999999999999993616217608405349892564117908477783203125,0.0000009063626,7715549,2019-05-31 04:36:59,btc,0.1738051890355,0.0,0.0109999999999999993616217608405349892564117908477783203125,btc,14.93427613,0.396308360675,0.275977550748,1
1,[],20,[],2019-05-31 04:37:01,934.4415,0.00920886,0.000000758778753876,7715550,2019-05-31 04:37:01,btc,0.2197226631909,0.5116,0.00920886,btc,16.9911,0.0054077113918,0.1023634734083,1
1,[],21,[],2019-05-31 04:37:02,1713.16850597,0.01101015999999999973868458625,0.000000907199749456,7715551,2019-05-31 04:37:02,btc,10.818377785901454,9552.93434054,0.01101015999999999973868458624792765476740896701812744140625,"btc,eth",1341.55081943,95.42742785525101,16.127529668878996,1
1,[],22,[],2019-05-31 04:37:06,0.0025666666666666667,0.00900000,0.0000007415694,7715552,2019-05-31 04:37:06,BTC,0.31629903,0.0,0.00900000,BTC,0.2505752479991019,0.0,2.31e-05,1
1,[],24,[],2019-05-31 04:37:07,0.0,0.000000000000,0,7715553,2019-05-31 04:37:07,btc,0.0,0.0,0.000000000000,btc,0.0,0.0,0.0,1
0.0,[],25,[],2019-05-31 04:37:08,0.0,0,0,7715554,2019-05-31 04:37:08,btc,19.649999999236314,2394.50921686,0.0,btc,1699.80242518,26.213,0.0,1
1,[],26,[],2019-05-31 04:37:11,0.0,0,0,7715555,2019-05-31 04:37:11,,0.0,0.0,0,,0.0,0.0,0.0,1
0,[],28,[],2019-05-31 04:37:13,0.0,0,0,7715556,2019-05-31 04:37:13,,0.0,333867.55,0,,0.0,0.0,0.0,1
1,[],5,[],2019-05-31 04:37:15,0.0,0,0,7715557,2019-05-31 04:37:15,btc,0.0,0.01193153,0,btc,0.0,0.0,0.0,2
1,[],22,[],2019-05-31 04:37:21,11638.0,0.0000002,0.00000000001647932,7715558,2019-05-31 04:37:21,BTC,21.00897301,0.0,0.0000002,"BTC,XMR",20678.87287795317,0.0,0.00145435,2
1,[],5,[],2019-05-31 04:37:24,0.0,0,0,7715559,2019-05-31 04:37:24,btc,0.0,1.0753826,0,btc,0.0,0.0,0.0,3
1,[],12,[],2019-05-31 04:37:24,952254.4,0.000000109,0.0000000000089812294,7715560,2019-05-31 04:37:24,btc,169517.07807240676,0.0,0.000000109,btc,4835602.59599512,0.201507607864,0.060663154,3
0,[],28,[],2019-05-31 04:37:26,0.0,0,0,7715561,2019-05-31 04:37:26,,0.0,0.0,0,,0.0,0.0,0.0,3
0,[],2,[],2019-01-20 23:31:32,0.0,0,0,6477077,2019-01-20 23:31:32,,0.0,0.0,0,,0.0,0.0,0.0,4
1,[],4,[],2019-05-18 21:29:50,562734.9206932,0.00000010,0.000000000007298720000000001,7650946,2019-05-18 21:29:50,btc,41.9347137769675,0.0,0.00000010,btc,1123702.32192634,0.00052462,0.029254593370966,4
0,[],12,[],2019-05-31 04:37:27,0.0,0,0,7715562,2019-05-31 04:37:27,btc,625.8985290849951,0.0,0,btc,1198811.4995005,0.0,0.0,5
0,[],2,[],2019-01-20 23:31:51,0.0,0,0,6477087,2019-01-20 23:31:51,,0.0,0.0,0,,0.0,0.0,0.0,6
1,[],11,[],2019-05-31 04:37:29,9060347.776736,0.00000002,0.000000000001647932,7715563,2019-05-31 04:37:29,btc,9582.873384042945,2833780.0,0.00000002,btc,67279346.46260394,0.0,0.13675210276736,6
1,[],3,[],2019-05-31 04:37:30,12607.74910565846,0.000088889999999999997661037642870951458462513983249664306640625,0.0000000073242337739999994,7715564,2019-05-31 04:37:30,btc,0.0493134741505717,176.533509258,0.000088889999999999997661037642870951458462513983249664306640625,btc,173.257613704518,0.0,0.02493287603017151,7
1,[],4,[],2019-05-31 04:37:31,322263.96310893,0.00009202,0.000000007582135132,7715565,2019-05-31 04:37:31,btc,9.637376327347404,0.0,0.00009202,btc,53553.58210106,6.22442634,2.0001500862202692,7
1,[],5,[],2019-05-31 04:37:33,0.0,0,0,7715566,2019-05-31 04:37:33,btc,0.0,0.89397632,0,btc,0.0,0.0,0.0,7
1,[],20,[],2019-04-07 22:06:50,3201475.0482,0.000000001,0.000000000000051590000000000004,7213932,2019-04-07 22:06:50,btc,30.8005781811902,0.0,0.000000001,btc,23077405.3926,0.0,0.0032014750482,8
0,[],2,[],2019-01-20 23:22:42,0.0,0,0,6476876,2019-01-20 23:22:42,,0.0,0.0,0,,0.0,0.0,0.0,9
0,[],23,[],2019-01-20 23:22:48,0.0,0,0,6476878,2019-01-20 23:22:48,,0.0,0.0,0,,0.0,0.0,0.0,9
1,[],1,[],2019-02-17 23:31:42,1822507.21,0.00000181000000000000003456111265232042484285557293333113193511962890625,0.000000000066086901,6701244,2019-02-17 23:31:42,btc,3.6990969245,17153386.5,0.00000181000000000000003456111265232042484285557293333113193511962890625,btc,1997391.71,31.11772986,3.2610482446,9
1,[],4,[],2019-05-31 04:37:35,20184714.89628775,0.00000049,0.000000000040374334,7715567,2019-05-31 04:37:35,btc,3.8603540818293913,0.0,0.00000049,btc,3388909.31105504,0.43166163,0.4536544205188162,9
0,[],28,[],2019-05-31 04:37:37,0.0,0,0,7715568,2019-05-31 04:37:37,,0.0,3581245.0,0,,0.0,0.0,0.0,9
1,[],4,[],2019-02-17 11:22:43,4341674.27126056,0.00000002,0.0000000000007272960000000001,6696112,2019-02-17 11:22:43,btc,0.1997230937751353,0.0,0.00000002,btc,4109766.79808031,0.00215132,0.0479381022052112,10
0,[],2,[],2019-01-20 23:23:08,0.0,0,0,6476890,2019-01-20 23:23:08,,0.0,0.0,0,,0.0,0.0,0.0,12
1,[],4,[],2019-05-31 04:37:38,7393476.98275206,0.00000046,0.000000000037902436,7715569,2019-05-31 04:37:38,btc,4.673792433728463,0.0,0.00000046,btc,4705678.29839886,0.87237986,1.2050101255212469,12
1,[],5,[],2019-05-31 04:37:39,0.0,0,0,7715570,2019-05-31 04:37:39,btc,0.0,0.13810535,0,btc,0.0,0.0,0.0,12
0.0,[],25,[],2019-05-31 04:37:40,0.0,0,0,7715571,2019-05-31 04:37:40,,0.0,0.0,0.0,btc,0.0,0.0,0.0,12
1,[],4,[],2019-05-31 04:37:41,334138.81728831,0.00000535,0.00000000044082181,7715572,2019-05-31 04:37:41,btc,1.7674056178913582,0.0,0.00000535,btc,229781.63560018,0.44218452,0.4686682610603071,13
1,[],10,[],2019-05-31 04:37:43,643911.92031194,0.00000523,0.00000000043093421799999997,7715573,2019-05-31 04:37:43,btc,666803.2489332623,22077.6669607,0.00000523,btc,864379.0042621,0.0,0.1970907096168099,13
1,[],21,[],2019-05-31 04:37:44,2245369.36638546,0.000005349999999999999599083720658,0.00000000044082181,7715574,2019-05-31 04:37:44,btc,2.3222328414803064,1214257.08831089,0.000005349999999999999599083720658310170392724103294312953948974609375,btc,378943.33391428,6.72117842,7.791490671486089,13
0,[],17,[],2019-05-03 00:53:32,0.0,0,0,7558876,2019-05-03 00:53:32,btc,0.0,0.0,0,btc,0.0,0.0,0.0,14
1,[],4,[],2019-05-31 04:37:44,1091808.57048253,0.00000073,0.000000000060149518,7715575,2019-05-31 04:37:44,btc,4.074199000081634,0.0,0.00000073,btc,808854.08089776,0.0253035,0.2015765139624914,14
1,[],12,[],2019-05-31 04:37:46,135399.32814284,0.00000073,0.000000000060149518,7715576,2019-05-31 04:37:46,btc,14.134218801987549,0.0,0.00000073,btc,21650.79261605,0.0,0.0151033299999672,14
1,[],26,[],2019-05-31 04:39:46,0.0,0.00000050,0.0000000000411983,7715577,2019-05-31 04:39:46,btc,0.0,0.0,0.00000050,btc,0.0,0.0,0.0,14
,[],12,[],2018-12-01 15:15:48,204241.84496,0.00000489,0.000000000202473384,5260204,2018-12-01 15:15:48,btc,49.5475654835,0.0,,btc,35763.2193806,0.0163153972027625,0.0203389899998,15
0,[],4,[],2019-05-31 04:39:47,0.0,0,0,7715578,2019-05-31 04:39:47,,0.0,0.0,0,,0.0,0.0,0.0,15
1,[],4,[],2019-05-31 03:42:28,34585.70731093,0.00001190,0.00000000098302211,7715424,2019-05-31 03:42:28,btc,0.9683362950334322,0.0,0.00001190,btc,10711.42469953,0.04318027,0.0835009533030922,18
1,[],10,[],2019-05-31 03:42:30,486494.53243865,0.00001232,0.0000000010177170080000001,7715425,2019-05-31 03:42:30,btc,15.338705131929188,2708.93211831,0.00001232,btc,13130.92651416,0.0,0.070299461472141,18
1,[],12,[],2019-05-31 03:42:31,3366.65845352,0.000012010000000000000208266563717085517737359623424708843231201171875,0.0000000009921088690000002,7715426,2019-05-31 03:42:31,btc,0.4018473971900636,0.0,0.000012010000000000000208266563717085517737359623424708843231201171875,btc,1455.9362923,0.001006183094,0.0141690808917208,18
0,[],2,[],2019-01-20 23:23:38,0.0,0,0,6476906,2019-01-20 23:23:38,,0.0,0.0,0,,0.0,0.0,0.0,18
0,[],17,[],2019-05-03 00:53:39,0.0,0,0,7558882,2019-05-03 00:53:39,btc,0.0,0.0,0,btc,0.0,0.0,0.0,18
0,[],2,[],2019-01-20 23:24:19,0.0,0,0,6476924,2019-01-20 23:24:19,,0.0,0.0,0,,0.0,0.0,0.0,19
1,[],3,[],2019-05-31 04:39:48,150265.07772741906,0.000004060000000000000091563041870745820460797403939068317413330078125,0.000000000334530196,7715579,2019-05-31 04:39:48,btc,0.1711080800850389,3802.61204435,0.000004060000000000000091563041870745820460797403939068317413330078125,btc,4304.157721851002,0.0,0.0532872636124381,19
1,[],4,[],2019-05-31 04:39:50,509559.57828911,0.00000802,0.000000000660820732,7715580,2019-05-31 04:39:50,btc,3.8727795655104966,0.0,0.00000802,btc,176381.73909815,0.22736114,0.3783669087506622,19
1,[],5,[],2019-05-31 04:39:51,0.0,0,0,7715581,2019-05-31 04:39:51,btc,0.0,0.0,0,btc,0.0,0.0,0.0,19
1,[],12,[],2019-05-31 04:39:52,15036.51597084,0.000007109999999999999688846986922730053493069135583937168121337890625,0.000000000585839826,7715582,2019-05-31 04:39:52,btc,0.0582692665396041,0.0,0.000007109999999999999688846986922730053493069135583937168121337890625,btc,1938.55052991,0.00054112,0.0267346999995474,19
0,[],27,[],2019-05-31 04:39:56,0.0,0,0,7715583,2019-05-31 04:39:56,,0.0,0.0,0,btc,0.0,0.0,0.0,19
1,[],4,[],2019-05-31 04:39:58,10062076.88478525,0.00000007,0.000000000005767762,7715584,2019-05-31 04:39:58,btc,6.411239436602338,0.0,0.00000007,btc,2322306.93095912,0.0,0.1174938176872809,20
1,[],4,[],2019-05-31 04:39:59,66896772.64737481,0.00000001,0.000000000000823966,7715585,2019-05-31 04:39:59,btc,1753.2332038421803,0.0,0.00000001,btc,63358241.01973631,0.05195887,0.6689677264737481,21
1,[],12,[],2019-05-31 04:40:00,1145839.0,0.00000001,0.000000000000823966,7715586,2019-05-31 04:40:00,btc,1010.9465395928372,0.0,0.00000001,btc,4710611.64135862,0.01252012,0.01145839,21
0,[],17,[],2019-05-03 00:53:51,0.0,0,0,7558891,2019-05-03 00:53:51,btc,0.0,0.0,0,btc,0.0,0.0,0.0,21
1,[],12,[],2019-05-31 04:42:01,5194577235.0,0.0000000003,0.000000000000024718979999999998,7715587,2019-05-31 04:42:01,btc,708414896.3669984,0.0,0.0000000003,btc,3099441578.230812,2.185117997105,1.1886126064,23
0.0000000003040937,[],27,[],2019-05-31 04:42:09,104590316.02004008,9.122811000000001e-18,7.516886088426001e-22,7715588,2019-05-31 04:42:09,eth,105173.3197652228,502579326.91987014,0.00000003,eth,19890644.028,6.113248283637596e-09,7.134443438483433e-10,23
1,[],4,[],2019-05-31 04:42:10,1865560.14644466,0.00000018,0.000000000014831388,7715589,2019-05-31 04:42:10,btc,13.247992163938221,0.0,0.00000018,btc,2162236.50396096,0.0042763,0.0560748007644534,24
1,[],22,[],2019-05-31 04:42:15,21.76,0.00000100,0.0000000000823966,7715590,2019-05-31 04:42:15,BTC,7.415e-05,0.0,0.00000100,BTC,23.919354838709676,0.0,1.186e-05,24
0.0,[],25,[],2019-05-31 04:42:17,0.0,0,0,7715591,2019-05-31 04:42:17,,0.0,0.0,0.0,btc,0.0,0.0,0.0,24
1,[],4,[],2019-05-31 04:42:18,7647517.08941749,0.00000479,0.000000000394679714,7715592,2019-05-31 04:42:18,btc,14.739661805089328,0.0,0.00000479,btc,249209.40567993,0.12894959,0.3013653288831322,26
1,[],10,[],2019-05-31 04:42:21,149485.74407793,0.00000385,0.00000000031722691000000004,7715593,2019-05-31 04:42:21,btc,25.583071723576023,4624.8600389,0.00000385,btc,22898.15511692,0.0,0.034236565286936,26
0,[],2,[],2019-01-20 23:25:56,0.0,0,0,6476976,2019-01-20 23:25:56,,0.0,0.0,0,,0.0,0.0,0.0,26
1,[],3,[],2019-05-31 04:42:22,22114296.5,0.00000001,0.000000000000823966,7715594,2019-05-31 04:42:22,btc,3.7550009813325373,10079247.8707,0.00000001,btc,26122593.96034132,0.0,0.221142965,27
1,[],11,[],2019-05-31 04:42:23,2110243.08157834,0.00000002,0.000000000001647932,7715595,2019-05-31 04:42:23,btc,67503.04533244639,19676.5543251,0.00000002,btc,6590405.9414731,0.0,0.0211134458157834,27
1,[],5,[],2019-04-26 09:47:06,0.0,0,0,7465326,2019-04-26 09:47:06,btc,0.0,0.0,0,btc,0.0,0.0,0.0,27
1,[],4,[],2019-05-31 04:42:24,1093718280.6808379,0.00000001,0.000000000000823966,7715596,2019-05-31 04:42:24,btc,4.831996076540752,0.0,0.00000001,"btc,ltc",290802948.56696826,0.00562162,7.49774420777602,29
1,[],7,[],2019-05-31 04:42:25,85497005.40740813,0.00000001,0.000000000000823966,7715597,2019-05-31 04:42:25,btc,46548272.125954166,38654.0,0.00000001,btc,35031618.50492593,0.00038654,0.8549700540740813,29
1,[],4,[],2019-05-31 04:42:27,15333849.79268213,0.00000006,0.000000000004943796,7715598,2019-05-31 04:42:27,btc,2.7023772376036272,0.0,0.00000006,btc,2102648.09973194,0.0,0.1717743626165775,30
0,[],17,[],2019-05-03 01:11:25,0.0,0,0,7559066,2019-05-03 01:11:25,btc,0.0,0.0,0,btc,0.0,0.0,0.0,30
1,[],4,[],2019-05-31 04:44:28,110150.73492768,0.00004301,0.000000003543877766,7715599,2019-05-31 04:44:28,btc,3.315507085966834,0.0,0.00004301,btc,44058.07521629,1.09364851,0.6146362116252914,31
1,[],21,[],2019-05-31 04:44:29,93186.54081917,0.00004225999999999999857469915043,0.000000003482080316,7715600,2019-05-31 04:44:29,btc,7.128069107929365,173974.38147255,0.0000422599999999999985746991504331759870183304883539676666259765625,btc,140592.67083193,7.3128738,3.1611059157048436,31
0,[],2,[],2019-01-20 23:28:43,0.0,0,0,6477009,2019-01-20 23:28:43,,0.0,0.0,0,,0.0,0.0,0.0,32
0,[],4,[],2019-05-31 04:44:30,0.0,0,0,7715601,2019-05-31 04:44:30,,0.0,0.0,0,,0.0,0.0,0.0,33
1,[],12,[],2019-03-30 07:55:10,40641173.964,0.00000003,0.000000000001228359,7108785,2019-03-30 07:55:10,btc,4233210.82356125,0.0,0.00000003,btc,28378394.68333462,0.0126927883965248,0.90752895892,33
0.0000000001289924,[],4,[],2019-05-31 04:44:32,511145345.9607327,2.5798479999999998e-17,2.1257070371679998e-21,7715602,2019-05-31 04:44:32,ltc,3.6976780481375413,0.0,0.0000002,ltc,156282737.71985117,0.000998,2.014488936351997e-09,34
1,[],5,[],2019-05-31 04:44:35,0.0,0,0,7715603,2019-05-31 04:44:35,btc,0.0,0.0,0,btc,0.0,0.0,0.0,34
0.0000000001289924,[],4,[],2019-05-31 04:44:36,1561819564.0727658,1.289924e-18,1.062853518584e-22,7715604,2019-05-31 04:44:36,ltc,4.936107992437743e-08,0.0,0.00000001,ltc,7102398142.262129,0.0,2.0146285393669986e-09,36
1,[],5,[],2019-05-31 04:44:37,0.0,0,0,7715605,2019-05-31 04:44:37,btc,0.0,0.0,0,btc,0.0,0.0,0.0,36
0.0000000002926451,[],17,[],2019-05-02 18:17:47,200000.0,2.9264510000000002e-18,1.596703856561e-22,7556430,2019-05-02 18:17:47,eth,0.20942468735267253,0.0,0.00000001,"btc,eth",1018272.20243647,0.0,5.852902e-13,36
0.0000000003060335,[],27,[],2019-05-31 03:51:21,10388811.226876,6.12067e-18,5.056095746230001e-22,7715454,2019-05-31 03:51:21,eth,1569.8708019850988,7691117.0,0.00000002,"ltc,eth",5084024.2511555,2.590520508839e-11,3.2769356873222355e-11,36
1,[],4,[],2019-05-31 03:51:22,9845683.56598604,0.00000018,0.000000000014869242,7715455,2019-05-31 03:51:22,btc,19772.51274771466,0.0,0.00000018,btc,687176.03779404,0.00951336,0.1196948346546538,37
1,[],12,[],2019-05-31 03:51:23,3624551.36528572,0.00000019,0.000000000015695311000000002,7715456,2019-05-31 03:51:23,btc,9.368370115902115,0.0,0.00000019,btc,1022360.43537299,0.025123543716,0.1670311361442866,37
1,[],27,[],2019-05-31 03:53:27,6187.0,0.00000016,0.000000000013217104000000001,7715457,2019-05-31 03:53:27,btc,24.11463822903233,0.0,0.00000016,btc,5792.59438508,0.0,0.00076392,37
1,[],17,[],2019-05-03 01:11:36,211752.74075282,0.00000025,0.000000000013700074999999998,7559074,2019-05-03 01:11:36,btc,0.055484923955058496,0.0,0.00000025,"btc,eth",1387.19918473,0.0,0.0005381851887916605,37
1,[],5,[],2019-05-31 03:53:29,0.0,0,0,7715458,2019-05-31 03:53:29,btc,0.0,0.01272515,0,btc,0.0,0.0,0.0,42
1,[],12,[],2019-05-31 03:53:31,140517.4025518,0.00000088,0.00000000007269407200000001,7715459,2019-05-31 03:53:31,btc,24.790594002051684,0.0,0.00000088,btc,72332.7173584,0.00259233008,0.053699929999949596,42
1,[],27,[],2019-05-31 03:53:36,506.0,0.00000002,0.0000000000016521380000000001,7715460,2019-05-31 03:53:36,btc,0.07600425,0.0,0.00000002,"btc,eth",18.0,0.0,6.000000321518795e-06,42
1,[],12,[],2019-03-13 09:13:29,1112112.0,0.00000001,0.000000000000386531,6919902,2019-03-13 09:13:29,btc,29058.00478931866,0.0,0.00000001,btc,5967681.93306694,9.99000999e-07,0.01112112,43
1,[],5,[],2019-04-26 22:38:52,0.0,0,0,7474154,2019-04-26 22:38:52,btc,0.0,0.02638891,0,btc,0.0,0.0,0.0,43
0,[],17,[],2019-04-26 22:38:53,0.0,0,0,7474155,2019-04-26 22:38:53,btc,0.0,0.0,0,btc,0.0,0.0,0.0,43
1,[],12,[],2019-03-05 01:54:08,639326.02,0.00000004,0.000000000001486676,6845775,2019-03-05 01:54:08,btc,11116042.728239931,0.0,0.00000004,btc,1103841.4595604,0.0003330765234764,0.014975410599999999,44
1,[],4,[],2019-05-31 03:53:37,115674840.75681241,0.00000001,0.0000000000008260690000000001,7715461,2019-05-31 03:53:37,btc,291324.2421284675,0.0,0.00000001,"btc,ltc",27933171.17328054,0.00659738,0.07883303276621496,49
0.0000000001296203,[],4,[],2019-05-31 03:53:38,130843192.35787816,3.3701278e-17,2.7839581016182003e-21,7715462,2019-05-31 03:53:38,ltc,22049.95923300954,0.0,0.00000026,ltc,159247292.54004836,0.0,1.2736892055237756e-09,52
0,[],22,[],2019-05-31 03:53:41,0.0,0,0,7715463,2019-05-31 03:53:41,,10289.55991011,0.0,0,,308568058.4566013,0.0,0.0,57
1,[],27,[],2019-05-31 03:53:47,2297.0,0.0000003,0.000000000024782070000000003,7715464,2019-05-31 03:53:47,btc,0.0,0.0,0.0000003,"btc,eth",0.0,0.0,0.0003891,57
0.0000000001296203,[],4,[],2019-05-31 03:53:48,3436283406.724336,1.296203e-18,1.070753116007e-22,7715465,2019-05-31 03:53:48,ltc,19.34101311252481,0.0,0.00000001,ltc,5787888096.321104,0.0,4.454120860646305e-09,58
1,[],12,[],2019-05-31 03:53:49,644820008.0,0.0000000001,0.000000000000008260690000000001,7715466,2019-05-31 03:53:49,btc,2205412.91919752,0.0,0.0000000001,btc,3267870271.2247314,0.068089234816,0.06448200080000001,58
0.00000000011119570000000001,[],22,[],2019-05-31 03:55:54,126877.0,1.1119570000000001e-18,9.185532070330002e-23,7715467,2019-05-31 03:55:54,XMR,68.17454206,0.0,0.00000001,XMR,9626402.6,0.0,0.00126877,58
1,[],17,[],2019-05-03 01:12:09,1200000.0,0.0000000001,0.00000000000000548003,7559085,2019-05-03 01:12:09,btc,1e+24,0.0,0.0000000001,"btc,eth",39516342.31952568,0.0,0.00010000000058666061,58
1,[],5,[],2019-05-31 03:55:55,0.0,0,0,7715468,2019-05-31 03:55:55,btc,0.0,0.00164992,0,btc,0.0,0.0,0.0,61
1,[],22,[],2019-05-31 03:55:59,13613.833333333334,0.00000012,0.000000000009912828,7715469,2019-05-31 03:55:59,BTC,1002.29123003,0.0,0.00000012,BTC,15014.200177125656,0.0,0.00153269,61
1,[],26,[],2019-05-31 03:55:59,0.0,0.00000050,0.000000000041303450000000003,7715470,2019-05-31 03:55:59,btc,0.0,0.0,0.00000050,btc,0.0,0.0,0.0,61
1,[],27,[],2019-05-31 03:56:07,8450.0,0.0000002,0.00000000001652138,7715471,2019-05-31 03:56:07,btc,1.9582485601246655,0.0,0.0000002,"btc,eth",11379.41563696,0.0,0.001522,61
0,[],28,[],2019-05-31 03:56:09,0.0,0,0,7715472,2019-05-31 03:56:09,,0.0,754.0,0,,0.0,0.0,0.0,61
1,[],4,[],2019-05-31 03:56:11,794694.20198151,0.00000078,0.000000000064433382,7715473,2019-05-31 03:56:11,btc,2.937156835508271,0.0,0.00000078,btc,895033.58285912,0.20662468,0.3966723262094725,67
0.0,[],25,[],2019-05-31 03:56:12,0.0,0,0,7715474,2019-05-31 03:56:12,,0.0,0.0,0.0,btc,0.0,0.0,0.0,67
1,[],12,[],2019-05-31 03:56:13,813749.0,0.00000005,0.000000000004130345,7715475,2019-05-31 03:56:13,btc,5.17012759104895,0.0,0.00000005,btc,775942.27172826,1.020005e-05,0.01771861,71
,[],5,[],2018-11-20 23:02:39,1.5e-07,0.00000005,0.000000000002128045,4862160,2018-11-20 23:02:39,btc,2.84511358,0.0,,btc,0.00036572,0.0,0.07381892,74
1,[],5,[],2019-05-31 03:56:15,0.0,0,0,7715476,2019-05-31 03:56:15,btc,0.0,0.04377142,0,btc,0.0,0.0,0.0,75
0,[],4,[],2019-05-25 21:33:44,0.0,0,0,7686249,2019-05-25 21:33:44,,133656.37989170782,0.0,0,,33439209.5909442,0.0,0.0,81
0,[],20,[],2019-01-25 09:30:31,0.0,0,0,6495923,2019-01-25 09:30:31,btc,0.0,0.0,0,btc,0.0,0.0,0.0,81
1,[],4,[],2019-05-31 03:56:17,36592.21722509,0.00011359,0.000000009383317771000001,7715477,2019-05-31 03:56:17,btc,33.75857371706203,0.0,0.00011359,btc,71205.9423752,0.72411117,0.7621699969650626,82
1,[],21,[],2019-05-31 03:56:18,70027.84709157,0.0001075299999999999953775864370,0.000000008882719957000001,7715478,2019-05-31 03:56:18,btc,28.58818534099553,97956.45335217,0.00010752999999999999537758643697316074394620954990386962890625,btc,159230.53181401,10.52316128,5.900632634247619,82
0,[],17,[],2019-03-25 22:42:34,0.0,0,0,7038780,2019-03-25 22:42:34,btc,0.0445064681804024,0.0,0,btc,995513.18476001,0.0,0.0,84
0.0000000001161485,[],4,[],2019-05-20 13:09:39,216715621.0206096,1.161485e-18,9.0533806701e-23,7657228,2019-05-20 13:09:39,ltc,1.6511566870244727,0.0,0.00000001,ltc,471032407.9048656,0.0,2.5171194308112273e-10,85
,[],22,[],2018-11-20 23:09:34,3408.1,0.0000001,0.0000000000041895,4862324,2018-11-20 23:09:34,BTC,0.04624735,0.0,,BTC,4990.0,0.0,0.00033081,86
1,[],22,[],2019-05-31 03:56:22,62656.0,0.00000001,0.0000000000008260690000000001,7715479,2019-05-31 03:56:22,BTC,1.44921296,0.0,0.00000001,BTC,223055.21403508773,0.0001144,0.00062656,87
1,[],27,[],2019-05-31 03:56:31,84552.0,0.00000002,0.0000000000016521380000000001,7715480,2019-05-31 03:56:31,btc,5.060705018036,24191.0,0.00000002,btc,152977.67341,0.00048382,0.00088944,87
,[],2,[],2018-11-20 23:10:47,0.0,0,0,4862359,2018-11-20 23:10:47,,0.0,0.0,,,0.0,0.0,0.0,88
1,[],11,[],2019-05-31 03:56:33,153172.46816934,0.000080010000000000001366302904148852803700719960033893585205078125,0.000000006609378069000001,7715481,2019-05-31 03:56:33,btc,167.2714034352476,192.48495228,0.000080010000000000001366302904148852803700719960033893585205078125,btc,200088.9642181,0.0,2.1494078478417595,89
0,[],2,[],2019-01-20 23:31:45,0.0,0,0,6477083,2019-01-20 23:31:45,,0.0,0.0,0,,0.0,0.0,0.0,91
1,[],12,[],2019-05-31 03:56:35,265616.79569355,0.0000003,0.00000000002478207,7715482,2019-05-31 03:56:35,btc,87.69170983632007,0.0,0.0000003,btc,146058.49797313,0.000200408891,0.0121650783999923,91
1,[],22,[],2019-05-31 03:58:39,75910.55,0.0000002,0.00000000001652138,7715483,2019-05-31 03:58:39,BTC,0.495,0.0,0.0000002,"BTC,LTC",4.95,0.0,0.00165931,91
0,[],17,[],2019-05-03 01:12:26,0.0,0,0,7559096,2019-05-03 01:12:26,btc,0.0,0.0,0,btc,0.0,0.0,0.0,91
1,[],22,[],2019-04-09 20:17:52,374949.73333333334,0.00000015,0.000000000007771935,7235704,2019-04-09 20:17:52,BTC,6.87372503,0.0,0.00000015,"BTC,LTC",159980.01196797504,1.1e-05,0.80510266,95
0.0000000001296203,[],4,[],2019-05-31 03:58:40,543008692.5321386,2.7220262999999998e-17,2.2485815436147e-21,7715484,2019-05-31 03:58:40,ltc,11.298912867537503,0.0,0.00000021,ltc,153531246.7863669,0.0,8.639877543788063e-10,96
0,[],12,[],2019-05-31 03:58:41,0.0,0,0,7715485,2019-05-31 03:58:41,btc,17.13202668048951,0.0,0,btc,9673329.04895105,1.0989e-07,0.0,96
0,[],17,[],2019-05-03 01:12:32,0.0,0,0,7559100,2019-05-03 01:12:32,btc,0.0,0.0,0,btc,0.0,0.0,0.0,96
1,[],4,[],2019-04-14 03:32:46,1039404.33283278,0.00000038,0.000000000019245518,7293458,2019-04-14 03:32:46,btc,4.170086055365747,0.0,0.00000038,btc,3097704.34561074,0.06260606,0.1859928211030784,99
0,[],2,[],2019-01-20 23:23:55,0.0,0,0,6476914,2019-01-20 23:23:55,,0.0,0.0,0,,0.0,0.0,0.0,100
1,[],4,[],2019-05-31 04:00:42,209475.28670677,0.00001636,0.000000001351448884,7715486,2019-05-31 04:00:42,btc,7.4131095927829485,0.0,0.00001636,btc,155349.60178546,0.40290069,0.336211052572929,100
1,[],22,[],2019-05-31 04:00:45,150000.0,0.00000002,0.0000000000016521380000000001,7715487,2019-05-31 04:00:45,BTC,24.83526409,0.0,0.00000002,BTC,11187.719,0.0,0.0017,101
1,[],4,[],2019-05-31 04:00:46,564994.48293205,0.00000201,0.00000000016603986900000002,7715488,2019-05-31 04:00:46,btc,362.96119208967343,0.0,0.00000201,btc,553959.29278071,0.10273722,0.2057473768195458,103
1,[],12,[],2019-05-31 04:00:48,145133228.0,0.000000004,0.00000000000033042760000000007,7715489,2019-05-31 04:00:48,btc,2404.274048507278,0.0,0.000000004,btc,66732568.44954333,0.061729863458,0.17195080000000001,105
0,[],27,[],2019-05-31 04:00:54,0.0,0,0,7715490,2019-05-31 04:00:54,,0.28517324,1947063.60347933,0,btc,359825.0,0.07788254,0.0,105
1,[],22,[],2019-04-21 00:17:26,21333.0,0.00000001,0.000000000000532493,7385819,2019-04-21 00:17:26,BTC,51.38182867,0.0,0.00000001,BTC,470435.0,0.0,0.00021333,107
1,[],26,[],2019-04-21 00:17:26,0.0,0.00000000,0,7385820,2019-04-21 00:17:26,btc,0.0,0.0,0.00000000,btc,0.0,0.0,0.0,107
1,[],5,[],2019-05-31 04:00:56,0.0,0,0,7715491,2019-05-31 04:00:56,btc,0.0,0.0,0,btc,0.0,0.0,0.0,112
0,[],22,[],2019-05-31 04:00:58,0.0,0,0,7715492,2019-05-31 04:00:58,,6.79500102,0.0,0,,3375892.0833333335,0.0,0.0,112
1,[],27,[],2019-05-31 04:01:05,1.0,0.00000001,0.0000000000008260690000000001,7715493,2019-05-31 04:01:05,btc,1.15032588,0.0,0.00000001,"btc,eth",1818.0,0.0,1e-08,112
1,[],4,[],2019-05-31 04:01:06,271068.17555011,0.00000086,0.000000000071041934,7715494,2019-05-31 04:01:06,btc,5.581532795357208,0.0,0.00000086,btc,638797.21923465,0.05469766,0.1670119698535116,113
1,[],5,[],2019-05-31 04:01:08,0.0,0,0,7715495,2019-05-31 04:01:08,btc,0.0,0.0,0,btc,0.0,0.0,0.0,113
1,[],17,[],2019-04-26 02:17:47,162738.278,0.00000004,0.0000000000021069000000000002,7461287,2019-04-26 02:17:47,btc,1.3331140273775473,0.0,0.00000004,btc,51796.221,0.0,0.00230953112,116
1,[],27,[],2019-05-22 05:13:01,210000.0,0.00000001,0.00000000000079145,7666372,2019-05-22 05:13:01,btc,3919.0005001478,0.0,0.00000001,btc,128660.871,0.0,0.0021,116
1,[],4,[],2019-05-21 22:31:11,138169.03963019,0.00000701,0.000000000558364025,7664793,2019-05-21 22:31:11,btc,150.95388250938234,0.0,0.00000701,btc,344631.17141974,0.07552974,0.4288357684941946,120
1,[],7,[],2019-05-21 22:31:12,3901.07750076,0.000010679999999999999389654892212320191902108490467071533203125,0.0000000008506887,7664794,2019-05-21 22:31:12,btc,231188.94669936574,0.0,0.000010679999999999999389654892212320191902108490467071533203125,btc,4133.83151364,0.0,0.0113888422364489,120
1,[],20,[],2019-04-07 18:42:29,1914137.0852,0.000000035,0.0000000000017871910000000002,7211992,2019-04-07 18:42:29,btc,32.2497668025648,25528.85,0.000000035,btc,1001975.4986,0.00089350975,0.0152723574729,125
1,[],22,[],2019-05-31 04:01:13,10000.0,0.00000001,0.0000000000008260690000000001,7715496,2019-05-31 04:01:13,BTC,0.032061,0.0,0.00000001,BTC,299316.7611111111,0.0,0.0001,126
1,[],4,[],2019-05-31 04:01:14,392651.44594868,0.00000859,0.0000000007095932710000001,7715497,2019-05-31 04:01:14,btc,5.379599271439919,0.0,0.00000859,btc,160362.93086708,0.83273216,1.254561452293127,131
0,[],2,[],2019-01-20 23:25:46,0.0,0,0,6476969,2019-01-20 23:25:46,,0.0,0.0,0,,0.0,0.0,0.0,131
1,[],17,[],2019-05-03 01:13:10,10000.0,0.00000001,0.000000000000548003,7559115,2019-05-03 01:13:10,btc,0.0953976503951408,0.0,0.00000001,btc,5037.62507334,0.0,0.0001,131
1,[],4,[],2019-05-31 04:03:14,4890.47791469,0.00007920,0.000000006542466480000001,7715498,2019-05-31 04:03:14,btc,5.031213256162051,0.0,0.00007920,btc,202.13055914,0.0,0.0074038410093415,135
1,[],3,[],2019-05-31 04:03:15,596452.22392675,0.00000001,0.0000000000008260690000000001,7715499,2019-05-31 04:03:15,btc,0.2228419314702679,1605354.79937,0.00000001,btc,1910497.4316845,0.0,0.005964522239267501,136
1,[],4,[],2019-05-31 04:03:16,1981340.35688754,0.00000183,0.000000000151170627,7715500,2019-05-31 04:03:16,btc,108.93621393596021,0.0,0.00000183,btc,521239.62717511,0.03468464,0.3425918784648561,137
1,[],12,[],2019-05-31 04:03:17,88841.82269846,0.00000193000000000000015618582815957182674537762068212032318115234375,0.00000000015943131700000002,7715501,2019-05-31 04:03:17,btc,57.84150918126266,0.0,0.00000193000000000000015618582815957182674537762068212032318115234375,btc,50528.24707866,0.002063954653,0.0190453799998875,137
1,[],4,[],2019-05-31 04:03:18,103870.04017674,0.00001905,0.000000001573661445,7715502,2019-05-31 04:03:18,btc,8.474373331550616,0.0,0.00001905,btc,113970.89849078,0.9526448,0.9348586085404259,142
1,[],5,[],2019-05-31 04:03:20,0.0,0,0,7715503,2019-05-31 04:03:20,btc,0.0,0.00762069,0,btc,0.0,0.0,0.0,142
1,[],20,[],2019-05-31 04:05:23,209043.8308,0.000015,0.0000000012391035,7715504,2019-05-31 04:05:23,btc,1.6086665397393,0.0,0.000015,btc,9872.8163,0.0,0.0186195716692,142
1,[],22,[],2019-05-31 04:05:26,11028.645,0.00001000,0.0000000008260690000000001,7715505,2019-05-31 04:05:26,BTC,3.2754788,0.0,0.00001000,BTC,1133.9993657797618,0.0,0.00745365,142
0.0,[],25,[],2019-05-31 04:05:28,0.0,0,0,7715506,2019-05-31 04:05:28,,0.0,0.0,0.0,btc,0.0,0.0,0.0,142
0,[],28,[],2019-05-31 04:05:30,0.0,0,0,7715507,2019-05-31 04:05:30,,0.0,0.0,0,,0.0,0.0,0.0,142
1,[],17,[],2019-05-03 01:13:16,32967.38636364,0.00000088,0.000000000048224264,7559122,2019-05-03 01:13:16,btc,20.06976206696776,0.0,0.00000088,btc,2746.079105,0.0,0.0105613000000032,142
0,[],22,[],2019-05-31 04:05:32,0.0,0,0,7715508,2019-05-31 04:05:32,,64.98618676,0.0,0,,787024755.3,0.0,0.0,143
0,[],22,[],2019-02-25 15:42:22,0.0,0,0,6783783,2019-02-25 15:42:22,,4.2131946,0.0,0,,2322156.0,0.0,0.0,146
,[],22,[],2018-11-20 23:01:11,0.0,0,0,4862114,2018-11-20 23:01:11,,2.56807021,0.0,,,61828.4988236,0.0,0.0,147
1,[],12,[],2019-04-21 06:38:04,193091.5971266,0.00000071,0.000000000037635183,7388679,2019-04-21 06:38:04,btc,2.301232411611175,0.0,0.00000071,btc,9957.48302385,0.00023528,0.0313308199999888,148
1,[],4,[],2019-03-19 21:31:25,255810.0415942,0.00000029,0.000000000011615747,6982695,2019-03-19 21:31:25,btc,218.94922712414143,0.0,0.00000029,btc,793529.37642722,0.00117,0.0608347789473395,152
0,[],22,[],2019-03-19 21:31:27,0.0,0,0,6982696,2019-03-19 21:31:27,,0.0,0.0,0,,0.0,0.0,0.0,152
1,[],5,[],2019-04-26 09:36:59,0.0,0,0,7465040,2019-04-26 09:36:59,btc,0.0,0.0,0,btc,0.0,0.0,0.0,153
,[],16,[],2019-01-11 15:38:59,0.0,0,0,6366141,2019-01-11 15:38:59,btc,0.0,0.0,,btc,0.0,0.0,0.0,155
0,[],23,[],2019-01-20 23:24:29,0.0,0,0,6476932,2019-01-20 23:24:29,,0.0,0.0,0,,0.0,0.0,0.0,156
0,[],22,[],2019-05-31 04:05:36,0.0,0,0,7715509,2019-05-31 04:05:36,,7.44455324,0.0,0,,5955762.942592593,0.0,0.0,156
1,[],22,[],2019-05-31 04:05:39,6996.0,0.00000001,0.0000000000008260690000000001,7715510,2019-05-31 04:05:39,BTC,1.7543039,0.0,0.00000001,BTC,57.0,0.0,6.996e-05,157
0,[],22,[],2019-05-21 23:40:32,0.0,0,0,7665049,2019-05-21 23:40:32,,50234.60468402,0.0,0,,54786159.03179465,0.0,0.0,158
,[],17,[],2018-11-20 22:56:10,0.0,0,0,4861976,2018-11-20 22:56:10,btc,1.1265625,0.0,,btc,1000.0,0.0,0.0,159
,[],20,[],2018-11-20 22:56:12,0.0,0,0,4861977,2018-11-20 22:56:12,btc,11912.7940471,0.0,,btc,34413894.3617,0.0,0.0,159
1,[],12,[],2019-05-24 02:51:20,9178.522006449999,0.00000191999999999999982841307998027158276954651228152215480804443359375,0.000000000151222656,7676256,2019-05-24 02:51:20,btc,149.80414728631675,0.0,0.00000191999999999999982841307998027158276954651228152215480804443359375,btc,1115.7451448499999,0.01783167678326,0.0120075778999181,168
1,[],17,[],2019-05-03 01:13:36,42852.0,0.00000002,0.000000000001096006,7559132,2019-05-03 01:13:36,btc,0.04279856251542,0.0,0.00000002,btc,274.46171372,0.0,0.00052852,168
1,[],22,[],2019-05-17 03:01:52,10.0,0.00000001,0.000000000000778341,7642059,2019-05-17 03:01:52,BTC,41.95893009,0.0,0.00000001,BTC,1753972.7737547632,0.0,1e-07,169
1,[],22,[],2019-05-30 08:38:18,202834.0,0.00000002,0.0000000000017416160000000001,7711049,2019-05-30 08:38:18,BTC,27.87002826,0.0,0.00000002,BTC,462189.5410507793,0.0,0.00211768,171
1,[],22,[],2019-05-29 08:05:18,349870.0,0.00000002,0.000000000001705894,7705265,2019-05-29 08:05:18,BTC,24.05907723,0.0,0.00000002,"BTC,LTC",1224285.4355616204,0.0,0.0039847,173
1,[],5,[],2019-05-31 04:05:41,0.0,0,0,7715511,2019-05-31 04:05:41,btc,0.0,0.10820536,0,btc,0.0,0.0,0.0,175
1,[],22,[],2019-05-31 04:05:46,90671.0,0.00000001,0.0000000000008260690000000001,7715512,2019-05-31 04:05:46,BTC,394.35459412,0.0,0.00000001,BTC,136275.61833431243,0.0,0.00090671,176
1,[],7,[],2019-05-31 04:05:49,0.0,0,0,7715513,2019-05-31 04:05:49,btc,522274.27979111427,435055.944056,0,btc,21763581.40912013,0.00435056,0.0,178
0,[],22,[],2019-05-31 04:05:51,0.0,0,0,7715514,2019-05-31 04:05:51,,1.00242428,0.0,0,,57512.0,0.0,0.0,178
0,[],2,[],2019-01-20 23:28:34,0.0,0,0,6477001,2019-01-20 23:28:34,,0.0,0.0,0,,0.0,0.0,0.0,178
0,[],23,[],2019-01-20 23:25:08,0.0,0,0,6476952,2019-01-20 23:25:08,,0.0,0.0,0,,0.0,0.0,0.0,179
1,[],5,[],2019-05-31 04:05:53,0.0,0,0,7715515,2019-05-31 04:05:53,btc,0.0,0.22459612,0,btc,0.0,0.0,0.0,179
0,[],22,[],2019-05-31 04:05:55,0.0,0,0,7715516,2019-05-31 04:05:55,,5.31522813,0.0,0,,13498409.311946675,0.0,0.0,179
1,[],22,[],2019-05-31 04:08:02,680681.2839456068,0.00000106,0.000000000087563314,7715517,2019-05-31 04:08:02,BTC,39.16843557,0.0,0.00000106,"BTC,LTC",129647.91416016164,0.10940921,0.57972311,180
1,[],26,[],2019-05-31 04:08:02,0.0,0.00000010,0.00000000000826069,7715518,2019-05-31 04:08:02,btc,0.0,0.0,0.00000010,btc,0.0,0.0,0.0,180
1,[],17,[],2019-05-03 01:13:56,20504.725000000002,0.0000001,0.00000000000548003,7559141,2019-05-03 01:13:56,btc,5.2010695838400265,0.0,0.0000001,btc,5033.45945,0.0,0.0011504725,180
,[],7,[],2018-11-20 22:58:01,562227.975654,0.00000085,0.000000000036176765,4862015,2018-11-20 22:58:01,btc,21836.6059674,2491.87645172,,btc,749999.041456,0.00211021,0.127565380455,183
,[],5,[],2019-01-10 08:11:41,0.0,0,0,6347036,2019-01-10 08:11:41,btc,82.15055501,0.00261,,btc,1.19002445,0.0,0.0,187
,[],17,[],2018-11-16 20:58:10,4062536.27273,0.00000001,0.000000000000550501,4708775,2018-11-16 20:58:10,btc,3.36492563466,0.195460381006,,"btc,eth",110697919.549,0.0,0.0157628953496,187
1,[],24,[],2019-05-22 21:04:52,0.0,0.000000000014,0.0000000000000010960978,7670219,2019-05-22 21:04:52,btc,0.0,0.0,0.000000000014,btc,0.0,0.0,0.0,187
0,[],22,[],2019-04-25 02:54:07,0.0,0,0,7447896,2019-04-25 02:54:07,,7.54794454,0.0,0,,76361.7243344055,0.0,0.0,191
0,[],22,[],2019-05-31 04:08:06,0.0,0,0,7715519,2019-05-31 04:08:06,,0.0,0.0,0,,0.0,0.0,0.0,197
0,[],23,[],2019-01-20 23:31:41,0.0,0,0,6477079,2019-01-20 23:31:41,,0.0,0.0,0,,0.0,0.0,0.0,199
0,[],22,[],2019-05-31 04:08:09,0.0,0,0,7715520,2019-05-31 04:08:09,,10.93271999,0.0,0,,99750037.0,0.0,0.0,199
1,[],26,[],2019-05-31 04:08:09,0.0,0.00000000,0,7715521,2019-05-31 04:08:09,btc,0.0,0.0,0.00000000,btc,0.0,0.0,0.0,199
0,[],2,[],2019-01-20 23:30:49,0.0,0,0,6477059,2019-01-20 23:30:49,,0.0,0.0,0,,0.0,0.0,0.0,201
1,[],4,[],2019-01-25 15:51:35,2084389.58565343,0.00000936,0.000000000333526752,6499557,2019-01-25 15:51:35,btc,2.0092503037378524,0.0,0.00000936,btc,160195.80207885,0.19272417,1.242687955921835,211
1,[],7,[],2019-05-31 04:08:12,1195547811.0007997,0.00000066,0.000000000054520554000000006,7715522,2019-05-31 04:08:12,btc,15201837.788620548,576724.986896,0.00000066,btc,8424298.72426192,0.0,13.583707077395788,212
1,[],12,[],2019-01-25 02:44:32,207462.42853209,0.000001080000000000000035831255497387193287295303889550268650054931640625,0.000000000038610756000000006,6493050,2019-01-25 02:44:32,btc,85023.03793723314,0.0,0.000001080000000000000035831255497387193287295303889550268650054931640625,btc,43675.73520027,0.000146250909087,0.0348620860622024,213
1,[],5,[],2019-05-30 00:07:46,0.0,0,0,7709357,2019-05-30 00:07:46,btc,0.0,0.06425239,0,btc,0.0,0.0,0.0,213
1,[],24,[],2019-05-30 00:07:46,0.0,0.000000399202,0.0000000000344859829346,7709358,2019-05-30 00:07:46,btc,0.0,0.0,0.000000399202,btc,0.0,0.0,0.0,213
1,[],26,[],2019-05-30 00:07:47,0.0,0.00000040,0.000000000034554919999999996,7709359,2019-05-30 00:07:47,btc,0.0,0.0,0.00000040,btc,0.0,0.0,0.0,213
0,[],22,[],2019-05-31 04:08:15,0.0,0,0,7715523,2019-05-31 04:08:15,,9.61445386,0.0,0,,3661587.094064925,0.0,0.0,216
1,[],27,[],2019-05-31 04:08:24,196550.0,0.00000001,0.0000000000008260690000000001,7715524,2019-05-31 04:08:24,btc,75.60743967917752,500.0,0.00000001,"btc,ltc",384835.407688,5e-06,0.0019655,216
1,[],22,[],2019-05-31 04:08:28,719126.8260869565,0.00000027,0.000000000022303863,7715525,2019-05-31 04:08:28,BTC,12056.48903718,0.0,0.00000027,BTC,531780.7643343819,0.0,0.0536532,217
1,[],7,[],2019-05-31 04:08:29,0.0,0,0,7715526,2019-05-31 04:08:29,btc,1234864.1040716618,0.0,0,btc,164001712.13147992,0.0,0.0,219
0,[],27,[],2019-05-31 04:08:35,0.0,0,0,7715527,2019-05-31 04:08:35,,250.3940874167132,67103.881394,0,btc,15783512.74381025,0.00067104,0.0,219
0,[],28,[],2019-05-31 04:09:46,0.0,0,0,7715528,2019-05-31 04:09:46,,0.0,1418574.0,0,,0.0,0.0,0.0,219
1,[],22,[],2019-05-23 16:41:05,172069.0,0.00000004,0.0000000000031167080000000004,7674065,2019-05-23 16:41:05,BTC,56.76466137,0.0,0.00000004,BTC,127061.6482738741,0.0,0.00393676,221
1,[],24,[],2019-05-23 16:41:05,0.0,0.000000010000,0.0000000000007791770000000001,7674066,2019-05-23 16:41:05,btc,0.0,0.0,0.000000010000,btc,0.0,0.0,0.0,221
1,[],20,[],2019-05-31 04:09:48,3754566.0,0.000000001,0.0000000000000826069,7715529,2019-05-31 04:09:48,btc,100053.66140760164,2071295.225,0.000000001,btc,47774512.1499,0.00414259045,0.003754566,224
0,[],22,[],2019-05-31 04:09:50,0.0,0,0,7715530,2019-05-31 04:09:50,,0.0,0.0,0,,0.0,0.0,0.0,224
1,[],26,[],2019-05-31 04:09:50,0.0,0.00000025,0.000000000020651725000000002,7715531,2019-05-31 04:09:50,btc,0.0,0.0,0.00000025,btc,0.0,0.0,0.0,231
1,[],26,[],2019-05-31 04:09:50,0.0,0.00000006,0.000000000004956414,7715532,2019-05-31 04:09:50,btc,0.0,0.0,0.00000006,btc,0.0,0.0,0.0,234
0.0000000003060335,[],27,[],2019-05-31 04:09:56,100.0,3.060335e-18,2.5280478731150004e-22,7715533,2019-05-31 04:09:56,eth,0.01134836604,0.0,0.00000001,"btc,eth",11462.996,0.0,3.0603350000000003e-16,234
1,[],4,[],2019-05-22 17:06:12,91780.56053785,0.00000078,0.000000000061977552,7669277,2019-05-22 17:06:12,btc,5.573372450018177,0.0,0.00000078,btc,729173.93529783,0.0,0.0307060663355679,236
1,[],24,[],2019-05-22 17:06:12,0.0,0.000000010000,0.000000000000794584,7669278,2019-05-22 17:06:12,btc,0.0,0.0,0.000000010000,btc,0.0,0.0,0.0,236
1,[],5,[],2019-05-31 04:09:58,0.0,0,0,7715534,2019-05-31 04:09:58,btc,0.0,0.04058616,0,btc,0.0,0.0,0.0,237
1,[],20,[],2019-05-31 04:10:00,121125139.4877,0.000000042,0.0000000000034694898000000003,7715535,2019-05-31 04:10:00,btc,58795.754560688074,5787421.5753,0.000000042,btc,43386165.3424,0.2471996602378,0.5116477771664,237
1,[],22,[],2019-05-31 04:10:06,288100.0,0.00000003,0.000000000002478207,7715536,2019-05-31 04:10:06,BTC,1.20267422,0.0,0.00000003,"BTC,LTC",17930.94871794872,0.0,0.007541,237
1,[],4,[],2019-05-31 04:10:07,27214555.23961576,0.00000012,0.000000000009912828,7715537,2019-05-31 04:10:07,btc,2.845077985291499,0.0,0.00000012,btc,8793649.69235,0.11920496,0.5959085699140569,238
1,[],5,[],2019-05-31 04:10:08,0.0,0,0,7715538,2019-05-31 04:10:08,btc,0.0,0.01166758,0,btc,0.0,0.0,0.0,238
0,[],22,[],2019-03-12 16:49:32,0.0,0,0,6914458,2019-03-12 16:49:32,,0.40415746,0.0,0,,526736.5639027493,0.0,0.0,249
0,[],22,[],2019-05-28 23:53:45,0.0,0,0,7703643,2019-05-28 23:53:45,,13.44714864,0.0,0,,43777534.3426455,0.0,0.0,252
0,[],28,[],2019-05-31 04:11:36,0.0,0,0,7715539,2019-05-31 04:11:36,,0.0,334254.0,0,,0.0,0.0,0.0,256
1,[],22,[],2019-05-31 04:11:39,1039166.0,0.00000001,0.0000000000008260690000000001,7715540,2019-05-31 04:11:39,BTC,31464.5507198,0.0,0.00000001,BTC,589276.6675322719,7.7e-07,0.01039166,258
1,[],22,[],2019-05-19 18:12:02,400.0,0.00000001,0.0000000000007957800000000001,7653905,2019-05-19 18:12:02,BTC,2.415167,0.0,0.00000001,BTC,157.0,0.0,4e-06,259
1,[],5,[],2019-05-31 04:11:41,0.0,0,0,7715541,2019-05-31 04:11:41,btc,0.0,0.06349423,0,btc,0.0,0.0,0.0,264
1,[],20,[],2019-05-31 04:11:43,953426.537,0.000000378,0.000000000031225408200000004,7715542,2019-05-31 04:11:43,btc,0.9760772698369,91059.6281,0.000000378,btc,51736.5911,0.051417380537,0.00774377731,264
0,[],22,[],2019-04-12 17:57:27,0.0,0,0,7278186,2019-04-12 17:57:27,,66.37522201,0.0,0,,677842.4169881374,0.0,0.0,271
0,[],22,[],2019-05-29 08:10:20,0.0,0,0,7705301,2019-05-29 08:10:20,,33050470.74998113,0.0,0,,14361377780.7,0.0,0.0,272
0,[],28,[],2019-05-29 08:10:54,0.0,0,0,7705302,2019-05-29 08:10:54,,0.0,22189957216.5758,0,,0.0,0.0,0.0,272
1,[],22,[],2019-05-23 07:12:29,219930.0,0.00000004,0.000000000003048688,7671985,2019-05-23 07:12:29,BTC,426.77835217,0.0,0.00000004,BTC,248664.3325962929,0.0,0.00739728,281
0.0000000001296203,[],22,[],2019-05-31 04:13:47,384799.68333333335,1.296203e-16,1.070753116007e-20,7715543,2019-05-31 04:13:47,LTC,31.67258955,0.0,0.00000100,LTC,1503653.6569583754,0.0,0.01613556,286
0,[],22,[],2019-05-31 04:13:50,0.0,0,0,7715544,2019-05-31 04:13:50,,7337904.96568486,0.0,0,,2004620112.6797826,0.0,0.0,294
