pairValue,buyBook,exchangeId,sellBook,updated,buyTotal,satoshiPrice,usdPrice,exchangeLogId,created,bestPair,sellTotalBtc,volume,pairPrice,activePairs,sellTotal,volumeBtc,buyTotalBtc,coinId
1,[],3,[],2019-02-03 19:36:37,103.187213365021,0.012345609999999999917275061989130335859954357147216796875,0.000000427274154734,6574133,2019-02-03 19:36:37,btc,106.97321858870144,19.6008155266,0.012345609999999999917275061989130335859954357147216796875,btc,14.602765028626001,0.0,0.05410750900338147,1
1,[],4,[],2019-02-03 19:36:38,25064.07117691,0.01245016,0.000000430892567504,6574134,2019-02-03 19:36:38,btc,0.8393219475393126,0.0,0.01245016,btc,63.98625264,0.55969595,0.9714417522608977,1
1,[],5,[],2019-02-03 19:36:42,0.18496419,0.01220002,0.000000422235372188,6574135,2019-02-03 19:36:42,btc,14578.45321262,0.26746538,0.01220002,btc,35555556.29016427,0.0,1.04560267,1
1,[],10,[],2019-02-03 19:36:44,272779.86481215,0.01220017,0.000000422240563598,6574136,2019-02-03 19:36:44,btc,6536.917835410077,1869.83239275,0.01220017,btc,969.03945007,0.0,4.514770592366735,1
1,[],12,[],2019-02-03 19:36:47,10444.0033086,0.01240999999999999915678561279719360754825174808502197265625,0.00000042950265399999997,6574137,2019-02-03 19:36:47,btc,0.3704482386873,0.0,0.01240999999999999915678561279719360754825174808502197265625,btc,23.56772489,0.0531341134368,0.3265023208499,1
1,[],20,[],2019-02-03 19:36:48,1150.6564,0.01200001,0.000000415313146094,6574138,2019-02-03 19:36:48,btc,0.0571053524203,0.0,0.01200001,btc,2.5234,0.0,0.1001158039309,1
1,[],21,[],2019-02-03 19:36:49,1973.3495393,0.01246043999999999971062258908,0.000000431248352136,6574139,2019-02-03 19:36:49,btc,18.04948851309498,10931.11958127,0.0124604399999999997106225890775021980516612529754638671875,"btc,eth",2408.15208763,124.08076618429664,16.964914680432603,1
1,[],22,[],2019-02-03 19:36:53,0.0263776,0.01350000,0.0000004672269,6574140,2019-02-03 19:36:53,BTC,0.31397231,0.0,0.01350000,BTC,0.10124366666666666,0.0,0.00034472,1
1,[],24,[],2019-02-03 19:36:54,0.0,0.000000000000,0,6574141,2019-02-03 19:36:54,btc,0.0,0.0,0.000000000000,btc,0.0,0.0,0.0,1
0.0,[],25,[],2019-02-03 19:36:55,0.0,0,0,6574142,2019-02-03 19:36:55,btc,17.229699998056276,1409.20461064,0.0,btc,1322.1351355,17.39,0.0,1
1,[],26,[],2019-02-03 19:37:05,0.0,0,0,6574143,2019-02-03 19:37:05,,0.0,0.0,0,,0.0,0.0,0.0,1
1,[],28,[],2019-02-03 19:37:09,987.9,0.01131000,0.00000039143231400000003,6574144,2019-02-03 19:37:09,btc,0.162839806,17594.8,0.01131000,btc,8.9,0.0,0.024551096,1
0,[],2,[],2019-01-20 23:28:45,0.0,0,0,6477011,2019-01-20 23:28:45,,0.0,0.0,0,,0.0,0.0,0.0,1
1,[],5,[],2019-02-03 19:37:12,1.865e-05,0.00000068,0.000000000023534392,6574145,2019-02-03 19:37:12,btc,0.14860458,0.00607968,0.00000068,btc,7.154e-05,0.0,0.47492647,2
0,[],22,[],2019-02-03 19:37:15,0.0,0,0,6574146,2019-02-03 19:37:15,,0.0,0.0,0,,0.0,0.0,0.0,2
1,[],5,[],2019-02-03 19:37:16,1.25e-06,0.00000016,0.0000000000055375040000000005,6574147,2019-02-03 19:37:16,btc,3.85341764,0.01696873,0.00000016,btc,2.204e-05,0.0,2.94653987,3
1,[],12,[],2019-02-03 19:37:18,12526110.57824546,0.000000165,0.000000000005710551,6574148,2019-02-03 19:37:18,btc,921349.4193729585,0.0,0.000000165,btc,8312959.44386466,0.04846887030448914,0.5526139114549808,3
0,[],28,[],2019-02-03 19:37:22,0.0,0,0,6574149,2019-02-03 19:37:22,,0.0,0.0,0,,0.0,0.0,0.0,3
0,[],2,[],2019-01-20 23:31:32,0.0,0,0,6477077,2019-01-20 23:31:32,,0.0,0.0,0,,0.0,0.0,0.0,4
1,[],4,[],2019-02-03 19:37:23,579773.0053303,0.00000032,0.000000000011075008000000001,6574150,2019-02-03 19:37:23,btc,0.3626295953454901,0.0,0.00000032,btc,350039.7512597,0.01704215,0.086948115314184,4
1,[],12,[],2019-02-03 19:37:24,1608340.85533333,0.00000007,0.000000000002422658,6574151,2019-02-03 19:37:24,btc,11014978.32857422,0.0,0.00000007,btc,848371.05698658,0.00326668,0.0343518404399998,5
0,[],2,[],2019-01-20 23:31:51,0.0,0,0,6477087,2019-01-20 23:31:51,,0.0,0.0,0,,0.0,0.0,0.0,6
1,[],11,[],2019-02-03 19:37:27,7570029.5,0.00000002,0.0000000000006921880000000001,6574152,2019-02-03 19:37:27,btc,9433.369416073296,169255.333333,0.00000002,btc,41235382.49164567,0.0,0.114961075,6
1,[],3,[],2019-02-03 19:37:28,1069.652384675756,0.000150559999999999995050348200464895853656344115734100341796875,0.000000005210791264,6574153,2019-02-03 19:37:28,btc,28.510202753279106,0.0,0.000150559999999999995050348200464895853656344115734100341796875,btc,234.145665820227,0.0,0.030997767816609203,7
1,[],4,[],2019-02-03 19:37:28,22899.90483348,0.00021002,0.000000007268666188000001,6574154,2019-02-03 19:37:28,btc,5.959565729792983,0.0,0.00021002,btc,25035.74517472,5.45501322,3.756858877355162,7
1,[],5,[],2019-02-03 19:37:30,0.0056998,0.00020006,0.000000006923956564,6574155,2019-02-03 19:37:30,btc,1.21833781,0.60684782,0.00020006,btc,0.01242179,0.0,1.48154579,7
1,[],20,[],2019-02-03 19:37:32,65771509.91,0.000000001,0.000000000000034609400000000004,6574156,2019-02-03 19:37:32,btc,116.1335270767722,0.0,0.000000001,btc,29825029.7669,0.0,0.06577150991,8
0,[],2,[],2019-01-20 23:22:42,0.0,0,0,6476876,2019-01-20 23:22:42,,0.0,0.0,0,,0.0,0.0,0.0,9
1,[],1,[],2019-02-03 19:37:33,3321058.25,0.00000199000000000000000523994909962244292955801938660442829132080078125,0.000000000068872706,6574157,2019-02-03 19:37:33,btc,7.0703724758,8275291.1,0.00000199000000000000000523994909962244292955801938660442829132080078125,btc,3480567.44,16.49572244,6.5212889119,9
1,[],4,[],2019-02-03 19:37:34,538991.69566393,0.00000197,0.000000000068180518,6574158,2019-02-03 19:37:34,btc,0.7583357554014815,0.0,0.00000197,btc,367880.30904023,0.45550967,1.0115215929358665,9
0,[],23,[],2019-01-20 23:22:48,0.0,0,0,6476878,2019-01-20 23:22:48,,0.0,0.0,0,,0.0,0.0,0.0,9
1,[],28,[],2019-02-03 19:37:38,34500.0,0.00000165,0.00000000005710551,6574159,2019-02-03 19:37:38,btc,2708.771989488,3554197.31,0.00000165,btc,14954.28,0.0,0.02854,9
1,[],4,[],2019-02-03 19:37:39,7373260.37826053,0.00000002,0.0000000000006921880000000001,6574160,2019-02-03 19:37:39,btc,0.2046613552280866,0.0,0.00000002,btc,4138582.13835349,0.00061684,0.0792946118652106,10
1,[],4,[],2019-02-03 19:37:40,2166323.94744975,0.00000140,0.00000000004845316,6574161,2019-02-03 19:37:40,btc,0.8265102614778292,0.0,0.00000140,btc,571470.27325771,1.79272951,2.8439295316340294,12
1,[],5,[],2019-02-03 19:37:41,1.702e-05,0.00000135,0.00000000004672269,6574162,2019-02-03 19:37:41,btc,0.64698555,0.7295537,0.00000135,btc,0.00011892,0.0,0.40829745,12
0.0,[],25,[],2019-02-03 19:37:42,0.0,0,0,6574163,2019-02-03 19:37:42,,0.0,0.0,0.0,btc,0.0,0.0,0.0,12
0,[],2,[],2019-01-20 23:23:08,0.0,0,0,6476890,2019-01-20 23:23:08,,0.0,0.0,0,,0.0,0.0,0.0,12
1,[],10,[],2019-02-03 14:26:53,610097.3899058,0.00000608,0.0000000002107784,6572571,2019-02-03 14:26:53,btc,666809.6468901985,2983.52872282,0.00000608,btc,737692.67777009,0.0,0.7922122407452779,13
1,[],4,[],2019-02-03 19:37:43,348423.17375935,0.00000626,0.000000000216654844,6574164,2019-02-03 19:37:43,btc,0.6088432725454889,0.0,0.00000626,btc,88723.90693732,0.6975966,1.5881171735846227,13
1,[],21,[],2019-02-03 19:37:46,1118321.40280235,0.000006330000000000000380593993821,0.00000000021907750200000003,6574165,2019-02-03 19:37:46,btc,4.693092189431702,535229.56635952,0.000006330000000000000380593993820621534496240201406180858612060546875,btc,667779.71504654,3.38635587,6.222595942605999,13
1,[],4,[],2019-02-03 19:37:47,1131794.33773295,0.00000158,0.000000000054682852000000004,6574166,2019-02-03 19:37:47,btc,0.122434340109585,0.0,0.00000158,btc,58101.92437016,0.00923665,0.4286950426951304,14
1,[],12,[],2019-02-03 19:37:49,86776.58064516,0.000001570000000000000003069918451392705804892102605663239955902099609375,0.000000000054336758,6574167,2019-02-03 19:37:49,btc,1.7854284777191791,0.0,0.000001570000000000000003069918451392705804892102605663239955902099609375,btc,37608.01291797,1.256e-05,0.010630939999998,14
0,[],17,[],2019-02-03 19:37:50,0.0,0,0,6574168,2019-02-03 19:37:50,btc,0.0,0.0,0,btc,0.0,0.0,0.0,14
1,[],26,[],2019-02-03 19:37:50,0.0,0.00000049,0.000000000016958606000000002,6574169,2019-02-03 19:37:50,btc,0.0,0.0,0.00000049,btc,0.0,0.0,0.0,14
0,[],4,[],2019-02-03 19:37:51,0.0,0,0,6574170,2019-02-03 19:37:51,,0.0,0.0,0,,0.0,0.0,0.0,15
,[],12,[],2018-12-01 15:15:48,204241.84496,0.00000489,0.000000000202473384,5260204,2018-12-01 15:15:48,btc,49.5475654835,0.0,,btc,35763.2193806,0.0163153972027625,0.0203389899998,15
1,[],4,[],2019-02-03 19:37:53,25290.14410211,0.00001802,0.000000000623661388,6574171,2019-02-03 19:37:53,btc,1.2299418838253502,0.0,0.00001802,btc,7468.83765494,0.03564565,0.0846397293001399,18
1,[],10,[],2019-02-03 19:37:55,407746.40564918,0.00001737,0.0000000006011652780000001,6574172,2019-02-03 19:37:55,btc,15.582709521627528,12635.6614379,0.00001737,btc,12258.90616115,0.0,0.4758542394102519,18
1,[],12,[],2019-02-03 19:37:56,200913.12985337,0.0000160300000000000006828045073792310404314775951206684112548828125,0.000000000554788682,6574173,2019-02-03 19:37:56,btc,0.1849131114568992,0.0,0.0000160300000000000006828045073792310404314775951206684112548828125,btc,1670.86231198,0.0035446233876894,0.0185764835601882,18
0,[],2,[],2019-01-20 23:23:38,0.0,0,0,6476906,2019-01-20 23:23:38,,0.0,0.0,0,,0.0,0.0,0.0,18
0,[],17,[],2019-02-03 18:34:26,0.0,0,0,6573798,2019-02-03 18:34:26,btc,0.0,0.0,0,btc,0.0,0.0,0.0,18
0,[],2,[],2019-01-20 23:24:19,0.0,0,0,6476924,2019-01-20 23:24:19,,0.0,0.0,0,,0.0,0.0,0.0,19
1,[],3,[],2019-02-03 19:28:04,108646.12111190728,0.0000260299999999999998067691520109434577534557320177555084228515625,0.000000000902413246,6573972,2019-02-03 19:28:04,btc,0.4140164893704189,3904.44055457,0.0000260299999999999998067691520109434577534557320177555084228515625,btc,5391.391387101854,0.0,0.09677373615512017,19
1,[],4,[],2019-02-03 19:28:04,60887.22223403,0.00002921,0.000000001012658122,6573973,2019-02-03 19:28:04,btc,0.2009180658270542,0.0,0.00002921,btc,6440.42991229,1.17450002,1.0710755049409015,19
1,[],5,[],2019-02-03 19:28:06,0.00021192,0.00002562,0.0000000008881992840000001,6573974,2019-02-03 19:28:06,btc,0.28793846,0.01555246,0.00002562,btc,0.00310465,0.0,0.17676059,19
1,[],12,[],2019-02-03 19:28:07,133617.65870197,0.0000309700000000000033313456160311005760377156548202037811279296875,0.0000000010736741540000001,6573975,2019-02-03 19:28:07,btc,1.9944135732323298,0.0,0.0000309700000000000033313456160311005760377156548202037811279296875,btc,487.27357977,0.0005136163635273,0.0326195600000109,19
0,[],27,[],2019-02-03 19:28:09,0.0,0,0,6573976,2019-02-03 19:28:09,,0.0,0.0,0,btc,0.0,0.0,0.0,19
1,[],4,[],2019-02-03 19:28:10,9012496.97209015,0.00000013,0.000000000004506866,6573977,2019-02-03 19:28:10,btc,0.8116717874116198,0.0,0.00000013,btc,1595552.31051721,0.00029465,0.3452430874915699,20
1,[],4,[],2019-02-03 19:28:10,122819426.81322224,0.00000002,0.0000000000006933640000000001,6573978,2019-02-03 19:28:10,btc,0.7379610642312767,0.0,0.00000002,btc,16350348.38138166,0.00335707,1.465966120474285,21
1,[],12,[],2019-02-03 19:28:11,19028394.0,0.00000002,0.0000000000006933640000000001,6573979,2019-02-03 19:28:11,btc,668.545188303258,0.0,0.00000002,btc,8550016.65434831,4.23296703297e-05,0.25350796000000003,21
0,[],17,[],2019-02-03 19:28:13,0.0,0,0,6573980,2019-02-03 19:28:13,btc,0.0,0.0,0,btc,0.0,0.0,0.0,21
1,[],12,[],2019-02-03 19:28:14,2240984716.531895,0.0000000001,0.00000000000000346682,6573981,2019-02-03 19:28:14,btc,1729404717664.0244,0.0,0.0000000001,btc,5076778079.055173,0.006694750488012248,0.22409847165318952,23
0,[],27,[],2019-02-03 19:28:16,0.0,0,0,6573982,2019-02-03 19:28:16,,0.424699,0.0,0,eth,424699.0,0.0,0.0,23
1,[],4,[],2019-02-03 19:28:17,3566637.9679643,0.00000080,0.000000000027734560000000003,6573983,2019-02-03 19:28:17,btc,0.0751125430612534,0.0,0.00000080,btc,67697.36220237,0.01050455,0.4167499010638031,24
1,[],22,[],2019-02-03 19:28:20,11.76,0.00000100,0.0000000000346682,6573984,2019-02-03 19:28:20,BTC,7.415e-05,0.0,0.00000100,BTC,23.919354838709676,0.0,1.176e-05,24
0.0,[],25,[],2019-02-03 19:28:21,0.0,0,0,6573985,2019-02-03 19:28:21,,0.0,0.0,0.0,btc,0.0,0.0,0.0,24
1,[],4,[],2019-02-03 19:28:22,27836342.80094651,0.00000646,0.000000000223956572,6573986,2019-02-03 19:28:22,btc,0.2317582587604616,0.0,0.00000646,btc,23938.88187421,0.09039673,0.4344411824461154,26
1,[],10,[],2019-02-03 19:28:24,725860.70874179,0.00000588,0.000000000203849016,6573987,2019-02-03 19:28:24,btc,25.975773677598465,27.0,0.00000588,btc,13118.16646401,0.0,0.2069550833237116,26
0,[],2,[],2019-01-20 23:25:56,0.0,0,0,6476976,2019-01-20 23:25:56,,0.0,0.0,0,,0.0,0.0,0.0,26
1,[],3,[],2019-02-03 19:28:25,9427582.93283504,0.00000002,0.0000000000006933640000000001,6573988,2019-02-03 19:28:25,btc,2.2900966590821166,22108.7728707,0.00000002,btc,15602290.51628244,0.0,0.1130830782681865,27
1,[],5,[],2019-02-03 19:28:26,3e-08,0.00000002,0.0000000000006933640000000001,6573989,2019-02-03 19:28:26,btc,1.53058241,0.00387757,0.00000002,btc,4.69e-05,0.0,0.09752245,27
1,[],11,[],2019-02-03 19:28:28,10615374.41182718,0.00000005,0.00000000000173341,6573990,2019-02-03 19:28:28,btc,370.6426334117441,1000.0,0.00000005,btc,8221035.4403934,0.0,0.4936394994767663,27
1,[],4,[],2019-02-03 19:28:29,342490408.88447547,0.00000003,0.0000000000010400460000000001,6573991,2019-02-03 19:28:29,btc,4.042476778025722,0.0,0.00000003,"btc,ltc",118222568.52419545,0.31928901,3.989900294332067,29
1,[],7,[],2019-02-03 19:28:30,39733268.94837162,0.00000003,0.000000000001040046,6573992,2019-02-03 19:28:30,btc,44465206.116562665,1376480.35118,0.00000003,btc,38684884.18229003,0.0,0.7244974800032491,29
1,[],4,[],2019-02-03 19:28:31,1362057.41063146,0.00000028,0.000000000009707096,6573993,2019-02-03 19:28:31,btc,0.2715610109463703,0.0,0.00000028,btc,557481.89659313,0.00327605,0.07847392706042,30
0,[],17,[],2019-02-03 19:28:33,0.0,0,0,6573994,2019-02-03 19:28:33,btc,0.0,0.0,0,btc,0.0,0.0,0.0,30
1,[],4,[],2019-02-03 19:28:33,1135044.94075534,0.00007164,0.000000002483629848,6573995,2019-02-03 19:28:33,btc,1.7170134560989576,0.0,0.00007164,btc,20629.23190511,1.59210744,1.846698911928111,31
1,[],21,[],2019-02-03 19:28:34,58701.46095441,0.00007223000000000000470415373321,0.0000000025040840860000004,6573996,2019-02-03 19:28:34,btc,2.011098527841139,79096.02420119,0.0000722300000000000047041537332148664063424803316593170166015625,btc,25269.45899918,5.74960423,3.8985899664225014,31
0,[],2,[],2019-01-20 23:28:43,0.0,0,0,6477009,2019-01-20 23:28:43,,0.0,0.0,0,,0.0,0.0,0.0,32
1,[],4,[],2019-02-03 19:28:35,148344579.9097817,0.00000005,0.0000000000017334100000000002,6573997,2019-02-03 19:28:35,btc,2.5735884435378122,0.0,0.00000005,"btc,ltc",43812452.43580079,0.17423646,2.597337908676682,33
1,[],12,[],2019-02-03 19:28:36,19084316.278,0.00000006,0.000000000002080092,6573998,2019-02-03 19:28:36,btc,17261782.277511515,0.0,0.00000006,btc,89635868.72327656,0.0001762307692311,0.7171594366799999,33
1,[],4,[],2019-02-03 19:28:38,111608452.71915793,0.00000002,0.0000000000006933640000000001,6573999,2019-02-03 19:28:38,btc,0.7715414331524844,0.0,0.00000002,btc,25718047.77174948,2.53238637,1.1195033308815794,34
1,[],5,[],2019-02-03 19:28:40,1e-08,0.00000001,0.00000000000034668200000000004,6574000,2019-02-03 19:28:40,btc,3.90455722,0.80194698,0.00000001,btc,1.394e-05,0.0,0.71800143,34
0.00000000009697020000000001,[],4,[],2019-02-03 19:28:41,1118920608.5213544,3.8788080000000004e-18,1.3447129150560003e-22,6574001,2019-02-03 19:28:41,ltc,7.924230848557761e-09,0.0,0.00000004,ltc,1573368215.9610732,0.0,2.2280851468768737e-09,36
1,[],5,[],2019-02-03 19:28:43,0.0,0,0,6574002,2019-02-03 19:28:43,btc,204.33336747,0.0,0,btc,1.295e-05,0.0,0.0,36
0,[],17,[],2019-02-03 19:28:44,0.0,0,0,6574003,2019-02-03 19:28:44,btc,0.14185270835408725,0.0,0,btc,10826074.27743647,0.0,0.0,36
0.00000000009697020000000001,[],27,[],2019-02-03 19:28:46,1000000.0,1.9394040000000002e-18,6.723564575280001e-23,6574004,2019-02-03 19:28:46,ltc,447.7307979714,0.0,0.00000002,"ltc,eth",3711879.16,0.0,1.9394040000000003e-12,36
1,[],4,[],2019-02-03 18:27:56,418296.95430189,0.00000143,0.000000000049496161,6573626,2019-02-03 18:27:56,btc,0.3824774257270361,0.0,0.00000143,btc,200851.61070381,0.02696461,0.374100520558827,37
1,[],12,[],2019-02-03 18:27:57,418756.98371271,0.00000145000000000000009320343975771638866945068002678453922271728515625,0.000000000050188415000000006,6573627,2019-02-03 18:27:57,btc,1331.1891275456492,0.0,0.00000145000000000000009320343975771638866945068002678453922271728515625,btc,851025.90459231,0.5356560048391638,0.2977146499999877,37
1,[],17,[],2019-02-03 18:27:58,1752.74075282,0.00000025,0.000000000008653175,6573628,2019-02-03 18:27:58,btc,0.05548492396567708,0.000668326222905,0.00000025,btc,1387.19918473,0.0,0.00043818518820499993,37
1,[],27,[],2019-02-03 18:28:00,16843.0,0.00000046,0.000000000015921842,6573629,2019-02-03 18:28:00,btc,24.45584702489649,0.0,0.00000046,btc,5279.81438508,0.0,0.00561124,37
1,[],5,[],2019-02-03 19:28:48,1.706e-05,0.00000104,0.000000000036054928,6574005,2019-02-03 19:28:48,btc,0.11437164,0.14478877,0.00000104,btc,0.00010621,0.0,0.10975782,42
1,[],12,[],2019-02-03 19:28:49,158717.50485437,0.00000110000000000000005610204141526242693771564518101513385772705078125,0.000000000038135020000000004,6574006,2019-02-03 19:28:49,btc,85.06727050765124,0.0,0.00000110000000000000005610204141526242693771564518101513385772705078125,btc,88608.98064221,0.0786134943455873,0.0606178100000011,42
0,[],27,[],2019-02-03 19:28:51,0.0,0,0,6574007,2019-02-03 19:28:51,,0.00315028,0.0,0,"btc,eth",11.007,0.0,0.0,42
1,[],5,[],2019-02-03 19:28:52,1e-07,0.00000004,0.0000000000013867280000000001,6574008,2019-02-03 19:28:52,btc,6.10294181,0.00113557,0.00000004,btc,1.475e-05,0.0,0.53381898,43
1,[],12,[],2019-02-03 19:28:53,6512129.0,0.00000002,0.0000000000006933640000000001,6574009,2019-02-03 19:28:53,btc,20007456.464722443,0.0,0.00000002,btc,38833161.74765234,0.0,0.06512143000000001,43
0,[],17,[],2019-02-03 19:28:55,0.0,0,0,6574010,2019-02-03 19:28:55,btc,0.0,0.0,0,btc,0.0,0.0,0.0,43
1,[],12,[],2019-02-03 19:28:56,884436.0,0.00000008,0.0000000000027734560000000003,6574011,2019-02-03 19:28:56,btc,11115205.991134647,0.0,0.00000008,btc,1006682.39860139,0.00028528982018,0.02718039,44
1,[],4,[],2019-02-03 19:28:56,235541359.90999085,0.00000002,0.0000000000006933640000000001,6574012,2019-02-03 19:28:56,btc,0.1802837982177515,0.0,0.00000002,"btc,ltc",8170730.78161888,0.0002,0.5426927653951575,49
0.00000000009697020000000001,[],4,[],2019-02-03 19:28:57,4861612362.2485695,9.697020000000001e-19,3.3617822876400007e-23,6574013,2019-02-03 19:28:57,ltc,4.645173503841431,0.0,0.00000001,ltc,1715789125.9667892,0.00011,4.7143152308971625e-09,52
0,[],22,[],2019-02-03 19:29:00,0.0,0,0,6574014,2019-02-03 19:29:00,,3693.16111,0.0,0,,247825727.90882352,0.0,0.0,57
0,[],27,[],2019-02-03 19:29:02,0.0,0,0,6574015,2019-02-03 19:29:02,,0.0,0.0,0,"btc,eth",0.0,0.0,0.0,57
0.00000000009697020000000001,[],4,[],2019-02-03 19:29:03,1375593617.7148378,5.818212000000001e-18,2.0170693725840003e-22,6574016,2019-02-03 19:29:03,ltc,3.288209341423286,0.0,0.00000006,ltc,1019091520.7481933,0.021956,5.526153126846603e-09,58
1,[],12,[],2019-02-03 19:29:05,2036151878.843957,0.0000000005,0.000000000000017334100000000004,6574017,2019-02-03 19:29:05,btc,625179820102.1241,0.0,0.0000000005,btc,3179885814.6764235,0.11831843363446554,0.7330434102011392,58
0,[],17,[],2019-02-03 19:29:06,0.0,0,0,6574018,2019-02-03 19:29:06,btc,1e+24,0.0,0,btc,41616695.95832568,0.0,0.0,58
0.0000000001235241,[],22,[],2019-02-03 19:29:10,137438.0,1.235241e-18,4.28235820362e-23,6574019,2019-02-03 19:29:10,XMR,69.8835922,0.0,0.00000001,XMR,9887963.0,0.0,0.00137438,58
1,[],5,[],2019-02-03 19:29:12,7.93e-06,0.00000075,0.000000000026001150000000002,6574020,2019-02-03 19:29:12,btc,0.33724089,0.04892633,0.00000075,btc,0.00014248,0.0,0.05953082,61
1,[],22,[],2019-02-03 19:29:15,5111.5,0.00000011,0.000000000003813502000000001,6574021,2019-02-03 19:29:15,BTC,1002.29606732,0.0,0.00000011,BTC,15028.700278135757,0.0,0.00051178,61
1,[],26,[],2019-02-03 19:29:15,0.0,0.00000800,0.0000000002773456,6574022,2019-02-03 19:29:15,btc,0.0,0.0,0.00000800,btc,0.0,0.0,0.0,61
0,[],27,[],2019-02-03 19:29:18,0.0,0,0,6574023,2019-02-03 19:29:18,,0.1550356,0.0,0,"btc,eth",155.72848,0.0,0.0,61
1,[],28,[],2019-02-03 19:29:22,6884.304,0.0000006,0.000000000020800920000000003,6574024,2019-02-03 19:29:22,btc,2.064635633700105,802.0,0.0000006,btc,11325.10450005,0.0,0.00216611304,61
1,[],4,[],2019-02-03 19:29:23,1389892.87890096,0.00000176,0.00000000006101603200000001,6574025,2019-02-03 19:29:23,btc,0.6889424820784649,0.0,0.00000176,btc,248945.76956237,0.0849223,1.1073233477784132,67
0.0,[],25,[],2019-02-03 19:29:24,0.0,0,0,6574026,2019-02-03 19:29:24,,0.0,0.0,0.0,btc,0.0,0.0,0.0,67
1,[],12,[],2019-02-03 19:29:25,3097019.219,0.0000001,0.00000000000346682,6574027,2019-02-03 19:29:25,btc,16893709.651847944,0.0,0.0000001,btc,2485102.59000996,0.0005174720043966,0.0845029764411112,71
,[],5,[],2018-11-20 23:02:39,1.5e-07,0.00000005,0.000000000002128045,4862160,2018-11-20 23:02:39,btc,2.84511358,0.0,,btc,0.00036572,0.0,0.07381892,74
1,[],5,[],2019-01-25 15:53:51,3.303e-05,0.00000156,0.000000000055588884,6499610,2019-01-25 15:53:51,btc,1.42844212,0.0,0.00000156,btc,0.00015937,0.0,0.49487621,75
0,[],20,[],2019-01-25 09:30:31,0.0,0,0,6495923,2019-01-25 09:30:31,btc,0.0,0.0,0,btc,0.0,0.0,0.0,81
1,[],4,[],2019-02-03 19:29:26,70997797.82492337,0.00000001,0.00000000000034668200000000004,6574028,2019-02-03 19:29:26,btc,0.8164048853705091,0.0,0.00000001,btc,15307943.35273608,0.0,0.7099779782492337,81
1,[],4,[],2019-02-03 19:29:29,23405.56668984,0.00007004,0.0000000024281607280000003,6574029,2019-02-03 19:29:29,btc,0.6247793125982438,0.0,0.00007004,btc,5992.81620701,0.05984445,0.0617056703971417,82
1,[],21,[],2019-02-03 19:29:29,84895.78274474,0.00007556999999999999644267195675,0.000000002619875874,6574030,2019-02-03 19:29:29,btc,3.5379384510952767,4345.60234198,0.000075569999999999996442671956753400763773242942988872528076171875,btc,40210.06505661,0.32856225,4.330048918448117,82
0,[],17,[],2019-02-03 19:29:31,0.0,0,0,6574031,2019-02-03 19:29:31,btc,0.0447233088476774,0.0,0,btc,999127.19588126,0.0,0.0,84
0.00000000009697020000000001,[],4,[],2019-02-03 19:29:32,330159500.48508215,1.0666722e-17,3.697960516404001e-22,6574032,2019-02-03 19:29:32,ltc,0.19589142233204015,0.0,0.00000011,ltc,70646850.69371742,0.00820972,1.2560390396802126e-09,85
,[],22,[],2018-11-20 23:09:34,3408.1,0.0000001,0.0000000000041895,4862324,2018-11-20 23:09:34,BTC,0.04624735,0.0,,BTC,4990.0,0.0,0.00033081,86
0,[],22,[],2019-02-03 19:29:35,0.0,0,0,6574033,2019-02-03 19:29:35,,2.07810912,0.0,0,,154826.94736842104,0.0,0.0,87
0,[],27,[],2019-02-03 19:29:36,0.0,0,0,6574034,2019-02-03 19:29:36,,0.0,0.0,0,btc,0.0,0.0,0.0,87
,[],2,[],2018-11-20 23:10:47,0.0,0,0,4862359,2018-11-20 23:10:47,,0.0,0.0,,,0.0,0.0,0.0,88
1,[],11,[],2019-02-03 19:29:38,102191.74229343,0.00018547999999999999275017426025868871874990873038768768310546875,0.000000006430257736,6574035,2019-02-03 19:29:38,btc,246.04762254633928,1029.13331579,0.00018547999999999999275017426025868871874990873038768768310546875,btc,184807.2910717,0.0,7.555485609142094,89
0,[],2,[],2019-01-20 23:31:45,0.0,0,0,6477083,2019-01-20 23:31:45,,0.0,0.0,0,,0.0,0.0,0.0,91
1,[],12,[],2019-02-03 19:29:40,508852.03070219996,0.00000357000000000000012432437891674030794320060522295534610748291015625,0.00000000012376547400000001,6574036,2019-02-03 19:29:40,btc,4.269739976780855,0.0,0.00000357000000000000012432437891674030794320060522295534610748291015625,btc,33956.87034985,0.0564618616214731,0.1583180178998752,91
0,[],17,[],2019-02-03 19:29:41,0.0,0,0,6574037,2019-02-03 19:29:41,btc,0.0,0.0,0,btc,0.0,0.0,0.0,91
0.00000000009697020000000001,[],22,[],2019-02-03 19:29:45,27823826.0,4.8485100000000006e-18,1.6808911438200003e-22,6574038,2019-02-03 19:29:45,LTC,8.80623359,0.0,0.00000005,LTC,76324729.6,4.858207020000001e-16,1.05795662,95
0.00000000009697020000000001,[],4,[],2019-02-03 19:29:45,132370159.56453462,9.7939902e-17,3.3954001105164006e-21,6574039,2019-02-03 19:29:45,ltc,1.096539748968639,0.0,0.00000101,ltc,67972972.0390599,0.0,6.82513197784586e-10,96
1,[],12,[],2019-02-03 19:29:46,225003.0,0.00000001,0.00000000000034668200000000004,6574040,2019-02-03 19:29:46,btc,255063.42084720562,0.0,0.00000001,btc,8888758.33297676,1.52e-06,0.00225003,96
0,[],17,[],2019-02-03 19:29:48,0.0,0,0,6574041,2019-02-03 19:29:48,btc,0.0,0.0,0,btc,0.0,0.0,0.0,96
1,[],4,[],2019-01-28 01:29:03,1472892.19429314,0.00000039,0.000000000013841295,6517118,2019-01-28 01:29:03,btc,0.30363706505258,0.0,0.00000039,btc,473598.41813208,0.02260545,0.1322524391209234,99
0,[],2,[],2019-01-20 23:23:55,0.0,0,0,6476914,2019-01-20 23:23:55,,0.0,0.0,0,,0.0,0.0,0.0,100
1,[],4,[],2019-02-03 19:29:49,80282.85593625,0.00004373,0.0000000015160403860000002,6574042,2019-02-03 19:29:49,btc,0.9194650660837181,0.0,0.00004373,btc,17605.10676513,3.33180043,2.7448572429772957,100
1,[],22,[],2019-02-03 19:30:00,50000.0,0.00000001,0.00000000000034668200000000004,6574043,2019-02-03 19:30:00,BTC,23.50383609,0.0,0.00000001,BTC,11277.22,0.0,0.0005,101
1,[],4,[],2019-02-03 19:30:01,112015.29083617,0.00000090,0.00000000003120138,6574044,2019-02-03 19:30:01,btc,0.3995153265106678,0.0,0.00000090,btc,152301.77642228,0.00918908,0.0634111217996948,103
1,[],12,[],2019-02-03 19:30:04,75639951.65846993,0.000000015,0.000000000000520023,6574045,2019-02-03 19:30:04,btc,138278963.71914613,0.0,0.000000015,btc,136455811.56560192,16.03547036126198,0.45515853287704894,105
1,[],27,[],2019-02-03 19:30:06,10159662.89,0.00000001,0.00000000000034668200000000004,6574046,2019-02-03 19:30:06,btc,0.6930134677960939,0.0,0.00000001,btc,708890.78181977,0.0,0.1015966289,105
0,[],22,[],2019-02-03 19:30:23,0.0,0,0,6574047,2019-02-03 19:30:23,,1.07253299,0.0,0,,94300.0,0.0,0.0,107
1,[],26,[],2019-02-03 19:30:23,0.0,0.00000000,0,6574048,2019-02-03 19:30:23,btc,0.0,10000.0,0.00000000,btc,0.0,0.0,0.0,107
1,[],5,[],2019-02-03 19:30:25,6e-08,0.00000003,0.0000000000010400460000000001,6574049,2019-02-03 19:30:25,btc,2.92512426,0.08887172,0.00000003,btc,1.773e-05,0.0,0.23651943,112
1,[],22,[],2019-02-03 19:30:29,1966.0,0.00000001,0.00000000000034668200000000004,6574050,2019-02-03 19:30:29,BTC,2.839063,0.0,0.00000001,BTC,808529.0833333334,0.00324299,1.966e-05,112
0.0000000003107842,[],27,[],2019-02-03 19:32:30,500000.0,3.107842e-18,1.0774328802440001e-22,6574051,2019-02-03 19:32:30,eth,1.08231065,0.0,0.00000001,eth,1261.0,0.0,1.553921e-12,112
1,[],4,[],2019-02-03 19:32:31,483578.95610095,0.00000417,0.000000000144566394,6574052,2019-02-03 19:32:31,btc,0.4795984006980686,0.0,0.00000417,btc,81470.04743241,0.2787144,0.3095916051904934,113
1,[],5,[],2019-02-03 19:32:34,2.87e-05,0.00000376,0.000000000130352432,6574053,2019-02-03 19:32:34,btc,2.43143683,0.00609746,0.00000376,btc,0.00381016,0.0,0.22029642,113
1,[],17,[],2019-02-03 19:32:36,174538.724,0.00000004,0.0000000000013867280000000001,6574054,2019-02-03 19:32:36,btc,1.3368030274090024,0.0015204,0.00000004,btc,51896.221,0.0,0.00308154896,116
0,[],27,[],2019-02-03 19:32:38,0.0,0,0,6574055,2019-02-03 19:32:38,,0.0,0.0,0,btc,0.0,0.0,0.0,116
1,[],4,[],2019-02-03 19:32:39,56771.65732199,0.00002269,0.000000000786621458,6574056,2019-02-03 19:32:39,btc,0.8323858776877139,0.0,0.00002269,btc,28584.70343334,0.70724474,0.9962335747674633,120
1,[],7,[],2019-02-03 19:33:06,11045.34612514,0.00001796000000000000083899033553880286717685521580278873443603515625,0.0000000006226408720000001,6574057,2019-02-03 19:33:06,btc,88979.01295522478,31.45000271,0.00001796000000000000083899033553880286717685521580278873443603515625,btc,23649.8457715,0.00113348,0.09841781317677871,120
1,[],20,[],2019-02-03 19:33:08,1607028.1906,0.000000013,0.00000000000045068660000000003,6574058,2019-02-03 19:33:08,btc,33.7489442370083,222.819,0.000000013,btc,1074422.3317,2.896647e-06,0.0088322132172,125
1,[],22,[],2019-02-03 19:33:13,3053.0,0.00000001,0.00000000000034668200000000004,6574059,2019-02-03 19:33:13,BTC,0.01444889,0.0,0.00000001,BTC,296264.5111111111,0.0,3.053e-05,126
0,[],2,[],2019-01-20 23:25:46,0.0,0,0,6476969,2019-01-20 23:25:46,,0.0,0.0,0,,0.0,0.0,0.0,131
1,[],4,[],2019-02-03 19:33:14,93659.36060901,0.00001698,0.0000000005886660360000001,6574060,2019-02-03 19:33:14,btc,0.5982188964585115,0.0,0.00001698,btc,30213.8823476,0.32280974,0.6214994968749833,131
0,[],17,[],2019-02-03 19:33:15,0.0,0,0,6574061,2019-02-03 19:33:15,btc,0.0008451375975800001,0.0,0,btc,30.89614684,0.0,0.0,131
1,[],4,[],2019-02-03 19:33:16,4610.40121735,0.00016000,0.000000005546912,6574062,2019-02-03 19:33:16,btc,1.6402665810676624,0.0,0.00016000,btc,302.35845559,0.0,0.0113649733638098,135
1,[],3,[],2019-02-03 19:33:17,1797211.66354937,0.00000007,0.0000000000024267740000000005,6574063,2019-02-03 19:33:17,btc,0.1423525700714911,12780.0,0.00000007,btc,412204.02852494,0.0,0.0661396942725346,136
1,[],4,[],2019-02-03 19:33:17,95324.44634726,0.00000178,0.000000000061709396,6574064,2019-02-03 19:33:17,btc,0.3887132439620815,0.0,0.00000178,btc,154366.20667874,0.11232951,0.132249833832889,137
1,[],12,[],2019-02-03 19:33:18,296957.65856724,0.0000018599999999999999793589590402209665853661135770380496978759765625,0.000000000064482852,6574065,2019-02-03 19:33:18,btc,11982.945521963,0.0,0.0000018599999999999999793589590402209665853661135770380496978759765625,btc,125091.0211605,0.1151612786306018,0.0273897100000012,137
1,[],5,[],2019-02-03 19:33:20,0.00140887,0.00003939,0.0000000013655803980000002,6574066,2019-02-03 19:33:20,btc,3.91224605,1.26270322,0.00003939,btc,0.00258181,0.0,1.39659002,142
1,[],17,[],2019-02-03 19:33:21,12500.0,0.0000001,0.00000000000346682,6574067,2019-02-03 19:33:21,btc,20.261021579010357,0.0001070700002253,0.0000001,btc,5931.99821453,0.0,0.00125,142
1,[],20,[],2019-02-03 19:33:23,150831.015,0.00003001,0.000000001040392682,6574068,2019-02-03 19:33:23,btc,4.1908266424,69.0053,0.00003001,btc,10940.3001,0.00284301836,0.2821366871488,142
1,[],22,[],2019-02-03 19:33:27,962.0,0.00001800,0.0000000006240276,6574069,2019-02-03 19:33:27,BTC,3.00449528,0.0,0.00001800,BTC,899.098,0.0,0.0001637,142
0.0,[],25,[],2019-02-03 19:33:28,0.0,0,0,6574070,2019-02-03 19:33:28,,0.0,0.0,0.0,btc,0.0,0.0,0.0,142
1,[],28,[],2019-02-03 19:33:33,78905.0,0.00002500,0.0000000008667050000000001,6574071,2019-02-03 19:33:33,btc,0.0367822,1334.0,0.00002500,btc,730.0,0.0,0.0362237,142
0,[],22,[],2019-01-28 18:33:43,0.0,0,0,6521842,2019-01-28 18:33:43,,61.27958297,0.0,0,,815366265.8,0.0,0.0,143
1,[],21,[],2019-02-03 19:33:34,27709563.65365633,0.00000026,0.000000000009013732,6574072,2019-02-03 19:33:34,btc,51.72988534040493,3472253.28903583,0.00000026,btc,88558520.82500152,0.94438373,3.5514259163578856,145
0,[],22,[],2019-02-03 19:33:36,0.0,0,0,6574073,2019-02-03 19:33:36,,4.57529384,0.0,0,,1918760.5,0.0,0.0,146
,[],22,[],2018-11-20 23:01:11,0.0,0,0,4862114,2018-11-20 23:01:11,,2.56807021,0.0,,,61828.4988236,0.0,0.0,147
1,[],12,[],2019-02-03 19:33:38,8690717.86876234,0.000003379999999999999825872794290138045880667050369083881378173828125,0.000000000117178516,6574074,2019-02-03 19:33:38,btc,16.565867537466268,0.0,0.000003379999999999999825872794290138045880667050369083881378173828125,btc,112320.49663261,1.014e-05,0.1224672999999849,148
1,[],4,[],2019-02-03 19:33:39,309782.20111355,0.00000028,0.000000000009707096,6574075,2019-02-03 19:33:39,btc,0.6878876730596568,0.0,0.00000028,btc,502731.63828901,0.0,0.0688820162441798,152
0,[],22,[],2019-02-03 19:33:42,0.0,0,0,6574076,2019-02-03 19:33:42,,0.0,0.0,0,,0.0,0.0,0.0,152
1,[],5,[],2019-02-03 19:33:43,0.0,0,0,6574077,2019-02-03 19:33:43,btc,4.41744381,0.0,0,btc,0.00161275,0.0,0.0,153
,[],16,[],2019-01-11 15:38:59,0.0,0,0,6366141,2019-01-11 15:38:59,btc,0.0,0.0,,btc,0.0,0.0,0.0,155
0,[],23,[],2019-01-20 23:24:29,0.0,0,0,6476932,2019-01-20 23:24:29,,0.0,0.0,0,,0.0,0.0,0.0,156
0,[],22,[],2019-02-03 19:33:45,0.0,0,0,6574078,2019-02-03 19:33:45,,6.73312347,0.0,0,,4564272.742592593,0.0,0.0,156
1,[],22,[],2019-02-03 19:33:49,7906.0,0.00000801,0.000000000277692282,6574079,2019-02-03 19:33:49,BTC,43.78801181,0.0,0.00000801,BTC,1067.5805334758436,0.0,0.00743836,157
0,[],22,[],2019-02-03 19:33:53,0.0,0,0,6574080,2019-02-03 19:33:53,,50175.6753658,0.0,0,,54007107.04179466,0.0,0.0,158
,[],17,[],2018-11-20 22:56:10,0.0,0,0,4861976,2018-11-20 22:56:10,btc,1.1265625,0.0,,btc,1000.0,0.0,0.0,159
,[],20,[],2018-11-20 22:56:12,0.0,0,0,4861977,2018-11-20 22:56:12,btc,11912.7940471,0.0,,btc,34413894.3617,0.0,0.0,159
1,[],12,[],2019-02-03 19:33:54,188887.09622652,0.0000075199999999999999985189798323848009431458194740116596221923828125,0.000000000260704864,6574081,2019-02-03 19:33:54,btc,6.684526476503817,0.0,0.0000075199999999999999985189798323848009431458194740116596221923828125,btc,14594.17600617,0.00561399163528,0.08518770344498959,168
1,[],17,[],2019-02-03 19:33:56,29784.95,0.000001,0.0000000000346682,6574082,2019-02-03 19:33:56,btc,0.03026736251542,0.0,0.000001,btc,144.46171372,0.0,0.00716147,168
1,[],22,[],2019-02-03 19:34:00,3800.0,0.00000001,0.00000000000034668200000000004,6574083,2019-02-03 19:34:00,BTC,1.14964814,0.0,0.00000001,BTC,689592.4758060451,0.0,3.8e-05,169
1,[],22,[],2019-02-03 19:34:05,213512.2879032258,0.00000032,0.000000000011093824000000001,6574084,2019-02-03 19:34:05,BTC,10.323546,0.0,0.00000032,BTC,114715.82607605062,0.00430759,0.02736505,171
1,[],22,[],2019-02-03 19:34:08,449712.79047619045,0.00000021,0.000000000007280322,6574085,2019-02-03 19:34:08,BTC,2.67468987,0.0,0.00000021,BTC,232393.48635179747,0.00664435,0.03574099,173
1,[],5,[],2019-02-03 19:34:10,4.452e-05,0.00000385,0.00000000013347257,6574086,2019-02-03 19:34:10,btc,0.36128368,0.00229844,0.00000385,btc,0.00031208,0.0,0.7889565,175
1,[],22,[],2019-02-03 19:34:13,49549.25714285715,0.0000004,0.000000000013867280000000001,6574087,2019-02-03 19:34:13,BTC,0.63358303,0.0,0.0000004,BTC,155090.40184992214,0.0,0.01679357,176
1,[],7,[],2019-02-03 19:34:34,0.0,0,0,6574088,2019-02-03 19:34:34,btc,233208.5809029795,0.0,0,btc,115100187.61861145,0.0,0.0,178
0,[],22,[],2019-02-03 19:34:37,0.0,0,0,6574089,2019-02-03 19:34:37,,1.00242428,0.0,0,,57512.0,0.0,0.0,178
0,[],2,[],2019-01-20 23:28:34,0.0,0,0,6477001,2019-01-20 23:28:34,,0.0,0.0,0,,0.0,0.0,0.0,178
1,[],5,[],2019-02-03 19:34:38,3e-08,0.00000002,0.0000000000006933640000000001,6574090,2019-02-03 19:34:38,btc,17.11718521,0.01361594,0.00000002,btc,2.088e-05,0.0,1.28190598,179
1,[],22,[],2019-02-03 19:34:42,7842169.0,0.00000003,0.0000000000010400460000000001,6574091,2019-02-03 19:34:42,BTC,5.52570121,0.0,0.00000003,"BTC,LTC",18396229.401989967,4.2e-07,0.38978475,179
0,[],23,[],2019-01-20 23:25:08,0.0,0,0,6476952,2019-01-20 23:25:08,,0.0,0.0,0,,0.0,0.0,0.0,179
1,[],17,[],2019-02-03 19:34:44,10504.725,0.0000001,0.00000000000346682,6574092,2019-02-03 19:34:44,btc,5.206166879877347,0.0,0.0000001,btc,6755.0074587,0.0,0.0010504725,180
1,[],22,[],2019-02-03 19:34:48,39549.94545454546,0.00000011,0.000000000003813502000000001,6574093,2019-02-03 19:34:48,BTC,0.0962284,0.0,0.00000011,"BTC,LTC",16712.913562973266,0.00205182,0.00413695,180
1,[],26,[],2019-02-03 19:34:48,0.0,0.00000010,0.0000000000034668200000000004,6574094,2019-02-03 19:34:48,btc,0.0,100.0,0.00000010,btc,0.0,0.0,0.0,180
,[],7,[],2018-11-20 22:58:01,562227.975654,0.00000085,0.000000000036176765,4862015,2018-11-20 22:58:01,btc,21836.6059674,2491.87645172,,btc,749999.041456,0.00211021,0.127565380455,183
1,[],24,[],2019-02-03 19:34:48,0.0,0.000000000001,3.46682e-17,6574095,2019-02-03 19:34:48,btc,0.0,0.0,0.000000000001,btc,0.0,0.0,0.0,187
,[],5,[],2019-01-10 08:11:41,0.0,0,0,6347036,2019-01-10 08:11:41,btc,82.15055501,0.00261,,btc,1.19002445,0.0,0.0,187
,[],17,[],2018-11-16 20:58:10,4062536.27273,0.00000001,0.000000000000550501,4708775,2018-11-16 20:58:10,btc,3.36492563466,0.195460381006,,"btc,eth",110697919.549,0.0,0.0157628953496,187
0,[],22,[],2019-02-03 19:34:51,0.0,0,0,6574096,2019-02-03 19:34:51,,1.19382741,0.0,0,,13380.036201072173,0.0,0.0,191
0,[],22,[],2019-01-29 02:57:02,0.0,0,0,6524994,2019-01-29 02:57:02,,0.0,0.0,0,,0.0,0.0,0.0,197
1,[],26,[],2019-02-03 19:34:51,0.0,0.00000000,0,6574097,2019-02-03 19:34:51,btc,0.0,756711.0,0.00000000,btc,0.0,0.0,0.0,199
0,[],23,[],2019-01-20 23:31:41,0.0,0,0,6477079,2019-01-20 23:31:41,,0.0,0.0,0,,0.0,0.0,0.0,199
0,[],17,[],2019-01-30 16:32:01,0.0,0,0,6540827,2019-01-30 16:32:01,btc,6.802544163788159,0.0,0,btc,105897.55575295,0.0,0.0,200
0,[],2,[],2019-01-20 23:30:49,0.0,0,0,6477059,2019-01-20 23:30:49,,0.0,0.0,0,,0.0,0.0,0.0,201
1,[],4,[],2019-01-25 15:51:35,2084389.58565343,0.00000936,0.000000000333526752,6499557,2019-01-25 15:51:35,btc,2.0092503037378524,0.0,0.00000936,btc,160195.80207885,0.19272417,1.242687955921835,211
1,[],7,[],2019-02-03 19:34:54,17204465.00572182,0.000001489999999999999921986774779891771203210737439803779125213623046875,0.000000000051655618,6574098,2019-02-03 19:34:54,btc,16567795.18309172,387705.906334,0.000001489999999999999921986774779891771203210737439803779125213623046875,btc,12547795.10793424,0.0,8.8479166661052,212
1,[],5,[],2019-02-03 19:34:56,5.29e-06,0.00000035,0.00000000001213387,6574099,2019-02-03 19:34:56,btc,1.11658257,0.05334455,0.00000035,btc,3.171e-05,0.0,0.25152537,213
1,[],24,[],2019-02-03 19:34:56,0.0,0.000000050000,0.0000000000017334100000000002,6574100,2019-02-03 19:34:56,btc,0.0,0.0,0.000000050000,btc,0.0,0.0,0.0,213
1,[],26,[],2019-02-03 19:34:56,0.0,0.00000009,0.000000000003120138,6574101,2019-02-03 19:34:56,btc,0.0,0.0,0.00000009,btc,0.0,0.0,0.0,213
1,[],12,[],2019-01-25 02:44:32,207462.42853209,0.000001080000000000000035831255497387193287295303889550268650054931640625,0.000000000038610756000000006,6493050,2019-01-25 02:44:32,btc,85023.03793723314,0.0,0.000001080000000000000035831255497387193287295303889550268650054931640625,btc,43675.73520027,0.000146250909087,0.0348620860622024,213
1,[],22,[],2019-02-03 19:34:59,276400.0,0.00000002,0.0000000000006933640000000001,6574102,2019-02-03 19:34:59,BTC,70.20492877,0.0,0.00000002,BTC,291693.63137942314,0.0,0.004714,216
1,[],27,[],2019-02-03 19:35:01,5085974.0,0.0000001,0.0000000000034668200000000004,6574103,2019-02-03 19:35:01,btc,313.98413178316,0.0,0.0000001,"btc,ltc",287018.13411,0.0,0.05107350000034259,216
1,[],22,[],2019-02-03 19:35:07,244633.41803717994,0.00000235,0.00000000008147027,6574104,2019-02-03 19:35:07,BTC,12677.89641213,0.0,0.00000235,BTC,481321.85445181513,0.0156831,0.30994836,217
1,[],7,[],2019-02-03 19:35:08,0.0,0,0,6574105,2019-02-03 19:35:08,btc,77970.02600413912,0.0,0,btc,134531561.1214003,0.0,0.0,219
0,[],27,[],2019-02-03 19:35:10,0.0,0,0,6574106,2019-02-03 19:35:10,,0.0741038339680918,0.0,0,btc,1542429.2070951,0.0,0.0,219
0.0000000000000055,[],28,[],2019-02-03 19:35:17,205135012.733,6.05e-18,2.0974261000000002e-22,6574107,2019-02-03 19:35:17,doge,88554.0318717675,14291.0,0.00110000,"btc,doge",4969437.84751,0.0,3.009177320395367e-11,219
1,[],22,[],2019-02-03 19:35:21,206701.0754716981,0.00000053,0.000000000018374146000000003,6574108,2019-02-03 19:35:21,BTC,3.00140129,0.0,0.00000053,BTC,35272.55212317522,0.0,0.02224742,221
1,[],24,[],2019-02-03 19:35:21,0.0,0.000000500000,0.0000000000173341,6574109,2019-02-03 19:35:21,btc,0.0,0.0,0.000000500000,btc,0.0,0.0,0.0,221
1,[],20,[],2019-02-03 19:35:24,9504477.8917,0.000000005,0.00000000000017334100000000002,6574110,2019-02-03 19:35:24,btc,2.5475022880825,407139.205,0.000000005,btc,6813912.1281,0.003668628012,0.0151528534543,224
0,[],22,[],2019-02-03 19:35:26,0.0,0,0,6574111,2019-02-03 19:35:26,,0.0,0.0,0,,0.0,0.0,0.0,224
1,[],26,[],2019-02-03 19:35:26,0.0,0.00000022,0.000000000007627004000000001,6574112,2019-02-03 19:35:26,btc,0.0,520.0,0.00000022,btc,0.0,0.0,0.0,231
1,[],26,[],2019-02-03 19:35:26,0.0,0.00000004,0.0000000000013867280000000001,6574113,2019-02-03 19:35:26,btc,0.0,2654.0,0.00000004,btc,0.0,0.0,0.0,234
0,[],27,[],2019-02-03 19:35:28,0.0,0,0,6574114,2019-02-03 19:35:28,,0.0113483662182,0.0,0,"btc,eth",11462.99618,0.0,0.0,234
0.00000000009697020000000001,[],22,[],2019-02-03 19:35:31,4920000.0,9.697020000000001e-19,3.3617822876400007e-23,6574115,2019-02-03 19:35:31,LTC,3.69887085,0.0,0.00000001,LTC,99049053.76551227,0.0,0.0492,235
1,[],4,[],2019-02-03 19:35:32,763206.95027734,0.00000064,0.000000000022187648000000002,6574116,2019-02-03 19:35:32,btc,0.1645857320006687,0.0,0.00000064,btc,144254.81218942,0.03537499,0.1679707771978873,236
1,[],24,[],2019-02-03 19:35:32,0.0,0.000000010000,0.00000000000034668200000000004,6574117,2019-02-03 19:35:32,btc,0.0,0.0,0.000000010000,btc,0.0,0.0,0.0,236
1,[],20,[],2019-02-03 19:35:34,12792192.2733,0.000000061,0.0000000000021147602000000003,6574118,2019-02-03 19:35:34,btc,16.2571226881866,13887706.2652,0.000000061,btc,26130913.3428,0.89470177512,0.3777881839734,237
1,[],22,[],2019-02-03 19:35:37,10000.0,0.00000001,0.00000000000034668200000000004,6574119,2019-02-03 19:35:37,BTC,0.04083605,0.0,0.00000001,BTC,4179.0,0.0,0.0001,237
1,[],4,[],2019-02-03 19:35:38,3814181.21007745,0.00000035,0.00000000001213387,6574120,2019-02-03 19:35:38,btc,1.9791965281912007,0.0,0.00000035,btc,4898360.60719719,1.40285291,1.180732567851241,238
1,[],5,[],2019-02-03 19:35:39,4.63e-06,0.00000034,0.000000000011787188000000001,6574121,2019-02-03 19:35:39,btc,0.79468176,0.1038455,0.00000034,btc,3.008e-05,0.0,0.2660846,238
1,[],22,[],2019-02-03 19:35:42,233208.25,0.00000004,0.0000000000013867280000000001,6574122,2019-02-03 19:35:42,BTC,15.41670515,0.0,0.00000004,BTC,333677.7139027493,0.00090779,0.00732845,249
0.00000000009697020000000001,[],22,[],2019-02-03 19:35:45,1327637.0,3.8788080000000004e-18,1.3447129150560003e-22,6574123,2019-02-03 19:35:45,LTC,0.69591719,0.0,0.00000004,LTC,14505870.99,0.0,0.03899801,252
1,[],28,[],2019-02-03 19:35:50,2305870.428,0.00000009,0.000000000003120138,6574124,2019-02-03 19:35:50,btc,164692.27472170623,45904.9,0.00000009,btc,718339.3995,0.0,0.07815900624,256
1,[],22,[],2019-02-03 19:35:54,102436.0,0.00000006,0.0000000000020800920000000002,6574125,2019-02-03 19:35:54,BTC,35605.56385719,0.0,0.00000006,BTC,505765.34188300685,0.00080281,0.00218642,258
1,[],22,[],2019-01-26 20:58:41,368451.0,0.00000001,0.000000000000356135,6510120,2019-01-26 20:58:41,BTC,2.642917,0.0,0.00000001,"BTC,LTC",1862.0,0.0,0.02488451,259
1,[],22,[],2019-02-03 19:35:58,5834.094285714285,0.00000700,0.00000000024267740000000003,6574126,2019-02-03 19:35:58,BTC,4.70952382,0.0,0.00000700,BTC,8435.00951078709,0.01502586,5.9e-05,262
1,[],5,[],2019-02-03 19:35:59,6.875e-05,0.00000310,0.00000000010747142000000001,6574127,2019-02-03 19:35:59,btc,1.18488148,0.03911491,0.00000310,btc,0.00091408,0.0,0.21658394,264
1,[],20,[],2019-02-03 19:36:01,1175017.3254,0.00000259,0.000000000089790638,6574128,2019-02-03 19:36:01,btc,5.0090767741841,4415.7204,0.00000259,btc,96558.6279,0.019581134735,0.0341176339404,264
1,[],22,[],2019-02-03 19:36:06,135017.0,0.00000002,0.0000000000006933640000000001,6574129,2019-02-03 19:36:06,BTC,8.61565716,0.0,0.00000002,BTC,338294.0960910512,8.4e-05,0.00220271,271
0,[],22,[],2019-02-03 19:36:08,0.0,0,0,6574130,2019-02-03 19:36:08,,368.98163014,0.0,0,,14553457703.9,0.0,0.0,272
0.0000000000000055,[],28,[],2019-02-03 19:36:12,254809267288.48,8.8e-21,3.0508016000000003e-25,6574131,2019-02-03 19:36:12,doge,299139950.5982977,17256899302.6149,0.00000160,doge,169665445916.4541,0.0,9.372189834221608e-10,272
0,[],22,[],2019-02-03 19:36:16,0.0,0,0,6574132,2019-02-03 19:36:16,,0.0,0.0,0,,0.0,0.0,0.0,281
