pairValue,buyBook,exchangeId,sellBook,updated,buyTotal,satoshiPrice,usdPrice,exchangeLogId,created,bestPair,sellTotalBtc,volume,pairPrice,activePairs,sellTotal,volumeBtc,buyTotalBtc,coinId
1,[],3,[],2019-01-25 02:45:02,105.284965877448,0.0124100400000000006539568886410052073188126087188720703125,0.00000044366761702800004,6493067,2019-01-25 02:45:02,btc,106.960967338413,0.0,0.0124100400000000006539568886410052073188126087188720703125,btc,13.473598271751001,0.0,0.12891014188002073,1
1,[],4,[],2019-01-25 02:45:02,25077.40731168,0.01260676,0.000000450700494732,6493068,2019-01-25 02:45:02,btc,1.0223059318361953,0.0,0.01260676,btc,73.24202607,1.55724386,1.2291580275226743,1
1,[],5,[],2019-01-25 02:45:05,0.20728187,0.01240000,0.00000044330868000000005,6493069,2019-01-25 02:45:05,btc,14578.47484972,0.03535045,0.01240000,btc,35555556.31596014,0.0,1.27629423,1
1,[],10,[],2019-01-25 02:45:07,269387.51554919,0.01231252,0.00000044018120876400006,6493070,2019-01-25 02:45:07,btc,6366.022612021411,1441.32099638,0.01231252,btc,900.59923557,0.0,2.8216627846027915,1
1,[],12,[],2019-01-25 02:45:10,10370.89344087,0.01257999999999999916899806606807032949291169643402099609375,0.000000449743806,6493071,2019-01-25 02:45:10,btc,0.5831554337406,0.0,0.01257999999999999916899806606807032949291169643402099609375,btc,39.83092304,0.2436467961157,0.0995863562119,1
1,[],20,[],2019-01-25 02:45:12,1343.8693,0.010510001,0.00000037573989275070003,6493072,2019-01-25 02:45:12,btc,0.0746164438962,0.5,0.010510001,btc,3.5114,0.0052550005,0.0835750475751,1
0.0000000003256424,[],21,[],2019-01-25 02:45:12,2233.23373084,0.0000000001022517136,0.00000000000000365557033739952,6493073,2019-01-25 02:45:12,eth,25.27884972272724,7390.43443948,0.314000000000000001332267629550187848508358001708984375,"btc,eth",2385.1001908499998,91.89132681,24.010200850418055,1
1,[],22,[],2019-01-25 02:45:19,0.0363776,0.01400000,0.0000005005098,6493074,2019-01-25 02:45:19,BTC,0.312,0.0,0.01400000,BTC,0.031,0.0,0.00048472,1
1,[],24,[],2019-01-25 02:45:20,0.0,0.000000000000,0,6493075,2019-01-25 02:45:20,btc,0.0,0.0,0.000000000000,btc,0.0,0.0,0.0,1
1,[],25,[],2019-01-25 02:45:20,384.30606611,0.01261000,0.000000450816327,6493076,2019-01-25 02:45:20,btc,20.93049999802659,766.35391206,0.01261000,btc,1621.4496607,9.9708,4.6849999993276885,1
1,[],28,[],2019-01-25 02:45:26,987.9,0.01131000,0.000000404340417,6493077,2019-01-25 02:45:26,btc,0.162839806,32228.2,0.01131000,btc,8.9,0.0,0.024551096,1
0,[],2,[],2019-01-20 23:28:45,0.0,0,0,6477011,2019-01-20 23:28:45,,0.0,0.0,0,,0.0,0.0,0.0,1
,[],26,[],2018-11-28 08:36:25,0.0,0.02269021,0.000000905623006625,5137884,2018-11-28 08:36:25,btc,0.0,2559.40051283,,btc,0.0,0.0,0.0,1
1,[],5,[],2019-01-25 03:15:02,1.616e-05,0.00000065,0.00000000002321449,6493101,2019-01-25 03:15:02,btc,0.17200266,0.00573784,0.00000065,btc,7.411e-05,0.0,0.43776405,2
0,[],22,[],2019-01-25 03:17:03,0.0,0,0,6493102,2019-01-25 03:17:03,,0.0,0.0,0,,0.0,0.0,0.0,2
1,[],5,[],2019-01-25 03:17:35,1.42e-06,0.00000017,0.000000000006071482,6493110,2019-01-25 03:17:35,btc,3.2563721,0.03709684,0.00000017,btc,2.267e-05,0.0,2.89286777,3
1,[],12,[],2019-01-25 03:17:36,12343029.40432884,0.000000169,0.0000000000060357673999999995,6493111,2019-01-25 03:17:36,btc,921315.189547294,0.0,0.000000169,btc,7813817.0492511,0.03958980600460081,0.5356236558558144,3
0,[],28,[],2019-01-25 03:17:38,0.0,0,0,6493112,2019-01-25 03:17:38,,0.0,0.0,0,,0.0,0.0,0.0,3
0,[],2,[],2019-01-20 23:31:32,0.0,0,0,6477077,2019-01-20 23:31:32,,0.0,0.0,0,,0.0,0.0,0.0,4
1,[],4,[],2019-01-25 03:19:08,1076703.37926464,0.00000047,0.000000000016785862,6493131,2019-01-25 03:19:08,btc,0.4962352300929613,0.0,0.00000047,btc,324848.12709299,0.00215395,0.0611443158906344,4
1,[],12,[],2019-01-25 03:19:10,1222877.5219999999,0.00000003,0.000000000001071438,6493133,2019-01-25 03:19:10,btc,11013867.817925906,0.0,0.00000003,btc,969763.77092902,0.0,0.01619759044,5
0,[],2,[],2019-01-20 23:31:51,0.0,0,0,6477087,2019-01-20 23:31:51,,0.0,0.0,0,,0.0,0.0,0.0,6
1,[],11,[],2019-01-25 03:19:26,3384831.0,0.00000001,0.000000000000357146,6493138,2019-01-25 03:19:26,btc,9432.242341928404,700000.0,0.00000001,btc,40801015.65759839,0.0,0.03384831,6
1,[],3,[],2019-01-25 03:19:39,1049.631568128516,0.00015050999999999999383500093319554480331134982407093048095703125,0.000000005375404446,6493141,2019-01-25 03:19:39,btc,30.108593419388622,0.0,0.00015050999999999999383500093319554480331134982407093048095703125,btc,231.077492617847,0.0,0.027978323718350753,7
1,[],4,[],2019-01-25 03:19:40,23895.95389849,0.00016253,0.0000000058046939380000004,6493142,2019-01-25 03:19:40,btc,1.8861446484199116,0.0,0.00016253,btc,10391.34216522,1.91496223,3.496612525980407,7
1,[],5,[],2019-01-25 03:19:42,0.00531448,0.00016502,0.000000005893623292,6493143,2019-01-25 03:19:42,btc,1.26128836,0.14963017,0.00016502,btc,0.01147701,0.0,1.55972864,7
1,[],20,[],2019-01-25 03:20:04,61771509.8802,0.000000001,0.0000000000000357146,6493146,2019-01-25 03:20:04,btc,121.1922629947386,2655.758,0.000000001,btc,25493492.9975,2.655758e-06,0.0617715098802,8
0,[],2,[],2019-01-20 23:22:42,0.0,0,0,6476876,2019-01-20 23:22:42,,0.0,0.0,0,,0.0,0.0,0.0,9
0,[],23,[],2019-01-20 23:22:48,0.0,0,0,6476878,2019-01-20 23:22:48,,0.0,0.0,0,,0.0,0.0,0.0,9
1,[],1,[],2019-01-25 03:20:37,1727801.0,0.000001879999999999999999629744958096200235786454868502914905548095703125,0.000000000067143448,6493151,2019-01-25 03:20:37,btc,5.1441783569,21279977.74,0.000001879999999999999999629744958096200235786454868502914905548095703125,btc,2676664.73,39.7998903,3.2019979504,9
1,[],4,[],2019-01-25 03:20:38,973796.95357264,0.00000187,0.00000000006678630200000001,6493152,2019-01-25 03:20:38,btc,1.0678665919522634,0.0,0.00000187,btc,539437.66811232,1.40028594,0.8159752385299223,9
1,[],28,[],2019-01-25 03:20:55,34500.0,0.00000165,0.00000000005892909,6493153,2019-01-25 03:20:55,btc,2708.7525973402,5685356.0,0.00000165,btc,8331.02,0.0,0.02854,9
1,[],4,[],2019-01-25 03:21:03,5169982.84759386,0.00000002,0.000000000000714292,6493157,2019-01-25 03:21:03,btc,0.226974450067005,0.0,0.00000002,btc,4226768.55709358,0.00382046,0.0552290014518772,10
0,[],2,[],2019-01-20 23:23:08,0.0,0,0,6476890,2019-01-20 23:23:08,,0.0,0.0,0,,0.0,0.0,0.0,12
,[],25,[],2019-01-11 15:39:35,0.0,0,0,6366164,2019-01-11 15:39:35,,0.0,0.0,,btc,0.0,0.0,0.0,12
1,[],4,[],2019-01-25 03:21:28,2223335.94304693,0.00000148,0.000000000052857608,6493164,2019-01-25 03:21:28,btc,0.890723271761669,0.0,0.00000148,btc,573585.6574775,2.12250982,3.048269470243944,12
1,[],5,[],2019-01-25 03:21:29,1.264e-05,0.00000140,0.000000000050000440000000004,6493165,2019-01-25 03:21:29,btc,0.17606064,0.32508547,0.00000140,btc,0.00011247,0.0,0.08686547,12
1,[],10,[],2019-01-25 01:29:26,621513.8857467,0.00000679,0.000000000242194547,6492418,2019-01-25 01:29:26,btc,666784.43062268,5852.66881974,0.00000679,btc,830069.1112697,0.0,0.881040515756695,13
1,[],4,[],2019-01-25 02:44:05,339113.40165784,0.00000672,0.000000000240244704,6493041,2019-01-25 02:44:05,btc,0.203040063341402,0.0,0.00000672,btc,27806.25955193,0.65621867,1.588829897022226,13
1,[],21,[],2019-01-25 02:44:09,1596389.99146345,0.0000070199999999999997035075686990790444497179123573005199432373046875,0.000000000250969914,6493042,2019-01-25 02:44:09,btc,5.141845942286454,493442.12273252,0.0000070199999999999997035075686990790444497179123573005199432373046875,btc,659805.27847374,3.41363944,6.0576894204004885,13
1,[],4,[],2019-01-25 03:21:54,709970.12288708,0.00000180,0.00000000006428628,6493173,2019-01-25 03:21:54,btc,0.2523833082171457,0.0,0.00000180,btc,108902.04976304,0.14096078,0.1405636198304257,14
1,[],12,[],2019-01-25 03:21:55,87906.47933816,0.0000017799999999999998982758153687200319836847484111785888671875,0.000000000063571988,6493174,2019-01-25 03:21:55,btc,1.791856005946628,0.0,0.0000017799999999999998982758153687200319836847484111785888671875,btc,38824.52646617,0.0020002165633807,0.0203285964838332,14
0,[],17,[],2019-01-25 03:21:58,0.0,0,0,6493175,2019-01-25 03:21:58,btc,0.0,0.0,0,btc,0.0,0.0,0.0,14
1,[],26,[],2019-01-25 03:21:58,0.0,0.00000020,0.0000000000071429200000000004,6493176,2019-01-25 03:21:58,btc,0.0,0.0,0.00000020,btc,0.0,0.0,0.0,14
0,[],4,[],2019-01-25 02:45:45,0.0,0,0,6493086,2019-01-25 02:45:45,,0.0,0.0,0,,0.0,0.0,0.0,15
,[],12,[],2018-12-01 15:15:48,204241.84496,0.00000489,0.000000000202473384,5260204,2018-12-01 15:15:48,btc,49.5475654835,0.0,,btc,35763.2193806,0.0163153972027625,0.0203389899998,15
1,[],12,[],2019-01-25 02:41:01,200097.17198767,0.00001758000000000000108912011353989868212011060677468776702880859375,0.0000000006284973060000001,6492973,2019-01-25 02:41:01,btc,0.2056063460141292,0.0,0.00001758000000000000108912011353989868212011060677468776702880859375,btc,2474.37523457,0.0002923506961134,0.0158189968813057,18
0,[],17,[],2019-01-25 02:41:02,0.0,0,0,6492974,2019-01-25 02:41:02,btc,0.0,0.0,0,btc,0.0,0.0,0.0,18
0,[],2,[],2019-01-20 23:23:38,0.0,0,0,6476906,2019-01-20 23:23:38,,0.0,0.0,0,,0.0,0.0,0.0,18
1,[],4,[],2019-01-25 03:22:06,24870.60439077,0.00001746,0.000000000623576916,6493179,2019-01-25 03:22:06,btc,1.2024684697922636,0.0,0.00001746,btc,6152.21803486,0.20778456,0.0704372904603439,18
1,[],10,[],2019-01-25 03:22:08,390788.37369986,0.00001711,0.000000000611076806,6493180,2019-01-25 03:22:08,btc,15.561786627049827,339.86007481,0.00001711,btc,10801.27615485,0.0,0.1949520898689516,18
1,[],3,[],2019-01-25 02:41:51,108504.6212024857,0.0000397999999999999984107330874838481804545153863728046417236328125,0.0000000014228778600000001,6492987,2019-01-25 02:41:51,btc,1.3113376578001168,0.044938820912,0.0000397999999999999984107330874838481804545153863728046417236328125,btc,8544.562913370499,0.0,0.1066216569776092,19
1,[],4,[],2019-01-25 02:41:57,64176.6384094,0.00003956,0.0000000014142976920000001,6492988,2019-01-25 02:41:57,btc,1.8118365195127437,0.0,0.00003956,btc,38273.16452877,0.45192308,1.3494309463035292,19
1,[],5,[],2019-01-25 02:42:00,0.00029437,0.00003057,0.0000000010928988990000001,6492989,2019-01-25 02:42:00,btc,0.3095665,0.0001961,0.00003057,btc,0.00350702,0.0,0.19117301,19
1,[],12,[],2019-01-25 02:42:01,129219.36038454,0.0000368500000000000012441436769705660481122322380542755126953125,0.0000000013174132950000002,6492990,2019-01-25 02:42:01,btc,1.9920415327305008,0.0,0.0000368500000000000012441436769705660481122322380542755126953125,btc,419.49251023,0.00103111,0.037720870170299,19
0,[],27,[],2019-01-25 02:42:03,0.0,0,0,6492991,2019-01-25 02:42:03,,0.0,0.0,0,btc,0.0,0.0,0.0,19
0,[],2,[],2019-01-20 23:24:19,0.0,0,0,6476924,2019-01-20 23:24:19,,0.0,0.0,0,,0.0,0.0,0.0,19
1,[],4,[],2019-01-25 02:42:36,8373286.72369519,0.00000014,0.000000000005005098000000001,6493007,2019-01-25 02:42:36,btc,0.7673269516373094,0.0,0.00000014,btc,1496401.4574161,0.01228151,0.3857931776539617,20
1,[],4,[],2019-01-25 02:43:00,125583903.99801596,0.00000002,0.0000000000007150140000000001,6493013,2019-01-25 02:43:00,btc,0.8270067017011133,0.0,0.00000002,btc,20041613.90607081,0.00144108,1.5585207740101596,21
1,[],12,[],2019-01-25 02:43:01,20531803.0,0.00000002,0.0000000000007150140000000001,6493014,2019-01-25 02:43:01,btc,668.0244985289522,0.0,0.00000002,btc,7914653.8441585805,9.42e-06,0.28357307,21
0,[],17,[],2019-01-25 02:43:03,0.0,0,0,6493015,2019-01-25 02:43:03,btc,0.0,0.0,0,btc,0.0,0.0,0.0,21
1,[],12,[],2019-01-25 02:43:19,4653631723.531896,0.0000000001,0.000000000000003575070000000001,6493023,2019-01-25 02:43:19,btc,621663603090.3851,0.0,0.0000000001,btc,6398738058.233997,0.00279609482407592,0.4653631723531896,23
0,[],27,[],2019-01-25 02:43:24,0.0,0,0,6493024,2019-01-25 02:43:24,,0.424699,0.0,0,eth,424699.0,0.0,0.0,23
,[],25,[],2019-01-11 15:42:09,0.0,0,0,6366241,2019-01-11 15:42:09,,0.0,0.0,,btc,0.0,0.0,0.0,24
1,[],4,[],2019-01-25 02:43:34,2228320.63061753,0.00000086,0.000000000030745602000000005,6493026,2019-01-25 02:43:34,btc,0.1206166635785535,0.0,0.00000086,btc,87535.52030684,0.00569651,0.4385070809018799,24
1,[],22,[],2019-01-25 02:43:37,11.76,0.00000100,0.0000000000357507,6493027,2019-01-25 02:43:37,BTC,7.415e-05,0.0,0.00000100,BTC,23.919354838709676,0.0,1.176e-05,24
1,[],4,[],2019-01-25 02:43:53,29629014.70592897,0.00000732,0.00000000026169512400000004,6493034,2019-01-25 02:43:53,btc,0.4644166076252593,0.0,0.00000732,btc,34168.25890138,0.12639336,0.5263580622205374,26
1,[],10,[],2019-01-25 02:43:55,729400.42514314,0.00000769,0.000000000274922883,6493035,2019-01-25 02:43:55,btc,27.9742333547102,0.0,0.00000769,btc,12525.42087038,0.0,0.2074630259438005,26
0,[],2,[],2019-01-20 23:25:56,0.0,0,0,6476976,2019-01-20 23:25:56,,0.0,0.0,0,,0.0,0.0,0.0,26
1,[],3,[],2019-01-25 02:43:55,7640501.32908122,0.00000001,0.00000000000035750700000000004,6493036,2019-01-25 02:43:55,btc,3.0964764075899947,48250.0,0.00000001,btc,17804717.53320259,0.0,0.0764050132908122,27
1,[],5,[],2019-01-25 02:43:58,1e-08,0.00000001,0.00000000000035750700000000004,6493037,2019-01-25 02:43:58,btc,2.61407479,0.00054715,0.00000001,btc,4.13e-05,0.0,0.01079358,27
1,[],11,[],2019-01-25 02:44:00,10597882.41182718,0.00000005,0.000000000001787535,6493038,2019-01-25 02:44:00,btc,370.53275036350783,1000.0,0.00000005,btc,8220964.80991447,0.0,0.4932896594767663,27
1,[],4,[],2019-01-25 02:44:04,283250635.54643774,0.00000004,0.0000000000014300280000000002,6493039,2019-01-25 02:44:04,btc,2.92112265352908,0.0,0.00000004,"btc,ltc",105530148.46125017,1.59489448,3.7678936866619606,29
1,[],7,[],2019-01-25 02:44:05,35676883.20116744,0.00000003,0.000000000001072521,6493040,2019-01-25 02:44:05,btc,44465218.11597789,574377.917144,0.00000003,btc,38959453.77797532,0.0,0.6467378436510599,29
1,[],4,[],2019-01-25 02:44:49,1456545.66683402,0.00000040,0.000000000014300280000000002,6493057,2019-01-25 02:44:49,btc,0.3618698656463536,0.0,0.00000040,btc,518742.80589792,0.00401918,0.0714658418971659,30
0,[],17,[],2019-01-25 02:44:51,0.0,0,0,6493058,2019-01-25 02:44:51,btc,0.0,0.0,0,btc,0.0,0.0,0.0,30
1,[],4,[],2019-01-25 02:44:59,33713.78437579,0.00009413,0.0000000033652133910000004,6493064,2019-01-25 02:44:59,btc,1.536502925841839,0.0,0.00009413,btc,14361.29923387,1.09817368,2.4168793729227143,31
1,[],21,[],2019-01-25 02:45:00,56524.26804258,0.00009500000000000000523019128007007338965195231139659881591796875,0.0000000033963165000000002,6493065,2019-01-25 02:45:00,btc,11.244321005067595,330167.04160222,0.00009500000000000000523019128007007338965195231139659881591796875,btc,108753.60765578,31.89908343,5.079474850147782,31
0,[],2,[],2019-01-20 23:28:43,0.0,0,0,6477009,2019-01-20 23:28:43,,0.0,0.0,0,,0.0,0.0,0.0,32
1,[],4,[],2019-01-25 02:45:46,123903288.092934,0.00000005,0.0000000000017875350000000002,6493087,2019-01-25 02:45:46,btc,1.0185947743006005,0.0,0.00000005,"btc,ltc",21353131.30708703,0.97209513,2.064587683671263,33
1,[],12,[],2019-01-25 02:45:47,23464063.0,0.00000006,0.000000000002145042,6493088,2019-01-25 02:45:47,btc,17261786.897517677,0.0,0.00000006,btc,87747561.05094895,0.0035389510489501,0.94008739,33
1,[],4,[],2019-01-25 02:45:48,120328896.96236458,0.00000002,0.0000000000007150140000000001,6493089,2019-01-25 02:45:48,btc,0.7774979343830004,0.0,0.00000002,btc,25620632.54161682,0.01822601,1.206770821963646,34
1,[],5,[],2019-01-25 02:45:50,3e-08,0.00000002,0.0000000000007150140000000001,6493090,2019-01-25 02:45:50,btc,3.13283388,0.00422756,0.00000002,btc,1.394e-05,0.0,0.78204295,34
0.0000000000918119,[],4,[],2019-01-25 02:42:29,3055125229.2812433,3.6724760000000005e-18,1.3129358773320001e-22,6493003,2019-01-25 02:42:29,ltc,3.933068044776659e-09,0.0,0.00000004,ltc,766021681.6853979,0.0,7.255232138237503e-09,36
1,[],5,[],2019-01-25 02:42:30,0.0,0,0,6493004,2019-01-25 02:42:30,btc,202.44829001,0.0,0,btc,1.295e-05,0.0,0.0,36
0,[],17,[],2019-01-25 02:42:33,0.0,0,0,6493005,2019-01-25 02:42:33,btc,0.08200904497010467,0.0,0,btc,5842697.91583647,0.0,0.0,36
0.0000000000918119,[],27,[],2019-01-25 02:42:35,1000000.0,9.181190000000001e-19,3.2823396933300003e-23,6493006,2019-01-25 02:42:35,ltc,448.55669329,0.0,0.00000001,"ltc,eth",3581972.58,0.0,9.181190000000002e-13,36
1,[],4,[],2019-01-25 02:42:20,415532.94296315,0.00000146,0.000000000052196022,6492998,2019-01-25 02:42:20,btc,0.4424645623039848,0.0,0.00000146,btc,232881.82734318,0.00065217,0.3577968130267307,37
1,[],12,[],2019-01-25 02:42:22,555587.92926208,0.000001430000000000000072932653839841155019030338735319674015045166015625,0.000000000051123501000000005,6492999,2019-01-25 02:42:22,btc,1330.9030252957486,0.0,0.000001430000000000000072932653839841155019030338735319674015045166015625,btc,755942.09726493,0.0831250208345225,0.429224225333324,37
1,[],17,[],2019-01-25 02:42:23,1752.74075282,0.00000025,0.000000000008937675,6493000,2019-01-25 02:42:23,btc,0.05548731397465725,0.0,0.00000025,btc,1388.79251806,0.0,0.00043818518820499993,37
0,[],27,[],2019-01-25 02:42:25,0.0,0,0,6493001,2019-01-25 02:42:25,,22.368038083756,0.0,0,btc,2948.3724,0.0,0.0,37
1,[],5,[],2019-01-25 03:17:53,1.386e-05,0.00000120,0.000000000042857520000000004,6493117,2019-01-25 03:17:53,btc,0.11429732,0.06670607,0.00000120,btc,0.00011349,0.0,0.03703274,42
1,[],12,[],2019-01-25 03:17:54,90450.86928104,0.00000119000000000000004144145963891343598106686840765178203582763671875,0.000000000042500374000000005,6493118,2019-01-25 03:17:54,btc,108.88259936135154,0.0,0.00000119000000000000004144145963891343598106686840765178203582763671875,btc,64756.77772854,0.0660900965639026,0.034493519999993595,42
0,[],27,[],2019-01-25 03:17:56,0.0,0,0,6493119,2019-01-25 03:17:56,,0.00315028,0.0,0,"btc,eth",11.007,0.0,0.0,42
1,[],5,[],2019-01-25 03:20:23,6e-08,0.00000003,0.000000000001071438,6493148,2019-01-25 03:20:23,btc,5.9694593,0.00023998,0.00000003,btc,1.425e-05,0.0,0.56476423,43
1,[],12,[],2019-01-25 03:20:34,8221012.0,0.00000002,0.000000000000714292,6493149,2019-01-25 03:20:34,btc,20007433.29306937,0.0,0.00000002,btc,39327451.36903097,1.8004195802e-06,0.08221016,43
0,[],17,[],2019-01-25 03:20:35,0.0,0,0,6493150,2019-01-25 03:20:35,btc,0.0,0.0,0,btc,0.0,0.0,0.0,43
1,[],12,[],2019-01-25 03:18:22,768632.0,0.00000007,0.0000000000025000220000000004,6493124,2019-01-25 03:18:22,btc,11114761.212595066,0.0,0.00000007,btc,956310.37320198,0.00094654,0.02085755,44
1,[],4,[],2019-01-25 03:17:42,238126344.8532077,0.00000003,0.000000000001071438,6493114,2019-01-25 03:17:42,btc,0.22186306682119133,0.0,0.00000003,"btc,ltc",6453916.19360441,0.0009978,0.6148508704164126,49
0.0000000000918119,[],4,[],2019-01-25 02:44:47,4408984887.533589,1.8362380000000002e-18,6.564679386660001e-23,6493055,2019-01-25 02:44:47,ltc,5.0441166881104165,0.0,0.00000002,ltc,1636480046.8110626,0.0,5.294933875625723e-09,52
0,[],22,[],2019-01-25 02:44:11,0.0,0,0,6493043,2019-01-25 02:44:11,,3707.86805881,0.0,0,,260158806.40932402,0.0,0.0,57
0,[],27,[],2019-01-25 02:44:14,0.0,0,0,6493044,2019-01-25 02:44:14,,0.0,0.0,0,"btc,eth",0.0,0.0,0.0,57
0.0000000000915763,[],4,[],2019-01-25 03:17:10,1506510474.4378786,5.494578e-18,1.962366554388e-22,6493106,2019-01-25 03:17:10,ltc,3.4365870105115355,0.0,0.00000006,ltc,900311400.6252103,0.00998011,6.4864386533312575e-09,58
1,[],12,[],2019-01-25 03:17:13,2791511288.327952,0.0000000006,0.00000000000002142876,6493107,2019-01-25 03:17:13,btc,123038816431.36623,0.0,0.0000000006,btc,3068045064.380719,0.0562735875514486,1.1239405627915362,58
0,[],17,[],2019-01-25 03:17:15,0.0,0,0,6493108,2019-01-25 03:17:15,btc,1e+24,0.0,0,btc,41616695.958325684,0.0,0.0,58
0.0000000001250284,[],22,[],2019-01-25 03:17:32,137438.0,1.250284e-18,4.46533929464e-23,6493109,2019-01-25 03:17:32,XMR,69.8835922,0.0,0.00000001,XMR,9887963.0,0.0,0.00137438,58
1,[],5,[],2019-01-25 02:43:05,4.62e-06,0.00000060,0.00000000002145042,6493017,2019-01-25 02:43:05,btc,0.47325881,0.07686759,0.00000060,btc,0.0001503,0.0,0.09034013,61
1,[],22,[],2019-01-25 02:43:10,5111.5,0.00000011,0.000000000003932577,6493018,2019-01-25 02:43:10,BTC,1002.29606732,0.0,0.00000011,BTC,15028.700278135757,0.0,0.00051178,61
1,[],26,[],2019-01-25 02:43:10,0.0,0.00000800,0.0000000002860056,6493019,2019-01-25 02:43:10,btc,0.0,0.0,0.00000800,btc,0.0,0.0,0.0,61
0,[],27,[],2019-01-25 02:43:12,0.0,0,0,6493020,2019-01-25 02:43:12,,0.0,0.0,0,"btc,eth",0.0,0.0,0.0,61
1,[],28,[],2019-01-25 02:43:14,1880.304,0.00000022,0.000000000007865154,6493021,2019-01-25 02:43:14,btc,2.065678837430106,1192.0,0.00000022,btc,11618.08240005,0.0,0.00016391304,61
,[],25,[],2019-01-11 15:43:02,0.0,0,0,6366273,2019-01-11 15:43:02,,0.0,0.0,,btc,0.0,0.0,0.0,67
1,[],4,[],2019-01-25 02:44:35,1555709.13812074,0.00000141,0.000000000050408487,6493053,2019-01-25 02:44:35,btc,0.4700244233160385,0.0,0.00000141,btc,161433.39150837,0.09332074,1.2890043471294226,67
1,[],12,[],2019-01-25 03:22:45,2711491.0,0.00000009,0.000000000003214314,6493193,2019-01-25 03:22:45,btc,16893764.158877384,0.0,0.00000009,btc,2313081.06153842,0.0183960478921087,0.06775579,71
,[],5,[],2018-11-20 23:02:39,1.5e-07,0.00000005,0.000000000002128045,4862160,2018-11-20 23:02:39,btc,2.84511358,0.0,,btc,0.00036572,0.0,0.07381892,74
1,[],5,[],2019-01-25 03:19:13,3.303e-05,0.00000156,0.000000000055714776000000005,6493134,2019-01-25 03:19:13,btc,1.42980382,0.0,0.00000156,btc,0.00015937,0.0,0.49487621,75
1,[],4,[],2019-01-25 03:21:47,64411459.98469478,0.00000001,0.000000000000357146,6493168,2019-01-25 03:21:47,btc,0.7468077492509007,0.0,0.00000001,btc,13906829.86456505,0.0,0.6441145998469479,81
0,[],20,[],2019-01-25 03:21:49,0.0,0,0,6493169,2019-01-25 03:21:49,btc,0.0,0.0,0,btc,0.0,0.0,0.0,81
1,[],4,[],2019-01-25 03:14:30,24513.59147979,0.00007650,0.0000000027321669,6493094,2019-01-25 03:14:30,btc,1.2063436070852525,0.0,0.00007650,btc,10593.46347094,0.02556138,0.1445511968663428,82
1,[],21,[],2019-01-25 03:14:32,389273.16721342,0.000081019999999999993390252528424611000446020625531673431396484375,0.000000002893596892,6493095,2019-01-25 03:14:32,btc,2.7749566373731205,13764.68718777,0.000081019999999999993390252528424611000446020625531673431396484375,btc,29829.70052957,1.11933835,4.830857009890307,82
0,[],17,[],2019-01-25 03:22:03,0.0,0,0,6493178,2019-01-25 03:22:03,btc,0.0447233088476774,0.0,0,btc,999127.19588126,0.0,0.0,84
0.0000000000918119,[],4,[],2019-01-25 02:43:47,466025658.93638647,1.1935547000000001e-17,4.267041601329e-22,6493031,2019-01-25 02:43:47,ltc,0.19754182493558017,0.0,0.00000013,ltc,69516498.00337301,0.0,1.5803297332712868e-09,85
,[],22,[],2018-11-20 23:09:34,3408.1,0.0000001,0.0000000000041895,4862324,2018-11-20 23:09:34,BTC,0.04624735,0.0,,BTC,4990.0,0.0,0.00033081,86
0,[],22,[],2019-01-25 02:43:50,0.0,0,0,6493032,2019-01-25 02:43:50,,2.07810912,0.0,0,,154826.94736842104,0.0,0.0,87
0,[],27,[],2019-01-25 02:43:52,0.0,0,0,6493033,2019-01-25 02:43:52,,0.0,0.0,0,btc,0.0,0.0,0.0,87
,[],2,[],2018-11-20 23:10:47,0.0,0,0,4862359,2018-11-20 23:10:47,,0.0,0.0,,,0.0,0.0,0.0,88
1,[],11,[],2019-01-25 03:17:09,102472.93990095,0.0002120000000000000031120939159023919273749925196170806884765625,0.000000007571495200000001,6493105,2019-01-25 03:17:09,btc,234.7694352107933,206.10662385,0.0002120000000000000031120939159023919273749925196170806884765625,btc,181245.84508162,0.0,8.207756904586265,89
0,[],2,[],2019-01-20 23:31:45,0.0,0,0,6477083,2019-01-20 23:31:45,,0.0,0.0,0,,0.0,0.0,0.0,91
1,[],12,[],2019-01-25 03:19:14,270895.61539376,0.00000137999999999999991637657063836552850943917292170226573944091796875,0.000000000049286148,6493135,2019-01-25 03:19:14,btc,1.1684435222118905,0.0,0.00000137999999999999991637657063836552850943917292170226573944091796875,btc,20467.54338495,0.0162950276885215,0.0892208939999253,91
0,[],17,[],2019-01-25 03:19:18,0.0,0,0,6493136,2019-01-25 03:19:18,btc,0.0,0.0,0,btc,0.0,0.0,0.0,91
0.0000000000918119,[],22,[],2019-01-25 02:42:41,48311955.0,5.508714000000001e-18,1.9694038159980003e-22,6493008,2019-01-25 02:42:41,LTC,8.00458711,0.0,0.00000006,LTC,71617635.1,0.0,1.45775865,95
1,[],4,[],2019-01-25 03:21:50,133805962.34381406,0.00000001,0.000000000000357146,6493170,2019-01-25 03:21:50,btc,1.410229837851192,0.0,0.00000001,"btc,ltc",68903905.19642787,0.00293748,0.007142856461828755,96
1,[],12,[],2019-01-25 03:21:52,1204674.0,0.00000001,0.000000000000357146,6493171,2019-01-25 03:21:52,btc,255059.26358968028,0.0,0.00000001,btc,7846614.56674301,7.717e-05,0.01204674,96
0,[],17,[],2019-01-25 03:21:53,0.0,0,0,6493172,2019-01-25 03:21:53,btc,0.0,0.0,0,btc,0.0,0.0,0.0,96
1,[],4,[],2019-01-25 02:43:03,1521943.36895972,0.00000040,0.000000000014300280000000002,6493016,2019-01-25 02:43:03,btc,0.2036868247556473,0.0,0.00000040,btc,347671.73702559,0.00993546,0.1523005975561429,99
1,[],4,[],2019-01-25 03:22:30,123947.55109731,0.00004150,0.0000000014821559000000001,6493186,2019-01-25 03:22:30,btc,1.131955030538883,0.0,0.00004150,btc,23291.40763474,1.42035249,2.64941358103963,100
0,[],2,[],2019-01-20 23:23:55,0.0,0,0,6476914,2019-01-20 23:23:55,,0.0,0.0,0,,0.0,0.0,0.0,100
1,[],22,[],2019-01-25 03:22:29,50000.0,0.00000001,0.000000000000357146,6493184,2019-01-25 03:22:29,BTC,23.49896609,0.0,0.00000001,BTC,10277.22,0.0,0.0005,101
1,[],4,[],2019-01-25 02:45:27,99326.10154239,0.00000097,0.000000000034678179000000005,6493078,2019-01-25 02:45:27,btc,0.402107304279585,0.0,0.00000097,btc,147094.95044349,0.02587933,0.0498263764096123,103
1,[],12,[],2019-01-25 03:17:04,114180461.0,0.000000016,0.0000000000005714336000000001,6493103,2019-01-25 03:17:04,btc,9137279092.335619,0.0,0.000000016,btc,145843960.4435531,0.15480148628973775,0.832123724,105
1,[],27,[],2019-01-25 03:17:07,248657.4655605,0.00000004,0.000000000001428584,6493104,2019-01-25 03:17:07,btc,0.450488363917658,171235.7794395,0.00000004,btc,131264.1788878,3.42471559,0.004388173966815,105
0,[],22,[],2019-01-25 02:42:48,0.0,0,0,6493009,2019-01-25 02:42:48,,1.07253299,0.0,0,,94300.0,0.0,0.0,107
1,[],26,[],2019-01-25 02:42:48,0.0,0.00000000,0,6493010,2019-01-25 02:42:48,btc,0.0,0.0,0.00000000,btc,0.0,0.0,0.0,107
1,[],5,[],2019-01-25 02:42:09,3e-08,0.00000002,0.0000000000007150140000000001,6492994,2019-01-25 02:42:09,btc,5.96633991,0.08461257,0.00000002,btc,1.589e-05,0.0,0.06945642,112
1,[],22,[],2019-01-25 02:42:12,41952.0,0.00000001,0.00000000000035750700000000004,6492995,2019-01-25 02:42:12,BTC,2.84132969,0.0,0.00000001,BTC,963293.5833333334,0.0,0.00041952,112
0,[],27,[],2019-01-25 02:42:16,0.0,0,0,6492996,2019-01-25 02:42:16,,1.25356065,0.0,0,"btc,eth",1328.0,0.0,0.0,112
1,[],4,[],2019-01-25 03:17:44,453839.26365902,0.00000434,0.000000000155001364,6493115,2019-01-25 03:17:44,btc,0.4192112739607339,0.0,0.00000434,btc,69069.62502348,0.08080751,0.4399217748615416,113
1,[],5,[],2019-01-25 03:17:46,2.914e-05,0.00000413,0.000000000147501298,6493116,2019-01-25 03:17:46,btc,2.32026694,0.02753563,0.00000413,btc,0.00347212,0.0,0.2442114,113
1,[],17,[],2019-01-25 03:21:25,233369.0,0.00000004,0.000000000001428584,6493162,2019-01-25 03:21:25,btc,1.3376290575994216,0.0,0.00000004,btc,72546.975,0.0,0.00543476,116
0,[],27,[],2019-01-25 03:21:27,0.0,0,0,6493163,2019-01-25 03:21:27,,0.0,0.0,0,btc,0.0,0.0,0.0,116
1,[],4,[],2019-01-25 03:21:00,112899.18583287,0.00002566,0.000000000916436636,6493155,2019-01-25 03:21:00,btc,0.532237351420372,0.0,0.00002566,btc,17005.85860771,6.2004185,1.6135882661804457,120
1,[],7,[],2019-01-25 03:21:02,4175.21546593,0.00001790999999999999962364306826945181683186092413961887359619140625,0.000000000639648486,6493156,2019-01-25 03:21:02,btc,103.08479220963515,2692.49995795,0.00001790999999999999962364306826945181683186092413961887359619140625,btc,26326.02205978,0.08009401,0.0432563165264202,120
1,[],20,[],2019-01-25 03:21:24,1211987.8588,0.000000013,0.0000000000004642898,6493161,2019-01-25 03:21:24,btc,31.4062582131966,3779.7,0.000000013,btc,1099250.6558,4.91361e-05,0.0067998317606,125
1,[],22,[],2019-01-25 03:18:15,3053.0,0.00000001,0.000000000000357146,6493123,2019-01-25 03:18:15,BTC,0.01415863,0.0,0.00000001,BTC,293039.4,0.0,3.053e-05,126
1,[],4,[],2019-01-25 02:43:44,314100.05171687,0.00001511,0.000000000540193077,6493028,2019-01-25 02:43:44,btc,0.6054750460143982,0.0,0.00001511,btc,31412.99562833,0.3466519,0.3433131006259482,131
0,[],17,[],2019-01-25 02:43:45,0.0,0,0,6493029,2019-01-25 02:43:45,btc,0.0008451375975800001,0.0,0,btc,30.89614684,0.0,0.0,131
0,[],2,[],2019-01-20 23:25:46,0.0,0,0,6476969,2019-01-20 23:25:46,,0.0,0.0,0,,0.0,0.0,0.0,131
1,[],4,[],2019-01-25 02:45:01,6060.87578423,0.00019750,0.00000000706076325,6493066,2019-01-25 02:45:01,btc,1.6269232683341472,0.0,0.00019750,btc,206.10257325,0.0,0.0102451860124882,135
1,[],3,[],2019-01-25 03:23:15,930471.41685175,0.00000006,0.000000000002142876,6493200,2019-01-25 03:23:15,btc,0.2795381063181497,609817.090617,0.00000006,btc,1134346.59190917,0.0,0.0327696315037013,136
1,[],4,[],2019-01-25 03:14:51,113212.70918712,0.00000188,0.000000000067143448,6493099,2019-01-25 03:14:51,btc,0.7787778942000899,0.0,0.00000188,btc,257108.76881576,0.07254683,0.1498136414812422,137
1,[],12,[],2019-01-25 03:14:52,305073.75324676,0.000001870000000000000095373470405946125794116596807725727558135986328125,0.00000000006678630200000001,6493100,2019-01-25 03:14:52,btc,11798.819513097662,0.0,0.000001870000000000000095373470405946125794116596807725727558135986328125,btc,131496.25674122,0.046190786015097,0.0338053900000104,137
,[],25,[],2019-01-11 15:38:27,0.0,0,0,6366122,2019-01-11 15:38:27,,0.0,0.0,,btc,0.0,0.0,0.0,142
1,[],5,[],2019-01-25 03:18:35,0.00102199,0.00003119,0.000000001113938374,6493126,2019-01-25 03:18:35,btc,5.44835835,1.34170658,0.00003119,btc,0.00200878,0.0,2.03764102,142
1,[],17,[],2019-01-25 03:18:36,12500.0,0.0000001,0.00000000000357146,6493127,2019-01-25 03:18:36,btc,0.5782815519423755,0.0,0.0000001,btc,4834.207754,0.0,0.00125,142
1,[],20,[],2019-01-25 03:18:44,148268.8962,0.00002511,0.000000000896793606,6493128,2019-01-25 03:18:44,btc,2.5058634351752,8.5809,0.00002511,btc,5123.3293,0.0002917506,0.0811377525098,142
1,[],22,[],2019-01-25 03:18:49,990.0,0.00001880,0.00000000067143448,6493129,2019-01-25 03:18:49,BTC,0.00152287,0.0,0.00001880,BTC,15.055608820709493,0.0,0.00022106,142
1,[],28,[],2019-01-25 03:18:51,78430.0,0.00002000,0.000000000714292,6493130,2019-01-25 03:18:51,btc,0.052664499742,90078.0,0.00002000,btc,1386.7223,0.0,0.0242247,142
0,[],22,[],2019-01-25 02:44:45,0.0,0,0,6493054,2019-01-25 02:44:45,,58.83330297,0.0,0,,697563265.8,0.0,0.0,143
1,[],21,[],2019-01-25 02:44:58,52637179.74848036,0.00000031,0.000000000011082717,6493063,2019-01-25 02:44:58,btc,37.75318606404008,13456826.81831348,0.00000031,btc,70493470.46459723,4.18261681,10.333056700989658,145
0,[],22,[],2019-01-25 03:19:44,0.0,0,0,6493144,2019-01-25 03:19:44,,4.31668284,0.0,0,,1427838.5,0.0,0.0,146
,[],22,[],2018-11-20 23:01:11,0.0,0,0,4862114,2018-11-20 23:01:11,,2.56807021,0.0,,,61828.4988236,0.0,0.0,147
1,[],12,[],2019-01-25 02:44:48,8706712.62204097,0.000004109999999999999612844414631496192669146694242954254150390625,0.000000000146935377,6493056,2019-01-25 02:44:48,btc,17.069809657924246,0.0,0.000004109999999999999612844414631496192669146694242954254150390625,btc,110499.72407238,0.0144095593192329,0.1246417163610451,148
1,[],4,[],2019-01-25 02:45:34,114030.95121571,0.00000037,0.000000000013227759000000001,6493082,2019-01-25 02:45:34,btc,0.6905752996753739,0.0,0.00000037,btc,513873.1719915,0.00198802,0.0319941121732842,152
0,[],22,[],2019-01-25 02:45:44,0.0,0,0,6493083,2019-01-25 02:45:44,,0.0,0.0,0,,0.0,0.0,0.0,152
1,[],5,[],2019-01-25 03:23:34,0.0,0,0,6493205,2019-01-25 03:23:34,btc,4.32752783,0.0,0,btc,0.00161275,0.0,0.0,153
,[],16,[],2019-01-11 15:38:59,0.0,0,0,6366141,2019-01-11 15:38:59,btc,0.0,0.0,,btc,0.0,0.0,0.0,155
0,[],22,[],2019-01-25 03:23:21,0.0,0,0,6493201,2019-01-25 03:23:21,,6.78848922,0.0,0,,4237721.742592593,0.0,0.0,156
0,[],23,[],2019-01-20 23:24:29,0.0,0,0,6476932,2019-01-20 23:24:29,,0.0,0.0,0,,0.0,0.0,0.0,156
1,[],22,[],2019-01-25 02:43:18,7906.0,0.00000801,0.000000000286363107,6493022,2019-01-25 02:43:18,BTC,43.81543407,0.0,0.00000801,BTC,1572.3690079421112,0.0,0.00743836,157
0,[],22,[],2019-01-25 03:20:59,0.0,0,0,6493154,2019-01-25 03:20:59,,50175.67300261,0.0,0,,53770788.04179466,0.0,0.0,158
,[],17,[],2018-11-20 22:56:10,0.0,0,0,4861976,2018-11-20 22:56:10,btc,1.1265625,0.0,,btc,1000.0,0.0,0.0,159
,[],20,[],2018-11-20 22:56:12,0.0,0,0,4861977,2018-11-20 22:56:12,btc,11912.7940471,0.0,,btc,34413894.3617,0.0,0.0,159
1,[],12,[],2019-01-25 03:22:35,184747.25529874,0.000009929999999999999794170722766661896230289130471646785736083984375,0.000000000354645978,6493189,2019-01-25 03:22:35,btc,6.652252335413966,0.0,0.000009929999999999999794170722766661896230289130471646785736083984375,btc,13918.21908934,0.0097659929659976,0.10131066759994539,168
1,[],17,[],2019-01-25 03:22:37,29784.95,0.000001,0.0000000000357146,6493190,2019-01-25 03:22:37,btc,0.0353989844335,0.0,0.000001,btc,196.82520268,0.0,0.00716147,168
1,[],22,[],2019-01-25 03:22:16,1433457.0,0.00000001,0.000000000000357146,6493183,2019-01-25 03:22:16,BTC,1.13392792,0.0,0.00000001,BTC,692360.5537281231,0.0,0.01433457,169
1,[],22,[],2019-01-25 03:19:51,58391.5,0.00000024,0.000000000008571504,6493145,2019-01-25 03:19:51,BTC,2.46135057,0.0,0.00000024,BTC,65949.88140522876,0.00085081,0.0067765,171
1,[],22,[],2019-01-25 03:22:41,78120.4,0.00000016,0.000000000005714336,6493191,2019-01-25 03:22:41,BTC,2.84218992,0.0,0.00000016,BTC,233866.98289272102,0.00358238,0.00405366,173
1,[],5,[],2019-01-25 03:22:48,7.892e-05,0.00000515,0.00000000018393019,6493194,2019-01-25 03:22:48,btc,0.44024245,0.16889879,0.00000515,btc,0.00039628,0.0,0.84838135,175
1,[],22,[],2019-01-25 03:18:29,50820.0,0.00000100,0.0000000000357146,6493125,2019-01-25 03:18:29,BTC,0.56727958,0.0,0.00000100,BTC,114532.09283098554,0.00559441,0.03604448,176
1,[],7,[],2019-01-25 02:44:52,0.0,0,0,6493059,2019-01-25 02:44:52,btc,10931.193526931043,12818.0,0,btc,124614895.89995943,0.00012818,0.0,178
0,[],22,[],2019-01-25 02:44:54,0.0,0,0,6493060,2019-01-25 02:44:54,,1.00242428,0.0,0,,57512.0,0.0,0.0,178
0,[],2,[],2019-01-20 23:28:34,0.0,0,0,6477001,2019-01-20 23:28:34,,0.0,0.0,0,,0.0,0.0,0.0,178
1,[],5,[],2019-01-25 02:42:55,6e-08,0.00000003,0.0000000000010725210000000001,6493011,2019-01-25 02:42:55,btc,15.29371058,0.17139399,0.00000003,btc,2.255e-05,0.0,1.90162988,179
1,[],22,[],2019-01-25 02:42:59,9167123.0,0.00000002,0.0000000000007150140000000001,6493012,2019-01-25 02:42:59,BTC,5.5192945,0.0,0.00000002,"BTC,LTC",17420674.451989967,0.00201679,0.40081044,179
0,[],23,[],2019-01-20 23:25:08,0.0,0,0,6476952,2019-01-20 23:25:08,,0.0,0.0,0,,0.0,0.0,0.0,179
1,[],17,[],2019-01-25 03:14:33,10504.725,0.0000001,0.00000000000357146,6493096,2019-01-25 03:14:33,btc,5.207116757528527,0.0,0.0000001,btc,7944.1527587,0.0,0.0010504725,180
1,[],22,[],2019-01-25 03:14:40,1468.0,0.00000031,0.000000000011071526,6493097,2019-01-25 03:14:40,BTC,0.22768944,0.0,0.00000031,"BTC,LTC",26798.816254853482,0.0,0.00040342,180
1,[],26,[],2019-01-25 03:14:50,0.0,0.00000010,0.0000000000035714600000000002,6493098,2019-01-25 03:14:50,btc,0.0,3351.5614,0.00000010,btc,0.0,0.0,0.0,180
,[],7,[],2018-11-20 22:58:01,562227.975654,0.00000085,0.000000000036176765,4862015,2018-11-20 22:58:01,btc,21836.6059674,2491.87645172,,btc,749999.041456,0.00211021,0.127565380455,183
1,[],24,[],2019-01-25 03:22:29,0.0,0.000000000001,3.57146e-17,6493185,2019-01-25 03:22:29,btc,0.0,0.0,0.000000000001,btc,0.0,0.0,0.0,187
,[],5,[],2019-01-10 08:11:41,0.0,0,0,6347036,2019-01-10 08:11:41,btc,82.15055501,0.00261,,btc,1.19002445,0.0,0.0,187
,[],17,[],2018-11-16 20:58:10,4062536.27273,0.00000001,0.000000000000550501,4708775,2018-11-16 20:58:10,btc,3.36492563466,0.195460381006,,"btc,eth",110697919.549,0.0,0.0157628953496,187
0,[],22,[],2019-01-25 02:45:57,0.0,0,0,6493091,2019-01-25 02:45:57,,1.19413437,0.0,0,,14499.956201072173,0.0,0.0,191
0,[],22,[],2019-01-25 02:43:33,0.0,0,0,6493025,2019-01-25 02:43:33,,0.0,0.0,0,,0.0,0.0,0.0,197
0,[],23,[],2019-01-20 23:31:41,0.0,0,0,6477079,2019-01-20 23:31:41,,0.0,0.0,0,,0.0,0.0,0.0,199
1,[],26,[],2019-01-25 03:19:08,0.0,0.00000000,0,6493132,2019-01-25 03:19:08,btc,0.0,779270.0,0.00000000,btc,0.0,0.0,0.0,199
0,[],17,[],2019-01-25 02:44:56,0.0,0,0,6493061,2019-01-25 02:44:56,btc,6.802544163856085,0.0,0,btc,105897.55575295,0.0,0.0,200
0,[],2,[],2019-01-20 23:30:49,0.0,0,0,6477059,2019-01-20 23:30:49,,0.0,0.0,0,,0.0,0.0,0.0,201
1,[],4,[],2019-01-25 02:45:33,330985.45839014,0.00000932,0.00000000033319652400000003,6493081,2019-01-25 02:45:33,btc,2.079850572768453,0.0,0.00000932,btc,167263.2730519,0.41054446,1.3620530163543276,211
1,[],7,[],2019-01-25 02:43:46,18449218.97386833,0.0000011500000000000000008998878031629686802261858247220516204833984375,0.000000000041113305,6493030,2019-01-25 02:43:46,btc,16317791.559256341,302806.34151,0.0000011500000000000000008998878031629686802261858247220516204833984375,btc,12895691.20343068,0.0,8.323135800790189,212
1,[],5,[],2019-01-25 02:44:31,4.33e-06,0.00000030,0.00000000001072521,6493049,2019-01-25 02:44:31,btc,0.86997911,0.02173027,0.00000030,btc,2.886e-05,0.0,0.12037527,213
1,[],12,[],2019-01-25 02:44:32,207462.42853209,0.000001080000000000000035831255497387193287295303889550268650054931640625,0.000000000038610756000000006,6493050,2019-01-25 02:44:32,btc,85023.03793723314,0.0,0.000001080000000000000035831255497387193287295303889550268650054931640625,btc,43675.73520027,0.000146250909087,0.0348620860622024,213
1,[],24,[],2019-01-25 02:44:32,0.0,0.000000050000,0.0000000000017875350000000002,6493051,2019-01-25 02:44:32,btc,0.0,0.0,0.000000050000,btc,0.0,0.0,0.0,213
1,[],26,[],2019-01-25 02:44:32,0.0,0.00000003,0.0000000000010725210000000001,6493052,2019-01-25 02:44:32,btc,0.0,0.0,0.00000003,btc,0.0,0.0,0.0,213
1,[],22,[],2019-01-25 03:18:00,303952.2,0.00000005,0.0000000000017857300000000001,6493120,2019-01-25 03:18:00,BTC,70.22068913,0.0,0.00000005,BTC,153751.86129395306,0.00142749,0.00594161,216
1,[],27,[],2019-01-25 03:18:02,5087945.0,0.00000015,0.0000000000053571900000000005,6493121,2019-01-25 03:18:02,btc,619.88374651916,16754.0,0.00000015,"btc,ltc",268416.09411,0.01156026,0.0535075,216
1,[],22,[],2019-01-25 02:46:04,287029.8247499803,0.00000223,0.00000000007972406100000001,6493093,2019-01-25 02:46:04,BTC,12677.88100956,0.0,0.00000223,BTC,363129.1658193797,0.0043848,0.39938782,217
1,[],7,[],2019-01-25 03:21:04,0.0,0,0,6493158,2019-01-25 03:21:04,btc,302.5779742541106,0.0,0,btc,133650235.62140028,0.0,0.0,219
0,[],27,[],2019-01-25 03:21:10,0.0,0,0,6493159,2019-01-25 03:21:10,,0.0747309448198,0.0,0,btc,1605140.29226592,0.0,0.0,219
0.0000000000000057,[],28,[],2019-01-25 03:21:20,238816286.198,2.280057e-18,8.143132373220001e-23,6493160,2019-01-25 03:21:20,doge,82414.3393717675,22248.0,0.00040001,"btc,doge",4409472.34751,0.0,1.738649571899051e-11,219
1,[],22,[],2019-01-25 03:21:46,207802.0,0.00000071,0.000000000025357366,6493166,2019-01-25 03:21:46,BTC,2.07978843,0.0,0.00000071,BTC,15925.552123175221,0.0035358,0.02353598,221
1,[],24,[],2019-01-25 03:21:46,0.0,0.000000800000,0.000000000028571680000000002,6493167,2019-01-25 03:21:46,btc,0.0,0.0,0.000000800000,btc,0.0,0.0,0.0,221
1,[],26,[],2019-01-25 02:44:57,0.0,0.00000003,0.0000000000010725210000000001,6493062,2019-01-25 02:44:57,btc,0.0,11141.0,0.00000003,btc,0.0,0.0,0.0,231
1,[],26,[],2019-01-25 02:44:23,0.0,0.00000004,0.0000000000014300280000000002,6493047,2019-01-25 02:44:23,btc,0.0,1800.0,0.00000004,btc,0.0,0.0,0.0,234
0,[],27,[],2019-01-25 02:44:29,0.0,0,0,6493048,2019-01-25 02:44:29,,0.001146299618,0.0,0,"btc,eth",11462.99618,0.0,0.0,234
0,[],22,[],2019-01-25 03:20:07,0.0,0,0,6493147,2019-01-25 03:20:07,,3.07851966,0.0,0,,90315875.08996265,0.0,0.0,235
1,[],4,[],2019-01-25 02:45:44,664855.85283799,0.00000105,0.000000000037538235,6493084,2019-01-25 02:45:44,btc,0.1577031636559555,0.0,0.00000105,btc,121749.08741186,0.09191872,0.1794456764824749,236
1,[],24,[],2019-01-25 02:45:44,0.0,0.000000010000,0.00000000000035750700000000004,6493085,2019-01-25 02:45:44,btc,0.0,0.0,0.000000010000,btc,0.0,0.0,0.0,236
1,[],20,[],2019-01-25 02:44:20,93406327.2287,0.000000068,0.0000000000024310476,6493045,2019-01-25 02:44:20,btc,14.2475933785109,30152474.7846,0.000000068,btc,26572172.0029,1.9918019297839,0.7423503555395,237
0,[],22,[],2019-01-25 02:44:23,0.0,0,0,6493046,2019-01-25 02:44:23,,0.04083605,0.0,0,,4179.0,0.0,0.0,237
1,[],4,[],2019-01-25 03:22:31,5249709.0473164,0.00000030,0.000000000010714380000000001,6493187,2019-01-25 03:22:31,btc,0.5659945256790881,0.0,0.00000030,btc,1681706.46586634,0.24161241,1.4356300852917936,238
1,[],5,[],2019-01-25 03:22:34,3.96e-06,0.00000032,0.000000000011428672,6493188,2019-01-25 03:22:34,btc,0.64836711,0.06806728,0.00000032,btc,2.906e-05,0.0,0.21405044,238
1,[],22,[],2019-01-25 03:22:44,281968.75,0.00000005,0.0000000000017857300000000001,6493192,2019-01-25 03:22:44,BTC,15.41132459,0.0,0.00000005,BTC,240508.69643307183,0.0,0.00945438,249
0.0000000000915763,[],22,[],2019-01-25 03:22:01,2414166.0,4.578815e-18,1.63530546199e-22,6493177,2019-01-25 03:22:01,LTC,0.43490649,0.0,0.00000005,LTC,12631787.29,3.663052e-14,0.04430538,252
1,[],28,[],2019-01-25 02:42:28,3127291.767,0.00000008,0.0000000000028600560000000003,6493002,2019-01-25 02:42:28,btc,164692.82588823125,182752.866,0.00000008,btc,1111892.6695,0.0,0.04765087994,256
0,[],27,[],2019-01-25 03:17:40,0.0,0,0,6493113,2019-01-25 03:17:40,,4.96668,0.0,0,"btc,eth",90.59,0.0,0.0,257
1,[],22,[],2019-01-25 03:19:22,55436.666666666664,0.00000006,0.000000000002142876,6493137,2019-01-25 03:19:22,BTC,35605.68070134,0.0,0.00000006,BTC,708723.3310213444,0.00030274,0.00074188,258
1,[],22,[],2019-01-25 02:46:00,6557.029333333333,0.00000750,0.00000000026813025,6493092,2019-01-25 02:46:00,BTC,4.68622194,0.0,0.00000750,BTC,6028.378238095238,0.00047831,0.03311258,262
1,[],5,[],2019-01-25 02:45:30,5.03e-05,0.00000305,0.00000000010903963500000001,6493079,2019-01-25 02:45:30,btc,40.72762026,0.07889676,0.00000305,btc,11.13731274,0.0,0.1760079,264
1,[],20,[],2019-01-25 02:45:32,1830353.4106,0.00000221,0.000000000079009047,6493080,2019-01-25 02:45:32,btc,5.0495293684603,61602.4413,0.00000221,btc,81172.2185,0.3884991222638,0.0777358435634,264
1,[],22,[],2019-01-25 03:18:08,173723.0,0.00000003,0.000000000001071438,6493122,2019-01-25 03:18:08,BTC,6.39746072,0.0,0.00000003,BTC,199838.89082858778,0.00056335,0.00421603,271
0,[],22,[],2019-01-25 03:19:32,0.0,0,0,6493139,2019-01-25 03:19:32,,910.01297134,0.0,0,,10836805249.0,0.0,0.0,272
0.0000000000000057,[],28,[],2019-01-25 03:19:39,342858025610.12,5.7000000000000004e-21,2.0357322000000003e-25,6493140,2019-01-25 03:19:39,doge,4410001.925805787,10176499152.0,0.00000100,doge,133977909751.7134,0.0,5.629649375778835e-10,272
