pairValue,buyBook,exchangeId,sellBook,updated,buyTotal,satoshiPrice,usdPrice,exchangeLogId,created,bestPair,sellTotalBtc,volume,pairPrice,activePairs,sellTotal,volumeBtc,buyTotalBtc,coinId
0,[],2,[],2019-01-20 23:28:45,0.0,0,0,6477011,2019-01-20 23:28:45,,0.0,0.0,0,,0.0,0.0,0.0,1
1,[],3,[],2019-02-04 17:57:11,110.458783485351,0.01222222000000000065311756003438858897425234317779541015625,0.000000423547589658,6582246,2019-02-04 17:57:11,btc,107.00376270455041,0.31692584,0.01222222000000000065311756003438858897425234317779541015625,btc,17.108489650772,0.0,0.2607417799920458,1
1,[],4,[],2019-02-04 17:57:11,25076.81304998,0.01228050,0.00000042556721895,6582247,2019-02-04 17:57:11,btc,0.9464384389621936,0.0,0.01228050,btc,72.89635799,0.64040665,1.213952719499549,1
1,[],5,[],2019-02-04 17:57:13,0.26024728,0.01232196,0.000000427003969644,6582248,2019-02-04 17:57:13,btc,14578.00075584,0.97051956,0.01232196,btc,35555556.03709124,0.0,1.56313994,1
1,[],10,[],2019-02-04 17:57:15,271611.10262797,0.01213399,0.000000420490076061,6582249,2019-02-04 17:57:15,btc,6533.439519316689,1521.34737775,0.01213399,btc,1054.38672459,0.0,4.815745726182198,1
1,[],12,[],2019-02-04 17:57:18,10428.37929752,0.0122699999999999996569410853908266290090978145599365234375,0.00000042520335299999996,6582250,2019-02-04 17:57:18,btc,0.3551787449525,0.0,0.0122699999999999996569410853908266290090978145599365234375,btc,22.45282625,0.9485421257913,0.2497319801812,1
1,[],20,[],2019-02-04 17:57:20,1150.3103,0.01200001,0.00000041584714653899997,6582251,2019-02-04 17:57:20,btc,0.0566246204203,0.0354,0.01200001,btc,2.488,0.000424800354,0.0967650198377,1
1,[],21,[],2019-02-04 17:57:21,2525.24242401,0.01228305000000000021809221096,0.000000425655586395,6582252,2019-02-04 17:57:21,btc,22.709767754822373,2453.5600853,0.0122830500000000002180922109573657508008182048797607421875,"btc,eth",2428.57765271,25.375554978764733,23.241558375254733,1
1,[],22,[],2019-02-04 17:57:25,0.0263776,0.01350000,0.00000046782764999999997,6582253,2019-02-04 17:57:25,BTC,0.31397231,0.0,0.01350000,BTC,0.10124366666666666,0.0,0.00034472,1
1,[],24,[],2019-02-04 17:57:26,0.0,0.000000000000,0,6582254,2019-02-04 17:57:26,btc,0.0,0.0,0.000000000000,btc,0.0,0.0,0.0,1
0.0,[],25,[],2019-02-04 17:57:27,0.0,0,0,6582255,2019-02-04 17:57:27,btc,14.303399998045897,1311.63489947,0.0,btc,1103.77201642,16.32,0.0,1
1,[],26,[],2019-02-04 17:57:41,0.0,0,0,6582256,2019-02-04 17:57:41,,0.0,0.0,0,,0.0,0.0,0.0,1
1,[],28,[],2019-02-04 17:57:46,987.9,0.01131000,0.000000391935609,6582257,2019-02-04 17:57:46,btc,0.162839806,17796.9,0.01131000,btc,8.9,0.0,0.024551096,1
1,[],5,[],2019-02-04 17:57:47,2.073e-05,0.00000072,0.000000000024950808,6582258,2019-02-04 17:57:47,btc,0.16624871,2.248e-05,0.00000072,btc,7.019e-05,0.0,0.45799324,2
0,[],22,[],2019-02-04 17:57:50,0.0,0,0,6582259,2019-02-04 17:57:50,,0.0,0.0,0,,0.0,0.0,0.0,2
1,[],5,[],2019-02-04 17:57:52,1.42e-06,0.00000017,0.000000000005891163,6582260,2019-02-04 17:57:52,btc,3.31547636,0.19087874,0.00000017,btc,2.267e-05,0.0,3.75669737,3
1,[],12,[],2019-02-04 17:57:53,12659928.21701982,0.000000168,0.0000000000058218552,6582261,2019-02-04 17:57:53,btc,921361.5574684123,0.0,0.000000168,btc,8301188.76968789,0.1345179698949351,0.5726387343827748,3
0,[],28,[],2019-02-04 17:57:57,0.0,0,0,6582262,2019-02-04 17:57:57,,0.0,0.0,0,,0.0,0.0,0.0,3
0,[],2,[],2019-01-20 23:31:32,0.0,0,0,6477077,2019-01-20 23:31:32,,0.0,0.0,0,,0.0,0.0,0.0,4
1,[],4,[],2019-02-04 17:57:59,359107.43913984,0.00000031,0.000000000010742709,6582263,2019-02-04 17:57:59,btc,0.3627676018370154,0.0,0.00000031,btc,350035.03691898,0.00022455,0.0398246231999024,4
1,[],12,[],2019-02-04 11:45:00,1455062.5219999999,0.00000006,0.000000000002067366,6580089,2019-02-04 11:45:00,btc,11014978.33387675,0.0,0.00000006,btc,913905.39031991,0.0043587519080919,0.03000872044,5
0,[],2,[],2019-01-20 23:31:51,0.0,0,0,6477087,2019-01-20 23:31:51,,0.0,0.0,0,,0.0,0.0,0.0,6
1,[],11,[],2019-02-04 17:58:01,9252109.4999525,0.00000002,0.000000000000693078,6582264,2019-02-04 17:58:01,btc,9433.401314118097,2216416.00005,0.00000002,btc,42116650.65169307,0.0,0.14860267499905,6
1,[],3,[],2019-02-04 17:58:02,1069.652384675756,0.000150559999999999995050348200464895853656344115734100341796875,0.000000005217491184,6582265,2019-02-04 17:58:02,btc,28.510202753279106,0.0,0.000150559999999999995050348200464895853656344115734100341796875,btc,234.145665820227,0.0,0.030997767816609203,7
1,[],4,[],2019-02-04 17:58:03,28060.48705154,0.00019761,0.000000006847957179,6582266,2019-02-04 17:58:03,btc,3.4942357691912176,0.0,0.00019761,btc,15422.08859115,3.83515934,4.647492152437941,7
1,[],5,[],2019-02-04 17:58:04,0.00642332,0.00019561,0.000000006778649379,6582267,2019-02-04 17:58:04,btc,1.29988668,0.46885401,0.00019561,btc,0.01229841,0.0,1.68530504,7
1,[],20,[],2019-02-04 17:58:06,66461509.91,0.000000001,0.0000000000000346539,6582268,2019-02-04 17:58:06,btc,116.1335270767722,0.0,0.000000001,btc,29825029.7669,0.0,0.06646150991,8
0,[],2,[],2019-01-20 23:22:42,0.0,0,0,6476876,2019-01-20 23:22:42,,0.0,0.0,0,,0.0,0.0,0.0,9
0,[],23,[],2019-01-20 23:22:48,0.0,0,0,6476878,2019-01-20 23:22:48,,0.0,0.0,0,,0.0,0.0,0.0,9
1,[],1,[],2019-02-04 17:58:07,4382185.7299999995,0.0000019499999999999999646983772638719756287173368036746978759765625,0.000000000067575105,6582269,2019-02-04 17:58:07,btc,3.7162659756,12059973.73,0.0000019499999999999999646983772638719756287173368036746978759765625,btc,1862307.55,23.82894808,8.401297938299999,9
1,[],4,[],2019-02-04 17:58:08,489514.21621424,0.00000193,0.00000000006688202699999999,6582270,2019-02-04 17:58:08,btc,1.1758893602152969,0.0,0.00000193,btc,574174.1591083,0.85361291,0.8965133116211108,9
1,[],28,[],2019-02-04 17:58:13,34500.0,0.00000165,0.000000000057178935,6582271,2019-02-04 17:58:13,btc,2708.7727197804,3611670.0,0.00000165,btc,15427.14,0.0,0.02854,9
1,[],4,[],2019-02-04 13:46:54,7341799.37826053,0.00000002,0.0000000000006899800000000001,6580850,2019-02-04 13:46:54,btc,0.1999615409270056,0.0,0.00000002,btc,4135980.29534268,0.00062922,0.0786653918652106,10
1,[],4,[],2019-02-04 17:58:14,2453075.68556366,0.00000138,0.000000000047822382,6582272,2019-02-04 17:58:14,btc,1.338715755398325,0.0,0.00000138,btc,933570.14594754,1.28850014,3.153279735244826,12
1,[],5,[],2019-02-04 17:58:15,1.452e-05,0.00000135,0.000000000046782765,6582273,2019-02-04 17:58:15,btc,0.6386963,1.07249208,0.00000135,btc,0.00012475,0.0,0.37561663,12
0.0,[],25,[],2019-02-04 17:58:16,0.0,0,0,6582274,2019-02-04 17:58:16,,0.0,0.0,0.0,btc,0.0,0.0,0.0,12
0,[],2,[],2019-01-20 23:23:08,0.0,0,0,6476890,2019-01-20 23:23:08,,0.0,0.0,0,,0.0,0.0,0.0,12
1,[],4,[],2019-02-04 17:58:17,277074.13137127,0.00000614,0.000000000212774946,6582275,2019-02-04 17:58:17,btc,0.49021158739777,0.0,0.00000614,btc,72951.42095227,0.7981295,1.144055372757861,13
1,[],21,[],2019-02-04 17:58:21,1115291.92125909,0.000006199999999999999931196530134,0.00000000021485418,6582276,2019-02-04 17:58:21,btc,4.242997588281221,496343.70326864,0.000006199999999999999931196530134069888617887045256793498992919921875,btc,613611.29814173,3.10825052,5.760444406463336,13
1,[],10,[],2019-02-04 17:50:06,602126.6803666,0.00000608,0.00000000021049872,6582070,2019-02-04 17:50:06,btc,666809.6464359144,5537.05813314,0.00000608,btc,738564.85640815,0.0,0.7921315381551784,13
1,[],4,[],2019-02-04 17:58:21,1127390.68386474,0.00000140,0.00000000004851546,6582277,2019-02-04 17:58:21,btc,0.1662834072149214,0.0,0.00000140,btc,82368.35435421,0.02074582,0.4213019246668272,14
1,[],12,[],2019-02-04 17:58:22,86748.42857143,0.000001300000000000000047051663780439678674838432925753295421600341796875,0.000000000045050070000000004,6582278,2019-02-04 17:58:22,btc,1.7865149981493762,0.0,0.000001300000000000000047051663780439678674838432925753295421600341796875,btc,38139.00835211,0.0010286200000076,0.0103580300000016,14
0,[],17,[],2019-02-04 17:58:24,0.0,0,0,6582279,2019-02-04 17:58:24,btc,0.0,0.0,0,btc,0.0,0.0,0.0,14
1,[],26,[],2019-02-04 17:58:24,0.0,0.00000049,0.000000000016980411,6582280,2019-02-04 17:58:24,btc,0.0,0.0,0.00000049,btc,0.0,0.0,0.0,14
0,[],4,[],2019-02-04 17:58:25,0.0,0,0,6582281,2019-02-04 17:58:25,,0.0,0.0,0,,0.0,0.0,0.0,15
,[],12,[],2018-12-01 15:15:48,204241.84496,0.00000489,0.000000000202473384,5260204,2018-12-01 15:15:48,btc,49.5475654835,0.0,,btc,35763.2193806,0.0163153972027625,0.0203389899998,15
1,[],4,[],2019-02-04 17:58:27,27094.73450279,0.00001838,0.000000000636938682,6582282,2019-02-04 17:58:27,btc,2.217437581689741,0.0,0.00001838,btc,7531.12681197,0.02401063,0.1175731071969414,18
1,[],10,[],2019-02-04 17:58:29,397149.16816831,0.00001741,0.0000000006033243990000001,6582283,2019-02-04 17:58:29,btc,15.588677152443537,5187.18252102,0.00001741,btc,12562.502636,0.0,0.3055608305927716,18
1,[],12,[],2019-02-04 17:58:30,200514.93672464,0.0000161600000000000011322019710657826863098307512700557708740234375,0.0000000005600070240000001,6582284,2019-02-04 17:58:30,btc,0.1855517169406319,0.0,0.0000161600000000000011322019710657826863098307512700557708740234375,btc,1700.82700711,0.0009029565151486,0.0122074596176463,18
0,[],17,[],2019-02-04 17:58:31,0.0,0,0,6582285,2019-02-04 17:58:31,btc,0.0,0.0,0,btc,0.0,0.0,0.0,18
0,[],2,[],2019-01-20 23:23:38,0.0,0,0,6476906,2019-01-20 23:23:38,,0.0,0.0,0,,0.0,0.0,0.0,18
1,[],3,[],2019-02-04 17:58:32,113495.48043714708,0.000028500000000000001569057384021022016895585693418979644775390625,0.0000000009876361500000001,6582286,2019-02-04 17:58:32,btc,0.41204162253267745,853.154775524,0.000028500000000000001569057384021022016895585693418979644775390625,btc,5315.205267496272,0.0,0.23542564257692708,19
1,[],4,[],2019-02-04 17:58:33,59960.14181274,0.00002833,0.000000000981744987,6582287,2019-02-04 17:58:33,btc,0.2710918877833495,0.0,0.00002833,btc,8755.58710064,0.35099066,0.5266838533165389,19
1,[],5,[],2019-02-04 17:58:35,0.00022484,0.00002561,0.000000000887486379,6582288,2019-02-04 17:58:35,btc,0.2810503,0.01365754,0.00002561,btc,0.00319059,0.0,0.18286261,19
1,[],12,[],2019-02-04 17:58:36,133588.87443666,0.00002822000000000000086174990754361857625553966499865055084228515625,0.000000000977933058,6582289,2019-02-04 17:58:36,btc,1.996478629575111,0.0,0.00002822000000000000086174990754361857625553966499865055084228515625,btc,537.9523619,0.0014848014187708,0.0316898266025452,19
0,[],27,[],2019-02-04 17:58:41,0.0,0,0,6582290,2019-02-04 17:58:41,,0.0,0.0,0,btc,0.0,0.0,0.0,19
0,[],2,[],2019-01-20 23:24:19,0.0,0,0,6476924,2019-01-20 23:24:19,,0.0,0.0,0,,0.0,0.0,0.0,19
1,[],4,[],2019-02-04 17:58:42,8006180.3054235,0.00000013,0.000000000004505007,6582291,2019-02-04 17:58:42,btc,0.8116717874116198,0.0,0.00000013,btc,1595552.31051721,0.0,0.2554230874915714,20
1,[],4,[],2019-02-04 17:58:43,122921861.40022224,0.00000002,0.000000000000693078,6582292,2019-02-04 17:58:43,btc,0.6237694736658483,0.0,0.00000002,btc,15372948.00229118,0.0012638,1.468014812214285,21
1,[],12,[],2019-02-04 17:58:44,19029387.0,0.00000002,0.000000000000693078,6582293,2019-02-04 17:58:44,btc,668.5451868047564,0.0,0.00000002,btc,8549966.70429836,1.6585014985e-06,0.25352231000000003,21
0,[],17,[],2019-02-04 17:58:45,0.0,0,0,6582294,2019-02-04 17:58:45,btc,0.0,0.0,0,btc,0.0,0.0,0.0,21
1,[],12,[],2019-02-04 17:58:46,2162355218.5458817,0.0000000002,0.00000000000000693078,6582295,2019-02-04 17:58:46,btc,1729404717665.165,0.0,0.0000000002,btc,5130040151.485729,0.2593816503287739,0.22285999675598683,23
0,[],27,[],2019-02-04 17:58:52,0.0,0,0,6582296,2019-02-04 17:58:52,,0.424699,0.0,0,eth,424699.0,0.0,0.0,23
1,[],4,[],2019-02-04 17:58:53,3611479.96624353,0.00000080,0.00000000002772312,6582297,2019-02-04 17:58:53,btc,0.077386382170194,0.0,0.00000080,btc,70233.92220237,0.00761667,0.4511161268113087,24
1,[],22,[],2019-02-04 17:58:56,11.76,0.00000100,0.0000000000346539,6582298,2019-02-04 17:58:56,BTC,7.415e-05,0.0,0.00000100,BTC,23.919354838709676,0.0,1.176e-05,24
0.0,[],25,[],2019-02-04 17:58:57,0.0,0,0,6582299,2019-02-04 17:58:57,,0.0,0.0,0.0,btc,0.0,0.0,0.0,24
1,[],4,[],2019-02-04 17:58:58,27842582.48681573,0.00000685,0.000000000237379215,6582300,2019-02-04 17:58:58,btc,0.4402579158670266,0.0,0.00000685,btc,37767.58988272,0.12617914,0.4730724234960239,26
1,[],10,[],2019-02-04 17:59:00,730839.73533438,0.00000588,0.00000000020376493199999998,6582301,2019-02-04 17:59:00,btc,25.975773677598465,0.0,0.00000588,btc,13118.16646401,0.0,0.2070550833237349,26
0,[],2,[],2019-01-20 23:25:56,0.0,0,0,6476976,2019-01-20 23:25:56,,0.0,0.0,0,,0.0,0.0,0.0,26
1,[],3,[],2019-02-04 17:59:01,7899546.28416656,0.00000002,0.000000000000693078,6582302,2019-02-04 17:59:01,btc,2.5122377529370286,86455.1486685,0.00000002,btc,16106561.97591972,0.0,0.0925223452948169,27
1,[],5,[],2019-02-04 17:59:03,1e-08,0.00000001,0.000000000000346539,6582303,2019-02-04 17:59:03,btc,1.17706403,0.00391829,0.00000001,btc,4.362e-05,0.0,0.15710101,27
1,[],11,[],2019-02-04 17:59:05,10065216.691211501,0.00000005,0.0000000000017326949999999998,6582304,2019-02-04 17:59:05,btc,370.63310344475406,550157.720616,0.00000005,btc,8170877.7193934005,0.0,0.4661316134459823,27
1,[],4,[],2019-02-04 17:59:06,290008340.0220883,0.00000003,0.000000000001039617,6582305,2019-02-04 17:59:06,btc,3.979069493448587,0.0,0.00000003,"btc,ltc",117716427.04409502,0.96705906,3.2067011479802727,29
1,[],7,[],2019-02-04 17:59:07,39719460.44287711,0.00000003,0.0000000000010396169999999999,6582306,2019-02-04 17:59:07,btc,44465206.20563481,606662.00959,0.00000003,btc,40680024.89808779,0.0,0.7239454071361162,29
1,[],4,[],2019-02-04 17:59:08,1404647.2903658,0.00000029,0.000000000010049631,6582307,2019-02-04 17:59:08,btc,0.2553676171100699,0.0,0.00000029,btc,540587.72401225,0.00462617,0.090773946742417,30
0,[],17,[],2019-02-04 17:59:10,0.0,0,0,6582308,2019-02-04 17:59:10,btc,0.0,0.0,0,btc,0.0,0.0,0.0,30
1,[],4,[],2019-02-04 17:59:11,1135727.41015574,0.00006812,0.0000000023606236679999998,6582309,2019-02-04 17:59:11,btc,1.343836594323253,0.0,0.00006812,btc,16278.6062708,0.97350667,1.8915235019714727,31
1,[],21,[],2019-02-04 17:59:12,47399.90149494,0.00006912999999999999711525894286,0.000000002395624107,6582310,2019-02-04 17:59:12,btc,1.602044462320209,94244.65616586,0.000069129999999999997115258942859128410418634302914142608642578125,btc,21732.79060253,6.68525051,2.933812097079641,31
0,[],2,[],2019-01-20 23:28:43,0.0,0,0,6477009,2019-01-20 23:28:43,,0.0,0.0,0,,0.0,0.0,0.0,32
1,[],4,[],2019-02-04 17:59:13,147726055.11519337,0.00000005,0.000000000001732695,6582311,2019-02-04 17:59:13,btc,1.1902371186606588,0.0,0.00000005,"btc,ltc",23595149.3631723,0.66933028,2.6094990480400435,33
1,[],12,[],2019-02-04 17:59:14,18381637.0,0.00000006,0.0000000000020792339999999997,6582312,2019-02-04 17:59:14,btc,17261782.2845975,0.0,0.00000006,btc,89736224.76823159,0.0373288696170632,0.6806608199999999,33
1,[],4,[],2019-02-04 17:59:15,109991628.17815793,0.00000002,0.000000000000693078,6582313,2019-02-04 17:59:15,btc,0.7714334331524844,0.0,0.00000002,btc,25714447.77174948,0.00544837,1.1006648998415793,34
1,[],5,[],2019-02-04 17:59:17,1e-08,0.00000001,0.000000000000346539,6582314,2019-02-04 17:59:17,btc,3.92263216,0.00202364,0.00000001,btc,1.343e-05,0.0,0.74413633,34
0.00000000009838360000000001,[],4,[],2019-02-04 17:59:18,1237231050.2716665,2.9515080000000004e-18,1.0228126308120001e-22,6582315,2019-02-04 17:59:18,ltc,8.127346415451595e-09,0.0,0.00000003,ltc,1630235562.0455277,0.0,2.285587272187586e-09,36
1,[],5,[],2019-02-04 17:59:19,0.0,0,0,6582316,2019-02-04 17:59:19,btc,204.33336467,0.0,0,btc,1.295e-05,0.0,0.0,36
0,[],17,[],2019-02-04 17:59:21,0.0,0,0,6582317,2019-02-04 17:59:21,btc,0.07494043761319907,0.0,0,btc,4134847.20243647,0.0,0.0,36
0.00000000009838360000000001,[],27,[],2019-02-04 17:59:30,1000000.0,1.967672e-18,6.818750872080001e-23,6582318,2019-02-04 17:59:30,ltc,447.7307979714,0.0,0.00000002,"ltc,eth",3711879.16,0.0,1.967672e-12,36
1,[],4,[],2019-02-04 17:59:31,375625.62814827,0.00000141,0.000000000048861999,6582319,2019-02-04 17:59:31,btc,0.3849041888150054,0.0,0.00000141,btc,203087.22919558,0.06890242,0.3107119458333309,37
1,[],12,[],2019-02-04 17:59:33,410692.43498513,0.000001480000000000000017730500227741696761540879379026591777801513671875,0.000000000051287772,6582320,2019-02-04 17:59:33,btc,1331.0789001465548,0.0,0.000001480000000000000017730500227741696761540879379026591777801513671875,btc,783749.86557486,0.3633608290255589,0.2855032753999985,37
1,[],17,[],2019-02-04 17:59:34,1752.74075282,0.00000025,0.000000000008663475,6582321,2019-02-04 17:59:34,btc,0.05548492396604662,0.0,0.00000025,btc,1387.19918473,0.0,0.00043818518820499993,37
1,[],27,[],2019-02-04 17:59:42,16843.0,0.00000046,0.000000000015940793999999998,6582322,2019-02-04 17:59:42,btc,43.30929497030353,0.0,0.00000046,btc,29579.81438508,0.0,0.00561124,37
1,[],5,[],2019-02-04 17:59:47,1.501e-05,0.00000097,0.000000000033614283,6582323,2019-02-04 17:59:47,btc,0.10514018,0.08629484,0.00000097,btc,0.00011212,0.0,0.04682771,42
1,[],12,[],2019-02-04 17:59:47,149516.2321271,0.00000110000000000000005610204141526242693771564518101513385772705078125,0.000000000038119290000000004,6582324,2019-02-04 17:59:47,btc,85.06827506026109,0.0,0.00000110000000000000005610204141526242693771564518101513385772705078125,btc,97943.05057228,0.0065767488873821,0.051291490000004096,42
0,[],27,[],2019-02-04 17:59:56,0.0,0,0,6582325,2019-02-04 17:59:56,,0.00315028,0.0,0,"btc,eth",11.007,0.0,0.0,42
1,[],5,[],2019-02-04 17:59:58,3e-08,0.00000002,0.000000000000693078,6582326,2019-02-04 17:59:58,btc,6.09448901,0.0070446,0.00000002,btc,1.425e-05,0.0,0.52678241,43
1,[],12,[],2019-02-04 17:59:59,6402130.0,0.00000002,0.000000000000693078,6582327,2019-02-04 17:59:59,btc,20007456.464672454,0.0,0.00000002,btc,38833161.74765234,0.0,0.06402145000000001,43
0,[],17,[],2019-02-04 18:00:01,0.0,0,0,6582328,2019-02-04 18:00:01,btc,0.0,0.0,0,btc,0.0,0.0,0.0,43
1,[],12,[],2019-02-04 18:00:03,870580.0,0.00000007,0.000000000002425773,6582329,2019-02-04 18:00:03,btc,11115205.975253943,0.0,0.00000007,btc,988268.57342656,0.0012251142657347,0.02607607,44
1,[],4,[],2019-02-04 18:00:03,234638653.73245037,0.00000002,0.000000000000693078,6582330,2019-02-04 18:00:03,btc,0.18088827798988902,0.0,0.00000002,"btc,ltc",8199712.59428555,0.00868755,0.5350616868710442,49
0.00000000009838360000000001,[],4,[],2019-02-04 18:00:05,4873220923.90257,9.83836e-19,3.4093754360400005e-23,6582331,2019-02-04 18:00:05,ltc,4.645173504094096,0.0,0.00000001,ltc,1829032156.2967892,0.0,4.794450180888609e-09,52
0,[],22,[],2019-02-04 18:00:07,0.0,0,0,6582332,2019-02-04 18:00:07,,3693.1548887,0.0,0,,247203597.90882352,0.0,0.0,57
0,[],27,[],2019-02-04 18:00:14,0.0,0,0,6582333,2019-02-04 18:00:14,,0.0,0.0,0,"btc,eth",0.0,0.0,0.0,57
0.00000000009838360000000001,[],4,[],2019-02-04 18:00:15,1406538676.332188,4.9191800000000005e-18,1.70468771802e-22,6582334,2019-02-04 18:00:15,ltc,3.288209342135134,0.0,0.00000005,ltc,1123720164.6058567,0.0,5.370175106513481e-09,58
1,[],12,[],2019-02-04 18:00:16,2071267207.843957,0.0000000005,0.00000000000001732695,6582335,2019-02-04 18:00:16,btc,625181487118.4496,0.0,0.0000000005,btc,3160751260.7113886,0.02701344916113886,0.7506331722011391,58
0,[],17,[],2019-02-04 18:00:18,0.0,0,0,6582336,2019-02-04 18:00:18,btc,1e+24,0.0,0,btc,41616695.95832568,0.0,0.0,58
0.0000000001226058,[],22,[],2019-02-04 18:00:21,137438.0,1.226058e-18,4.2487691326200003e-23,6582337,2019-02-04 18:00:21,XMR,69.8835922,0.0,0.00000001,XMR,9887963.0,0.0,0.00137438,58
1,[],5,[],2019-02-04 18:00:23,8.65e-06,0.00000067,0.000000000023218113,6582338,2019-02-04 18:00:23,btc,0.33014635,0.02195672,0.00000067,btc,0.00015925,0.0,0.04850858,61
1,[],22,[],2019-02-04 18:00:26,5111.5,0.00000011,0.000000000003811929,6582339,2019-02-04 18:00:26,BTC,1002.29606732,0.0,0.00000011,BTC,15028.700278135757,0.0,0.00051178,61
1,[],26,[],2019-02-04 18:00:26,0.0,0.00000800,0.0000000002772312,6582340,2019-02-04 18:00:26,btc,0.0,0.0,0.00000800,btc,0.0,0.0,0.0,61
0,[],27,[],2019-02-04 18:00:32,0.0,0,0,6582341,2019-02-04 18:00:32,,0.12530792,0.0,0,"btc,eth",155.7688,0.0,0.0,61
1,[],28,[],2019-02-04 18:00:41,6884.304,0.0000006,0.00000000002079234,6582342,2019-02-04 18:00:41,btc,2.064613633700105,921.0,0.0000006,btc,11345.10450005,0.0,0.00216611304,61
1,[],4,[],2019-02-04 16:55:40,1345115.10594797,0.00000185,0.000000000064088995,6581738,2019-02-04 16:55:40,btc,0.7565546113211306,0.0,0.00000185,btc,264202.17198389,0.09284106,1.0311103229159673,67
0.0,[],25,[],2019-02-04 16:55:42,0.0,0,0,6581739,2019-02-04 16:55:42,,0.0,0.0,0.0,btc,0.0,0.0,0.0,67
1,[],12,[],2019-02-04 18:00:42,2437190.66344444,0.00000012,0.000000000004158467999999999,6582343,2019-02-04 18:00:42,btc,11115995.622479763,0.0,0.00000012,btc,2416223.46069485,0.0375327065634375,0.0604755364411108,71
,[],5,[],2018-11-20 23:02:39,1.5e-07,0.00000005,0.000000000002128045,4862160,2018-11-20 23:02:39,btc,2.84511358,0.0,,btc,0.00036572,0.0,0.07381892,74
1,[],5,[],2019-01-25 15:53:51,3.303e-05,0.00000156,0.000000000055588884,6499610,2019-01-25 15:53:51,btc,1.42844212,0.0,0.00000156,btc,0.00015937,0.0,0.49487621,75
1,[],4,[],2019-02-04 18:00:43,71232175.13092338,0.00000001,0.000000000000346539,6582344,2019-02-04 18:00:43,btc,0.8164048853705091,0.0,0.00000001,btc,15307943.35273608,0.0,0.7123217513092337,81
0,[],20,[],2019-01-25 09:30:31,0.0,0,0,6495923,2019-01-25 09:30:31,btc,0.0,0.0,0,btc,0.0,0.0,0.0,81
1,[],4,[],2019-02-04 18:00:45,23678.91153711,0.00007026,0.000000002434783014,6582345,2019-02-04 18:00:45,btc,0.4809440392111227,0.0,0.00007026,btc,4873.58022154,0.05562521,0.0798065670853149,82
1,[],21,[],2019-02-04 18:00:46,82242.53099566,0.00007514999999999999707577663655,0.0000000026042405849999997,6582346,2019-02-04 18:00:46,btc,3.545697197948694,4489.14300536,0.000075149999999999997075776636545896280949818901717662811279296875,btc,40366.06290559,0.33882007,4.128531097056675,82
0,[],17,[],2019-02-04 18:00:48,0.0,0,0,6582347,2019-02-04 18:00:48,btc,0.0447233088476774,0.0,0,btc,999127.19588126,0.0,0.0,84
0.00000000009838360000000001,[],4,[],2019-02-04 18:00:49,334077922.504392,1.1806032000000002e-17,4.0912505232480005e-22,6582348,2019-02-04 18:00:49,ltc,0.19579063228305765,0.0,0.00000012,ltc,70304548.30418517,0.00010079,1.3163726535753336e-09,85
,[],22,[],2018-11-20 23:09:34,3408.1,0.0000001,0.0000000000041895,4862324,2018-11-20 23:09:34,BTC,0.04624735,0.0,,BTC,4990.0,0.0,0.00033081,86
0,[],22,[],2019-02-04 18:00:52,0.0,0,0,6582349,2019-02-04 18:00:52,,2.07810912,0.0,0,,154826.94736842104,0.0,0.0,87
0,[],27,[],2019-02-04 18:00:57,0.0,0,0,6582350,2019-02-04 18:00:57,,0.0,0.0,0,btc,0.0,0.0,0.0,87
,[],2,[],2018-11-20 23:10:47,0.0,0,0,4862359,2018-11-20 23:10:47,,0.0,0.0,,,0.0,0.0,0.0,88
1,[],11,[],2019-02-04 18:00:59,101253.49026747,0.0001832100000000000026255386753604170735343359410762786865234375,0.000000006348941019,6582351,2019-02-04 18:00:59,btc,245.84913693675858,3750.81352418,0.0001832100000000000026255386753604170735343359410762786865234375,btc,183858.88947277,0.0,7.3628373668047375,89
0,[],2,[],2019-01-20 23:31:45,0.0,0,0,6477083,2019-01-20 23:31:45,,0.0,0.0,0,,0.0,0.0,0.0,91
1,[],12,[],2019-02-04 18:01:01,463084.36432782,0.00000349999999999999994749750979738944778318909811787307262420654296875,0.00000000012128864999999999,6582352,2019-02-04 18:01:01,btc,1115.3681282169982,0.0,0.00000349999999999999994749750979738944778318909811787307262420654296875,btc,35317.94268241,0.0095915684137136,0.1207515436998773,91
0,[],17,[],2019-02-04 18:01:03,0.0,0,0,6582353,2019-02-04 18:01:03,btc,0.0,0.0,0,btc,0.0,0.0,0.0,91
0.00000000009838360000000001,[],22,[],2019-02-04 18:01:07,25823826.0,4.9191800000000005e-18,1.70468771802e-22,6582354,2019-02-04 18:01:07,LTC,8.80623359,0.0,0.00000005,LTC,76324729.6,0.0,0.95795662,95
0.00000000009838360000000001,[],4,[],2019-02-04 18:01:08,132255686.53660077,9.838360000000001e-17,3.40937543604e-21,6582355,2019-02-04 18:01:08,ltc,1.0786685702615872,0.0,0.00000100,ltc,69096297.17305765,0.00020951,6.810099517702264e-10,96
1,[],12,[],2019-02-04 18:01:09,224403.0,0.00000001,0.000000000000346539,6582356,2019-02-04 18:01:09,btc,255063.4218704056,0.0,0.00000001,btc,8940018.33297676,6.25e-06,0.00224403,96
0,[],17,[],2019-02-04 18:01:10,0.0,0,0,6582357,2019-02-04 18:01:10,btc,0.0,0.0,0,btc,0.0,0.0,0.0,96
1,[],4,[],2019-02-04 18:01:11,1419991.88816183,0.00000034,0.000000000011782326,6582358,2019-02-04 18:01:11,btc,0.1284891054369821,0.0,0.00000034,btc,269515.71947103,0.04590379,0.111098031737867,99
1,[],4,[],2019-02-04 18:01:12,66371.06492191,0.00004351,0.000000001507791189,6582359,2019-02-04 18:01:12,btc,1.5025676432745665,0.0,0.00004351,btc,31100.01072654,0.64838129,2.5048364602907434,100
0,[],2,[],2019-01-20 23:23:55,0.0,0,0,6476914,2019-01-20 23:23:55,,0.0,0.0,0,,0.0,0.0,0.0,100
1,[],22,[],2019-02-04 17:52:44,50000.0,0.00000001,0.000000000000346215,6582155,2019-02-04 17:52:44,BTC,23.50383609,0.0,0.00000001,BTC,11277.22,0.0,0.0005,101
1,[],4,[],2019-02-04 18:01:13,166772.26749006,0.00000097,0.000000000033614283,6582360,2019-02-04 18:01:13,btc,0.3948452498202615,0.0,0.00000097,btc,151184.63758112,0.00600624,0.1141112598899846,103
1,[],12,[],2019-02-04 18:01:17,92915656.5303887,0.000000016,0.0000000000005544624,6582361,2019-02-04 18:01:17,btc,138279087.214197,0.0,0.000000016,btc,136236882.9701973,0.12192306703931163,0.7379108714862193,105
1,[],27,[],2019-02-04 18:01:20,10161405.89,0.00000001,0.000000000000346539,6582362,2019-02-04 18:01:20,btc,0.6930134677960939,0.0,0.00000001,btc,708890.78181977,0.0,0.1016140589,105
0,[],22,[],2019-02-04 18:01:23,0.0,0,0,6582363,2019-02-04 18:01:23,,1.07253299,0.0,0,,94300.0,0.0,0.0,107
1,[],26,[],2019-02-04 18:01:23,0.0,0.00000000,0,6582364,2019-02-04 18:01:23,btc,0.0,0.0,0.00000000,btc,0.0,0.0,0.0,107
1,[],5,[],2019-02-04 18:01:25,3e-08,0.00000002,0.000000000000693078,6582365,2019-02-04 18:01:25,btc,2.92986145,0.00653172,0.00000002,btc,1.649e-05,0.0,0.12951147,112
1,[],22,[],2019-02-04 18:01:28,2229188.0,0.00000002,0.000000000000693078,6582366,2019-02-04 18:01:28,BTC,2.81683288,0.0,0.00000002,BTC,808529.0833333334,0.0,0.02960411,112
0.0000000003114416,[],27,[],2019-02-04 18:01:33,500000.0,3.114416e-18,1.079266606224e-22,6582367,2019-02-04 18:01:33,eth,1.25356065,0.0,0.00000001,"btc,eth",1328.0,0.0,1.557208e-12,112
1,[],4,[],2019-02-04 18:01:34,489156.43992547,0.00000413,0.000000000143120607,6582368,2019-02-04 18:01:34,btc,0.4069938311983463,0.0,0.00000413,btc,71578.87194948,0.0812756,0.3316736229533364,113
1,[],5,[],2019-02-04 18:01:35,2.517e-05,0.00000381,0.000000000132031359,6582369,2019-02-04 18:01:35,btc,2.19727244,0.0,0.00000381,btc,0.00334105,0.0,0.20701871,113
1,[],17,[],2019-02-04 18:01:37,174538.724,0.00000004,0.000000000001386156,6582370,2019-02-04 18:01:37,btc,1.3368030274103329,0.0,0.00000004,btc,51896.221,0.0,0.00308154896,116
0,[],27,[],2019-02-04 18:01:41,0.0,0,0,6582371,2019-02-04 18:01:41,,0.0,0.0,0,btc,0.0,0.0,0.0,116
1,[],4,[],2019-02-04 18:01:43,40312.16122093,0.00002425,0.000000000840357075,6582372,2019-02-04 18:01:43,btc,0.5831847394869587,0.0,0.00002425,btc,18245.16901275,1.98373928,0.7141700671291604,120
1,[],7,[],2019-02-04 18:01:43,15076.56756034,0.0000180999999999999994985781792689039093602332286536693572998046875,0.00000000062723559,6582373,2019-02-04 18:01:43,btc,88979.22595243971,43.90594602,0.0000180999999999999994985781792689039093602332286536693572998046875,btc,29743.4531968,0.00157698,0.1350233673294964,120
1,[],20,[],2019-02-04 18:01:45,1617028.1906,0.000000014,0.0000000000004851546,6582374,2019-02-04 18:01:45,btc,33.7487591931607,10640.1551,0.000000014,btc,1063782.1766,0.0001850438476,0.0089722132172,125
1,[],22,[],2019-02-04 17:53:20,3053.0,0.00000001,0.000000000000346215,6582171,2019-02-04 17:53:20,BTC,0.01444889,0.0,0.00000001,BTC,296264.5111111111,0.0,3.053e-05,126
1,[],4,[],2019-02-04 18:01:46,90752.24500228,0.00001705,0.000000000590848995,6582375,2019-02-04 18:01:46,btc,0.5217008193788064,0.0,0.00001705,btc,26290.98079063,0.45476579,0.6247490221266219,131
0,[],17,[],2019-02-04 18:01:47,0.0,0,0,6582376,2019-02-04 18:01:47,btc,0.0009561751951600001,0.0,0,btc,35.42829368,0.0,0.0,131
0,[],2,[],2019-01-20 23:25:46,0.0,0,0,6476969,2019-01-20 23:25:46,,0.0,0.0,0,,0.0,0.0,0.0,131
1,[],4,[],2019-02-04 18:01:48,4609.99698505,0.00016000,0.000000005544624,6582377,2019-02-04 18:01:48,btc,1.64021974491835,0.0,0.00016000,btc,302.35845559,0.0,0.0113649733161288,135
1,[],3,[],2019-02-04 18:01:49,1845851.66354937,0.00000007,0.000000000002425773,6582378,2019-02-04 18:01:49,btc,0.1495284473589911,129428.572444,0.00000007,btc,368218.63099994,0.0,0.0685716942725346,136
1,[],4,[],2019-02-04 18:01:49,92699.32593233,0.00000180,0.00000000006237702,6582379,2019-02-04 18:01:49,btc,0.0770595417031135,0.0,0.00000180,btc,34889.45819576,0.10307776,0.1277707952596212,137
1,[],12,[],2019-02-04 18:01:51,297231.77064871,0.000001830000000000000054831898570195658493275914224795997142791748046875,0.000000000063416637,6582380,2019-02-04 18:01:51,btc,11982.844735430152,0.0,0.000001830000000000000054831898570195658493275914224795997142791748046875,btc,124167.90188533,0.1119892518547127,0.0278929500000073,137
1,[],5,[],2019-02-04 18:01:52,0.0013326,0.00004119,0.000000001427394141,6582381,2019-02-04 18:01:52,btc,2.34487723,4.28982343,0.00004119,btc,0.00259409,0.0,1.30338306,142
1,[],17,[],2019-02-04 18:01:54,12500.0,0.0000001,0.0000000000034653899999999996,6582382,2019-02-04 18:01:54,btc,20.261021579018564,0.0,0.0000001,btc,5931.99821453,0.0,0.00125,142
1,[],20,[],2019-02-04 18:01:55,151937.8565,0.00004,0.000000001386156,6582383,2019-02-04 18:01:55,btc,2.582557195908,23358.5806,0.00004,btc,6653.1853,0.979654433165,0.3199727056089,142
1,[],22,[],2019-02-04 18:01:58,962.0,0.00001800,0.0000000006237702,6582384,2019-02-04 18:01:58,BTC,3.00449528,0.0,0.00001800,BTC,899.098,0.0,0.0001637,142
0.0,[],25,[],2019-02-04 18:02:00,0.0,0,0,6582385,2019-02-04 18:02:00,,0.0,0.0,0.0,btc,0.0,0.0,0.0,142
1,[],28,[],2019-02-04 18:02:01,78710.001,0.00004450,0.00000000154209855,6582386,2019-02-04 18:02:01,btc,0.0403772,4099.77,0.00004450,btc,805.0,0.0,0.0352462445,142
0,[],22,[],2019-02-04 18:02:04,0.0,0,0,6582387,2019-02-04 18:02:04,,61.43843029,0.0,0,,808795527.8,0.0,0.0,143
1,[],21,[],2019-02-04 18:02:05,35825940.35244278,0.00000027,0.000000000009356553,6582388,2019-02-04 18:02:05,btc,51.647884655981606,3164394.6343649,0.00000027,btc,89759394.57873134,0.84418188,5.416290934437568,145
0,[],22,[],2019-02-04 13:52:37,0.0,0,0,6580969,2019-02-04 13:52:37,,4.57539719,0.0,0,,1920827.5,0.0,0.0,146
,[],22,[],2018-11-20 23:01:11,0.0,0,0,4862114,2018-11-20 23:01:11,,2.56807021,0.0,,,61828.4988236,0.0,0.0,147
1,[],12,[],2019-02-04 17:53:56,8687510.90909924,0.0000036299999999999999733784998567909241273810039274394512176513671875,0.000000000125676045,6582186,2019-02-04 17:53:56,btc,16.507212589833014,0.0,0.0000036299999999999999733784998567909241273810039274394512176513671875,btc,113058.26888043,0.0063738331540906,0.1231548199996868,148
1,[],4,[],2019-02-04 18:02:06,304520.5846636,0.00000028,0.000000000009703091999999999,6582389,2019-02-04 18:02:06,btc,0.68575704041326,0.0,0.00000028,btc,497333.88074931,0.0025014,0.0672446096193767,152
0,[],22,[],2019-02-04 18:02:08,0.0,0,0,6582390,2019-02-04 18:02:08,,0.0,0.0,0,,0.0,0.0,0.0,152
1,[],5,[],2019-02-04 18:02:09,0.0,0,0,6582391,2019-02-04 18:02:09,btc,4.41744381,0.0,0,btc,0.00161275,0.0,0.0,153
,[],16,[],2019-01-11 15:38:59,0.0,0,0,6366141,2019-01-11 15:38:59,btc,0.0,0.0,,btc,0.0,0.0,0.0,155
0,[],22,[],2019-02-04 18:02:12,0.0,0,0,6582392,2019-02-04 18:02:12,,6.73312347,0.0,0,,4564272.742592593,0.0,0.0,156
0,[],23,[],2019-01-20 23:24:29,0.0,0,0,6476932,2019-01-20 23:24:29,,0.0,0.0,0,,0.0,0.0,0.0,156
1,[],22,[],2019-02-04 18:02:15,7906.0,0.00000801,0.000000000277577739,6582393,2019-02-04 18:02:15,BTC,43.78801181,0.0,0.00000801,BTC,1067.5805334758436,0.0,0.00743836,157
0,[],22,[],2019-02-04 18:02:18,0.0,0,0,6582394,2019-02-04 18:02:18,,50175.6753658,0.0,0,,54007107.04179466,0.0,0.0,158
,[],17,[],2018-11-20 22:56:10,0.0,0,0,4861976,2018-11-20 22:56:10,btc,1.1265625,0.0,,btc,1000.0,0.0,0.0,159
,[],20,[],2018-11-20 22:56:12,0.0,0,0,4861977,2018-11-20 22:56:12,btc,11912.7940471,0.0,,btc,34413894.3617,0.0,0.0,159
1,[],12,[],2019-02-04 18:02:19,198019.54841273,0.000007900000000000000595422149085589325068212929181754589080810546875,0.00000000027376581,6582395,2019-02-04 18:02:19,btc,6.687139475341903,0.0,0.000007900000000000000595422149085589325068212929181754589080810546875,btc,14822.76828389,0.0085559908030734,0.0869708580621483,168
1,[],17,[],2019-02-04 18:02:20,29784.95,0.000001,0.0000000000346539,6582396,2019-02-04 18:02:20,btc,0.03026736251542,0.0,0.000001,btc,144.46171372,0.0,0.00716147,168
0,[],22,[],2019-02-04 18:02:23,0.0,0,0,6582397,2019-02-04 18:02:23,,1.14610387,0.0,0,,685792.1900917594,0.0,0.0,169
1,[],22,[],2019-02-04 18:02:26,204444.9441532258,0.00000032,0.000000000011089248,6582398,2019-02-04 18:02:26,BTC,10.3224903,0.0,0.00000032,BTC,108549.8083853319,0.00456545,0.0258135,171
1,[],22,[],2019-02-04 18:02:29,300724.7238095238,0.00000028,0.000000000009703091999999999,6582399,2019-02-04 18:02:29,BTC,2.66392347,0.0,0.00000028,BTC,230690.5656621423,0.00779156,0.03122596,173
1,[],5,[],2019-02-04 18:02:32,4.712e-05,0.00000387,0.000000000134110593,6582400,2019-02-04 18:02:32,btc,0.36739652,0.01404852,0.00000387,btc,0.00030862,0.0,0.78535793,175
1,[],22,[],2019-02-04 18:02:35,49549.25714285715,0.0000004,0.00000000001386156,6582401,2019-02-04 18:02:35,BTC,0.63358303,0.0,0.0000004,BTC,155090.40184992214,0.0,0.01679357,176
1,[],7,[],2019-02-04 18:02:37,0.0,0,0,6582402,2019-02-04 18:02:37,btc,233208.5809029795,0.0,0,btc,115100187.61861145,0.0,0.0,178
0,[],22,[],2019-02-04 18:02:39,0.0,0,0,6582403,2019-02-04 18:02:39,,1.00242428,0.0,0,,57512.0,0.0,0.0,178
0,[],2,[],2019-01-20 23:28:34,0.0,0,0,6477001,2019-01-20 23:28:34,,0.0,0.0,0,,0.0,0.0,0.0,178
1,[],5,[],2019-02-04 18:02:41,3e-08,0.00000002,0.000000000000693078,6582404,2019-02-04 18:02:41,btc,17.0848309,0.07097018,0.00000002,btc,2.088e-05,0.0,1.25638231,179
1,[],22,[],2019-02-04 18:02:44,8340773.0,0.00000002,0.000000000000693078,6582405,2019-02-04 18:02:44,BTC,5.53156482,0.0,0.00000002,"BTC,LTC",18591683.068656635,0.00010938,0.3940753,179
0,[],23,[],2019-01-20 23:25:08,0.0,0,0,6476952,2019-01-20 23:25:08,,0.0,0.0,0,,0.0,0.0,0.0,179
1,[],17,[],2019-02-04 18:02:46,10504.725,0.0000001,0.0000000000034653899999999996,6582406,2019-02-04 18:02:46,btc,5.206166879877398,0.0,0.0000001,btc,6755.0074587,0.0,0.0010504725,180
1,[],22,[],2019-02-04 18:02:55,39549.94545454546,0.00000011,0.000000000003811929,6582407,2019-02-04 18:02:55,BTC,0.09618191,0.0,0.00000011,"BTC,LTC",16812.39315481,0.00010979,0.00413695,180
1,[],26,[],2019-02-04 18:02:55,0.0,0.00000010,0.00000000000346539,6582408,2019-02-04 18:02:55,btc,0.0,100.0,0.00000010,btc,0.0,0.0,0.0,180
,[],7,[],2018-11-20 22:58:01,562227.975654,0.00000085,0.000000000036176765,4862015,2018-11-20 22:58:01,btc,21836.6059674,2491.87645172,,btc,749999.041456,0.00211021,0.127565380455,183
,[],5,[],2019-01-10 08:11:41,0.0,0,0,6347036,2019-01-10 08:11:41,btc,82.15055501,0.00261,,btc,1.19002445,0.0,0.0,187
1,[],24,[],2019-02-04 18:02:55,0.0,0.000000000001,3.46539e-17,6582409,2019-02-04 18:02:55,btc,0.0,0.0,0.000000000001,btc,0.0,0.0,0.0,187
,[],17,[],2018-11-16 20:58:10,4062536.27273,0.00000001,0.000000000000550501,4708775,2018-11-16 20:58:10,btc,3.36492563466,0.195460381006,,"btc,eth",110697919.549,0.0,0.0157628953496,187
0,[],22,[],2019-02-04 18:02:58,0.0,0,0,6582410,2019-02-04 18:02:58,,1.19382741,0.0,0,,13380.036201072173,0.0,0.0,191
0,[],22,[],2019-02-04 18:03:03,0.0,0,0,6582411,2019-02-04 18:03:03,,0.0,0.0,0,,0.0,0.0,0.0,197
0,[],23,[],2019-01-20 23:31:41,0.0,0,0,6477079,2019-01-20 23:31:41,,0.0,0.0,0,,0.0,0.0,0.0,199
1,[],26,[],2019-02-04 18:03:03,0.0,0.00000000,0,6582412,2019-02-04 18:03:03,btc,0.0,780342.0,0.00000000,btc,0.0,0.0,0.0,199
0,[],17,[],2019-01-30 16:32:01,0.0,0,0,6540827,2019-01-30 16:32:01,btc,6.802544163788159,0.0,0,btc,105897.55575295,0.0,0.0,200
0,[],2,[],2019-01-20 23:30:49,0.0,0,0,6477059,2019-01-20 23:30:49,,0.0,0.0,0,,0.0,0.0,0.0,201
1,[],4,[],2019-01-25 15:51:35,2084389.58565343,0.00000936,0.000000000333526752,6499557,2019-01-25 15:51:35,btc,2.0092503037378524,0.0,0.00000936,btc,160195.80207885,0.19272417,1.242687955921835,211
1,[],7,[],2019-02-04 18:03:06,16533084.6410761,0.00000146999999999999990171598886201653755279039614833891391754150390625,0.000000000050941232999999995,6582413,2019-02-04 18:03:06,btc,16567795.36446596,293761.210954,0.00000146999999999999990171598886201653755279039614833891391754150390625,btc,12698152.59221066,0.0,8.485228367369105,212
1,[],12,[],2019-01-25 02:44:32,207462.42853209,0.000001080000000000000035831255497387193287295303889550268650054931640625,0.000000000038610756000000006,6493050,2019-01-25 02:44:32,btc,85023.03793723314,0.0,0.000001080000000000000035831255497387193287295303889550268650054931640625,btc,43675.73520027,0.000146250909087,0.0348620860622024,213
1,[],5,[],2019-02-04 18:03:08,5.29e-06,0.00000035,0.000000000012128865,6582414,2019-02-04 18:03:08,btc,1.13229783,0.12563696,0.00000035,btc,3.171e-05,0.0,0.22566132,213
1,[],24,[],2019-02-04 18:03:08,0.0,0.000000050000,0.000000000001732695,6582415,2019-02-04 18:03:08,btc,0.0,0.0,0.000000050000,btc,0.0,0.0,0.0,213
1,[],26,[],2019-02-04 18:03:08,0.0,0.00000009,0.000000000003118851,6582416,2019-02-04 18:03:08,btc,0.0,0.0,0.00000009,btc,0.0,0.0,0.0,213
1,[],22,[],2019-02-04 18:03:11,276400.0,0.00000002,0.000000000000693078,6582417,2019-02-04 18:03:11,BTC,70.20492877,0.0,0.00000002,BTC,291693.63137942314,0.0,0.004714,216
1,[],27,[],2019-02-04 18:03:19,5054645.0,0.00000015,0.000000000005198085,6582418,2019-02-04 18:03:19,btc,313.98413178316,18000.0,0.00000015,"btc,ltc",287018.13411,0.00666,0.0516735,216
1,[],22,[],2019-02-04 18:03:22,251654.48250399102,0.00000233,0.00000000008074358699999999,6582419,2019-02-04 18:03:22,BTC,12677.92104421,0.0,0.00000233,BTC,491995.002979676,0.00256237,0.32280779,217
1,[],7,[],2019-02-04 18:03:23,0.0,0,0,6582420,2019-02-04 18:03:23,btc,77970.02600413912,0.0,0,btc,134531561.1214003,0.0,0.0,219
0,[],27,[],2019-02-04 18:03:27,0.0,0,0,6582421,2019-02-04 18:03:27,,5.3418937883169715,0.0,0,btc,1605140.99226592,0.0,0.0,219
0.0000000000000056,[],28,[],2019-02-04 18:03:29,205085365.436,6.244000000000001e-18,2.163789516e-22,6582422,2019-02-04 18:03:29,doge,88554.0318717675,14326.0,0.00111500,"btc,doge",4969437.84751,0.0,3.063770626176434e-11,219
1,[],22,[],2019-02-04 18:03:33,217001.0754716981,0.00000054,0.000000000018713106,6582423,2019-02-04 18:03:33,BTC,3.00140129,0.0,0.00000054,BTC,35272.55212317522,0.0,0.02761742,221
1,[],24,[],2019-02-04 18:03:33,0.0,0.000000550000,0.000000000019059645,6582424,2019-02-04 18:03:33,btc,0.0,0.0,0.000000550000,btc,0.0,0.0,0.0,221
1,[],20,[],2019-02-04 18:03:35,10336811.321,0.000000007,0.0000000000002425773,6582425,2019-02-04 18:03:35,btc,5.641112219184,146112.0,0.000000007,btc,7428872.3288,0.001381061,0.0175345206008,224
0,[],22,[],2019-02-04 18:03:37,0.0,0,0,6582426,2019-02-04 18:03:37,,0.0,0.0,0,,0.0,0.0,0.0,224
1,[],26,[],2019-02-04 18:03:37,0.0,0.00000022,0.000000000007623858,6582427,2019-02-04 18:03:37,btc,0.0,0.0,0.00000022,btc,0.0,0.0,0.0,231
1,[],26,[],2019-02-04 18:03:38,0.0,0.00000005,0.000000000001732695,6582428,2019-02-04 18:03:38,btc,0.0,100.0,0.00000005,btc,0.0,0.0,0.0,234
0,[],27,[],2019-02-04 18:03:43,0.0,0,0,6582429,2019-02-04 18:03:43,,0.0113483662182,0.0,0,"btc,eth",11462.99618,0.0,0.0,234
0.0000000000983767,[],22,[],2019-02-04 17:55:56,4910000.0,9.83767e-19,3.40594891905e-23,6582228,2019-02-04 17:55:56,LTC,2.80256691,0.0,0.00000001,LTC,97369440.06349206,9.83767e-15,0.0491,235
1,[],4,[],2019-02-04 18:03:44,732406.33117911,0.00000063,0.000000000021831957,6582430,2019-02-04 18:03:44,btc,0.1574658650665557,0.0,0.00000063,btc,143014.1945998,0.01690424,0.1515782427731886,236
1,[],24,[],2019-02-04 18:03:44,0.0,0.000000010000,0.000000000000346539,6582431,2019-02-04 18:03:44,btc,0.0,0.0,0.000000010000,btc,0.0,0.0,0.0,236
1,[],20,[],2019-02-04 18:03:46,20621403.9742,0.00000006,0.000000000002079234,6582432,2019-02-04 18:03:46,btc,16.2578896741615,10452909.0422,0.00000006,btc,26144985.9023,0.6410678014121,0.3739431519722,237
1,[],22,[],2019-02-04 18:03:49,10000.0,0.00000001,0.000000000000346539,6582433,2019-02-04 18:03:49,BTC,0.04083605,0.0,0.00000001,BTC,4179.0,0.0,0.0001,237
1,[],4,[],2019-02-04 18:03:50,4152237.42900259,0.00000035,0.000000000012128865,6582434,2019-02-04 18:03:50,btc,0.5026078739425724,0.0,0.00000035,btc,1215978.29111002,0.68849444,1.3084778461756403,238
1,[],5,[],2019-02-04 18:03:52,4.29e-06,0.00000033,0.000000000011435786999999999,6582435,2019-02-04 18:03:52,btc,0.79466094,0.00457621,0.00000033,btc,3.008e-05,0.0,0.27068179,238
1,[],22,[],2019-02-04 18:03:55,199984.0,0.00000003,0.000000000001039617,6582436,2019-02-04 18:03:55,BTC,15.41362805,0.0,0.00000003,BTC,291606.3139027493,0.00146619,0.00599952,249
0.00000000009838360000000001,[],22,[],2019-02-04 18:03:59,1311049.0,2.9515080000000004e-18,1.0228126308120001e-22,6582437,2019-02-04 18:03:59,LTC,0.46385524,0.0,0.00000003,LTC,14489283.09,6.5279486272e-14,0.03833449,252
1,[],28,[],2019-02-04 18:04:01,2329675.778,0.0000001,0.00000000000346539,6582438,2019-02-04 18:04:01,btc,164692.28295855894,175016.811,0.0000001,btc,621653.1485,0.0,0.07983160099,256
1,[],22,[],2019-02-04 18:04:05,84204.66666666667,0.00000003,0.000000000001039617,6582439,2019-02-04 18:04:05,BTC,35605.55903929,0.0,0.00000003,BTC,506789.34188300685,0.00112401,0.00130966,258
1,[],22,[],2019-01-26 20:58:41,368451.0,0.00000001,0.000000000000356135,6510120,2019-01-26 20:58:41,BTC,2.642917,0.0,0.00000001,"BTC,LTC",1862.0,0.0,0.02488451,259
1,[],22,[],2019-02-04 18:04:08,44934.09428571429,0.00000700,0.00000000024257729999999997,6582440,2019-02-04 18:04:08,BTC,4.70992424,0.0,0.00000700,BTC,8475.446929624764,0.0,0.089659,262
1,[],5,[],2019-02-04 18:04:10,6.314e-05,0.00000361,0.000000000125100579,6582441,2019-02-04 18:04:10,btc,1.04044452,0.59328305,0.00000361,btc,0.00079004,0.0,0.21423065,264
1,[],20,[],2019-02-04 18:04:12,1239995.9346,0.000003011,0.0000000001043428929,6582442,2019-02-04 18:04:12,btc,4.9952432538931,16040.4276,0.000003011,btc,94264.3517,0.068684790533,0.0221800523638,264
1,[],22,[],2019-02-04 18:04:15,131617.0,0.00000002,0.000000000000693078,6582443,2019-02-04 18:04:15,BTC,8.62043076,0.0,0.00000002,BTC,342070.0960910512,6.8e-05,0.00213471,271
0,[],22,[],2019-02-04 18:04:18,0.0,0,0,6582444,2019-02-04 18:04:18,,369.26513139,0.0,0,,14581807828.9,0.0,0.0,272
0.0000000000000056,[],28,[],2019-02-04 18:04:20,252637896255.63,6.4400000000000006e-21,2.23171116e-25,6582445,2019-02-04 18:04:20,doge,299087774.3531923,18262218427.234,0.00000115,doge,154420751381.531,0.0,9.018098442674606e-10,272
0,[],22,[],2019-02-04 18:04:22,0.0,0,0,6582446,2019-02-04 18:04:22,,0.0,0.0,0,,0.0,0.0,0.0,281
