pairValue,buyBook,exchangeId,sellBook,updated,buyTotal,satoshiPrice,usdPrice,exchangeLogId,created,bestPair,sellTotalBtc,volume,pairPrice,activePairs,sellTotal,volumeBtc,buyTotalBtc,coinId
1,[],10,[],2019-07-13 08:58:05,251434.9725798,0.00271069,0.00000031407274150500003,7812232,2019-07-13 08:58:05,btc,6515.317158446701,1686.04548878,0.00271069,btc,2002.66956917,0.0,1.2639712180673435,1
1,[],3,[],2019-08-16 10:39:42,31398.564429173257,0.008000000000000000166533453693773481063544750213623046875,0.0000008095544,7902901,2019-08-16 10:39:42,btc,9.214708788027773,13.8085225866,0.008000000000000000166533453693773481063544750213623046875,btc,31.451212928436,0.0,0.29201766610353885,1
1,[],4,[],2019-08-16 10:39:43,24974.46785906,0.00785001,0.000000794376266943,7902902,2019-08-16 10:39:43,btc,8.89382074270448,0.0,0.00785001,btc,564.59439199,1.00219033,0.5428846757528866,1
1,[],12,[],2019-08-16 10:39:49,100.30350837,0.00788999999999999944433337617510915151797235012054443359375,0.0000007984230269999999,7902903,2019-08-16 10:39:49,btc,0.4260523559099,0.0,0.00788999999999999944433337617510915151797235012054443359375,btc,44.833304319999996,0.722466406906,0.16617569504830002,1
1,[],20,[],2019-08-16 10:39:51,932.4124,0.00790034,0.0000007994693760620001,7902904,2019-08-16 10:39:51,btc,0.2269903974594,0.5096,0.00790034,btc,19.1626,0.00413059161,0.1290192201057,1
1,[],21,[],2019-08-16 10:39:52,2062.47605615,0.007895910000000000775188802038,0.0000007990210853130001,7902905,2019-08-16 10:39:52,btc,9.438216807992308,1033.09098304,0.00789591000000000077518880203797380090691149234771728515625,"btc,eth",1755.76917868,7.063882441312081,12.790645763999589,1
1,[],22,[],2019-08-16 10:39:57,0.5198816666666667,0.00600000,0.0000006071658,7902906,2019-08-16 10:39:57,BTC,0.01699234,0.0,0.00600000,BTC,0.2826706326589883,0.0,0.00302178,1
1,[],24,[],2019-08-16 10:39:57,0.0,0.000000000000,0,7902907,2019-08-16 10:39:57,btc,0.0,0.0,0.000000000000,btc,0.0,0.0,0.0,1
0.0,[],25,[],2019-08-16 10:39:58,0.0,0,0,7902908,2019-08-16 10:39:58,btc,18.177099999424033,12436.20025005,0.0,btc,2214.78826715,99.619,0.0,1
1,[],26,[],2019-08-16 10:40:03,0.0,0,0,7902909,2019-08-16 10:40:03,,0.0,0.0,0,,0.0,0.0,0.0,1
0,[],28,[],2019-08-16 10:42:39,0.0,0,0,7902910,2019-08-16 10:42:39,,0.0,2611.0,0,,0.0,0.0,0.0,1
1,[],5,[],2019-07-06 00:27:44,0.0,0,0,7800775,2019-07-06 00:27:44,btc,0.0,0.00190933,0,btc,0.0,0.0,0.0,1
0,[],2,[],2019-01-20 23:28:45,0.0,0,0,6477011,2019-01-20 23:28:45,,0.0,0.0,0,,0.0,0.0,0.0,1
1,[],22,[],2019-08-16 10:42:43,11550.3,0.0000002,0.00000000002023886,7902911,2019-08-16 10:42:43,BTC,21.00878619,0.0,0.0000002,"BTC,XMR",19931.59287795317,0.0,0.00143681,2
1,[],5,[],2019-07-06 00:28:14,0.0,0,0,7800785,2019-07-06 00:28:14,btc,0.0,0.00208797,0,btc,0.0,0.0,0.0,2
1,[],5,[],2019-06-03 14:48:58,0.0,0,0,7731126,2019-06-03 14:48:58,btc,0.0,0.05905545,0,btc,0.0,0.0,0.0,3
1,[],12,[],2019-08-16 10:42:45,5402692.16281868,0.00000006,0.000000000006071658,7902912,2019-08-16 10:42:45,btc,42993.10891939488,0.0,0.00000006,btc,9697935.33282843,0.035457400729,0.22360706065292027,3
0,[],28,[],2019-08-16 10:42:46,0.0,0,0,7902913,2019-08-16 10:42:46,,0.0,0.0,0,,0.0,0.0,0.0,3
0,[],2,[],2019-01-20 23:31:32,0.0,0,0,6477077,2019-01-20 23:31:32,,0.0,0.0,0,,0.0,0.0,0.0,4
1,[],4,[],2019-08-16 10:42:47,5646544.71707076,0.00000013,0.000000000013155259000000001,7902914,2019-08-16 10:42:47,btc,27.56686633122687,0.0,0.00000013,btc,1507290.55987745,0.0005859,0.0823102066909507,4
0,[],2,[],2019-01-20 23:31:51,0.0,0,0,6477087,2019-01-20 23:31:51,,0.0,0.0,0,,0.0,0.0,0.0,6
1,[],11,[],2019-08-15 15:27:29,324074.0,0.00000001,0.0000000000010065590000000001,7900084,2019-08-15 15:27:29,btc,9583.47119397936,4910218.0,0.00000001,btc,78345418.50750598,0.0,0.00324074,6
1,[],3,[],2019-08-16 10:42:49,11398.971117375679,0.0000606000000000000025516914969880843955252203159034252166748046875,0.0000000061323745800000005,7902915,2019-08-16 10:42:49,btc,1026.2998363172858,0.0,0.0000606000000000000025516914969880843955252203159034252166748046875,btc,409.649127809976,0.0,0.01813974303030625,7
1,[],4,[],2019-08-16 10:42:50,55784.30563552,0.00008300,0.0000000083991269,7902916,2019-08-16 10:42:50,btc,13.536120630900518,0.0,0.00008300,btc,82706.26448132,0.57317166,1.8896159368237997,7
1,[],5,[],2019-07-06 00:28:21,0.0,0,0,7800789,2019-07-06 00:28:21,btc,0.0,0.38662001,0,btc,0.0,0.0,0.0,7
1,[],5,[],2019-07-05 17:50:59,0.0,0,0,7799863,2019-07-05 17:50:59,btc,0.0,0.04857279,0,btc,0.0,0.0,0.0,12
0,[],2,[],2019-01-20 23:23:08,0.0,0,0,6476890,2019-01-20 23:23:08,,0.0,0.0,0,,0.0,0.0,0.0,12
1,[],4,[],2019-08-16 10:42:51,24851221.578313,0.00000022,0.000000000022262746,7902917,2019-08-16 10:42:51,btc,5.47371060350834,0.0,0.00000022,btc,8850963.75227137,0.21803482,1.9168534389597802,12
0.0,[],25,[],2019-08-16 10:42:53,0.0,0,0,7902918,2019-08-16 10:42:53,,0.0,0.0,0.0,btc,0.0,0.0,0.0,12
1,[],4,[],2019-08-16 10:42:53,891927.60070102,0.00000137,0.000000000138636191,7902919,2019-08-16 10:42:53,btc,3.5120058585871594,0.0,0.00000137,btc,904737.03076099,0.15515284,0.403533451799221,13
1,[],10,[],2019-08-16 10:42:55,681543.90058887,0.00000131,0.000000000132564533,7902920,2019-08-16 10:42:55,btc,666797.226511459,28659.7929532,0.00000131,btc,1013190.45479553,0.0,0.1313712796097346,13
1,[],21,[],2019-08-16 10:42:56,6147100.32920519,0.000001390000000000000032391082004,0.00000000014066007700000002,7902921,2019-08-16 10:42:56,btc,3.678206697283187,947490.39779563,0.000001390000000000000032391082004090687718189656152389943599700927734375,btc,1752717.7165115,1.35531767,2.5251158920999823,13
1,[],4,[],2019-08-16 10:42:58,1513629.81102368,0.00000075,0.000000000075895725,7902922,2019-08-16 10:42:58,btc,2.86888395751642,0.0,0.00000075,btc,871339.16073156,0.02044013,0.26841105931268,14
1,[],12,[],2019-08-16 10:42:58,238277.28934336,0.00000079,0.00000000007994349699999999,7902923,2019-08-16 10:42:58,btc,651.9824543467626,0.0,0.00000079,btc,31267.26404308,0.003918210276,0.0261876728249671,14
1,[],26,[],2019-08-16 10:44:58,0.0,0,0,7902924,2019-08-16 10:44:58,,0.0,0.0,0,,0.0,0.0,0.0,14
0,[],17,[],2019-05-03 00:53:32,0.0,0,0,7558876,2019-05-03 00:53:32,btc,0.0,0.0,0,btc,0.0,0.0,0.0,14
,[],12,[],2018-12-01 15:15:48,204241.84496,0.00000489,0.000000000202473384,5260204,2018-12-01 15:15:48,btc,49.5475654835,0.0,,btc,35763.2193806,0.0163153972027625,0.0203389899998,15
0,[],4,[],2019-08-16 10:44:59,0.0,0,0,7902925,2019-08-16 10:44:59,,0.0,0.0,0,,0.0,0.0,0.0,15
0,[],2,[],2019-01-20 23:23:38,0.0,0,0,6476906,2019-01-20 23:23:38,,0.0,0.0,0,,0.0,0.0,0.0,18
1,[],4,[],2019-08-16 10:45:01,42160.61222499,0.00000792,0.0000000008014588560000001,7902926,2019-08-16 10:45:01,btc,2.4273604569662863,0.0,0.00000792,btc,20817.25246473,0.05622944,0.1010039447296874,18
1,[],10,[],2019-08-16 10:45:04,404456.27580045,0.00000667,0.000000000674965981,7902927,2019-08-16 10:45:04,btc,15.236877899101808,3766.82447255,0.00000667,btc,26883.01146964,0.0,0.2718144053967561,18
1,[],12,[],2019-08-16 10:45:05,9133.83200471,0.000007279999999999999755269548817881997138101723976433277130126953125,0.000000000736694504,7902928,2019-08-16 10:45:05,btc,0.5674142796434406,0.0,0.000007279999999999999755269548817881997138101723976433277130126953125,btc,2110.62055129,0.001071914809,0.0217435005894234,18
0,[],17,[],2019-05-03 00:53:39,0.0,0,0,7558882,2019-05-03 00:53:39,btc,0.0,0.0,0,btc,0.0,0.0,0.0,18
0,[],27,[],2019-08-12 16:48:42,0.0,0,0,7891818,2019-08-12 16:48:42,,0.0,0.0,0,btc,0.0,0.0,0.0,19
0,[],2,[],2019-01-20 23:24:19,0.0,0,0,6476924,2019-01-20 23:24:19,,0.0,0.0,0,,0.0,0.0,0.0,19
1,[],3,[],2019-08-16 10:47:05,217663.5580029156,0.0000061000000000000000416008373582688051328659639693796634674072265625,0.00000000061728523,7902929,2019-08-16 10:47:05,btc,190.5815195477433,15953.2487592,0.0000061000000000000000416008373582688051328659639693796634674072265625,btc,51429.978580931864,0.0,0.3745148675238082,19
1,[],4,[],2019-08-16 10:47:06,571358.29798594,0.00000600,0.0000000006071658,7902930,2019-08-16 10:47:06,btc,3.109003410297093,0.0,0.00000600,btc,251172.75512048,0.12114957,1.580496062555973,19
1,[],12,[],2019-08-16 10:47:07,128399.21074556,0.0000075000000000000001900064307280846520598061033524572849273681640625,0.0000000007589572500000001,7902931,2019-08-16 10:47:07,btc,0.9337085624394331,0.0,0.0000075000000000000001900064307280846520598061033524572849273681640625,btc,2900.77160987,0.0,0.0159446419996219,19
1,[],5,[],2019-07-06 02:01:19,0.0,0,0,7800799,2019-07-06 02:01:19,btc,0.0,0.0,0,btc,0.0,0.0,0.0,19
1,[],4,[],2019-08-16 10:47:08,10468102.32813501,0.00000006,0.0000000000060716580000000005,7902932,2019-08-16 10:47:08,btc,4.986065102991619,0.0,0.00000006,btc,2305413.8842246,0.00199117,0.1263190499480169,20
0,[],4,[],2019-08-16 10:47:09,0.0,0,0,7902933,2019-08-16 10:47:09,,49600.94266534715,0.0,0,,170489607.50214377,0.0,0.0,21
0,[],12,[],2019-08-16 10:47:10,0.0,0,0,7902934,2019-08-16 10:47:10,btc,2617.976471280819,0.0,0,btc,8688404.88011986,1.998e-07,0.0,21
0,[],17,[],2019-05-03 00:53:51,0.0,0,0,7558891,2019-05-03 00:53:51,btc,0.0,0.0,0,btc,0.0,0.0,0.0,21
0.0000000002204393,[],27,[],2019-07-29 17:24:02,79794022.5,8.5971327e-17,8.21370058158e-21,7852364,2019-07-29 17:24:02,eth,1253.5830452782222,787155.0,0.00000039,eth,2317982.66147653,6.7672759904685e-11,2.1948587434632156e-09,23
1,[],12,[],2019-08-16 10:49:11,4127807376.7476683,0.0000000027,0.00000000000027322461000000004,7902935,2019-08-16 10:49:11,btc,167285727779.24472,0.0,0.0000000027,btc,1804989021.4945054,0.430254289769,2.491068637773969,23
1,[],4,[],2019-08-16 10:49:12,6363736.47291301,0.00000052,0.000000000052621036000000005,7902936,2019-08-16 10:49:12,btc,9.07303708963421,0.0,0.00000052,btc,2022283.43208055,0.10885635,0.338393839604596,24
0,[],22,[],2019-08-16 10:49:16,0.0,0,0,7902937,2019-08-16 10:49:16,,0.0,0.0,0,,0.0,0.0,0.0,24
0.0,[],25,[],2019-08-16 10:49:18,0.0,0,0,7902938,2019-08-16 10:49:18,,0.0,0.0,0.0,btc,0.0,0.0,0.0,24
0,[],2,[],2019-01-20 23:25:56,0.0,0,0,6476976,2019-01-20 23:25:56,,0.0,0.0,0,,0.0,0.0,0.0,26
1,[],4,[],2019-08-16 10:49:18,26955970.59884896,0.00000351,0.000000000355191993,7902939,2019-08-16 10:49:18,btc,106.89405990082125,0.0,0.00000351,btc,1058971.48421206,0.06377411,0.4365611564840971,26
1,[],10,[],2019-08-16 10:49:20,231386.25349883,0.00000401,0.000000000405789143,7902940,2019-08-16 10:49:20,btc,25.727689439246465,7255.87931185,0.00000401,btc,18656.77421571,0.0,0.0502691905150394,26
0.0000000000735446,[],4,[],2019-08-16 10:49:21,713049343.039101,4.9274882e-17,4.9863371915726006e-21,7902941,2019-08-16 10:49:21,ltc,12.526805256712056,0.0,0.00000067,ltc,1035354672.2128935,0.00156681,5.321037154669567e-09,29
1,[],7,[],2019-08-16 10:49:22,0.0,0,0,7902942,2019-08-16 10:49:22,btc,1236881.0117467074,0.0,0,btc,60536248.12702675,0.0,0.0,29
0,[],17,[],2019-05-03 01:11:25,0.0,0,0,7559066,2019-05-03 01:11:25,btc,0.0,0.0,0,btc,0.0,0.0,0.0,30
1,[],4,[],2019-08-16 10:49:23,15063484.37719009,0.00000008,0.000000000008095544000000001,7902943,2019-08-16 10:49:23,btc,2.6092408159836005,0.0,0.00000008,btc,2013864.51711004,0.00621076,0.1755489513988888,30
1,[],4,[],2019-08-16 10:51:25,213078.47439192,0.00002922,0.0000000029568974460000002,7902944,2019-08-16 10:51:25,btc,2.627349968975753,0.0,0.00002922,btc,52908.96271575,0.25668394,0.4977203488244137,31
1,[],21,[],2019-08-16 10:51:25,70152.36907151,0.00003071999999999999725460927968,0.000000003108688896,7902945,2019-08-16 10:51:25,btc,6.411319474738103,56298.92008873,0.0000307199999999999972546092796843453243127441965043544769287109375,btc,166455.14681601,1.7643789,1.8321847788481795,31
0,[],2,[],2019-01-20 23:28:43,0.0,0,0,6477009,2019-01-20 23:28:43,,0.0,0.0,0,,0.0,0.0,0.0,32
0,[],4,[],2019-08-16 10:18:09,0.0,0,0,7902835,2019-08-16 10:18:09,,0.0,0.0,0,,0.0,0.0,0.0,33
1,[],12,[],2019-03-30 07:55:10,40641173.964,0.00000003,0.000000000001228359,7108785,2019-03-30 07:55:10,btc,4233210.82356125,0.0,0.00000003,btc,28378394.68333462,0.0126927883965248,0.90752895892,33
0.0000000000735446,[],4,[],2019-08-16 10:51:27,39117892.2107039,3.1624178e-17,3.2001865557854003e-21,7902946,2019-08-16 10:51:27,ltc,6.025600106914154,0.0,0.00000043,ltc,160764869.03856456,0.0,5.587602457831135e-10,34
1,[],5,[],2019-07-06 02:03:46,0.0,0,0,7800811,2019-07-06 02:03:46,btc,0.0,0.0,0,btc,0.0,0.0,0.0,34
1,[],27,[],2019-08-12 16:26:17,6255.0,0.00000019,0.000000000021630303,7891745,2019-08-12 16:26:17,btc,22.61101824371233,0.0,0.00000019,btc,4198.924835,0.0,0.00091445,37
1,[],4,[],2019-08-16 10:18:11,11135967.32762917,0.00000016,0.0000000000161068,7902837,2019-08-16 10:18:11,btc,19773.964525011197,0.0,0.00000016,btc,2322669.30975923,0.01050274,0.2072657515351321,37
1,[],12,[],2019-08-16 10:18:12,8689783.44988344,0.00000016,0.0000000000161068,7902838,2019-08-16 10:18:12,btc,1723.9976408147745,0.0,0.00000016,btc,2217594.12390778,0.015449405294,0.2799396199999986,37
1,[],17,[],2019-05-03 01:11:36,211752.74075282,0.00000025,0.000000000013700074999999998,7559074,2019-05-03 01:11:36,btc,0.055484923955058496,0.0,0.00000025,"btc,eth",1387.19918473,0.0,0.0005381851887916605,37
0,[],27,[],2019-08-12 16:26:27,0.0,0,0,7891747,2019-08-12 16:26:27,,0.001005,0.0,0,"btc,eth",3.0,0.0,0.0,42
1,[],12,[],2019-08-16 10:20:14,220073.9395292,0.00000119000000000000004144145963891343598106686840765178203582763671875,0.00000000011979432500000002,7902839,2019-08-16 10:20:14,btc,559.2146820094628,0.0,0.00000119000000000000004144145963891343598106686840765178203582763671875,btc,169596.76570209,0.004675430346,0.0584663931659201,42
1,[],5,[],2019-07-06 02:03:47,0.0,0,0,7800812,2019-07-06 02:03:47,btc,0.0,0.14382058,0,btc,0.0,0.0,0.0,42
1,[],12,[],2019-03-13 09:13:29,1112112.0,0.00000001,0.000000000000386531,6919902,2019-03-13 09:13:29,btc,29058.00478931866,0.0,0.00000001,btc,5967681.93306694,9.99000999e-07,0.01112112,43
1,[],5,[],2019-04-26 22:38:52,0.0,0,0,7474154,2019-04-26 22:38:52,btc,0.0,0.02638891,0,btc,0.0,0.0,0.0,43
0,[],17,[],2019-04-26 22:38:53,0.0,0,0,7474155,2019-04-26 22:38:53,btc,0.0,0.0,0,btc,0.0,0.0,0.0,43
0.0000000000735446,[],4,[],2019-08-16 10:51:28,107671001.63735545,6.545469400000001e-17,6.623641941044201e-21,7902947,2019-08-16 10:51:28,ltc,2096.2775092669062,0.0,0.00000089,ltc,26171053.00447384,0.0,4.1175530380248417e-10,49
0.0000000000735718,[],4,[],2019-08-16 10:20:16,92544136.92729232,1.839295e-17,1.851572294125e-21,7902841,2019-08-16 10:20:16,ltc,31170.254092865467,0.0,0.00000025,ltc,234062637.524657,0.0,4.6423583185114256e-10,52
0,[],27,[],2019-08-12 16:26:37,0.0,0,0,7891750,2019-08-12 16:26:37,,0.0,0.0,0,"btc,eth",0.0,0.0,0.0,57
0,[],22,[],2019-08-16 10:20:19,0.0,0,0,7902842,2019-08-16 10:20:19,,10290.02779686,0.0,0,,282696231.3316013,0.0,0.0,57
0.0000000000735718,[],4,[],2019-08-16 10:20:20,796559669.980984,7.357179999999999e-19,7.4062891765e-23,7902843,2019-08-16 10:20:20,ltc,19.78756266829066,0.0,0.00000001,ltc,5443082762.22347,0.0,5.860432872790696e-10,58
1,[],12,[],2019-08-16 10:20:21,1245333603.2145119,0.0000000001,0.000000000000010066750000000001,7902844,2019-08-16 10:20:21,btc,52870205.54131451,0.0,0.0000000001,btc,4162954481.699337,0.018602681431,0.1245333603214512,58
0.00000000007928350000000001,[],22,[],2019-08-16 10:22:25,126877.0,7.928350000000001e-19,7.981271736250001e-23,7902845,2019-08-16 10:22:25,XMR,68.17454206,0.0,0.00000001,XMR,9626402.6,0.0,0.00126877,58
1,[],17,[],2019-05-03 01:12:09,1200000.0,0.0000000001,0.00000000000000548003,7559085,2019-05-03 01:12:09,btc,1e+24,0.0,0.0000000001,"btc,eth",39516342.31952568,0.0,0.00010000000058666061,58
0,[],22,[],2019-08-16 10:22:28,0.0,0,0,7902846,2019-08-16 10:22:28,,1000.95212025,0.0,0,,9572.689066014545,0.0,0.0,61
1,[],26,[],2019-08-16 10:22:28,0.0,0,0,7902847,2019-08-16 10:22:28,,0.0,0.0,0,,0.0,0.0,0.0,61
1,[],28,[],2019-08-16 10:24:46,40000.0,0.00000004,0.0000000000040267,7902848,2019-08-16 10:24:46,btc,0.242343945415105,360.0,0.00000004,btc,8016.46650005,0.0,0.001,61
0,[],27,[],2019-07-29 19:34:56,0.0,0,0,7852673,2019-07-29 19:34:56,,1.97314195,0.0,0,"btc,eth",10936.9,0.0,0.0,61
1,[],5,[],2019-06-17 14:31:27,0.0,0,0,7740135,2019-06-17 14:31:27,btc,0.0,0.00079154,0,btc,0.0,0.0,0.0,61
1,[],4,[],2019-08-16 10:24:47,1875993.65972598,0.00000086,0.00000000008657405,7902849,2019-08-16 10:24:47,btc,3.4746397465475005,0.0,0.00000086,btc,1289907.34812228,0.0402907,0.88220931866899,67
0.0,[],25,[],2019-08-16 10:24:49,0.0,0,0,7902850,2019-08-16 10:24:49,,0.0,0.0,0.0,btc,0.0,0.0,0.0,67
1,[],12,[],2019-06-02 06:23:14,910048.355,0.00000006,0.000000000005154929999999999,7725270,2019-06-02 06:23:14,btc,5.167005424215783,0.0,0.00000006,btc,738530.60239759,0.003159757462,0.0187188113,71
,[],5,[],2018-11-20 23:02:39,1.5e-07,0.00000005,0.000000000002128045,4862160,2018-11-20 23:02:39,btc,2.84511358,0.0,,btc,0.00036572,0.0,0.07381892,74
1,[],5,[],2019-07-06 00:15:01,0.0,0,0,7800749,2019-07-06 00:15:01,btc,0.0,0.01883861,0,btc,0.0,0.0,0.0,75
1,[],4,[],2019-08-16 10:24:52,186132.1997538,0.00006607,0.000000006651101725,7902851,2019-08-16 10:24:52,btc,57.98441346027158,0.0,0.00006607,btc,126578.34935826,0.74459353,0.6203403055003813,82
1,[],21,[],2019-08-16 10:24:53,944288.40439684,0.00006226999999999999842095060876,0.000000006268565225,7902852,2019-08-16 10:24:53,btc,4.676998266538537,7418.87642618,0.000062269999999999998420950608757351574240601621568202972412109375,btc,54649.91646975,0.45247205,1.6686411523254348,82
0,[],4,[],2019-07-23 20:51:52,0.0,0,0,7830376,2019-07-23 20:51:52,,1.6413985531662756,0.0,0,,620289065.5915176,0.0,0.0,85
,[],22,[],2018-11-20 23:09:34,3408.1,0.0000001,0.0000000000041895,4862324,2018-11-20 23:09:34,BTC,0.04624735,0.0,,BTC,4990.0,0.0,0.00033081,86
1,[],27,[],2019-08-06 12:06:36,100155.0,0.00000003,0.000000000003516594,7875448,2019-08-06 12:06:36,btc,7.177196150774,345.0,0.00000003,btc,287406.89336,1.035e-05,0.00300465,87
1,[],22,[],2019-08-16 10:24:56,185880.0,0.00000002,0.00000000000201335,7902853,2019-08-16 10:24:56,BTC,1.8214538,0.0,0.00000002,BTC,792088.347368421,0.0,0.00186702,87
,[],2,[],2018-11-20 23:10:47,0.0,0,0,4862359,2018-11-20 23:10:47,,0.0,0.0,,,0.0,0.0,0.0,88
0,[],2,[],2019-01-20 23:31:45,0.0,0,0,6477083,2019-01-20 23:31:45,,0.0,0.0,0,,0.0,0.0,0.0,91
1,[],12,[],2019-07-29 19:37:20,363887.60323923,0.0000004,0.0000000000380056,7852681,2019-07-29 19:37:20,btc,434.49795557380435,0.0,0.0000004,btc,256704.51785259,0.005208319156,0.022326455808262,91
1,[],22,[],2019-07-29 19:39:29,50200.0,0.00000002,0.00000000000190028,7852682,2019-07-29 19:39:29,BTC,1.05335,0.0,0.00000002,"BTC,LTC",1839.95,1.836e-05,0.001804,91
0,[],17,[],2019-05-03 01:12:26,0.0,0,0,7559096,2019-05-03 01:12:26,btc,0.0,0.0,0,btc,0.0,0.0,0.0,91
0.0000000000735718,[],4,[],2019-08-16 10:24:56,568033209.3315054,1.0300052e-17,1.03688048471e-21,7902854,2019-08-16 10:24:56,ltc,11.470885561409338,0.0,0.00000014,ltc,202045874.37540174,0.0,7.042373068960737e-10,96
0,[],12,[],2019-08-16 10:24:57,0.0,0,0,7902855,2019-08-16 10:24:57,btc,47.73949115563437,0.0,0,btc,13200102.563436551,0.0,0.0,96
0,[],17,[],2019-05-03 01:12:32,0.0,0,0,7559100,2019-05-03 01:12:32,btc,0.0,0.0,0,btc,0.0,0.0,0.0,96
0,[],2,[],2019-01-20 23:23:55,0.0,0,0,6476914,2019-01-20 23:23:55,,0.0,0.0,0,,0.0,0.0,0.0,100
1,[],4,[],2019-08-16 10:26:58,140425.07894159,0.00001361,0.000000001370084675,7902856,2019-08-16 10:26:58,btc,7.669357009282285,0.0,0.00001361,btc,182225.89658836,0.24670744,0.622560122715109,100
1,[],22,[],2019-08-16 10:27:02,146000.0,0.00000002,0.00000000000201335,7902857,2019-08-16 10:27:02,BTC,26.50623849,0.0,0.00000002,BTC,10383.92,0.0,0.00162,101
1,[],27,[],2019-08-12 16:30:59,2050161.9,0.00000005,0.0000000000056921850000000005,7891762,2019-08-12 16:30:59,btc,261.32824567561846,0.0,0.00000005,btc,285690.80442935,0.0,0.060251537,105
1,[],12,[],2019-08-16 10:27:03,40275275.0,0.000000003,0.0000000000003020025,7902858,2019-08-16 10:27:03,btc,342443.22465153335,0.0,0.000000003,btc,116951696.2100767,0.003531970002,0.061758841,105
1,[],27,[],2019-08-12 16:31:06,1.0,0.00000001,0.000000000001138437,7891764,2019-08-12 16:31:06,btc,0.0,0.0,0.00000001,"btc,eth",0.0,0.0,1e-08,112
0,[],22,[],2019-08-16 10:27:07,0.0,0,0,7902859,2019-08-16 10:27:07,,6.79500102,0.0,0,,3375892.0833333335,0.0,0.0,112
1,[],5,[],2019-07-06 00:19:31,0.0,0,0,7800761,2019-07-06 00:19:31,btc,0.0,0.0,0,btc,0.0,0.0,0.0,112
1,[],4,[],2019-08-16 10:27:08,743792.31499688,0.00000087,0.00000000008758072500000001,7902860,2019-08-16 10:27:08,btc,7.026090745475689,0.0,0.00000087,btc,1429893.42034684,0.07416594,0.3588896071195781,113
1,[],5,[],2019-07-06 00:19:43,0.0,0,0,7800765,2019-07-06 00:19:43,btc,0.0,0.0,0,btc,0.0,0.0,0.0,113
1,[],17,[],2019-04-26 02:17:47,162738.278,0.00000004,0.0000000000021069000000000002,7461287,2019-04-26 02:17:47,btc,1.3331140273775473,0.0,0.00000004,btc,51796.221,0.0,0.00230953112,116
1,[],27,[],2019-08-02 18:48:59,95525.16595526,0.00000001,0.000000000001045936,7866367,2019-08-02 18:48:59,btc,3918.96487209,0.0,0.00000001,btc,88497.69,0.0,0.0009552516595526,116
1,[],4,[],2019-08-16 10:29:09,19499756.02887848,0.00000094,0.00000000009462745,7902861,2019-08-16 10:29:09,btc,128.26403319649395,0.0,0.00000094,btc,1321806.72843036,0.43877379,1.9013959623139705,120
1,[],7,[],2019-08-16 10:29:10,3772.25267772,0.0000071600000000000000571613069377807647697409265674650669097900390625,0.0000000007207793000000001,7902862,2019-08-16 10:29:10,btc,231231.54038751818,0.0,0.0000071600000000000000571613069377807647697409265674650669097900390625,btc,4396.95291613,0.0,0.0089528617542864,120
1,[],4,[],2019-08-16 10:29:12,944982.78958146,0.00000301,0.000000000303009175,7902863,2019-08-16 10:29:12,btc,2.8411330906825794,0.0,0.00000301,btc,350064.93622221,0.13707701,0.213901435593482,131
0,[],2,[],2019-01-20 23:25:46,0.0,0,0,6476969,2019-01-20 23:25:46,,0.0,0.0,0,,0.0,0.0,0.0,131
1,[],17,[],2019-05-03 01:13:10,10000.0,0.00000001,0.000000000000548003,7559115,2019-05-03 01:13:10,btc,0.0953976503951408,0.0,0.00000001,btc,5037.62507334,0.0,0.0001,131
1,[],4,[],2019-08-16 10:31:13,8553.84532262,0.00007197,0.0000000072450399750000004,7902864,2019-08-16 10:31:13,btc,0.2950423866784035,0.0,0.00007197,btc,234.13941042,0.00084817,0.0035940407338146,135
1,[],3,[],2019-07-13 16:51:20,187.26592867,0.00000001,0.000000000001140965,7813490,2019-07-13 16:51:20,btc,419.77407087449336,1935513.62324,0.00000001,btc,3179086.72005867,0.0,1.8726592866999999e-06,136
1,[],4,[],2019-08-16 10:31:15,832328.0414649,0.00000407,0.000000000409716725,7902865,2019-08-16 10:31:15,btc,24.18541238306749,0.0,0.00000407,btc,516133.83962421,0.19759152,1.7776975825336083,137
1,[],12,[],2019-08-16 10:31:18,129665.41182601,0.0000049599999999999999449572241072559108943096362054347991943359375,0.0000000004993108000000001,7902866,2019-08-16 10:31:18,btc,39.900912929030305,0.0,0.0000049599999999999999449572241072559108943096362054347991943359375,btc,56094.80771529,0.010358517075,0.0136523285918317,137
1,[],4,[],2019-08-16 10:31:19,1310250.29217079,0.00003902,0.00000000392804585,7902867,2019-08-16 10:31:19,btc,12.167778336405581,0.0,0.00003902,btc,132338.14446866,1.04607623,2.4617990917474337,142
1,[],20,[],2019-08-16 10:33:23,110263.2336,0.000039895,0.0000000040161299125000005,7902868,2019-08-16 10:33:23,btc,1.2787814774422,5.9097,0.000039895,btc,3129.9693,0.0002358645489,0.0209010026641,142
1,[],22,[],2019-08-16 10:33:28,10619.88,0.00000200,0.000000000201335,7902869,2019-08-16 10:33:28,BTC,1.55898515,0.0,0.00000200,BTC,835.8398331062671,0.0,0.00416696,142
0.0,[],25,[],2019-08-16 10:33:30,0.0,0,0,7902870,2019-08-16 10:33:30,,0.0,0.0,0.0,btc,0.0,0.0,0.0,142
0,[],28,[],2019-08-16 10:35:31,0.0,0,0,7902871,2019-08-16 10:35:31,,0.0,0.0,0,,0.0,0.0,0.0,142
1,[],17,[],2019-05-03 01:13:16,32967.38636364,0.00000088,0.000000000048224264,7559122,2019-05-03 01:13:16,btc,20.06976206696776,0.0,0.00000088,btc,2746.079105,0.0,0.0105613000000032,142
1,[],5,[],2019-07-06 02:06:10,0.0,0,0,7800822,2019-07-06 02:06:10,btc,0.0,0.00140707,0,btc,0.0,0.0,0.0,142
0,[],22,[],2019-08-16 10:35:33,0.0,0,0,7902872,2019-08-16 10:35:33,,68.14027224,0.0,0,,718000153.5744588,0.0,0.0,143
0,[],22,[],2019-02-25 15:42:22,0.0,0,0,6783783,2019-02-25 15:42:22,,4.2131946,0.0,0,,2322156.0,0.0,0.0,146
,[],22,[],2018-11-20 23:01:11,0.0,0,0,4862114,2018-11-20 23:01:11,,2.56807021,0.0,,,61828.4988236,0.0,0.0,147
1,[],12,[],2019-04-21 06:38:04,193091.5971266,0.00000071,0.000000000037635183,7388679,2019-04-21 06:38:04,btc,2.301232411611175,0.0,0.00000071,btc,9957.48302385,0.00023528,0.0313308199999888,148
1,[],5,[],2019-04-26 09:36:59,0.0,0,0,7465040,2019-04-26 09:36:59,btc,0.0,0.0,0,btc,0.0,0.0,0.0,153
0,[],23,[],2019-01-20 23:24:29,0.0,0,0,6476932,2019-01-20 23:24:29,,0.0,0.0,0,,0.0,0.0,0.0,156
0,[],22,[],2019-08-16 10:35:36,0.0,0,0,7902873,2019-08-16 10:35:36,,6.78813965,0.0,0,,4560228.592592592,0.0,0.0,156
1,[],22,[],2019-08-16 10:35:40,6996.0,0.00000001,0.000000000001006675,7902874,2019-08-16 10:35:40,BTC,1.7547719,0.0,0.00000001,BTC,64.8,0.0,6.996e-05,157
0,[],22,[],2019-08-16 10:35:43,0.0,0,0,7902875,2019-08-16 10:35:43,,50234.60468402,0.0,0,,54786159.03179465,0.0,0.0,158
,[],17,[],2018-11-20 22:56:10,0.0,0,0,4861976,2018-11-20 22:56:10,btc,1.1265625,0.0,,btc,1000.0,0.0,0.0,159
,[],20,[],2018-11-20 22:56:12,0.0,0,0,4861977,2018-11-20 22:56:12,btc,11912.7940471,0.0,,btc,34413894.3617,0.0,0.0,159
1,[],22,[],2019-08-16 10:35:48,58948.0,0.00000001,0.000000000001006675,7902876,2019-08-16 10:35:48,BTC,12.83785151,0.0,0.00000001,"BTC,LTC",190182.34947371835,0.0,0.00100948,171
0.0000000000735718,[],22,[],2019-08-16 10:35:52,144000.0,3.67859e-18,3.70314458825e-22,7902877,2019-08-16 10:35:52,LTC,1.7462213,0.0,0.00000005,LTC,1298220.8536050986,0.0,0.00344,173
1,[],5,[],2019-07-06 02:08:45,0.0,0,0,7800830,2019-07-06 02:08:45,btc,0.0,0.00700197,0,btc,0.0,0.0,0.0,175
0,[],22,[],2019-08-16 10:35:56,0.0,0,0,7902878,2019-08-16 10:35:56,,393.97295672,0.0,0,,135375.61833431243,0.0,0.0,176
1,[],7,[],2019-07-01 10:15:32,0.0,0,0,7783526,2019-07-01 10:15:32,btc,521516.2326888725,0.0,0,btc,26809253.73522063,0.0,0.0,178
0,[],22,[],2019-08-16 10:35:59,0.0,0,0,7902879,2019-08-16 10:35:59,,1.00255534,0.0,0,,112828.0,0.0,0.0,178
0,[],2,[],2019-01-20 23:28:34,0.0,0,0,6477001,2019-01-20 23:28:34,,0.0,0.0,0,,0.0,0.0,0.0,178
1,[],5,[],2019-07-06 02:08:50,0.0,0,0,7800832,2019-07-06 02:08:50,btc,0.0,6.904e-05,0,btc,0.0,0.0,0.0,179
0,[],23,[],2019-01-20 23:25:08,0.0,0,0,6476952,2019-01-20 23:25:08,,0.0,0.0,0,,0.0,0.0,0.0,179
0,[],22,[],2019-08-16 10:36:02,0.0,0,0,7902880,2019-08-16 10:36:02,,10.33352785,0.0,0,,14883771.231946677,0.0,0.0,179
1,[],22,[],2019-08-16 10:38:08,775878.18432282,0.00000051,0.000000000051340425,7902881,2019-08-16 10:38:08,BTC,2.96798102,0.0,0.00000051,"BTC,LTC",248281.59096771595,0.000112,0.61555445,180
1,[],26,[],2019-08-16 10:38:08,0.0,0,0,7902882,2019-08-16 10:38:08,,0.0,0.0,0,,0.0,0.0,0.0,180
1,[],17,[],2019-05-03 01:13:56,20504.725000000002,0.0000001,0.00000000000548003,7559141,2019-05-03 01:13:56,btc,5.2010695838400265,0.0,0.0000001,btc,5033.45945,0.0,0.0011504725,180
,[],7,[],2018-11-20 22:58:01,562227.975654,0.00000085,0.000000000036176765,4862015,2018-11-20 22:58:01,btc,21836.6059674,2491.87645172,,btc,749999.041456,0.00211021,0.127565380455,183
,[],5,[],2019-01-10 08:11:41,0.0,0,0,6347036,2019-01-10 08:11:41,btc,82.15055501,0.00261,,btc,1.19002445,0.0,0.0,187
,[],17,[],2018-11-16 20:58:10,4062536.27273,0.00000001,0.000000000000550501,4708775,2018-11-16 20:58:10,btc,3.36492563466,0.195460381006,,"btc,eth",110697919.549,0.0,0.0157628953496,187
1,[],24,[],2019-05-22 21:04:52,0.0,0.000000000014,0.0000000000000010960978,7670219,2019-05-22 21:04:52,btc,0.0,0.0,0.000000000014,btc,0.0,0.0,0.0,187
0,[],23,[],2019-01-20 23:31:41,0.0,0,0,6477079,2019-01-20 23:31:41,,0.0,0.0,0,,0.0,0.0,0.0,199
0,[],22,[],2019-08-16 10:38:11,0.0,0,0,7902883,2019-08-16 10:38:11,,6.22011878,0.0,0,,40771826.0,0.0,0.0,199
1,[],26,[],2019-08-16 10:38:11,0.0,0,0,7902884,2019-08-16 10:38:11,,0.0,0.0,0,,0.0,0.0,0.0,199
1,[],4,[],2019-01-25 15:51:35,2084389.58565343,0.00000936,0.000000000333526752,6499557,2019-01-25 15:51:35,btc,2.0092503037378524,0.0,0.00000936,btc,160195.80207885,0.19272417,1.242687955921835,211
1,[],7,[],2019-07-01 02:21:28,1170054124.6898527,0.00000018,0.000000000019815389999999997,7782694,2019-07-01 02:21:28,btc,1346735.6331920293,0.0,0.00000018,btc,5516233.71348162,0.0,11.954344045954047,212
1,[],27,[],2019-08-12 16:37:52,320029.088,0.00000001,0.000000000001138437,7891783,2019-08-12 16:37:52,btc,176.0318120012664,0.0,0.00000001,"btc,ltc",485496.05456794,0.0,0.00320029088,216
0,[],22,[],2019-08-16 10:38:18,0.0,0,0,7902885,2019-08-16 10:38:18,,6.8412543,0.0,0,,3272264.174064925,0.0,0.0,216
1,[],22,[],2019-08-16 10:38:22,732751.1923076923,0.00000017,0.000000000017113475,7902886,2019-08-16 10:38:22,BTC,12055.76451131,0.0,0.00000017,BTC,447869.67681702506,0.01480821,0.05005874,217
0,[],22,[],2019-08-16 10:38:27,0.0,0,0,7902887,2019-08-16 10:38:27,,4.14997484,0.0,0,,126244.70709740352,0.0,0.0,221
1,[],24,[],2019-08-16 10:38:27,0.0,0.000000010000,0.000000000001006675,7902888,2019-08-16 10:38:27,btc,0.0,0.0,0.000000010000,btc,0.0,0.0,0.0,221
1,[],26,[],2019-08-16 10:38:27,0.0,0,0,7902889,2019-08-16 10:38:27,,0.0,0.0,0,,0.0,0.0,0.0,231
0.0000000001859265,[],27,[],2019-08-12 16:38:10,100.0,1.859265e-18,2.1166560688050002e-22,7891787,2019-08-12 16:38:10,eth,0.0,0.0,0.00000001,"btc,eth",0.0,0.0,1.8592649999999999e-16,234
1,[],26,[],2019-08-16 10:38:28,0.0,0,0,7902890,2019-08-16 10:38:28,,0.0,0.0,0,,0.0,0.0,0.0,234
1,[],5,[],2019-07-06 02:11:21,0.0,0,0,7800842,2019-07-06 02:11:21,btc,0.0,0.10652887,0,btc,0.0,0.0,0.0,237
1,[],20,[],2019-08-16 10:38:30,93459555.101,0.000000041,0.0000000000041273675,7902891,2019-08-16 10:38:30,btc,514.8552508482805,13413621.996,0.000000041,btc,29678387.5035,0.5800229487119,0.4785787957185,237
1,[],22,[],2019-08-16 10:38:37,1839335.0,0.00000001,0.000000000001006675,7902892,2019-08-16 10:38:37,BTC,1.20371953,0.0,0.00000001,"BTC,LTC",40634.04871794872,0.0,0.01839335,237
1,[],5,[],2019-07-06 02:11:32,0.0,0,0,7800846,2019-07-06 02:11:32,btc,0.0,0.05525444,0,btc,0.0,0.0,0.0,238
1,[],4,[],2019-08-16 10:38:38,27447989.49511043,0.00000006,0.00000000000604005,7902893,2019-08-16 10:38:38,btc,2.2129590800669754,0.0,0.00000006,btc,16111000.16367146,0.08407019,0.5175519172796671,238
0.0000000000735718,[],22,[],2019-08-16 10:38:44,419253.0,7.357179999999999e-19,7.4062891765e-23,7902894,2019-08-16 10:38:44,LTC,0.40427224,0.0,0.00000001,LTC,496363.0639027493,0.0,0.00419253,249
0,[],22,[],2019-08-16 10:38:49,0.0,0,0,7902895,2019-08-16 10:38:49,,13.4488406,0.0,0,,43819581.3426455,0.0,0.0,252
1,[],28,[],2019-08-16 10:39:05,1723980.713,0.00000007,0.0000000000070467250000000006,7902896,2019-08-16 10:39:05,btc,4.749320903631,186667.712,0.00000007,btc,2844079.9252,0.0,0.05723023849,256
0.0000000000916764,[],22,[],2019-07-23 20:12:22,1517.0,9.16764e-19,9.31930943616e-23,7830286,2019-07-23 20:12:22,LTC,31474.63788373,0.0,0.00000001,LTC,1024398.9185893413,0.0,1.517e-05,258
1,[],5,[],2019-07-02 14:44:15,0.0,0,0,7788374,2019-07-02 14:44:15,btc,0.0,0.02775788,0,btc,0.0,0.0,0.0,264
1,[],20,[],2019-08-16 10:39:08,972189.5485,0.00000022,0.00000000002214685,7902897,2019-08-16 10:39:08,btc,0.5327909195914,8637.813,0.00000022,btc,97386.0538,0.002047161681,0.0061770498799,264
0,[],22,[],2019-08-16 10:39:11,0.0,0,0,7902898,2019-08-16 10:39:11,,33050469.74148113,0.0,0,,14261527780.7,0.0,0.0,272
0.000000000000002573,[],28,[],2019-08-16 10:39:13,47442711707.968,3.3449000000000004e-22,3.3672272075e-26,7902899,2019-08-16 10:39:13,doge,40797218213453.23,10484847894.1171,0.00000013,doge,105369332.6921,0.0,1.49195438035029e-11,272
0.0000000000735718,[],22,[],2019-08-16 10:39:17,9629.404950495049,7.4307518e-17,7.480352068265e-21,7902900,2019-08-16 10:39:17,LTC,73.4671081,0.0,0.00000101,LTC,1301668.0287135022,0.0,0.009724,286
