pairValue,buyBook,exchangeId,sellBook,updated,buyTotal,satoshiPrice,usdPrice,exchangeLogId,created,bestPair,sellTotalBtc,volume,pairPrice,activePairs,sellTotal,volumeBtc,buyTotalBtc,coinId
1,[],3,[],2019-02-21 20:21:46,30555.108219530972,0.01253716000000000031777691589240930625237524509429931640625,0.0000004929322957320001,6754581,2019-02-21 20:21:46,btc,61.08873885350797,0.682693572924,0.01253716000000000031777691589240930625237524509429931640625,btc,23.538822761960002,0.0,0.24915912169365367,1
1,[],4,[],2019-02-21 20:21:46,120058.53809809,0.01262342,0.0000004963238405340001,6754582,2019-02-21 20:21:46,btc,1.1844754114316416,0.0,0.01262342,btc,86.28442518,1.02096245,1.1701847197230946,1
1,[],5,[],2019-02-21 20:21:48,0.0,0,0,6754583,2019-02-21 20:21:48,btc,0.0,0.05878873,0,btc,0.0,0.0,0.0,1
1,[],10,[],2019-02-21 20:21:50,414467.16613602,0.01141109,0.00000044865781329300003,6754584,2019-02-21 20:21:50,btc,6524.7812061890945,1160.42424581,0.01141109,btc,1209.2775645,0.0,5.553896520236501,1
1,[],12,[],2019-02-21 20:21:53,10430.20567043,0.012600000000000000088817841970012523233890533447265625,0.00000049540302,6754585,2019-02-21 20:21:53,btc,0.3185573257652,0.0,0.012600000000000000088817841970012523233890533447265625,btc,17.0891531,0.1440026044407,0.2785689526402,1
1,[],20,[],2019-02-21 20:21:54,1152.2108,0.0106,0.00000041676762,6754586,2019-02-21 20:21:54,btc,0.0589710786722,0.0,0.0106,btc,2.6451,0.0,0.1011845929543,1
1,[],21,[],2019-02-21 20:21:55,2343.4853176,0.01260093999999999971051156678,0.000000495439978638,6754587,2019-02-21 20:21:55,btc,25.04536323960803,2740.36378974,0.01260093999999999971051156677503968239761888980865478515625,"btc,eth",2568.32014949,30.958631361257037,21.358319840668987,1
1,[],22,[],2019-02-21 20:23:15,0.0163776,0.01300000,0.0000005111301,6754588,2019-02-21 20:23:15,BTC,0.31423927,0.0,0.01300000,BTC,0.11751954901960784,0.0,0.00020972,1
1,[],24,[],2019-02-21 20:23:16,0.0,0.000000000000,0,6754589,2019-02-21 20:23:16,btc,0.0,0.0,0.000000000000,btc,0.0,0.0,0.0,1
0.0,[],25,[],2019-02-21 20:23:17,0.0,0,0,6754590,2019-02-21 20:23:17,btc,16.608699998227628,858.47698446,0.0,btc,1286.5153074,11.1567,0.0,1
1,[],26,[],2019-02-21 20:23:27,0.0,0,0,6754591,2019-02-21 20:23:27,,0.0,0.0,0,,0.0,0.0,0.0,1
1,[],28,[],2019-02-21 20:23:32,993.21,0.01323000,0.000000520173171,6754592,2019-02-21 20:23:32,btc,0.162839806,18698.05,0.01323000,btc,8.9,0.0,0.090071836,1
0,[],2,[],2019-01-20 23:28:45,0.0,0,0,6477011,2019-01-20 23:28:45,,0.0,0.0,0,,0.0,0.0,0.0,1
1,[],5,[],2019-02-21 20:23:34,0.0,0,0,6754593,2019-02-21 20:23:34,btc,0.0,0.00754397,0,btc,0.0,0.0,0.0,2
0.0000000001253145,[],22,[],2019-02-21 20:25:07,1148.0,1.3784595e-16,5.419785708315e-21,6754594,2019-02-21 20:25:07,XMR,21.01373823,0.0,0.00000110,XMR,14319.12581,0.0,0.00087635,2
1,[],5,[],2019-02-21 20:25:08,0.0,0,0,6754595,2019-02-21 20:25:08,btc,0.0,0.90202147,0,btc,0.0,0.0,0.0,3
1,[],12,[],2019-02-21 20:25:11,12840330.53407201,0.000000173,0.0000000000068019621,6754596,2019-02-21 20:25:11,btc,924396.561020729,0.0,0.000000173,btc,8446500.99074863,0.09893978117797961,0.6028252748313065,3
0,[],28,[],2019-02-21 20:25:20,0.0,0,0,6754597,2019-02-21 20:25:20,,0.0,0.0,0,,0.0,0.0,0.0,3
0,[],2,[],2019-01-20 23:31:32,0.0,0,0,6477077,2019-01-20 23:31:32,,0.0,0.0,0,,0.0,0.0,0.0,4
1,[],4,[],2019-02-21 20:25:21,400333.88749235,0.00000032,0.000000000012581664,6754598,2019-02-21 20:25:21,btc,0.3878949942149049,0.0,0.00000032,btc,320242.51217255,0.0,0.0547125982646265,4
1,[],12,[],2019-02-21 15:21:17,1297518.5219999999,0.00000003,0.000000000001178625,6753381,2019-02-21 15:21:17,btc,11013879.586285478,0.0,0.00000003,btc,1205406.24379976,0.001562545568112,0.01981748044,5
0,[],2,[],2019-01-20 23:31:51,0.0,0,0,6477087,2019-01-20 23:31:51,,0.0,0.0,0,,0.0,0.0,0.0,6
1,[],11,[],2019-02-21 20:25:23,1699030.5,0.00000001,0.00000000000039317700000000003,6754599,2019-02-21 20:25:23,btc,9432.801435181234,1076145.0,0.00000001,btc,40969686.95347657,0.0,0.016990305,6
1,[],3,[],2019-02-21 20:25:24,1091.956916111364,0.00015101000000000000598847360588905530676129274070262908935546875,0.000000005937365877,6754600,2019-02-21 20:25:24,btc,27.605796873748474,0.0,0.00015101000000000000598847360588905530676129274070262908935546875,btc,249.144760639695,0.0,0.03419747781770456,7
1,[],4,[],2019-02-21 20:25:25,20811.15702913,0.00023103,0.000000009083568231,6754601,2019-02-21 20:25:25,btc,2.2331015537266006,0.0,0.00023103,btc,8865.00193518,5.33196573,4.233078287766876,7
1,[],5,[],2019-02-21 20:25:26,0.0,0,0,6754602,2019-02-21 20:25:26,btc,0.0,0.61496828,0,btc,0.0,0.0,0.0,7
1,[],20,[],2019-02-20 02:16:17,39399275.8418,0.000000001,0.0000000000000390183,6728586,2019-02-20 02:16:17,btc,116.9737569154545,525.0,0.000000001,btc,56932965.8895,5.25e-07,0.0393992758418,8
1,[],4,[],2019-02-21 20:25:28,2018232.83702594,0.00000179,0.000000000070378683,6754603,2019-02-21 20:25:28,btc,0.8168754622830244,0.0,0.00000179,btc,438468.63812757,3.20154144,0.7377924436657842,9
1,[],28,[],2019-02-21 20:25:30,43948.0,0.00000175,0.000000000068805975,6754604,2019-02-21 20:25:30,btc,2708.762412957195,3567371.0,0.00000175,btc,12356.2201,0.0,0.044282,9
0,[],2,[],2019-01-20 23:22:42,0.0,0,0,6476876,2019-01-20 23:22:42,,0.0,0.0,0,,0.0,0.0,0.0,9
0,[],23,[],2019-01-20 23:22:48,0.0,0,0,6476878,2019-01-20 23:22:48,,0.0,0.0,0,,0.0,0.0,0.0,9
1,[],1,[],2019-02-17 23:31:42,1822507.21,0.00000181000000000000003456111265232042484285557293333113193511962890625,0.000000000066086901,6701244,2019-02-17 23:31:42,btc,3.6990969245,17153386.5,0.00000181000000000000003456111265232042484285557293333113193511962890625,btc,1997391.71,31.11772986,3.2610482446,9
1,[],4,[],2019-02-17 11:22:43,4341674.27126056,0.00000002,0.0000000000007272960000000001,6696112,2019-02-17 11:22:43,btc,0.1997230937751353,0.0,0.00000002,btc,4109766.79808031,0.00215132,0.0479381022052112,10
1,[],4,[],2019-02-21 20:25:31,1817784.43089598,0.00000149,0.000000000058583373,6754605,2019-02-21 20:25:31,btc,2.5182086523654137,0.0,0.00000149,btc,1527468.19343047,1.68453701,2.6157142008789203,12
1,[],5,[],2019-02-21 20:25:32,0.0,0,0,6754606,2019-02-21 20:25:32,btc,0.0,0.56522049,0,btc,0.0,0.0,0.0,12
0.0,[],25,[],2019-02-21 20:25:34,0.0,0,0,6754607,2019-02-21 20:25:34,,0.0,0.0,0.0,btc,0.0,0.0,0.0,12
0,[],2,[],2019-01-20 23:23:08,0.0,0,0,6476890,2019-01-20 23:23:08,,0.0,0.0,0,,0.0,0.0,0.0,12
1,[],4,[],2019-02-21 20:25:35,1309747.26697112,0.00000576,0.000000000226469952,6754608,2019-02-21 20:25:35,btc,0.419041200084316,0.0,0.00000576,btc,65614.10268761,0.79370642,1.3323967056580854,13
1,[],10,[],2019-02-21 20:25:37,482200.34852113,0.00000583,0.00000000022922219100000002,6754609,2019-02-21 20:25:37,btc,666802.4699592039,5264.9526158,0.00000583,btc,723626.41995828,0.0,0.2946726104754835,13
1,[],21,[],2019-02-21 20:25:39,525746.01893605,0.000005830000000000000085582582687,0.00000000022922219100000002,6754610,2019-02-21 20:25:39,btc,7.193696663789761,499993.47242506,0.00000583000000000000008558258268731577800281229428946971893310546875,btc,1115900.47303059,2.98373939,2.6675763543177156,13
1,[],4,[],2019-02-21 20:25:40,995114.87498555,0.00000142,0.000000000055831134,6754611,2019-02-21 20:25:40,btc,0.1529973104480902,0.0,0.00000142,btc,81017.7874312,0.09317471,0.4216034117093898,14
1,[],12,[],2019-02-21 20:25:41,115017.59689922,0.00000128999999999999993103715241471451946608794969506561756134033203125,0.000000000050719833,6754612,2019-02-21 20:25:41,btc,5.309849186445384,0.0,0.00000128999999999999993103715241471451946608794969506561756134033203125,btc,32714.78078516,0.0011178089006826,0.0229168399999938,14
0,[],17,[],2019-02-21 20:25:43,0.0,0,0,6754613,2019-02-21 20:25:43,btc,0.0,0.0,0,btc,0.0,0.0,0.0,14
1,[],26,[],2019-02-21 20:25:43,0.0,0.00000050,0.00000000001965885,6754614,2019-02-21 20:25:43,btc,0.0,0.0,0.00000050,btc,0.0,0.0,0.0,14
0,[],4,[],2019-02-21 20:25:44,0.0,0,0,6754615,2019-02-21 20:25:44,,0.0,0.0,0,,0.0,0.0,0.0,15
,[],12,[],2018-12-01 15:15:48,204241.84496,0.00000489,0.000000000202473384,5260204,2018-12-01 15:15:48,btc,49.5475654835,0.0,,btc,35763.2193806,0.0163153972027625,0.0203389899998,15
1,[],4,[],2019-02-21 20:25:45,26922.27059402,0.00001810,0.00000000071165037,6754616,2019-02-21 20:25:45,btc,1.2321764303153881,0.0,0.00001810,btc,8119.42226958,0.01678658,0.1002276254773286,18
1,[],10,[],2019-02-21 20:25:48,779759.48581065,0.0000177,0.00000000069592329,6754617,2019-02-21 20:25:48,btc,15.542557621740656,15986.4995135,0.0000177,btc,10849.37807742,0.0,0.1316546905675443,18
1,[],12,[],2019-02-21 20:25:49,199327.18965608,0.00001843000000000000142123292301565840034527354873716831207275390625,0.000000000724625211,6754618,2019-02-21 20:25:49,btc,21.979794228383298,0.0,0.00001843000000000000142123292301565840034527354873716831207275390625,btc,1744.43913463,2.64147718381e-05,0.038235518035445,18
0,[],2,[],2019-01-20 23:23:38,0.0,0,0,6476906,2019-01-20 23:23:38,,0.0,0.0,0,,0.0,0.0,0.0,18
0,[],17,[],2019-02-21 17:26:13,0.0,0,0,6754007,2019-02-21 17:26:13,btc,0.0,0.0,0,btc,0.0,0.0,0.0,18
1,[],3,[],2019-02-21 20:26:00,120776.55875134739,0.00002220000000000000090123221385685070572435506619513034820556640625,0.00000000087285294,6754619,2019-02-21 20:26:00,btc,0.562685580307966,0.21768707483,0.00002220000000000000090123221385685070572435506619513034820556640625,btc,9524.56963067002,0.0,0.07966721993169824,19
1,[],4,[],2019-02-21 20:26:01,298084.53508476,0.00002183,0.000000000858305391,6754620,2019-02-21 20:26:01,btc,0.3410540965445519,0.0,0.00002183,btc,13847.23962417,0.41095232,3.158627420790031,19
1,[],5,[],2019-02-21 20:26:02,0.0,0,0,6754621,2019-02-21 20:26:02,btc,0.0,0.0,0,btc,0.0,0.0,0.0,19
1,[],12,[],2019-02-21 20:26:03,128816.0,0.0000224199999999999987948702540041523434410919435322284698486328125,0.000000000881502834,6754622,2019-02-21 20:26:03,btc,1.2822215785220323,0.0,0.0000224199999999999987948702540041523434410919435322284698486328125,btc,365.1508782,0.00062844,0.03021488,19
0,[],27,[],2019-02-21 20:26:06,0.0,0,0,6754623,2019-02-21 20:26:06,,0.0,0.0,0,btc,0.0,0.0,0.0,19
0,[],2,[],2019-01-20 23:24:19,0.0,0,0,6476924,2019-01-20 23:24:19,,0.0,0.0,0,,0.0,0.0,0.0,19
1,[],4,[],2019-02-21 20:26:06,8070160.95424551,0.00000013,0.0000000000051113010000000004,6754624,2019-02-21 20:26:06,btc,0.7491198104842316,0.0,0.00000013,btc,1601058.86471503,0.00079999,0.2584025451781454,20
1,[],4,[],2019-02-21 20:26:07,109302084.86437024,0.00000002,0.000000000000786354,6754625,2019-02-21 20:26:07,btc,0.5525681326446987,0.0,0.00000002,btc,15474325.2803107,0.0,1.2238821411680452,21
1,[],12,[],2019-02-21 20:26:09,18639306.0,0.00000002,0.0000000000007863540000000001,6754626,2019-02-21 20:26:09,btc,670.5900728834847,0.0,0.00000002,btc,8549209.32857329,0.0015968180219782,0.24502636,21
0,[],17,[],2019-02-21 19:26:49,0.0,0,0,6754424,2019-02-21 19:26:49,btc,0.0,0.0,0,btc,0.0,0.0,0.0,21
1,[],12,[],2019-02-21 20:26:21,3055616347.531895,0.0000000001,0.00000000000000393177,6754627,2019-02-21 20:26:21,btc,880865842921.5592,0.0,0.0000000001,btc,4904064001.324121,0.004160454546753648,0.30556163475318954,23
0,[],27,[],2019-02-21 20:26:22,0.0,0,0,6754628,2019-02-21 20:26:22,,1.3429826565934113,0.0,0,eth,1964879.85514486,0.0,0.0,23
1,[],4,[],2019-02-21 20:26:23,279669.77442223,0.00000060,0.000000000023590620000000002,6754629,2019-02-21 20:26:23,btc,0.1735742294181446,0.0,0.00000060,btc,181626.63377865,0.0071125,0.1370979570821121,24
1,[],22,[],2019-02-21 20:28:44,11.76,0.00000100,0.0000000000393177,6754630,2019-02-21 20:28:44,BTC,7.415e-05,0.0,0.00000100,BTC,23.919354838709676,0.0,1.176e-05,24
0.0,[],25,[],2019-02-21 20:28:45,0.0,0,0,6754631,2019-02-21 20:28:45,,0.0,0.0,0.0,btc,0.0,0.0,0.0,24
1,[],4,[],2019-02-21 20:28:46,26868615.59288461,0.00000585,0.000000000230008545,6754632,2019-02-21 20:28:46,btc,0.5257742479784829,0.0,0.00000585,btc,44646.59622045,0.05895075,0.4943330956456342,26
1,[],10,[],2019-02-21 20:28:48,690937.79635333,0.00000544,0.000000000213888288,6754633,2019-02-21 20:28:48,btc,25.927646283199977,6946.62593945,0.00000544,btc,14376.1139616,0.0,0.2168915552322681,26
0,[],2,[],2019-01-20 23:25:56,0.0,0,0,6476976,2019-01-20 23:25:56,,0.0,0.0,0,,0.0,0.0,0.0,26
1,[],3,[],2019-02-21 20:28:49,7034251.70213569,0.00000001,0.00000000000039317700000000003,6754634,2019-02-21 20:28:49,btc,2.82825642819826,412.5,0.00000001,btc,18068492.95734499,0.0,0.0703425170213569,27
1,[],5,[],2019-02-21 20:28:50,0.0,0,0,6754635,2019-02-21 20:28:50,btc,0.0,1.362e-05,0,btc,0.0,0.0,0.0,27
1,[],11,[],2019-02-21 20:28:52,9803584.35433359,0.00000005,0.0000000000019658849999999998,6754636,2019-02-21 20:28:52,btc,67506.54015390559,8080.0,0.00000005,btc,8318063.39032784,0.0,0.458287845339645,27
1,[],4,[],2019-02-21 20:30:52,318765133.7680291,0.00000002,0.000000000000786354,6754637,2019-02-21 20:30:52,btc,0.3156599707658541,0.0,0.00000002,btc,10521999.02552847,3.56952443,3.243511320770291,29
1,[],7,[],2019-02-21 20:30:53,37613528.8938392,0.00000002,0.0000000000007863540000000001,6754638,2019-02-21 20:30:53,btc,44465227.24029916,68938.0594504,0.00000002,btc,58767825.08419364,0.0,0.37614343763235475,29
1,[],4,[],2019-02-21 20:30:54,1437118.21106505,0.00000031,0.000000000012188487000000001,6754639,2019-02-21 20:30:54,btc,0.2411183257968506,0.0,0.00000031,btc,491035.17778656,0.00191749,0.1078690428612398,30
0,[],17,[],2019-02-21 20:30:56,0.0,0,0,6754640,2019-02-21 20:30:56,btc,0.0,0.0,0,btc,0.0,0.0,0.0,30
1,[],4,[],2019-02-21 20:30:57,1132931.48392172,0.00005699,0.000000002240715723,6754641,2019-02-21 20:30:57,btc,1.593738013661437,0.0,0.00005699,btc,24617.42590877,1.83900117,1.4856831297130024,31
1,[],21,[],2019-02-21 20:30:58,55130.20012828,0.00005656000000000000057457510971,0.0000000022238091120000003,6754642,2019-02-21 20:30:58,btc,2.8727398869752707,114579.5920575,0.000056560000000000000574575109713038045811117626726627349853515625,btc,46271.15312952,6.63381136,2.573345079954877,31
0,[],2,[],2019-01-20 23:28:43,0.0,0,0,6477009,2019-01-20 23:28:43,,0.0,0.0,0,,0.0,0.0,0.0,32
1,[],4,[],2019-02-21 20:30:59,172740889.24255645,0.00000004,0.000000000001572708,6754643,2019-02-21 20:30:59,btc,1.8023346805048954,0.0,0.00000004,"btc,ltc",46184653.15530943,0.50357739,3.526661881571722,33
1,[],12,[],2019-02-21 20:31:01,15051313.0,0.00000004,0.0000000000015727080000000001,6754644,2019-02-21 20:31:01,btc,35620491.577502176,0.0,0.00000004,btc,89464736.21278693,0.0081280598601405,0.49116791,33
1,[],4,[],2019-02-21 20:31:02,127885610.0327251,0.00000001,0.000000000000393177,6754645,2019-02-21 20:31:02,btc,0.8473718659776439,0.0,0.00000001,btc,36859469.83085821,0.01238046,1.278856100327251,34
1,[],5,[],2019-02-21 20:31:03,0.0,0,0,6754646,2019-02-21 20:31:03,btc,0.0,0.01269651,0,btc,0.0,0.0,0.0,34
0.0000000001233656,[],4,[],2019-02-21 20:31:04,946293970.9310471,2.467312e-18,9.70090330224e-23,6754647,2019-02-21 20:31:04,ltc,8.969605664297944e-09,0.0,0.00000002,ltc,1726055491.4541492,0.0,1.8582688578418359e-09,36
1,[],5,[],2019-02-21 20:31:05,0.0,0,0,6754648,2019-02-21 20:31:05,btc,0.0,0.0,0,btc,0.0,0.0,0.0,36
0,[],17,[],2019-02-21 20:31:17,0.0,0,0,6754649,2019-02-21 20:31:17,btc,0.0746458232965017,0.0,0,btc,4103573.70243647,0.0,0.0,36
0,[],27,[],2019-02-21 20:31:20,0.0,0,0,6754650,2019-02-21 20:31:20,,114.1676941557863,0.0,0,"ltc,eth",4107666.4875004,0.0,0.0,36
1,[],4,[],2019-02-21 20:31:21,302236.44195999,0.00000077,0.000000000030274629,6754651,2019-02-21 20:31:21,btc,0.2494089283714383,0.0,0.00000077,btc,189798.03002877,0.00150636,0.1452828815354175,37
1,[],12,[],2019-02-21 20:31:22,558940.7973977299,0.00000073,0.000000000028701921,6754652,2019-02-21 20:31:22,btc,1365.1673119316786,0.0,0.00000073,btc,962403.49114985,0.1814052935951124,0.17986150210526258,37
1,[],27,[],2019-02-21 20:31:34,14685.567,0.00000045,0.000000000017692965,6754653,2019-02-21 20:31:34,btc,26.15319856387233,66.433,0.00000045,btc,6763.81438508,2.989e-05,0.00480032515,37
1,[],17,[],2019-02-21 19:28:33,1752.74075282,0.00000025,0.0000000000097777,6754450,2019-02-21 19:28:33,btc,0.05548492399983787,0.0,0.00000025,btc,1387.19918473,0.0,0.00043818518820499993,37
1,[],5,[],2019-02-21 20:31:36,0.0,0,0,6754654,2019-02-21 20:31:36,btc,0.0,0.10361939,0,btc,0.0,0.0,0.0,42
1,[],12,[],2019-02-21 20:31:37,132819.58271554,0.00000086,0.000000000033813222,6754655,2019-02-21 20:31:37,btc,94.68240700282551,0.0,0.00000086,btc,102100.21495161,0.0107985496336404,0.0403110800000077,42
0,[],27,[],2019-02-21 20:31:39,0.0,0,0,6754656,2019-02-21 20:31:39,,0.00315028,0.0,0,"btc,eth",11.007,0.0,0.0,42
1,[],5,[],2019-02-21 20:31:40,0.0,0,0,6754657,2019-02-21 20:31:40,btc,0.0,0.0001592,0,btc,0.0,0.0,0.0,43
1,[],12,[],2019-02-21 20:31:41,3709302.0,0.00000002,0.0000000000007863540000000001,6754658,2019-02-21 20:31:41,btc,20007435.274505768,0.0,0.00000002,btc,38974197.25614385,1.7988011988e-06,0.03759302,43
0,[],17,[],2019-02-21 18:24:55,0.0,0,0,6754253,2019-02-21 18:24:55,btc,0.0,0.0,0,btc,0.0,0.0,0.0,43
1,[],12,[],2019-02-21 20:31:53,694430.0,0.00000005,0.0000000000019658849999999998,6754659,2019-02-21 20:31:53,btc,11115177.726584056,0.0,0.00000005,btc,1077583.39762234,8.9750249752e-06,0.018040379999999998,44
1,[],4,[],2019-02-21 20:31:54,304163016.64405817,0.00000002,0.000000000000786354,6754660,2019-02-21 20:31:54,btc,0.18867959296474512,0.0,0.00000002,"btc,ltc",4555651.05245401,0.00013356,0.21780285780817518,49
0,[],4,[],2019-02-21 20:31:55,0.0,0,0,6754661,2019-02-21 20:31:55,,4.633523909526577,0.0,0,,4501586537.091022,0.0,0.0,52
0.0000000001253145,[],22,[],2019-02-21 20:33:38,80945862.0,1.2531449999999999e-18,4.92707791665e-23,6754662,2019-02-21 20:33:38,XMR,4366.33224183,0.0,0.00000001,XMR,248874057.67882353,9.019031182965e-12,0.80945862,57
0,[],27,[],2019-02-21 20:33:40,0.0,0,0,6754663,2019-02-21 20:33:40,,0.0,0.0,0,"btc,eth",0.0,0.0,0.0,57
0.0000000001233656,[],4,[],2019-02-21 20:33:41,710349794.2803205,3.700968e-18,1.455135495336e-22,6754664,2019-02-21 20:33:41,ltc,3.272109005851828,0.0,0.00000003,ltc,1448821807.8917496,0.0,1.5530908266139252e-09,58
1,[],12,[],2019-02-21 20:33:43,1603139916.843957,0.0000000004,0.00000000000001572708,6754665,2019-02-21 20:33:43,btc,224005479440.7644,0.0,0.0000000004,btc,3723402028.589711,0.08419384382137862,0.5164365041011392,58
0,[],17,[],2019-02-21 20:33:44,0.0,0,0,6754666,2019-02-21 20:33:44,btc,1e+24,0.0,0,btc,41481695.95832568,0.0,0.0,58
0.0000000001253145,[],22,[],2019-02-21 20:34:32,137438.0,1.2531449999999999e-18,4.92707791665e-23,6754667,2019-02-21 20:34:32,XMR,69.8835922,0.0,0.00000001,XMR,9887963.0,0.0,0.00137438,58
1,[],5,[],2019-02-21 20:34:34,0.0,0,0,6754668,2019-02-21 20:34:34,btc,0.0,0.14463902,0,btc,0.0,0.0,0.0,61
1,[],22,[],2019-02-21 20:35:42,5149.5,0.00000011,0.000000000004324947,6754669,2019-02-21 20:35:42,BTC,1002.29597012,0.0,0.00000011,BTC,14947.700278135757,0.0,0.00051596,61
1,[],26,[],2019-02-21 20:35:42,0.0,0.00000800,0.0000000003145416,6754670,2019-02-21 20:35:42,btc,0.0,0.0,0.00000800,btc,0.0,0.0,0.0,61
1,[],27,[],2019-02-21 20:35:45,2493.55,0.00000045,0.000000000017692965,6754671,2019-02-21 20:35:45,btc,2.9662721968330614,0.0,0.00000045,"btc,eth",19197.38399471,0.0,0.00021559750360759266,61
1,[],28,[],2019-02-21 20:35:50,13882.304,0.0000005,0.00000000001965885,6754672,2019-02-21 20:35:50,btc,2.056350085685105,763.0,0.0000005,btc,9766.52450005,0.0,0.00566491304,61
1,[],4,[],2019-02-21 20:35:51,712920.64758952,0.00000283,0.000000000111269091,6754673,2019-02-21 20:35:51,btc,1.2006340665404758,0.0,0.00000283,btc,282567.52083029,0.14969649,0.8870123403616074,67
0.0,[],25,[],2019-02-21 20:35:53,0.0,0,0,6754674,2019-02-21 20:35:53,,0.0,0.0,0.0,btc,0.0,0.0,0.0,67
1,[],12,[],2019-02-21 20:35:54,3004714.57007376,0.00000021,0.000000000008256717,6754675,2019-02-21 20:35:54,btc,11115996.103189947,0.0,0.00000021,btc,1988058.24312351,0.0030577672627438,0.1044884564411111,71
,[],5,[],2018-11-20 23:02:39,1.5e-07,0.00000005,0.000000000002128045,4862160,2018-11-20 23:02:39,btc,2.84511358,0.0,,btc,0.00036572,0.0,0.07381892,74
1,[],5,[],2019-02-21 20:35:55,0.0,0,0,6754676,2019-02-21 20:35:55,btc,0.0,0.0,0,btc,0.0,0.0,0.0,75
1,[],4,[],2019-02-21 20:35:56,17197128.37031862,0.00000001,0.000000000000393177,6754677,2019-02-21 20:35:56,btc,1.040782841364371,0.0,0.00000001,btc,18994540.61173111,0.00757814,0.1719712837031862,81
0,[],20,[],2019-01-25 09:30:31,0.0,0,0,6495923,2019-01-25 09:30:31,btc,0.0,0.0,0,btc,0.0,0.0,0.0,81
1,[],4,[],2019-02-21 20:35:59,33593.86934295,0.00007631,0.000000003000333687,6754678,2019-02-21 20:35:59,btc,1.2463453703117982,0.0,0.00007631,btc,10697.31635802,0.00182815,0.532362433247298,82
1,[],21,[],2019-02-21 20:35:59,161531.70628938,0.00007847999999999999399223626906,0.000000003085653096,6754679,2019-02-21 20:35:59,btc,2.7837790829737417,4096.62561187,0.00007847999999999999399223626905808259834884665906429290771484375,btc,27503.95544276,0.3181649,2.8420273318150366,82
0,[],17,[],2019-02-20 09:25:39,0.0,0,0,6732736,2019-02-20 09:25:39,btc,0.0447233088476774,0.0,0,btc,999127.19588126,0.0,0.0,84
0.0000000001233656,[],4,[],2019-02-21 20:36:11,178502442.13946292,4.934624e-18,1.940180660448e-22,6754680,2019-02-21 20:36:11,ltc,0.1953152646017369,0.0,0.00000004,ltc,120213617.53918292,0.0001,4.978487874449867e-10,85
,[],22,[],2018-11-20 23:09:34,3408.1,0.0000001,0.0000000000041895,4862324,2018-11-20 23:09:34,BTC,0.04624735,0.0,,BTC,4990.0,0.0,0.00033081,86
0,[],22,[],2019-02-21 20:36:42,0.0,0,0,6754681,2019-02-21 20:36:42,,2.0760781,0.0,0,,140622.94736842104,0.0,0.0,87
0,[],27,[],2019-02-21 20:36:45,0.0,0,0,6754682,2019-02-21 20:36:45,,0.0,0.0,0,btc,0.0,0.0,0.0,87
,[],2,[],2018-11-20 23:10:47,0.0,0,0,4862359,2018-11-20 23:10:47,,0.0,0.0,,,0.0,0.0,0.0,88
1,[],11,[],2019-02-21 20:36:47,90909.77440789,0.0001460599999999999940893113947737447233521379530429840087890625,0.000000005742743262,6754683,2019-02-21 20:36:47,btc,609.1373763960133,702.20728188,0.0001460599999999999940893113947737447233521379530429840087890625,btc,89420.86839565,0.0,5.976844385568248,89
0,[],2,[],2019-01-20 23:31:45,0.0,0,0,6477083,2019-01-20 23:31:45,,0.0,0.0,0,,0.0,0.0,0.0,91
1,[],12,[],2019-02-21 20:36:49,430560.33453995996,0.00000154999999999999998279913253351747215447176131419837474822998046875,0.000000000060942435,6754684,2019-02-21 20:36:49,btc,4.299063937539391,0.0,0.00000154999999999999998279913253351747215447176131419837474822998046875,btc,52978.0123838,0.0012665807467284,0.044473780399916,91
0,[],17,[],2019-02-21 20:37:00,0.0,0,0,6754685,2019-02-21 20:37:00,btc,0.0,0.0,0,btc,0.0,0.0,0.0,91
0,[],22,[],2019-02-21 20:38:59,0.0,0,0,6754686,2019-02-21 20:38:59,,3.1e-06,0.0,0,,2.0,0.0,0.0,91
0.0000000001233656,[],22,[],2019-02-21 20:39:49,3506520.0,4.934624e-18,1.940180660448e-22,6754687,2019-02-21 20:39:49,LTC,8.54811591,0.0,0.00000004,LTC,72080461.1,0.0,0.1050108,95
0.0000000001233656,[],4,[],2019-02-21 20:39:50,139051805.5866248,7.401936e-17,2.9102709906720003e-21,6754688,2019-02-21 20:39:50,ltc,0.5768932197361343,0.0,0.0000006,ltc,49049862.53398587,0.0001,1.0563797224979533e-09,96
1,[],12,[],2019-02-21 20:39:51,244032.0,0.00000001,0.00000000000039317700000000003,6754689,2019-02-21 20:39:51,btc,255075.89595435586,0.0,0.00000001,btc,8802090.84546427,0.000290979000999,0.00244032,96
0,[],17,[],2019-02-21 18:30:59,0.0,0,0,6754284,2019-02-21 18:30:59,btc,0.0,0.0,0,btc,0.0,0.0,0.0,96
1,[],4,[],2019-02-21 20:39:53,1364414.19812591,0.00000035,0.000000000013761195,6754690,2019-02-21 20:39:53,btc,0.5365703504133867,0.0,0.00000035,btc,904254.24533065,0.04207312,0.1253237733604867,99
0,[],2,[],2019-01-20 23:23:55,0.0,0,0,6476914,2019-01-20 23:23:55,,0.0,0.0,0,,0.0,0.0,0.0,100
1,[],4,[],2019-02-21 20:39:53,199484.14031621,0.00003565,0.000000001401676005,6754691,2019-02-21 20:39:53,btc,0.9773636889997359,0.0,0.00003565,btc,25017.42798883,1.41211319,1.236396609191137,100
1,[],22,[],2019-02-21 20:40:46,50000.0,0.00000001,0.000000000000393177,6754692,2019-02-21 20:40:46,BTC,23.49896609,0.0,0.00000001,BTC,10277.22,0.0,0.0005,101
1,[],4,[],2019-02-21 20:40:47,457564.5073791,0.00000087,0.000000000034206399,6754693,2019-02-21 20:40:47,btc,0.4015299258548766,0.0,0.00000087,btc,166475.7269705,0.00438,0.2302609219721603,103
1,[],12,[],2019-02-21 20:42:48,56814072.0,0.000000012,0.0000000000004718124,6754694,2019-02-21 20:42:48,btc,137279450.9221351,0.0,0.000000012,btc,120092105.86987303,0.03049302641858128,0.185891225,105
1,[],27,[],2019-02-21 20:42:50,413310.89,0.00000001,0.000000000000393177,6754695,2019-02-21 20:42:50,btc,0.2139890355560939,9980.0,0.00000001,btc,389775.05581977,0.0001996,0.0041331089,105
1,[],22,[],2019-02-21 20:43:50,9328.0,0.00000001,0.000000000000393177,6754696,2019-02-21 20:43:50,BTC,51.10825004,0.0,0.00000001,BTC,468935.0,0.0,9.328e-05,107
1,[],26,[],2019-02-21 20:43:50,0.0,0.00000000,0,6754697,2019-02-21 20:43:50,btc,0.0,0.0,0.00000000,btc,0.0,0.0,0.0,107
1,[],5,[],2019-02-21 20:43:51,0.0,0,0,6754698,2019-02-21 20:43:51,btc,0.0,0.00142292,0,btc,0.0,0.0,0.0,112
1,[],22,[],2019-02-21 19:37:08,1966.0,0.00000001,0.000000000000391108,6754495,2019-02-21 19:37:08,BTC,2.81183288,0.0,0.00000001,BTC,808524.0833333334,0.0,1.966e-05,112
0,[],27,[],2019-02-21 19:37:10,0.0,0,0,6754496,2019-02-21 19:37:10,,1.35132491849924,0.0,0,"btc,eth",1328.641654,0.0,0.0,112
1,[],4,[],2019-02-21 19:37:12,443758.42567331,0.00000309,0.000000000120852372,6754497,2019-02-21 19:37:12,btc,0.3070930280998042,0.0,0.00000309,btc,79019.8730873,0.02469432,0.1699350307859662,113
1,[],5,[],2019-02-21 19:37:14,0.0,0,0,6754498,2019-02-21 19:37:14,btc,0.0,0.00016901,0,btc,0.0,0.0,0.0,113
1,[],17,[],2019-02-21 16:50:22,152738.278,0.00000004,0.0000000000015680240000000001,6753889,2019-02-21 16:50:22,btc,1.33680302678,0.0,0.00000004,btc,50696.221,0.0,0.0022095311199999998,116
0,[],27,[],2019-02-21 19:37:28,0.0,0,0,6754499,2019-02-21 19:37:28,,0.0,0.0,0,btc,0.0,0.0,0.0,116
1,[],4,[],2019-02-21 19:37:30,27680.40360752,0.00002852,0.000000001115440016,6754500,2019-02-21 19:37:30,btc,1.0714343373329944,0.0,0.00002852,btc,32884.635555,0.65092858,0.6209664810541708,120
1,[],7,[],2019-02-21 19:37:32,15756.30190651,0.000030020000000000000568538272016638757122564129531383514404296875,0.000000001174106216,6754501,2019-02-21 19:37:32,btc,115647.30158721283,6406.11594862,0.000030020000000000000568538272016638757122564129531383514404296875,btc,34960.58072853,0.25469736,0.0530004604838149,120
1,[],20,[],2019-02-21 19:37:35,1205687.0397,0.000000012,0.0000000000004693296,6754502,2019-02-21 19:37:35,btc,31.9239877861223,117308.35,0.000000012,btc,1149876.605,0.0016014333102,0.0037187457072,125
1,[],22,[],2019-02-21 19:38:11,3053.0,0.00000001,0.000000000000391108,6754503,2019-02-21 19:38:11,BTC,0.01444887,0.0,0.00000001,BTC,296263.5111111111,0.0,3.053e-05,126
0,[],17,[],2019-02-21 17:43:43,0.0,0,0,6754098,2019-02-21 17:43:43,btc,0.0009561751951600001,0.0,0,btc,35.42829368,0.0,0.0,131
0,[],2,[],2019-01-20 23:25:46,0.0,0,0,6476969,2019-01-20 23:25:46,,0.0,0.0,0,,0.0,0.0,0.0,131
1,[],4,[],2019-02-21 19:38:13,107447.30670361,0.00001596,0.000000000624208368,6754504,2019-02-21 19:38:13,btc,0.8435568895177995,0.0,0.00001596,btc,42835.83692934,0.45452402,0.7398364911048962,131
1,[],4,[],2019-02-21 19:38:26,4557.71732527,0.00016659,0.000000006515468172,6754505,2019-02-21 19:38:26,btc,1.6462887882650394,0.0,0.00016659,btc,334.27808618,0.0,0.0091199653305601,135
1,[],3,[],2019-02-21 19:38:27,1493292.97238508,0.00000005,0.00000000000195554,6754506,2019-02-21 19:38:27,btc,0.1353638247247742,31600.0,0.00000005,btc,597013.30008313,0.0,0.0547479817803677,136
1,[],4,[],2019-02-21 19:38:29,77505.06946129,0.00000136,0.000000000053190688,6754507,2019-02-21 19:38:29,btc,0.1075295202010073,0.0,0.00000136,btc,53738.94260438,0.10184456,0.0629507281630138,137
1,[],12,[],2019-02-21 19:38:31,288460.35090726,0.0000013200000000000000673224496983149123252587742172181606292724609375,0.000000000051626256000000004,6754508,2019-02-21 19:38:31,btc,11807.701791981273,0.0,0.0000013200000000000000673224496983149123252587742172181606292724609375,btc,158449.51799497,0.0024075499947856,0.014719419999954299,137
1,[],17,[],2019-02-21 18:34:58,22967.386363640002,0.00000088,0.000000000034415568,6754310,2019-02-21 18:34:58,btc,20.06991335298014,0.0,0.00000088,btc,2746.079105,0.0,0.0104613000000032,142
1,[],4,[],2019-02-21 19:38:33,206136.22179456,0.00004751,0.000000001858154108,6754509,2019-02-21 19:38:33,btc,1.2895657956318276,0.0,0.00004751,btc,20278.3288788,0.16622319,0.3299069822088379,142
1,[],5,[],2019-02-21 19:38:35,0.0,0,0,6754510,2019-02-21 19:38:35,btc,0.0,0.25499757,0,btc,0.0,0.0,0.0,142
1,[],20,[],2019-02-21 19:38:48,133750.9548,0.0000451,0.00000000176389708,6754511,2019-02-21 19:38:48,btc,0.5698571129914,20.9232,0.0000451,btc,4936.1367,0.00107819622,0.2481089237193,142
1,[],22,[],2019-02-21 19:40:06,1668.2794919373457,0.00005011,0.000000001959842188,6754512,2019-02-21 19:40:06,BTC,3.00424677,0.0,0.00005011,BTC,896.9785515239478,0.0,0.0055959,142
0.0,[],25,[],2019-02-21 19:40:08,0.0,0,0,6754513,2019-02-21 19:40:08,,0.0,0.0,0.0,btc,0.0,0.0,0.0,142
1,[],28,[],2019-02-21 19:40:19,76883.0,0.00004500,0.000000001759986,6754514,2019-02-21 19:40:19,btc,0.060714749,718.0,0.00004500,btc,406.4319,0.0,0.0388422,142
0,[],22,[],2019-02-21 19:40:57,0.0,0,0,6754515,2019-02-21 19:40:57,,61.30543376,0.0,0,,751463658.3,0.0,0.0,143
1,[],21,[],2019-02-21 19:40:58,24106383.24457238,0.00000024,0.000000000009386592,6754516,2019-02-21 19:40:58,btc,59.96170892371799,10009396.81098163,0.00000024,btc,107410456.18988031,2.49976125,3.062513873362102,145
0,[],22,[],2019-02-21 19:42:08,0.0,0,0,6754517,2019-02-21 19:42:08,,4.24946284,0.0,0,,1812156.0,0.0,0.0,146
,[],22,[],2018-11-20 23:01:11,0.0,0,0,4862114,2018-11-20 23:01:11,,2.56807021,0.0,,,61828.4988236,0.0,0.0,147
1,[],12,[],2019-02-21 19:42:10,99304.11000625,0.00000251000000000000010876390933722834830632564262486994266510009765625,0.000000000098168108,6754518,2019-02-21 19:42:10,btc,16.28887098327137,0.0,0.00000251000000000000010876390933722834830632564262486994266510009765625,btc,116875.3360165,0.006109418,0.0182653099999905,148
1,[],4,[],2019-02-21 19:42:12,241613.36796929,0.00000029,0.000000000011342132,6754519,2019-02-21 19:42:12,btc,0.7762723989967818,0.0,0.00000029,btc,587347.61476521,0.0,0.0568147890840236,152
0,[],22,[],2019-02-21 19:42:36,0.0,0,0,6754520,2019-02-21 19:42:36,,0.0,0.0,0,,0.0,0.0,0.0,152
1,[],5,[],2019-02-21 19:42:39,0.0,0,0,6754521,2019-02-21 19:42:39,btc,0.0,0.0001,0,btc,0.0,0.0,0.0,153
,[],16,[],2019-01-11 15:38:59,0.0,0,0,6366141,2019-01-11 15:38:59,btc,0.0,0.0,,btc,0.0,0.0,0.0,155
0,[],23,[],2019-01-20 23:24:29,0.0,0,0,6476932,2019-01-20 23:24:29,,0.0,0.0,0,,0.0,0.0,0.0,156
0,[],22,[],2019-02-21 19:43:03,0.0,0,0,6754522,2019-02-21 19:43:03,,6.74608761,0.0,0,,4644402.242592593,0.0,0.0,156
1,[],22,[],2019-02-21 19:43:46,7073.8,0.00005300,0.0000000020728724,6754523,2019-02-21 19:43:46,BTC,1.80343699,0.0,0.00005300,BTC,899.6422341958436,0.0,0.00104336,157
0,[],22,[],2019-02-21 19:44:25,0.0,0,0,6754524,2019-02-21 19:44:25,,50175.68008609,0.0,0,,54479136.04179466,0.0,0.0,158
,[],17,[],2018-11-20 22:56:10,0.0,0,0,4861976,2018-11-20 22:56:10,btc,1.1265625,0.0,,btc,1000.0,0.0,0.0,159
,[],20,[],2018-11-20 22:56:12,0.0,0,0,4861977,2018-11-20 22:56:12,btc,11912.7940471,0.0,,btc,34413894.3617,0.0,0.0,159
1,[],17,[],2019-02-21 17:48:44,29784.95,0.000001,0.0000000000392606,6754120,2019-02-21 17:48:44,btc,0.03026736251542,0.0,0.000001,btc,144.46171372,0.0,0.00716147,168
1,[],12,[],2019-02-21 19:44:27,183226.39316513,0.0000081799999999999996086637310543920875716139562427997589111328125,0.000000000319926344,6754525,2019-02-21 19:44:27,btc,6.656183742954435,0.0,0.0000081799999999999996086637310543920875716139562427997589111328125,btc,14354.924700970001,0.0072059480943208,0.1018486760586584,168
0,[],22,[],2019-02-21 19:45:18,0.0,0,0,6754526,2019-02-21 19:45:18,,1.14695792,0.0,0,,779972.8900917594,0.0,0.0,169
1,[],22,[],2019-02-21 19:46:02,151150.0,0.0000003,0.00000000001173324,6754527,2019-02-21 19:46:02,BTC,13.25692089,0.0,0.0000003,BTC,154323.0692833196,0.002915,0.020138,171
1,[],22,[],2019-02-21 19:46:43,152929.125,0.00000008,0.000000000003128864,6754528,2019-02-21 19:46:43,BTC,2.66644514,0.0,0.00000008,BTC,275350.58731670975,0.00156919,0.0089885,173
1,[],5,[],2019-02-21 19:46:45,0.0,0,0,6754529,2019-02-21 19:46:45,btc,0.0,0.02231883,0,btc,0.0,0.0,0.0,175
1,[],22,[],2019-02-21 19:47:30,45784.0,0.0000003,0.00000000001173324,6754530,2019-02-21 19:47:30,BTC,0.5289391,0.0,0.0000003,BTC,142708.91384013777,0.0,0.0052016,176
0,[],2,[],2019-01-20 23:28:34,0.0,0,0,6477001,2019-01-20 23:28:34,,0.0,0.0,0,,0.0,0.0,0.0,178
1,[],7,[],2019-02-21 19:47:31,0.0,0,0,6754531,2019-02-21 19:47:31,btc,410918.74289475416,0.0,0,btc,117566910.84971198,0.0,0.0,178
0,[],22,[],2019-02-21 19:48:15,0.0,0,0,6754532,2019-02-21 19:48:15,,1.00242428,0.0,0,,57512.0,0.0,0.0,178
0,[],23,[],2019-01-20 23:25:08,0.0,0,0,6476952,2019-01-20 23:25:08,,0.0,0.0,0,,0.0,0.0,0.0,179
1,[],5,[],2019-02-21 19:48:19,0.0,0,0,6754533,2019-02-21 19:48:19,btc,0.0,0.1255489,0,btc,0.0,0.0,0.0,179
1,[],22,[],2019-02-21 19:49:26,7050947.0,0.00000002,0.000000000000782216,6754534,2019-02-21 19:49:26,BTC,5.48914188,0.0,0.00000002,"BTC,LTC",17362807.968656633,0.00614352,0.37595966,179
1,[],17,[],2019-02-21 19:49:38,10504.725,0.0000001,0.00000000000391108,6754535,2019-02-21 19:49:38,btc,5.2010695838170005,0.0,0.0000001,btc,4994.45945,0.0,0.0010504725,180
1,[],22,[],2019-02-21 19:50:40,159349.52,0.00000025,0.0000000000097777,6754536,2019-02-21 19:50:40,BTC,0.18644648,0.0,0.00000025,"BTC,LTC",53333.48045879404,0.0,0.00467147,180
1,[],26,[],2019-02-21 19:50:41,0.0,0.00000100,0.0000000000391108,6754537,2019-02-21 19:50:41,btc,0.0,100.0,0.00000100,btc,0.0,0.0,0.0,180
,[],7,[],2018-11-20 22:58:01,562227.975654,0.00000085,0.000000000036176765,4862015,2018-11-20 22:58:01,btc,21836.6059674,2491.87645172,,btc,749999.041456,0.00211021,0.127565380455,183
,[],5,[],2019-01-10 08:11:41,0.0,0,0,6347036,2019-01-10 08:11:41,btc,82.15055501,0.00261,,btc,1.19002445,0.0,0.0,187
,[],17,[],2018-11-16 20:58:10,4062536.27273,0.00000001,0.000000000000550501,4708775,2018-11-16 20:58:10,btc,3.36492563466,0.195460381006,,"btc,eth",110697919.549,0.0,0.0157628953496,187
1,[],24,[],2019-02-21 19:50:43,0.0,0.000000000001,3.91108e-17,6754538,2019-02-21 19:50:43,btc,0.0,0.0,0.000000000001,btc,0.0,0.0,0.0,187
0,[],22,[],2019-02-21 19:51:31,0.0,0,0,6754539,2019-02-21 19:51:31,,1.19374396,0.0,0,,16308.869534405507,0.0,0.0,191
0,[],22,[],2019-02-21 19:53:01,0.0,0,0,6754540,2019-02-21 19:53:01,,0.0,0.0,0,,0.0,0.0,0.0,197
0,[],23,[],2019-01-20 23:31:41,0.0,0,0,6477079,2019-01-20 23:31:41,,0.0,0.0,0,,0.0,0.0,0.0,199
0,[],22,[],2019-02-21 19:53:51,0.0,0,0,6754541,2019-02-21 19:53:51,,5.17330081,0.0,0,,21824453.0,0.0,0.0,199
1,[],26,[],2019-02-21 19:53:51,0.0,0.00000000,0,6754542,2019-02-21 19:53:51,btc,0.0,0.0,0.00000000,btc,0.0,0.0,0.0,199
0,[],17,[],2019-01-30 16:32:01,0.0,0,0,6540827,2019-01-30 16:32:01,btc,6.802544163788159,0.0,0,btc,105897.55575295,0.0,0.0,200
0,[],2,[],2019-01-20 23:30:49,0.0,0,0,6477059,2019-01-20 23:30:49,,0.0,0.0,0,,0.0,0.0,0.0,201
1,[],4,[],2019-01-25 15:51:35,2084389.58565343,0.00000936,0.000000000333526752,6499557,2019-01-25 15:51:35,btc,2.0092503037378524,0.0,0.00000936,btc,160195.80207885,0.19272417,1.242687955921835,211
1,[],7,[],2019-02-21 19:53:57,3964514.24616816,0.0000013299999999999999715787242504649867669286322779953479766845703125,0.000000000052017364,6754543,2019-02-21 19:53:57,btc,15475878.145138215,1316181.31976,0.0000013299999999999999715787242504649867669286322779953479766845703125,btc,14323212.58665084,1.81090384,2.830605088551977,212
1,[],12,[],2019-01-25 02:44:32,207462.42853209,0.000001080000000000000035831255497387193287295303889550268650054931640625,0.000000000038610756000000006,6493050,2019-01-25 02:44:32,btc,85023.03793723314,0.0,0.000001080000000000000035831255497387193287295303889550268650054931640625,btc,43675.73520027,0.000146250909087,0.0348620860622024,213
1,[],5,[],2019-02-21 19:53:58,0.0,0,0,6754544,2019-02-21 19:53:58,btc,0.0,0.11228825,0,btc,0.0,0.0,0.0,213
1,[],24,[],2019-02-21 19:53:59,0.0,0.000000150000,0.00000000000586662,6754545,2019-02-21 19:53:59,btc,0.0,0.0,0.000000150000,btc,0.0,0.0,0.0,213
1,[],26,[],2019-02-21 19:53:59,0.0,0.00000009,0.000000000003519972,6754546,2019-02-21 19:53:59,btc,0.0,0.0,0.00000009,btc,0.0,0.0,0.0,213
1,[],22,[],2019-02-21 19:54:45,120000.0,0.00000001,0.000000000000391108,6754547,2019-02-21 19:54:45,BTC,2.19671377,0.0,0.00000001,BTC,271112.59081706154,0.0,0.0012,216
1,[],27,[],2019-02-21 19:54:48,5217804.5615,0.00000008,0.000000000003128864,6754548,2019-02-21 19:54:48,btc,355.9349088329,40299.4,0.00000008,"btc,ltc",224314.501,0.00523892,0.05527756246,216
1,[],22,[],2019-02-21 19:55:44,305622.220524957,0.00000231,0.000000000090345948,6754549,2019-02-21 19:55:44,BTC,12673.46289736,0.0,0.00000231,BTC,355296.07192557154,0.12266516,0.45662825,217
1,[],7,[],2019-02-21 19:55:45,0.0,0,0,6754550,2019-02-21 19:55:45,btc,77969.6156418105,0.0,0,btc,137055636.5050253,0.0,0.0,219
0,[],27,[],2019-02-21 19:55:47,0.0,0,0,6754551,2019-02-21 19:55:47,,0.0740438339680921,0.0,0,btc,1536429.20709513,0.0,0.0,219
0.0000000000000052,[],28,[],2019-02-21 19:55:53,168263753.092,5.2e-18,2.0337616e-22,6754552,2019-02-21 19:55:53,doge,83804.0320117675,44678.5966,0.00100000,"btc,doge",4733437.84751,0.0,1.199038290483488e-11,219
1,[],22,[],2019-02-21 19:58:06,146135.6,0.00000011,0.000000000004302188,6754553,2019-02-21 19:58:06,BTC,2.99220321,0.0,0.00000011,BTC,86125.27041875875,0.01625916,0.01463856,221
1,[],24,[],2019-02-21 19:58:06,0.0,0.000000190000,0.000000000007431052,6754554,2019-02-21 19:58:06,btc,0.0,0.0,0.000000190000,btc,0.0,0.0,0.0,221
1,[],20,[],2019-02-21 19:58:09,43228436.1239,0.000000001,0.0000000000000391108,6754555,2019-02-21 19:58:09,btc,47.9968636290187,1015845.7339,0.000000001,btc,11147457.9984,0.0010158457339,0.0432284361239,224
0,[],22,[],2019-02-21 19:58:57,0.0,0,0,6754556,2019-02-21 19:58:57,,0.0,0.0,0,,0.0,0.0,0.0,224
1,[],26,[],2019-02-21 19:58:58,0.0,0.00000036,0.000000000014079888,6754557,2019-02-21 19:58:58,btc,0.0,0.0,0.00000036,btc,0.0,0.0,0.0,231
1,[],26,[],2019-02-21 19:58:58,0.0,0.00000006,0.000000000002346648,6754558,2019-02-21 19:58:58,btc,0.0,0.0,0.00000006,btc,0.0,0.0,0.0,234
0,[],27,[],2019-02-21 19:59:00,0.0,0,0,6754559,2019-02-21 19:59:00,,0.0113483662182,0.0,0,"btc,eth",11462.99618,0.0,0.0,234
0,[],22,[],2019-02-21 19:59:33,0.0,0,0,6754560,2019-02-21 19:59:33,,4.79250648,0.0,0,,108037273.81349206,0.0,0.0,235
1,[],4,[],2019-02-21 19:59:35,1171150.04108155,0.00000087,0.000000000034026396,6754561,2019-02-21 19:59:35,btc,0.4525167377719885,0.0,0.00000087,btc,320713.98489296,0.19392014,0.4370475246688525,236
1,[],24,[],2019-02-21 19:59:35,0.0,0.000000020010,0.000000000000782607108,6754562,2019-02-21 19:59:35,btc,0.0,0.0,0.000000020010,btc,0.0,0.0,0.0,236
1,[],20,[],2019-02-21 19:59:37,67445705.3336,0.000000057,0.0000000000022293156,6754563,2019-02-21 19:59:37,btc,17.0532720352474,28107905.312,0.000000057,btc,44342502.6284,1.6928359753038,0.3738656659452,237
1,[],22,[],2019-02-21 20:00:33,116403.0,0.00000004,0.000000000001564432,6754564,2019-02-21 20:00:33,BTC,0.0405823,0.0,0.00000004,"BTC,LTC",3164.0,0.0,0.00482009,237
1,[],4,[],2019-02-21 20:00:34,4550344.22767322,0.00000033,0.000000000012906564,6754565,2019-02-21 20:00:34,btc,0.4882417330485671,0.0,0.00000033,btc,1315222.88231737,0.21352147,1.4263411872637708,238
1,[],5,[],2019-02-21 20:00:35,0.0,0,0,6754566,2019-02-21 20:00:35,btc,0.0,0.01419387,0,btc,0.0,0.0,0.0,238
0,[],22,[],2019-02-21 20:01:29,0.0,0,0,6754567,2019-02-21 20:01:29,,27.41701007,0.0,0,,370860.0639027493,0.0,0.0,249
0.000000000123279,[],22,[],2019-02-21 20:02:23,7021097.666666667,3.6983699999999995e-18,1.44646209396e-22,6754568,2019-02-21 20:02:23,LTC,0.54280194,0.0,0.00000003,LTC,14549981.09,2.94639768696e-12,0.20963595,252
1,[],28,[],2019-02-21 20:02:31,4391956.698,0.0000001,0.00000000000391108,6754569,2019-02-21 20:02:31,btc,164693.72235365084,110660.8,0.0000001,btc,1231660.0351,0.0,0.2663411375,256
1,[],22,[],2019-02-21 20:04:50,2448373.6666666665,0.00000003,0.000000000001173324,6754570,2019-02-21 20:04:50,BTC,30.16174839,0.0,0.00000003,BTC,441277.49566049565,0.00075,0.05230593,258
1,[],22,[],2019-02-21 20:05:49,48751.0,0.00000001,0.000000000000391108,6754571,2019-02-21 20:05:49,BTC,2.4175745,0.0,0.00000001,BTC,1762.0,0.0,0.00048751,259
1,[],22,[],2019-02-21 20:06:39,12388.0,0.00000950,0.00000000037155260000000003,6754572,2019-02-21 20:06:39,BTC,1398.83494808,0.0,0.00000950,"BTC,LTC",9358.117446291053,0.0,0.02743425,262
1,[],5,[],2019-02-21 20:06:42,0.0,0,0,6754573,2019-02-21 20:06:42,btc,0.0,0.09804011,0,btc,0.0,0.0,0.0,264
1,[],20,[],2019-02-21 20:06:44,1219368.886,0.000002012,0.0000000000786909296,6754574,2019-02-21 20:06:44,btc,7.6907194047308,54696.8967,0.000002012,btc,108368.5714,0.181317099263,0.0266047320737,264
1,[],22,[],2019-02-21 20:07:52,31914.0,0.00000001,0.000000000000391108,6754575,2019-02-21 20:07:52,BTC,8.4442135,0.0,0.00000001,BTC,427909.69136002666,0.000135,0.00031914,271
0,[],22,[],2019-02-21 20:08:20,0.0,0,0,6754576,2019-02-21 20:08:20,,390.78678703,0.0,0,,15707597515.9,0.0,0.0,272
0.0000000000000052,[],28,[],2019-02-21 20:08:26,250158262803.177,4.108e-21,1.606671664e-25,6754577,2019-02-21 20:08:26,doge,6007782.841955602,18166892425.727,0.00000079,doge,214077933567.12274,0.0,6.859395009721302e-10,272
1,[],22,[],2019-02-21 20:09:33,14130.796915422885,0.00000201,0.000000000078612708,6754578,2019-02-21 20:09:33,BTC,74.30180155,0.0,0.00000201,"BTC,LTC",7862.487639773189,0.09423046,0.04322274,281
1,[],22,[],2019-02-21 20:10:06,60770.0,0.00000002,0.000000000000782216,6754579,2019-02-21 20:10:06,BTC,1.33192801,0.0,0.00000002,BTC,127600.04598459575,5.594e-05,0.0010077,286
