pairValue,buyBook,exchangeId,sellBook,updated,buyTotal,satoshiPrice,usdPrice,exchangeLogId,created,bestPair,sellTotalBtc,volume,pairPrice,activePairs,sellTotal,volumeBtc,buyTotalBtc,coinId
1,[],3,[],2019-06-24 05:45:46,32253.258085767186,0.01071417000000000029069635587575248791836202144622802734375,0.000001161806023787999993465346097,7757618,2019-06-24 05:45:46,btc,10.425321561181807,58.1333881751,0.01071417000000000029069635587575248791836202144622802734375,btc,21.465794610573003,0.0,0.38534502140844823,1
1,[],4,[],2019-06-24 05:45:47,353602.15695894,0.01071000,0.000001161353843999999961958091609,7757619,2019-06-24 05:45:47,btc,8.513704918088786,0.0,0.01071000,btc,365.81266857,2.92394465,1.0999695321755998,1
1,[],5,[],2019-06-24 05:45:49,0.0,0,0,7757620,2019-06-24 05:45:49,btc,0.0,0.0121473,0,btc,0.0,0.0,0.0,1
1,[],10,[],2019-06-24 05:45:51,310399.39699212,0.00380094,0.000000412160250216,7757621,2019-06-24 05:45:51,btc,6521.733322266807,1420.07922067,0.00380094,btc,1296.6802198,0.0,1.5266164935223057,1
1,[],12,[],2019-06-24 05:45:53,92.8837321,0.010649999999999999744648704336213995702564716339111328125,0.000001154847659999999934481836306,7757622,2019-06-24 05:45:53,btc,0.3427848710522,0.0,0.010649999999999999744648704336213995702564716339111328125,btc,29.352442059999998,2.887648522218,0.205872060596,1
1,[],20,[],2019-06-24 05:45:57,919.377,0.01010012,0.000001095220652367999964124384708,7757623,2019-06-24 05:45:57,btc,0.1577282881851,0.8949,0.01010012,btc,11.676,0.0103898517974,0.1387475005382,1
1,[],21,[],2019-06-24 05:45:59,2044.15048338,0.01071968000000000052762683111,0.000001162403508352000019137662368,7757624,2019-06-24 05:45:59,btc,14.0718446038215,1676.22713522,0.01071968000000000052762683111495789489708840847015380859375,"btc,eth",1611.05535592,16.773497831879396,16.64223446734182,1
1,[],22,[],2019-06-24 05:46:02,0.0395979803020197,0.01000001,0.000001084365084363999964479975319,7757625,2019-06-24 05:46:02,BTC,0.01666796,0.0,0.01000001,BTC,0.25318100557485945,0.0,0.00021887,1
1,[],24,[],2019-06-24 05:48:02,0.0,0,0,7757626,2019-06-24 05:48:02,btc,0.0,0.0,0,btc,0.0,0.0,0.0,1
0.0,[],25,[],2019-06-24 05:48:04,0.0,0,0,7757627,2019-06-24 05:48:04,btc,61.29999999793272,9499.61864425,0.0,btc,5588.58227733,102.9574,0.0,1
1,[],26,[],2019-06-24 05:48:09,0.0,0,0,7757628,2019-06-24 05:48:09,,0.0,0.0,0,,0.0,0.0,0.0,1
0,[],28,[],2019-06-24 05:48:10,0.0,0,0,7757629,2019-06-24 05:48:10,,0.0,0.0,0,,0.0,0.0,0.0,1
0,[],2,[],2019-01-20 23:28:45,0.0,0,0,6477011,2019-01-20 23:28:45,,0.0,0.0,0,,0.0,0.0,0.0,1
1,[],5,[],2019-06-17 14:29:02,0.0,0,0,7740076,2019-06-17 14:29:02,btc,0.0,2.72e-05,0,btc,0.0,0.0,0.0,2
1,[],22,[],2019-06-17 14:29:06,11550.3,0.0000002,0.0000000000185828,7740077,2019-06-17 14:29:06,BTC,21.00897301,0.0,0.0000002,"BTC,XMR",20678.87287795317,1.754e-05,0.00143681,2
1,[],5,[],2019-06-03 14:48:58,0.0,0,0,7731126,2019-06-03 14:48:58,btc,0.0,0.05905545,0,btc,0.0,0.0,0.0,3
1,[],12,[],2019-06-03 14:48:59,3468623.70302,0.000000116,0.000000000009823402000000002,7731127,2019-06-03 14:48:59,btc,169531.0336573751,0.0,0.000000116,btc,2361209.62379607,0.041350953071,0.33764769154428,3
0,[],28,[],2019-06-03 14:49:00,0.0,0,0,7731128,2019-06-03 14:49:00,,0.0,0.0,0,,0.0,0.0,0.0,3
0,[],2,[],2019-01-20 23:31:32,0.0,0,0,6477077,2019-01-20 23:31:32,,0.0,0.0,0,,0.0,0.0,0.0,4
1,[],4,[],2019-05-18 21:29:50,562734.9206932,0.00000010,0.000000000007298720000000001,7650946,2019-05-18 21:29:50,btc,41.9347137769675,0.0,0.00000010,btc,1123702.32192634,0.00052462,0.029254593370966,4
0,[],12,[],2019-06-02 05:03:43,0.0,0,0,7724919,2019-06-02 05:03:43,btc,625.901992874995,0.0,0,btc,1211362.4995005,0.0,0.0,5
0,[],2,[],2019-01-20 23:31:51,0.0,0,0,6477087,2019-01-20 23:31:51,,0.0,0.0,0,,0.0,0.0,0.0,6
1,[],11,[],2019-06-24 05:50:11,4268416.276736,0.00000002,0.000000000002168728,7757630,2019-06-24 05:50:11,btc,9583.589931761648,0.0,0.00000002,btc,75153924.61494052,0.0,0.04543733276736,6
1,[],3,[],2019-06-24 05:50:12,11754.979024053077,0.000085019999999999995750343817491057052393443882465362548828125,0.000000009219262728,7757631,2019-06-24 05:50:12,btc,2027.9384102594418,514.854334368,0.000085019999999999995750343817491057052393443882465362548828125,btc,419.617573268042,0.0,0.02331550059013307,7
1,[],4,[],2019-06-24 05:50:13,300110.10906506,0.00007420,0.000000008045980879999999,7757632,2019-06-24 05:50:13,btc,7.156516373416949,0.0,0.00007420,btc,54516.31522708,1.18846554,1.8020710608916588,7
1,[],5,[],2019-06-24 05:50:14,0.0,0,0,7757633,2019-06-24 05:50:14,btc,0.0,0.02660823,0,btc,0.0,0.0,0.0,7
1,[],20,[],2019-04-07 22:06:50,3201475.0482,0.000000001,0.000000000000051590000000000004,7213932,2019-04-07 22:06:50,btc,30.8005781811902,0.0,0.000000001,btc,23077405.3926,0.0,0.0032014750482,8
1,[],4,[],2019-06-24 05:50:15,1759000.14156899,0.00000054,0.000000000058555656,7757634,2019-06-24 05:50:15,btc,3.1478560368323656,0.0,0.00000054,btc,2899767.44972847,0.73190801,0.4345742764137225,9
0,[],28,[],2019-06-24 05:50:17,0.0,0,0,7757635,2019-06-24 05:50:17,,0.0,0.0,0,,0.0,0.0,0.0,9
0,[],2,[],2019-01-20 23:22:42,0.0,0,0,6476876,2019-01-20 23:22:42,,0.0,0.0,0,,0.0,0.0,0.0,9
0,[],23,[],2019-01-20 23:22:48,0.0,0,0,6476878,2019-01-20 23:22:48,,0.0,0.0,0,,0.0,0.0,0.0,9
1,[],1,[],2019-02-17 23:31:42,1822507.21,0.00000181000000000000003456111265232042484285557293333113193511962890625,0.000000000066086901,6701244,2019-02-17 23:31:42,btc,3.6990969245,17153386.5,0.00000181000000000000003456111265232042484285557293333113193511962890625,btc,1997391.71,31.11772986,3.2610482446,9
1,[],4,[],2019-02-17 11:22:43,4341674.27126056,0.00000002,0.0000000000007272960000000001,6696112,2019-02-17 11:22:43,btc,0.1997230937751353,0.0,0.00000002,btc,4109766.79808031,0.00215132,0.0479381022052112,10
1,[],4,[],2019-06-24 05:50:17,40616187.09329123,0.00000029,0.000000000031446556,7757636,2019-06-24 05:50:17,btc,7.275907409511428,0.0,0.00000029,btc,8935422.5047821,0.36513096,1.95670357313452,12
1,[],5,[],2019-06-24 05:50:18,0.0,0,0,7757637,2019-06-24 05:50:18,btc,0.0,0.00983347,0,btc,0.0,0.0,0.0,12
0.0,[],25,[],2019-06-24 05:50:20,0.0,0,0,7757638,2019-06-24 05:50:20,,0.0,0.0,0.0,btc,0.0,0.0,0.0,12
0,[],2,[],2019-01-20 23:23:08,0.0,0,0,6476890,2019-01-20 23:23:08,,0.0,0.0,0,,0.0,0.0,0.0,12
1,[],10,[],2019-06-24 05:08:12,570578.75773801,0.00000339,0.000000000365789475,7757583,2019-06-24 05:08:12,btc,666798.2340581549,34070.1626071,0.00000339,btc,859417.29192553,0.0,0.2548193518493476,13
1,[],4,[],2019-06-24 05:50:20,577632.6331555,0.00000346,0.000000000375189944,7757639,2019-06-24 05:50:20,btc,2.0810665407149376,0.0,0.00000346,btc,322428.78979506,0.90498453,0.3481333318701511,13
1,[],21,[],2019-06-24 05:50:24,5914824.46202564,0.000003459999999999999906955937962,0.000000000375189944,7757640,2019-06-24 05:50:24,btc,3.278822995531173,2213984.30019799,0.0000034599999999999999069559379616389804823484155349433422088623046875,btc,740639.65112845,7.12052918,3.5930505367887875,13
1,[],4,[],2019-06-24 05:50:25,978676.83096285,0.00000065,0.00000000007048365999999999,7757641,2019-06-24 05:50:25,btc,9.972418471571874,0.0,0.00000065,btc,1273587.54807265,0.07449734,0.1011646034859698,14
1,[],12,[],2019-06-24 05:50:25,216845.23509968,0.00000056,0.00000000006072438400000001,7757642,2019-06-24 05:50:25,btc,195.81531210517466,0.0,0.00000056,btc,26409.59520206,0.000318648282,0.0176357599999527,14
1,[],26,[],2019-06-24 05:52:26,0.0,0.00000050,0.000000000054218199999999996,7757643,2019-06-24 05:52:26,btc,0.0,0.0,0.00000050,btc,0.0,0.0,0.0,14
0,[],17,[],2019-05-03 00:53:32,0.0,0,0,7558876,2019-05-03 00:53:32,btc,0.0,0.0,0,btc,0.0,0.0,0.0,14
0,[],4,[],2019-06-24 05:52:27,0.0,0,0,7757644,2019-06-24 05:52:27,,0.0,0.0,0,,0.0,0.0,0.0,15
,[],12,[],2018-12-01 15:15:48,204241.84496,0.00000489,0.000000000202473384,5260204,2018-12-01 15:15:48,btc,49.5475654835,0.0,,btc,35763.2193806,0.0163153972027625,0.0203389899998,15
1,[],4,[],2019-06-24 05:52:28,31263.63498612,0.00000910,0.00000000098677124,7757645,2019-06-24 05:52:28,btc,2.4509148825921407,0.0,0.00000910,btc,16615.28568596,0.05922099,0.0425549186674321,18
1,[],10,[],2019-06-24 05:52:30,391336.57363183,0.00000971,0.000000001052917444,7757646,2019-06-24 05:52:30,btc,14.886408581222577,2139.49941433,0.00000971,btc,10675.34399313,0.0,0.182754309885017,18
1,[],12,[],2019-06-24 05:52:31,933.57965762,0.000009500000000000000523019128007007338965195231139659881591796875,0.0000000010301458000000001,7757647,2019-06-24 05:52:31,btc,0.5224589048005164,0.0,0.000009500000000000000523019128007007338965195231139659881591796875,btc,1928.44661749,7.99898e-07,0.0037149405179266,18
0,[],2,[],2019-01-20 23:23:38,0.0,0,0,6476906,2019-01-20 23:23:38,,0.0,0.0,0,,0.0,0.0,0.0,18
0,[],17,[],2019-05-03 00:53:39,0.0,0,0,7558882,2019-05-03 00:53:39,btc,0.0,0.0,0,btc,0.0,0.0,0.0,18
1,[],3,[],2019-06-24 05:54:31,159874.29091485546,0.00000764999999999999960088349626463610775317647494375705718994140625,0.00000000082953846,7757648,2019-06-24 05:54:31,btc,190.33364425034978,12994.6057188,0.00000764999999999999960088349626463610775317647494375705718994140625,btc,18624.252942488816,0.0,0.07747264095142249,19
1,[],4,[],2019-06-24 05:54:32,350977.41586259,0.00000915,0.00000000099219306,7757649,2019-06-24 05:54:32,btc,5.555848602972267,0.0,0.00000915,btc,247333.40614714,0.33943437,1.5067465096468895,19
1,[],5,[],2019-06-24 05:54:33,0.0,0,0,7757650,2019-06-24 05:54:33,btc,0.0,0.00328462,0,btc,0.0,0.0,0.0,19
1,[],12,[],2019-06-24 05:54:35,109027.00649632,0.0000070299999999999996077638432512291188913877704180777072906494140625,0.0000000007623078919999999,7757651,2019-06-24 05:54:35,btc,1.2050746426102827,0.0,0.0000070299999999999996077638432512291188913877704180777072906494140625,btc,2973.67008334,0.0,0.019894621376311098,19
0,[],27,[],2019-06-24 05:54:40,0.0,0,0,7757652,2019-06-24 05:54:40,,0.0,0.0,0,btc,0.0,0.0,0.0,19
0,[],2,[],2019-01-20 23:24:19,0.0,0,0,6476924,2019-01-20 23:24:19,,0.0,0.0,0,,0.0,0.0,0.0,19
1,[],4,[],2019-06-24 05:54:40,10157212.92416777,0.00000005,0.00000000000542182,7757653,2019-06-24 05:54:40,btc,6.358699008884453,0.0,0.00000005,btc,2305311.3564439,0.0,0.1211805081896551,20
0,[],4,[],2019-06-24 05:54:41,0.0,0,0,7757654,2019-06-24 05:54:41,,11162.83216943169,0.0,0,,83544556.20649499,0.0,0.0,21
0,[],12,[],2019-06-24 05:54:42,0.0,0,0,7757655,2019-06-24 05:54:42,btc,2602.9610072350947,0.0,0,btc,7969338.30769228,0.0,0.0,21
0,[],17,[],2019-05-03 00:53:51,0.0,0,0,7558891,2019-05-03 00:53:51,btc,0.0,0.0,0,btc,0.0,0.0,0.0,21
1,[],12,[],2019-06-24 05:56:43,5970253962.277,0.0000000004,0.00000000000004337456,7757656,2019-06-24 05:56:43,btc,1428624031765.8606,0.0,0.0000000004,btc,2568650461.8091908,0.076916218319,1.4951791950108002,23
0.00000000028410109999999997,[],27,[],2019-06-24 05:56:48,66036889.0,1.1364043999999999e-17,1.2322760208016e-21,7757657,2019-06-24 05:56:48,eth,1046.0968162079005,25000.0,0.00000004,eth,7505122.70979221,2.13075825e-13,2.7429316295503e-10,23
1,[],4,[],2019-06-22 05:45:29,6100414.07522138,0.00000017,0.00000000001823352,7751732,2019-06-22 05:45:29,btc,10.22685272773715,0.0,0.00000017,btc,1790815.48208265,0.0,0.1345450262400025,24
0,[],22,[],2019-06-22 05:45:31,0.0,0,0,7751733,2019-06-22 05:45:31,,6.22e-05,0.0,0,,517.4264705882352,0.0,0.0,24
0.0,[],25,[],2019-06-22 05:45:32,0.0,0,0,7751734,2019-06-22 05:45:32,,0.0,0.0,0.0,btc,0.0,0.0,0.0,24
1,[],4,[],2019-06-24 05:56:48,26923426.90699384,0.00000384,0.00000000041639577599999997,7757658,2019-06-24 05:56:48,btc,6.677292976431964,0.0,0.00000384,btc,206835.54782775,0.09345952,0.3904722035645954,26
1,[],10,[],2019-06-24 05:56:50,162758.50328384,0.00000425,0.00000000046085469999999996,7757659,2019-06-24 05:56:50,btc,25.268207201992045,6586.57406192,0.00000425,btc,19674.97253042,0.0,0.0513873557088027,26
0,[],2,[],2019-01-20 23:25:56,0.0,0,0,6476976,2019-01-20 23:25:56,,0.0,0.0,0,,0.0,0.0,0.0,26
1,[],5,[],2019-04-26 09:47:06,0.0,0,0,7465326,2019-04-26 09:47:06,btc,0.0,0.0,0,btc,0.0,0.0,0.0,27
1,[],3,[],2019-06-17 14:30:26,13571825.64059417,0.00000001,0.00000000000092914,7740112,2019-06-17 14:30:26,btc,3.485049956644059,4264730.43754,0.00000001,btc,23500048.28518193,0.0,0.1357182564059417,27
1,[],11,[],2019-06-17 14:30:28,2031833.58157834,0.00000001,0.00000000000092914,7740113,2019-06-17 14:30:28,btc,67502.92060589766,32677.9652116,0.00000001,btc,6487362.95640949,0.0,0.0203183358157834,27
1,[],4,[],2019-06-24 05:56:51,870694740.1409552,0.00000001,0.000000000001084364,7757660,2019-06-24 05:56:51,btc,6.438397658185068,0.0,0.00000001,"btc,ltc",450625068.3466276,0.06444834,5.4151228042452075,29
1,[],7,[],2019-06-24 05:56:52,88235545.39145988,0.00000001,0.000000000001084364,7757661,2019-06-24 05:56:52,btc,46548272.19336757,0.0,0.00000001,btc,36540350.88706343,0.0,0.8823554539145988,29
1,[],4,[],2019-06-24 05:56:53,15492325.97378427,0.00000005,0.00000000000542182,7757662,2019-06-24 05:56:53,btc,2.5873849655046106,0.0,0.00000005,btc,2237624.01667946,0.00010978,0.1716198680678411,30
0,[],17,[],2019-05-03 01:11:25,0.0,0,0,7559066,2019-05-03 01:11:25,btc,0.0,0.0,0,btc,0.0,0.0,0.0,30
1,[],4,[],2019-06-24 05:58:54,206151.33292288,0.00003401,0.000000003687921964,7757663,2019-06-24 05:58:54,btc,3.6316217827715387,0.0,0.00003401,btc,56722.26786195,0.33640341,0.4070867448680576,31
1,[],21,[],2019-06-24 05:58:55,671555.0983041,0.00003499999999999999693387625621,0.000000003795274,7757664,2019-06-24 05:58:55,btc,4.819718841596663,205900.75732577,0.000034999999999999996933876256210993460626923479139804840087890625,btc,106164.41268518,7.21813003,3.6996591269794927,31
0,[],2,[],2019-01-20 23:28:43,0.0,0,0,6477009,2019-01-20 23:28:43,,0.0,0.0,0,,0.0,0.0,0.0,32
0,[],4,[],2019-06-24 05:58:56,0.0,0,0,7757665,2019-06-24 05:58:56,,0.0,0.0,0,,0.0,0.0,0.0,33
1,[],12,[],2019-03-30 07:55:10,40641173.964,0.00000003,0.000000000001228359,7108785,2019-03-30 07:55:10,btc,4233210.82356125,0.0,0.00000003,btc,28378394.68333462,0.0126927883965248,0.90752895892,33
0.0000000001259626,[],4,[],2019-06-24 05:58:57,151152927.4421944,6.5500552e-17,7.1026440568928e-21,7757666,2019-06-24 05:58:57,ltc,4.30272659494139,0.0,0.00000052,ltc,165258039.81827945,0.0,9.116712440468408e-10,34
1,[],5,[],2019-06-24 05:58:58,0.0,0,0,7757667,2019-06-24 05:58:58,btc,0.0,0.0011,0,btc,0.0,0.0,0.0,34
0.0000000002926451,[],17,[],2019-05-02 18:17:47,200000.0,2.9264510000000002e-18,1.596703856561e-22,7556430,2019-05-02 18:17:47,eth,0.20942468735267253,0.0,0.00000001,"btc,eth",1018272.20243647,0.0,5.852902e-13,36
0.0000000001311821,[],4,[],2019-05-31 13:28:19,2417517744.0607657,1.311821e-18,1.105058333085e-22,7717483,2019-05-31 13:28:19,ltc,5.019900492391546e-08,0.0,0.00000001,ltc,7102398142.262129,0.0,3.171350544531538e-09,36
1,[],5,[],2019-05-31 13:28:21,0.0,0,0,7717484,2019-05-31 13:28:21,btc,0.0,0.0,0,btc,0.0,0.0,0.0,36
0.0000000003108179,[],27,[],2019-05-31 13:30:34,10388811.226876,6.216358000000001e-18,5.236566733830001e-22,7717485,2019-05-31 13:30:34,eth,1569.8708019850988,761866.634299,0.00000002,"ltc,eth",5084024.2511555,4.736034912207001e-12,3.3251980286483705e-11,36
1,[],27,[],2019-06-24 05:20:57,11304.0,0.00000019,0.000000000020501475000000002,7757613,2019-06-24 05:20:57,btc,22.62970013895233,0.0,0.00000019,btc,4298.824295,0.0,0.00168776,37
1,[],4,[],2019-06-24 05:58:59,10848112.6575313,0.00000013,0.000000000014096731999999999,7757668,2019-06-24 05:58:59,btc,19773.055461372427,0.0,0.00000013,btc,682946.14349671,0.0,0.1477865110994347,37
1,[],12,[],2019-06-24 05:59:00,4254475.79935103,0.00000014,0.000000000015181096000000002,7757669,2019-06-24 05:59:00,btc,7.377198790899107,0.0,0.00000014,btc,1681114.55625206,0.021103761247,0.1588628307756336,37
1,[],17,[],2019-05-03 01:11:36,211752.74075282,0.00000025,0.000000000013700074999999998,7559074,2019-05-03 01:11:36,btc,0.055484923955058496,0.0,0.00000025,"btc,eth",1387.19918473,0.0,0.0005381851887916605,37
1,[],5,[],2019-06-24 05:20:59,0.0,0,0,7757614,2019-06-24 05:20:59,btc,0.0,0.28540943,0,btc,0.0,0.0,0.0,42
1,[],12,[],2019-06-24 05:21:01,190297.01235323,0.000001520000000000000058272072063492164062381561961956322193145751953125,0.00000000016401180000000002,7757615,2019-06-24 05:21:01,btc,537.9262463085024,0.0,0.000001520000000000000058272072063492164062381561961956322193145751953125,btc,131716.43505464,0.067959628105,0.0563251484242608,42
1,[],27,[],2019-06-24 05:21:07,889.0,0.00000140,0.0000000001510635,7757616,2019-06-24 05:21:07,btc,0.07600425,0.0,0.00000140,"btc,eth",18.0,0.0,0.0005422000002985018,42
1,[],12,[],2019-03-13 09:13:29,1112112.0,0.00000001,0.000000000000386531,6919902,2019-03-13 09:13:29,btc,29058.00478931866,0.0,0.00000001,btc,5967681.93306694,9.99000999e-07,0.01112112,43
1,[],5,[],2019-04-26 22:38:52,0.0,0,0,7474154,2019-04-26 22:38:52,btc,0.0,0.02638891,0,btc,0.0,0.0,0.0,43
0,[],17,[],2019-04-26 22:38:53,0.0,0,0,7474155,2019-04-26 22:38:53,btc,0.0,0.0,0,btc,0.0,0.0,0.0,43
1,[],12,[],2019-03-05 01:54:08,639326.02,0.00000004,0.000000000001486676,6845775,2019-03-05 01:54:08,btc,11116042.728239931,0.0,0.00000004,btc,1103841.4595604,0.0003330765234764,0.014975410599999999,44
0.0000000001258782,[],4,[],2019-06-24 05:21:08,106744118.91434675,5.035128e-17,5.4330289902e-21,7757617,2019-06-24 05:21:08,ltc,1601.9027329646256,0.0,0.0000004,ltc,26146869.22896898,0.0,6.010191096090002e-10,49
0.0000000001261876,[],4,[],2019-06-24 04:55:03,317443899.4962978,2.523752e-17,2.7098660912400002e-21,7757496,2019-06-24 04:55:03,ltc,28149.843071877374,0.0,0.0000002,ltc,198092494.013737,0.0,2.409590109427834e-09,52
0,[],22,[],2019-06-24 04:55:08,0.0,0,0,7757497,2019-06-24 04:55:08,,10289.80784133,0.0,0,,287058287.4566013,0.0,0.0,57
0,[],27,[],2019-06-24 04:55:13,0.0,0,0,7757498,2019-06-24 04:55:13,,0.0,0.0,0,"btc,eth",0.0,0.0,0.0,57
1,[],17,[],2019-05-03 01:12:09,1200000.0,0.0000000001,0.00000000000000548003,7559085,2019-05-03 01:12:09,btc,1e+24,0.0,0.0000000001,"btc,eth",39516342.31952568,0.0,0.00010000000058666061,58
0,[],4,[],2019-06-24 04:55:14,0.0,0,0,7757499,2019-06-24 04:55:14,,19.7201581167213,0.0,0,,5692707277.706376,0.0,0.0,58
1,[],12,[],2019-06-24 04:55:15,460643904.0999,0.0000000001,0.000000000000010737450000000002,7757500,2019-06-24 04:55:15,btc,34228819.392699406,0.0,0.0000000001,btc,3021049158.288668,0.008490794931,0.046064390409990004,58
0.0000000001064733,[],22,[],2019-06-24 04:57:18,126877.0,1.064733e-18,1.143251735085e-22,7757501,2019-06-24 04:57:18,XMR,68.17454206,0.0,0.00000001,XMR,9626402.6,0.0,0.00126877,58
1,[],5,[],2019-06-17 14:31:27,0.0,0,0,7740135,2019-06-17 14:31:27,btc,0.0,0.00079154,0,btc,0.0,0.0,0.0,61
1,[],22,[],2019-06-17 14:31:30,13612.833333333334,0.00000012,0.00000000001114968,7740136,2019-06-17 14:31:30,BTC,1002.29123003,0.0,0.00000012,BTC,15014.200177125656,0.0,0.00153257,61
1,[],26,[],2019-06-17 14:31:30,0.0,0.00000050,0.000000000046457,7740137,2019-06-17 14:31:30,btc,0.0,0.0,0.00000050,btc,0.0,0.0,0.0,61
1,[],27,[],2019-06-17 14:31:36,8400.0,0.00000018,0.00000000001672452,7740138,2019-06-17 14:31:36,btc,1.9742539297246655,0.0,0.00000018,"btc,eth",10953.51663696,0.0,0.001512,61
0,[],28,[],2019-06-17 14:31:38,0.0,0,0,7740139,2019-06-17 14:31:38,,0.0,0.0,0,,0.0,0.0,0.0,61
1,[],4,[],2019-06-24 04:57:19,631210.7138654,0.00000074,0.00000000007945713000000001,7757502,2019-06-24 04:57:19,btc,3.6110267300667274,0.0,0.00000074,btc,1317507.76007854,0.04629449,0.3557015474308847,67
0.0,[],25,[],2019-06-24 04:57:20,0.0,0,0,7757503,2019-06-24 04:57:20,,0.0,0.0,0.0,btc,0.0,0.0,0.0,67
1,[],12,[],2019-06-02 06:23:14,910048.355,0.00000006,0.000000000005154929999999999,7725270,2019-06-02 06:23:14,btc,5.167005424215783,0.0,0.00000006,btc,738530.60239759,0.003159757462,0.0187188113,71
,[],5,[],2018-11-20 23:02:39,1.5e-07,0.00000005,0.000000000002128045,4862160,2018-11-20 23:02:39,btc,2.84511358,0.0,,btc,0.00036572,0.0,0.07381892,74
1,[],5,[],2019-06-24 04:57:22,0.0,0,0,7757504,2019-06-24 04:57:22,btc,0.0,0.0028532,0,btc,0.0,0.0,0.0,75
1,[],4,[],2019-06-04 03:25:15,715281.46076168,0.00000001,0.000000000000803619,7734085,2019-06-04 03:25:15,btc,581089.6218469425,0.0,0.00000001,btc,37692563.61091116,0.0,0.0071528146076168,81
0,[],20,[],2019-01-25 09:30:31,0.0,0,0,6495923,2019-01-25 09:30:31,btc,0.0,0.0,0,btc,0.0,0.0,0.0,81
1,[],4,[],2019-06-24 04:57:23,217650.20110145,0.00009072,0.00000000974101464,7757505,2019-06-24 04:57:23,btc,56.63136918282498,0.0,0.00009072,btc,108696.67747575,1.39624346,0.2161480398192555,82
1,[],21,[],2019-06-24 04:57:24,64571.80146838,0.00009021000000000000535165661786,0.000000009686253645000001,7757506,2019-06-24 04:57:24,btc,6.382354622330061,16185.88514342,0.000090210000000000005351656617857969422402675263583660125732421875,btc,51579.318329149995,1.47489163,4.463237732132615,82
0,[],17,[],2019-03-25 22:42:34,0.0,0,0,7038780,2019-03-25 22:42:34,btc,0.0445064681804024,0.0,0,btc,995513.18476001,0.0,0.0,84
0.0000000001161485,[],4,[],2019-05-20 13:09:39,216715621.0206096,1.161485e-18,9.0533806701e-23,7657228,2019-05-20 13:09:39,ltc,1.6511566870244727,0.0,0.00000001,ltc,471032407.9048656,0.0,2.5171194308112273e-10,85
,[],22,[],2018-11-20 23:09:34,3408.1,0.0000001,0.0000000000041895,4862324,2018-11-20 23:09:34,BTC,0.04624735,0.0,,BTC,4990.0,0.0,0.00033081,86
1,[],22,[],2019-06-24 04:57:27,74694.0,0.00000005,0.000000000005368725000000001,7757507,2019-06-24 04:57:27,BTC,1.83892553,0.0,0.00000005,BTC,227024.94736842104,0.0,0.00122846,87
1,[],27,[],2019-06-24 04:57:31,269536.0,0.00000003,0.0000000000032212350000000005,7757508,2019-06-24 04:57:31,btc,2.01453544326,0.0,0.00000003,btc,553681.402,0.0,0.00708608,87
,[],2,[],2018-11-20 23:10:47,0.0,0,0,4862359,2018-11-20 23:10:47,,0.0,0.0,,,0.0,0.0,0.0,88
1,[],11,[],2019-06-17 14:31:59,193715.3529613,0.000073310000000000001140094962881477158589405007660388946533203125,0.00000000681152534,7740147,2019-06-17 14:31:59,btc,168.35454702024953,5791.70569014,0.000073310000000000001140094962881477158589405007660388946533203125,btc,196971.41170107,0.0,1.1996165759440112,89
0,[],2,[],2019-01-20 23:31:45,0.0,0,0,6477083,2019-01-20 23:31:45,,0.0,0.0,0,,0.0,0.0,0.0,91
1,[],12,[],2019-06-18 02:35:48,427715.74,0.00000015,0.000000000013911045000000001,7746087,2019-06-18 02:35:48,btc,116.61022144471085,0.0,0.00000015,btc,193315.55943968,0.000180759303,0.0129558314,91
1,[],22,[],2019-06-20 20:27:07,75910.0,0.00000002,0.000000000001914908,7746207,2019-06-20 20:27:07,BTC,0.49565371,0.0,0.00000002,"BTC,LTC",6.384990670617935,0.0,0.0016592,91
0,[],17,[],2019-05-03 01:12:26,0.0,0,0,7559096,2019-05-03 01:12:26,btc,0.0,0.0,0,btc,0.0,0.0,0.0,91
1,[],22,[],2019-06-24 04:57:35,105655.66666666667,0.00000003,0.0000000000032212350000000005,7757509,2019-06-24 04:57:35,BTC,11.44314296,0.0,0.00000003,"BTC,LTC",306964.4683191416,1.261876e-15,0.06677967,95
0,[],17,[],2019-05-03 01:12:32,0.0,0,0,7559100,2019-05-03 01:12:32,btc,0.0,0.0,0,btc,0.0,0.0,0.0,96
0.0000000001261876,[],4,[],2019-06-24 04:57:36,536376114.95566356,3.785628e-17,4.06479913686e-21,7757510,2019-06-24 04:57:36,ltc,11.31714781924454,0.0,0.0000003,ltc,157406441.90569413,0.0,8.200181067146653e-10,96
0,[],12,[],2019-06-24 04:57:37,0.0,0,0,7757511,2019-06-24 04:57:37,btc,36.49991304884116,0.0,0,btc,9855733.88411588,3.996e-08,0.0,96
1,[],4,[],2019-04-14 03:32:46,1039404.33283278,0.00000038,0.000000000019245518,7293458,2019-04-14 03:32:46,btc,4.170086055365747,0.0,0.00000038,btc,3097704.34561074,0.06260606,0.1859928211030784,99
0,[],2,[],2019-01-20 23:23:55,0.0,0,0,6476914,2019-01-20 23:23:55,,0.0,0.0,0,,0.0,0.0,0.0,100
1,[],4,[],2019-06-24 04:59:38,281152.31306893,0.00001145,0.000000001229438025,7757512,2019-06-24 04:59:38,btc,7.349464031987353,0.0,0.00001145,btc,165748.46022438,0.18737969,0.2250401912106893,100
1,[],22,[],2019-06-05 06:30:35,150000.0,0.00000002,0.000000000001558192,7740007,2019-06-05 06:30:35,BTC,28.56386409,0.0,0.00000002,BTC,12787.719,0.0,0.0017,101
1,[],4,[],2019-06-24 04:59:39,550173.71975195,0.00000171,0.00000000018361039500000003,7757513,2019-06-24 04:59:39,btc,879.9916480838109,0.0,0.00000171,btc,698528.15522728,0.06452035,0.1031635800557586,103
1,[],12,[],2019-06-17 14:32:14,179201505.10870332,0.000000005,0.00000000000046457,7740154,2019-06-17 14:32:14,btc,113577.79366343976,0.0,0.000000005,btc,79148141.67831126,0.019059029059,0.27280986350611003,105
1,[],27,[],2019-06-17 14:32:19,18306828.03496503,0.00000002,0.00000000000185828,7740155,2019-06-17 14:32:19,btc,180.7198218385489,1083.96503497,0.00000002,btc,276513.60142659,7.588e-05,0.3661365606993006,105
1,[],22,[],2019-04-21 00:17:26,21333.0,0.00000001,0.000000000000532493,7385819,2019-04-21 00:17:26,BTC,51.38182867,0.0,0.00000001,BTC,470435.0,0.0,0.00021333,107
1,[],26,[],2019-04-21 00:17:26,0.0,0.00000000,0,7385820,2019-04-21 00:17:26,btc,0.0,0.0,0.00000000,btc,0.0,0.0,0.0,107
1,[],5,[],2019-06-24 04:59:41,0.0,0,0,7757514,2019-06-24 04:59:41,btc,0.0,0.0,0,btc,0.0,0.0,0.0,112
0,[],22,[],2019-06-24 04:59:44,0.0,0,0,7757515,2019-06-24 04:59:44,,6.79500102,0.0,0,,3375892.0833333335,0.0,0.0,112
1,[],27,[],2019-06-24 04:59:49,1.0,0.00000001,0.000000000001073745,7757516,2019-06-24 04:59:49,btc,1.14885,0.0,0.00000001,"btc,eth",39.0,0.0,1e-08,112
1,[],4,[],2019-06-24 04:59:50,1063791.98495945,0.00000060,0.00000000006442470000000001,7757517,2019-06-24 04:59:50,btc,4.641573662640352,0.0,0.00000060,btc,752993.74245737,0.01899419,0.2365173215666894,113
1,[],5,[],2019-06-24 04:59:51,0.0,0,0,7757518,2019-06-24 04:59:51,btc,0.0,0.0,0,btc,0.0,0.0,0.0,113
1,[],17,[],2019-04-26 02:17:47,162738.278,0.00000004,0.0000000000021069000000000002,7461287,2019-04-26 02:17:47,btc,1.3331140273775473,0.0,0.00000004,btc,51796.221,0.0,0.00230953112,116
1,[],27,[],2019-05-22 05:13:01,210000.0,0.00000001,0.00000000000079145,7666372,2019-05-22 05:13:01,btc,3919.0005001478,0.0,0.00000001,btc,128660.871,0.0,0.0021,116
1,[],4,[],2019-05-21 22:31:11,138169.03963019,0.00000701,0.000000000558364025,7664793,2019-05-21 22:31:11,btc,150.95388250938234,0.0,0.00000701,btc,344631.17141974,0.07552974,0.4288357684941946,120
1,[],7,[],2019-05-21 22:31:12,3901.07750076,0.000010679999999999999389654892212320191902108490467071533203125,0.0000000008506887,7664794,2019-05-21 22:31:12,btc,231188.94669936574,0.0,0.000010679999999999999389654892212320191902108490467071533203125,btc,4133.83151364,0.0,0.0113888422364489,120
1,[],20,[],2019-04-07 18:42:29,1914137.0852,0.000000035,0.0000000000017871910000000002,7211992,2019-04-07 18:42:29,btc,32.2497668025648,25528.85,0.000000035,btc,1001975.4986,0.00089350975,0.0152723574729,125
1,[],22,[],2019-06-17 14:32:38,10000.0,0.00000001,0.00000000000092914,7740161,2019-06-17 14:32:38,BTC,0.032061,0.0,0.00000001,BTC,299316.7611111111,0.0,0.0001,126
0,[],2,[],2019-01-20 23:25:46,0.0,0,0,6476969,2019-01-20 23:25:46,,0.0,0.0,0,,0.0,0.0,0.0,131
1,[],17,[],2019-05-03 01:13:10,10000.0,0.00000001,0.000000000000548003,7559115,2019-05-03 01:13:10,btc,0.0953976503951408,0.0,0.00000001,btc,5037.62507334,0.0,0.0001,131
1,[],4,[],2019-06-24 04:59:52,965657.20652135,0.00000340,0.00000000036507330000000003,7757519,2019-06-24 04:59:52,btc,2.4317929767121136,0.0,0.00000340,btc,188797.30912126,0.1023661,0.6409765788417755,131
1,[],4,[],2019-06-17 14:32:42,4848.49465417,0.00007919,0.00000000735785966,7740163,2019-06-17 14:32:42,btc,0.9905723729472744,0.0,0.00007919,btc,202.13055914,0.0,0.0061509344290166,135
1,[],3,[],2019-06-05 06:33:11,40600.27748212,0.00000001,0.000000000000779096,7740019,2019-06-05 06:33:11,btc,0.2308097808993716,2146378.52189,0.00000001,btc,2477992.76904676,0.0,0.0004060027748212,136
1,[],4,[],2019-06-24 05:01:53,681446.7674767,0.00000170,0.00000000018253665000000002,7757520,2019-06-24 05:01:53,btc,110.11181806296565,0.0,0.00000170,btc,540342.64148466,0.07905234,0.3692342716411351,137
1,[],12,[],2019-06-24 05:01:54,67655.79423939,0.000001599999999999999927596978921418013896982301957905292510986328125,0.00000000017179920000000002,7757521,2019-06-24 05:01:54,btc,79.71174053661942,0.0,0.000001599999999999999927596978921418013896982301957905292510986328125,btc,81255.92097078,3.2e-06,0.0164652899999519,137
1,[],17,[],2019-05-03 01:13:16,32967.38636364,0.00000088,0.000000000048224264,7559122,2019-05-03 01:13:16,btc,20.06976206696776,0.0,0.00000088,btc,2746.079105,0.0,0.0105613000000032,142
1,[],4,[],2019-06-24 05:01:55,602331.93353246,0.00001196,0.0000000012841990200000002,7757522,2019-06-24 05:01:55,btc,4.772307197941413,0.0,0.00001196,btc,153172.24463649,0.89086628,0.4824395015153327,142
1,[],5,[],2019-06-24 05:01:56,0.0,0,0,7757523,2019-06-24 05:01:56,btc,0.0,0.04026851,0,btc,0.0,0.0,0.0,142
1,[],20,[],2019-06-24 05:03:58,265287.6498,0.00001091,0.0000000011714557950000002,7757524,2019-06-24 05:03:58,btc,1.6106785904282,756.7224,0.00001091,btc,10067.362,0.0107708475735,0.007462179866,142
1,[],22,[],2019-06-24 05:04:01,10715.0,0.00001299,0.000000001394794755,7757525,2019-06-24 05:04:01,BTC,2.99759384,0.0,0.00001299,BTC,835.7198755539798,0.0,0.00540125,142
0.0,[],25,[],2019-06-24 05:04:02,0.0,0,0,7757526,2019-06-24 05:04:02,,0.0,0.0,0.0,btc,0.0,0.0,0.0,142
0,[],28,[],2019-06-24 05:04:04,0.0,0,0,7757527,2019-06-24 05:04:04,,0.0,0.0,0,,0.0,0.0,0.0,142
0,[],22,[],2019-06-24 05:04:06,0.0,0,0,7757528,2019-06-24 05:04:06,,1635.98618676,0.0,0,,788450755.3,0.0,0.0,143
0,[],22,[],2019-02-25 15:42:22,0.0,0,0,6783783,2019-02-25 15:42:22,,4.2131946,0.0,0,,2322156.0,0.0,0.0,146
,[],22,[],2018-11-20 23:01:11,0.0,0,0,4862114,2018-11-20 23:01:11,,2.56807021,0.0,,,61828.4988236,0.0,0.0,147
1,[],12,[],2019-04-21 06:38:04,193091.5971266,0.00000071,0.000000000037635183,7388679,2019-04-21 06:38:04,btc,2.301232411611175,0.0,0.00000071,btc,9957.48302385,0.00023528,0.0313308199999888,148
1,[],4,[],2019-03-19 21:31:25,255810.0415942,0.00000029,0.000000000011615747,6982695,2019-03-19 21:31:25,btc,218.94922712414143,0.0,0.00000029,btc,793529.37642722,0.00117,0.0608347789473395,152
0,[],22,[],2019-03-19 21:31:27,0.0,0,0,6982696,2019-03-19 21:31:27,,0.0,0.0,0,,0.0,0.0,0.0,152
1,[],5,[],2019-04-26 09:36:59,0.0,0,0,7465040,2019-04-26 09:36:59,btc,0.0,0.0,0,btc,0.0,0.0,0.0,153
,[],16,[],2019-01-11 15:38:59,0.0,0,0,6366141,2019-01-11 15:38:59,btc,0.0,0.0,,btc,0.0,0.0,0.0,155
0,[],23,[],2019-01-20 23:24:29,0.0,0,0,6476932,2019-01-20 23:24:29,,0.0,0.0,0,,0.0,0.0,0.0,156
0,[],22,[],2019-06-04 06:02:09,0.0,0,0,7734688,2019-06-04 06:02:09,,7.43375324,0.0,0,,5955762.942592593,0.0,0.0,156
1,[],22,[],2019-06-24 05:04:10,6996.0,0.00000001,0.000000000001073745,7757529,2019-06-24 05:04:10,BTC,1.7543039,0.0,0.00000001,BTC,57.0,0.0,6.996e-05,157
0,[],22,[],2019-05-21 23:40:32,0.0,0,0,7665049,2019-05-21 23:40:32,,50234.60468402,0.0,0,,54786159.03179465,0.0,0.0,158
,[],17,[],2018-11-20 22:56:10,0.0,0,0,4861976,2018-11-20 22:56:10,btc,1.1265625,0.0,,btc,1000.0,0.0,0.0,159
,[],20,[],2018-11-20 22:56:12,0.0,0,0,4861977,2018-11-20 22:56:12,btc,11912.7940471,0.0,,btc,34413894.3617,0.0,0.0,159
1,[],12,[],2019-05-24 02:51:20,9178.522006449999,0.00000191999999999999982841307998027158276954651228152215480804443359375,0.000000000151222656,7676256,2019-05-24 02:51:20,btc,149.80414728631675,0.0,0.00000191999999999999982841307998027158276954651228152215480804443359375,btc,1115.7451448499999,0.01783167678326,0.0120075778999181,168
1,[],17,[],2019-05-03 01:13:36,42852.0,0.00000002,0.000000000001096006,7559132,2019-05-03 01:13:36,btc,0.04279856251542,0.0,0.00000002,btc,274.46171372,0.0,0.00052852,168
1,[],22,[],2019-05-17 03:01:52,10.0,0.00000001,0.000000000000778341,7642059,2019-05-17 03:01:52,BTC,41.95893009,0.0,0.00000001,BTC,1753972.7737547632,0.0,1e-07,169
1,[],22,[],2019-05-30 08:38:18,202834.0,0.00000002,0.0000000000017416160000000001,7711049,2019-05-30 08:38:18,BTC,27.87002826,0.0,0.00000002,BTC,462189.5410507793,0.0,0.00211768,171
1,[],22,[],2019-05-29 08:05:18,349870.0,0.00000002,0.000000000001705894,7705265,2019-05-29 08:05:18,BTC,24.05907723,0.0,0.00000002,"BTC,LTC",1224285.4355616204,0.0,0.0039847,173
1,[],5,[],2019-06-24 05:04:11,0.0,0,0,7757530,2019-06-24 05:04:11,btc,0.0,0.00358295,0,btc,0.0,0.0,0.0,175
1,[],22,[],2019-06-17 14:33:12,90671.0,0.00000001,0.00000000000092914,7740175,2019-06-17 14:33:12,BTC,394.35459412,0.0,0.00000001,BTC,136275.61833431243,0.0,0.00090671,176
0,[],2,[],2019-01-20 23:28:34,0.0,0,0,6477001,2019-01-20 23:28:34,,0.0,0.0,0,,0.0,0.0,0.0,178
1,[],7,[],2019-06-24 05:04:13,0.0,0,0,7757531,2019-06-24 05:04:13,btc,522272.5837346951,0.0,0,btc,27702952.41786136,0.0,0.0,178
0,[],22,[],2019-06-24 05:04:15,0.0,0,0,7757532,2019-06-24 05:04:15,,1.00242428,0.0,0,,57512.0,0.0,0.0,178
0,[],23,[],2019-01-20 23:25:08,0.0,0,0,6476952,2019-01-20 23:25:08,,0.0,0.0,0,,0.0,0.0,0.0,179
1,[],5,[],2019-06-24 05:04:16,0.0,0,0,7757533,2019-06-24 05:04:16,btc,0.0,0.0090017,0,btc,0.0,0.0,0.0,179
0,[],22,[],2019-06-24 05:04:18,0.0,0,0,7757534,2019-06-24 05:04:18,,5.31753917,0.0,0,,14450788.311946675,0.0,0.0,179
1,[],22,[],2019-06-24 05:06:22,670898.7613636364,0.0000004,0.000000000042949800000000005,7757535,2019-06-24 05:06:22,BTC,40.58845285,0.0,0.0000004,"BTC,LTC",149732.62502857723,0.00332382,0.56480298,180
1,[],26,[],2019-06-24 05:06:22,0.0,0.00000010,0.000000000010737450000000001,7757536,2019-06-24 05:06:22,btc,0.0,0.0,0.00000010,btc,0.0,0.0,0.0,180
1,[],17,[],2019-05-03 01:13:56,20504.725000000002,0.0000001,0.00000000000548003,7559141,2019-05-03 01:13:56,btc,5.2010695838400265,0.0,0.0000001,btc,5033.45945,0.0,0.0011504725,180
,[],7,[],2018-11-20 22:58:01,562227.975654,0.00000085,0.000000000036176765,4862015,2018-11-20 22:58:01,btc,21836.6059674,2491.87645172,,btc,749999.041456,0.00211021,0.127565380455,183
,[],5,[],2019-01-10 08:11:41,0.0,0,0,6347036,2019-01-10 08:11:41,btc,82.15055501,0.00261,,btc,1.19002445,0.0,0.0,187
,[],17,[],2018-11-16 20:58:10,4062536.27273,0.00000001,0.000000000000550501,4708775,2018-11-16 20:58:10,btc,3.36492563466,0.195460381006,,"btc,eth",110697919.549,0.0,0.0157628953496,187
1,[],24,[],2019-05-22 21:04:52,0.0,0.000000000014,0.0000000000000010960978,7670219,2019-05-22 21:04:52,btc,0.0,0.0,0.000000000014,btc,0.0,0.0,0.0,187
0,[],22,[],2019-04-25 02:54:07,0.0,0,0,7447896,2019-04-25 02:54:07,,7.54794454,0.0,0,,76361.7243344055,0.0,0.0,191
0,[],22,[],2019-06-17 14:33:34,0.0,0,0,7740182,2019-06-17 14:33:34,,0.0,0.0,0,,0.0,0.0,0.0,197
0,[],23,[],2019-01-20 23:31:41,0.0,0,0,6477079,2019-01-20 23:31:41,,0.0,0.0,0,,0.0,0.0,0.0,199
0,[],22,[],2019-06-24 05:06:25,0.0,0,0,7757537,2019-06-24 05:06:25,,10.58263174,0.0,0,,84280969.0,0.0,0.0,199
1,[],26,[],2019-06-24 05:06:25,0.0,0.00000000,0,7757538,2019-06-24 05:06:25,btc,0.0,0.0,0.00000000,btc,0.0,0.0,0.0,199
0,[],2,[],2019-01-20 23:30:49,0.0,0,0,6477059,2019-01-20 23:30:49,,0.0,0.0,0,,0.0,0.0,0.0,201
1,[],4,[],2019-01-25 15:51:35,2084389.58565343,0.00000936,0.000000000333526752,6499557,2019-01-25 15:51:35,btc,2.0092503037378524,0.0,0.00000936,btc,160195.80207885,0.19272417,1.242687955921835,211
1,[],7,[],2019-06-24 05:06:27,1170054124.6898527,0.00000018,0.00000000001932741,7757539,2019-06-24 05:06:27,btc,1346838.6258339162,0.0,0.00000018,btc,5739479.26464841,0.0,11.954344045954047,212
1,[],12,[],2019-01-25 02:44:32,207462.42853209,0.000001080000000000000035831255497387193287295303889550268650054931640625,0.000000000038610756000000006,6493050,2019-01-25 02:44:32,btc,85023.03793723314,0.0,0.000001080000000000000035831255497387193287295303889550268650054931640625,btc,43675.73520027,0.000146250909087,0.0348620860622024,213
1,[],5,[],2019-05-30 00:07:46,0.0,0,0,7709357,2019-05-30 00:07:46,btc,0.0,0.06425239,0,btc,0.0,0.0,0.0,213
1,[],24,[],2019-05-30 00:07:46,0.0,0.000000399202,0.0000000000344859829346,7709358,2019-05-30 00:07:46,btc,0.0,0.0,0.000000399202,btc,0.0,0.0,0.0,213
1,[],26,[],2019-05-30 00:07:47,0.0,0.00000040,0.000000000034554919999999996,7709359,2019-05-30 00:07:47,btc,0.0,0.0,0.00000040,btc,0.0,0.0,0.0,213
0,[],22,[],2019-06-24 05:06:30,0.0,0,0,7757540,2019-06-24 05:06:30,,9.56923849,0.0,0,,3661587.2040649247,0.0,0.0,216
0,[],27,[],2019-06-24 05:06:35,0.0,0,0,7757541,2019-06-24 05:06:35,,145.77026621145805,2004.00801604,0,"btc,ltc",592808.11736396,2.004e-05,0.0,216
1,[],22,[],2019-06-24 05:06:38,387012.7087912088,0.0000002,0.000000000021474900000000003,7757542,2019-06-24 05:06:38,BTC,12055.90026309,0.0,0.0000002,BTC,521930.4678921843,0.00278419,0.01468479,217
1,[],7,[],2019-06-24 05:06:40,0.0,0,0,7757543,2019-06-24 05:06:40,btc,1234912.6160040614,0.0,0,btc,89377746.4752352,0.0,0.0,219
0,[],27,[],2019-06-24 05:06:44,0.0,0,0,7757544,2019-06-24 05:06:44,,250.34372354432625,0.0,0,btc,5709879.26511325,0.0,0.0,219
0,[],28,[],2019-06-24 05:06:45,0.0,0,0,7757545,2019-06-24 05:06:45,,0.0,0.0,0,,0.0,0.0,0.0,219
1,[],22,[],2019-05-23 16:41:05,172069.0,0.00000004,0.0000000000031167080000000004,7674065,2019-05-23 16:41:05,BTC,56.76466137,0.0,0.00000004,BTC,127061.6482738741,0.0,0.00393676,221
1,[],24,[],2019-05-23 16:41:05,0.0,0.000000010000,0.0000000000007791770000000001,7674066,2019-05-23 16:41:05,btc,0.0,0.0,0.000000010000,btc,0.0,0.0,0.0,221
1,[],20,[],2019-06-17 14:34:11,26882155.8301,0.000000003,0.000000000000278742,7740192,2019-06-17 14:34:11,btc,100050.81956632523,233521.3529,0.000000003,btc,38769742.8604,0.0007925640587,0.0306863532672,224
0,[],22,[],2019-06-17 14:34:13,0.0,0,0,7740193,2019-06-17 14:34:13,,0.0,0.0,0,,0.0,0.0,0.0,224
1,[],26,[],2019-06-24 05:06:46,0.0,0.00000022,0.00000000002362239,7757546,2019-06-24 05:06:46,btc,0.0,0.0,0.00000022,btc,0.0,0.0,0.0,231
1,[],26,[],2019-06-24 05:06:46,0.0,0.00000005,0.000000000005368725000000001,7757547,2019-06-24 05:06:46,btc,0.0,0.0,0.00000005,btc,0.0,0.0,0.0,234
0.0000000002845584,[],27,[],2019-06-24 05:06:52,100.0,2.8455840000000002e-18,3.05543159208e-22,7757548,2019-06-24 05:06:52,eth,0.0,0.0,0.00000001,"btc,eth",0.0,0.0,2.8455840000000002e-16,234
1,[],4,[],2019-05-22 17:06:12,91780.56053785,0.00000078,0.000000000061977552,7669277,2019-05-22 17:06:12,btc,5.573372450018177,0.0,0.00000078,btc,729173.93529783,0.0,0.0307060663355679,236
1,[],24,[],2019-05-22 17:06:12,0.0,0.000000010000,0.000000000000794584,7669278,2019-05-22 17:06:12,btc,0.0,0.0,0.000000010000,btc,0.0,0.0,0.0,236
1,[],5,[],2019-06-24 05:06:53,0.0,0,0,7757549,2019-06-24 05:06:53,btc,0.0,1.0616204,0,btc,0.0,0.0,0.0,237
1,[],20,[],2019-06-24 05:06:55,50052330.8782,0.000000079,0.0000000000084825855,7757550,2019-06-24 05:06:55,btc,8172549.198198088,10792420.6036,0.000000079,btc,41180364.2521,0.8662780002484,1.1698530406952,237
1,[],22,[],2019-06-24 05:06:59,2084614.0,0.00000004,0.00000000000429498,7757551,2019-06-24 05:06:59,BTC,1.20112207,0.0,0.00000004,"BTC,LTC",14507.148717948718,0.0,0.02587451,237
1,[],4,[],2019-06-24 05:07:00,41380222.93282802,0.00000008,0.00000000000858996,7757552,2019-06-24 05:07:00,btc,2.579702369744084,0.0,0.00000008,btc,11765731.98190221,0.05079335,0.844771356068293,238
1,[],5,[],2019-06-24 05:07:01,0.0,0,0,7757553,2019-06-24 05:07:01,btc,0.0,0.0005976,0,btc,0.0,0.0,0.0,238
0,[],22,[],2019-03-12 16:49:32,0.0,0,0,6914458,2019-03-12 16:49:32,,0.40415746,0.0,0,,526736.5639027493,0.0,0.0,249
0,[],22,[],2019-05-28 23:53:45,0.0,0,0,7703643,2019-05-28 23:53:45,,13.44714864,0.0,0,,43777534.3426455,0.0,0.0,252
0,[],28,[],2019-06-24 05:07:03,0.0,0,0,7757554,2019-06-24 05:07:03,,0.0,0.0,0,,0.0,0.0,0.0,256
1,[],22,[],2019-06-24 05:07:06,551915.0,0.00000001,0.000000000001073745,7757555,2019-06-24 05:07:06,BTC,31464.57209997,0.0,0.00000001,BTC,1031955.2230878276,0.00014967,0.00551915,258
1,[],22,[],2019-05-19 18:12:02,400.0,0.00000001,0.0000000000007957800000000001,7653905,2019-05-19 18:12:02,BTC,2.415167,0.0,0.00000001,BTC,157.0,0.0,4e-06,259
1,[],5,[],2019-06-24 05:07:08,0.0,0,0,7757556,2019-06-24 05:07:08,btc,0.0,0.03352117,0,btc,0.0,0.0,0.0,264
1,[],20,[],2019-06-24 05:07:09,908411.2501,0.000000395,0.000000000042412927500000005,7757557,2019-06-24 05:07:09,btc,1.1637511794021,4867.39,0.000000395,btc,69463.1156,0.0031669890136,0.0064342344867,264
0,[],22,[],2019-04-12 17:57:27,0.0,0,0,7278186,2019-04-12 17:57:27,,66.37522201,0.0,0,,677842.4169881374,0.0,0.0,271
0,[],22,[],2019-06-24 05:07:12,0.0,0,0,7757558,2019-06-24 05:07:12,,33050469.74148113,0.0,0,,14261527780.7,0.0,0.0,272
0,[],28,[],2019-06-24 05:07:14,0.0,0,0,7757559,2019-06-24 05:07:14,,0.0,0.0,0,,0.0,0.0,0.0,272
1,[],22,[],2019-05-23 07:12:29,219930.0,0.00000004,0.000000000003048688,7671985,2019-05-23 07:12:29,BTC,426.77835217,0.0,0.00000004,BTC,248664.3325962929,0.0,0.00739728,281
1,[],22,[],2019-06-24 05:07:19,23469.1,0.00000001,0.000000000001073745,7757560,2019-06-24 05:07:19,BTC,2.76825555,0.0,0.00000001,"BTC,LTC",1075197.637193209,3.85e-05,0.00473038,286
0,[],22,[],2019-06-17 14:34:53,0.0,0,0,7740207,2019-06-17 14:34:53,,7337915.80475575,0.0,0,,2078527309.6797826,0.0,0.0,294
