pairValue,buyBook,exchangeId,sellBook,updated,buyTotal,satoshiPrice,usdPrice,exchangeLogId,created,bestPair,sellTotalBtc,volume,pairPrice,activePairs,sellTotal,volumeBtc,buyTotalBtc,coinId
1,[],3,[],2019-05-26 17:18:52,301.686334828461,0.01025373000000000082987394733891051146201789379119873046875,0.0000008186680569300001,7690285,2019-05-26 17:18:52,btc,0.2403255163274056,63.0878130188,0.01025373000000000082987394733891051146201789379119873046875,btc,16.477004755199,0.0,0.26177425019542394,1
1,[],4,[],2019-05-26 17:18:53,207698.81506073,0.01074906,0.0000008582156994600001,7690286,2019-05-26 17:18:53,btc,8.178576023012196,0.0,0.01074906,btc,343.22835797,0.95429589,0.6934871224937212,1
1,[],5,[],2019-05-26 17:18:55,0.0,0,0,7690287,2019-05-26 17:18:55,btc,0.0,0.04119518,0,btc,0.0,0.0,0.0,1
1,[],10,[],2019-05-26 17:18:58,228072.21211026,0.00740112,0.00000059091282192,7690288,2019-05-26 17:18:58,btc,6521.761589867948,1443.87722555,0.00740112,btc,1322.67391563,0.0,2.4066755481737716,1
1,[],12,[],2019-05-26 17:19:01,71.27652575,0.01078999999999999924449323174258097424171864986419677734375,0.0000008614843899999999,7690289,2019-05-26 17:19:01,btc,0.2403480383533,0.0,0.01078999999999999924449323174258097424171864986419677734375,btc,21.087494,0.850239690333,0.2391615791264,1
1,[],21,[],2019-05-26 17:19:04,1992.01764459,0.01080088000000000054978688269,0.0000008623530600800001,7690290,2019-05-26 17:19:04,btc,11.090429195667838,1394.7082407999999,0.01080088000000000054978688268647601944394409656524658203125,"btc,eth",1481.58390511,14.46966429636179,17.821725801392958,1
1,[],22,[],2019-05-26 17:19:08,0.0025666666666666667,0.00900000,0.0000007185690000000001,7690291,2019-05-26 17:19:08,BTC,0.31629903,0.0,0.00900000,BTC,0.2505752479991019,0.0,2.31e-05,1
1,[],24,[],2019-05-26 17:19:08,0.0,0.000000000000,0,7690292,2019-05-26 17:19:08,btc,0.0,0.0,0.000000000000,btc,0.0,0.0,0.0,1
0.0,[],25,[],2019-05-26 17:19:10,0.0,0,0,7690293,2019-05-26 17:19:10,btc,44.5499999985529,2131.54183322,0.0,btc,4028.59831253,23.204,0.0,1
1,[],26,[],2019-05-26 17:19:11,0.0,0,0,7690294,2019-05-26 17:19:11,,0.0,0.0,0,,0.0,0.0,0.0,1
0,[],28,[],2019-05-26 17:19:15,0.0,0,0,7690295,2019-05-26 17:19:15,,0.0,369886.9,0,,0.0,0.0,0.0,1
1,[],20,[],2019-05-26 16:42:20,973.4622,0.01026285,0.0000008174750013300001,7690129,2019-05-26 16:42:20,btc,0.2179963705322,0.1782,0.01026285,btc,16.656,0.0020292599632,0.1100186417539,1
0,[],2,[],2019-01-20 23:28:45,0.0,0,0,6477011,2019-01-20 23:28:45,,0.0,0.0,0,,0.0,0.0,0.0,1
1,[],5,[],2019-05-26 17:19:16,0.0,0,0,7690296,2019-05-26 17:19:16,btc,0.0,0.00075317,0,btc,0.0,0.0,0.0,2
1,[],22,[],2019-05-26 17:19:20,11638.0,0.0000002,0.000000000015968200000000002,7690297,2019-05-26 17:19:20,BTC,21.00897301,0.0,0.0000002,"BTC,XMR",20678.87287795317,0.0,0.00145435,2
1,[],5,[],2019-05-26 17:19:21,0.0,0,0,7690298,2019-05-26 17:19:21,btc,0.0,0.02502102,0,btc,0.0,0.0,0.0,3
1,[],12,[],2019-05-26 17:19:23,2389214.11412,0.000000108,0.000000000008622828,7690299,2019-05-26 17:19:23,btc,4688.201598566134,0.0,0.000000108,btc,3248868.55901333,0.051608174592,0.20194220521084,3
0,[],28,[],2019-05-26 17:19:25,0.0,0,0,7690300,2019-05-26 17:19:25,,0.0,0.0,0,,0.0,0.0,0.0,3
0,[],2,[],2019-01-20 23:31:32,0.0,0,0,6477077,2019-01-20 23:31:32,,0.0,0.0,0,,0.0,0.0,0.0,4
1,[],4,[],2019-05-18 21:29:50,562734.9206932,0.00000010,0.000000000007298720000000001,7650946,2019-05-18 21:29:50,btc,41.9347137769675,0.0,0.00000010,btc,1123702.32192634,0.00052462,0.029254593370966,4
0,[],12,[],2019-05-26 16:42:52,0.0,0,0,7690141,2019-05-26 16:42:52,btc,0.40767300499500503,0.0,0,btc,1036053.4995005,0.0,0.0,5
0,[],2,[],2019-01-20 23:31:51,0.0,0,0,6477087,2019-01-20 23:31:51,,0.0,0.0,0,,0.0,0.0,0.0,6
1,[],11,[],2019-05-26 17:19:26,7436289.776736,0.00000002,0.00000000000159682,7690301,2019-05-26 17:19:26,btc,9578.836663278988,2308514.0,0.00000002,btc,64189211.07598529,0.0,0.09709137276736,6
1,[],3,[],2019-05-26 17:19:28,12664.956812983792,0.0000888800000000000028389790518446034184307791292667388916015625,0.000000007096268080000001,7690302,2019-05-26 17:19:28,btc,0.10423216606502184,176.533509258,0.0000888800000000000028389790518446034184307791292667388916015625,btc,226.002004383764,0.0,0.026639439790722284,7
1,[],4,[],2019-05-26 17:19:29,359714.77775133,0.00009186,0.00000000733419426,7690303,2019-05-26 17:19:29,btc,8.25597921699879,0.0,0.00009186,btc,48174.33017458,2.58041423,4.367759228316949,7
1,[],5,[],2019-05-26 17:19:31,0.0,0,0,7690304,2019-05-26 17:19:31,btc,0.0,0.12529442,0,btc,0.0,0.0,0.0,7
1,[],20,[],2019-04-07 22:06:50,3201475.0482,0.000000001,0.000000000000051590000000000004,7213932,2019-04-07 22:06:50,btc,30.8005781811902,0.0,0.000000001,btc,23077405.3926,0.0,0.0032014750482,8
1,[],4,[],2019-05-26 17:19:34,20929049.47584099,0.00000054,0.000000000043114140000000006,7690305,2019-05-26 17:19:34,btc,4.352812786087311,0.0,0.00000054,btc,3914912.63931371,0.50486062,0.664484284436165,9
0,[],28,[],2019-05-26 17:19:35,0.0,0,0,7690306,2019-05-26 17:19:35,,0.0,3559021.0,0,,0.0,0.0,0.0,9
0,[],2,[],2019-01-20 23:22:42,0.0,0,0,6476876,2019-01-20 23:22:42,,0.0,0.0,0,,0.0,0.0,0.0,9
0,[],23,[],2019-01-20 23:22:48,0.0,0,0,6476878,2019-01-20 23:22:48,,0.0,0.0,0,,0.0,0.0,0.0,9
1,[],1,[],2019-02-17 23:31:42,1822507.21,0.00000181000000000000003456111265232042484285557293333113193511962890625,0.000000000066086901,6701244,2019-02-17 23:31:42,btc,3.6990969245,17153386.5,0.00000181000000000000003456111265232042484285557293333113193511962890625,btc,1997391.71,31.11772986,3.2610482446,9
1,[],4,[],2019-02-17 11:22:43,4341674.27126056,0.00000002,0.0000000000007272960000000001,6696112,2019-02-17 11:22:43,btc,0.1997230937751353,0.0,0.00000002,btc,4109766.79808031,0.00215132,0.0479381022052112,10
1,[],4,[],2019-05-26 17:19:36,4531169.57113105,0.00000054,0.000000000043114140000000006,7690307,2019-05-26 17:19:36,btc,5.0105413262260825,0.0,0.00000054,btc,4949966.53190704,1.5003016,0.9533009753885218,12
1,[],5,[],2019-05-26 17:19:37,0.0,0,0,7690308,2019-05-26 17:19:37,btc,0.0,0.355582,0,btc,0.0,0.0,0.0,12
0.0,[],25,[],2019-05-26 17:19:39,0.0,0,0,7690309,2019-05-26 17:19:39,,0.0,0.0,0.0,btc,0.0,0.0,0.0,12
0,[],2,[],2019-01-20 23:23:08,0.0,0,0,6476890,2019-01-20 23:23:08,,0.0,0.0,0,,0.0,0.0,0.0,12
1,[],4,[],2019-05-26 17:19:40,413659.79014116,0.00000605,0.00000000048303805,7690310,2019-05-26 17:19:40,btc,2.06751565582334,0.0,0.00000605,btc,251204.69894306,0.40147831,0.9021067175428094,13
1,[],10,[],2019-05-26 17:19:42,575872.97980656,0.00000606,0.00000000048383646,7690311,2019-05-26 17:19:42,btc,666803.2590342938,6989.40294969,0.00000606,btc,861213.06239348,0.0,0.329799101038504,13
1,[],21,[],2019-05-26 17:19:43,935546.53089969,0.000006270000000000000108023399253,0.00000000050060307,7690312,2019-05-26 17:19:43,btc,3.47451221479176,476932.13263713,0.0000062700000000000001080233992534207487778985523618757724761962890625,btc,475060.51814738003,2.97165131,4.910227576662308,13
1,[],4,[],2019-05-26 17:19:44,895469.20256769,0.00000071,0.000000000056687110000000006,7690313,2019-05-26 17:19:44,btc,3.7907790154741305,0.0,0.00000071,btc,821438.22004023,0.00193781,0.1105911072659325,14
1,[],12,[],2019-05-26 17:19:45,134652.94627592,0.00000066,0.00000000005269506000000001,7690314,2019-05-26 17:19:45,btc,14.1350031816634,0.0,0.00000066,btc,21559.65080592,6.5088012e-05,0.0147882299999837,14
1,[],26,[],2019-05-26 17:21:45,0.0,0.00000050,0.0000000000399205,7690315,2019-05-26 17:21:45,btc,0.0,0.0,0.00000050,btc,0.0,0.0,0.0,14
0,[],17,[],2019-05-03 00:53:32,0.0,0,0,7558876,2019-05-03 00:53:32,btc,0.0,0.0,0,btc,0.0,0.0,0.0,14
0,[],4,[],2019-05-26 17:21:46,0.0,0,0,7690316,2019-05-26 17:21:46,,0.0,0.0,0,,0.0,0.0,0.0,15
,[],12,[],2018-12-01 15:15:48,204241.84496,0.00000489,0.000000000202473384,5260204,2018-12-01 15:15:48,btc,49.5475654835,0.0,,btc,35763.2193806,0.0163153972027625,0.0203389899998,15
1,[],4,[],2019-05-26 17:21:50,36422.83291539,0.00001210,0.0000000009660761,7690317,2019-05-26 17:21:50,btc,1.0925979289769556,0.0,0.00001210,btc,18069.20206908,0.03619423,0.0909237123393421,18
1,[],10,[],2019-05-26 17:21:52,314651.55674283,0.00001131,0.0000000009030017100000001,7690318,2019-05-26 17:21:52,btc,15.349629324056025,16756.9903038,0.00001131,btc,14010.89150588,0.0,0.1207730819579967,18
1,[],12,[],2019-05-26 17:21:53,6586.99034816,0.000011159999999999999876153754241325799512196681462228298187255859375,0.00000000089102556,7690319,2019-05-26 17:21:53,btc,0.11343341142900801,0.0,0.000011159999999999999876153754241325799512196681462228298187255859375,btc,1186.18719134,0.000699999273,0.0114307858099367,18
0,[],2,[],2019-01-20 23:23:38,0.0,0,0,6476906,2019-01-20 23:23:38,,0.0,0.0,0,,0.0,0.0,0.0,18
0,[],17,[],2019-05-03 00:53:39,0.0,0,0,7558882,2019-05-03 00:53:39,btc,0.0,0.0,0,btc,0.0,0.0,0.0,18
1,[],3,[],2019-05-26 17:23:55,159213.57925000077,0.00000798999999999999973372862005493999504324165172874927520751953125,0.00000000063792959,7690320,2019-05-26 17:23:55,btc,0.15957288383682564,3754.77071591,0.00000798999999999999973372862005493999504324165172874927520751953125,btc,4177.042642587771,0.0,0.0496870831929963,19
1,[],4,[],2019-05-26 17:23:56,610615.28498678,0.00000815,0.00000000065070415,7690321,2019-05-26 17:23:56,btc,3.7996024374772324,0.0,0.00000815,btc,170645.87615347,0.25929832,0.7309955142471898,19
1,[],5,[],2019-05-26 17:23:58,0.0,0,0,7690322,2019-05-26 17:23:58,btc,0.0,0.00023761,0,btc,0.0,0.0,0.0,19
1,[],12,[],2019-05-26 17:24:00,14613.77541288,0.0000074200000000000001089232870565837174581247381865978240966796875,0.0000000005924202200000001,7690323,2019-05-26 17:24:00,btc,0.0617089511896252,0.0,0.0000074200000000000001089232870565837174581247381865978240966796875,btc,1851.17136297,0.0,0.0243025199995756,19
0,[],27,[],2019-05-26 17:24:06,0.0,0,0,7690324,2019-05-26 17:24:06,,0.0,0.0,0,btc,0.0,0.0,0.0,19
0,[],2,[],2019-01-20 23:24:19,0.0,0,0,6476924,2019-01-20 23:24:19,,0.0,0.0,0,,0.0,0.0,0.0,19
1,[],4,[],2019-05-26 17:24:07,10228410.21811859,0.00000007,0.000000000005588870000000001,7690325,2019-05-26 17:24:07,btc,6.4307072950777595,0.0,0.00000007,btc,2332215.60836933,0.0,0.1274738176872813,20
1,[],4,[],2019-05-26 17:24:10,72781483.2473748,0.00000001,0.00000000000079841,7690326,2019-05-26 17:24:10,btc,1799.0476601638936,0.0,0.00000001,btc,64633922.31973631,0.00044902,0.7278148324737481,21
1,[],12,[],2019-05-26 17:24:12,2499284.0,0.00000001,0.00000000000079841,7690327,2019-05-26 17:24:12,btc,1008.0168623015485,0.0,0.00000001,btc,6038338.0769230705,6.249998e-05,0.02499284,21
0,[],17,[],2019-05-03 00:53:51,0.0,0,0,7558891,2019-05-03 00:53:51,btc,0.0,0.0,0,btc,0.0,0.0,0.0,21
1,[],12,[],2019-05-26 17:26:12,6262025337.0,0.0000000004,0.000000000000031936400000000005,7690328,2019-05-26 17:26:12,btc,108866024.06943417,0.0,0.0000000004,btc,2506352379.5024977,0.004771159003,1.2781923068,23
0.0000000003116036,[],27,[],2019-05-26 17:26:19,91147633.0,6.232072000000001e-18,4.97574860552e-22,7690329,2019-05-26 17:26:19,eth,1169.8203589208,863308213.3626374,0.00000002,eth,8240881.208,8.07029841552704e-09,3.93452614209116e-10,23
1,[],4,[],2019-05-26 17:26:20,1887947.56358954,0.00000022,0.00000000001756502,7690330,2019-05-26 17:26:20,btc,13.473129087934597,0.0,0.00000022,btc,2128537.05588978,0.01231858,0.0713718452702407,24
1,[],22,[],2019-05-26 17:28:22,0.0,0.00000100,0.000000000079841,7690331,2019-05-26 17:28:22,BTC,0.0,0.0,0.00000100,BTC,0.0,0.0,0.0,24
0.0,[],25,[],2019-05-26 17:28:24,0.0,0,0,7690332,2019-05-26 17:28:24,,0.0,0.0,0.0,btc,0.0,0.0,0.0,24
1,[],4,[],2019-05-26 17:28:26,301449.56127047,0.00000437,0.00000000034890517000000003,7690333,2019-05-26 17:28:26,btc,10.483396358830502,0.0,0.00000437,btc,274170.31724744,0.10309558,0.1560329779186065,26
1,[],10,[],2019-05-26 17:28:28,159979.3801344,0.0000044,0.00000000035130040000000004,7690334,2019-05-26 17:28:28,btc,25.50844923124335,5958.29105806,0.0000044,btc,22793.37553319,0.0,0.0314893639287213,26
0,[],2,[],2019-01-20 23:25:56,0.0,0,0,6476976,2019-01-20 23:25:56,,0.0,0.0,0,,0.0,0.0,0.0,26
1,[],3,[],2019-05-26 17:28:30,6122113.10144003,0.00000001,0.00000000000079841,7690335,2019-05-26 17:28:30,btc,3.3226510581255204,5062387.59545,0.00000001,btc,24191414.98617883,0.0,0.061221131014400305,27
1,[],11,[],2019-05-26 17:28:32,1069867.58157834,0.00000001,0.00000000000079841,7690336,2019-05-26 17:28:32,btc,67503.038056662,12744.4184217,0.00000001,btc,6639900.67919713,0.0,0.0106986758157834,27
1,[],5,[],2019-04-26 09:47:06,0.0,0,0,7465326,2019-04-26 09:47:06,btc,0.0,0.0,0,btc,0.0,0.0,0.0,27
1,[],4,[],2019-05-26 17:28:33,1189884939.3826365,0.00000001,0.00000000000079841,7690337,2019-05-26 17:28:33,btc,4.659069794993319,0.0,0.00000001,"btc,ltc",294897078.46422255,0.01653534,8.153619224923215,29
1,[],7,[],2019-05-26 17:28:37,86565332.30740812,0.00000001,0.00000000000079841,7690338,2019-05-26 17:28:37,btc,46548272.132582866,2247.75224775,0.00000001,btc,35211213.039159,4.496e-05,0.8656533230740813,29
1,[],4,[],2019-05-26 17:28:39,15365675.42153376,0.00000006,0.00000000000479046,7690339,2019-05-26 17:28:39,btc,2.672198177069463,0.0,0.00000006,btc,2159717.90131985,0.00185283,0.1722543763656754,30
0,[],17,[],2019-05-03 01:11:25,0.0,0,0,7559066,2019-05-03 01:11:25,btc,0.0,0.0,0,btc,0.0,0.0,0.0,30
1,[],4,[],2019-05-26 17:30:40,308583.92681195,0.00004317,0.00000000344673597,7690340,2019-05-26 17:30:40,btc,3.402408623668473,0.0,0.00004317,btc,43077.37133007,0.65163028,0.8742850585577466,31
1,[],21,[],2019-05-26 17:30:42,134414.41683388,0.00004500000000000000283410447888,0.0000000035928450000000005,7690341,2019-05-26 17:30:42,btc,4.708600289150669,217617.66102211,0.0000450000000000000028341044788771085904954816214740276336669921875,btc,90419.38175807,9.5055561,4.013381114205864,31
0,[],2,[],2019-01-20 23:28:43,0.0,0,0,6477009,2019-01-20 23:28:43,,0.0,0.0,0,,0.0,0.0,0.0,32
0,[],4,[],2019-05-26 17:30:43,0.0,0,0,7690342,2019-05-26 17:30:43,,0.0,0.0,0,,0.0,0.0,0.0,33
1,[],12,[],2019-03-30 07:55:10,40641173.964,0.00000003,0.000000000001228359,7108785,2019-03-30 07:55:10,btc,4233210.82356125,0.0,0.00000003,btc,28378394.68333462,0.0126927883965248,0.90752895892,33
0.0000000001265596,[],4,[],2019-05-26 17:30:44,502348146.73777777,1.7718344000000002e-17,1.4146503033040002e-21,7690343,2019-05-26 17:30:44,ltc,3.50815081050465,0.0,0.00000014,ltc,156508026.15623057,0.00012554,1.789592266468772e-09,34
1,[],5,[],2019-05-26 17:30:45,0.0,0,0,7690344,2019-05-26 17:30:45,btc,0.0,5.256e-05,0,btc,0.0,0.0,0.0,34
0.0000000002926451,[],17,[],2019-05-02 18:17:47,200000.0,2.9264510000000002e-18,1.596703856561e-22,7556430,2019-05-02 18:17:47,eth,0.20942468735267253,0.0,0.00000001,"btc,eth",1018272.20243647,0.0,5.852902e-13,36
0.0000000001265596,[],4,[],2019-05-26 17:30:48,171503115.881,1.265596e-18,1.0104645023600002e-22,7690345,2019-05-26 17:30:48,ltc,4.4592013935386564e-08,0.0,0.00000001,ltc,6907890846.830453,0.0,2.1705365744653009e-10,36
1,[],5,[],2019-05-26 17:30:49,0.0,0,0,7690346,2019-05-26 17:30:49,btc,0.0,7.408e-05,0,btc,0.0,0.0,0.0,36
0.0000000003116036,[],27,[],2019-05-26 17:33:00,56418497.004,6.232072000000001e-18,4.97574860552e-22,7690347,2019-05-26 17:33:00,eth,1670.94395568,2923996296.0,0.00000002,"ltc,eth",5105977.0,1.4816077220361458e-08,1.935628270748824e-10,36
1,[],4,[],2019-05-26 17:33:01,10014882.71710465,0.00000018,0.000000000014371380000000001,7690348,2019-05-26 17:33:01,btc,19772.596962537187,0.0,0.00000018,btc,789545.48321193,0.00095573,0.14355504080431,37
1,[],12,[],2019-05-26 17:33:02,3796396.62100001,0.0000002,0.0000000000159682,7690349,2019-05-26 17:33:02,btc,8.263047548050986,0.0,0.0000002,btc,978047.03429502,0.025721616798,0.1907136329300017,37
1,[],27,[],2019-05-26 17:35:11,1600.0,0.00000015,0.000000000011976150000000001,7690350,2019-05-26 17:35:11,btc,24.12156123602533,0.0,0.00000015,btc,5842.04443503,0.0,3e-05,37
1,[],17,[],2019-05-03 01:11:36,211752.74075282,0.00000025,0.000000000013700074999999998,7559074,2019-05-03 01:11:36,btc,0.055484923955058496,0.0,0.00000025,"btc,eth",1387.19918473,0.0,0.0005381851887916605,37
1,[],5,[],2019-05-26 17:35:12,0.0,0,0,7690351,2019-05-26 17:35:12,btc,0.0,0.00691762,0,btc,0.0,0.0,0.0,42
1,[],12,[],2019-05-26 17:35:13,144167.24590443,0.00000110000000000000005610204141526242693771564518101513385772705078125,0.00000000008782510000000001,7690352,2019-05-26 17:35:13,btc,24.497439582662192,0.0,0.00000110000000000000005610204141526242693771564518101513385772705078125,btc,53679.59485797,0.004057874849,0.0535223699999592,42
1,[],27,[],2019-05-26 17:35:26,806.0,0.00000100,0.000000000079841,7690353,2019-05-26 17:35:26,btc,0.5699845831768,0.0,0.00000100,"btc,eth",1183.4448157,0.0,0.00020600000048473055,42
1,[],12,[],2019-03-13 09:13:29,1112112.0,0.00000001,0.000000000000386531,6919902,2019-03-13 09:13:29,btc,29058.00478931866,0.0,0.00000001,btc,5967681.93306694,9.99000999e-07,0.01112112,43
1,[],5,[],2019-04-26 22:38:52,0.0,0,0,7474154,2019-04-26 22:38:52,btc,0.0,0.02638891,0,btc,0.0,0.0,0.0,43
0,[],17,[],2019-04-26 22:38:53,0.0,0,0,7474155,2019-04-26 22:38:53,btc,0.0,0.0,0,btc,0.0,0.0,0.0,43
1,[],12,[],2019-03-05 01:54:08,639326.02,0.00000004,0.000000000001486676,6845775,2019-03-05 01:54:08,btc,11116042.728239931,0.0,0.00000004,btc,1103841.4595604,0.0003330765234764,0.014975410599999999,44
1,[],4,[],2019-05-26 17:35:27,114867544.7771562,0.00000001,0.00000000000079841,7690354,2019-05-26 17:35:27,btc,291324.17419811356,0.0,0.00000001,"btc,ltc",24700259.38208407,0.00132451,0.08782918979359632,49
0.0000000001265596,[],4,[],2019-05-26 17:35:30,146379971.49877322,3.2905496e-17,2.6272077061360004e-21,7690355,2019-05-26 17:35:30,ltc,22050.15349515117,0.0,0.00000026,ltc,158043137.87856057,0.00010884,9.243594657741112e-10,52
0,[],22,[],2019-05-26 17:35:34,0.0,0,0,7690356,2019-05-26 17:35:34,,10289.55991011,0.0,0,,308568058.4566013,0.0,0.0,57
0,[],27,[],2019-05-26 17:35:43,0.0,0,0,7690357,2019-05-26 17:35:43,,0.0,0.0,0,"btc,eth",0.0,0.0,0.0,57
0.0000000001265596,[],4,[],2019-05-26 17:35:43,2816834087.046031,1.265596e-18,1.0104645023600002e-22,7690358,2019-05-26 17:35:43,ltc,19.263870667963992,0.0,0.00000001,ltc,5831390386.228598,0.0,3.564973953229109e-09,58
1,[],12,[],2019-05-26 17:35:44,699748907.0,0.0000000001,0.000000000000007984100000000001,7690359,2019-05-26 17:35:44,btc,1809453.3511188803,0.0,0.0000000001,btc,2374453745.497503,0.000184758346,0.0699748907,58
0.00000000010839400000000001,[],22,[],2019-05-26 17:37:49,126877.0,1.0839400000000002e-18,8.654285354000002e-23,7690360,2019-05-26 17:37:49,XMR,68.17454206,0.0,0.00000001,XMR,9626402.6,0.0,0.00126877,58
1,[],17,[],2019-05-03 01:12:09,1200000.0,0.0000000001,0.00000000000000548003,7559085,2019-05-03 01:12:09,btc,1e+24,0.0,0.0000000001,"btc,eth",39516342.31952568,0.0,0.00010000000058666061,58
1,[],5,[],2019-05-26 17:37:51,0.0,0,0,7690361,2019-05-26 17:37:51,btc,0.0,0.02042319,0,btc,0.0,0.0,0.0,61
1,[],22,[],2019-05-26 17:37:53,13613.833333333334,0.00000012,0.00000000000958092,7690362,2019-05-26 17:37:53,BTC,1002.29590883,0.0,0.00000012,BTC,15092.180177125656,0.0,0.00153269,61
1,[],26,[],2019-05-26 17:37:53,0.0,0.00000050,0.0000000000399205,7690363,2019-05-26 17:37:53,btc,0.0,0.0,0.00000050,btc,0.0,0.0,0.0,61
1,[],27,[],2019-05-26 17:37:59,13662.0,0.00000019,0.000000000015169790000000003,7690364,2019-05-26 17:37:59,btc,1.9582485601246655,747.001,0.00000019,"btc,eth",11379.41563696,0.00717121,0.00251178,61
0,[],28,[],2019-05-26 17:38:01,0.0,0,0,7690365,2019-05-26 17:38:01,,0.0,707.0,0,,0.0,0.0,0.0,61
1,[],4,[],2019-05-26 17:38:02,1078980.68872471,0.00000083,0.00000000006626803000000001,7690366,2019-05-26 17:38:02,btc,2.6487878634255906,0.0,0.00000083,btc,870346.51020631,0.06762528,0.6417122746124976,67
0.0,[],25,[],2019-05-26 17:38:04,0.0,0,0,7690367,2019-05-26 17:38:04,,0.0,0.0,0.0,btc,0.0,0.0,0.0,67
1,[],12,[],2019-05-26 17:38:05,807118.0,0.00000006,0.00000000000479046,7690368,2019-05-26 17:38:05,btc,3.8192561944855132,0.0,0.00000006,btc,765828.17582416,0.00062510014,0.01739697,71
,[],5,[],2018-11-20 23:02:39,1.5e-07,0.00000005,0.000000000002128045,4862160,2018-11-20 23:02:39,btc,2.84511358,0.0,,btc,0.00036572,0.0,0.07381892,74
1,[],5,[],2019-05-26 17:38:06,0.0,0,0,7690369,2019-05-26 17:38:06,btc,0.0,0.01895057,0,btc,0.0,0.0,0.0,75
0,[],4,[],2019-05-25 21:33:44,0.0,0,0,7686249,2019-05-25 21:33:44,,133656.37989170782,0.0,0,,33439209.5909442,0.0,0.0,81
0,[],20,[],2019-01-25 09:30:31,0.0,0,0,6495923,2019-01-25 09:30:31,btc,0.0,0.0,0,btc,0.0,0.0,0.0,81
1,[],4,[],2019-05-26 17:38:07,26028.13379093,0.00006057,0.00000000483596937,7690370,2019-05-26 17:38:07,btc,18.77342215071355,0.0,0.00006057,btc,29021.42616884,0.10330886,0.144757130215101,82
1,[],21,[],2019-05-26 17:38:08,74486.00931273,0.00006716000000000000073017980551,0.00000000536212156,7690371,2019-05-26 17:38:08,btc,2.8447921689622637,22077.12582207,0.00006716000000000000073017980550815764217986725270748138427734375,btc,37155.09890024,1.48450744,2.480861286174949,82
0,[],17,[],2019-03-25 22:42:34,0.0,0,0,7038780,2019-03-25 22:42:34,btc,0.0445064681804024,0.0,0,btc,995513.18476001,0.0,0.0,84
0.0000000001161485,[],4,[],2019-05-20 13:09:39,216715621.0206096,1.161485e-18,9.0533806701e-23,7657228,2019-05-20 13:09:39,ltc,1.6511566870244727,0.0,0.00000001,ltc,471032407.9048656,0.0,2.5171194308112273e-10,85
,[],22,[],2018-11-20 23:09:34,3408.1,0.0000001,0.0000000000041895,4862324,2018-11-20 23:09:34,BTC,0.04624735,0.0,,BTC,4990.0,0.0,0.00033081,86
1,[],22,[],2019-05-26 17:38:13,65156.0,0.00000001,0.00000000000079841,7690372,2019-05-26 17:38:13,BTC,1.45608405,0.0,0.00000001,BTC,314587.29736842104,0.0,0.00065156,87
0,[],27,[],2019-05-26 17:38:20,0.0,0,0,7690373,2019-05-26 17:38:20,,4.984226803001,0.0,0,btc,58405.44546,0.0,0.0,87
,[],2,[],2018-11-20 23:10:47,0.0,0,0,4862359,2018-11-20 23:10:47,,0.0,0.0,,,0.0,0.0,0.0,88
1,[],11,[],2019-05-26 17:38:22,59787.88847973,0.000102050000000000000411302936154100962085067294538021087646484375,0.000000008147774050000001,7690374,2019-05-26 17:38:22,btc,181.5252048582016,13005.4649739,0.000102050000000000000411302936154100962085067294538021087646484375,btc,206707.94639159,0.0,2.943585806631397,89
1,[],12,[],2019-05-26 14:26:13,389782.74224102,0.00000057,0.000000000045508173000000005,7689995,2019-05-26 14:26:13,btc,87.64455589906372,0.0,0.00000057,btc,108668.8816117,0.003902351084,0.0405247683451916,91
0,[],2,[],2019-01-20 23:31:45,0.0,0,0,6477083,2019-01-20 23:31:45,,0.0,0.0,0,,0.0,0.0,0.0,91
0,[],17,[],2019-05-03 01:12:26,0.0,0,0,7559096,2019-05-03 01:12:26,btc,0.0,0.0,0,btc,0.0,0.0,0.0,91
1,[],22,[],2019-05-26 17:04:41,75910.55,0.0000002,0.00000000001593076,7690215,2019-05-26 17:04:41,BTC,0.495,0.0,0.0000002,"BTC,LTC",4.95,0.0,0.00165931,91
1,[],22,[],2019-04-09 20:17:52,374949.73333333334,0.00000015,0.000000000007771935,7235704,2019-04-09 20:17:52,BTC,6.87372503,0.0,0.00000015,"BTC,LTC",159980.01196797504,1.1e-05,0.80510266,95
0.0000000001265596,[],4,[],2019-05-26 17:38:23,541440727.3499408,4.4295860000000006e-17,3.5366257582600006e-21,7690375,2019-05-26 17:38:23,ltc,11.367835512296182,0.0,0.00000035,ltc,150642368.24293143,0.0,8.394552428773399e-10,96
0,[],12,[],2019-05-26 17:38:25,0.0,0,0,7690376,2019-05-26 17:38:25,btc,10.42365475037962,0.0,0,btc,7434339.03796204,3.7962e-07,0.0,96
0,[],17,[],2019-05-03 01:12:32,0.0,0,0,7559100,2019-05-03 01:12:32,btc,0.0,0.0,0,btc,0.0,0.0,0.0,96
1,[],4,[],2019-04-14 03:32:46,1039404.33283278,0.00000038,0.000000000019245518,7293458,2019-04-14 03:32:46,btc,4.170086055365747,0.0,0.00000038,btc,3097704.34561074,0.06260606,0.1859928211030784,99
0,[],2,[],2019-01-20 23:23:55,0.0,0,0,6476914,2019-01-20 23:23:55,,0.0,0.0,0,,0.0,0.0,0.0,100
1,[],4,[],2019-05-26 17:40:28,243298.97265985,0.00002037,0.0000000016263611700000002,7690377,2019-05-26 17:40:28,btc,6.956220944461525,0.0,0.00002037,btc,136627.51315372,0.18286293,0.810682121667921,100
1,[],22,[],2019-05-26 17:40:34,150000.0,0.00000002,0.00000000000159682,7690378,2019-05-26 17:40:34,BTC,24.83526409,0.0,0.00000002,BTC,11187.719,0.0,0.0017,101
1,[],4,[],2019-05-26 17:40:35,546451.54121972,0.00000164,0.00000000013093924000000002,7690379,2019-05-26 17:40:35,btc,362.7656483245985,0.0,0.00000164,btc,638226.26637704,0.07100179,0.1978361775680313,103
1,[],12,[],2019-05-26 17:40:36,139006643.03147253,0.000000004,0.00000000000031936400000000005,7690380,2019-05-26 17:40:36,btc,612.1195837250907,0.0,0.000000004,btc,51089625.21204794,0.001726870013,0.16658504512589017,105
0,[],27,[],2019-05-26 17:40:44,0.0,0,0,7690381,2019-05-26 17:40:44,,0.2696910323531397,0.0,0,btc,1270803.35947933,0.0,0.0,105
1,[],22,[],2019-04-21 00:17:26,21333.0,0.00000001,0.000000000000532493,7385819,2019-04-21 00:17:26,BTC,51.38182867,0.0,0.00000001,BTC,470435.0,0.0,0.00021333,107
1,[],26,[],2019-04-21 00:17:26,0.0,0.00000000,0,7385820,2019-04-21 00:17:26,btc,0.0,0.0,0.00000000,btc,0.0,0.0,0.0,107
1,[],5,[],2019-05-26 17:40:45,0.0,0,0,7690382,2019-05-26 17:40:45,btc,0.0,0.0,0,btc,0.0,0.0,0.0,112
0,[],22,[],2019-05-26 17:40:48,0.0,0,0,7690383,2019-05-26 17:40:48,,2.79635781,0.0,0,,3274992.0833333335,0.0,0.0,112
1,[],27,[],2019-05-26 17:40:57,1.0,0.00000001,0.00000000000079841,7690384,2019-05-26 17:40:57,btc,1.15032588,0.0,0.00000001,"btc,eth",1818.0,0.0,1e-08,112
1,[],4,[],2019-05-26 17:40:58,208674.57440917,0.00000094,0.00000000007505054,7690385,2019-05-26 17:40:58,btc,5.018945230035039,0.0,0.00000094,btc,566633.82897704,0.06618674,0.1186293969156729,113
1,[],5,[],2019-05-26 17:40:59,0.0,0,0,7690386,2019-05-26 17:40:59,btc,0.0,0.0,0,btc,0.0,0.0,0.0,113
1,[],17,[],2019-04-26 02:17:47,162738.278,0.00000004,0.0000000000021069000000000002,7461287,2019-04-26 02:17:47,btc,1.3331140273775473,0.0,0.00000004,btc,51796.221,0.0,0.00230953112,116
1,[],27,[],2019-05-22 05:13:01,210000.0,0.00000001,0.00000000000079145,7666372,2019-05-22 05:13:01,btc,3919.0005001478,0.0,0.00000001,btc,128660.871,0.0,0.0021,116
1,[],4,[],2019-05-21 22:31:11,138169.03963019,0.00000701,0.000000000558364025,7664793,2019-05-21 22:31:11,btc,150.95388250938234,0.0,0.00000701,btc,344631.17141974,0.07552974,0.4288357684941946,120
1,[],7,[],2019-05-21 22:31:12,3901.07750076,0.000010679999999999999389654892212320191902108490467071533203125,0.0000000008506887,7664794,2019-05-21 22:31:12,btc,231188.94669936574,0.0,0.000010679999999999999389654892212320191902108490467071533203125,btc,4133.83151364,0.0,0.0113888422364489,120
1,[],20,[],2019-04-07 18:42:29,1914137.0852,0.000000035,0.0000000000017871910000000002,7211992,2019-04-07 18:42:29,btc,32.2497668025648,25528.85,0.000000035,btc,1001975.4986,0.00089350975,0.0152723574729,125
1,[],22,[],2019-05-26 17:41:04,10000.0,0.00000001,0.00000000000079841,7690387,2019-05-26 17:41:04,BTC,0.032061,0.0,0.00000001,BTC,299316.7611111111,0.0,0.0001,126
1,[],4,[],2019-05-26 17:41:06,197592.59399138,0.00000576,0.00000000045988416000000004,7690388,2019-05-26 17:41:06,btc,3.212949884103274,0.0,0.00000576,btc,169613.1495659,0.22890163,0.566438394067509,131
0,[],2,[],2019-01-20 23:25:46,0.0,0,0,6476969,2019-01-20 23:25:46,,0.0,0.0,0,,0.0,0.0,0.0,131
1,[],17,[],2019-05-03 01:13:10,10000.0,0.00000001,0.000000000000548003,7559115,2019-05-03 01:13:10,btc,0.0953976503951408,0.0,0.00000001,btc,5037.62507334,0.0,0.0001,131
1,[],4,[],2019-05-26 17:43:07,4725.92413144,0.00007919,0.00000000632260879,7690389,2019-05-26 17:43:07,btc,5.0432845548540115,0.0,0.00007919,btc,245.53538709,0.0,0.0068732248094194,135
1,[],3,[],2019-05-26 17:43:07,433341.0025,0.00000001,0.00000000000079841,7690390,2019-05-26 17:43:07,btc,0.21839381588964898,1000968.8208,0.00000001,btc,1844571.47493701,0.0,0.0043334100250000005,136
1,[],4,[],2019-05-26 17:43:08,2405081.40327287,0.00000192,0.00000000015329472,7690391,2019-05-26 17:43:08,btc,107.28135989558292,0.0,0.00000192,btc,470417.01959576,0.02670026,0.7023951443287503,137
1,[],12,[],2019-05-26 17:43:09,78053.81247702,0.000002129999999999999935377213711173993715419783256947994232177734375,0.00000000017006133,7690392,2019-05-26 17:43:09,btc,57.77351173744197,0.0,0.000002129999999999999935377213711173993715419783256947994232177734375,btc,47173.66719532,7.668e-05,0.0193014199999122,137
1,[],4,[],2019-05-26 17:43:10,99691.51303845,0.00001409,0.00000000112495969,7690393,2019-05-26 17:43:10,btc,9.4496548874365,0.0,0.00001409,btc,139946.90324101,0.9213138,0.8796731561967195,142
1,[],5,[],2019-05-26 17:43:11,0.0,0,0,7690394,2019-05-26 17:43:11,btc,0.0,0.0182055,0,btc,0.0,0.0,0.0,142
1,[],20,[],2019-05-26 17:45:14,209167.3811,0.000015,0.0000000011976150000000001,7690395,2019-05-26 17:45:14,btc,1.6082875791355,0.0,0.000015,btc,9794.2654,0.0,0.0229740779385,142
1,[],22,[],2019-05-26 17:45:16,11028.645,0.00001000,0.00000000079841,7690396,2019-05-26 17:45:16,BTC,3.2754788,0.0,0.00001000,BTC,1133.9993657797618,0.0,0.00745365,142
0.0,[],25,[],2019-05-26 17:45:18,0.0,0,0,7690397,2019-05-26 17:45:18,,0.0,0.0,0.0,btc,0.0,0.0,0.0,142
0,[],28,[],2019-05-26 17:45:20,0.0,0,0,7690398,2019-05-26 17:45:20,,0.0,1.0,0,,0.0,0.0,0.0,142
1,[],17,[],2019-05-03 01:13:16,32967.38636364,0.00000088,0.000000000048224264,7559122,2019-05-03 01:13:16,btc,20.06976206696776,0.0,0.00000088,btc,2746.079105,0.0,0.0105613000000032,142
0,[],22,[],2019-05-26 17:45:24,0.0,0,0,7690399,2019-05-26 17:45:24,,65.51518676,0.0,0,,839924755.3,0.0,0.0,143
0,[],22,[],2019-02-25 15:42:22,0.0,0,0,6783783,2019-02-25 15:42:22,,4.2131946,0.0,0,,2322156.0,0.0,0.0,146
,[],22,[],2018-11-20 23:01:11,0.0,0,0,4862114,2018-11-20 23:01:11,,2.56807021,0.0,,,61828.4988236,0.0,0.0,147
1,[],12,[],2019-04-21 06:38:04,193091.5971266,0.00000071,0.000000000037635183,7388679,2019-04-21 06:38:04,btc,2.301232411611175,0.0,0.00000071,btc,9957.48302385,0.00023528,0.0313308199999888,148
1,[],4,[],2019-03-19 21:31:25,255810.0415942,0.00000029,0.000000000011615747,6982695,2019-03-19 21:31:25,btc,218.94922712414143,0.0,0.00000029,btc,793529.37642722,0.00117,0.0608347789473395,152
0,[],22,[],2019-03-19 21:31:27,0.0,0,0,6982696,2019-03-19 21:31:27,,0.0,0.0,0,,0.0,0.0,0.0,152
1,[],5,[],2019-04-26 09:36:59,0.0,0,0,7465040,2019-04-26 09:36:59,btc,0.0,0.0,0,btc,0.0,0.0,0.0,153
,[],16,[],2019-01-11 15:38:59,0.0,0,0,6366141,2019-01-11 15:38:59,btc,0.0,0.0,,btc,0.0,0.0,0.0,155
0,[],23,[],2019-01-20 23:24:29,0.0,0,0,6476932,2019-01-20 23:24:29,,0.0,0.0,0,,0.0,0.0,0.0,156
0,[],22,[],2019-05-26 17:45:27,0.0,0,0,7690400,2019-05-26 17:45:27,,6.80425924,0.0,0,,4675174.942592593,0.0,0.0,156
1,[],22,[],2019-05-26 17:45:32,7066.0,0.00000800,0.000000000638728,7690401,2019-05-26 17:45:32,BTC,1.79802465,0.0,0.00000800,BTC,802.6461988741639,0.0,0.00062996,157
0,[],22,[],2019-05-21 23:40:32,0.0,0,0,7665049,2019-05-21 23:40:32,,50234.60468402,0.0,0,,54786159.03179465,0.0,0.0,158
,[],17,[],2018-11-20 22:56:10,0.0,0,0,4861976,2018-11-20 22:56:10,btc,1.1265625,0.0,,btc,1000.0,0.0,0.0,159
,[],20,[],2018-11-20 22:56:12,0.0,0,0,4861977,2018-11-20 22:56:12,btc,11912.7940471,0.0,,btc,34413894.3617,0.0,0.0,159
1,[],12,[],2019-05-24 02:51:20,9178.522006449999,0.00000191999999999999982841307998027158276954651228152215480804443359375,0.000000000151222656,7676256,2019-05-24 02:51:20,btc,149.80414728631675,0.0,0.00000191999999999999982841307998027158276954651228152215480804443359375,btc,1115.7451448499999,0.01783167678326,0.0120075778999181,168
1,[],17,[],2019-05-03 01:13:36,42852.0,0.00000002,0.000000000001096006,7559132,2019-05-03 01:13:36,btc,0.04279856251542,0.0,0.00000002,btc,274.46171372,0.0,0.00052852,168
1,[],22,[],2019-05-17 03:01:52,10.0,0.00000001,0.000000000000778341,7642059,2019-05-17 03:01:52,BTC,41.95893009,0.0,0.00000001,BTC,1753972.7737547632,0.0,1e-07,169
1,[],22,[],2019-05-26 17:45:35,203664.0,0.00000002,0.00000000000159682,7690402,2019-05-26 17:45:35,BTC,27.86386553,0.0,0.00000002,BTC,461104.9785507793,0.0,0.00213428,171
1,[],22,[],2019-05-26 17:45:39,389395.0,0.00000002,0.00000000000159682,7690403,2019-05-26 17:45:39,BTC,24.40290712,0.0,0.00000002,"BTC,LTC",1044606.8364505093,0.0,0.0054799,173
1,[],5,[],2019-05-26 17:45:40,0.0,0,0,7690404,2019-05-26 17:45:40,btc,0.0,0.01299956,0,btc,0.0,0.0,0.0,175
1,[],22,[],2019-05-26 17:45:44,90671.0,0.00000001,0.00000000000079841,7690405,2019-05-26 17:45:44,BTC,394.35459412,0.0,0.00000001,BTC,136275.61833431243,0.0,0.00090671,176
1,[],7,[],2019-05-26 17:45:46,0.0,0,0,7690406,2019-05-26 17:45:46,btc,522274.2747739901,260553.446553,0,btc,28168540.80931256,0.00260553,0.0,178
0,[],22,[],2019-05-26 17:45:49,0.0,0,0,7690407,2019-05-26 17:45:49,,1.00242428,0.0,0,,57512.0,0.0,0.0,178
0,[],2,[],2019-01-20 23:28:34,0.0,0,0,6477001,2019-01-20 23:28:34,,0.0,0.0,0,,0.0,0.0,0.0,178
0,[],23,[],2019-01-20 23:25:08,0.0,0,0,6476952,2019-01-20 23:25:08,,0.0,0.0,0,,0.0,0.0,0.0,179
1,[],5,[],2019-05-26 17:45:51,0.0,0,0,7690408,2019-05-26 17:45:51,btc,0.0,0.03723699,0,btc,0.0,0.0,0.0,179
0,[],22,[],2019-05-26 17:45:54,0.0,0,0,7690409,2019-05-26 17:45:54,,5.31420491,0.0,0,,13396087.311946675,0.0,0.0,179
1,[],22,[],2019-05-26 17:47:57,665668.6721533368,0.00000130,0.0000000001037933,7690410,2019-05-26 17:47:57,BTC,39.29031564,0.0,0.00000130,"BTC,LTC",152113.42014012265,0.00614261,0.56435887,180
1,[],26,[],2019-05-26 17:47:57,0.0,0.00000010,0.000000000007984100000000001,7690411,2019-05-26 17:47:57,btc,0.0,0.0,0.00000010,btc,0.0,0.0,0.0,180
1,[],17,[],2019-05-03 01:13:56,20504.725000000002,0.0000001,0.00000000000548003,7559141,2019-05-03 01:13:56,btc,5.2010695838400265,0.0,0.0000001,btc,5033.45945,0.0,0.0011504725,180
,[],7,[],2018-11-20 22:58:01,562227.975654,0.00000085,0.000000000036176765,4862015,2018-11-20 22:58:01,btc,21836.6059674,2491.87645172,,btc,749999.041456,0.00211021,0.127565380455,183
,[],5,[],2019-01-10 08:11:41,0.0,0,0,6347036,2019-01-10 08:11:41,btc,82.15055501,0.00261,,btc,1.19002445,0.0,0.0,187
,[],17,[],2018-11-16 20:58:10,4062536.27273,0.00000001,0.000000000000550501,4708775,2018-11-16 20:58:10,btc,3.36492563466,0.195460381006,,"btc,eth",110697919.549,0.0,0.0157628953496,187
1,[],24,[],2019-05-22 21:04:52,0.0,0.000000000014,0.0000000000000010960978,7670219,2019-05-22 21:04:52,btc,0.0,0.0,0.000000000014,btc,0.0,0.0,0.0,187
0,[],22,[],2019-04-25 02:54:07,0.0,0,0,7447896,2019-04-25 02:54:07,,7.54794454,0.0,0,,76361.7243344055,0.0,0.0,191
0,[],22,[],2019-05-26 17:48:02,0.0,0,0,7690412,2019-05-26 17:48:02,,0.0,0.0,0,,0.0,0.0,0.0,197
0,[],23,[],2019-01-20 23:31:41,0.0,0,0,6477079,2019-01-20 23:31:41,,0.0,0.0,0,,0.0,0.0,0.0,199
0,[],22,[],2019-05-26 17:48:05,0.0,0,0,7690413,2019-05-26 17:48:05,,10.5548544,0.0,0,,99290037.0,0.0,0.0,199
1,[],26,[],2019-05-26 17:48:06,0.0,0.00000000,0,7690414,2019-05-26 17:48:06,btc,0.0,0.0,0.00000000,btc,0.0,0.0,0.0,199
0,[],2,[],2019-01-20 23:30:49,0.0,0,0,6477059,2019-01-20 23:30:49,,0.0,0.0,0,,0.0,0.0,0.0,201
1,[],4,[],2019-01-25 15:51:35,2084389.58565343,0.00000936,0.000000000333526752,6499557,2019-01-25 15:51:35,btc,2.0092503037378524,0.0,0.00000936,btc,160195.80207885,0.19272417,1.242687955921835,211
1,[],7,[],2019-05-26 17:48:10,21177324.3799094,0.00000035,0.00000000002794435,7690415,2019-05-26 17:48:10,btc,15200499.05492503,1161354.28781,0.00000035,btc,9791460.24570406,0.46296968,1.242729659718218,212
1,[],12,[],2019-01-25 02:44:32,207462.42853209,0.000001080000000000000035831255497387193287295303889550268650054931640625,0.000000000038610756000000006,6493050,2019-01-25 02:44:32,btc,85023.03793723314,0.0,0.000001080000000000000035831255497387193287295303889550268650054931640625,btc,43675.73520027,0.000146250909087,0.0348620860622024,213
1,[],5,[],2019-05-26 17:48:11,0.0,0,0,7690416,2019-05-26 17:48:11,btc,0.0,0.05848939,0,btc,0.0,0.0,0.0,213
1,[],24,[],2019-05-26 17:48:11,0.0,0.000000090000,0.000000000007185690000000001,7690417,2019-05-26 17:48:11,btc,0.0,0.0,0.000000090000,btc,0.0,0.0,0.0,213
1,[],26,[],2019-05-26 17:48:12,0.0,0.00000040,0.000000000031936400000000004,7690418,2019-05-26 17:48:12,btc,0.0,0.0,0.00000040,btc,0.0,0.0,0.0,213
0,[],22,[],2019-05-26 17:48:15,0.0,0,0,7690419,2019-05-26 17:48:15,,9.61445386,0.0,0,,3661587.094064925,0.0,0.0,216
0,[],27,[],2019-05-26 17:48:23,0.0,0,0,7690420,2019-05-26 17:48:23,,66.0962516180052,0.0,0,"btc,ltc",405950.40768,0.0,0.0,216
1,[],22,[],2019-05-26 17:48:26,225833.0,0.00000015,0.000000000011976150000000001,7690421,2019-05-26 17:48:26,BTC,12054.76086804,0.0,0.00000015,BTC,420508.796181347,0.006056,0.01147587,217
1,[],7,[],2019-05-26 17:48:27,0.0,0,0,7690422,2019-05-26 17:48:27,btc,1234863.9748694147,0.0,0,btc,162552363.92083928,0.0,0.0,219
0,[],27,[],2019-05-26 17:48:32,0.0,0,0,7690423,2019-05-26 17:48:32,,0.105466823472,0.0,0,btc,3058319.8967,0.0,0.0,219
0,[],28,[],2019-05-26 17:48:35,0.0,0,0,7690424,2019-05-26 17:48:35,,0.0,37333.0,0,,0.0,0.0,0.0,219
1,[],22,[],2019-05-23 16:41:05,172069.0,0.00000004,0.0000000000031167080000000004,7674065,2019-05-23 16:41:05,BTC,56.76466137,0.0,0.00000004,BTC,127061.6482738741,0.0,0.00393676,221
1,[],24,[],2019-05-23 16:41:05,0.0,0.000000010000,0.0000000000007791770000000001,7674066,2019-05-23 16:41:05,btc,0.0,0.0,0.000000010000,btc,0.0,0.0,0.0,221
1,[],20,[],2019-05-26 17:48:37,5496434.404,0.000000003,0.00000000000023952300000000004,7690425,2019-05-26 17:48:37,btc,100050.73276435626,314259.4938,0.000000003,btc,37606311.1218,0.0011203254876,0.0059686059934,224
0,[],22,[],2019-05-26 17:48:39,0.0,0,0,7690426,2019-05-26 17:48:39,,0.0,0.0,0,,0.0,0.0,0.0,224
1,[],26,[],2019-05-26 17:48:40,0.0,0.00000026,0.00000000002075866,7690427,2019-05-26 17:48:40,btc,0.0,0.0,0.00000026,btc,0.0,0.0,0.0,231
1,[],26,[],2019-05-26 17:48:40,0.0,0.00000006,0.00000000000479046,7690428,2019-05-26 17:48:40,btc,0.0,0.0,0.00000006,btc,0.0,0.0,0.0,234
0,[],27,[],2019-05-26 17:48:46,0.0,0,0,7690429,2019-05-26 17:48:46,,0.01134836604,0.0,0,"btc,eth",11462.996,0.0,0.0,234
1,[],4,[],2019-05-22 17:06:12,91780.56053785,0.00000078,0.000000000061977552,7669277,2019-05-22 17:06:12,btc,5.573372450018177,0.0,0.00000078,btc,729173.93529783,0.0,0.0307060663355679,236
1,[],24,[],2019-05-22 17:06:12,0.0,0.000000010000,0.000000000000794584,7669278,2019-05-22 17:06:12,btc,0.0,0.0,0.000000010000,btc,0.0,0.0,0.0,236
1,[],5,[],2019-05-26 17:48:48,0.0,0,0,7690430,2019-05-26 17:48:48,btc,0.0,0.06919732,0,btc,0.0,0.0,0.0,237
1,[],20,[],2019-05-26 17:48:50,121745471.6225,0.000000043,0.0000000000034331630000000004,7690431,2019-05-26 17:48:50,btc,58794.085675161514,12592783.5905,0.000000043,btc,41718501.2318,0.56380534457,0.5009508056092,237
1,[],22,[],2019-05-26 17:48:53,363100.0,0.00000003,0.00000000000239523,7690432,2019-05-26 17:48:53,BTC,1.20267422,0.0,0.00000003,"BTC,LTC",17930.94871794872,0.0,0.009791,237
1,[],4,[],2019-05-26 17:48:54,26710617.79839637,0.00000013,0.00000000001037933,7690433,2019-05-26 17:48:54,btc,3.3511967532362825,0.0,0.00000013,btc,9127164.19491507,0.72070199,0.5454446008144692,238
1,[],5,[],2019-05-26 17:48:55,0.0,0,0,7690434,2019-05-26 17:48:55,btc,0.0,0.01032526,0,btc,0.0,0.0,0.0,238
0,[],22,[],2019-03-12 16:49:32,0.0,0,0,6914458,2019-03-12 16:49:32,,0.40415746,0.0,0,,526736.5639027493,0.0,0.0,249
0,[],22,[],2019-05-26 17:48:58,0.0,0,0,7690435,2019-05-26 17:48:58,,13.44274464,0.0,0,,43667434.3426455,0.0,0.0,252
0,[],28,[],2019-05-26 17:49:00,0.0,0,0,7690436,2019-05-26 17:49:00,,0.0,264555.525,0,,0.0,0.0,0.0,256
1,[],22,[],2019-05-26 17:49:03,1051629.0,0.00000001,0.00000000000079841,7690437,2019-05-26 17:49:03,BTC,21.85885958,0.0,0.00000001,BTC,542925.7509808998,1.275e-05,0.01051629,258
1,[],22,[],2019-05-19 18:12:02,400.0,0.00000001,0.0000000000007957800000000001,7653905,2019-05-19 18:12:02,BTC,2.415167,0.0,0.00000001,BTC,157.0,0.0,4e-06,259
1,[],5,[],2019-05-26 17:49:04,0.0,0,0,7690438,2019-05-26 17:49:04,btc,0.0,0.00649656,0,btc,0.0,0.0,0.0,264
1,[],20,[],2019-05-26 17:49:06,896541.568,0.000000128,0.000000000010219648,7690439,2019-05-26 17:49:06,btc,0.9821233981899,0.0,0.000000128,btc,55334.0928,0.0,0.0062627218717,264
0,[],22,[],2019-04-12 17:57:27,0.0,0,0,7278186,2019-04-12 17:57:27,,66.37522201,0.0,0,,677842.4169881374,0.0,0.0,271
0,[],22,[],2019-05-26 17:49:09,0.0,0,0,7690440,2019-05-26 17:49:09,,33050470.74998113,0.0,0,,14361377780.7,0.0,0.0,272
0,[],28,[],2019-05-26 17:49:11,0.0,0,0,7690441,2019-05-26 17:49:11,,0.0,586802447.36,0,,0.0,0.0,0.0,272
1,[],22,[],2019-05-23 07:12:29,219930.0,0.00000004,0.000000000003048688,7671985,2019-05-23 07:12:29,BTC,426.77835217,0.0,0.00000004,BTC,248664.3325962929,0.0,0.00739728,281
1,[],22,[],2019-05-26 17:49:16,705365.7666666667,0.00000006,0.00000000000479046,7690442,2019-05-26 17:49:16,BTC,2.62545976,0.0,0.00000006,"BTC,LTC",639194.6076726611,0.0020240000000364493,0.02908086,286
0,[],22,[],2019-05-26 17:49:19,0.0,0,0,7690443,2019-05-26 17:49:19,,7337903.84179816,0.0,0,,1885064562.6797826,0.0,0.0,294
