pairValue,buyBook,exchangeId,sellBook,updated,buyTotal,satoshiPrice,usdPrice,exchangeLogId,created,bestPair,sellTotalBtc,volume,pairPrice,activePairs,sellTotal,volumeBtc,buyTotalBtc,coinId
0,[],2,[],2019-01-20 23:28:45,0.0,0,0,6477011,2019-01-20 23:28:45,,0.0,0.0,0,,0.0,0.0,0.0,1
1,[],3,[],2019-03-06 17:04:29,30538.58386492921,0.0126538599999999994138999426240843604318797588348388671875,0.00000048997643999,6860501,2019-03-06 17:04:29,btc,61.10989817038174,0.012946771716,0.0126538599999999994138999426240843604318797588348388671875,btc,25.086867678499,0.0,0.25848881500225385,1
1,[],4,[],2019-03-06 17:04:31,207894.41909126,0.01272302,0.00000049265441893,6860502,2019-03-06 17:04:31,btc,10.096827206583981,0.0,0.01272302,btc,327.78143594,0.628154,2.8748288379625824,1
1,[],5,[],2019-03-06 17:04:34,0.0,0,0,6860503,2019-03-06 17:04:34,btc,0.0,0.01600215,0,btc,0.0,0.0,0.0,1
1,[],10,[],2019-03-06 17:04:36,414581.50511554,0.01115053,0.000000431765247395,6860504,2019-03-06 17:04:36,btc,6522.604938246293,1103.95617767,0.01115053,btc,1128.9217977,0.0,5.40465029374986,1
1,[],12,[],2019-03-06 17:04:39,103.10119126,0.01271000000000000081101791948867685277946293354034423828125,0.000000492150265,6860505,2019-03-06 17:04:39,btc,0.136436950814,0.0,0.01271000000000000081101791948867685277946293354034423828125,btc,10.3449929,0.1354363342537,0.3581394448886,1
1,[],20,[],2019-03-06 17:04:41,1152.5872,0.010500271,0.00000040658624352650003,6860506,2019-03-06 17:04:41,btc,0.0554564889588,0.3915,0.010500271,btc,2.4799,0.0046697723592,0.1059809383563,1
1,[],21,[],2019-03-06 17:04:42,1893.3805037,0.01267659999999999967390529321,0.0000004908569669,6860507,2019-03-06 17:04:42,btc,16.233644773659602,2486.90478693,0.0126765999999999996739052932070990209467709064483642578125,"btc,eth",1561.22872975,29.3330028129706,20.316054778231173,1
1,[],22,[],2019-03-06 17:04:46,0.006382215384615385,0.01300000,0.0000005033795,6860508,2019-03-06 17:04:46,BTC,0.31439419,0.0,0.01300000,BTC,0.12751438772928525,0.0,7.978e-05,1
1,[],24,[],2019-03-06 17:04:47,0.0,0.000000000000,0,6860509,2019-03-06 17:04:47,btc,0.0,0.0,0.000000000000,btc,0.0,0.0,0.0,1
0.0,[],25,[],2019-03-06 17:04:48,0.0,0,0,6860510,2019-03-06 17:04:48,btc,33.097999997691126,85.4228532,0.0,btc,2528.62209754,1.0904,0.0,1
1,[],26,[],2019-03-06 17:04:57,0.0,0,0,6860511,2019-03-06 17:04:57,,0.0,0.0,0,,0.0,0.0,0.0,1
1,[],28,[],2019-03-06 17:04:59,994.047,0.01560000,0.0000006040554000000001,6860512,2019-03-06 17:04:59,btc,0.147239806,17703.085,0.01560000,btc,7.9,0.0,0.103420756,1
1,[],5,[],2019-03-06 17:05:00,0.0,0,0,6860513,2019-03-06 17:05:00,btc,0.0,0.00272253,0,btc,0.0,0.0,0.0,2
0.0000000001248833,[],22,[],2019-03-06 17:05:07,1148.0,1.3737163e-16,5.319235571045001e-21,6860514,2019-03-06 17:05:07,XMR,21.01373823,0.0,0.00000110,XMR,14319.12581,0.0,0.00087635,2
1,[],5,[],2019-03-06 16:25:24,0.0,0,0,6860340,2019-03-06 16:25:24,btc,0.0,1.63685229,0,btc,0.0,0.0,0.0,3
1,[],12,[],2019-03-06 16:25:25,1760642.9566669,0.000000181,0.0000000000069736766,6860341,2019-03-06 16:25:25,btc,18476.77213392886,0.0,0.000000181,btc,720549.11918082,0.03220514939729159,0.262322875673536,3
0,[],28,[],2019-03-06 16:25:31,0.0,0,0,6860342,2019-03-06 16:25:31,,0.0,0.0,0,,0.0,0.0,0.0,3
0,[],2,[],2019-01-20 23:31:32,0.0,0,0,6477077,2019-01-20 23:31:32,,0.0,0.0,0,,0.0,0.0,0.0,4
1,[],4,[],2019-03-06 07:42:51,399811.41130817,0.00000037,0.000000000014225612,6856592,2019-03-06 07:42:51,btc,32.25588008858344,0.0,0.00000037,btc,710412.77475616,0.01275082,0.0541874837964531,4
1,[],12,[],2019-03-06 16:25:33,446001.66666667,0.00000003,0.000000000001155858,6860343,2019-03-06 16:25:33,btc,1.6170383400000001,0.0,0.00000003,btc,200115.0,0.00019727,0.0064564400000001,5
0,[],2,[],2019-01-20 23:31:51,0.0,0,0,6477087,2019-01-20 23:31:51,,0.0,0.0,0,,0.0,0.0,0.0,6
1,[],11,[],2019-03-06 16:25:35,5580884.5,0.00000002,0.0000000000007705720000000001,6860344,2019-03-06 16:25:35,btc,9568.23120290766,133333.333333,0.00000002,btc,42611702.90271394,0.0,0.079092525,6
1,[],3,[],2019-03-06 16:25:35,1084.088037892546,0.00015159999999999999864552790995730902068316936492919921875,0.00000000584093576,6860345,2019-03-06 16:25:35,btc,28.402034233092024,0.0,0.00015159999999999999864552790995730902068316936492919921875,btc,243.122414578101,0.0,0.03373070029897717,7
1,[],4,[],2019-03-06 16:25:36,100249.0020292,0.00024704,0.000000009518105344,6860346,2019-03-06 16:25:36,btc,13.715470427636745,0.0,0.00024704,btc,40596.13219953,6.90844367,6.935558002190772,7
1,[],5,[],2019-03-06 16:25:37,0.0,0,0,6860347,2019-03-06 16:25:37,btc,0.0,1.53606006,0,btc,0.0,0.0,0.0,7
1,[],20,[],2019-02-20 02:16:17,39399275.8418,0.000000001,0.0000000000000390183,6728586,2019-02-20 02:16:17,btc,116.9737569154545,525.0,0.000000001,btc,56932965.8895,5.25e-07,0.0393992758418,8
1,[],4,[],2019-03-06 16:25:40,1068433.33289677,0.00000149,0.000000000057407614000000004,6860348,2019-03-06 16:25:40,btc,5.381453338267687,0.0,0.00000149,btc,2622664.70669755,2.40128777,0.7476381177471805,9
1,[],28,[],2019-03-06 16:25:46,38863.15,0.00000166,0.00000000006395747600000001,6860349,2019-03-06 16:25:46,btc,2708.761281370583,3531458.22,0.00000166,btc,11954.1497,0.0,0.035782829,9
0,[],2,[],2019-01-20 23:22:42,0.0,0,0,6476876,2019-01-20 23:22:42,,0.0,0.0,0,,0.0,0.0,0.0,9
0,[],23,[],2019-01-20 23:22:48,0.0,0,0,6476878,2019-01-20 23:22:48,,0.0,0.0,0,,0.0,0.0,0.0,9
1,[],1,[],2019-02-17 23:31:42,1822507.21,0.00000181000000000000003456111265232042484285557293333113193511962890625,0.000000000066086901,6701244,2019-02-17 23:31:42,btc,3.6990969245,17153386.5,0.00000181000000000000003456111265232042484285557293333113193511962890625,btc,1997391.71,31.11772986,3.2610482446,9
1,[],4,[],2019-02-17 11:22:43,4341674.27126056,0.00000002,0.0000000000007272960000000001,6696112,2019-02-17 11:22:43,btc,0.1997230937751353,0.0,0.00000002,btc,4109766.79808031,0.00215132,0.0479381022052112,10
1,[],4,[],2019-03-06 16:25:48,6780134.69575915,0.00000123,0.000000000047390178,6860350,2019-03-06 16:25:48,btc,12.236570120479493,0.0,0.00000123,btc,6334153.21310827,2.40062937,4.398834351534818,12
1,[],5,[],2019-03-06 16:25:49,0.0,0,0,6860351,2019-03-06 16:25:49,btc,0.0,0.44957995,0,btc,0.0,0.0,0.0,12
0.0,[],25,[],2019-03-06 16:25:50,0.0,0,0,6860352,2019-03-06 16:25:50,,0.0,0.0,0.0,btc,0.0,0.0,0.0,12
0,[],2,[],2019-01-20 23:23:08,0.0,0,0,6476890,2019-01-20 23:23:08,,0.0,0.0,0,,0.0,0.0,0.0,12
1,[],4,[],2019-03-06 16:25:51,32017647.7999094,0.00000575,0.00000000022153945000000002,6860353,2019-03-06 16:25:51,btc,3.0379062650553035,0.0,0.00000575,btc,409558.25967004,0.93180199,1.2013745818700332,13
1,[],21,[],2019-03-06 16:25:55,1108076.24218037,0.000006129999999999999754369661015,0.000000000236180318,6860354,2019-03-06 16:25:55,btc,4.823178479012861,1053286.05466995,0.0000061299999999999997543696610147190284578755381517112255096435546875,btc,690592.5289104,6.53691932,6.111348727206409,13
1,[],10,[],2019-03-06 16:15:02,396057.50451828,0.00000561,0.000000000216036612,6860160,2019-03-06 16:15:02,btc,666801.2874115809,20021.0206264,0.00000561,btc,711396.10731815,0.0,0.2503017168519893,13
0,[],17,[],2019-03-06 16:15:07,0.0,0,0,6860164,2019-03-06 16:15:07,btc,0.0,0.0,0,btc,0.0,0.0,0.0,14
1,[],4,[],2019-03-06 17:05:08,736559.32458645,0.00000137,0.000000000053048455,6860515,2019-03-06 17:05:08,btc,12.322220443070472,0.0,0.00000137,btc,912333.81088168,0.00991915,0.196313581412627,14
1,[],12,[],2019-03-06 17:05:09,166834.82608695,0.000001239999999999999986239306026813977723577409051358699798583984375,0.00000000004801466,6860516,2019-03-06 17:05:09,btc,0.1014405828259428,0.0,0.000001239999999999999986239306026813977723577409051358699798583984375,btc,3903.16650494,3.489006995e-05,0.0411000199999925,14
1,[],26,[],2019-03-06 17:05:20,0.0,0.00000050,0.00000000001936075,6860517,2019-03-06 17:05:20,btc,0.0,0.0,0.00000050,btc,0.0,0.0,0.0,14
0,[],4,[],2019-03-06 16:26:08,0.0,0,0,6860358,2019-03-06 16:26:08,,0.0,0.0,0,,0.0,0.0,0.0,15
,[],12,[],2018-12-01 15:15:48,204241.84496,0.00000489,0.000000000202473384,5260204,2018-12-01 15:15:48,btc,49.5475654835,0.0,,btc,35763.2193806,0.0163153972027625,0.0203389899998,15
1,[],4,[],2019-03-06 16:26:10,24179.88711731,0.00001759,0.0000000006777180740000001,6860359,2019-03-06 16:26:10,btc,1.2531256829568107,0.0,0.00001759,btc,10568.1753187,0.02436913,0.051479056153243,18
1,[],10,[],2019-03-06 16:26:11,785487.92801113,0.00001728,0.000000000665774208,6860360,2019-03-06 16:26:11,btc,15.383934796856995,1671.79954102,0.00001728,btc,13140.58371226,0.0,0.1664916897911149,18
1,[],12,[],2019-03-06 16:26:12,361764.62473993,0.000012249999999999999604483047477287982474081218242645263671875,0.00000000047197535,6860361,2019-03-06 16:26:12,btc,0.0031199468356515,0.0,0.000012249999999999999604483047477287982474081218242645263671875,btc,168.36185355,0.0028210240158044,0.014959902866234701,18
0,[],2,[],2019-01-20 23:23:38,0.0,0,0,6476906,2019-01-20 23:23:38,,0.0,0.0,0,,0.0,0.0,0.0,18
0,[],17,[],2019-03-06 16:05:05,0.0,0,0,6859972,2019-03-06 16:05:05,btc,0.0,0.0,0,btc,0.0,0.0,0.0,18
1,[],3,[],2019-03-06 16:26:24,118543.42337951137,0.00001900000000000000104603825601401467793039046227931976318359375,0.0000000007320434,6860362,2019-03-06 16:26:24,btc,0.5083335892886633,5984.38731918,0.00001900000000000000104603825601401467793039046227931976318359375,btc,8887.67868255862,0.0,0.034346315749636216,19
1,[],4,[],2019-03-06 16:26:24,313488.75859087,0.00001938,0.0000000007466842680000001,6860363,2019-03-06 16:26:24,btc,3.3783384705933908,0.0,0.00001938,btc,123251.62219875,0.56215169,2.630435407538259,19
1,[],5,[],2019-03-06 16:26:26,0.0,0,0,6860364,2019-03-06 16:26:26,btc,0.0,0.00670047,0,btc,0.0,0.0,0.0,19
1,[],12,[],2019-03-06 16:26:27,168890.96200371,0.000011120000000000000259128656032725501745517249219119548797607421875,0.000000000428438032,6860365,2019-03-06 16:26:27,btc,0.1882202675166369,0.0,0.000011120000000000000259128656032725501745517249219119548797607421875,btc,221.27457877,0.0,0.0198438598896095,19
0,[],27,[],2019-03-06 16:26:29,0.0,0,0,6860366,2019-03-06 16:26:29,,0.0,0.0,0,btc,0.0,0.0,0.0,19
0,[],2,[],2019-01-20 23:24:19,0.0,0,0,6476924,2019-01-20 23:24:19,,0.0,0.0,0,,0.0,0.0,0.0,19
1,[],4,[],2019-03-06 16:26:30,2770050.9819615,0.00000012,0.0000000000046234320000000006,6860367,2019-03-06 16:26:30,btc,7.379832289760813,0.0,0.00000012,btc,2857583.25385408,0.0016332,0.0767787845064953,20
1,[],4,[],2019-03-06 16:26:30,104044721.4240369,0.00000002,0.0000000000007705720000000001,6860368,2019-03-06 16:26:30,btc,1803.1968178724417,0.0,0.00000002,btc,55486694.38439335,0.0,1.1676348716013787,21
1,[],12,[],2019-03-06 16:26:32,300000.0,0.00000001,0.00000000000038528600000000003,6860369,2019-03-06 16:26:32,btc,0.57325813,0.0,0.00000001,btc,1095238.0,0.0,0.003,21
0,[],17,[],2019-03-06 16:26:33,0.0,0,0,6860370,2019-03-06 16:26:33,btc,0.0,0.0,0,btc,0.0,0.0,0.0,21
1,[],12,[],2019-03-06 17:05:22,2211376353.0,0.0000000001,0.0000000000000038721500000000004,6860518,2019-03-06 17:05:22,btc,5134.369385031412,0.0,0.0000000001,btc,1211924299.0613277,0.000388347984937262,0.2211376353,23
0,[],27,[],2019-03-06 17:05:23,0.0,0,0,6860519,2019-03-06 17:05:23,,13.506612999873411,0.0,0,eth,1987910.31314486,0.0,0.0,23
1,[],4,[],2019-03-06 17:05:24,570541.3730307,0.00000050,0.00000000001936075,6860520,2019-03-06 17:05:24,btc,9.804230926691554,0.0,0.00000050,btc,1600127.03287775,0.00992856,0.1495850859825332,24
1,[],22,[],2019-03-06 17:05:28,11.76,0.00000100,0.0000000000387215,6860521,2019-03-06 17:05:28,BTC,7.415e-05,0.0,0.00000100,BTC,23.919354838709676,0.0,1.176e-05,24
0.0,[],25,[],2019-03-06 17:05:29,0.0,0,0,6860522,2019-03-06 17:05:29,,0.0,0.0,0.0,btc,0.0,0.0,0.0,24
0,[],2,[],2019-01-20 23:25:56,0.0,0,0,6476976,2019-01-20 23:25:56,,0.0,0.0,0,,0.0,0.0,0.0,26
1,[],4,[],2019-03-06 17:05:30,26576494.99339257,0.00000594,0.00000000023000571,6860523,2019-03-06 17:05:30,btc,66.3346510208888,0.0,0.00000594,btc,240987.77761323,0.11591789,0.428944276642909,26
1,[],10,[],2019-03-06 17:05:32,686438.82472282,0.00000605,0.000000000234265075,6860524,2019-03-06 17:05:32,btc,26.1309094548214,4003.92227703,0.00000605,btc,14754.6569521,0.0,0.2272474337850913,26
1,[],3,[],2019-03-06 16:26:50,10349566.88133568,0.00000001,0.00000000000038528600000000003,6860378,2019-03-06 16:26:50,btc,2.142920671138151,490.0,0.00000001,btc,16667731.21946317,0.0,0.1034956688133568,27
1,[],5,[],2019-03-06 16:26:53,0.0,0,0,6860379,2019-03-06 16:26:53,btc,0.0,9.598e-05,0,btc,0.0,0.0,0.0,27
1,[],11,[],2019-03-06 16:26:54,9461840.38103613,0.00000005,0.00000000000192643,6860380,2019-03-06 16:26:54,btc,67506.32843704063,170.63047893,0.00000005,btc,7972152.75036371,0.0,0.44099231334143857,27
1,[],4,[],2019-03-06 17:05:33,1261848395.137368,0.00000002,0.0000000000007744300000000001,6860525,2019-03-06 17:05:33,btc,2.8016252177243968,0.0,0.00000002,"btc,ltc",214045756.75265464,0.68745197,8.703875100464158,29
1,[],7,[],2019-03-06 17:05:34,36316371.09046388,0.00000002,0.0000000000007744300000000001,6860526,2019-03-06 17:05:34,btc,44462590.65723749,646668.4434,0.00000002,btc,45906156.35566037,0.0,0.3828508836542195,29
1,[],4,[],2019-03-06 16:26:57,2371589.65592457,0.00000024,0.000000000009246864000000001,6860383,2019-03-06 16:26:57,btc,2.4649377994526036,0.0,0.00000024,btc,1802090.2049758,0.00327831,0.1100692768556465,30
0,[],17,[],2019-03-06 16:16:08,0.0,0,0,6860191,2019-03-06 16:16:08,btc,0.0,0.0,0,btc,0.0,0.0,0.0,30
1,[],4,[],2019-03-06 17:05:34,208254.70781112,0.00006350,0.00000000245881525,6860527,2019-03-06 17:05:34,btc,8.907946615024002,0.0,0.00006350,btc,90703.36039801,0.86727165,3.6247861310229124,31
1,[],21,[],2019-03-06 17:05:35,82773.67105204,0.00006779999999999999460258137685,0.0000000026253177,6860528,2019-03-06 17:05:35,btc,7.992238968901973,790718.96067073,0.00006779999999999999460258137684576240644673816859722137451171875,btc,105449.59073313,54.05882775,5.219499739940469,31
0,[],2,[],2019-01-20 23:28:43,0.0,0,0,6477009,2019-01-20 23:28:43,,0.0,0.0,0,,0.0,0.0,0.0,32
1,[],4,[],2019-03-06 17:05:36,451108516.28710145,0.00000004,0.0000000000015488600000000001,6860529,2019-03-06 17:05:36,btc,10.735581689742892,0.0,0.00000004,"btc,ltc",198927307.91737583,0.13352695,10.894228500348495,33
1,[],12,[],2019-03-06 17:05:36,19553500.63066667,0.00000003,0.000000000001161645,6860530,2019-03-06 17:05:36,btc,292.99549018484515,0.0,0.00000003,btc,9324372.81518476,0.0076915954445566,0.45589808892000006,33
1,[],4,[],2019-03-06 17:05:37,113622141.9740919,0.00000001,0.00000000000038721500000000003,6860531,2019-03-06 17:05:37,btc,3.6354037331912945,0.0,0.00000001,btc,102576573.7719167,0.1055763,1.136221419740919,34
1,[],5,[],2019-03-06 17:05:39,0.0,0,0,6860532,2019-03-06 17:05:39,btc,0.0,0.09334323,0,btc,0.0,0.0,0.0,34
0.00000000014162340000000002,[],4,[],2019-03-06 16:27:01,1766069233.8073332,1.4162340000000002e-18,5.456551329240001e-23,6860388,2019-03-06 16:27:01,ltc,6.895510848646082e-08,0.0,0.00000001,ltc,7587441150.0267,0.0,2.501167295271895e-09,36
1,[],5,[],2019-03-06 16:27:03,0.0,0,0,6860389,2019-03-06 16:27:03,btc,0.0,0.0,0,btc,0.0,0.0,0.0,36
0,[],17,[],2019-03-06 16:27:04,0.0,0,0,6860390,2019-03-06 16:27:04,btc,0.07464582822222394,0.0,0,btc,4105386.20243647,0.0,0.0,36
0.0000000003553816,[],27,[],2019-03-06 16:27:07,11290000.0,3.553816e-18,1.369235551376e-22,6860391,2019-03-06 16:27:07,eth,222.6013767858684,0.0,0.00000001,"ltc,eth",11165403.32426039,0.0,2.3343811484e-11,36
1,[],4,[],2019-03-06 16:27:08,259526.5105284,0.00000054,0.000000000020805444,6860392,2019-03-06 16:27:08,btc,19772.481030820523,0.0,0.00000054,btc,564405.47252666,0.01720304,0.1104451609709386,37
1,[],12,[],2019-03-06 16:27:09,297308.81778177,0.00000056,0.000000000021576016000000002,6860393,2019-03-06 16:27:09,btc,3.25722536815786,0.0,0.00000056,btc,284380.58241386,0.0363039380843647,0.0657748414201853,37
1,[],27,[],2019-03-06 16:27:11,14685.567,0.00000045,0.00000000001733787,6860394,2019-03-06 16:27:11,btc,25.77745805411233,0.0,0.00000045,btc,6527.38138508,0.0,0.00480032515,37
1,[],17,[],2019-03-06 16:16:23,1752.74075282,0.00000025,0.0000000000096273,6860202,2019-03-06 16:16:23,btc,0.055484923777095005,0.0,0.00000025,btc,1319.19918473,0.0,0.00043818518820499993,37
1,[],5,[],2019-03-06 16:27:12,0.0,0,0,6860395,2019-03-06 16:27:12,btc,0.0,0.00981302,0,btc,0.0,0.0,0.0,42
1,[],12,[],2019-03-06 16:27:14,207657.432,0.00000110000000000000005610204141526242693771564518101513385772705078125,0.00000000004238146,6860396,2019-03-06 16:27:14,btc,0.1734964125486712,0.0,0.00000110000000000000005610204141526242693771564518101513385772705078125,btc,11121.06346997,0.0148412280873381,0.004430432,42
0.0000000003553816,[],27,[],2019-03-06 16:27:15,22000.0,3.553816e-17,1.369235551376e-21,6860397,2019-03-06 16:27:15,eth,0.00315028,0.0,0.0000001,"btc,eth",11.007,0.0,7.17870832e-13,42
0,[],17,[],2019-03-06 14:15:59,0.0,0,0,6859433,2019-03-06 14:15:59,btc,0.0,0.0,0,btc,0.0,0.0,0.0,43
1,[],5,[],2019-03-06 17:05:41,0.0,0,0,6860533,2019-03-06 17:05:41,btc,0.0,0.0,0,btc,0.0,0.0,0.0,43
1,[],12,[],2019-03-06 17:05:42,455579.0,0.00000001,0.00000000000038721500000000003,6860534,2019-03-06 17:05:42,btc,0.57461783,0.0,0.00000001,btc,2733621.0,3.6363636364e-06,0.00455579,43
1,[],12,[],2019-03-05 01:54:08,639326.02,0.00000004,0.000000000001486676,6845775,2019-03-05 01:54:08,btc,11116042.728239931,0.0,0.00000004,btc,1103841.4595604,0.0003330765234764,0.014975410599999999,44
0.0000000001433568,[],4,[],2019-03-06 17:07:44,275652645.0590732,2.25070176e-16,8.715054819984e-21,6860535,2019-03-06 17:07:44,ltc,3.836270302778433e-09,0.0,0.00000157,ltc,1484321.87348369,0.03918203,1.3225365832978873e-09,49
0.0000000001433568,[],4,[],2019-03-06 17:07:45,257950711.20779,1.433568e-18,5.550990331200001e-23,6860536,2019-03-06 17:07:45,ltc,25.808545411479976,0.0,0.00000001,ltc,9720361351.52634,0.00023846,3.6978988516472907e-10,52
0.0000000001248833,[],22,[],2019-03-06 17:07:50,80845862.0,1.2488330000000001e-18,4.835668700950001e-23,6860537,2019-03-06 17:07:50,XMR,4366.97466637,0.0,0.00000001,XMR,255820234.67882353,0.0,0.80845862,57
0.00000000035600809999999996,[],27,[],2019-03-06 17:07:53,2000.0,3.560081e-18,1.378516764415e-22,6860538,2019-03-06 17:07:53,eth,0.0,0.0,0.00000001,"btc,eth",0.0,0.0,7.120162e-15,57
0.0000000001433568,[],4,[],2019-03-06 17:07:54,651566680.1895965,4.300704e-18,1.6652970993600001e-22,6860539,2019-03-06 17:07:54,ltc,18.807188994104457,0.0,0.00000003,ltc,4596166651.173908,0.0,1.5215474795002265e-09,58
1,[],12,[],2019-03-06 17:07:55,450584702.8425,0.0000000004,0.000000000000015488600000000002,6860540,2019-03-06 17:07:55,btc,2631.7301142056067,0.0,0.0000000004,btc,452634831.012987,0.000988789180019975,0.138397818137,58
0,[],17,[],2019-03-06 17:07:56,0.0,0,0,6860541,2019-03-06 17:07:56,btc,1e+24,0.0,0,btc,49306342.21952568,0.0,0.0,58
0.0000000001248833,[],22,[],2019-03-06 17:08:00,137438.0,1.2488330000000001e-18,4.835668700950001e-23,6860542,2019-03-06 17:08:00,XMR,69.8835922,0.0,0.00000001,XMR,9887963.0,0.0,0.00137438,58
1,[],22,[],2019-03-06 17:08:06,13759.5,0.00000012,0.0000000000046465800000000006,6860544,2019-03-06 17:08:06,BTC,1002.2960049,0.0,0.00000012,BTC,14976.68361146909,0.0,0.00155017,61
1,[],26,[],2019-03-06 17:08:06,0.0,0.00000800,0.000000000309772,6860545,2019-03-06 17:08:06,btc,0.0,0.0,0.00000800,btc,0.0,0.0,0.0,61
1,[],27,[],2019-03-06 17:08:08,4412.22008,0.00000047,0.000000000018199105,6860546,2019-03-06 17:08:08,btc,2.898491041314132,2101.00002,0.00000047,"btc,eth",19485.01257617,0.010505,0.0012442299595944494,61
1,[],28,[],2019-03-06 17:08:10,13880.304,0.0000005,0.00000000001936075,6860547,2019-03-06 17:08:10,btc,2.056312978300105,736.0,0.0000005,btc,9730.59500005,0.0,0.00566391304,61
1,[],5,[],2019-03-06 17:08:02,0.0,0,0,6860543,2019-03-06 17:08:02,btc,0.0,0.01274347,0,btc,0.0,0.0,0.0,61
1,[],4,[],2019-03-06 17:08:11,1254363.78178403,0.00000277,0.000000000107258555,6860548,2019-03-06 17:08:11,btc,9.165313001605337,0.0,0.00000277,btc,750412.38406934,0.40563107,0.9182672537386124,67
0.0,[],25,[],2019-03-06 17:08:12,0.0,0,0,6860549,2019-03-06 17:08:12,,0.0,0.0,0.0,btc,0.0,0.0,0.0,67
1,[],12,[],2019-03-06 17:08:13,183922.95055273,0.00000029,0.000000000011229234999999999,6860550,2019-03-06 17:08:13,btc,0.5628884557834705,0.0,0.00000029,btc,619735.31960631,0.0143008657822164,0.0334589777137333,71
,[],5,[],2018-11-20 23:02:39,1.5e-07,0.00000005,0.000000000002128045,4862160,2018-11-20 23:02:39,btc,2.84511358,0.0,,btc,0.00036572,0.0,0.07381892,74
1,[],5,[],2019-03-06 17:08:15,0.0,0,0,6860551,2019-03-06 17:08:15,btc,0.0,0.0,0,btc,0.0,0.0,0.0,75
1,[],4,[],2019-03-06 17:08:16,14275125.58224166,0.00000001,0.00000000000038721500000000003,6860552,2019-03-06 17:08:16,btc,11388.985544584346,0.0,0.00000001,btc,40019471.49932191,0.0,0.1427512558224166,81
0,[],20,[],2019-01-25 09:30:31,0.0,0,0,6495923,2019-01-25 09:30:31,btc,0.0,0.0,0,btc,0.0,0.0,0.0,81
1,[],4,[],2019-03-06 17:08:18,27713.8471094,0.00007903,0.000000003060160145,6860553,2019-03-06 17:08:18,btc,18.10853408435937,0.0,0.00007903,btc,12204.07218722,0.0159128,0.1278327255708142,82
1,[],21,[],2019-03-06 17:08:18,756110.41765613,0.00007352999999999999564560121401,0.000000002847191895,6860554,2019-03-06 17:08:18,btc,2.534535798075447,2243.38861302,0.000073529999999999995645601214011577440032851882278919219970703125,btc,29158.54976616,0.16853357,2.2216551514850265,82
0,[],17,[],2019-03-06 17:08:20,0.0,0,0,6860555,2019-03-06 17:08:20,btc,0.0447233088476774,0.0,0,btc,999127.19588126,0.0,0.0,84
0.0000000001433568,[],4,[],2019-03-06 17:08:21,117354661.02290782,4.300704e-18,1.6652970993600001e-22,6860556,2019-03-06 17:08:21,ltc,1.7493647429254848,0.0,0.00000003,ltc,413273910.8443816,0.0,2.4331791645563993e-10,85
,[],22,[],2018-11-20 23:09:34,3408.1,0.0000001,0.0000000000041895,4862324,2018-11-20 23:09:34,BTC,0.04624735,0.0,,BTC,4990.0,0.0,0.00033081,86
0,[],22,[],2019-02-22 12:52:35,0.0,0,0,6758847,2019-02-22 12:52:35,,2.0760781,0.0,0,,140622.94736842104,0.0,0.0,87
0,[],27,[],2019-02-22 12:52:37,0.0,0,0,6758848,2019-02-22 12:52:37,,0.0,0.0,0,btc,0.0,0.0,0.0,87
,[],2,[],2018-11-20 23:10:47,0.0,0,0,4862359,2018-11-20 23:10:47,,0.0,0.0,,,0.0,0.0,0.0,88
1,[],11,[],2019-03-06 17:08:24,94235.51016953,0.00014999999999999998685946966947568625982967205345630645751953125,0.0000000058082249999999996,6860557,2019-03-06 17:08:24,btc,607.9725626056091,3932.20976626,0.00014999999999999998685946966947568625982967205345630645751953125,btc,93227.03368921,0.0,6.444087001743174,89
1,[],12,[],2019-03-06 17:08:25,186528.66836111,0.00000053,0.000000000020522395,6860558,2019-03-06 17:08:25,btc,10.69601951518945,0.0,0.00000053,btc,10271.21010623,0.0170145656220238,0.0304966142599546,91
1,[],22,[],2019-03-06 17:08:29,65900.0,0.00000001,0.00000000000038721500000000003,6860559,2019-03-06 17:08:29,BTC,3e-06,0.0,0.00000001,BTC,1.0,0.0,0.000659,91
0,[],2,[],2019-01-20 23:31:45,0.0,0,0,6477083,2019-01-20 23:31:45,,0.0,0.0,0,,0.0,0.0,0.0,91
0,[],17,[],2019-03-06 16:27:56,0.0,0,0,6860423,2019-03-06 16:27:56,btc,0.0,0.0,0,btc,0.0,0.0,0.0,91
0.0000000001433568,[],22,[],2019-03-06 17:08:33,1580418.0,7.16784e-18,2.7754951656e-22,6860560,2019-03-06 17:08:33,LTC,8.53121199,0.0,0.00000005,LTC,71989912.1,0.0,0.0790209,95
0.0000000001433568,[],4,[],2019-03-06 17:08:34,641338111.9028671,9.318192e-17,3.60814371528e-21,6860561,2019-03-06 17:08:34,ltc,11.886285776113727,0.0,0.00000065,ltc,135482317.9791913,0.0,1.7440624596834662e-09,96
1,[],12,[],2019-03-06 17:08:35,9450.0,0.00000001,0.00000000000038721500000000003,6860562,2019-03-06 17:08:35,btc,0.63070148,0.0,0.00000001,btc,1900647.0,0.00110575,9.45e-05,96
0,[],17,[],2019-03-06 16:19:39,0.0,0,0,6860237,2019-03-06 16:19:39,btc,0.0,0.0,0,btc,0.0,0.0,0.0,96
1,[],4,[],2019-03-06 17:08:47,1390753.74217066,0.00000021,0.000000000008131515000000001,6860563,2019-03-06 17:08:47,btc,2.637201421618283,0.0,0.00000021,btc,2567599.87791589,0.01281719,0.0859197539661651,99
1,[],4,[],2019-03-06 17:08:47,322287.7406527,0.00003888,0.00000000150549192,6860564,2019-03-06 17:08:47,btc,11.1918714258786,0.0,0.00003888,btc,157685.13075517,1.72414347,1.8842163678256838,100
0,[],2,[],2019-01-20 23:23:55,0.0,0,0,6476914,2019-01-20 23:23:55,,0.0,0.0,0,,0.0,0.0,0.0,100
1,[],22,[],2019-03-06 17:08:52,50000.0,0.00000001,0.00000000000038721500000000003,6860565,2019-03-06 17:08:52,BTC,23.49896609,0.0,0.00000001,BTC,10277.22,0.0,0.0005,101
1,[],4,[],2019-03-06 17:08:52,421050.32469979,0.00000088,0.00000000003407492,6860566,2019-03-06 17:08:52,btc,308.02452261339965,0.0,0.00000088,btc,481457.25257626,0.03515646,0.2023042287433916,103
1,[],12,[],2019-03-06 17:08:56,15533784.866,0.00000001,0.00000000000038721500000000003,6860567,2019-03-06 17:08:56,btc,14.119406406494505,0.0,0.00000001,btc,27400151.22677323,0.00495038379530869,0.075023028773,105
1,[],27,[],2019-03-06 17:08:58,115397.89,0.00000001,0.00000000000038721500000000003,6860568,2019-03-06 17:08:58,btc,36.59791032491341,0.0,0.00000001,btc,1051440.73571724,0.0,0.0011539789,105
1,[],22,[],2019-03-06 17:09:03,9328.0,0.00000001,0.00000000000038721500000000003,6860569,2019-03-06 17:09:03,BTC,51.10837004,0.0,0.00000001,BTC,470435.0,0.0,9.328e-05,107
1,[],26,[],2019-03-06 17:09:03,0.0,0.00000000,0,6860570,2019-03-06 17:09:03,btc,0.0,0.0,0.00000000,btc,0.0,0.0,0.0,107
1,[],5,[],2019-03-06 17:09:04,0.0,0,0,6860571,2019-03-06 17:09:04,btc,0.0,0.00108076,0,btc,0.0,0.0,0.0,112
1,[],22,[],2019-03-06 17:09:08,1966.0,0.00000001,0.00000000000038721500000000003,6860572,2019-03-06 17:09:08,BTC,2.78279272,0.0,0.00000001,BTC,828524.0833333334,0.0,1.966e-05,112
0.00000000035600809999999996,[],27,[],2019-03-06 17:09:10,2000.0,3.560081e-18,1.378516764415e-22,6860573,2019-03-06 17:09:10,eth,1.24892491849924,0.0,0.00000001,"btc,eth",1288.641654,0.0,7.120162e-15,112
1,[],4,[],2019-03-06 17:09:11,1318877.51122804,0.00000201,0.000000000077830215,6860574,2019-03-06 17:09:11,btc,4.804759530621132,0.0,0.00000201,btc,338822.32273261,0.04245783,1.0444105494036293,113
1,[],5,[],2019-03-06 17:09:12,0.0,0,0,6860575,2019-03-06 17:09:12,btc,0.0,2.5e-07,0,btc,0.0,0.0,0.0,113
0,[],27,[],2019-03-06 17:09:24,0.0,0,0,6860576,2019-03-06 17:09:24,,0.0,0.0,0,btc,0.0,0.0,0.0,116
1,[],17,[],2019-03-06 16:20:07,152738.278,0.00000004,0.000000000001540368,6860251,2019-03-06 16:20:07,btc,1.3368030275001663,0.0,0.00000004,btc,51896.221,0.0,0.0022095311199999998,116
1,[],4,[],2019-03-06 17:09:25,80753.60422556,0.00002471,0.000000000956808265,6860577,2019-03-06 17:09:25,btc,28.189613610493723,0.0,0.00002471,btc,97250.32749767,0.14883403,1.231855740930922,120
1,[],7,[],2019-03-06 17:09:27,21234.16803308,0.0000212500000000000015265566588595902430824935436248779296875,0.0000000008228318750000001,6860578,2019-03-06 17:09:27,btc,115646.94528398775,201.6706512,0.0000212500000000000015265566588595902430824935436248779296875,btc,36704.21881556,0.0059223,0.0520742604109466,120
1,[],20,[],2019-03-06 17:09:30,3003934.3805,0.000000035,0.0000000000013552525000000001,6860579,2019-03-06 17:09:30,btc,33.6157428614428,5554.25,0.000000035,btc,1009912.7699,0.00019439875,0.0406958634044,125
1,[],22,[],2019-03-06 17:09:33,3053.0,0.00000001,0.00000000000038721500000000003,6860580,2019-03-06 17:09:33,BTC,0.01444887,0.0,0.00000001,BTC,296263.5111111111,0.0,3.053e-05,126
1,[],4,[],2019-03-06 17:09:34,144633.84106446,0.00001498,0.0000000005800480700000001,6860581,2019-03-06 17:09:34,btc,10.370460427772661,0.0,0.00001498,btc,130539.34372918,0.2254236,0.6509389018890661,131
0,[],17,[],2019-03-06 17:09:36,0.0,0,0,6860582,2019-03-06 17:09:36,btc,0.0009561751951600001,0.0,0,btc,35.42829368,0.0,0.0,131
0,[],2,[],2019-01-20 23:25:46,0.0,0,0,6476969,2019-01-20 23:25:46,,0.0,0.0,0,,0.0,0.0,0.0,131
1,[],4,[],2019-03-06 16:29:22,4555.71032124,0.00016000,0.000000006164576000000001,6860447,2019-03-06 16:29:22,btc,1.6203835418964394,0.0,0.00016000,btc,241.25503526,0.00022072,0.008165635284333,135
1,[],3,[],2019-03-06 16:08:20,877702.73244099,0.00000004,0.0000000000015441600000000002,6860063,2019-03-06 16:08:20,btc,0.126945517273405,171798.723327,0.00000004,btc,800599.99421222,0.0,0.023771231960604298,136
1,[],4,[],2019-03-06 16:29:23,370971.10650823,0.00000168,0.000000000064728048,6860448,2019-03-06 16:29:23,btc,38.24992420137485,0.0,0.00000168,btc,521162.34263804,0.04871377,0.0913571412656546,137
1,[],12,[],2019-03-06 16:29:24,226909.52484076002,0.000001579999999999999907326193003542780246561960666440427303314208984375,0.000000000060875188,6860449,2019-03-06 16:29:24,btc,0.048887077123765,0.0,0.000001579999999999999907326193003542780246561960666440427303314208984375,btc,1965.65843568,0.0007675849866992,0.0867690845477486,137
1,[],4,[],2019-03-06 16:29:25,10608.3244247,0.00003852,0.0000000014841216720000001,6860450,2019-03-06 16:29:25,btc,28.25529486998101,0.0,0.00003852,btc,42913.05553736,0.22076552,0.2312069899478934,142
1,[],5,[],2019-03-06 16:29:27,0.0,0,0,6860451,2019-03-06 16:29:27,btc,0.0,0.22955743,0,btc,0.0,0.0,0.0,142
1,[],17,[],2019-03-06 16:29:29,22967.386363640002,0.00000088,0.000000000033905168000000005,6860452,2019-03-06 16:29:29,btc,20.06991335283758,0.0,0.00000088,btc,2746.079105,0.0,0.0104613000000032,142
1,[],20,[],2019-03-06 16:29:31,133610.5257,0.00004076,0.000000001570425736,6860453,2019-03-06 16:29:31,btc,0.2981895120742,2842.4498,0.00004076,btc,1373.4529,0.136463297546,0.2478952747482,142
1,[],22,[],2019-03-06 16:29:35,1470.8988921568628,0.00004000,0.0000000015411440000000002,6860454,2019-03-06 16:29:35,BTC,3.00385504,0.0,0.00004000,BTC,891.218,0.0,0.0012358,142
0.0,[],25,[],2019-03-06 16:29:36,0.0,0,0,6860455,2019-03-06 16:29:36,,0.0,0.0,0.0,btc,0.0,0.0,0.0,142
1,[],28,[],2019-03-06 16:29:38,76124.0,0.00000820,0.00000000031593452000000004,6860456,2019-03-06 16:29:38,btc,0.067100461059305,1996.0,0.00000820,btc,552.61077999,0.0,0.004304,142
0,[],22,[],2019-03-06 16:29:41,0.0,0,0,6860457,2019-03-06 16:29:41,,62.22782865,0.0,0,,846843617.3,0.0,0.0,143
0,[],22,[],2019-02-25 15:42:22,0.0,0,0,6783783,2019-02-25 15:42:22,,4.2131946,0.0,0,,2322156.0,0.0,0.0,146
,[],22,[],2018-11-20 23:01:11,0.0,0,0,4862114,2018-11-20 23:01:11,,2.56807021,0.0,,,61828.4988236,0.0,0.0,147
1,[],12,[],2019-03-06 16:08:48,287499.50408536,0.00000119000000000000004144145963891343598106686840765178203582763671875,0.000000000045938760000000006,6860073,2019-03-06 16:08:48,btc,0.0168594632160817,0.0,0.00000119000000000000004144145963891343598106686840765178203582763671875,btc,2351.38897832,0.013687197602858,0.0184157999999442,148
1,[],4,[],2019-03-06 16:29:42,270758.36095279,0.00000029,0.000000000011173294,6860458,2019-03-06 16:29:42,btc,219.9986595193608,0.0,0.00000029,btc,840428.23424423,0.0,0.0651852236450774,152
0,[],22,[],2019-03-06 16:29:45,0.0,0,0,6860459,2019-03-06 16:29:45,,0.0,0.0,0,,0.0,0.0,0.0,152
1,[],5,[],2019-03-06 16:29:46,0.0,0,0,6860460,2019-03-06 16:29:46,btc,0.0,0.0,0,btc,0.0,0.0,0.0,153
,[],16,[],2019-01-11 15:38:59,0.0,0,0,6366141,2019-01-11 15:38:59,btc,0.0,0.0,,btc,0.0,0.0,0.0,155
0,[],23,[],2019-01-20 23:24:29,0.0,0,0,6476932,2019-01-20 23:24:29,,0.0,0.0,0,,0.0,0.0,0.0,156
0,[],22,[],2019-03-06 16:29:51,0.0,0,0,6860461,2019-03-06 16:29:51,,6.7463875,0.0,0,,4674391.242592593,0.0,0.0,156
1,[],22,[],2019-03-06 16:29:55,7073.8,0.00005300,0.0000000020420158000000003,6860462,2019-03-06 16:29:55,BTC,1.80343699,0.0,0.00005300,BTC,899.6422341958436,0.0,0.00104336,157
0,[],22,[],2019-03-06 16:29:58,0.0,0,0,6860463,2019-03-06 16:29:58,,50175.67608608,0.0,0,,54079135.04179466,0.0,0.0,158
,[],17,[],2018-11-20 22:56:10,0.0,0,0,4861976,2018-11-20 22:56:10,btc,1.1265625,0.0,,btc,1000.0,0.0,0.0,159
,[],20,[],2018-11-20 22:56:12,0.0,0,0,4861977,2018-11-20 22:56:12,btc,11912.7940471,0.0,,btc,34413894.3617,0.0,0.0,159
1,[],12,[],2019-03-06 16:30:00,107523.94427104,0.00000668000000000000041769539216307549622797523625195026397705078125,0.00000000025737104800000005,6860464,2019-03-06 16:30:00,btc,0.006209228101448101,0.0,0.00000668000000000000041769539216307549622797523625195026397705078125,btc,354.74779540000003,0.0022759627645791,0.0138544426048743,168
1,[],17,[],2019-03-06 16:21:16,29784.95,0.000001,0.0000000000385092,6860277,2019-03-06 16:21:16,btc,0.03026736251542,0.0,0.000001,btc,144.46171372,0.0,0.00716147,168
0,[],22,[],2019-03-06 16:30:13,0.0,0,0,6860465,2019-03-06 16:30:13,,1.1339604,0.0,0,,520283.17470714403,0.0,0.0,169
1,[],22,[],2019-03-06 16:30:17,203585.5,0.00000002,0.0000000000007705720000000001,6860466,2019-03-06 16:30:17,BTC,13.25047831,0.0,0.00000002,BTC,146317.2939341018,2.9e-07,0.00207171,171
1,[],22,[],2019-03-06 16:21:28,733473.1111111111,0.00000011,0.000000000004236012,6860280,2019-03-06 16:21:28,BTC,2.2045089,0.0,0.00000011,"BTC,LTC",252847.3651725749,7.711e-05,0.03025522,173
1,[],5,[],2019-03-05 01:59:40,0.0,0,0,6845846,2019-03-05 01:59:40,btc,0.0,0.00384852,0,btc,0.0,0.0,0.0,175
1,[],22,[],2019-03-06 16:30:20,36500.0,0.00000021,0.000000000008091006,6860467,2019-03-06 16:30:20,BTC,0.54826403,0.0,0.00000021,BTC,138776.41384013777,0.0,0.00227,176
1,[],7,[],2019-03-06 16:30:21,0.0,0,0,6860468,2019-03-06 16:30:21,btc,410918.8425310273,2153.84615384,0,btc,117732479.9975507,2.154e-05,0.0,178
0,[],22,[],2019-03-06 16:30:24,0.0,0,0,6860469,2019-03-06 16:30:24,,1.00242438,0.0,0,,57522.0,0.0,0.0,178
0,[],2,[],2019-01-20 23:28:34,0.0,0,0,6477001,2019-01-20 23:28:34,,0.0,0.0,0,,0.0,0.0,0.0,178
0,[],23,[],2019-01-20 23:25:08,0.0,0,0,6476952,2019-01-20 23:25:08,,0.0,0.0,0,,0.0,0.0,0.0,179
1,[],5,[],2019-03-06 16:30:26,0.0,0,0,6860470,2019-03-06 16:30:26,btc,0.0,0.00239434,0,btc,0.0,0.0,0.0,179
1,[],22,[],2019-03-06 16:30:41,6949180.5,0.00000002,0.0000000000007705720000000001,6860471,2019-03-06 16:30:41,BTC,5.67359686,0.0,0.00000002,"BTC,LTC",18499928.423202086,0.0,0.37392433,179
1,[],17,[],2019-03-06 16:30:54,10504.725,0.0000001,0.00000000000385286,6860472,2019-03-06 16:30:54,btc,5.2010695838170005,0.0,0.0000001,btc,4994.45945,0.0,0.0010504725,180
1,[],22,[],2019-03-06 16:30:58,149605.4,0.00000105,0.00000000004045503,6860473,2019-03-06 16:30:58,BTC,0.25494344,0.0,0.00000105,"BTC,LTC",87823.65113946299,0.0008125,0.01285544,180
1,[],26,[],2019-03-06 16:30:58,0.0,0.00000125,0.000000000048160750000000005,6860474,2019-03-06 16:30:58,btc,0.0,200.0,0.00000125,btc,0.0,0.0,0.0,180
,[],7,[],2018-11-20 22:58:01,562227.975654,0.00000085,0.000000000036176765,4862015,2018-11-20 22:58:01,btc,21836.6059674,2491.87645172,,btc,749999.041456,0.00211021,0.127565380455,183
,[],5,[],2019-01-10 08:11:41,0.0,0,0,6347036,2019-01-10 08:11:41,btc,82.15055501,0.00261,,btc,1.19002445,0.0,0.0,187
,[],17,[],2018-11-16 20:58:10,4062536.27273,0.00000001,0.000000000000550501,4708775,2018-11-16 20:58:10,btc,3.36492563466,0.195460381006,,"btc,eth",110697919.549,0.0,0.0157628953496,187
1,[],24,[],2019-03-06 16:30:59,0.0,0.000000000001,3.85286e-17,6860475,2019-03-06 16:30:59,btc,0.0,0.0,0.000000000001,btc,0.0,0.0,0.0,187
0,[],22,[],2019-03-06 16:31:01,0.0,0,0,6860476,2019-03-06 16:31:01,,7.42841024,0.0,0,,79361.7243078683,0.0,0.0,191
0,[],22,[],2019-03-06 16:31:07,0.0,0,0,6860477,2019-03-06 16:31:07,,0.0,0.0,0,,0.0,0.0,0.0,197
0,[],23,[],2019-01-20 23:31:41,0.0,0,0,6477079,2019-01-20 23:31:41,,0.0,0.0,0,,0.0,0.0,0.0,199
0,[],22,[],2019-03-06 16:31:11,0.0,0,0,6860478,2019-03-06 16:31:11,,5.19077622,0.0,0,,21058553.0,0.0,0.0,199
1,[],26,[],2019-03-06 16:31:11,0.0,0.00000000,0,6860479,2019-03-06 16:31:11,btc,0.0,132476.0,0.00000000,btc,0.0,0.0,0.0,199
0,[],17,[],2019-01-30 16:32:01,0.0,0,0,6540827,2019-01-30 16:32:01,btc,6.802544163788159,0.0,0,btc,105897.55575295,0.0,0.0,200
0,[],2,[],2019-01-20 23:30:49,0.0,0,0,6477059,2019-01-20 23:30:49,,0.0,0.0,0,,0.0,0.0,0.0,201
1,[],4,[],2019-01-25 15:51:35,2084389.58565343,0.00000936,0.000000000333526752,6499557,2019-01-25 15:51:35,btc,2.0092503037378524,0.0,0.00000936,btc,160195.80207885,0.19272417,1.242687955921835,211
1,[],7,[],2019-03-06 16:31:16,2299989.36787086,0.000001170000000000000021170673721038202330646527116186916828155517578125,0.000000000045078462000000005,6860480,2019-03-06 16:31:16,btc,15476655.422482753,415260.178249,0.000001170000000000000021170673721038202330646527116186916828155517578125,btc,13058429.87354699,0.0,1.827403132583155,212
1,[],12,[],2019-01-25 02:44:32,207462.42853209,0.000001080000000000000035831255497387193287295303889550268650054931640625,0.000000000038610756000000006,6493050,2019-01-25 02:44:32,btc,85023.03793723314,0.0,0.000001080000000000000035831255497387193287295303889550268650054931640625,btc,43675.73520027,0.000146250909087,0.0348620860622024,213
1,[],5,[],2019-03-06 16:31:18,0.0,0,0,6860481,2019-03-06 16:31:18,btc,0.0,0.15298101,0,btc,0.0,0.0,0.0,213
1,[],24,[],2019-03-06 16:31:18,0.0,0.000000120000,0.0000000000046234320000000006,6860482,2019-03-06 16:31:18,btc,0.0,0.0,0.000000120000,btc,0.0,0.0,0.0,213
1,[],26,[],2019-03-06 16:31:19,0.0,0.00000010,0.000000000003852860000000001,6860483,2019-03-06 16:31:19,btc,0.0,0.0,0.00000010,btc,0.0,0.0,0.0,213
1,[],22,[],2019-03-06 16:31:26,45999.0,0.00000003,0.0000000000011558580000000001,6860484,2019-03-06 16:31:26,BTC,2.23624342,0.0,0.00000003,BTC,708045.3963726171,0.00036,0.00079827,216
1,[],27,[],2019-03-06 16:31:29,1304297.0,0.00000004,0.0000000000015411440000000001,6860485,2019-03-06 16:31:29,btc,318.0718494147724,12000.0,0.00000004,"btc,ltc",240763.990324,0.0012,0.033999840000254924,216
1,[],22,[],2019-03-06 16:31:32,193618.52409638555,0.00000183,0.000000000070507338,6860486,2019-03-06 16:31:32,BTC,12673.3836188,0.0,0.00000183,BTC,381095.2877025887,0.04222346,0.23567675,217
1,[],7,[],2019-03-06 16:31:33,0.0,0,0,6860487,2019-03-06 16:31:33,btc,77969.66166622133,0.0,0,btc,136268679.67428493,0.0,0.0,219
0,[],27,[],2019-03-06 16:31:35,0.0,0,0,6860488,2019-03-06 16:31:35,,0.03997288,0.0,0,btc,2007233.0,0.0,0.0,219
0.0000000000000052,[],28,[],2019-03-06 16:31:38,168897636.057,5.72e-18,2.20383592e-22,6860489,2019-03-06 16:31:38,doge,84213.6401759275,153006.6,0.00110000,"btc,doge",3701215.34751,0.0,1.6146620517539875e-11,219
1,[],22,[],2019-03-06 16:22:57,380439.0,0.00000005,0.00000000000192546,6860303,2019-03-06 16:22:57,BTC,2.78506839,0.0,0.00000005,BTC,82701.27041875875,9.6e-05,0.01539161,221
1,[],24,[],2019-03-06 16:22:57,0.0,0.000000200000,0.00000000000770184,6860304,2019-03-06 16:22:57,btc,0.0,0.0,0.000000200000,btc,0.0,0.0,0.0,221
1,[],20,[],2019-03-06 16:22:59,39105329.5253,0.000000001,0.000000000000038509200000000003,6860305,2019-03-06 16:22:59,btc,48.4416536687255,172770.0,0.000000001,btc,15934115.0042,0.00034554,0.0391053295253,224
0,[],22,[],2019-03-06 16:23:03,0.0,0,0,6860306,2019-03-06 16:23:03,,0.0,0.0,0,,0.0,0.0,0.0,224
1,[],26,[],2019-03-06 16:31:39,0.0,0.00000035,0.00000000001348501,6860490,2019-03-06 16:31:39,btc,0.0,0.0,0.00000035,btc,0.0,0.0,0.0,231
1,[],26,[],2019-03-06 16:31:39,0.0,0.00000005,0.0000000000019264300000000003,6860491,2019-03-06 16:31:39,btc,0.0,0.0,0.00000005,btc,0.0,0.0,0.0,234
0.0000000003553816,[],27,[],2019-03-06 16:31:41,2000.0,3.553816e-18,1.369235551376e-22,6860492,2019-03-06 16:31:41,eth,0.01134836604,0.0,0.00000001,"btc,eth",11462.996,0.0,7.107632e-15,234
1,[],4,[],2019-03-06 16:23:06,803748.06725253,0.00000072,0.000000000027726624,6860310,2019-03-06 16:23:06,btc,4.7456708361755435,0.0,0.00000072,btc,1275848.21282398,0.01562039,0.2132254956281345,236
1,[],24,[],2019-03-06 16:23:06,0.0,0.000000300000,0.00000000001155276,6860311,2019-03-06 16:23:06,btc,0.0,0.0,0.000000300000,btc,0.0,0.0,0.0,236
1,[],20,[],2019-03-06 16:23:08,166548714.1006,0.000000062,0.0000000000023875704,6860312,2019-03-06 16:23:08,btc,13.6859713598902,34158408.7353,0.000000062,btc,41186128.8385,2.2305635072434,0.5167447317436,237
0.0000000001420679,[],22,[],2019-03-06 16:23:12,751594.9,2.4151543000000002e-17,9.300565996956e-22,6860313,2019-03-06 16:23:12,LTC,0.0405823,0.0,0.00000017,LTC,3164.0,0.0,0.12541949,237
1,[],4,[],2019-03-06 16:10:52,8693030.00092953,0.00000036,0.00000000001389744,6860118,2019-03-06 16:10:52,btc,9.0728522329717,0.0,0.00000036,btc,10138460.83614789,1.59649462,2.175791146845044,238
1,[],5,[],2019-03-06 16:10:54,0.0,0,0,6860119,2019-03-06 16:10:54,btc,0.0,0.03622557,0,btc,0.0,0.0,0.0,238
0,[],22,[],2019-03-06 06:43:11,0.0,0,0,6856376,2019-03-06 06:43:11,,0.41338918,0.0,0,,316326.5639027493,0.0,0.0,249
0.0000000001420679,[],22,[],2019-03-06 16:23:15,82163180.66666667,7.103395e-18,2.7354605873400004e-22,6860314,2019-03-06 16:23:15,LTC,1.52475566,0.0,0.00000005,LTC,23206938.09,0.0,2.70466333,252
1,[],28,[],2019-03-06 16:31:45,2993680.314,0.00000037,0.000000000014255582,6860493,2019-03-06 16:31:45,btc,164733.05909878417,39078.4,0.00000037,btc,2783023.03877059,0.0,0.49587162972,256
1,[],22,[],2019-03-06 16:23:25,1077561.0,0.00000003,0.000000000001155276,6860316,2019-03-06 16:23:25,BTC,31.48066378,0.0,0.00000003,BTC,699281.3457866946,0.00021623,0.01125975,258
1,[],22,[],2019-03-06 16:23:29,48751.0,0.00000001,0.000000000000385092,6860317,2019-03-06 16:23:29,BTC,2.4175745,0.0,0.00000001,BTC,1762.0,0.0,0.00048751,259
1,[],5,[],2019-03-06 16:31:47,0.0,0,0,6860494,2019-03-06 16:31:47,btc,0.0,0.09137221,0,btc,0.0,0.0,0.0,264
1,[],20,[],2019-03-06 16:31:49,1254466.2882,0.00000191,0.000000000073589626,6860495,2019-03-06 16:31:49,btc,7.4704284438182,36241.0058,0.00000191,btc,108188.8737,0.083933363017,0.0187122852793,264
0,[],22,[],2019-03-06 16:31:51,0.0,0,0,6860496,2019-03-06 16:31:51,,8.45820143,0.0,0,,451287.34411321935,0.0,0.0,271
0,[],22,[],2019-03-06 16:31:54,0.0,0,0,6860497,2019-03-06 16:31:54,,266.25196314,0.0,0,,13937792677.692,0.0,0.0,272
0.0000000000000052,[],28,[],2019-03-06 16:31:56,245487111307.905,4.888e-21,1.8832779680000002e-25,6860498,2019-03-06 16:31:56,doge,152021099.07324085,22983547066.0,0.00000094,doge,196402342440.8003,0.0,7.352216630586497e-10,272
1,[],22,[],2019-03-06 16:32:01,235229.74,0.00000100,0.0000000000385286,6860499,2019-03-06 16:32:01,BTC,74.49662049,0.0,0.00000100,"BTC,LTC",51113.48778575859,0.06689464,0.06854262,281
1,[],22,[],2019-03-06 16:23:50,215810.5,0.00000011,0.000000000004236012,6860324,2019-03-06 16:23:50,BTC,1.15801741,0.0,0.00000011,BTC,98161.97522694696,0.00851741,0.01718134,286
0,[],22,[],2019-03-06 16:32:04,0.0,0,0,6860500,2019-03-06 16:32:04,,43641.21062909,0.0,0,,846557752.0,0.0,0.0,294
