pairValue,buyBook,exchangeId,sellBook,updated,buyTotal,satoshiPrice,usdPrice,exchangeLogId,created,bestPair,sellTotalBtc,volume,pairPrice,activePairs,sellTotal,volumeBtc,buyTotalBtc,coinId
1,[],3,[],2019-05-09 06:45:43,32371.259711237377,0.0113582300000000004092104433084386982955038547515869140625,0.000000691484499108,7590964,2019-05-09 06:45:43,btc,3.85864073697244,12.0879783563,0.0113582300000000004092104433084386982955038547515869140625,btc,26.202080459353002,0.0,0.5811445566365785,1
1,[],4,[],2019-05-09 06:45:44,208024.18487582,0.01140136,0.0000006941102362560001,7590965,2019-05-09 06:45:44,btc,8.9445611025877,0.0,0.01140136,btc,404.19954174,2.63629862,3.5071129197191007,1
1,[],5,[],2019-05-09 06:45:48,0.0,0,0,7590966,2019-05-09 06:45:48,btc,0.0,0.44903675,0,btc,0.0,0.0,0.0,1
1,[],10,[],2019-05-09 06:45:51,184914.90742959,0.0092001,0.00000056009840796,7590967,2019-05-09 06:45:51,btc,6525.065420231021,1131.593117,0.0092001,btc,1451.89015269,0.0,3.953973709397937,1
1,[],12,[],2019-05-09 06:45:53,68.88121099,0.01111000000000000008382183835919931880198419094085693359375,0.000000676372356,7590968,2019-05-09 06:45:53,btc,0.1831304947492,0.0,0.01111000000000000008382183835919931880198419094085693359375,btc,12.89280491,0.0392505190637,0.2463398064778,1
1,[],20,[],2019-05-09 06:45:55,975.4202,0.010710031,0.0000006520224032676001,7590969,2019-05-09 06:45:55,btc,0.1205518984144,0.0,0.010710031,btc,8.6977,0.0,0.1760787241134,1
1,[],21,[],2019-05-09 06:45:56,1806.30505749,0.01118850000000000052824411512,0.0000006811514046000001,7590970,2019-05-09 06:45:56,btc,20.11851451783463,1895.81119237,0.0111885000000000005282441151166494819335639476776123046875,"btc,eth",2211.95275621,17.637387627177457,12.621625565948131,1
0,[],22,[],2019-05-09 06:45:59,0.0,0,0,7590971,2019-05-09 06:45:59,,0.3163308,0.0,0,,0.2527518593615956,0.0,0.0,1
1,[],24,[],2019-05-09 06:46:00,0.0,0.000000000000,0,7590972,2019-05-09 06:46:00,btc,0.0,0.0,0.000000000000,btc,0.0,0.0,0.0,1
0.0,[],25,[],2019-05-09 06:46:01,0.0,0,0,7590973,2019-05-09 06:46:01,btc,11.349999999462097,419.97225959,0.0,btc,996.44894096,4.801,0.0,1
1,[],26,[],2019-05-09 06:46:02,0.0,0,0,7590974,2019-05-09 06:46:02,,0.0,0.0,0,,0.0,0.0,0.0,1
1,[],28,[],2019-05-09 06:46:12,987.9,0.01131000,0.0000006885482760000001,7590975,2019-05-09 06:46:12,btc,0.160832048,354515.0698,0.01131000,btc,8.7307,0.0,0.024551096,1
0,[],2,[],2019-01-20 23:28:45,0.0,0,0,6477011,2019-01-20 23:28:45,,0.0,0.0,0,,0.0,0.0,0.0,1
1,[],5,[],2019-05-09 06:46:13,0.0,0,0,7590976,2019-05-09 06:46:13,btc,0.0,1.04e-06,0,btc,0.0,0.0,0.0,2
0,[],22,[],2019-05-09 06:46:15,0.0,0,0,7590977,2019-05-09 06:46:15,,0.0,0.0,0,,0.0,0.0,0.0,2
1,[],5,[],2019-05-09 06:46:17,0.0,0,0,7590978,2019-05-09 06:46:17,btc,0.0,0.60941924,0,btc,0.0,0.0,0.0,3
1,[],12,[],2019-05-09 06:46:18,2256095.8456713,0.000000144,0.0000000000087666624,7590979,2019-05-09 06:46:18,btc,2714596.636072016,0.0,0.000000144,btc,4074773.29015522,0.10487245022498459,0.2276729316190572,3
0,[],28,[],2019-05-09 06:46:19,0.0,0,0,7590980,2019-05-09 06:46:19,,0.0,0.0,0,,0.0,0.0,0.0,3
0,[],2,[],2019-01-20 23:31:32,0.0,0,0,6477077,2019-01-20 23:31:32,,0.0,0.0,0,,0.0,0.0,0.0,4
1,[],4,[],2019-04-26 19:14:12,610911.70993152,0.00000026,0.000000000013566046,7471614,2019-04-26 19:14:12,btc,31.457742656463164,0.0,0.00000026,btc,718733.71307795,0.00142695,0.0638464483338706,4
0,[],12,[],2019-04-25 23:08:22,0.0,0,0,7459310,2019-04-25 23:08:22,btc,1111851.94727753,0.0,0,btc,953412.0,0.0,0.0,5
0,[],2,[],2019-01-20 23:31:51,0.0,0,0,6477087,2019-01-20 23:31:51,,0.0,0.0,0,,0.0,0.0,0.0,6
1,[],11,[],2019-05-09 06:46:23,5042415.307535999,0.00000001,0.000000000000608796,7590981,2019-05-09 06:46:23,btc,9576.547275599494,717767.0,0.00000001,btc,47372888.75253575,0.0,0.05042415307536,6
1,[],3,[],2019-05-09 06:46:23,11073.4385923003,0.00017122000000000000391985055525623238281696103513240814208984375,0.000000010423805112,7590982,2019-05-09 06:46:23,btc,19.044306200653036,42.9438395808,0.00017122000000000000391985055525623238281696103513240814208984375,btc,314.713226454214,0.0,0.030094076621869425,7
1,[],4,[],2019-05-09 06:46:25,38600.33787928,0.00017611,0.000000010721506356,7590983,2019-05-09 06:46:25,btc,9.40569888406927,0.0,0.00017611,btc,41863.6385166,2.52055734,3.1826360566994265,7
1,[],5,[],2019-05-09 06:46:26,0.0,0,0,7590984,2019-05-09 06:46:26,btc,0.0,0.16958129,0,btc,0.0,0.0,0.0,7
1,[],20,[],2019-04-07 22:06:50,3201475.0482,0.000000001,0.000000000000051590000000000004,7213932,2019-04-07 22:06:50,btc,30.8005781811902,0.0,0.000000001,btc,23077405.3926,0.0,0.0032014750482,8
1,[],4,[],2019-05-09 06:46:29,20143038.89577494,0.00000079,0.000000000048094884,7590985,2019-05-09 06:46:29,btc,3.9815798878746347,0.0,0.00000079,btc,3133093.37833676,0.5001796,0.5394202798864688,9
1,[],28,[],2019-05-09 06:46:33,18055.0,0.00000021,0.000000000012784716,7590986,2019-05-09 06:46:33,btc,2708.774353000864,3639940.0,0.00000021,btc,24560.2792,0.0,0.00186155,9
0,[],2,[],2019-01-20 23:22:42,0.0,0,0,6476876,2019-01-20 23:22:42,,0.0,0.0,0,,0.0,0.0,0.0,9
0,[],23,[],2019-01-20 23:22:48,0.0,0,0,6476878,2019-01-20 23:22:48,,0.0,0.0,0,,0.0,0.0,0.0,9
1,[],1,[],2019-02-17 23:31:42,1822507.21,0.00000181000000000000003456111265232042484285557293333113193511962890625,0.000000000066086901,6701244,2019-02-17 23:31:42,btc,3.6990969245,17153386.5,0.00000181000000000000003456111265232042484285557293333113193511962890625,btc,1997391.71,31.11772986,3.2610482446,9
1,[],4,[],2019-02-17 11:22:43,4341674.27126056,0.00000002,0.0000000000007272960000000001,6696112,2019-02-17 11:22:43,btc,0.1997230937751353,0.0,0.00000002,btc,4109766.79808031,0.00215132,0.0479381022052112,10
1,[],4,[],2019-05-09 06:46:35,8528708.18293755,0.00000086,0.000000000052356456000000003,7590987,2019-05-09 06:46:35,btc,7.147779774685043,0.0,0.00000086,btc,5198287.11250773,1.01584693,3.250442087310329,12
1,[],5,[],2019-05-09 06:46:36,0.0,0,0,7590988,2019-05-09 06:46:36,btc,0.0,0.1333087,0,btc,0.0,0.0,0.0,12
0.0,[],25,[],2019-05-09 06:46:37,0.0,0,0,7590989,2019-05-09 06:46:37,,0.0,0.0,0.0,btc,0.0,0.0,0.0,12
0,[],2,[],2019-01-20 23:23:08,0.0,0,0,6476890,2019-01-20 23:23:08,,0.0,0.0,0,,0.0,0.0,0.0,12
1,[],4,[],2019-05-09 06:46:38,32043668.86832592,0.00000636,0.000000000387194256,7590990,2019-05-09 06:46:38,btc,2.8599894333269984,0.0,0.00000636,btc,333713.95836417,0.6154156,1.1351728410414148,13
1,[],10,[],2019-05-09 06:46:40,541245.46593846,0.00000622,0.000000000378671112,7590991,2019-05-09 06:46:40,btc,666793.5651072726,6591.17044693,0.00000622,btc,743354.57712957,0.0,0.4655737108589378,13
1,[],21,[],2019-05-09 06:46:42,4062921.3807152,0.000006499999999999999599983608461,0.0000000003957174,7590992,2019-05-09 06:46:42,btc,9.608249605366705,644405.31918202,0.0000064999999999999995999836084614731390729502891190350055694580078125,btc,1246978.66672813,4.117603,20.397352433458636,13
1,[],4,[],2019-05-09 06:46:43,1060038.90578104,0.00000089,0.000000000054182844,7590993,2019-05-09 06:46:43,btc,6.315110888267032,0.0,0.00000089,btc,1265687.84501346,0.02519625,0.1875301867291645,14
1,[],12,[],2019-05-09 06:46:43,255031.51623356,0.00000085,0.00000000005174766,7590994,2019-05-09 06:46:43,btc,0.1182541613952208,0.0,0.00000085,btc,14579.91059467,0.0011539968531507,0.028523689999973602,14
1,[],26,[],2019-05-09 06:46:44,0.0,0.00000050,0.0000000000304398,7590995,2019-05-09 06:46:44,btc,0.0,0.0,0.00000050,btc,0.0,0.0,0.0,14
0,[],17,[],2019-05-03 00:53:32,0.0,0,0,7558876,2019-05-03 00:53:32,btc,0.0,0.0,0,btc,0.0,0.0,0.0,14
0,[],4,[],2019-05-09 06:46:45,0.0,0,0,7590996,2019-05-09 06:46:45,,0.0,0.0,0,,0.0,0.0,0.0,15
,[],12,[],2018-12-01 15:15:48,204241.84496,0.00000489,0.000000000202473384,5260204,2018-12-01 15:15:48,btc,49.5475654835,0.0,,btc,35763.2193806,0.0163153972027625,0.0203389899998,15
1,[],4,[],2019-05-09 06:46:47,29821.37043626,0.00001297,0.0000000007896084120000001,7590997,2019-05-09 06:46:47,btc,1.1120938454076235,0.0,0.00001297,btc,14449.89720544,0.01376945,0.0878114327400726,18
1,[],10,[],2019-05-09 06:46:49,167712.59479739,0.00001373,0.0000000008358769080000001,7590998,2019-05-09 06:46:49,btc,15.891046996962132,4920.01774496,0.00001373,btc,35051.64307479,0.0,0.4941684017006174,18
1,[],12,[],2019-05-09 06:46:50,222145.9039962,0.000013410000000000000356672157086901364664299762807786464691162109375,0.0000000008163954360000001,7590999,2019-05-09 06:46:50,btc,33215.31901141957,0.0,0.000013410000000000000356672157086901364664299762807786464691162109375,btc,1147.22548086,6.6820863368e-05,0.0127677832365865,18
0,[],2,[],2019-01-20 23:23:38,0.0,0,0,6476906,2019-01-20 23:23:38,,0.0,0.0,0,,0.0,0.0,0.0,18
0,[],17,[],2019-05-03 00:53:39,0.0,0,0,7558882,2019-05-03 00:53:39,btc,0.0,0.0,0,btc,0.0,0.0,0.0,18
1,[],3,[],2019-05-09 06:46:51,157744.17435590216,0.000011559999999999999434536525344530133452281006611883640289306640625,0.000000000703768176,7591000,2019-05-09 06:46:51,btc,0.2645921497143669,877.526669329,0.000011559999999999999434536525344530133452281006611883640289306640625,btc,7252.566877867577,0.0,0.04845923371454599,19
1,[],4,[],2019-05-09 06:46:52,453012.65355276,0.00001580,0.00000000096189768,7591001,2019-05-09 06:46:52,btc,3.826566782119815,0.0,0.00001580,btc,126399.87557396,0.54741079,1.1738876118641255,19
1,[],5,[],2019-05-09 06:46:53,0.0,0,0,7591002,2019-05-09 06:46:53,btc,0.0,0.00131725,0,btc,0.0,0.0,0.0,19
1,[],12,[],2019-05-09 06:46:54,199339.85264744,0.000012710000000000000282469360401993441200829693116247653961181640625,0.000000000773779716,7591003,2019-05-09 06:46:54,btc,0.2958107745109028,0.0,0.000012710000000000000282469360401993441200829693116247653961181640625,btc,2936.49809387,0.0025837525028133,0.0867567999995834,19
1,[],27,[],2019-05-09 06:47:01,100.0,0.0000001,0.00000000000608796,7591004,2019-05-09 06:47:01,btc,0.0,0.0,0.0000001,btc,0.0,0.0,1e-05,19
0,[],2,[],2019-01-20 23:24:19,0.0,0,0,6476924,2019-01-20 23:24:19,,0.0,0.0,0,,0.0,0.0,0.0,19
1,[],4,[],2019-05-09 06:38:01,1882886.5639782,0.00000010,0.00000000000608049,7590865,2019-05-09 06:38:01,btc,5.278198518963886,0.0,0.00000010,btc,2270853.61928751,0.00084166,0.0656393342347632,20
1,[],4,[],2019-05-09 06:47:02,75202889.98118357,0.00000001,0.000000000000608796,7591005,2019-05-09 06:47:02,btc,39180.6898273285,0.0,0.00000001,btc,55236529.48986641,0.00098099,0.7520288998118358,21
1,[],12,[],2019-05-09 06:47:03,5289036.0,0.00000001,0.000000000000608796,7591006,2019-05-09 06:47:03,btc,2895.662019010819,0.0,0.00000001,btc,7236925.79820176,0.00053292001998,0.052890360000000004,21
0,[],17,[],2019-05-03 00:53:51,0.0,0,0,7558891,2019-05-03 00:53:51,btc,0.0,0.0,0,btc,0.0,0.0,0.0,21
1,[],12,[],2019-05-09 06:47:05,9032039791.808,0.0000000005,0.000000000000030439800000000005,7591007,2019-05-09 06:47:05,btc,311119451440.37244,0.0,0.0000000005,btc,2779647838.0833216,0.12834066424175827,2.331290517304,23
0.0000000002795273,[],27,[],2019-05-09 06:47:12,23890076.0,5.5905459999999995e-18,3.403502042616e-22,7591008,2019-05-09 06:47:12,eth,10182.646460626513,874192970.0,0.00000002,eth,4717677.6944,4.88721601166162e-09,1.08543919523793e-10,23
1,[],4,[],2019-05-09 06:47:13,815065.878029,0.00000034,0.000000000020699064,7591009,2019-05-09 06:47:13,btc,14.034933775622898,0.0,0.00000034,btc,2079351.56468928,0.12894471,0.0924801833579963,24
1,[],22,[],2019-05-09 06:47:16,1021.76,0.00000100,0.0000000000608796,7591010,2019-05-09 06:47:16,BTC,7.415e-05,0.0,0.00000100,BTC,23.919354838709676,0.0,0.00011186,24
0.0,[],25,[],2019-05-09 06:47:17,0.0,0,0,7591011,2019-05-09 06:47:17,,0.0,0.0,0.0,btc,0.0,0.0,0.0,24
1,[],4,[],2019-05-09 06:47:18,26959515.91666589,0.00000516,0.000000000314138736,7591012,2019-05-09 06:47:18,btc,11.618218137403884,0.0,0.00000516,btc,317358.17436288,0.0817674,0.5556468468151298,26
1,[],10,[],2019-05-09 06:47:20,117479.56664008,0.00000852,0.000000000518694192,7591013,2019-05-09 06:47:20,btc,25.864825694297945,2844.28655692,0.00000852,btc,20006.96842861,0.0,0.0669973061004436,26
0,[],2,[],2019-01-20 23:25:56,0.0,0,0,6476976,2019-01-20 23:25:56,,0.0,0.0,0,,0.0,0.0,0.0,26
1,[],11,[],2019-04-30 04:16:17,7094566.83690364,0.00000006,0.000000000003115554,7518027,2019-04-30 04:16:17,btc,67504.138725751,6116.07566417,0.00000006,btc,6591680.7351637,0.0,0.38529422037817224,27
1,[],5,[],2019-04-26 09:47:06,0.0,0,0,7465326,2019-04-26 09:47:06,btc,0.0,0.0,0,btc,0.0,0.0,0.0,27
1,[],3,[],2019-04-28 02:38:55,141621.60361514,0.00000001,0.0000000000005253330000000001,7491060,2019-04-28 02:38:55,btc,2.501704004580372,921815.184511,0.00000001,btc,21091882.2176418,0.0,0.0014162160361513999,27
1,[],4,[],2019-05-09 06:47:22,1484350706.7697992,0.00000001,0.000000000000608796,7591014,2019-05-09 06:47:22,btc,5.646531302700045,0.0,0.00000001,"btc,ltc",314768983.5690816,0.60233645,9.168133711671544,29
1,[],7,[],2019-05-09 06:47:24,112858448.2164338,0.00000001,0.000000000000608796,7591015,2019-05-09 06:47:24,btc,46550610.513767175,163968.569431,0.00000001,btc,32820117.33227049,0.00327937,1.128584482164338,29
1,[],4,[],2019-05-09 06:47:26,1697308.8709739,0.00000013,0.000000000007914348000000001,7591016,2019-05-09 06:47:26,btc,2.8578979031845626,0.0,0.00000013,btc,2538468.83395023,0.01687489,0.0545988749446512,30
0,[],17,[],2019-05-03 01:11:25,0.0,0,0,7559066,2019-05-03 01:11:25,btc,0.0,0.0,0,btc,0.0,0.0,0.0,30
1,[],4,[],2019-05-09 06:47:27,213234.54963722,0.00005835,0.00000000355232466,7591017,2019-05-09 06:47:27,btc,6.283800820693251,0.0,0.00005835,btc,59894.59182285,0.82261762,0.6475097153726355,31
1,[],21,[],2019-05-09 06:47:28,101885.15430957,0.00005779000000000000065655814119,0.000000003518232084,7591018,2019-05-09 06:47:28,btc,1.9191362584849472,214589.50750558,0.0000577900000000000006565581411877019490930251777172088623046875,btc,29826.52145787,13.06603434,5.379315884311682,31
0,[],2,[],2019-01-20 23:28:43,0.0,0,0,6477009,2019-01-20 23:28:43,,0.0,0.0,0,,0.0,0.0,0.0,32
0,[],4,[],2019-05-09 06:29:18,0.0,0,0,7590729,2019-05-09 06:29:18,,0.0,0.0,0,,0.0,0.0,0.0,33
1,[],12,[],2019-03-30 07:55:10,40641173.964,0.00000003,0.000000000001228359,7108785,2019-03-30 07:55:10,btc,4233210.82356125,0.0,0.00000003,btc,28378394.68333462,0.0126927883965248,0.90752895892,33
0,[],4,[],2019-05-09 06:38:28,0.0,0,0,7590878,2019-05-09 06:38:28,,3.738797555627923,0.0,0,,151181064.8625481,0.0,0.0,34
1,[],5,[],2019-05-09 06:38:29,0.0,0,0,7590879,2019-05-09 06:38:29,btc,0.0,0.00296702,0,btc,0.0,0.0,0.0,34
0.000000000133684,[],4,[],2019-05-02 18:17:45,3384239970.6360936,1.3368400000000002e-18,7.293946092400001e-23,7556428,2019-05-02 18:17:45,ltc,5.381102735485169e-08,0.0,0.00000001,ltc,6862894551.7408495,0.0,4.524187362345155e-09,36
1,[],5,[],2019-05-02 18:17:46,0.0,0,0,7556429,2019-05-02 18:17:46,btc,0.0,0.0,0,btc,0.0,0.0,0.0,36
0.0000000002926451,[],17,[],2019-05-02 18:17:47,200000.0,2.9264510000000002e-18,1.596703856561e-22,7556430,2019-05-02 18:17:47,eth,0.20942468735267253,0.0,0.00000001,"btc,eth",1018272.20243647,0.0,5.852902e-13,36
0.000000000133684,[],27,[],2019-05-02 18:17:55,7883196.008,1.3368400000000002e-18,7.293946092400001e-23,7556431,2019-05-02 18:17:55,ltc,25567.4086131264,0.0,0.00000001,"ltc,eth",21753551.64,0.0,1.0538571751334722e-11,36
1,[],4,[],2019-05-09 06:47:29,418116.68873457,0.00000025,0.0000000000152199,7591019,2019-05-09 06:47:29,btc,19772.896053101205,0.0,0.00000025,btc,998389.39636836,0.01250025,0.0580021597533365,37
1,[],12,[],2019-05-09 06:47:30,1084046.74223065,0.00000025,0.0000000000152199,7591020,2019-05-09 06:47:30,btc,61604.966348301336,0.0,0.00000025,btc,554569.81322652,0.0450106231688677,0.1118261835794962,37
1,[],27,[],2019-05-09 06:47:37,1600.0,0.00000015,0.00000000000913194,7591021,2019-05-09 06:47:37,btc,24.12824334291843,0.0,0.00000015,btc,5839.49448498,0.0,3e-05,37
1,[],17,[],2019-05-03 01:11:36,211752.74075282,0.00000025,0.000000000013700074999999998,7559074,2019-05-03 01:11:36,btc,0.055484923955058496,0.0,0.00000025,"btc,eth",1387.19918473,0.0,0.0005381851887916605,37
1,[],5,[],2019-05-09 06:47:39,0.0,0,0,7591022,2019-05-09 06:47:39,btc,0.0,0.01443499,0,btc,0.0,0.0,0.0,42
1,[],12,[],2019-05-09 06:47:39,390933.51427466,0.0000020300000000000000457815209353729102303987019695341587066650390625,0.000000000123585588,7591023,2019-05-09 06:47:39,btc,1222239.0116367429,0.0,0.0000020300000000000000457815209353729102303987019695341587066650390625,btc,82314.01854246,0.3035057277042715,0.1112894398030085,42
1,[],27,[],2019-05-09 06:47:46,506.0,0.00000100,0.0000000000608796,7591024,2019-05-09 06:47:46,btc,1.80904801871465,0.0027843,0.00000100,"btc,eth",2429.32652545,7e-08,0.00010000000057767112,42
1,[],12,[],2019-03-13 09:13:29,1112112.0,0.00000001,0.000000000000386531,6919902,2019-03-13 09:13:29,btc,29058.00478931866,0.0,0.00000001,btc,5967681.93306694,9.99000999e-07,0.01112112,43
1,[],5,[],2019-04-26 22:38:52,0.0,0,0,7474154,2019-04-26 22:38:52,btc,0.0,0.02638891,0,btc,0.0,0.0,0.0,43
0,[],17,[],2019-04-26 22:38:53,0.0,0,0,7474155,2019-04-26 22:38:53,btc,0.0,0.0,0,btc,0.0,0.0,0.0,43
1,[],12,[],2019-03-05 01:54:08,639326.02,0.00000004,0.000000000001486676,6845775,2019-03-05 01:54:08,btc,11116042.728239931,0.0,0.00000004,btc,1103841.4595604,0.0003330765234764,0.014975410599999999,44
1,[],4,[],2019-05-09 06:47:47,131627836.57948934,0.00000001,0.000000000000608796,7591025,2019-05-09 06:47:47,btc,436.8395222913654,0.0,0.00000001,"btc,ltc",23260908.99584506,0.004767,0.2875419000958498,49
0.0000000001223469,[],4,[],2019-05-09 06:38:44,77052398.42948174,8.1972423e-17,4.9843249832727e-21,7590884,2019-05-09 06:38:44,ltc,21614.60546339606,0.0,0.00000067,ltc,98943451.92359783,0.0,1.849070375427924e-09,52
0,[],22,[],2019-05-09 06:47:49,0.0,0,0,7591026,2019-05-09 06:47:49,,10304.87709543,0.0,0,,310505736.4566013,0.0,0.0,57
0.0000000002795273,[],27,[],2019-05-09 06:47:57,10000.0,2.7952729999999998e-18,1.701751021308e-22,7591027,2019-05-09 06:47:57,eth,0.0,0.0,0.00000001,"btc,eth",0.0,0.0,2.7952729999999998e-14,57
1,[],17,[],2019-05-03 01:12:09,1200000.0,0.0000000001,0.00000000000000548003,7559085,2019-05-03 01:12:09,btc,1e+24,0.0,0.0000000001,"btc,eth",39516342.31952568,0.0,0.00010000000058666061,58
0.0000000001223469,[],4,[],2019-05-09 06:38:57,1071903079.1705447,1.223469e-18,7.43929101981e-23,7590887,2019-05-09 06:38:57,ltc,19.111262072872137,0.0,0.00000001,ltc,5389881227.807307,0.0,1.3114401883697072e-09,58
1,[],12,[],2019-05-09 06:38:58,1589885078.0,0.0000000001,0.00000000000000608049,7590888,2019-05-09 06:38:58,btc,11897162.850939984,0.0,0.0000000001,btc,4370361306.534466,0.003464646378721272,0.1589885078,58
0.0000000001104501,[],22,[],2019-05-09 06:39:03,137438.0,1.1045009999999999e-18,6.71590728549e-23,7590889,2019-05-09 06:39:03,XMR,69.17854956,0.0,0.00000001,XMR,9877516.6,0.0,0.00137438,58
1,[],5,[],2019-05-09 06:39:04,0.0,0,0,7590890,2019-05-09 06:39:04,btc,0.0,2.063e-05,0,btc,0.0,0.0,0.0,61
1,[],22,[],2019-05-09 06:39:08,13613.833333333334,0.00000012,0.000000000007296588,7590891,2019-05-09 06:39:08,BTC,1002.29626883,0.0,0.00000012,BTC,15392.180177125656,0.0,0.00153269,61
1,[],26,[],2019-05-09 06:39:08,0.0,0.00000100,0.0000000000608049,7590892,2019-05-09 06:39:08,btc,0.0,0.0,0.00000100,btc,0.0,0.0,0.0,61
0.0000000002794092,[],27,[],2019-05-09 06:39:16,100000.0,2.794092e-18,1.698944846508e-22,7590893,2019-05-09 06:39:16,eth,1.9482732497246655,0.0,0.00000001,"btc,eth",13266.51663696,0.0,2.794092e-13,61
1,[],28,[],2019-05-09 06:40:24,1039.304,0.00000008,0.0000000000048643919999999996,7590894,2019-05-09 06:40:24,btc,2.056501795415105,818.0,0.00000008,btc,10022.46650005,0.0,2.439304e-05,61
1,[],4,[],2019-05-09 06:40:25,1238059.70793442,0.00000102,0.000000000062020998,7590895,2019-05-09 06:40:25,btc,1.9680359054679348,0.0,0.00000102,btc,646899.72291502,0.0524929,0.8138135099345968,67
0.0,[],25,[],2019-05-09 06:40:26,0.0,0,0,7590896,2019-05-09 06:40:26,,0.0,0.0,0.0,btc,0.0,0.0,0.0,67
1,[],12,[],2019-05-09 06:40:28,646747.33333333,0.00000016,0.000000000009728784,7590897,2019-05-09 06:40:28,btc,55556348.2530313,0.0,0.00000016,btc,1507920.08493944,0.0113696445854152,0.0233499099999996,71
,[],5,[],2018-11-20 23:02:39,1.5e-07,0.00000005,0.000000000002128045,4862160,2018-11-20 23:02:39,btc,2.84511358,0.0,,btc,0.00036572,0.0,0.07381892,74
1,[],5,[],2019-05-09 06:40:29,0.0,0,0,7590898,2019-05-09 06:40:29,btc,0.0,0.00674329,0,btc,0.0,0.0,0.0,75
0,[],20,[],2019-01-25 09:30:31,0.0,0,0,6495923,2019-01-25 09:30:31,btc,0.0,0.0,0,btc,0.0,0.0,0.0,81
0,[],4,[],2019-05-09 06:40:30,0.0,0,0,7590899,2019-05-09 06:40:30,,133697.76781629087,0.0,0,,35148991.36623591,0.0,0.0,81
1,[],4,[],2019-05-09 06:40:32,28929.494298,0.00006859,0.000000004170608091,7590900,2019-05-09 06:40:32,btc,18.623318137687956,0.0,0.00006859,btc,25409.10026571,0.85130864,0.408364067399748,82
1,[],21,[],2019-05-09 06:40:33,3254206.24682542,0.00006501000000000000268035593720,0.000000003952926549,7590901,2019-05-09 06:40:33,btc,3.2539582484447607,21068.9237135,0.000065010000000000002680355937201284177717752754688262939453125,btc,42813.48530324,1.39096528,1.8077097721014317,82
0,[],17,[],2019-03-25 22:42:34,0.0,0,0,7038780,2019-03-25 22:42:34,btc,0.0445064681804024,0.0,0,btc,995513.18476001,0.0,0.0,84
0.00000000013644,[],4,[],2019-05-01 19:17:39,299701867.376,1.3644e-18,7.259508504e-23,7542161,2019-05-01 19:17:39,ltc,1.6769037726995486,0.0,0.00000001,ltc,427823536.87452894,0.00010978,4.089132278478144e-10,85
,[],22,[],2018-11-20 23:09:34,3408.1,0.0000001,0.0000000000041895,4862324,2018-11-20 23:09:34,BTC,0.04624735,0.0,,BTC,4990.0,0.0,0.00033081,86
1,[],22,[],2019-05-09 06:40:38,89999.0,0.00000001,0.0000000000006080489999999999,7590902,2019-05-09 06:40:38,BTC,3.66432991,0.0,0.00000001,BTC,332904.29736842104,0.0,0.00089999,87
1,[],27,[],2019-05-09 06:40:50,10674.0,0.00000001,0.0000000000006080489999999999,7590903,2019-05-09 06:40:50,btc,4.960708560736,0.0,0.00000001,btc,10217.62841,0.0,0.00010674,87
,[],2,[],2018-11-20 23:10:47,0.0,0,0,4862359,2018-11-20 23:10:47,,0.0,0.0,,,0.0,0.0,0.0,88
1,[],11,[],2019-05-09 06:40:52,83319.90041122,0.000144059999999999999685529328274924409925006330013275146484375,0.000000008759553894,7590904,2019-05-09 06:40:52,btc,171.26180172538886,126.69091872,0.000144059999999999999685529328274924409925006330013275146484375,btc,173621.52605774,0.0,5.086599274858665,89
0,[],2,[],2019-01-20 23:31:45,0.0,0,0,6477083,2019-01-20 23:31:45,,0.0,0.0,0,,0.0,0.0,0.0,91
0,[],17,[],2019-05-03 01:12:26,0.0,0,0,7559096,2019-05-03 01:12:26,btc,0.0,0.0,0,btc,0.0,0.0,0.0,91
1,[],12,[],2019-05-09 06:40:53,430898.4379788,0.00000066,0.000000000040131234,7590905,2019-05-09 06:40:53,btc,89.71235342682839,0.0,0.00000066,btc,165217.78899308,0.002974376743212,0.0417214311999624,91
1,[],22,[],2019-05-09 06:40:58,76014.0,0.0000008,0.00000000004864392,7590906,2019-05-09 06:40:58,BTC,0.1,0.0,0.0000008,"BTC,LTC",1.0,0.0,0.0017135,91
1,[],22,[],2019-04-09 20:17:52,374949.73333333334,0.00000015,0.000000000007771935,7235704,2019-04-09 20:17:52,BTC,6.87372503,0.0,0.00000015,"BTC,LTC",159980.01196797504,1.1e-05,0.80510266,95
0.00000000012233920000000002,[],4,[],2019-05-09 06:30:52,553508174.73404,8.3190656e-17,5.057209892633601e-21,7590762,2019-05-09 06:30:52,ltc,11.343171723241465,0.0,0.00000068,ltc,130271219.8410795,0.01430417,1.7687191412479746e-09,96
0,[],12,[],2019-05-09 06:30:54,0.0,0,0,7590763,2019-05-09 06:30:54,btc,25054.263254503618,0.0,0,btc,6795307.18081917,0.0010602873026973,0.0,96
0,[],17,[],2019-05-03 01:12:32,0.0,0,0,7559100,2019-05-03 01:12:32,btc,0.0,0.0,0,btc,0.0,0.0,0.0,96
1,[],4,[],2019-04-14 03:32:46,1039404.33283278,0.00000038,0.000000000019245518,7293458,2019-04-14 03:32:46,btc,4.170086055365747,0.0,0.00000038,btc,3097704.34561074,0.06260606,0.1859928211030784,99
0,[],2,[],2019-01-20 23:23:55,0.0,0,0,6476914,2019-01-20 23:23:55,,0.0,0.0,0,,0.0,0.0,0.0,100
1,[],4,[],2019-05-09 06:40:59,373544.99917774,0.00003464,0.000000002106281736,7590907,2019-05-09 06:40:59,btc,6.96683760309248,0.0,0.00003464,btc,121119.55110085,0.33327212,1.0148429520401172,100
1,[],22,[],2019-05-09 06:41:03,130000.0,0.00000001,0.0000000000006080489999999999,7590908,2019-05-09 06:41:03,BTC,24.83526409,0.0,0.00000001,BTC,11187.719,0.0,0.0013,101
1,[],4,[],2019-05-09 06:41:04,592428.96598012,0.00000483,0.00000000029368766699999997,7590909,2019-05-09 06:41:04,btc,252.06073213125512,0.0,0.00000483,btc,432254.30825718,3.13508903,0.6747645269901535,103
1,[],12,[],2019-05-09 06:41:07,108582493.51292,0.000000005,0.0000000000003040245,7590910,2019-05-09 06:41:07,btc,468525213.31081885,0.0,0.000000005,btc,108645871.22977424,0.04123622908814273,0.20496021171276002,105
1,[],27,[],2019-05-09 06:41:21,11865.0,0.00000001,0.0000000000006080489999999999,7590911,2019-05-09 06:41:21,btc,0.0689357688051137,111.0,0.00000001,btc,864584.59450753,1.11e-06,0.00011865,105
1,[],22,[],2019-04-21 00:17:26,21333.0,0.00000001,0.000000000000532493,7385819,2019-04-21 00:17:26,BTC,51.38182867,0.0,0.00000001,BTC,470435.0,0.0,0.00021333,107
1,[],26,[],2019-04-21 00:17:26,0.0,0.00000000,0,7385820,2019-04-21 00:17:26,btc,0.0,0.0,0.00000000,btc,0.0,0.0,0.0,107
1,[],5,[],2019-05-09 06:41:22,0.0,0,0,7590912,2019-05-09 06:41:22,btc,0.0,4e-07,0,btc,0.0,0.0,0.0,112
0,[],22,[],2019-05-09 06:41:25,0.0,0,0,7590913,2019-05-09 06:41:25,,2.79003697,0.0,0,,1380942.0833333333,0.0,0.0,112
1,[],27,[],2019-05-09 06:41:33,1.0,0.00000001,0.0000000000006080489999999999,7590914,2019-05-09 06:41:33,btc,1.25032588,0.0,0.00000001,"btc,eth",1819.0,0.0,1e-08,112
1,[],4,[],2019-05-09 06:41:35,328962.37316475,0.00000140,0.00000000008512686,7590915,2019-05-09 06:41:35,btc,4.776310406937661,0.0,0.00000140,btc,533364.47440872,0.08105828,0.1915008968768573,113
1,[],5,[],2019-05-09 06:41:37,0.0,0,0,7590916,2019-05-09 06:41:37,btc,0.0,0.00098395,0,btc,0.0,0.0,0.0,113
1,[],17,[],2019-04-26 02:17:47,162738.278,0.00000004,0.0000000000021069000000000002,7461287,2019-04-26 02:17:47,btc,1.3331140273775473,0.0,0.00000004,btc,51796.221,0.0,0.00230953112,116
0,[],27,[],2019-04-26 02:19:51,0.0,0,0,7461288,2019-04-26 02:19:51,,0.0,0.0,0,,0.0,0.0,0.0,116
1,[],4,[],2019-05-07 20:09:28,131822.85721655,0.00001022,0.00000000060230548,7572994,2019-05-07 20:09:28,btc,132.18460413545117,0.0,0.00001022,btc,268070.13193351,0.06918336,1.0489745103085106,120
1,[],7,[],2019-05-07 20:09:30,9501.79941055,0.000011699999999999999788190263583231853772304020822048187255859375,0.0000000006895277999999999,7572995,2019-05-07 20:09:30,btc,231185.88817567716,62.23644451,0.000011699999999999999788190263583231853772304020822048187255859375,btc,4076.97424313,0.00072692,0.018013380795019,120
1,[],20,[],2019-04-07 18:42:29,1914137.0852,0.000000035,0.0000000000017871910000000002,7211992,2019-04-07 18:42:29,btc,32.2497668025648,25528.85,0.000000035,btc,1001975.4986,0.00089350975,0.0152723574729,125
1,[],22,[],2019-05-09 06:41:40,110000.0,0.00000001,0.0000000000006080489999999999,7590917,2019-05-09 06:41:40,BTC,0.032061,0.0,0.00000001,BTC,299316.7611111111,0.0,0.0011,126
1,[],4,[],2019-05-09 06:41:41,1849944.31531266,0.00000841,0.000000000511369209,7590918,2019-05-09 06:41:41,btc,3.329098351697005,0.0,0.00000841,btc,162395.55215392,0.16044982,0.4161309445025935,131
0,[],2,[],2019-01-20 23:25:46,0.0,0,0,6476969,2019-01-20 23:25:46,,0.0,0.0,0,,0.0,0.0,0.0,131
1,[],17,[],2019-05-03 01:13:10,10000.0,0.00000001,0.000000000000548003,7559115,2019-05-03 01:13:10,btc,0.0953976503951408,0.0,0.00000001,btc,5037.62507334,0.0,0.0001,131
1,[],4,[],2019-05-09 06:41:44,4705.32032943,0.00012905,0.000000007846872345,7590919,2019-05-09 06:41:44,btc,6.011509940396978,0.0,0.00012905,btc,191.61415747,0.0,0.0074317379590845,135
1,[],3,[],2019-05-09 05:30:45,530498.0,0.00000001,0.000000000000609729,7590472,2019-05-09 05:30:45,btc,0.1029057631805504,129896.5,0.00000001,btc,1124104.34967245,0.0,0.00530498,136
1,[],4,[],2019-05-09 06:41:46,3527988.71157077,0.00000214,0.00000000013012248599999999,7590920,2019-05-09 06:41:46,btc,319.76175283849875,0.0,0.00000214,btc,533729.90082264,0.00348812,0.7107782643958269,137
1,[],12,[],2019-05-09 06:41:47,331301.58280084,0.0000020499999999999998542940700396730591137384180910885334014892578125,0.000000000124650045,7590921,2019-05-09 06:41:47,btc,48520.49979652085,0.0,0.0000020499999999999998542940700396730591137384180910885334014892578125,btc,40861.24329898,3.536774226e-05,0.0374789299999319,137
1,[],4,[],2019-05-09 06:31:38,48367.36753203,0.00003378,0.000000002053506468,7590779,2019-05-09 06:31:38,btc,5.162557706017239,0.0,0.00003378,btc,71249.9955124,0.51037608,0.3447340347065299,142
1,[],5,[],2019-05-09 06:31:40,0.0,0,0,7590780,2019-05-09 06:31:40,btc,0.0,0.16722567,0,btc,0.0,0.0,0.0,142
1,[],20,[],2019-05-09 06:31:42,167392.7899,0.00003401,0.0000000020674883060000002,7590781,2019-05-09 06:31:42,btc,1.7087664433938,0.0,0.00003401,btc,8218.5298,0.0,0.059670778759,142
1,[],22,[],2019-05-09 06:31:45,1370.0,0.00000200,0.0000000001215812,7590782,2019-05-09 06:31:45,BTC,3.2756588,0.0,0.00000200,BTC,1135.5948275773155,0.0,0.0003632,142
0.0,[],25,[],2019-05-09 06:31:46,0.0,0,0,7590783,2019-05-09 06:31:46,,0.0,0.0,0.0,btc,0.0,0.0,0.0,142
1,[],28,[],2019-05-09 06:31:49,79102.0,0.00003311,0.0000000020127767660000003,7590784,2019-05-09 06:31:49,btc,0.0632226924,233567.0,0.00003311,btc,611.87303,0.0,0.07347342,142
1,[],17,[],2019-05-03 01:13:16,32967.38636364,0.00000088,0.000000000048224264,7559122,2019-05-03 01:13:16,btc,20.06976206696776,0.0,0.00000088,btc,2746.079105,0.0,0.0105613000000032,142
0,[],22,[],2019-05-09 06:41:50,0.0,0,0,7590922,2019-05-09 06:41:50,,66.66505393,0.0,0,,938775805.8,0.0,0.0,143
0,[],22,[],2019-02-25 15:42:22,0.0,0,0,6783783,2019-02-25 15:42:22,,4.2131946,0.0,0,,2322156.0,0.0,0.0,146
,[],22,[],2018-11-20 23:01:11,0.0,0,0,4862114,2018-11-20 23:01:11,,2.56807021,0.0,,,61828.4988236,0.0,0.0,147
1,[],12,[],2019-04-21 06:38:04,193091.5971266,0.00000071,0.000000000037635183,7388679,2019-04-21 06:38:04,btc,2.301232411611175,0.0,0.00000071,btc,9957.48302385,0.00023528,0.0313308199999888,148
1,[],4,[],2019-03-19 21:31:25,255810.0415942,0.00000029,0.000000000011615747,6982695,2019-03-19 21:31:25,btc,218.94922712414143,0.0,0.00000029,btc,793529.37642722,0.00117,0.0608347789473395,152
0,[],22,[],2019-03-19 21:31:27,0.0,0,0,6982696,2019-03-19 21:31:27,,0.0,0.0,0,,0.0,0.0,0.0,152
1,[],5,[],2019-04-26 09:36:59,0.0,0,0,7465040,2019-04-26 09:36:59,btc,0.0,0.0,0,btc,0.0,0.0,0.0,153
,[],16,[],2019-01-11 15:38:59,0.0,0,0,6366141,2019-01-11 15:38:59,btc,0.0,0.0,,btc,0.0,0.0,0.0,155
0,[],22,[],2019-05-09 06:41:53,0.0,0,0,7590923,2019-05-09 06:41:53,,6.80191271,0.0,0,,4673448.342592592,0.0,0.0,156
0,[],23,[],2019-01-20 23:24:29,0.0,0,0,6476932,2019-01-20 23:24:29,,0.0,0.0,0,,0.0,0.0,0.0,156
1,[],22,[],2019-05-09 06:41:58,7066.0,0.00000800,0.0000000004864392,7590924,2019-05-09 06:41:58,BTC,1.79802465,0.0,0.00000800,BTC,802.6461988741639,0.0,0.00062996,157
0,[],22,[],2019-05-07 22:25:46,0.0,0,0,7574238,2019-05-07 22:25:46,,50234.60468402,0.0,0,,54786159.03179465,0.0,0.0,158
,[],17,[],2018-11-20 22:56:10,0.0,0,0,4861976,2018-11-20 22:56:10,btc,1.1265625,0.0,,btc,1000.0,0.0,0.0,159
,[],20,[],2018-11-20 22:56:12,0.0,0,0,4861977,2018-11-20 22:56:12,btc,11912.7940471,0.0,,btc,34413894.3617,0.0,0.0,159
1,[],12,[],2019-05-09 06:42:01,262979.06165961,0.00000391999999999999973790930363204410014077438972890377044677734375,0.00000000023835520799999997,7590925,2019-05-09 06:42:01,btc,23.169800523252675,0.0,0.00000391999999999999973790930363204410014077438972890377044677734375,btc,11507.35731562,0.002064806894234,0.049534949262949296,168
1,[],17,[],2019-05-03 01:13:36,42852.0,0.00000002,0.000000000001096006,7559132,2019-05-03 01:13:36,btc,0.04279856251542,0.0,0.00000002,btc,274.46171372,0.0,0.00052852,168
1,[],22,[],2019-05-07 03:57:18,743122.0,0.00000001,0.000000000000593596,7562020,2019-05-07 03:57:18,BTC,41.40912107,0.0,0.00000001,BTC,1593401.2737547632,0.00342649,0.00743122,169
1,[],22,[],2019-05-09 06:42:05,223990.0,0.0000001,0.00000000000608049,7590926,2019-05-09 06:42:05,BTC,26.86530385,0.0,0.0000001,BTC,443923.58201967884,0.00080556,0.0041408,171
1,[],22,[],2019-05-09 06:42:09,355923.2,0.0000001,0.00000000000608049,7590927,2019-05-09 06:42:09,BTC,823.6686221,0.0,0.0000001,"BTC,LTC",675920.8676736787,0.00018098,0.01373235,173
1,[],5,[],2019-05-06 19:49:32,0.0,0,0,7559281,2019-05-06 19:49:32,btc,0.0,0.00023336,0,btc,0.0,0.0,0.0,175
1,[],22,[],2019-05-09 06:42:13,90671.0,0.00000001,0.0000000000006080489999999999,7590928,2019-05-09 06:42:13,BTC,394.0276142,0.0,0.00000001,BTC,136275.61833431243,0.0,0.00090671,176
1,[],7,[],2019-05-09 06:42:15,0.0,0,0,7590929,2019-05-09 06:42:15,btc,520269.75238662463,53304.995005,0,btc,17823471.87403602,0.00053305,0.0,178
0,[],22,[],2019-05-09 06:42:17,0.0,0,0,7590930,2019-05-09 06:42:17,,1.00242428,0.0,0,,57512.0,0.0,0.0,178
0,[],2,[],2019-01-20 23:28:34,0.0,0,0,6477001,2019-01-20 23:28:34,,0.0,0.0,0,,0.0,0.0,0.0,178
1,[],5,[],2019-05-09 06:42:19,0.0,0,0,7590931,2019-05-09 06:42:19,btc,0.0,0.00208152,0,btc,0.0,0.0,0.0,179
1,[],22,[],2019-05-09 06:42:23,3039488.0,0.00000001,0.0000000000006080489999999999,7590932,2019-05-09 06:42:23,BTC,5.33219583,0.0,0.00000001,BTC,14002478.411946677,0.0,0.03039488,179
0,[],23,[],2019-01-20 23:25:08,0.0,0,0,6476952,2019-01-20 23:25:08,,0.0,0.0,0,,0.0,0.0,0.0,179
1,[],22,[],2019-05-09 06:42:28,647771.221048321,0.00000185,0.000000000112489065,7590933,2019-05-09 06:42:28,BTC,39.26976527,0.0,0.00000185,"BTC,LTC",46516.83904470899,0.24835252,0.56386174,180
1,[],26,[],2019-05-09 06:42:29,0.0,0.00000120,0.00000000007296588,7590934,2019-05-09 06:42:29,btc,0.0,0.0,0.00000120,btc,0.0,0.0,0.0,180
1,[],17,[],2019-05-03 01:13:56,20504.725000000002,0.0000001,0.00000000000548003,7559141,2019-05-03 01:13:56,btc,5.2010695838400265,0.0,0.0000001,btc,5033.45945,0.0,0.0011504725,180
,[],7,[],2018-11-20 22:58:01,562227.975654,0.00000085,0.000000000036176765,4862015,2018-11-20 22:58:01,btc,21836.6059674,2491.87645172,,btc,749999.041456,0.00211021,0.127565380455,183
,[],5,[],2019-01-10 08:11:41,0.0,0,0,6347036,2019-01-10 08:11:41,btc,82.15055501,0.00261,,btc,1.19002445,0.0,0.0,187
1,[],24,[],2019-04-30 17:34:05,0.0,0.000000000014,7.396256000000001e-16,7526291,2019-04-30 17:34:05,btc,0.0,0.0,0.000000000014,btc,0.0,0.0,0.0,187
,[],17,[],2018-11-16 20:58:10,4062536.27273,0.00000001,0.000000000000550501,4708775,2018-11-16 20:58:10,btc,3.36492563466,0.195460381006,,"btc,eth",110697919.549,0.0,0.0157628953496,187
0,[],22,[],2019-04-25 02:54:07,0.0,0,0,7447896,2019-04-25 02:54:07,,7.54794454,0.0,0,,76361.7243344055,0.0,0.0,191
0,[],22,[],2019-05-09 06:42:33,0.0,0,0,7590935,2019-05-09 06:42:33,,0.0,0.0,0,,0.0,0.0,0.0,197
0,[],23,[],2019-01-20 23:31:41,0.0,0,0,6477079,2019-01-20 23:31:41,,0.0,0.0,0,,0.0,0.0,0.0,199
0.0000000001223469,[],22,[],2019-05-09 06:42:38,54733331.0,2.446938e-18,1.487858203962e-22,7590936,2019-05-09 06:42:38,LTC,18.75588347,0.0,0.00000002,LTC,35265414.0,2.446938e-15,0.64066281,199
1,[],26,[],2019-05-09 06:42:38,0.0,0.00000000,0,7590937,2019-05-09 06:42:38,btc,0.0,0.0,0.00000000,btc,0.0,0.0,0.0,199
0,[],2,[],2019-01-20 23:30:49,0.0,0,0,6477059,2019-01-20 23:30:49,,0.0,0.0,0,,0.0,0.0,0.0,201
1,[],4,[],2019-01-25 15:51:35,2084389.58565343,0.00000936,0.000000000333526752,6499557,2019-01-25 15:51:35,btc,2.0092503037378524,0.0,0.00000936,btc,160195.80207885,0.19272417,1.242687955921835,211
1,[],7,[],2019-05-09 06:42:41,14411632.57137074,0.00000088,0.000000000053508312,7590938,2019-05-09 06:42:41,btc,15559118.288835356,112248.504807,0.00000088,btc,11498344.0875238,0.0,1.6155395155106451,212
1,[],5,[],2019-05-07 13:02:51,0.0,0,0,7566706,2019-05-07 13:02:51,btc,0.0,0.43032184,0,btc,0.0,0.0,0.0,213
1,[],24,[],2019-05-07 13:02:52,0.0,0.000000050000,0.000000000002968865,7566707,2019-05-07 13:02:52,btc,0.0,0.0,0.000000050000,btc,0.0,0.0,0.0,213
1,[],26,[],2019-05-07 13:02:52,0.0,0.00000040,0.00000000002375092,7566708,2019-05-07 13:02:52,btc,0.0,0.0,0.00000040,btc,0.0,0.0,0.0,213
1,[],12,[],2019-01-25 02:44:32,207462.42853209,0.000001080000000000000035831255497387193287295303889550268650054931640625,0.000000000038610756000000006,6493050,2019-01-25 02:44:32,btc,85023.03793723314,0.0,0.000001080000000000000035831255497387193287295303889550268650054931640625,btc,43675.73520027,0.000146250909087,0.0348620860622024,213
0,[],22,[],2019-05-09 06:42:44,0.0,0,0,7590939,2019-05-09 06:42:44,,9.57944616,0.0,0,,2240817.094064925,0.0,0.0,216
1,[],27,[],2019-05-09 06:42:58,26000.0,0.00000001,0.0000000000006080489999999999,7590940,2019-05-09 06:42:58,btc,62.4174192844,4596.0,0.00000001,"btc,ltc",168868.275,4.596e-05,0.00026,216
1,[],22,[],2019-05-09 06:43:01,302065.5058241118,0.00000131,0.000000000079654419,7590941,2019-05-09 06:43:01,BTC,12055.03821167,0.0,0.00000131,BTC,454255.4160542664,0.01892672,0.07123018,217
1,[],7,[],2019-05-09 06:43:02,0.0,0,0,7590942,2019-05-09 06:43:02,btc,111302.55947335159,0.0,0,btc,136862970.83745575,0.0,0.0,219
0,[],27,[],2019-05-09 06:43:08,0.0,0,0,7590943,2019-05-09 06:43:08,,0.05960067,0.0,0,btc,1692528.0,0.0,0.0,219
0.0000000000000043000000000000005,[],28,[],2019-05-09 06:44:00,487474352.014,2.58e-18,1.56876642e-22,7590944,2019-05-09 06:44:00,doge,3650139.8852695464,42791.6743,0.00060000,"btc,doge",45126614.3083,0.0,2.326169072291175e-11,219
1,[],22,[],2019-05-09 06:44:04,381170.0,0.00000004,0.0000000000024321959999999998,7590945,2019-05-09 06:44:04,BTC,56.7649867,0.0,0.00000004,BTC,131552.84827387411,0.0006812,0.0123008,221
1,[],24,[],2019-05-09 06:44:04,0.0,0.000000010000,0.0000000000006080489999999999,7590946,2019-05-09 06:44:04,btc,0.0,0.0,0.000000010000,btc,0.0,0.0,0.0,221
1,[],20,[],2019-05-09 06:44:06,17121599.6171,0.000000009,0.0000000000005472440999999999,7590947,2019-05-09 06:44:06,btc,100092.86816326622,341887.8181,0.000000009,btc,23102075.9048,0.0032607659991,0.0905423812478,224
0,[],22,[],2019-05-09 06:44:08,0.0,0,0,7590948,2019-05-09 06:44:08,,0.0,0.0,0,,0.0,0.0,0.0,224
1,[],26,[],2019-05-09 06:44:09,0.0,0.00000026,0.000000000015809274,7590949,2019-05-09 06:44:09,btc,0.0,0.0,0.00000026,btc,0.0,0.0,0.0,231
1,[],26,[],2019-05-09 06:44:09,0.0,0.00000005,0.000000000003040245,7590950,2019-05-09 06:44:09,btc,0.0,0.0,0.00000005,btc,0.0,0.0,0.0,234
0.0000000002794092,[],27,[],2019-05-09 06:44:22,10000.0,2.794092e-18,1.698944846508e-22,7590951,2019-05-09 06:44:22,eth,0.01134836604,0.0,0.00000001,"btc,eth",11462.996,0.0,2.794092e-14,234
1,[],4,[],2019-04-29 21:02:20,217188.93193785,0.00000080,0.00000000004151584,7514327,2019-04-29 21:02:20,btc,5.239800103892936,0.0,0.00000080,btc,797346.30008933,0.0,0.0590549781555679,236
1,[],24,[],2019-04-29 21:02:20,0.0,0.000000100000,0.00000000000518948,7514328,2019-04-29 21:02:20,btc,0.0,0.0,0.000000100000,btc,0.0,0.0,0.0,236
1,[],5,[],2019-05-06 20:53:15,0.0,0,0,7559637,2019-05-06 20:53:15,btc,0.0,0.20253514,0,btc,0.0,0.0,0.0,237
1,[],20,[],2019-05-06 20:53:18,38173217.6136,0.000000083,0.0000000000047460728,7559638,2019-05-06 20:53:18,btc,21342.514614200165,8832375.7238,0.000000083,btc,27701499.3386,0.7554403456107,1.3621107610479,237
1,[],22,[],2019-05-06 20:53:20,343938.0,0.00000009,0.000000000005146344,7559639,2019-05-06 20:53:20,BTC,1.20267422,0.0,0.00000009,BTC,17930.94871794872,0.0,0.01017442,237
1,[],4,[],2019-05-09 06:44:23,24739369.35797108,0.00000015,0.000000000009120735,7590952,2019-05-09 06:44:23,btc,3.366416656904678,0.0,0.00000015,btc,9232382.2668599,0.11371828,1.1400409576171264,238
1,[],5,[],2019-05-09 06:44:25,0.0,0,0,7590953,2019-05-09 06:44:25,btc,0.0,0.00531247,0,btc,0.0,0.0,0.0,238
0,[],22,[],2019-03-12 16:49:32,0.0,0,0,6914458,2019-03-12 16:49:32,,0.40415746,0.0,0,,526736.5639027493,0.0,0.0,249
0,[],22,[],2019-05-09 06:44:27,0.0,0,0,7590954,2019-05-09 06:44:27,,3.66371783,0.0,0,,30800729.985502645,0.0,0.0,252
1,[],28,[],2019-05-09 06:44:43,41587785.199,0.00000036,0.000000000021889764,7590955,2019-05-09 06:44:43,btc,43891.78878329672,166127.64,0.00000036,btc,2853406.7565,0.0,0.6133597971,256
1,[],22,[],2019-05-09 06:44:47,1088993.5,0.00000002,0.0000000000012160979999999999,7590956,2019-05-09 06:44:47,BTC,21.88116616,0.0,0.00000002,BTC,522884.63333384093,0.0,0.01124633,258
1,[],22,[],2019-03-13 00:07:30,47146.0,0.00000001,0.000000000000387233,6917028,2019-03-13 00:07:30,BTC,2.415167,0.0,0.00000001,BTC,157.0,0.0,0.00047146,259
1,[],5,[],2019-05-09 06:44:48,0.0,0,0,7590957,2019-05-09 06:44:48,btc,0.0,0.2457829,0,btc,0.0,0.0,0.0,264
1,[],20,[],2019-05-09 06:44:50,1290226.1033,0.0000006,0.00000000003648294,7590958,2019-05-09 06:44:50,btc,4.9352528332359,67513.776,0.0000006,btc,89960.8842,0.0831061496523,0.0220775064366,264
0,[],22,[],2019-04-12 17:57:27,0.0,0,0,7278186,2019-04-12 17:57:27,,66.37522201,0.0,0,,677842.4169881374,0.0,0.0,271
0,[],22,[],2019-05-09 06:44:52,0.0,0,0,7590959,2019-05-09 06:44:52,,33051802.3172899,0.0,0,,15696307799.7,0.0,0.0,272
0.0000000000000043000000000000005,[],28,[],2019-05-09 06:45:09,402789000665.5,9.46e-22,5.75214354e-26,7590960,2019-05-09 06:45:09,doge,26560043.884901863,36326069580.621,0.00000022,doge,365363950040.561,0.0,2.2719645206425701e-10,272
1,[],22,[],2019-05-09 06:45:12,171499.7,0.00000014,0.000000000008512686,7590961,2019-05-09 06:45:12,BTC,427.42495672,0.0,0.00000014,BTC,249705.37764460206,0.0,0.00967418,281
1,[],22,[],2019-05-09 06:45:17,610237.6,0.00000002,0.0000000000012160979999999999,7590962,2019-05-09 06:45:17,BTC,536.91121797,0.0,0.00000002,"BTC,LTC",598182.6256135202,0.00070818,0.01735607,286
0,[],22,[],2019-05-09 06:45:21,0.0,0,0,7590963,2019-05-09 06:45:21,,7337892.38050348,0.0,0,,1357674043.2797825,0.0,0.0,294
