pairValue,buyBook,exchangeId,sellBook,updated,buyTotal,satoshiPrice,usdPrice,exchangeLogId,created,bestPair,sellTotalBtc,volume,pairPrice,activePairs,sellTotal,volumeBtc,buyTotalBtc,coinId
1,[],3,[],2019-02-26 03:01:04,30538.86626319196,0.01251370000000000086426421574969936045818030834197998046875,0.0000004796851593600001,6788404,2019-02-26 03:01:04,btc,61.10574964625284,1.52541095774,0.01251370000000000086426421574969936045818030834197998046875,btc,24.828585725426002,0.0,0.2920266715344418,1
1,[],4,[],2019-02-26 03:01:05,302961.3705332,0.01254852,0.000000481019907456,6788405,2019-02-26 03:01:05,btc,9.151198121195018,0.0,0.01254852,btc,258.44012326,0.87851712,1.2397845191331176,1
1,[],5,[],2019-02-26 03:01:06,0.0,0,0,6788406,2019-02-26 03:01:06,btc,0.0,0.26552636,0,btc,0.0,0.0,0.0,1
1,[],10,[],2019-02-26 03:01:09,414702.38167011,0.01148268,0.00000044016327590400006,6788407,2019-02-26 03:01:09,btc,6522.39667222385,1705.06289643,0.01148268,btc,1019.88410657,0.0,5.613286243594949,1
1,[],12,[],2019-02-26 03:01:12,10446.01396614,0.0126999999999999994837462935493022087030112743377685546875,0.00000048682656,6788408,2019-02-26 03:01:12,btc,0.361400940123,0.0,0.0126999999999999994837462935493022087030112743377685546875,btc,19.62179966,0.0623592058485,0.4738961548697,1
1,[],20,[],2019-02-26 03:01:14,1150.0106,0.01051,0.00000040287772800000004,6788409,2019-02-26 03:01:14,btc,0.0669801503976,0.5296,0.01051,btc,3.0708,0.0058241091662,0.0871723776215,1
1,[],21,[],2019-02-26 03:01:15,2351.60438902,0.01256419999999999932704941585,0.00000048162096576,6788410,2019-02-26 03:01:15,btc,20.121760891633624,1930.99639159,0.01256419999999999932704941585370761458761990070343017578125,"btc,eth",1798.93050415,22.78739116598652,22.992439933682753,1
1,[],22,[],2019-02-26 03:01:19,0.0163776,0.01300000,0.0000004983264,6788411,2019-02-26 03:01:19,BTC,0.31423927,0.0,0.01300000,BTC,0.11751954901960784,0.0,0.00020972,1
1,[],24,[],2019-02-26 03:01:19,0.0,0.000000000000,0,6788412,2019-02-26 03:01:19,btc,0.0,0.0,0.000000000000,btc,0.0,0.0,0.0,1
0.0,[],25,[],2019-02-26 03:01:20,0.0,0,0,6788413,2019-02-26 03:01:20,btc,12.663199998238388,3163.49702822,0.0,btc,976.42467558,40.417,0.0,1
1,[],26,[],2019-02-26 03:01:21,0.0,0,0,6788414,2019-02-26 03:01:21,,0.0,0.0,0,,0.0,0.0,0.0,1
1,[],28,[],2019-02-26 03:01:23,993.21,0.01323000,0.000000507142944,6788415,2019-02-26 03:01:23,btc,0.162839806,18607.15,0.01323000,btc,8.9,0.0,0.090071836,1
0,[],2,[],2019-01-20 23:28:45,0.0,0,0,6477011,2019-01-20 23:28:45,,0.0,0.0,0,,0.0,0.0,0.0,1
1,[],5,[],2019-02-26 03:01:23,0.0,0,0,6788416,2019-02-26 03:01:23,btc,0.0,0.00535856,0,btc,0.0,0.0,0.0,2
0.00000000012519010000000002,[],22,[],2019-02-26 03:01:27,1148.0,1.3770911e-16,5.2787757718080006e-21,6788417,2019-02-26 03:01:27,XMR,21.01373823,0.0,0.00000110,XMR,14319.12581,0.0,0.00087635,2
1,[],5,[],2019-02-26 03:01:28,0.0,0,0,6788418,2019-02-26 03:01:28,btc,0.0,0.01514306,0,btc,0.0,0.0,0.0,3
1,[],12,[],2019-02-26 03:01:29,13356238.7058,0.000000172,0.0000000000065932416,6788419,2019-02-26 03:01:29,btc,924396.5148778391,0.0,0.000000172,btc,8062404.40343734,0.08908520334880261,0.6788159575975,3
0,[],28,[],2019-02-26 03:01:30,0.0,0,0,6788420,2019-02-26 03:01:30,,0.0,0.0,0,,0.0,0.0,0.0,3
0,[],2,[],2019-01-20 23:31:32,0.0,0,0,6477077,2019-01-20 23:31:32,,0.0,0.0,0,,0.0,0.0,0.0,4
1,[],4,[],2019-02-26 03:01:31,413218.65443734,0.00000032,0.000000000012266496000000002,6788421,2019-02-26 03:01:31,btc,31.60726349879894,0.0,0.00000032,btc,712028.52860333,0.00116851,0.0588997308328429,4
1,[],12,[],2019-02-22 14:50:14,1367032.5219999999,0.00000003,0.000000000001190475,6759350,2019-02-22 14:50:14,btc,11013869.583570713,0.0,0.00000003,btc,1211697.32371984,0.00024567976024,0.02065290044,5
0,[],2,[],2019-01-20 23:31:51,0.0,0,0,6477087,2019-01-20 23:31:51,,0.0,0.0,0,,0.0,0.0,0.0,6
1,[],11,[],2019-02-26 03:01:32,3252516.5,0.00000001,0.00000000000038332800000000005,6788422,2019-02-26 03:01:32,btc,9432.732904352813,50000.0,0.00000001,btc,41747117.57452957,0.0,0.032525165,6
1,[],3,[],2019-02-26 03:01:33,1091.857220066689,0.00015102999999999999563259078794175138682476244866847991943359375,0.000000005789402784,6788423,2019-02-26 03:01:33,btc,27.605796873748474,0.0,0.00015102999999999999563259078794175138682476244866847991943359375,btc,249.144760639695,0.0,0.03419745781762677,7
1,[],4,[],2019-02-26 03:01:34,96618.64191467,0.00023711,0.000000009089090208000001,6788424,2019-02-26 03:01:34,btc,12.63635265005966,0.0,0.00023711,btc,40705.6873406,2.67830545,5.4040484910287,7
1,[],5,[],2019-02-26 03:01:34,0.0,0,0,6788425,2019-02-26 03:01:34,btc,0.0,0.81033541,0,btc,0.0,0.0,0.0,7
1,[],20,[],2019-02-20 02:16:17,39399275.8418,0.000000001,0.0000000000000390183,6728586,2019-02-20 02:16:17,btc,116.9737569154545,525.0,0.000000001,btc,56932965.8895,5.25e-07,0.0393992758418,8
1,[],4,[],2019-02-26 03:01:36,2178280.2454473,0.00000190,0.00000000007283232,6788426,2019-02-26 03:01:36,btc,4.929672286411648,0.0,0.00000190,btc,1793860.14650601,4.7516294,1.1692995670652435,9
1,[],28,[],2019-02-26 03:01:38,50365.0,0.00000185,0.00000000007091568,6788427,2019-02-26 03:01:38,btc,2708.76239652,3630272.81,0.00000185,btc,12076.33,0.0,0.05600435,9
0,[],2,[],2019-01-20 23:22:42,0.0,0,0,6476876,2019-01-20 23:22:42,,0.0,0.0,0,,0.0,0.0,0.0,9
0,[],23,[],2019-01-20 23:22:48,0.0,0,0,6476878,2019-01-20 23:22:48,,0.0,0.0,0,,0.0,0.0,0.0,9
1,[],1,[],2019-02-17 23:31:42,1822507.21,0.00000181000000000000003456111265232042484285557293333113193511962890625,0.000000000066086901,6701244,2019-02-17 23:31:42,btc,3.6990969245,17153386.5,0.00000181000000000000003456111265232042484285557293333113193511962890625,btc,1997391.71,31.11772986,3.2610482446,9
1,[],4,[],2019-02-17 11:22:43,4341674.27126056,0.00000002,0.0000000000007272960000000001,6696112,2019-02-17 11:22:43,btc,0.1997230937751353,0.0,0.00000002,btc,4109766.79808031,0.00215132,0.0479381022052112,10
1,[],4,[],2019-02-26 03:01:38,3119672.81017053,0.00000127,0.000000000048682656,6788428,2019-02-26 03:01:38,btc,11.63531907560251,0.0,0.00000127,btc,6052522.82880835,2.0099365,1.4730413563347347,12
1,[],5,[],2019-02-26 03:01:40,0.0,0,0,6788429,2019-02-26 03:01:40,btc,0.0,0.33837224,0,btc,0.0,0.0,0.0,12
0.0,[],25,[],2019-02-26 03:01:41,0.0,0,0,6788430,2019-02-26 03:01:41,,0.0,0.0,0.0,btc,0.0,0.0,0.0,12
0,[],2,[],2019-01-20 23:23:08,0.0,0,0,6476890,2019-01-20 23:23:08,,0.0,0.0,0,,0.0,0.0,0.0,12
1,[],10,[],2019-02-25 23:45:04,472762.8377719,0.00000529,0.000000000202422908,6787103,2019-02-25 23:45:04,btc,666802.5960722145,11202.3907723,0.00000529,btc,743463.44919237,0.0,0.2783761734476166,13
1,[],4,[],2019-02-26 03:01:42,1166924.83337515,0.00000558,0.00000000021389702400000002,6788431,2019-02-26 03:01:42,btc,3.1538610811637424,0.0,0.00000558,btc,443125.56757484,0.68633436,0.4155494414460745,13
1,[],21,[],2019-02-26 03:01:45,584622.17027903,0.000005570000000000000033820602569,0.000000000213513696,6788432,2019-02-26 03:01:45,btc,5.531458076157529,340426.6384047,0.0000055700000000000000338206025685128253144284826703369617462158203125,btc,879382.24453761,1.8974427,2.9986688748766093,13
1,[],4,[],2019-02-26 03:01:46,652570.93527997,0.00000115,0.000000000044082720000000004,6788433,2019-02-26 03:01:46,btc,5.999169598124338,0.0,0.00000115,btc,858313.23325062,0.01090419,0.109233050847848,14
1,[],12,[],2019-02-26 03:01:46,217264.91304348,0.000001120000000000000076372827333137660588135986472479999065399169921875,0.000000000042932736,6788434,2019-02-26 03:01:46,btc,5.294397782802755,0.0,0.000001120000000000000076372827333137660588135986472479999065399169921875,btc,33917.19873547,5.88863137e-06,0.0232132000000004,14
0,[],17,[],2019-02-26 03:01:58,0.0,0,0,6788435,2019-02-26 03:01:58,btc,0.0,0.0,0,btc,0.0,0.0,0.0,14
1,[],26,[],2019-02-26 03:01:58,0.0,0.00000050,0.000000000019166400000000003,6788436,2019-02-26 03:01:58,btc,0.0,0.0,0.00000050,btc,0.0,0.0,0.0,14
0,[],4,[],2019-02-26 03:01:59,0.0,0,0,6788437,2019-02-26 03:01:59,,0.0,0.0,0,,0.0,0.0,0.0,15
,[],12,[],2018-12-01 15:15:48,204241.84496,0.00000489,0.000000000202473384,5260204,2018-12-01 15:15:48,btc,49.5475654835,0.0,,btc,35763.2193806,0.0163153972027625,0.0203389899998,15
1,[],4,[],2019-02-26 03:02:00,25925.30014802,0.00001780,0.00000000068232384,6788438,2019-02-26 03:02:00,btc,1.232934649833986,0.0,0.00001780,btc,9542.57561606,0.02834987,0.0824968466887057,18
1,[],10,[],2019-02-26 03:02:03,783660.41191377,0.00001728,0.0000000006623907840000001,6788439,2019-02-26 03:02:03,btc,16.67385446607308,3419.93622181,0.00001728,btc,17192.69555125,0.0,0.1422251253170972,18
1,[],12,[],2019-02-26 03:02:04,193899.59236766,0.0000187000000000000005302182304323110884070047177374362945556640625,0.0000000007168233600000001,6788440,2019-02-26 03:02:04,btc,23.66851537191586,0.0,0.0000187000000000000005302182304323110884070047177374362945556640625,btc,1890.23919731,0.0041577827843274,0.0368070974304398,18
0,[],2,[],2019-01-20 23:23:38,0.0,0,0,6476906,2019-01-20 23:23:38,,0.0,0.0,0,,0.0,0.0,0.0,18
0,[],17,[],2019-02-26 01:54:10,0.0,0,0,6788059,2019-02-26 01:54:10,btc,0.0,0.0,0,btc,0.0,0.0,0.0,18
1,[],3,[],2019-02-26 03:02:15,118347.7735113318,0.0000200099999999999998462514583241755872222711332142353057861328125,0.0000000007670393280000001,6788441,2019-02-26 03:02:15,btc,0.5526635399813092,2537.07975899,0.0000200099999999999998462514583241755872222711332142353057861328125,btc,9052.306301703742,0.0,0.030953814098793588,19
1,[],4,[],2019-02-26 03:02:16,397207.08074572,0.00001960,0.0000000007513228800000001,6788442,2019-02-26 03:02:16,btc,2.1796332202077604,0.0,0.00001960,btc,72992.07727819,0.71649319,2.5333380770322815,19
1,[],5,[],2019-02-26 03:02:17,0.0,0,0,6788443,2019-02-26 03:02:17,btc,0.0,0.00121924,0,btc,0.0,0.0,0.0,19
1,[],12,[],2019-02-26 03:02:18,135118.61954338,0.00001947999999999999983847122353441960740383365191519260406494140625,0.000000000746722944,6788444,2019-02-26 03:02:18,btc,1.35787812993286,0.0,0.00001947999999999999983847122353441960740383365191519260406494140625,btc,382.27457877,0.0,0.1055798399999944,19
0,[],27,[],2019-02-26 03:02:20,0.0,0,0,6788445,2019-02-26 03:02:20,,0.0,0.0,0,btc,0.0,0.0,0.0,19
0,[],2,[],2019-01-20 23:24:19,0.0,0,0,6476924,2019-01-20 23:24:19,,0.0,0.0,0,,0.0,0.0,0.0,19
1,[],4,[],2019-02-26 03:02:21,8069160.95424551,0.00000013,0.000000000004983264000000001,6788446,2019-02-26 03:02:21,btc,7.376194659582633,0.0,0.00000013,btc,2844149.4360639,0.00013,0.2582725451781454,20
1,[],4,[],2019-02-26 03:02:21,104171605.55737025,0.00000002,0.0000000000007666560000000001,6788447,2019-02-26 03:02:21,btc,1811.60026432983,0.0,0.00000002,btc,54972143.23372669,0.0049389,1.1711725550280452,21
1,[],12,[],2019-02-26 03:02:23,18647376.0,0.00000002,0.0000000000007666560000000001,6788448,2019-02-26 03:02:23,btc,670.3899289734848,0.0,0.00000002,btc,8544410.32857329,0.0,0.24518776,21
0,[],17,[],2019-02-26 02:54:47,0.0,0,0,6788256,2019-02-26 02:54:47,btc,0.0,0.0,0,btc,0.0,0.0,0.0,21
1,[],12,[],2019-02-26 03:02:35,3289927713.6808996,0.0000000002,0.000000000000007666560000000001,6788449,2019-02-26 03:02:35,btc,875865842888.7549,0.0,0.0000000002,btc,4963716707.295143,0.028059481906294658,0.3642690049829904,23
0.0000000003590779,[],27,[],2019-02-26 03:02:36,2000.0,3.5907790000000004e-18,1.3764461325120001e-22,6788450,2019-02-26 03:02:36,eth,1.3429826565934113,0.0,0.00000001,eth,1964879.85514486,0.0,7.181558000000001e-15,23
1,[],4,[],2019-02-26 03:02:37,445469.34283859,0.00000055,0.00000000002108304,6788451,2019-02-26 03:02:37,btc,8.28870852210992,0.0,0.00000055,btc,1477600.11505174,0.00498449,0.1428919515723002,24
1,[],22,[],2019-02-26 03:02:41,11.76,0.00000100,0.000000000038332800000000006,6788452,2019-02-26 03:02:41,BTC,7.415e-05,0.0,0.00000100,BTC,23.919354838709676,0.0,1.176e-05,24
0.0,[],25,[],2019-02-26 03:02:42,0.0,0,0,6788453,2019-02-26 03:02:42,,0.0,0.0,0.0,btc,0.0,0.0,0.0,24
1,[],4,[],2019-02-26 03:02:43,28277397.10653157,0.00000612,0.000000000234596736,6788454,2019-02-26 03:02:43,btc,167.66450916521796,0.0,0.00000612,btc,264876.7659252,0.21743089,0.4507350083711021,26
1,[],10,[],2019-02-26 03:02:45,699095.57860538,0.00000643,0.000000000246479904,6788455,2019-02-26 03:02:45,btc,26.125554481264015,5536.56763321,0.00000643,btc,14071.92039774,0.0,0.2650204898121766,26
0,[],2,[],2019-01-20 23:25:56,0.0,0,0,6476976,2019-01-20 23:25:56,,0.0,0.0,0,,0.0,0.0,0.0,26
1,[],3,[],2019-02-26 03:02:46,6199481.70213569,0.00000001,0.00000000000038332800000000005,6788456,2019-02-26 03:02:46,btc,2.3053235531920753,7274.78866605,0.00000001,btc,17467681.42397522,0.0,0.061994817021356896,27
1,[],5,[],2019-02-26 03:02:47,0.0,0,0,6788457,2019-02-26 03:02:47,btc,0.0,0.00471004,0,btc,0.0,0.0,0.0,27
1,[],11,[],2019-02-26 03:02:48,9491944.20350207,0.00000005,0.00000000000191664,6788458,2019-02-26 03:02:48,btc,67506.40605986067,169525.403564,0.00000005,btc,8002256.57282965,0.0,0.44249750446473557,27
1,[],4,[],2019-02-26 03:02:50,1445946461.5631258,0.00000002,0.0000000000007666560000000001,6788459,2019-02-26 03:02:50,btc,5.114643420647869,0.0,0.00000002,"btc,ltc",400534936.7642863,0.4052771,11.077096930763144,29
1,[],7,[],2019-02-26 03:02:52,47476687.7215207,0.00000002,0.0000000000007666560000000001,6788460,2019-02-26 03:02:52,btc,44463896.84352654,4500880.84337,0.00000002,btc,60207467.59175314,0.09002128,0.6189312873043272,29
1,[],4,[],2019-02-26 03:02:52,1447606.95275424,0.00000029,0.000000000011116512,6788461,2019-02-26 03:02:52,btc,2.3340643244401122,0.0,0.00000029,btc,1569590.51190863,0.00159303,0.099132238098433,30
0,[],17,[],2019-02-26 02:55:15,0.0,0,0,6788265,2019-02-26 02:55:15,btc,0.0,0.0,0,btc,0.0,0.0,0.0,30
1,[],4,[],2019-02-26 03:02:54,1107093.28257065,0.00005004,0.000000001918173312,6788462,2019-02-26 03:02:54,btc,4.784068135179223,0.0,0.00005004,btc,62018.13584647,1.22129071,0.6056254370774271,31
1,[],21,[],2019-02-26 03:02:55,59532.21111926,0.00005080000000000000151285234340,0.00000000194730624,6788463,2019-02-26 03:02:55,btc,1.7510917126917525,203256.45155685,0.000050800000000000001512852343399373467036639340221881866455078125,btc,32081.43630707,10.9554006,2.3744090896882595,31
0,[],2,[],2019-01-20 23:28:43,0.0,0,0,6477009,2019-01-20 23:28:43,,0.0,0.0,0,,0.0,0.0,0.0,32
1,[],4,[],2019-02-26 03:02:55,400698903.2556198,0.00000004,0.0000000000015333120000000002,6788464,2019-02-26 03:02:55,btc,9.854782369253426,0.0,0.00000004,"btc,ltc",175681595.50206587,0.37645259,9.434916651597991,33
1,[],12,[],2019-02-26 03:02:57,18046201.0,0.00000004,0.0000000000015333120000000002,6788465,2019-02-26 03:02:57,btc,35620540.947470106,0.0,0.00000004,btc,89867865.63642225,0.0652038819351151,0.58616977,33
1,[],4,[],2019-02-26 03:02:57,126125622.08362757,0.00000001,0.00000000000038332800000000005,6788466,2019-02-26 03:02:57,btc,4.182234047977471,0.0,0.00000001,btc,100033928.35205577,0.00527634,1.2612562208362756,34
1,[],5,[],2019-02-26 03:02:58,0.0,0,0,6788467,2019-02-26 03:02:58,btc,0.0,0.16747278,0,btc,0.0,0.0,0.0,34
0.00000000011847,[],4,[],2019-02-26 03:02:59,2335098409.968583,3.5541e-18,1.3623860448000002e-22,6788468,2019-02-26 03:02:59,ltc,2.4865275234070993e-08,0.0,0.00000003,ltc,2865255118.5844626,0.0,4.710077131175804e-09,36
1,[],5,[],2019-02-26 03:03:01,0.0,0,0,6788469,2019-02-26 03:03:01,btc,0.0,0.0,0,btc,0.0,0.0,0.0,36
0,[],17,[],2019-02-26 03:03:12,0.0,0,0,6788470,2019-02-26 03:03:12,btc,0.0746458232965017,0.0,0,btc,4103573.70243647,0.0,0.0,36
0.0000000003590779,[],27,[],2019-02-26 03:03:14,1000000.0,3.5907790000000004e-18,1.3764461325120001e-22,6788471,2019-02-26 03:03:14,eth,219.63911620126342,0.0,0.00000001,"ltc,eth",8157587.78751039,0.0,1.189512158e-12,36
1,[],4,[],2019-02-26 03:03:15,429715.16001919,0.00000060,0.00000000002299968,6788472,2019-02-26 03:03:15,btc,19772.49563967452,0.0,0.00000060,btc,571710.5902179,0.03744221,0.2192561882722619,37
1,[],12,[],2019-02-26 03:03:16,555807.49567825,0.00000062,0.000000000023766336,6788473,2019-02-26 03:03:16,btc,1344.710863368927,0.0,0.00000062,btc,912244.34698801,0.221922554740684,0.1709476672297595,37
1,[],17,[],2019-02-26 03:03:18,1752.74075282,0.00000025,0.0000000000095832,6788474,2019-02-26 03:03:18,btc,0.055484923777095005,0.0,0.00000025,btc,1319.19918473,0.0,0.00043818518820499993,37
1,[],27,[],2019-02-26 03:03:19,14685.567,0.00000045,0.000000000017249760000000002,6788475,2019-02-26 03:03:19,btc,25.82477206349233,0.0,0.00000045,btc,6823.34738508,0.0,0.00480032515,37
1,[],5,[],2019-02-26 03:03:21,0.0,0,0,6788476,2019-02-26 03:03:21,btc,0.0,0.00015462,0,btc,0.0,0.0,0.0,42
1,[],12,[],2019-02-26 03:03:22,242143.48933783,0.00000091,0.000000000034882848,6788477,2019-02-26 03:03:22,btc,94.7138605709792,0.0,0.00000091,btc,126052.04672004,0.0125951224980109,0.0480030100000053,42
0.0000000003590779,[],27,[],2019-02-26 03:03:24,2000.0,3.5907790000000004e-18,1.3764461325120001e-22,6788478,2019-02-26 03:03:24,eth,0.00315028,0.0,0.00000001,"btc,eth",11.007,0.0,7.181558000000001e-15,42
1,[],5,[],2019-02-26 03:03:25,0.0,0,0,6788479,2019-02-26 03:03:25,btc,0.0,0.0,0,btc,0.0,0.0,0.0,43
1,[],12,[],2019-02-26 03:03:26,1798368.0,0.00000001,0.00000000000038332800000000005,6788480,2019-02-26 03:03:26,btc,3569.5040086325275,0.0,0.00000001,btc,12096736.97242756,1.566e-05,0.017983680000000002,43
0,[],17,[],2019-02-26 03:03:27,0.0,0,0,6788481,2019-02-26 03:03:27,btc,0.0,0.0,0,btc,0.0,0.0,0.0,43
1,[],12,[],2019-02-26 02:55:56,671703.0,0.00000005,0.000000000001915455,6788285,2019-02-26 02:55:56,btc,11115177.731148178,0.0,0.00000005,btc,1112314.40161834,0.00062505,0.01690421,44
1,[],4,[],2019-02-26 03:03:28,302912657.5548907,0.00000002,0.0000000000007666560000000001,6788482,2019-02-26 03:03:28,btc,473.578321363771,0.0,0.00000002,"btc,ltc",11961191.90365541,0.02352777,0.1937175166417712,49
0.00000000011847,[],4,[],2019-02-26 03:03:29,196123340.6938563,1.1847e-18,4.541286816e-23,6788483,2019-02-26 03:03:29,ltc,25.47533666719395,0.0,0.00000001,ltc,10172251660.692696,0.0,2.3234732172001156e-10,52
0.00000000012519010000000002,[],22,[],2019-02-26 03:03:33,80845862.0,1.2519010000000001e-18,4.798887065280001e-23,6788484,2019-02-26 03:03:33,XMR,4366.96886713,0.0,0.00000001,XMR,255240310.67882353,1.251901e-17,0.80845862,57
0.0000000003590779,[],27,[],2019-02-26 03:03:34,2000.0,3.5907790000000004e-18,1.3764461325120001e-22,6788485,2019-02-26 03:03:34,eth,0.0,0.0,0.00000001,"btc,eth",0.0,0.0,7.181558000000001e-15,57
0.00000000011847,[],4,[],2019-02-26 03:03:35,1154976946.7192984,3.5541e-18,1.3623860448000002e-22,6788486,2019-02-26 03:03:35,ltc,18.809170235359726,0.0,0.00000003,ltc,4129842516.936818,0.00212891,2.9458670070252344e-09,58
1,[],12,[],2019-02-26 03:03:36,1614475755.843957,0.0000000004,0.000000000000015333120000000003,6788487,2019-02-26 03:03:36,btc,224005479630.60938,0.0,0.0000000004,btc,3801631405.9107146,0.037026411304942046,0.5211694831011392,58
0,[],17,[],2019-02-26 03:03:38,0.0,0,0,6788488,2019-02-26 03:03:38,btc,1e+24,0.0,0,btc,49306342.21952568,0.0,0.0,58
0.00000000012519010000000002,[],22,[],2019-02-26 03:03:41,137438.0,1.2519010000000001e-18,4.798887065280001e-23,6788489,2019-02-26 03:03:41,XMR,69.8835922,0.0,0.00000001,XMR,9887963.0,0.0,0.00137438,58
1,[],5,[],2019-02-26 03:03:42,0.0,0,0,6788490,2019-02-26 03:03:42,btc,0.0,0.00069322,0,btc,0.0,0.0,0.0,61
1,[],22,[],2019-02-26 03:03:46,5149.5,0.00000011,0.000000000004216608,6788491,2019-02-26 03:03:46,BTC,1002.29597012,0.0,0.00000011,BTC,14947.700278135757,0.0,0.00051596,61
1,[],26,[],2019-02-26 03:03:46,0.0,0.00000800,0.00000000030666240000000005,6788492,2019-02-26 03:03:46,btc,0.0,0.0,0.00000800,btc,0.0,0.0,0.0,61
1,[],27,[],2019-02-26 03:03:48,2493.55,0.00000045,0.000000000017249760000000002,6788493,2019-02-26 03:03:48,btc,7.845304881030758,0.0,0.00000045,"btc,eth",20831.38399471,0.0,0.0002155975035189634,61
1,[],28,[],2019-02-26 03:03:49,13882.304,0.0000005,0.000000000019166400000000003,6788494,2019-02-26 03:03:49,btc,2.056328285685105,763.0,0.0000005,btc,9746.52450005,0.0,0.00566491304,61
1,[],4,[],2019-02-26 02:56:25,1493734.25598168,0.00000281,0.000000000107648571,6788298,2019-02-26 02:56:25,btc,11.28558030231768,0.0,0.00000281,btc,791522.08787628,0.14155051,1.5184065409002894,67
0.0,[],25,[],2019-02-26 02:56:26,0.0,0,0,6788299,2019-02-26 02:56:26,,0.0,0.0,0.0,btc,0.0,0.0,0.0,67
1,[],12,[],2019-02-26 03:03:50,3025177.66344444,0.00000025,0.0000000000095832,6788495,2019-02-26 03:03:50,btc,11115997.99124951,0.0,0.00000025,btc,2149821.46163764,0.0101226940659678,0.1110558964411108,71
,[],5,[],2018-11-20 23:02:39,1.5e-07,0.00000005,0.000000000002128045,4862160,2018-11-20 23:02:39,btc,2.84511358,0.0,,btc,0.00036572,0.0,0.07381892,74
1,[],5,[],2019-02-26 03:03:51,0.0,0,0,6788496,2019-02-26 03:03:51,btc,0.0,0.0,0,btc,0.0,0.0,0.0,75
1,[],4,[],2019-02-26 03:03:52,16235280.92031862,0.00000001,0.00000000000038332800000000005,6788497,2019-02-26 03:03:52,btc,11388.638595673243,0.0,0.00000001,btc,34444270.17624532,0.0,0.1623528092031862,81
0,[],20,[],2019-01-25 09:30:31,0.0,0,0,6495923,2019-01-25 09:30:31,btc,0.0,0.0,0,btc,0.0,0.0,0.0,81
1,[],4,[],2019-02-26 02:56:31,28477.81216252,0.00007469,0.000000002861306679,6788303,2019-02-26 02:56:31,btc,17.778492647081197,0.0,0.00007469,btc,12808.95045623,0.01591059,0.128237715481609,82
1,[],21,[],2019-02-26 02:56:31,65834.22541804,0.00007624999999999999670836220433,0.0000000029210688749999998,6788304,2019-02-26 02:56:31,btc,2.39217850782831,11797.39731454,0.000076249999999999996708362204334008538353373296558856964111328125,btc,25381.59498924,0.89652993,2.1365582461921155,82
0,[],17,[],2019-02-26 03:03:55,0.0,0,0,6788498,2019-02-26 03:03:55,btc,0.0447233088476774,0.0,0,btc,999127.19588126,0.0,0.0,84
0.00000000011847,[],4,[],2019-02-26 03:03:56,117725275.87346292,3.5541e-18,1.3623860448000002e-22,6788499,2019-02-26 03:03:56,ltc,1.7828321335181099,0.0,0.00000003,ltc,403815734.9642479,0.0,2.1912943499668442e-10,85
,[],22,[],2018-11-20 23:09:34,3408.1,0.0000001,0.0000000000041895,4862324,2018-11-20 23:09:34,BTC,0.04624735,0.0,,BTC,4990.0,0.0,0.00033081,86
0,[],22,[],2019-02-22 12:52:35,0.0,0,0,6758847,2019-02-22 12:52:35,,2.0760781,0.0,0,,140622.94736842104,0.0,0.0,87
0,[],27,[],2019-02-22 12:52:37,0.0,0,0,6758848,2019-02-22 12:52:37,,0.0,0.0,0,btc,0.0,0.0,0.0,87
,[],2,[],2018-11-20 23:10:47,0.0,0,0,4862359,2018-11-20 23:10:47,,0.0,0.0,,,0.0,0.0,0.0,88
1,[],11,[],2019-02-26 03:03:58,89537.34455878,0.00014779999999999998759429853389946174502256326377391815185546875,0.0000000056655878399999996,6788500,2019-02-26 03:03:58,btc,610.0231229615954,1602.64261771,0.00014779999999999998759429853389946174502256326377391815185546875,btc,101693.85697366,0.0,5.779009892902228,89
0,[],2,[],2019-01-20 23:31:45,0.0,0,0,6477083,2019-01-20 23:31:45,,0.0,0.0,0,,0.0,0.0,0.0,91
1,[],12,[],2019-02-26 03:03:59,509725.3249651,0.000001430000000000000072932653839841155019030338735319674015045166015625,0.000000000054815904000000005,6788501,2019-02-26 03:03:59,btc,4.328744557581641,0.0,0.000001430000000000000072932653839841155019030338735319674015045166015625,btc,57268.10021283,0.0001267552,0.11732463769382849,91
0,[],22,[],2019-02-26 03:04:02,0.0,0,0,6788502,2019-02-26 03:04:02,,3.1e-06,0.0,0,,2.0,0.0,0.0,91
0,[],17,[],2019-02-26 02:56:48,0.0,0,0,6788308,2019-02-26 02:56:48,btc,0.0,0.0,0,btc,0.0,0.0,0.0,91
0.0000000001187732,[],22,[],2019-02-26 02:56:54,2791021.0,4.750928e-18,1.820037758448e-22,6788310,2019-02-26 02:56:54,LTC,8.53161599,0.0,0.00000004,LTC,71994962.1,0.0,0.09164084,95
0,[],17,[],2019-02-26 01:58:08,0.0,0,0,6788122,2019-02-26 01:58:08,btc,0.0,0.0,0,btc,0.0,0.0,0.0,96
0.00000000011847,[],4,[],2019-02-26 03:04:03,637401896.5615747,7.81902e-17,2.9972492985600002e-21,6788503,2019-02-26 03:04:03,ltc,11.90707618326345,0.0,0.00000066,ltc,136387872.57707965,0.0,1.7306338251321763e-09,96
0,[],12,[],2019-02-26 03:04:04,0.0,0,0,6788504,2019-02-26 03:04:04,btc,255075.86232705959,0.0,0,btc,8739518.11519454,1.6883116883e-06,0.0,96
1,[],4,[],2019-02-26 03:04:06,1458928.31231115,0.00000030,0.00000000001149984,6788505,2019-02-26 03:04:06,btc,3.026344871563136,0.0,0.00000030,btc,2486449.19125505,0.01036101,0.1241107550376182,99
0,[],2,[],2019-01-20 23:23:55,0.0,0,0,6476914,2019-01-20 23:23:55,,0.0,0.0,0,,0.0,0.0,0.0,100
1,[],4,[],2019-02-26 03:04:07,145257.22250474,0.00004006,0.000000001535611968,6788506,2019-02-26 03:04:07,btc,12.135667469304545,0.0,0.00004006,btc,164088.21955497,5.82019809,2.790835391480751,100
1,[],22,[],2019-02-26 03:04:10,50000.0,0.00000001,0.00000000000038332800000000005,6788507,2019-02-26 03:04:10,BTC,23.49896609,0.0,0.00000001,BTC,10277.22,0.0,0.0005,101
1,[],4,[],2019-02-26 03:04:11,482171.05769346,0.00000086,0.000000000032966208000000005,6788508,2019-02-26 03:04:11,btc,256.3036757105803,0.0,0.00000086,btc,490500.32073499,0.00792409,0.2510763250235605,103
1,[],12,[],2019-02-26 03:04:13,61317193.34565436,0.00000001,0.00000000000038332800000000005,6788509,2019-02-26 03:04:13,btc,137279275.94077146,0.0,0.00000001,btc,121147494.10287766,0.04648259512623543,0.20879726845654362,105
1,[],27,[],2019-02-26 03:04:15,125810.89,0.00000001,0.00000000000038332800000000005,6788510,2019-02-26 03:04:15,btc,26.557578245556094,0.0,0.00000001,btc,574707.68391977,0.0,0.0012581089,105
1,[],22,[],2019-02-26 03:04:19,9328.0,0.00000001,0.00000000000038332800000000005,6788511,2019-02-26 03:04:19,BTC,51.10837004,0.0,0.00000001,BTC,470435.0,0.0,9.328e-05,107
1,[],26,[],2019-02-26 03:04:20,0.0,0.00000000,0,6788512,2019-02-26 03:04:20,btc,0.0,0.0,0.00000000,btc,0.0,0.0,0.0,107
1,[],5,[],2019-02-26 03:04:21,0.0,0,0,6788513,2019-02-26 03:04:21,btc,0.0,0.02834186,0,btc,0.0,0.0,0.0,112
1,[],22,[],2019-02-26 03:04:24,1966.0,0.00000001,0.00000000000038332800000000005,6788514,2019-02-26 03:04:24,BTC,2.81183288,0.0,0.00000001,BTC,808524.0833333334,0.0,1.966e-05,112
0.0000000003590779,[],27,[],2019-02-26 03:04:26,2000.0,3.5907790000000004e-18,1.3764461325120001e-22,6788515,2019-02-26 03:04:26,eth,1.35132491849924,0.0,0.00000001,"btc,eth",1328.641654,0.0,7.181558000000001e-15,112
1,[],4,[],2019-02-26 03:04:28,407217.00830747,0.00000295,0.00000000011308176000000001,6788516,2019-02-26 03:04:28,btc,7.965977865306689,0.0,0.00000295,btc,348723.71261164,0.04551946,0.2626968346348509,113
1,[],5,[],2019-02-26 03:04:29,0.0,0,0,6788517,2019-02-26 03:04:29,btc,0.0,0.01546699,0,btc,0.0,0.0,0.0,113
0,[],27,[],2019-02-26 03:04:43,0.0,0,0,6788518,2019-02-26 03:04:43,,0.0,0.0,0,btc,0.0,0.0,0.0,116
1,[],17,[],2019-02-26 00:57:33,152738.278,0.00000004,0.00000000000153318,6787758,2019-02-26 00:57:33,btc,1.3368030275081189,0.0,0.00000004,btc,51896.221,0.0,0.0022095311199999998,116
1,[],4,[],2019-02-26 03:04:46,101667.24212109,0.00002206,0.0000000008456215680000001,6788519,2019-02-26 03:04:46,btc,29.18328529483639,0.0,0.00002206,btc,85921.52347373,3.02260851,1.0888992645359545,120
1,[],7,[],2019-02-26 03:04:47,211285.35934253,0.00001720000000000000133924989154099449706336599774658679962158203125,0.0000000006593241600000001,6788520,2019-02-26 03:04:47,btc,115647.01695732508,303.4854821,0.00001720000000000000133924989154099449706336599774658679962158203125,btc,37560.904976210004,0.00609394,0.06451374980053941,120
1,[],20,[],2019-02-26 03:04:51,1389798.0958,0.000000042,0.0000000000016099776000000002,6788521,2019-02-26 03:04:51,btc,32.2889548095834,341057.8733,0.000000042,btc,927514.5156,0.0139431418752,0.0092314908577,125
1,[],22,[],2019-02-26 03:04:54,3053.0,0.00000001,0.00000000000038332800000000005,6788522,2019-02-26 03:04:54,BTC,0.01444887,0.0,0.00000001,BTC,296263.5111111111,0.0,3.053e-05,126
0,[],2,[],2019-01-20 23:25:46,0.0,0,0,6476969,2019-01-20 23:25:46,,0.0,0.0,0,,0.0,0.0,0.0,131
1,[],4,[],2019-02-26 03:04:56,106921.32917511,0.00001429,0.0000000005477757120000001,6788523,2019-02-26 03:04:56,btc,20.2898173035843,0.0,0.00001429,btc,134333.08457026,0.11420305,0.5881563893582424,131
0,[],17,[],2019-02-26 03:04:57,0.0,0,0,6788524,2019-02-26 03:04:57,btc,0.0009561751951600001,0.0,0,btc,35.42829368,0.0,0.0,131
1,[],4,[],2019-02-26 03:04:59,4558.88323486,0.00016001,0.0000000061336313280000005,6788525,2019-02-26 03:04:59,btc,1.6208895007290671,0.0,0.00016001,btc,242.95965577,0.0,0.0087097550533558,135
1,[],3,[],2019-02-26 03:04:59,1067926.16685176,0.00000005,0.00000000000191664,6788526,2019-02-26 03:04:59,btc,0.6748658244182654,97237.0,0.00000005,btc,2369305.38244165,0.0,0.0343558553370351,136
1,[],4,[],2019-02-26 03:05:00,260028.53710749,0.00000145,0.00000000005558256,6788527,2019-02-26 03:05:00,btc,38.58227778451197,0.0,0.00000145,btc,655800.10055032,0.03702727,0.0697227283897172,137
1,[],12,[],2019-02-26 03:05:02,293408.01525963,0.0000015000000000000000380012861456169304119612206704914569854736328125,0.000000000057499200000000005,6788528,2019-02-26 03:05:02,btc,11807.599158267982,0.0,0.0000015000000000000000380012861456169304119612206704914569854736328125,btc,124282.06109106,0.0056741175024668,0.0178905900000001,137
1,[],17,[],2019-02-26 01:59:14,22967.386363640002,0.00000088,0.000000000033721424,6788148,2019-02-26 01:59:14,btc,20.06991335290144,0.0,0.00000088,btc,2746.079105,0.0,0.0104613000000032,142
1,[],4,[],2019-02-26 03:05:04,209210.85196576,0.00003905,0.0000000014968958400000002,6788529,2019-02-26 03:05:04,btc,29.163514410878264,0.0,0.00003905,btc,45890.26732473,1.08552572,0.5409019837792147,142
1,[],5,[],2019-02-26 03:05:05,0.0,0,0,6788530,2019-02-26 03:05:05,btc,0.0,0.24952625,0,btc,0.0,0.0,0.0,142
1,[],20,[],2019-02-26 03:05:17,133310.9826,0.000045043,0.0000000017266243104,6788531,2019-02-26 03:05:17,btc,0.3064137360992,0.0,0.000045043,btc,1357.9438,0.0,0.2356579130972,142
1,[],22,[],2019-02-26 03:05:22,1685.8988921568628,0.00004000,0.0000000015333120000000002,6788532,2019-02-26 03:05:22,BTC,3.00385504,0.0,0.00004000,BTC,891.218,0.0,0.00174536,142
0.0,[],25,[],2019-02-26 03:05:23,0.0,0,0,6788533,2019-02-26 03:05:23,,0.0,0.0,0.0,btc,0.0,0.0,0.0,142
1,[],28,[],2019-02-26 03:05:30,76772.0,0.00004500,0.0000000017249760000000001,6788534,2019-02-26 03:05:30,btc,0.0866109227,928.0,0.00004500,btc,790.5355,0.0,0.0338472,142
0,[],22,[],2019-02-26 03:05:32,0.0,0,0,6788535,2019-02-26 03:05:32,,60.80280694,0.0,0,,704341446.3,0.0,0.0,143
0,[],22,[],2019-02-25 15:42:22,0.0,0,0,6783783,2019-02-25 15:42:22,,4.2131946,0.0,0,,2322156.0,0.0,0.0,146
,[],22,[],2018-11-20 23:01:11,0.0,0,0,4862114,2018-11-20 23:01:11,,2.56807021,0.0,,,61828.4988236,0.0,0.0,147
1,[],12,[],2019-02-26 03:05:34,219493.70097922,0.00000252000000000000001302018388937842274799550068564713001251220703125,0.00000000009659865600000001,6788536,2019-02-26 03:05:34,btc,16.2851695796509,0.0,0.00000252000000000000001302018388937842274799550068564713001251220703125,btc,116871.95764188,0.000303146853144,0.0284103199999978,148
1,[],4,[],2019-02-26 03:05:36,248608.05738121,0.00000033,0.000000000012649824000000001,6788537,2019-02-26 03:05:36,btc,219.96670705777166,0.0,0.00000033,btc,798514.6791546,0.00519528,0.0592198776528235,152
0,[],22,[],2019-02-26 03:05:38,0.0,0,0,6788538,2019-02-26 03:05:38,,0.0,0.0,0,,0.0,0.0,0.0,152
1,[],5,[],2019-02-26 03:05:40,0.0,0,0,6788539,2019-02-26 03:05:40,btc,0.0,0.0,0,btc,0.0,0.0,0.0,153
,[],16,[],2019-01-11 15:38:59,0.0,0,0,6366141,2019-01-11 15:38:59,btc,0.0,0.0,,btc,0.0,0.0,0.0,155
0,[],23,[],2019-01-20 23:24:29,0.0,0,0,6476932,2019-01-20 23:24:29,,0.0,0.0,0,,0.0,0.0,0.0,156
0,[],22,[],2019-02-26 03:05:43,0.0,0,0,6788540,2019-02-26 03:05:43,,6.74832201,0.0,0,,4646626.742592593,0.0,0.0,156
1,[],22,[],2019-02-26 03:05:47,7073.8,0.00005300,0.0000000020316384,6788541,2019-02-26 03:05:47,BTC,1.80343699,0.0,0.00005300,BTC,899.6422341958436,0.0,0.00104336,157
0,[],22,[],2019-02-26 03:05:49,0.0,0,0,6788542,2019-02-26 03:05:49,,50175.68008609,0.0,0,,54479136.04179466,0.0,0.0,158
,[],17,[],2018-11-20 22:56:10,0.0,0,0,4861976,2018-11-20 22:56:10,btc,1.1265625,0.0,,btc,1000.0,0.0,0.0,159
,[],20,[],2018-11-20 22:56:12,0.0,0,0,4861977,2018-11-20 22:56:12,btc,11912.7940471,0.0,,btc,34413894.3617,0.0,0.0,159
1,[],12,[],2019-02-26 03:05:51,181999.43518419,0.0000076299999999999997923709471603359588698367588222026824951171875,0.000000000292479264,6788543,2019-02-26 03:05:51,btc,6.644392630749915,0.0,0.0000076299999999999997923709471603359588698367588222026824951171875,btc,13840.839405120001,0.008823578283149,0.09259118877783999,168
1,[],17,[],2019-02-26 03:05:52,29784.95,0.000001,0.0000000000383328,6788544,2019-02-26 03:05:52,btc,0.03026736251542,0.0,0.000001,btc,144.46171372,0.0,0.00716147,168
1,[],22,[],2019-02-26 03:05:56,262482.0,0.00000001,0.00000000000038332800000000005,6788545,2019-02-26 03:05:56,BTC,1.14695792,0.0,0.00000001,BTC,779972.8900917594,0.0,0.00262482,169
1,[],22,[],2019-02-26 03:06:00,229130.5,0.00000018,0.000000000006899904,6788546,2019-02-26 03:06:00,BTC,13.2505104,0.0,0.00000018,BTC,145636.2939341018,0.0011061,0.00724349,171
1,[],22,[],2019-02-26 03:06:04,41597.0,0.00000008,0.0000000000030666240000000004,6788547,2019-02-26 03:06:04,BTC,2.19965126,0.0,0.00000008,BTC,241653.108041078,0.0,0.00096143,173
1,[],5,[],2019-02-26 02:58:55,0.0,0,0,6788355,2019-02-26 02:58:55,btc,0.0,0.03820458,0,btc,0.0,0.0,0.0,175
1,[],22,[],2019-02-26 03:06:08,45904.0,0.0000003,0.00000000001149984,6788548,2019-02-26 03:06:08,BTC,0.52955903,0.0,0.0000003,BTC,143368.41384013777,0.0,0.0052148,176
1,[],7,[],2019-02-26 03:06:10,0.0,0,0,6788549,2019-02-26 03:06:10,btc,410932.5281358376,0.0,0,btc,117881559.31901672,0.0,0.0,178
0,[],22,[],2019-02-26 03:06:12,0.0,0,0,6788550,2019-02-26 03:06:12,,1.00242428,0.0,0,,57512.0,0.0,0.0,178
0,[],2,[],2019-01-20 23:28:34,0.0,0,0,6477001,2019-01-20 23:28:34,,0.0,0.0,0,,0.0,0.0,0.0,178
0,[],23,[],2019-01-20 23:25:08,0.0,0,0,6476952,2019-01-20 23:25:08,,0.0,0.0,0,,0.0,0.0,0.0,179
1,[],5,[],2019-02-26 03:06:13,0.0,0,0,6788551,2019-02-26 03:06:13,btc,0.0,0.29247803,0,btc,0.0,0.0,0.0,179
1,[],22,[],2019-02-26 03:06:17,7061490.0,0.00000003,0.000000000001149984,6788552,2019-02-26 03:06:17,BTC,5.63524981,0.0,0.00000003,"BTC,LTC",17162072.301989965,0.00027,0.38172614,179
1,[],17,[],2019-02-26 03:06:19,10504.725,0.0000001,0.00000000000383328,6788553,2019-02-26 03:06:19,btc,5.201069583845188,0.0,0.0000001,btc,5033.45945,0.0,0.0010504725,180
1,[],22,[],2019-02-26 03:06:23,129005.4,0.00000160,0.00000000006133248,6788554,2019-02-26 03:06:23,BTC,0.19662614,0.0,0.00000160,"BTC,LTC",58374.889815519186,0.00173532,0.00191544,180
1,[],26,[],2019-02-26 03:06:24,0.0,0.00000160,0.00000000006133248,6788555,2019-02-26 03:06:24,btc,0.0,25.0,0.00000160,btc,0.0,0.0,0.0,180
,[],7,[],2018-11-20 22:58:01,562227.975654,0.00000085,0.000000000036176765,4862015,2018-11-20 22:58:01,btc,21836.6059674,2491.87645172,,btc,749999.041456,0.00211021,0.127565380455,183
,[],5,[],2019-01-10 08:11:41,0.0,0,0,6347036,2019-01-10 08:11:41,btc,82.15055501,0.00261,,btc,1.19002445,0.0,0.0,187
,[],17,[],2018-11-16 20:58:10,4062536.27273,0.00000001,0.000000000000550501,4708775,2018-11-16 20:58:10,btc,3.36492563466,0.195460381006,,"btc,eth",110697919.549,0.0,0.0157628953496,187
1,[],24,[],2019-02-26 03:06:24,0.0,0.000000000001,3.83328e-17,6788556,2019-02-26 03:06:24,btc,0.0,0.0,0.000000000001,btc,0.0,0.0,0.0,187
0,[],22,[],2019-02-25 10:59:45,0.0,0,0,6781186,2019-02-25 10:59:45,,1.19374396,0.0,0,,16308.869534405507,0.0,0.0,191
0,[],22,[],2019-02-26 02:59:20,0.0,0,0,6788365,2019-02-26 02:59:20,,0.0,0.0,0,,0.0,0.0,0.0,197
0,[],23,[],2019-01-20 23:31:41,0.0,0,0,6477079,2019-01-20 23:31:41,,0.0,0.0,0,,0.0,0.0,0.0,199
0,[],22,[],2019-02-26 03:06:27,0.0,0,0,6788557,2019-02-26 03:06:27,,5.19477622,0.0,0,,21058553.0,0.0,0.0,199
1,[],26,[],2019-02-26 03:06:27,0.0,0.00000000,0,6788558,2019-02-26 03:06:27,btc,0.0,0.0,0.00000000,btc,0.0,0.0,0.0,199
0,[],17,[],2019-01-30 16:32:01,0.0,0,0,6540827,2019-01-30 16:32:01,btc,6.802544163788159,0.0,0,btc,105897.55575295,0.0,0.0,200
0,[],2,[],2019-01-20 23:30:49,0.0,0,0,6477059,2019-01-20 23:30:49,,0.0,0.0,0,,0.0,0.0,0.0,201
1,[],4,[],2019-01-25 15:51:35,2084389.58565343,0.00000936,0.000000000333526752,6499557,2019-01-25 15:51:35,btc,2.0092503037378524,0.0,0.00000936,btc,160195.80207885,0.19272417,1.242687955921835,211
1,[],7,[],2019-02-26 03:06:30,4277533.63440058,0.00000137999999999999991637657063836552850943917292170226573944091796875,0.000000000052899264,6788559,2019-02-26 03:06:30,btc,15476653.728016168,840491.852033,0.00000137999999999999991637657063836552850943917292170226573944091796875,btc,11983582.8759179,0.0,3.2571805591380487,212
1,[],12,[],2019-01-25 02:44:32,207462.42853209,0.000001080000000000000035831255497387193287295303889550268650054931640625,0.000000000038610756000000006,6493050,2019-01-25 02:44:32,btc,85023.03793723314,0.0,0.000001080000000000000035831255497387193287295303889550268650054931640625,btc,43675.73520027,0.000146250909087,0.0348620860622024,213
1,[],5,[],2019-02-26 03:06:31,0.0,0,0,6788560,2019-02-26 03:06:31,btc,0.0,0.26210167,0,btc,0.0,0.0,0.0,213
1,[],24,[],2019-02-26 03:06:32,0.0,0.000000100000,0.00000000000383328,6788561,2019-02-26 03:06:32,btc,0.0,0.0,0.000000100000,btc,0.0,0.0,0.0,213
1,[],26,[],2019-02-26 03:06:32,0.0,0.00000009,0.000000000003449952,6788562,2019-02-26 03:06:32,btc,0.0,0.0,0.00000009,btc,0.0,0.0,0.0,213
1,[],22,[],2019-02-26 03:06:35,104891.0,0.00000001,0.00000000000038332800000000005,6788563,2019-02-26 03:06:35,BTC,2.22775282,0.0,0.00000001,BTC,450232.1963726171,9.6e-07,0.00104891,216
1,[],27,[],2019-02-26 03:06:38,1303102.005988,0.00000008,0.0000000000030666240000000004,6788564,2019-02-26 03:06:38,btc,311.82590671644,10.0,0.00000008,"btc,ltc",218537.901,9.4776e-13,0.03410555041937324,216
1,[],22,[],2019-02-26 03:06:41,251736.4667325441,0.00000215,0.00000000008241552000000001,6788565,2019-02-26 03:06:41,BTC,12673.58466803,0.0,0.00000215,BTC,379782.3367062892,0.0,0.35683514,217
1,[],7,[],2019-02-26 03:06:42,0.0,0,0,6788566,2019-02-26 03:06:42,btc,77969.77488735563,0.0,0,btc,137043486.5550253,0.0,0.0,219
0,[],27,[],2019-02-26 03:06:45,0.0,0,0,6788567,2019-02-26 03:06:45,,0.0740438339680921,0.0,0,btc,1536429.20709513,0.0,0.0,219
0.0000000000000052,[],28,[],2019-02-26 03:06:51,168298810.197,5.200104e-18,1.993345466112e-22,6788568,2019-02-26 03:06:51,doge,83883.3352434475,14711.0,0.00100002,"btc,doge",4823713.77951,0.0,1.128533954447588e-11,219
1,[],22,[],2019-02-26 03:06:54,240665.0,0.00000002,0.0000000000007666560000000001,6788569,2019-02-26 03:06:54,BTC,3.01261816,0.0,0.00000002,BTC,128714.27041875875,0.01215006,0.00440665,221
1,[],24,[],2019-02-26 03:06:54,0.0,0.000000200000,0.00000000000766656,6788570,2019-02-26 03:06:54,btc,0.0,0.0,0.000000200000,btc,0.0,0.0,0.0,221
1,[],20,[],2019-02-26 02:59:50,42838652.0989,0.000000001,0.0000000000000383091,6788380,2019-02-26 02:59:50,btc,48.0248708379449,744234.6233,0.000000001,btc,10968756.3145,0.0013842346232,0.0428386520989,224
0,[],22,[],2019-02-26 02:59:52,0.0,0,0,6788381,2019-02-26 02:59:52,,0.0,0.0,0,,0.0,0.0,0.0,224
1,[],26,[],2019-02-26 03:06:54,0.0,0.00000035,0.000000000013416480000000001,6788571,2019-02-26 03:06:54,btc,0.0,0.0,0.00000035,btc,0.0,0.0,0.0,231
1,[],26,[],2019-02-26 03:06:55,0.0,0.00000006,0.000000000002299968,6788572,2019-02-26 03:06:55,btc,0.0,100.0,0.00000006,btc,0.0,0.0,0.0,234
0.0000000003590779,[],27,[],2019-02-26 03:06:57,2000.0,3.5907790000000004e-18,1.3764461325120001e-22,6788573,2019-02-26 03:06:57,eth,0.0113483662182,0.0,0.00000001,"btc,eth",11462.99618,0.0,7.181558000000001e-15,234
1,[],4,[],2019-02-26 03:06:58,743984.89428425,0.00000073,0.000000000027982944000000003,6788574,2019-02-26 03:06:58,btc,4.534852801124404,0.0,0.00000073,btc,1113796.89558142,0.20023683,0.1905588831937239,236
1,[],24,[],2019-02-26 03:06:58,0.0,0.000000300000,0.00000000001149984,6788575,2019-02-26 03:06:58,btc,0.0,0.0,0.000000300000,btc,0.0,0.0,0.0,236
1,[],20,[],2019-02-26 03:07:00,69585601.3823,0.000000051,0.0000000000019549728,6788576,2019-02-26 03:07:00,btc,10.1579672439467,23244066.8004,0.000000051,btc,45989441.5175,1.3198122462228,0.4087196209985,237
0.00000000011847,[],22,[],2019-02-26 03:07:03,14400.0,1.1847e-17,4.541286816e-22,6788577,2019-02-26 03:07:03,LTC,0.0405823,0.0,0.0000001,LTC,3164.0,0.0,0.00144,237
1,[],4,[],2019-02-26 03:07:04,6679561.64463871,0.00000032,0.000000000012266496000000002,6788578,2019-02-26 03:07:04,btc,5.856937602424153,0.0,0.00000032,btc,9313891.82027217,0.23077526,1.3954062541482646,238
1,[],5,[],2019-02-26 03:07:05,0.0,0,0,6788579,2019-02-26 03:07:05,btc,0.0,0.06978538,0,btc,0.0,0.0,0.0,238
0,[],22,[],2019-02-26 03:07:07,0.0,0,0,6788580,2019-02-26 03:07:07,,0.41356282,0.0,0,,316008.5639027493,0.0,0.0,249
0.0000000001187732,[],22,[],2019-02-26 03:00:13,7121097.666666667,3.563196e-18,1.365028318836e-22,6788392,2019-02-26 03:00:13,LTC,0.52925409,0.0,0.00000003,LTC,19096234.09,4.65738222768e-12,0.21263595,252
1,[],28,[],2019-02-26 03:07:13,3829503.592,0.00000013,0.000000000004983264000000001,6788581,2019-02-26 03:07:13,btc,164693.6756861124,255337.86,0.00000013,btc,896721.7684,0.0,0.24118444114,256
1,[],22,[],2019-02-26 03:07:18,1057264.0,0.00000001,0.00000000000038332800000000005,6788582,2019-02-26 03:07:18,BTC,31.43264766,0.0,0.00000001,BTC,555637.8076914564,2.8e-05,0.01057264,258
1,[],22,[],2019-02-26 03:00:21,48751.0,0.00000001,0.000000000000383091,6788395,2019-02-26 03:00:21,BTC,2.4175745,0.0,0.00000001,BTC,1762.0,0.0,0.00048751,259
1,[],5,[],2019-02-26 03:07:19,0.0,0,0,6788583,2019-02-26 03:07:19,btc,0.0,0.16228335,0,btc,0.0,0.0,0.0,264
1,[],20,[],2019-02-26 03:07:20,1237107.0151,0.00000223,0.00000000008548214400000001,6788584,2019-02-26 03:07:20,btc,7.3447839872158,51638.809,0.00000223,btc,93215.5126,0.1482796510002,0.0532112203907,264
1,[],22,[],2019-02-26 03:07:24,5321.0,0.00000001,0.00000000000038332800000000005,6788585,2019-02-26 03:07:24,BTC,8.43386745,0.0,0.00000001,BTC,422962.8107878143,0.00012843,5.321e-05,271
0,[],22,[],2019-02-26 03:07:26,0.0,0,0,6788586,2019-02-26 03:07:26,,259.56534233,0.0,0,,14419221437.9,0.0,0.0,272
0.0000000000000052,[],28,[],2019-02-26 03:07:31,198765040527.991,4.16e-21,1.59464448e-25,6788587,2019-02-26 03:07:31,doge,21883501.97671187,24489839177.892,0.0000008,doge,243131395905.0215,0.0,4.925849476289155e-10,272
1,[],22,[],2019-02-26 03:07:35,114621.74,0.00000111,0.000000000042549408000000005,6788588,2019-02-26 03:07:35,BTC,74.32224932,0.0,0.00000111,"BTC,LTC",8370.487639773188,7.6e-07,0.04331897,281
1,[],22,[],2019-02-26 03:07:39,864113.5,0.00000002,0.0000000000007666560000000001,6788589,2019-02-26 03:07:39,BTC,1.33136171,0.0,0.00000002,BTC,128490.66554551729,0.00116274,0.01715015,286
0,[],22,[],2019-02-26 03:07:42,0.0,0,0,6788590,2019-02-26 03:07:42,,43634.52001853,0.0,0,,419066696.0,0.0,0.0,294
