pairValue,buyBook,exchangeId,sellBook,updated,buyTotal,satoshiPrice,usdPrice,exchangeLogId,created,bestPair,sellTotalBtc,volume,pairPrice,activePairs,sellTotal,volumeBtc,buyTotalBtc,coinId
1,[],28,[],2019-07-05 07:47:56,1040.923,0.00730000,0.00000079920254,7798272,2019-07-05 07:47:56,btc,0.373339197,117811.9119,0.00730000,btc,23.6711,0.0,0.26805679046,1
0,[],2,[],2019-01-20 23:28:45,0.0,0,0,6477011,2019-01-20 23:28:45,,0.0,0.0,0,,0.0,0.0,0.0,1
1,[],3,[],2019-07-05 07:47:35,32160.919093585475,0.007796140000000000014335199693960021249949932098388671875,0.000000853519847972,7798261,2019-07-05 07:47:35,btc,9.270056449533365,85.4381994841,0.007796140000000000014335199693960021249949932098388671875,btc,37.613529534656,0.0,0.2037252958391963,1
1,[],4,[],2019-07-05 07:47:36,673216.70692136,0.00794914,0.000000870270257372,7798262,2019-07-05 07:47:36,btc,9.145922785763544,0.0,0.00794914,btc,395.95256357,1.98411675,5.157269739669024,1
1,[],5,[],2019-07-05 07:47:39,0.0,0,0,7798263,2019-07-05 07:47:39,btc,0.0,0.00023335,0,btc,0.0,0.0,0.0,1
1,[],10,[],2019-07-05 07:47:41,246979.26559705,0.00260651,0.00000028536019349799997,7798264,2019-07-05 07:47:41,btc,6525.047574535797,1330.19505529,0.00260651,btc,1899.7144878,0.0,1.3620369063858706,1
1,[],12,[],2019-07-05 07:47:43,92.87798391,0.00795000000000000046906922790412863832898437976837158203125,0.00000087036441,7798265,2019-07-05 07:47:43,btc,0.6385270478885,0.0,0.00795000000000000046906922790412863832898437976837158203125,btc,27.68597677,1.342720714103,0.2034615652168,1
1,[],20,[],2019-07-05 07:47:45,928.515,0.007639349,0.0000008363544006502,7798266,2019-07-05 07:47:45,btc,0.1477818939032,0.7246,0.007639349,btc,11.0131,0.006014086542,0.1255414706304,1
1,[],21,[],2019-07-05 07:47:47,2586.48095382,0.007943139999999999575908127269,0.0000008696133785719999,7798267,2019-07-05 07:47:47,btc,7.965234771841342,4312.11536289,0.00794313999999999957590812726948570343665778636932373046875,"btc,eth",1440.20188805,31.692737239335496,15.438879939560431,1
1,[],22,[],2019-07-05 07:47:50,1.1199,0.00200000,0.0000002189596,7798268,2019-07-05 07:47:50,BTC,0.01667896,0.0,0.00200000,BTC,0.2541810146658512,0.0,0.00197189,1
1,[],24,[],2019-07-05 07:47:51,0.0,0.000000000000,0,7798269,2019-07-05 07:47:51,btc,0.0,0.0,0.000000000000,btc,0.0,0.0,0.0,1
0.0,[],25,[],2019-07-05 07:47:52,0.0,0,0,7798270,2019-07-05 07:47:52,btc,44.37709999874541,6675.94106209,0.0,btc,5385.94623465,51.2,0.0,1
1,[],26,[],2019-07-05 07:47:54,0.0,0,0,7798271,2019-07-05 07:47:54,,0.0,0.0,0,,0.0,0.0,0.0,1
1,[],5,[],2019-07-05 07:47:57,0.0,0,0,7798273,2019-07-05 07:47:57,btc,0.0,0.06010944,0,btc,0.0,0.0,0.0,2
0,[],22,[],2019-07-05 07:48:00,0.0,0,0,7798274,2019-07-05 07:48:00,,0.0,0.0,0,,0.0,0.0,0.0,2
1,[],5,[],2019-06-03 14:48:58,0.0,0,0,7731126,2019-06-03 14:48:58,btc,0.0,0.05905545,0,btc,0.0,0.0,0.0,3
1,[],12,[],2019-06-03 14:48:59,3468623.70302,0.000000116,0.000000000009823402000000002,7731127,2019-06-03 14:48:59,btc,169531.0336573751,0.0,0.000000116,btc,2361209.62379607,0.041350953071,0.33764769154428,3
0,[],28,[],2019-06-03 14:49:00,0.0,0,0,7731128,2019-06-03 14:49:00,,0.0,0.0,0,,0.0,0.0,0.0,3
0,[],2,[],2019-01-20 23:31:32,0.0,0,0,6477077,2019-01-20 23:31:32,,0.0,0.0,0,,0.0,0.0,0.0,4
1,[],4,[],2019-05-18 21:29:50,562734.9206932,0.00000010,0.000000000007298720000000001,7650946,2019-05-18 21:29:50,btc,41.9347137769675,0.0,0.00000010,btc,1123702.32192634,0.00052462,0.029254593370966,4
0,[],12,[],2019-06-02 05:03:43,0.0,0,0,7724919,2019-06-02 05:03:43,btc,625.901992874995,0.0,0,btc,1211362.4995005,0.0,0.0,5
0,[],2,[],2019-01-20 23:31:51,0.0,0,0,6477087,2019-01-20 23:31:51,,0.0,0.0,0,,0.0,0.0,0.0,6
1,[],11,[],2019-07-03 09:34:02,4305910.27673599,0.00000001,0.000000000001114197,7791170,2019-07-03 09:34:02,btc,9583.61440324221,317319.0,0.00000001,btc,78212351.53970686,0.0,0.0430591027673599,6
1,[],3,[],2019-07-05 07:48:01,14312.663586111414,0.000063109999999999997154741249172360539887449704110622406005859375,0.000000006909270177999999,7798275,2019-07-05 07:48:01,btc,1028.1494017013051,627.29874475,0.000063109999999999997154741249172360539887449704110622406005859375,btc,442.50284870440197,0.0,0.021451232490267872,7
1,[],4,[],2019-07-05 07:48:01,325497.26760802,0.00006901,0.000000007555200998,7798276,2019-07-05 07:48:01,btc,6.484740601761852,0.0,0.00006901,btc,52085.22326988,1.75137142,2.62699390894868,7
1,[],5,[],2019-07-05 07:48:03,0.0,0,0,7798277,2019-07-05 07:48:03,btc,0.0,0.06265793,0,btc,0.0,0.0,0.0,7
1,[],20,[],2019-04-07 22:06:50,3201475.0482,0.000000001,0.000000000000051590000000000004,7213932,2019-04-07 22:06:50,btc,30.8005781811902,0.0,0.000000001,btc,23077405.3926,0.0,0.0032014750482,8
1,[],4,[],2019-07-05 07:48:05,1653452.52087772,0.00000041,0.000000000044886718,7798278,2019-07-05 07:48:05,btc,3.00424746046111,0.0,0.00000041,btc,3206424.51198761,0.28081163,0.2363805054363214,9
1,[],28,[],2019-07-05 07:48:17,20043.809,0.00000042,0.000000000045981516,7798279,2019-07-05 07:48:17,btc,2708.795936875,123004.0,0.00000042,btc,60856.555,0.0,0.00270157978,9
0,[],2,[],2019-01-20 23:22:42,0.0,0,0,6476876,2019-01-20 23:22:42,,0.0,0.0,0,,0.0,0.0,0.0,9
0,[],23,[],2019-01-20 23:22:48,0.0,0,0,6476878,2019-01-20 23:22:48,,0.0,0.0,0,,0.0,0.0,0.0,9
1,[],1,[],2019-02-17 23:31:42,1822507.21,0.00000181000000000000003456111265232042484285557293333113193511962890625,0.000000000066086901,6701244,2019-02-17 23:31:42,btc,3.6990969245,17153386.5,0.00000181000000000000003456111265232042484285557293333113193511962890625,btc,1997391.71,31.11772986,3.2610482446,9
1,[],4,[],2019-02-17 11:22:43,4341674.27126056,0.00000002,0.0000000000007272960000000001,6696112,2019-02-17 11:22:43,btc,0.1997230937751353,0.0,0.00000002,btc,4109766.79808031,0.00215132,0.0479381022052112,10
1,[],4,[],2019-07-05 07:48:18,27596005.58801242,0.00000020,0.00000000002189596,7798280,2019-07-05 07:48:18,btc,7.571894827076598,0.0,0.00000020,btc,10127595.71347665,0.53919708,1.5783294797363605,12
1,[],5,[],2019-07-05 07:48:19,0.0,0,0,7798281,2019-07-05 07:48:19,btc,0.0,0.13543823,0,btc,0.0,0.0,0.0,12
0.0,[],25,[],2019-07-05 07:48:21,0.0,0,0,7798282,2019-07-05 07:48:21,,0.0,0.0,0.0,btc,0.0,0.0,0.0,12
0,[],2,[],2019-01-20 23:23:08,0.0,0,0,6476890,2019-01-20 23:23:08,,0.0,0.0,0,,0.0,0.0,0.0,12
1,[],4,[],2019-07-03 05:13:15,584689.47355813,0.00000244,0.0000000002788066,7790600,2019-07-03 05:13:15,btc,2.1849123684917955,0.0,0.00000244,btc,410884.35721095,0.22629225,0.257981043015862,13
1,[],21,[],2019-07-03 05:13:19,5464503.61926811,0.000002560000000000000053561755725,0.0000000002925184,7790601,2019-07-03 05:13:19,btc,2.210907882880977,615243.9733135,0.0000025600000000000000535617557251288900488361832685768604278564453125,btc,645862.4277429,1.61860588,2.668924574171489,13
1,[],10,[],2019-07-03 04:50:28,599111.48051128,0.00000253,0.000000000286717816,7790504,2019-07-03 04:50:28,btc,666798.5185763352,11564.1307772,0.00000253,btc,1070197.84077692,0.0,0.2329213413435623,13
1,[],4,[],2019-07-05 07:48:22,1073652.1130111,0.00000030,0.00000000003284394,7798283,2019-07-05 07:48:22,btc,3.0828039486378978,0.0,0.00000030,btc,1537218.63800324,0.01291584,0.0922098417467068,14
1,[],12,[],2019-07-05 07:48:23,234286.41021641,0.00000036,0.000000000039412728,7798284,2019-07-05 07:48:23,btc,186.35881324215305,0.0,0.00000036,btc,43335.2972986,2.13e-06,0.0160176699999887,14
1,[],26,[],2019-07-05 07:50:23,0.0,0.00000050,0.0000000000547399,7798285,2019-07-05 07:50:23,btc,0.0,0.0,0.00000050,btc,0.0,0.0,0.0,14
0,[],17,[],2019-05-03 00:53:32,0.0,0,0,7558876,2019-05-03 00:53:32,btc,0.0,0.0,0,btc,0.0,0.0,0.0,14
0,[],4,[],2019-07-05 07:50:24,0.0,0,0,7798286,2019-07-05 07:50:24,,0.0,0.0,0,,0.0,0.0,0.0,15
,[],12,[],2018-12-01 15:15:48,204241.84496,0.00000489,0.000000000202473384,5260204,2018-12-01 15:15:48,btc,49.5475654835,0.0,,btc,35763.2193806,0.0163153972027625,0.0203389899998,15
1,[],4,[],2019-07-05 07:50:26,31481.15901983,0.00000808,0.000000000884596784,7798287,2019-07-05 07:50:26,btc,2.354672155978079,0.0,0.00000808,btc,15734.20819845,0.0232458,0.0443247264092593,18
1,[],10,[],2019-07-05 07:50:28,398424.69813878,0.00000865,0.0000000009470002700000001,7798288,2019-07-05 07:50:28,btc,15.057020022408704,4311.73743665,0.00000865,btc,18389.08717649,0.0,0.2791914374763606,18
1,[],12,[],2019-07-05 07:50:30,2182.88209391,0.000008240000000000000728267272875893212358278105966746807098388671875,0.0000000009021135520000001,7798289,2019-07-05 07:50:30,btc,0.5283033385712554,0.0,0.000008240000000000000728267272875893212358278105966746807098388671875,btc,1921.04099671,6.585071e-06,0.0045224186449624,18
0,[],2,[],2019-01-20 23:23:38,0.0,0,0,6476906,2019-01-20 23:23:38,,0.0,0.0,0,,0.0,0.0,0.0,18
0,[],17,[],2019-05-03 00:53:39,0.0,0,0,7558882,2019-05-03 00:53:39,btc,0.0,0.0,0,btc,0.0,0.0,0.0,18
1,[],3,[],2019-07-05 07:52:31,161953.04980171,0.000007960000000000000020959796398489771718232077546417713165283203125,0.000000000871459208,7798290,2019-07-05 07:52:31,btc,190.32377123236856,15869.4279348,0.000007960000000000000020959796398489771718232077546417713165283203125,btc,18638.494045740634,0.0,0.1099857051503787,19
1,[],4,[],2019-07-05 07:52:32,286528.43471903,0.00000645,0.00000000070614471,7798291,2019-07-05 07:52:32,btc,2.6034846019640563,0.0,0.00000645,btc,168765.76689215,0.56753116,1.1784663295663393,19
1,[],5,[],2019-07-05 07:52:33,0.0,0,0,7798292,2019-07-05 07:52:33,btc,0.0,0.0,0,btc,0.0,0.0,0.0,19
1,[],12,[],2019-07-05 07:52:35,107461.47395735,0.00000581000000000000027707003358301562911947257816791534423828125,0.000000000636077638,7798293,2019-07-05 07:52:35,btc,0.3700951086672079,0.0,0.00000581000000000000027707003358301562911947257816791534423828125,btc,3011.18497473,0.0,0.0104359279997911,19
0,[],27,[],2019-07-05 07:52:41,0.0,0,0,7798294,2019-07-05 07:52:41,,0.0,0.0,0,btc,0.0,0.0,0.0,19
0,[],2,[],2019-01-20 23:24:19,0.0,0,0,6476924,2019-01-20 23:24:19,,0.0,0.0,0,,0.0,0.0,0.0,19
1,[],4,[],2019-07-05 07:52:42,9925191.09278478,0.00000005,0.00000000000547399,7798295,2019-07-05 07:52:42,btc,5.162858526649613,0.0,0.00000005,btc,2244806.83713707,0.0,0.1102994166205056,20
0,[],4,[],2019-07-03 05:17:38,0.0,0,0,7790614,2019-07-03 05:17:38,,13630.874493644571,0.0,0,,166276624.1737067,0.0,0.0,21
0,[],12,[],2019-07-03 05:17:41,0.0,0,0,7790615,2019-07-03 05:17:41,btc,2602.9596941675427,0.0,0,btc,9905024.55244751,3.996e-08,0.0,21
0,[],17,[],2019-05-03 00:53:51,0.0,0,0,7558891,2019-05-03 00:53:51,btc,0.0,0.0,0,btc,0.0,0.0,0.0,21
1,[],12,[],2019-07-05 07:52:43,7282560224.864567,0.0000000006,0.00000000000006568788,7798296,2019-07-05 07:52:43,btc,1426620318772.97,0.0,0.0000000006,btc,3290533989.405592,0.100649297937,2.6189598784454833,23
0.0000000002602944,[],27,[],2019-07-05 07:52:49,103145216.56843147,1.3014720000000002e-16,1.424848942656e-20,7798297,2019-07-05 07:52:49,eth,11367.420509315427,14485404.44455545,0.0000005,eth,12231974.3468152,1.885234828733568e-09,9.530962810133124e-09,23
1,[],4,[],2019-06-22 05:45:29,6100414.07522138,0.00000017,0.00000000001823352,7751732,2019-06-22 05:45:29,btc,10.22685272773715,0.0,0.00000017,btc,1790815.48208265,0.0,0.1345450262400025,24
0,[],22,[],2019-06-22 05:45:31,0.0,0,0,7751733,2019-06-22 05:45:31,,6.22e-05,0.0,0,,517.4264705882352,0.0,0.0,24
0.0,[],25,[],2019-06-22 05:45:32,0.0,0,0,7751734,2019-06-22 05:45:32,,0.0,0.0,0.0,btc,0.0,0.0,0.0,24
1,[],4,[],2019-07-05 07:52:50,26986288.56666375,0.00000323,0.000000000353619754,7798298,2019-07-05 07:52:50,btc,5.805584603336321,0.0,0.00000323,btc,203799.25280513,0.05373916,0.516468927174903,26
1,[],10,[],2019-07-05 07:52:52,227963.91493326,0.0000033,0.00000000036128334,7798299,2019-07-05 07:52:52,btc,26.16856512983986,8249.24006595,0.0000033,btc,21031.0219544,0.0,0.0487595895951209,26
0,[],2,[],2019-01-20 23:25:56,0.0,0,0,6476976,2019-01-20 23:25:56,,0.0,0.0,0,,0.0,0.0,0.0,26
1,[],5,[],2019-04-26 09:47:06,0.0,0,0,7465326,2019-04-26 09:47:06,btc,0.0,0.0,0,btc,0.0,0.0,0.0,27
1,[],3,[],2019-06-17 14:30:26,13571825.64059417,0.00000001,0.00000000000092914,7740112,2019-06-17 14:30:26,btc,3.485049956644059,4264730.43754,0.00000001,btc,23500048.28518193,0.0,0.1357182564059417,27
1,[],11,[],2019-06-17 14:30:28,2031833.58157834,0.00000001,0.00000000000092914,7740113,2019-06-17 14:30:28,btc,67502.92060589766,32677.9652116,0.00000001,btc,6487362.95640949,0.0,0.0203183358157834,27
0.0000000001079486,[],4,[],2019-07-05 07:52:53,548550320.7458599,8.419990800000001e-17,9.2181890878584e-21,7798300,2019-07-05 07:52:53,ltc,10.866377218182816,0.0,0.00000078,ltc,689934120.5180489,0.002096,1.2597558250028115e-08,29
1,[],7,[],2019-07-05 07:52:54,0.0,0,0,7798301,2019-07-05 07:52:54,btc,46548272.71925045,512107.892108,0,btc,57028164.5934028,0.00512108,0.0,29
1,[],4,[],2019-07-05 07:52:55,15203810.6760687,0.00000004,0.000000000004379192,7798302,2019-07-05 07:52:55,btc,2.573393984778842,0.0,0.00000004,btc,2249253.14278687,0.0,0.1676291463933902,30
0,[],17,[],2019-05-03 01:11:25,0.0,0,0,7559066,2019-05-03 01:11:25,btc,0.0,0.0,0,btc,0.0,0.0,0.0,30
1,[],4,[],2019-07-05 07:54:56,240089.78176312,0.00002916,0.000000003192430968,7798303,2019-07-05 07:54:56,btc,3.1051163804719697,0.0,0.00002916,btc,53459.55193509,0.29584648,0.801996258652986,31
1,[],21,[],2019-07-05 07:54:57,243088.94096952,0.00003228000000000000264737884392,0.0000000035340079440000004,7798304,2019-07-05 07:54:57,btc,2.944525057987657,35059.31484218,0.0000322800000000000026473788439229650748529820702970027923583984375,btc,72622.83990897,1.14993444,2.3925083336324895,31
0,[],2,[],2019-01-20 23:28:43,0.0,0,0,6477009,2019-01-20 23:28:43,,0.0,0.0,0,,0.0,0.0,0.0,32
0,[],4,[],2019-07-05 07:54:58,0.0,0,0,7798305,2019-07-05 07:54:58,,0.0,0.0,0,,0.0,0.0,0.0,33
1,[],12,[],2019-03-30 07:55:10,40641173.964,0.00000003,0.000000000001228359,7108785,2019-03-30 07:55:10,btc,4233210.82356125,0.0,0.00000003,btc,28378394.68333462,0.0126927883965248,0.90752895892,33
0.0000000001079486,[],4,[],2019-07-05 07:55:00,148559148.71746716,4.2099954000000003e-17,4.6090945439292e-21,7798306,2019-07-05 07:55:00,ltc,4.576089321229198,0.0,0.00000039,ltc,170228468.5480005,0.0,6.206029980669336e-10,34
1,[],5,[],2019-07-05 07:55:01,0.0,0,0,7798307,2019-07-05 07:55:01,btc,0.0,0.0,0,btc,0.0,0.0,0.0,34
0.0000000002926451,[],17,[],2019-05-02 18:17:47,200000.0,2.9264510000000002e-18,1.596703856561e-22,7556430,2019-05-02 18:17:47,eth,0.20942468735267253,0.0,0.00000001,"btc,eth",1018272.20243647,0.0,5.852902e-13,36
0.0000000001311821,[],4,[],2019-05-31 13:28:19,2417517744.0607657,1.311821e-18,1.105058333085e-22,7717483,2019-05-31 13:28:19,ltc,5.019900492391546e-08,0.0,0.00000001,ltc,7102398142.262129,0.0,3.171350544531538e-09,36
1,[],5,[],2019-05-31 13:28:21,0.0,0,0,7717484,2019-05-31 13:28:21,btc,0.0,0.0,0,btc,0.0,0.0,0.0,36
0.0000000003108179,[],27,[],2019-05-31 13:30:34,10388811.226876,6.216358000000001e-18,5.236566733830001e-22,7717485,2019-05-31 13:30:34,eth,1569.8708019850988,761866.634299,0.00000002,"ltc,eth",5084024.2511555,4.736034912207001e-12,3.3251980286483705e-11,36
1,[],4,[],2019-06-25 10:05:55,10747826.61931615,0.00000014,0.000000000015920562,7762320,2019-06-25 10:05:55,btc,19773.05513423956,0.0,0.00000014,btc,682946.14349671,0.0006293,0.1362851255028938,37
1,[],12,[],2019-06-25 10:05:57,4167862.54235103,0.00000013,0.000000000014783379,7762321,2019-06-25 10:05:57,btc,7.381091518261743,0.0,0.00000013,btc,1713444.53926904,0.016313049979,0.1478110147956336,37
1,[],27,[],2019-06-25 10:08:02,10970.0,0.00000019,0.000000000021606477,7762322,2019-06-25 10:08:02,btc,22.62970013895233,0.0,0.00000019,btc,4298.824295,0.0,0.00167419,37
1,[],17,[],2019-05-03 01:11:36,211752.74075282,0.00000025,0.000000000013700074999999998,7559074,2019-05-03 01:11:36,btc,0.055484923955058496,0.0,0.00000025,"btc,eth",1387.19918473,0.0,0.0005381851887916605,37
1,[],5,[],2019-07-05 07:55:02,0.0,0,0,7798308,2019-07-05 07:55:02,btc,0.0,0.14704571,0,btc,0.0,0.0,0.0,42
1,[],12,[],2019-07-05 07:55:04,190983.37002296,0.00000079,0.00000000008648904199999999,7798309,2019-07-05 07:55:04,btc,525.2717620513428,0.0,0.00000079,btc,150702.94188574,0.058307219534,0.0411280868639652,42
1,[],27,[],2019-07-05 07:55:12,14900.0,0.0000005,0.0000000000547399,7798310,2019-07-05 07:55:12,btc,0.16000285,0.0,0.0000005,"btc,eth",32.0,0.0,0.007402,42
1,[],12,[],2019-03-13 09:13:29,1112112.0,0.00000001,0.000000000000386531,6919902,2019-03-13 09:13:29,btc,29058.00478931866,0.0,0.00000001,btc,5967681.93306694,9.99000999e-07,0.01112112,43
1,[],5,[],2019-04-26 22:38:52,0.0,0,0,7474154,2019-04-26 22:38:52,btc,0.0,0.02638891,0,btc,0.0,0.0,0.0,43
0,[],17,[],2019-04-26 22:38:53,0.0,0,0,7474155,2019-04-26 22:38:53,btc,0.0,0.0,0,btc,0.0,0.0,0.0,43
1,[],12,[],2019-03-05 01:54:08,639326.02,0.00000004,0.000000000001486676,6845775,2019-03-05 01:54:08,btc,11116042.728239931,0.0,0.00000004,btc,1103841.4595604,0.0003330765234764,0.014975410599999999,44
0.0000000001079486,[],4,[],2019-07-05 07:55:13,105597673.59061402,4.857687e-17,5.318186012226e-21,7798311,2019-07-05 07:55:13,ltc,1804.4173117819066,0.0,0.00000045,ltc,28400390.67363348,0.0,4.6363869570469976e-10,49
0.0000000001079486,[],4,[],2019-07-05 07:55:14,317933291.0798659,2.4828178e-17,2.7181839618044e-21,7798312,2019-07-05 07:55:14,ltc,25191.980755194465,0.0,0.00000023,ltc,193337787.6981778,0.0,1.996404344358966e-09,52
0,[],22,[],2019-07-05 07:55:16,0.0,0,0,7798313,2019-07-05 07:55:16,,10289.80784133,0.0,0,,287058287.4566013,0.0,0.0,57
0,[],27,[],2019-07-05 07:55:23,0.0,0,0,7798314,2019-07-05 07:55:23,,0.0,0.0,0,"btc,eth",0.0,0.0,0.0,57
0,[],4,[],2019-07-05 07:55:24,0.0,0,0,7798315,2019-07-05 07:55:24,,19.719121456905434,0.0,0,,6107323378.36852,0.0,0.0,58
0,[],12,[],2019-07-05 07:55:25,0.0,0,0,7798316,2019-07-05 07:55:25,btc,658109582.207395,0.0,0,btc,3919947423.3536134,0.00030199081,0.0,58
0.0000000000792968,[],22,[],2019-07-05 07:57:28,126877.0,7.92968e-19,8.68139780464e-23,7798317,2019-07-05 07:57:28,XMR,68.17454206,0.0,0.00000001,XMR,9626402.6,0.0,0.00126877,58
1,[],17,[],2019-05-03 01:12:09,1200000.0,0.0000000001,0.00000000000000548003,7559085,2019-05-03 01:12:09,btc,1e+24,0.0,0.0000000001,"btc,eth",39516342.31952568,0.0,0.00010000000058666061,58
1,[],5,[],2019-06-17 14:31:27,0.0,0,0,7740135,2019-06-17 14:31:27,btc,0.0,0.00079154,0,btc,0.0,0.0,0.0,61
1,[],22,[],2019-06-17 14:31:30,13612.833333333334,0.00000012,0.00000000001114968,7740136,2019-06-17 14:31:30,BTC,1002.29123003,0.0,0.00000012,BTC,15014.200177125656,0.0,0.00153257,61
1,[],26,[],2019-06-17 14:31:30,0.0,0.00000050,0.000000000046457,7740137,2019-06-17 14:31:30,btc,0.0,0.0,0.00000050,btc,0.0,0.0,0.0,61
1,[],27,[],2019-06-17 14:31:36,8400.0,0.00000018,0.00000000001672452,7740138,2019-06-17 14:31:36,btc,1.9742539297246655,0.0,0.00000018,"btc,eth",10953.51663696,0.0,0.001512,61
0,[],28,[],2019-06-17 14:31:38,0.0,0,0,7740139,2019-06-17 14:31:38,,0.0,0.0,0,,0.0,0.0,0.0,61
1,[],4,[],2019-07-05 07:57:30,1648715.42112547,0.00000041,0.000000000044886718,7798318,2019-07-05 07:57:30,btc,3.224317925878787,0.0,0.00000041,btc,1288091.52735071,0.0744237,0.34105489703612,67
0.0,[],25,[],2019-07-05 07:57:32,0.0,0,0,7798319,2019-07-05 07:57:32,,0.0,0.0,0.0,btc,0.0,0.0,0.0,67
1,[],12,[],2019-06-02 06:23:14,910048.355,0.00000006,0.000000000005154929999999999,7725270,2019-06-02 06:23:14,btc,5.167005424215783,0.0,0.00000006,btc,738530.60239759,0.003159757462,0.0187188113,71
,[],5,[],2018-11-20 23:02:39,1.5e-07,0.00000005,0.000000000002128045,4862160,2018-11-20 23:02:39,btc,2.84511358,0.0,,btc,0.00036572,0.0,0.07381892,74
1,[],5,[],2019-07-05 07:57:34,0.0,0,0,7798320,2019-07-05 07:57:34,btc,0.0,0.00350942,0,btc,0.0,0.0,0.0,75
1,[],4,[],2019-06-04 03:25:15,715281.46076168,0.00000001,0.000000000000803619,7734085,2019-06-04 03:25:15,btc,581089.6218469425,0.0,0.00000001,btc,37692563.61091116,0.0,0.0071528146076168,81
0,[],20,[],2019-01-25 09:30:31,0.0,0,0,6495923,2019-01-25 09:30:31,btc,0.0,0.0,0,btc,0.0,0.0,0.0,81
1,[],4,[],2019-07-05 07:57:35,184938.77500026,0.00006310,0.00000000690817538,7798321,2019-07-05 07:57:35,btc,59.22584307901688,0.0,0.00006310,btc,130661.24571401,0.48087211,0.328196283331693,82
1,[],21,[],2019-07-05 07:57:35,284007.27915791,0.00006734000000000000239492453646,0.000000007372369732,7798322,2019-07-05 07:57:35,btc,4.272152928931237,13837.81986947,0.000067340000000000002394924536464060338403214700520038604736328125,btc,47161.00075778,0.88145932,2.7785308890244838,82
0,[],17,[],2019-03-25 22:42:34,0.0,0,0,7038780,2019-03-25 22:42:34,btc,0.0445064681804024,0.0,0,btc,995513.18476001,0.0,0.0,84
0.0000000001161485,[],4,[],2019-05-20 13:09:39,216715621.0206096,1.161485e-18,9.0533806701e-23,7657228,2019-05-20 13:09:39,ltc,1.6511566870244727,0.0,0.00000001,ltc,471032407.9048656,0.0,2.5171194308112273e-10,85
,[],22,[],2018-11-20 23:09:34,3408.1,0.0000001,0.0000000000041895,4862324,2018-11-20 23:09:34,BTC,0.04624735,0.0,,BTC,4990.0,0.0,0.00033081,86
1,[],22,[],2019-07-05 07:57:39,27288.0,0.00000001,0.000000000001094798,7798323,2019-07-05 07:57:39,BTC,1.86394917,0.0,0.00000001,BTC,388878.94736842107,0.00014,0.00027288,87
1,[],27,[],2019-07-05 07:57:45,83256.3,0.00000006,0.0000000000065687879999999996,7798324,2019-07-05 07:57:45,btc,15.9742923956,9740.0,0.00000006,btc,642751.188,0.0005844,0.004521768,87
,[],2,[],2018-11-20 23:10:47,0.0,0,0,4862359,2018-11-20 23:10:47,,0.0,0.0,,,0.0,0.0,0.0,88
1,[],11,[],2019-06-17 14:31:59,193715.3529613,0.000073310000000000001140094962881477158589405007660388946533203125,0.00000000681152534,7740147,2019-06-17 14:31:59,btc,168.35454702024953,5791.70569014,0.000073310000000000001140094962881477158589405007660388946533203125,btc,196971.41170107,0.0,1.1996165759440112,89
0,[],2,[],2019-01-20 23:31:45,0.0,0,0,6477083,2019-01-20 23:31:45,,0.0,0.0,0,,0.0,0.0,0.0,91
1,[],12,[],2019-07-05 07:57:46,396785.19273243,0.00000029,0.000000000031749141999999996,7798325,2019-07-05 07:57:46,btc,121.18690740811988,0.0,0.00000029,btc,294572.4339166,0.0,0.0258685494538401,91
1,[],22,[],2019-07-05 07:59:50,75900.0,0.00000001,0.000000000001094798,7798326,2019-07-05 07:59:50,BTC,0.495,0.0,0.00000001,"BTC,LTC",4.95,0.0,0.001659,91
0,[],17,[],2019-05-03 01:12:26,0.0,0,0,7559096,2019-05-03 01:12:26,btc,0.0,0.0,0,btc,0.0,0.0,0.0,91
1,[],22,[],2019-07-05 07:59:54,94060.0,0.00000002,0.000000000002189596,7798327,2019-07-05 07:59:54,BTC,11.52307074,0.0,0.00000002,"BTC,LTC",341043.4683191416,0.0,0.0662712,95
0.0000000001079486,[],4,[],2019-07-05 07:59:55,537603136.3314474,3.0225608e-17,3.3090935187184e-21,7798328,2019-07-05 07:59:55,ltc,10.868243576265444,0.0,0.00000028,ltc,152855058.75480762,0.0,7.291457322842801e-10,96
0,[],12,[],2019-07-05 07:59:56,0.0,0,0,7798329,2019-07-05 07:59:56,btc,36.38379579651349,0.0,0,btc,10035220.65134864,0.0,0.0,96
0,[],17,[],2019-05-03 01:12:32,0.0,0,0,7559100,2019-05-03 01:12:32,btc,0.0,0.0,0,btc,0.0,0.0,0.0,96
1,[],4,[],2019-04-14 03:32:46,1039404.33283278,0.00000038,0.000000000019245518,7293458,2019-04-14 03:32:46,btc,4.170086055365747,0.0,0.00000038,btc,3097704.34561074,0.06260606,0.1859928211030784,99
1,[],4,[],2019-07-05 08:01:57,171328.32264369,0.00001225,0.00000000134112755,7798330,2019-07-05 08:01:57,btc,12.888251522363687,0.0,0.00001225,btc,287632.16384005,0.07031028,0.3345641621190923,100
0,[],2,[],2019-01-20 23:23:55,0.0,0,0,6476914,2019-01-20 23:23:55,,0.0,0.0,0,,0.0,0.0,0.0,100
1,[],22,[],2019-06-05 06:30:35,150000.0,0.00000002,0.000000000001558192,7740007,2019-06-05 06:30:35,BTC,28.56386409,0.0,0.00000002,BTC,12787.719,0.0,0.0017,101
1,[],4,[],2019-07-05 08:01:58,507785.86806951,0.00000134,0.000000000146702932,7798331,2019-07-05 08:01:58,btc,882.601474374833,0.0,0.00000134,btc,756262.0829485,0.0,0.0826832723718622,103
1,[],12,[],2019-06-17 14:32:14,179201505.10870332,0.000000005,0.00000000000046457,7740154,2019-06-17 14:32:14,btc,113577.79366343976,0.0,0.000000005,btc,79148141.67831126,0.019059029059,0.27280986350611003,105
1,[],27,[],2019-06-17 14:32:19,18306828.03496503,0.00000002,0.00000000000185828,7740155,2019-06-17 14:32:19,btc,180.7198218385489,1083.96503497,0.00000002,btc,276513.60142659,7.588e-05,0.3661365606993006,105
1,[],22,[],2019-04-21 00:17:26,21333.0,0.00000001,0.000000000000532493,7385819,2019-04-21 00:17:26,BTC,51.38182867,0.0,0.00000001,BTC,470435.0,0.0,0.00021333,107
1,[],26,[],2019-04-21 00:17:26,0.0,0.00000000,0,7385820,2019-04-21 00:17:26,btc,0.0,0.0,0.00000000,btc,0.0,0.0,0.0,107
1,[],5,[],2019-07-05 08:02:00,0.0,0,0,7798332,2019-07-05 08:02:00,btc,0.0,0.0,0,btc,0.0,0.0,0.0,112
0,[],22,[],2019-07-05 08:02:04,0.0,0,0,7798333,2019-07-05 08:02:04,,6.79500102,0.0,0,,3375892.0833333335,0.0,0.0,112
1,[],27,[],2019-07-05 08:02:11,1.0,0.00000001,0.000000000001094798,7798334,2019-07-05 08:02:11,btc,0.0,0.0,0.00000001,"btc,eth",0.0,0.0,1e-08,112
1,[],4,[],2019-07-05 08:02:13,982060.80770193,0.00000038,0.000000000041602324,7798335,2019-07-05 08:02:13,btc,6.201203095787804,0.0,0.00000038,btc,971296.5885279,0.01343638,0.1154340705413729,113
1,[],5,[],2019-07-05 08:02:14,0.0,0,0,7798336,2019-07-05 08:02:14,btc,0.0,0.0001952,0,btc,0.0,0.0,0.0,113
1,[],27,[],2019-07-05 08:04:20,95525.16595526,0.00000001,0.000000000001094798,7798337,2019-07-05 08:04:20,btc,3918.966122084,0.0,0.00000001,btc,85259.687,0.0,0.0009552516595526,116
1,[],17,[],2019-04-26 02:17:47,162738.278,0.00000004,0.0000000000021069000000000002,7461287,2019-04-26 02:17:47,btc,1.3331140273775473,0.0,0.00000004,btc,51796.221,0.0,0.00230953112,116
1,[],4,[],2019-05-21 22:31:11,138169.03963019,0.00000701,0.000000000558364025,7664793,2019-05-21 22:31:11,btc,150.95388250938234,0.0,0.00000701,btc,344631.17141974,0.07552974,0.4288357684941946,120
1,[],7,[],2019-05-21 22:31:12,3901.07750076,0.000010679999999999999389654892212320191902108490467071533203125,0.0000000008506887,7664794,2019-05-21 22:31:12,btc,231188.94669936574,0.0,0.000010679999999999999389654892212320191902108490467071533203125,btc,4133.83151364,0.0,0.0113888422364489,120
1,[],20,[],2019-04-07 18:42:29,1914137.0852,0.000000035,0.0000000000017871910000000002,7211992,2019-04-07 18:42:29,btc,32.2497668025648,25528.85,0.000000035,btc,1001975.4986,0.00089350975,0.0152723574729,125
1,[],22,[],2019-06-17 14:32:38,10000.0,0.00000001,0.00000000000092914,7740161,2019-06-17 14:32:38,BTC,0.032061,0.0,0.00000001,BTC,299316.7611111111,0.0,0.0001,126
1,[],4,[],2019-07-05 08:04:21,411254.11203134,0.00000311,0.000000000340482178,7798338,2019-07-05 08:04:21,btc,2.4955933087616398,0.0,0.00000311,btc,200371.89666646,0.07852163,0.394327897874008,131
0,[],2,[],2019-01-20 23:25:46,0.0,0,0,6476969,2019-01-20 23:25:46,,0.0,0.0,0,,0.0,0.0,0.0,131
1,[],17,[],2019-05-03 01:13:10,10000.0,0.00000001,0.000000000000548003,7559115,2019-05-03 01:13:10,btc,0.0953976503951408,0.0,0.00000001,btc,5037.62507334,0.0,0.0001,131
1,[],4,[],2019-06-17 14:32:42,4848.49465417,0.00007919,0.00000000735785966,7740163,2019-06-17 14:32:42,btc,0.9905723729472744,0.0,0.00007919,btc,202.13055914,0.0,0.0061509344290166,135
1,[],3,[],2019-07-05 08:06:23,2684.76592867,0.00000001,0.000000000001094798,7798339,2019-07-05 08:06:23,btc,405.49243570080245,2097534.1768,0.00000001,btc,3150773.67027232,0.0,2.68476592867e-05,136
1,[],4,[],2019-07-05 08:06:24,180120.94559117,0.00000133,0.000000000145608134,7798340,2019-07-05 08:06:24,btc,112.5712046778437,0.0,0.00000133,btc,533444.93131594,0.01373218,0.1007726288006214,137
1,[],12,[],2019-07-05 08:06:25,69239.98144944,0.00000145000000000000009320343975771638866945068002678453922271728515625,0.00000000015874571,7798341,2019-07-05 08:06:25,btc,57.90089837230121,0.0,0.00000145000000000000009320343975771638866945068002678453922271728515625,btc,82012.41598677001,0.00019755,0.0151187639999583,137
1,[],4,[],2019-07-05 08:06:27,282479.65857286,0.00001008,0.000000001103556384,7798342,2019-07-05 08:06:27,btc,6.287377248967082,0.0,0.00001008,btc,173387.03454959,0.29162203,0.1668313385230587,142
1,[],5,[],2019-07-05 08:06:28,0.0,0,0,7798343,2019-07-05 08:06:28,btc,0.0,0.01504333,0,btc,0.0,0.0,0.0,142
1,[],22,[],2019-07-05 08:08:33,10820.0,0.00000600,0.0000000006568787999999999,7798344,2019-07-05 08:08:33,BTC,2.99759384,0.0,0.00000600,BTC,835.7198755539798,0.0,0.0053672,142
0.0,[],25,[],2019-07-05 08:08:35,0.0,0,0,7798345,2019-07-05 08:08:35,,0.0,0.0,0.0,btc,0.0,0.0,0.0,142
1,[],28,[],2019-07-05 08:08:37,76110.0,0.00001110,0.00000000121522578,7798346,2019-07-05 08:08:37,btc,0.438587390411,3507.0,0.00001110,btc,1381.1951,0.0,0.0042182,142
1,[],17,[],2019-05-03 01:13:16,32967.38636364,0.00000088,0.000000000048224264,7559122,2019-05-03 01:13:16,btc,20.06976206696776,0.0,0.00000088,btc,2746.079105,0.0,0.0105613000000032,142
1,[],20,[],2019-07-05 07:43:34,113192.8325,0.000008,0.0000000008735992,7798230,2019-07-05 07:43:34,btc,1.5677138620573,0.0,0.000008,btc,9882.1432,0.0,0.0065881479307,142
0,[],22,[],2019-07-05 08:08:40,0.0,0,0,7798347,2019-07-05 08:08:40,,67.81665877,0.0,0,,754491934.7744589,0.0,0.0,143
0,[],22,[],2019-02-25 15:42:22,0.0,0,0,6783783,2019-02-25 15:42:22,,4.2131946,0.0,0,,2322156.0,0.0,0.0,146
,[],22,[],2018-11-20 23:01:11,0.0,0,0,4862114,2018-11-20 23:01:11,,2.56807021,0.0,,,61828.4988236,0.0,0.0,147
1,[],12,[],2019-04-21 06:38:04,193091.5971266,0.00000071,0.000000000037635183,7388679,2019-04-21 06:38:04,btc,2.301232411611175,0.0,0.00000071,btc,9957.48302385,0.00023528,0.0313308199999888,148
1,[],4,[],2019-03-19 21:31:25,255810.0415942,0.00000029,0.000000000011615747,6982695,2019-03-19 21:31:25,btc,218.94922712414143,0.0,0.00000029,btc,793529.37642722,0.00117,0.0608347789473395,152
0,[],22,[],2019-03-19 21:31:27,0.0,0,0,6982696,2019-03-19 21:31:27,,0.0,0.0,0,,0.0,0.0,0.0,152
1,[],5,[],2019-04-26 09:36:59,0.0,0,0,7465040,2019-04-26 09:36:59,btc,0.0,0.0,0,btc,0.0,0.0,0.0,153
,[],16,[],2019-01-11 15:38:59,0.0,0,0,6366141,2019-01-11 15:38:59,btc,0.0,0.0,,btc,0.0,0.0,0.0,155
0,[],23,[],2019-01-20 23:24:29,0.0,0,0,6476932,2019-01-20 23:24:29,,0.0,0.0,0,,0.0,0.0,0.0,156
0,[],22,[],2019-06-04 06:02:09,0.0,0,0,7734688,2019-06-04 06:02:09,,7.43375324,0.0,0,,5955762.942592593,0.0,0.0,156
1,[],22,[],2019-07-05 08:08:43,6996.0,0.00000001,0.000000000001094798,7798348,2019-07-05 08:08:43,BTC,1.7543039,0.0,0.00000001,BTC,57.0,0.0,6.996e-05,157
0,[],22,[],2019-05-21 23:40:32,0.0,0,0,7665049,2019-05-21 23:40:32,,50234.60468402,0.0,0,,54786159.03179465,0.0,0.0,158
,[],17,[],2018-11-20 22:56:10,0.0,0,0,4861976,2018-11-20 22:56:10,btc,1.1265625,0.0,,btc,1000.0,0.0,0.0,159
,[],20,[],2018-11-20 22:56:12,0.0,0,0,4861977,2018-11-20 22:56:12,btc,11912.7940471,0.0,,btc,34413894.3617,0.0,0.0,159
1,[],12,[],2019-05-24 02:51:20,9178.522006449999,0.00000191999999999999982841307998027158276954651228152215480804443359375,0.000000000151222656,7676256,2019-05-24 02:51:20,btc,149.80414728631675,0.0,0.00000191999999999999982841307998027158276954651228152215480804443359375,btc,1115.7451448499999,0.01783167678326,0.0120075778999181,168
1,[],17,[],2019-05-03 01:13:36,42852.0,0.00000002,0.000000000001096006,7559132,2019-05-03 01:13:36,btc,0.04279856251542,0.0,0.00000002,btc,274.46171372,0.0,0.00052852,168
1,[],22,[],2019-05-17 03:01:52,10.0,0.00000001,0.000000000000778341,7642059,2019-05-17 03:01:52,BTC,41.95893009,0.0,0.00000001,BTC,1753972.7737547632,0.0,1e-07,169
1,[],22,[],2019-07-05 07:43:58,100102.0,0.00000001,0.000000000001091999,7798236,2019-07-05 07:43:58,BTC,27.84093381,0.0,0.00000001,"BTC,LTC",276616.94947371836,2.4e-07,0.00119102,171
1,[],22,[],2019-05-29 08:05:18,349870.0,0.00000002,0.000000000001705894,7705265,2019-05-29 08:05:18,BTC,24.05907723,0.0,0.00000002,"BTC,LTC",1224285.4355616204,0.0,0.0039847,173
1,[],5,[],2019-07-05 08:08:44,0.0,0,0,7798349,2019-07-05 08:08:44,btc,0.0,0.00882773,0,btc,0.0,0.0,0.0,175
1,[],22,[],2019-06-17 14:33:12,90671.0,0.00000001,0.00000000000092914,7740175,2019-06-17 14:33:12,BTC,394.35459412,0.0,0.00000001,BTC,136275.61833431243,0.0,0.00090671,176
1,[],22,[],2019-07-05 08:08:48,30.0,0.00000001,0.000000000001094798,7798350,2019-07-05 08:08:48,BTC,1.00242428,0.0,0.00000001,BTC,57512.0,0.0,3e-07,178
1,[],7,[],2019-07-01 10:15:32,0.0,0,0,7783526,2019-07-01 10:15:32,btc,521516.2326888725,0.0,0,btc,26809253.73522063,0.0,0.0,178
0,[],2,[],2019-01-20 23:28:34,0.0,0,0,6477001,2019-01-20 23:28:34,,0.0,0.0,0,,0.0,0.0,0.0,178
0,[],23,[],2019-01-20 23:25:08,0.0,0,0,6476952,2019-01-20 23:25:08,,0.0,0.0,0,,0.0,0.0,0.0,179
1,[],5,[],2019-07-05 07:44:04,0.0,0,0,7798239,2019-07-05 07:44:04,btc,0.0,0.0,0,btc,0.0,0.0,0.0,179
0,[],22,[],2019-07-05 07:44:07,0.0,0,0,7798240,2019-07-05 07:44:07,,9.36109844,0.0,0,,14660796.311946675,0.0,0.0,179
1,[],22,[],2019-07-05 08:10:53,755883.283972784,0.00000065,0.00000000007116187,7798351,2019-07-05 08:10:53,BTC,40.64282762,0.0,0.00000065,"BTC,LTC",193926.411571008,0.01109964,0.59144261,180
1,[],26,[],2019-07-05 08:10:53,0.0,0.00000010,0.00000000001094798,7798352,2019-07-05 08:10:53,btc,0.0,50.0,0.00000010,btc,0.0,0.0,0.0,180
1,[],17,[],2019-05-03 01:13:56,20504.725000000002,0.0000001,0.00000000000548003,7559141,2019-05-03 01:13:56,btc,5.2010695838400265,0.0,0.0000001,btc,5033.45945,0.0,0.0011504725,180
,[],7,[],2018-11-20 22:58:01,562227.975654,0.00000085,0.000000000036176765,4862015,2018-11-20 22:58:01,btc,21836.6059674,2491.87645172,,btc,749999.041456,0.00211021,0.127565380455,183
,[],5,[],2019-01-10 08:11:41,0.0,0,0,6347036,2019-01-10 08:11:41,btc,82.15055501,0.00261,,btc,1.19002445,0.0,0.0,187
,[],17,[],2018-11-16 20:58:10,4062536.27273,0.00000001,0.000000000000550501,4708775,2018-11-16 20:58:10,btc,3.36492563466,0.195460381006,,"btc,eth",110697919.549,0.0,0.0157628953496,187
1,[],24,[],2019-05-22 21:04:52,0.0,0.000000000014,0.0000000000000010960978,7670219,2019-05-22 21:04:52,btc,0.0,0.0,0.000000000014,btc,0.0,0.0,0.0,187
0,[],22,[],2019-04-25 02:54:07,0.0,0,0,7447896,2019-04-25 02:54:07,,7.54794454,0.0,0,,76361.7243344055,0.0,0.0,191
0,[],22,[],2019-06-17 14:33:34,0.0,0,0,7740182,2019-06-17 14:33:34,,0.0,0.0,0,,0.0,0.0,0.0,197
0,[],23,[],2019-01-20 23:31:41,0.0,0,0,6477079,2019-01-20 23:31:41,,0.0,0.0,0,,0.0,0.0,0.0,199
0,[],22,[],2019-07-05 07:46:15,0.0,0,0,7798243,2019-07-05 07:46:15,,10.58263174,0.0,0,,84280969.0,0.0,0.0,199
1,[],26,[],2019-07-05 07:46:15,0.0,0.00000000,0,7798244,2019-07-05 07:46:15,btc,0.0,0.0,0.00000000,btc,0.0,0.0,0.0,199
0,[],2,[],2019-01-20 23:30:49,0.0,0,0,6477059,2019-01-20 23:30:49,,0.0,0.0,0,,0.0,0.0,0.0,201
1,[],4,[],2019-01-25 15:51:35,2084389.58565343,0.00000936,0.000000000333526752,6499557,2019-01-25 15:51:35,btc,2.0092503037378524,0.0,0.00000936,btc,160195.80207885,0.19272417,1.242687955921835,211
1,[],7,[],2019-07-01 02:21:28,1170054124.6898527,0.00000018,0.000000000019815389999999997,7782694,2019-07-01 02:21:28,btc,1346735.6331920293,0.0,0.00000018,btc,5516233.71348162,0.0,11.954344045954047,212
1,[],12,[],2019-01-25 02:44:32,207462.42853209,0.000001080000000000000035831255497387193287295303889550268650054931640625,0.000000000038610756000000006,6493050,2019-01-25 02:44:32,btc,85023.03793723314,0.0,0.000001080000000000000035831255497387193287295303889550268650054931640625,btc,43675.73520027,0.000146250909087,0.0348620860622024,213
1,[],5,[],2019-05-30 00:07:46,0.0,0,0,7709357,2019-05-30 00:07:46,btc,0.0,0.06425239,0,btc,0.0,0.0,0.0,213
1,[],24,[],2019-05-30 00:07:46,0.0,0.000000399202,0.0000000000344859829346,7709358,2019-05-30 00:07:46,btc,0.0,0.0,0.000000399202,btc,0.0,0.0,0.0,213
1,[],26,[],2019-05-30 00:07:47,0.0,0.00000040,0.000000000034554919999999996,7709359,2019-05-30 00:07:47,btc,0.0,0.0,0.00000040,btc,0.0,0.0,0.0,213
0,[],22,[],2019-07-05 07:46:21,0.0,0,0,7798245,2019-07-05 07:46:21,,9.54523049,0.0,0,,3658586.2040649247,0.0,0.0,216
0,[],27,[],2019-07-05 07:46:30,0.0,0,0,7798246,2019-07-05 07:46:30,,1998.9179475321787,0.0,0,"btc,ltc",555282.57344694,0.0,0.0,216
1,[],22,[],2019-07-05 07:46:34,489941.0,0.00000018,0.000000000019655982,7798247,2019-07-05 07:46:34,BTC,12055.862782,0.0,0.00000018,BTC,592540.9161858524,0.00109938,0.02537501,217
0,[],27,[],2019-07-04 20:07:27,0.0,0,0,7796489,2019-07-04 20:07:27,,250.20642758069673,0.0,0,btc,46772.535837,0.0,0.0,219
0.00000000000000287,[],28,[],2019-07-04 20:07:29,3298641998.17,6.314000000000001e-19,7.47265057e-23,7796490,2019-07-04 20:07:29,doge,125846.04510800431,4690.0,0.00022000,"btc,doge",120666781.230909,0.0,1.5955592634772005e-11,219
1,[],7,[],2019-06-27 19:02:35,0.0,0,0,7772298,2019-06-27 19:02:35,btc,2123800.2774640615,0.0,0,btc,82333746.4752352,0.0,0.0,219
0,[],22,[],2019-06-26 23:36:41,0.0,0,0,7769178,2019-06-26 23:36:41,,56.75439223,0.0,0,,184664.6482738741,0.0,0.0,221
1,[],24,[],2019-06-26 23:36:41,0.0,0.000000030000,0.000000000003835668,7769179,2019-06-26 23:36:41,btc,0.0,0.0,0.000000030000,btc,0.0,0.0,0.0,221
1,[],20,[],2019-06-17 14:34:11,26882155.8301,0.000000003,0.000000000000278742,7740192,2019-06-17 14:34:11,btc,100050.81956632523,233521.3529,0.000000003,btc,38769742.8604,0.0007925640587,0.0306863532672,224
0,[],22,[],2019-06-17 14:34:13,0.0,0,0,7740193,2019-06-17 14:34:13,,0.0,0.0,0,,0.0,0.0,0.0,224
1,[],26,[],2019-07-05 07:46:34,0.0,0.00000022,0.000000000024023978,7798248,2019-07-05 07:46:34,btc,0.0,0.0,0.00000022,btc,0.0,0.0,0.0,231
1,[],26,[],2019-07-05 07:46:35,0.0,0.00000005,0.000000000005459995,7798249,2019-07-05 07:46:35,btc,0.0,0.0,0.00000005,btc,0.0,0.0,0.0,234
0.0000000002611521,[],27,[],2019-07-05 07:46:42,100.0,2.611521e-18,2.8517783204790002e-22,7798250,2019-07-05 07:46:42,eth,0.0,0.0,0.00000001,"btc,eth",0.0,0.0,2.611521e-16,234
1,[],4,[],2019-05-22 17:06:12,91780.56053785,0.00000078,0.000000000061977552,7669277,2019-05-22 17:06:12,btc,5.573372450018177,0.0,0.00000078,btc,729173.93529783,0.0,0.0307060663355679,236
1,[],24,[],2019-05-22 17:06:12,0.0,0.000000010000,0.000000000000794584,7669278,2019-05-22 17:06:12,btc,0.0,0.0,0.000000010000,btc,0.0,0.0,0.0,236
1,[],5,[],2019-07-05 07:46:44,0.0,0,0,7798251,2019-07-05 07:46:44,btc,0.0,0.20297951,0,btc,0.0,0.0,0.0,237
1,[],20,[],2019-07-05 07:46:46,128726732.9657,0.000000058,0.0000000000063335942,7798252,2019-07-05 07:46:46,btc,549.2565587528774,2459682.7095,0.000000058,btc,43853637.8029,0.1474346505914,0.8436130140938,237
1,[],22,[],2019-07-05 07:46:50,2096499.0,0.00000005,0.000000000005459995,7798253,2019-07-05 07:46:50,BTC,1.20109922,0.0,0.00000005,"BTC,LTC",14430.948717948719,0.0,0.02732965,237
1,[],4,[],2019-07-05 07:46:51,25269796.06598541,0.00000005,0.000000000005459995,7798254,2019-07-05 07:46:51,btc,3.017886151489121,0.0,0.00000005,btc,14912887.68860464,0.04744967,0.4320558653042333,238
1,[],5,[],2019-07-05 07:46:52,0.0,0,0,7798255,2019-07-05 07:46:52,btc,0.0,0.01667312,0,btc,0.0,0.0,0.0,238
0,[],22,[],2019-03-12 16:49:32,0.0,0,0,6914458,2019-03-12 16:49:32,,0.40415746,0.0,0,,526736.5639027493,0.0,0.0,249
0,[],22,[],2019-07-05 07:46:55,0.0,0,0,7798256,2019-07-05 07:46:55,,13.44711564,0.0,0,,43776457.3426455,0.0,0.0,252
1,[],28,[],2019-07-05 07:47:02,868253.2,0.00000005,0.000000000005459995,7798257,2019-07-05 07:47:02,btc,205.617542583166,209476.0,0.00000005,btc,5245195.2932,0.0,0.025939894,256
0.0000000001089497,[],22,[],2019-07-05 07:47:05,10000.0,2.7237425e-17,2.9743240862575e-21,7798258,2019-07-05 07:47:05,LTC,31471.46309386,0.0,0.00000025,LTC,721242.028948892,0.0,0.0025,258
1,[],22,[],2019-05-19 18:12:02,400.0,0.00000001,0.0000000000007957800000000001,7653905,2019-05-19 18:12:02,BTC,2.415167,0.0,0.00000001,BTC,157.0,0.0,4e-06,259
1,[],5,[],2019-07-02 14:44:15,0.0,0,0,7788374,2019-07-02 14:44:15,btc,0.0,0.02775788,0,btc,0.0,0.0,0.0,264
1,[],20,[],2019-07-02 14:44:17,953070.9962,0.000000178,0.000000000017956461999999998,7788375,2019-07-02 14:44:17,btc,1.1507330656826,14313.4023,0.000000178,btc,65222.866,0.0046947959544,0.0049363258649,264
0,[],22,[],2019-04-12 17:57:27,0.0,0,0,7278186,2019-04-12 17:57:27,,66.37522201,0.0,0,,677842.4169881374,0.0,0.0,271
0,[],22,[],2019-07-05 07:47:08,0.0,0,0,7798259,2019-07-05 07:47:08,,33050469.74148113,0.0,0,,14261527780.7,0.0,0.0,272
0.00000000000000313,[],28,[],2019-07-05 07:47:15,329246231524.487,3.7560000000000003e-22,4.101548244e-26,7798260,2019-07-05 07:47:15,doge,66946592.18097011,17461941009.2384,0.00000012,doge,163324019413.3492,0.0,6.631734755101404e-11,272
1,[],22,[],2019-05-23 07:12:29,219930.0,0.00000004,0.000000000003048688,7671985,2019-05-23 07:12:29,BTC,426.77835217,0.0,0.00000004,BTC,248664.3325962929,0.0,0.00739728,281
1,[],22,[],2019-07-02 18:15:29,1409605.9,0.00000002,0.000000000002147082,7789011,2019-07-02 18:15:29,BTC,7.87630805,0.0,0.00000002,"BTC,LTC",1137979.797623037,0.00674692,0.02432534,286
0,[],22,[],2019-06-17 14:34:53,0.0,0,0,7740207,2019-06-17 14:34:53,,7337915.80475575,0.0,0,,2078527309.6797826,0.0,0.0,294
