pairValue,buyBook,exchangeId,sellBook,updated,buyTotal,satoshiPrice,usdPrice,exchangeLogId,created,bestPair,sellTotalBtc,volume,pairPrice,activePairs,sellTotal,volumeBtc,buyTotalBtc,coinId
1,[],3,[],2019-03-17 21:41:40,30533.020698924553,0.01307496999999999999497735103659579181112349033355712890625,0.000000522176384387,6960658,2019-03-17 21:41:40,btc,61.1249843358665,3.19508377012,0.01307496999999999999497735103659579181112349033355712890625,btc,25.44334626086,0.0,0.2277205810035129,1
1,[],4,[],2019-03-17 21:41:41,207753.14809635,0.01298860,0.00000051872701706,6960659,2019-03-17 21:41:41,btc,13.013104663399508,0.0,0.01298860,btc,229.19484757,1.23996836,1.1538919450244365,1
1,[],5,[],2019-03-17 21:41:44,0.0,0,0,6960660,2019-03-17 21:41:44,btc,0.0,0.15800364,0,btc,0.0,0.0,0.0,1
1,[],10,[],2019-03-17 21:41:46,413824.56865962,0.0110777,0.00000044241121267,6960661,2019-03-17 21:41:46,btc,6522.70219597254,1806.68530476,0.0110777,btc,1000.78546755,0.0,4.988607095166082,1
1,[],12,[],2019-03-17 21:41:49,117.20900232,0.01307000000000000002053912595556539599783718585968017578125,0.000000521977897,6960662,2019-03-17 21:41:49,btc,0.1454090537956,0.0,0.01307000000000000002053912595556539599783718585968017578125,btc,10.61991464,0.7375049012211,0.5106388499062,1
1,[],20,[],2019-03-17 21:41:52,1152.6081,0.01070001,0.000000427327369371,6960663,2019-03-17 21:41:52,btc,0.0533371999966,0.1455,0.01070001,btc,2.311,0.0018713069031,0.0974182203341,1
1,[],21,[],2019-03-17 21:41:54,2069.79789853,0.01315488000000000073930195299,0.000000525367758048,6960664,2019-03-17 21:41:54,btc,62.50045499651998,5392.6874030399995,0.013154880000000000739301952989990240894258022308349609375,"btc,eth",5519.72108313,64.57390961055444,19.99787078760434,1
1,[],22,[],2019-03-17 21:41:57,0.07686088253968254,0.01260000,0.0000005032074600000001,6960665,2019-03-17 21:41:57,BTC,0.31439419,0.0,0.01260000,BTC,0.12751438772928525,0.0,0.00096785,1
1,[],24,[],2019-03-17 21:41:57,0.0,0.000000000000,0,6960666,2019-03-17 21:41:57,btc,0.0,0.0,0.000000000000,btc,0.0,0.0,0.0,1
0.0,[],25,[],2019-03-17 21:41:58,0.0,0,0,6960667,2019-03-17 21:41:58,btc,41.241199997269085,507.38142787,0.0,btc,3071.84535286,6.7712,0.0,1
1,[],26,[],2019-03-17 21:42:00,0.0,0,0,6960668,2019-03-17 21:42:00,,0.0,0.0,0,,0.0,0.0,0.0,1
1,[],28,[],2019-03-17 21:42:16,992.9,0.01231000,0.000000491625701,6960669,2019-03-17 21:42:16,btc,0.151703079,9901.3,0.01231000,btc,8.184,0.0,0.086101096,1
0,[],2,[],2019-01-20 23:28:45,0.0,0,0,6477011,2019-01-20 23:28:45,,0.0,0.0,0,,0.0,0.0,0.0,1
1,[],5,[],2019-03-17 21:42:18,0.0,0,0,6960670,2019-03-17 21:42:18,btc,0.0,0.01185352,0,btc,0.0,0.0,0.0,2
0,[],22,[],2019-03-17 21:42:20,0.0,0,0,6960671,2019-03-17 21:42:20,,0.0,0.0,0,,0.0,0.0,0.0,2
1,[],5,[],2019-03-17 21:42:21,0.0,0,0,6960672,2019-03-17 21:42:21,btc,0.0,0.02329602,0,btc,0.0,0.0,0.0,3
1,[],12,[],2019-03-17 21:42:23,3045884.01862221,0.000000195,0.0000000000077877345,6960673,2019-03-17 21:42:23,btc,22824.557124323663,0.0,0.000000195,btc,1294371.20117143,0.03135065312927591,0.4373790172979978,3
0,[],28,[],2019-03-17 21:43:02,0.0,0,0,6960674,2019-03-17 21:43:02,,0.0,0.0,0,,0.0,0.0,0.0,3
0,[],2,[],2019-01-20 23:31:32,0.0,0,0,6477077,2019-01-20 23:31:32,,0.0,0.0,0,,0.0,0.0,0.0,4
1,[],4,[],2019-03-17 21:43:03,359892.05513242,0.00000032,0.000000000012779872,6960675,2019-03-17 21:43:03,btc,32.06810402997086,0.0,0.00000032,btc,725153.97080371,0.0,0.0369475691884793,4
1,[],12,[],2019-03-17 21:43:05,393575.0,0.00000002,0.000000000000798742,6960676,2019-03-17 21:43:05,btc,1111853.28825052,0.0,0.00000002,btc,781851.33266733,0.0,0.00433124,5
0,[],2,[],2019-01-20 23:31:51,0.0,0,0,6477087,2019-01-20 23:31:51,,0.0,0.0,0,,0.0,0.0,0.0,6
1,[],11,[],2019-03-17 21:43:06,3935711.8988200002,0.00000002,0.000000000000798742,6960677,2019-03-17 21:43:06,btc,9574.314448127847,10000.0,0.00000002,btc,43091567.92614274,0.0,0.0449565813342,6
1,[],3,[],2019-03-17 21:43:07,1091.911995800215,0.00015480999999999998993464866980929173223557882010936737060546875,0.000000006182662451,6960678,2019-03-17 21:43:07,btc,29.634654231634162,0.0,0.00015480999999999998993464866980929173223557882010936737060546875,btc,241.020514578101,0.0,0.03510108781629161,7
1,[],4,[],2019-03-17 21:43:08,95152.34880728,0.00021201,0.000000008467064571,6960679,2019-03-17 21:43:08,btc,10.335987774889151,0.0,0.00021201,btc,38971.57763393,1.90450851,8.580448826195534,7
1,[],5,[],2019-03-17 21:43:10,0.0,0,0,6960680,2019-03-17 21:43:10,btc,0.0,0.25390413,0,btc,0.0,0.0,0.0,7
1,[],20,[],2019-02-20 02:16:17,39399275.8418,0.000000001,0.0000000000000390183,6728586,2019-02-20 02:16:17,btc,116.9737569154545,525.0,0.000000001,btc,56932965.8895,5.25e-07,0.0393992758418,8
1,[],4,[],2019-03-17 21:43:13,1828760.30870246,0.00000159,0.000000000063499989,6960681,2019-03-17 21:43:13,btc,6.981459968618188,0.0,0.00000159,btc,3072326.43852754,1.05019482,1.272299363079272,9
0,[],2,[],2019-01-20 23:22:42,0.0,0,0,6476876,2019-01-20 23:22:42,,0.0,0.0,0,,0.0,0.0,0.0,9
0,[],23,[],2019-01-20 23:22:48,0.0,0,0,6476878,2019-01-20 23:22:48,,0.0,0.0,0,,0.0,0.0,0.0,9
1,[],28,[],2019-03-17 21:01:15,27403.0,0.00000160,0.00000000006386832000000001,6960560,2019-03-17 21:01:15,btc,2708.776551247723,2072686.0,0.00000160,btc,20316.3373,0.0,0.0164095,9
1,[],1,[],2019-02-17 23:31:42,1822507.21,0.00000181000000000000003456111265232042484285557293333113193511962890625,0.000000000066086901,6701244,2019-02-17 23:31:42,btc,3.6990969245,17153386.5,0.00000181000000000000003456111265232042484285557293333113193511962890625,btc,1997391.71,31.11772986,3.2610482446,9
1,[],4,[],2019-02-17 11:22:43,4341674.27126056,0.00000002,0.0000000000007272960000000001,6696112,2019-02-17 11:22:43,btc,0.1997230937751353,0.0,0.00000002,btc,4109766.79808031,0.00215132,0.0479381022052112,10
0,[],2,[],2019-01-20 23:23:08,0.0,0,0,6476890,2019-01-20 23:23:08,,0.0,0.0,0,,0.0,0.0,0.0,12
1,[],4,[],2019-03-17 21:01:16,5486615.28744492,0.00000183,0.000000000073049391,6960561,2019-03-17 21:01:16,btc,13.582120668630708,0.0,0.00000183,btc,5231534.37546604,3.69996375,6.500979118987032,12
1,[],5,[],2019-03-17 21:01:18,0.0,0,0,6960562,2019-03-17 21:01:18,btc,0.0,0.0502918,0,btc,0.0,0.0,0.0,12
0.0,[],25,[],2019-03-17 21:01:19,0.0,0,0,6960563,2019-03-17 21:01:19,,0.0,0.0,0.0,btc,0.0,0.0,0.0,12
1,[],10,[],2019-03-17 20:40:17,465563.61444239,0.0000114,0.00000000045445416,6960000,2019-03-17 20:40:17,btc,666776.6160723692,26295.8166966,0.0000114,btc,650322.01090136,0.0,0.5135864222155242,13
1,[],4,[],2019-03-17 21:01:19,32934151.05614357,0.00001123,0.000000000448275771,6960564,2019-03-17 21:01:19,btc,4.758709417998547,0.0,0.00001123,btc,328622.66967579,3.2516017,1.4816351847975595,13
1,[],21,[],2019-03-17 21:01:23,1805419.2173498499,0.00001132000000000000003832004158,0.000000000451868364,6960565,2019-03-17 21:01:23,btc,13.811347497137886,8261773.37827017,0.0000113200000000000000383200415843276687155594117939472198486328125,btc,1070938.586608,89.59595156,17.89140662841601,13
1,[],4,[],2019-03-17 21:01:24,1553731.27207392,0.00000078,0.000000000031135806,6960566,2019-03-17 21:01:24,btc,5.295135011054636,0.0,0.00000078,btc,1004477.95467941,0.00807568,0.1883056808991236,14
1,[],12,[],2019-03-17 21:01:25,301562.0,0.00000069,0.000000000027543213,6960567,2019-03-17 21:01:25,btc,0.0559814882585684,0.0,0.00000069,btc,13756.8948088,0.0,0.03077127,14
0,[],17,[],2019-03-17 21:01:26,0.0,0,0,6960568,2019-03-17 21:01:26,btc,0.0,0.0,0,btc,0.0,0.0,0.0,14
1,[],26,[],2019-03-17 21:01:26,0.0,0.00000050,0.00000000001995885,6960569,2019-03-17 21:01:26,btc,0.0,0.0,0.00000050,btc,0.0,0.0,0.0,14
,[],12,[],2018-12-01 15:15:48,204241.84496,0.00000489,0.000000000202473384,5260204,2018-12-01 15:15:48,btc,49.5475654835,0.0,,btc,35763.2193806,0.0163153972027625,0.0203389899998,15
0,[],4,[],2019-03-17 21:01:27,0.0,0,0,6960570,2019-03-17 21:01:27,,0.0,0.0,0,,0.0,0.0,0.0,15
0,[],2,[],2019-01-20 23:23:38,0.0,0,0,6476906,2019-01-20 23:23:38,,0.0,0.0,0,,0.0,0.0,0.0,18
1,[],4,[],2019-03-17 21:01:29,25266.2548314,0.00001585,0.000000000632695545,6960571,2019-03-17 21:01:29,btc,3.7844184172734114,0.0,0.00001585,btc,18851.42553242,0.02207108,0.0629387632147187,18
1,[],10,[],2019-03-17 21:01:31,783194.45219808,0.00001485,0.000000000592777845,6960572,2019-03-17 21:01:31,btc,15.398942422391928,4855.28878338,0.00001485,btc,12987.26755923,0.0,0.1222716289105327,18
1,[],12,[],2019-03-17 21:01:32,313912.76565989,0.00001599999999999999927596978921418013896982301957905292510986328125,0.0000000006386832,6960573,2019-03-17 21:01:32,btc,33214.72910334886,0.0,0.00001599999999999999927596978921418013896982301957905292510986328125,btc,890.8116249,0.0016146036054839,0.0304847622065271,18
0,[],17,[],2019-03-17 21:01:43,0.0,0,0,6960574,2019-03-17 21:01:43,btc,0.0,0.0,0,btc,0.0,0.0,0.0,18
0,[],2,[],2019-01-20 23:24:19,0.0,0,0,6476924,2019-01-20 23:24:19,,0.0,0.0,0,,0.0,0.0,0.0,19
1,[],3,[],2019-03-17 21:01:44,119808.44771439825,0.0000184900000000000008467705703285588469952926971018314361572265625,0.0000000007380782730000001,6960575,2019-03-17 21:01:44,btc,0.6919407325489582,0.0,0.0000184900000000000008467705703285588469952926971018314361572265625,btc,15054.205445313173,0.0,0.04678735289865467,19
1,[],4,[],2019-03-17 21:01:45,221591.53730675,0.00001978,0.000000000789572106,6960576,2019-03-17 21:01:45,btc,2.1982394604888924,0.0,0.00001978,btc,74717.64513187,0.32925449,2.316447343906154,19
1,[],5,[],2019-03-17 21:01:46,0.0,0,0,6960577,2019-03-17 21:01:46,btc,0.0,1.897e-05,0,btc,0.0,0.0,0.0,19
1,[],12,[],2019-03-17 21:01:47,193560.57452269,0.00001849999999999999905696095037210824330031755380332469940185546875,0.0000000007384774499999999,6960578,2019-03-17 21:01:47,btc,0.1715801302133187,0.0,0.00001849999999999999905696095037210824330031755380332469940185546875,btc,634.13509563,0.0059871817631776,0.0507579299979788,19
0,[],27,[],2019-03-17 21:01:49,0.0,0,0,6960579,2019-03-17 21:01:49,,0.0,0.0,0,btc,0.0,0.0,0.0,19
1,[],4,[],2019-03-17 21:01:49,2841269.9335836,0.00000013,0.000000000005189301,6960580,2019-03-17 21:01:49,btc,7.3815737746397,0.0,0.00000013,btc,2871716.96906976,0.0,0.0859072404891473,20
0,[],17,[],2019-03-17 20:55:14,0.0,0,0,6960409,2019-03-17 20:55:14,btc,0.0,0.0,0,btc,0.0,0.0,0.0,21
1,[],4,[],2019-03-17 21:01:50,93843218.74946246,0.00000002,0.000000000000798354,6960581,2019-03-17 21:01:50,btc,39417.10932351857,0.0,0.00000002,btc,54204915.39537982,0.08980882,1.0052694278898895,21
1,[],12,[],2019-03-17 21:01:52,2175671.0,0.00000001,0.000000000000399177,6960582,2019-03-17 21:01:52,btc,1247.540409808981,0.0,0.00000001,btc,2937881.94905095,2.5e-06,0.021756710000000002,21
1,[],12,[],2019-03-17 21:02:04,3172774554.0,0.0000000001,0.0000000000000039917700000000006,6960583,2019-03-17 21:02:04,btc,1944717.2034081179,0.0,0.0000000001,btc,1769364748.5808082,0.04064421954505495,0.3172774554,23
0,[],27,[],2019-03-17 21:02:06,0.0,0,0,6960584,2019-03-17 21:02:06,,13.972018501006241,0.0,0,eth,6275713.95973186,0.0,0.0,23
1,[],4,[],2019-03-17 21:02:07,680873.36430712,0.00000045,0.000000000017962965,6960585,2019-03-17 21:02:07,btc,9.902970538407088,0.0,0.00000045,btc,1615080.73671592,0.00290119,0.1731034065267977,24
1,[],22,[],2019-03-17 21:02:10,11.76,0.00000100,0.0000000000399177,6960586,2019-03-17 21:02:10,BTC,7.415e-05,0.0,0.00000100,BTC,23.919354838709676,0.0,1.176e-05,24
0.0,[],25,[],2019-03-17 21:02:12,0.0,0,0,6960587,2019-03-17 21:02:12,,0.0,0.0,0.0,btc,0.0,0.0,0.0,24
0,[],2,[],2019-01-20 23:25:56,0.0,0,0,6476976,2019-01-20 23:25:56,,0.0,0.0,0,,0.0,0.0,0.0,26
1,[],4,[],2019-03-17 21:02:13,28233306.32024845,0.00000693,0.000000000276629661,6960588,2019-03-17 21:02:13,btc,161.76398851782113,0.0,0.00000693,btc,248423.0692662,0.31938244,0.7778020832780858,26
1,[],10,[],2019-03-17 21:02:14,602925.23251558,0.00000543,0.000000000216753111,6960589,2019-03-17 21:02:14,btc,25.23355169780101,3949.88662463,0.00000543,btc,14324.4645187,0.0,0.1443916358988472,26
1,[],3,[],2019-03-17 21:02:15,10888354.54084747,0.00000001,0.000000000000399177,6960590,2019-03-17 21:02:15,btc,2.053579811954019,0.0,0.00000001,btc,15570067.93560084,0.0,0.1088835454084747,27
1,[],5,[],2019-03-17 21:02:16,0.0,0,0,6960591,2019-03-17 21:02:16,btc,0.0,1.001e-05,0,btc,0.0,0.0,0.0,27
1,[],11,[],2019-03-17 21:02:18,8493678.24590115,0.00000006,0.0000000000023950619999999996,6960592,2019-03-17 21:02:18,btc,67506.1992155516,5956.66666667,0.00000006,btc,7966196.08369704,0.0,0.4691399049180229,27
1,[],4,[],2019-03-17 21:02:19,2158489651.244226,0.00000001,0.000000000000399177,6960593,2019-03-17 21:02:19,btc,3.060045380447523,0.0,0.00000001,"btc,ltc",260130786.28735,0.2838257,9.919732593860424,29
1,[],7,[],2019-03-17 21:02:22,35613182.13418711,0.00000001,0.000000000000399177,6960594,2019-03-17 21:02:22,btc,44461604.29079431,1854.5,0.00000001,btc,52325034.42656505,3.709e-05,0.3561318213418711,29
1,[],4,[],2019-03-17 21:02:23,4031813.39331954,0.00000016,0.000000000006386832,6960595,2019-03-17 21:02:23,btc,2.8112866756743813,0.0,0.00000016,btc,2299582.93305157,0.00169537,0.1015417315974381,30
0,[],17,[],2019-03-17 21:02:24,0.0,0,0,6960596,2019-03-17 21:02:24,btc,0.0,0.0,0,btc,0.0,0.0,0.0,30
1,[],4,[],2019-03-17 21:02:25,186401.23544891,0.00006217,0.000000002481683409,6960597,2019-03-17 21:02:25,btc,6.501942436696743,0.0,0.00006217,btc,64444.44055467,3.59273999,2.2667374174889416,31
1,[],21,[],2019-03-17 21:02:26,77738.14760738,0.00006257000000000000571303421237,0.000000002497650489,6960598,2019-03-17 21:02:26,btc,10.21415626053969,1163151.94423095,0.000062570000000000005713034212373457876310567371547222137451171875,btc,147113.12757501,74.16393361,4.518226316098204,31
0,[],2,[],2019-01-20 23:28:43,0.0,0,0,6477009,2019-01-20 23:28:43,,0.0,0.0,0,,0.0,0.0,0.0,32
1,[],4,[],2019-03-17 20:48:31,387681253.1341722,0.00000004,0.000000000001595724,6960233,2019-03-17 20:48:31,btc,8.998901081610096,0.0,0.00000004,"btc,ltc",183209513.3744499,0.81495723,8.086648604801951,33
1,[],12,[],2019-03-17 20:48:32,29509430.99233333,0.00000004,0.000000000001595724,6960234,2019-03-17 20:48:32,btc,4127588.3399482197,0.0,0.00000004,btc,19990718.68044455,0.1932231859677321,0.7144195367199999,33
1,[],4,[],2019-03-17 21:02:27,90980483.02817006,0.00000001,0.000000000000399177,6960599,2019-03-17 21:02:27,btc,3.3700642055945416,0.0,0.00000001,btc,104133589.88327172,0.00308744,0.9098048302817007,34
1,[],5,[],2019-03-17 21:02:29,0.0,0,0,6960600,2019-03-17 21:02:29,btc,0.0,0.03389966,0,btc,0.0,0.0,0.0,34
0,[],17,[],2019-03-17 20:55:58,0.0,0,0,6960428,2019-03-17 20:55:58,btc,0.0746458232965017,0.0,0,btc,4103573.70243647,0.0,0.0,36
0.0000000001521716,[],4,[],2019-03-17 21:02:30,4816121135.524447,1.521716e-18,6.074340277320001e-23,6960601,2019-03-17 21:02:30,ltc,5.08313015376663e-08,0.0,0.00000001,ltc,6357868517.702046,0.0,7.328768589865721e-09,36
1,[],5,[],2019-03-17 21:02:32,0.0,0,0,6960602,2019-03-17 21:02:32,btc,0.0,0.0,0,btc,0.0,0.0,0.0,36
0.00000000034953230000000004,[],27,[],2019-03-17 21:02:35,998000.16325,3.4953230000000005e-18,1.395252549171e-22,6960603,2019-03-17 21:02:35,eth,223.80396210580784,0.0,0.00000001,"ltc,eth",12165396.31058689,0.0,1.5186731386114797e-12,36
1,[],4,[],2019-03-17 20:56:01,371614.58855115,0.00000054,0.000000000021556962000000002,6960430,2019-03-17 20:56:01,btc,19772.491931266726,0.0,0.00000054,btc,605182.90099273,0.03986794,0.0808754010681237,37
1,[],12,[],2019-03-17 20:56:02,516719.86383686,0.00000059,0.000000000023552977,6960431,2019-03-17 20:56:02,btc,20.630165051970284,0.0,0.00000059,btc,379647.17742773,0.035863629489551,0.186709905604136,37
1,[],17,[],2019-03-17 20:56:03,1752.74075282,0.00000025,0.000000000009980075,6960432,2019-03-17 20:56:03,btc,0.05548492398916335,0.0,0.00000025,btc,1387.19918473,0.0,0.00043818518820499993,37
1,[],27,[],2019-03-17 20:56:06,14685.567,0.00000045,0.000000000017964135,6960433,2019-03-17 20:56:06,btc,24.25536383611233,0.0,0.00000045,btc,6518.38138508,0.0,0.00480032515,37
1,[],5,[],2019-03-17 21:02:36,0.0,0,0,6960604,2019-03-17 21:02:36,btc,0.0,0.09604357,0,btc,0.0,0.0,0.0,42
1,[],12,[],2019-03-17 21:02:37,253927.1772062,0.000001049999999999999899545958213786800428124479367397725582122802734375,0.000000000041913584999999996,6960605,2019-03-17 21:02:37,btc,5.577294988014446,0.0,0.000001049999999999999899545958213786800428124479367397725582122802734375,btc,27357.63505224,0.0072835170360814,0.0200508743611946,42
0.00000000034953230000000004,[],27,[],2019-03-17 21:02:40,22000.0,4.1943876000000003e-17,1.6743030590052002e-21,6960606,2019-03-17 21:02:40,eth,0.00315028,0.0,0.00000012,"btc,eth",11.007,0.0,8.45868166e-13,42
1,[],5,[],2019-03-17 20:49:03,0.0,0,0,6960246,2019-03-17 20:49:03,btc,0.0,0.01813389,0,btc,0.0,0.0,0.0,43
0,[],17,[],2019-03-17 20:49:05,0.0,0,0,6960247,2019-03-17 20:49:05,btc,0.0,0.0,0,btc,0.0,0.0,0.0,43
1,[],12,[],2019-03-13 09:13:29,1112112.0,0.00000001,0.000000000000386531,6919902,2019-03-13 09:13:29,btc,29058.00478931866,0.0,0.00000001,btc,5967681.93306694,9.99000999e-07,0.01112112,43
1,[],12,[],2019-03-05 01:54:08,639326.02,0.00000004,0.000000000001486676,6845775,2019-03-05 01:54:08,btc,11116042.728239931,0.0,0.00000004,btc,1103841.4595604,0.0003330765234764,0.014975410599999999,44
1,[],4,[],2019-03-17 21:02:41,298299263.68716395,0.00000003,0.000000000001197531,6960607,2019-03-17 21:02:41,btc,494.5065039717159,0.0,0.00000003,"btc,ltc",16725637.06583875,0.00097709,0.28835799929822276,49
0.0000000001521716,[],4,[],2019-03-17 21:02:42,526681308.62466913,1.521716e-18,6.074340277320001e-23,6960608,2019-03-17 21:02:42,ltc,25.901654675565823,0.0,0.00000001,ltc,8614125116.009727,0.0,8.01459374235097e-10,52
0,[],22,[],2019-03-17 20:49:16,0.0,0,0,6960250,2019-03-17 20:49:16,,4428.59026215,0.0,0,,305937213.5359664,0.0,0.0,57
0.0000000003495663,[],27,[],2019-03-17 20:49:20,2000.0,3.495663e-18,1.3945283362530002e-22,6960251,2019-03-17 20:49:20,eth,0.0,0.0,0.00000001,"btc,eth",0.0,0.0,6.991326000000001e-15,57
0.0000000001521618,[],4,[],2019-03-17 20:56:14,791782892.751,3.043236e-18,1.214868940908e-22,6960439,2019-03-17 20:56:14,ltc,18.657618114146636,0.0,0.00000002,ltc,4685708370.637704,0.0,1.8337300687815755e-09,58
1,[],12,[],2019-03-17 20:56:14,1459091315.0,0.0000000003,0.00000000000001197609,6960440,2019-03-17 20:56:14,btc,4023045.8791222265,0.0,0.0000000003,btc,1605541650.3184314,0.014500965098801203,0.3760514886,58
0,[],17,[],2019-03-17 20:56:15,0.0,0,0,6960441,2019-03-17 20:56:15,btc,1e+24,0.0,0,btc,49306342.21952568,0.0,0.0,58
0.0000000001314396,[],22,[],2019-03-17 20:56:18,137438.0,1.314396e-18,5.24710826388e-23,6960442,2019-03-17 20:56:18,XMR,69.1795942,0.0,0.00000001,XMR,9887963.0,0.0,0.00137438,58
1,[],5,[],2019-03-17 21:02:44,0.0,0,0,6960609,2019-03-17 21:02:44,btc,0.0,0.04011254,0,btc,0.0,0.0,0.0,61
1,[],22,[],2019-03-17 21:02:47,13656.0,0.00000012,0.000000000004790124,6960610,2019-03-17 21:02:47,BTC,1002.2960049,0.0,0.00000012,BTC,14976.68361146909,0.0,0.00153775,61
1,[],26,[],2019-03-17 21:02:47,0.0,0.00000800,0.0000000003193416,6960611,2019-03-17 21:02:47,btc,0.0,0.0,0.00000800,btc,0.0,0.0,0.0,61
1,[],27,[],2019-03-17 21:02:51,2138.56798,0.00000047,0.000000000018761319,6960612,2019-03-17 21:02:51,btc,2.8850305703141323,0.0,0.00000047,"btc,eth",19862.59257617,0.0,0.0001983399935399802,61
1,[],28,[],2019-03-17 21:02:53,13880.304,0.0000005,0.00000000001995885,6960613,2019-03-17 21:02:53,btc,2.056312978300105,455.0,0.0000005,btc,9730.59500005,0.0,0.00566391304,61
1,[],4,[],2019-03-17 20:56:27,1404436.34223994,0.00000220,0.00000000008782466,6960448,2019-03-17 20:56:27,btc,9.541040376335506,0.0,0.00000220,btc,808211.77894207,0.19205832,1.2409193167465504,67
0.0,[],25,[],2019-03-17 20:56:29,0.0,0,0,6960449,2019-03-17 20:56:29,,0.0,0.0,0.0,btc,0.0,0.0,0.0,67
1,[],12,[],2019-03-17 21:02:54,889441.71554454,0.00000016,0.000000000006386832,6960614,2019-03-17 21:02:54,btc,1111615.2157956155,0.0,0.00000016,btc,946967.18247522,0.0182268507500941,0.0750416141918162,71
,[],5,[],2018-11-20 23:02:39,1.5e-07,0.00000005,0.000000000002128045,4862160,2018-11-20 23:02:39,btc,2.84511358,0.0,,btc,0.00036572,0.0,0.07381892,74
1,[],5,[],2019-03-17 21:02:55,0.0,0,0,6960615,2019-03-17 21:02:55,btc,0.0,0.0,0,btc,0.0,0.0,0.0,75
0,[],20,[],2019-01-25 09:30:31,0.0,0,0,6495923,2019-01-25 09:30:31,btc,0.0,0.0,0,btc,0.0,0.0,0.0,81
1,[],4,[],2019-03-17 21:02:57,13382103.94481309,0.00000001,0.000000000000399177,6960616,2019-03-17 21:02:57,btc,11370.01956508711,0.0,0.00000001,btc,39949505.59932191,0.0,0.1338210394481309,81
1,[],4,[],2019-03-17 21:03:00,23608.28904827,0.00008072,0.000000003222156744,6960617,2019-03-17 21:03:00,btc,18.108592620766355,0.0,0.00008072,btc,12080.4977079,0.03298579,0.0796408025719523,82
1,[],21,[],2019-03-17 21:03:01,919750.1514748799,0.00007843000000000000632941615786,0.0000000031307452110000003,6960618,2019-03-17 21:03:01,btc,2.7159446293890506,1137.36313109,0.000078430000000000006329416157857536973097012378275394439697265625,btc,30266.05695491,0.08951878,3.75645194487747,82
0,[],17,[],2019-03-17 21:03:03,0.0,0,0,6960619,2019-03-17 21:03:03,btc,0.0447233088476774,0.0,0,btc,999127.19588126,0.0,0.0,84
0.0000000001521618,[],4,[],2019-03-17 20:56:33,150574885.518771,4.5648539999999996e-18,1.8223034113620002e-22,6960452,2019-03-17 20:56:33,ltc,1.6762916256428,0.0,0.00000003,ltc,391359030.1066439,0.0,3.36618695401529e-10,85
,[],22,[],2018-11-20 23:09:34,3408.1,0.0000001,0.0000000000041895,4862324,2018-11-20 23:09:34,BTC,0.04624735,0.0,,BTC,4990.0,0.0,0.00033081,86
1,[],22,[],2019-03-17 20:56:36,111869.83333333333,0.00000006,0.000000000002395218,6960453,2019-03-17 20:56:36,BTC,2.07824106,0.0,0.00000006,BTC,165278.94736842104,0.0,0.00185219,87
1,[],27,[],2019-03-17 20:56:38,50.0,0.00000001,0.000000000000399203,6960454,2019-03-17 20:56:38,btc,5.0622307389352,0.0,0.00000001,btc,27725.9038596,0.0,5e-07,87
,[],2,[],2018-11-20 23:10:47,0.0,0,0,4862359,2018-11-20 23:10:47,,0.0,0.0,,,0.0,0.0,0.0,88
1,[],11,[],2019-03-17 21:03:06,110490.4205887,0.00015020999999999998654291732957943850124138407409191131591796875,0.000000005996037716999999,6960620,2019-03-17 21:03:06,btc,612.0046833995599,3617.71344502,0.00015020999999999998654291732957943850124138407409191131591796875,btc,100708.07919548,0.0,8.886684898080233,89
0,[],2,[],2019-01-20 23:31:45,0.0,0,0,6477083,2019-01-20 23:31:45,,0.0,0.0,0,,0.0,0.0,0.0,91
0,[],17,[],2019-03-17 20:49:57,0.0,0,0,6960273,2019-03-17 20:49:57,btc,0.0,0.0,0,btc,0.0,0.0,0.0,91
1,[],12,[],2019-03-17 21:03:07,313169.68799051,0.00000094,0.000000000037522638,6960621,2019-03-17 21:03:07,btc,58.444437785372685,0.0,0.00000094,btc,89143.65126046,0.0018187677845222,0.0316065912999838,91
1,[],22,[],2019-03-17 21:03:20,65900.0,0.00000001,0.000000000000399177,6960622,2019-03-17 21:03:20,BTC,3e-06,0.0,0.00000001,BTC,1.0,0.0,0.000659,91
0.0000000001521618,[],22,[],2019-03-17 20:56:55,24500000.0,9.129707999999999e-18,3.6446068227240003e-22,6960457,2019-03-17 20:56:55,LTC,3.31498785,0.0,0.00000006,LTC,37200566.889473684,0.0,0.58,95
0.0000000001521618,[],4,[],2019-03-17 20:56:56,541257850.8092245,7.60809e-17,3.0371723522700003e-21,6960458,2019-03-17 20:56:56,ltc,11.88422921870913,0.0,0.0000005,ltc,134894113.03915155,0.0,1.2272010327929806e-09,96
0,[],12,[],2019-03-17 20:56:58,0.0,0,0,6960459,2019-03-17 20:56:58,btc,10.657997353856144,0.0,0,btc,3097538.38561436,0.0005871628371629,0.0,96
0,[],17,[],2019-03-17 20:50:07,0.0,0,0,6960278,2019-03-17 20:50:07,btc,0.0,0.0,0,btc,0.0,0.0,0.0,96
1,[],4,[],2019-03-16 18:49:21,3998474.84970752,0.00000061,0.000000000024391582,6947934,2019-03-16 18:49:21,btc,7.196008449129943,0.0,0.00000061,btc,2595646.16802026,0.53409374,0.807137943529949,99
1,[],4,[],2019-03-17 20:57:00,289230.29461049,0.00003496,0.0000000013956136880000001,6960460,2019-03-17 20:57:00,btc,11.34978642211942,0.0,0.00003496,btc,180310.7231743,1.26255538,1.6442960659755124,100
0,[],2,[],2019-01-20 23:23:55,0.0,0,0,6476914,2019-01-20 23:23:55,,0.0,0.0,0,,0.0,0.0,0.0,100
1,[],22,[],2019-03-17 21:03:29,120000.0,0.00000002,0.000000000000798354,6960623,2019-03-17 21:03:29,BTC,24.82891609,0.0,0.00000002,BTC,11877.22,0.0,0.0014,101
1,[],4,[],2019-03-17 21:03:29,419780.09937868,0.00000102,0.000000000040716054,6960624,2019-03-17 21:03:29,btc,292.5027975245364,0.0,0.00000102,btc,528222.25255895,0.07816289,0.2171133543491321,103
1,[],12,[],2019-03-17 20:57:19,31776789.0,0.000000007,0.0000000000002794421,6960463,2019-03-17 20:57:19,btc,3219028.669585131,0.0,0.000000007,btc,66351254.15025973,0.00899228231456534,0.052856698,105
0,[],27,[],2019-03-17 20:57:21,0.0,0,0,6960464,2019-03-17 20:57:21,,36.61168845936601,0.0,0,btc,1500858.60039724,0.0,0.0,105
1,[],22,[],2019-03-17 20:57:24,9328.0,0.00000001,0.000000000000399203,6960465,2019-03-17 20:57:24,BTC,51.10837004,0.0,0.00000001,BTC,470435.0,0.0,9.328e-05,107
1,[],26,[],2019-03-17 20:57:24,0.0,0.00000000,0,6960466,2019-03-17 20:57:24,btc,0.0,0.0,0.00000000,btc,0.0,0.0,0.0,107
1,[],5,[],2019-03-17 21:03:33,0.0,0,0,6960625,2019-03-17 21:03:33,btc,0.0,0.00072978,0,btc,0.0,0.0,0.0,112
1,[],22,[],2019-03-17 21:03:36,1966.0,0.00000001,0.000000000000399177,6960626,2019-03-17 21:03:36,BTC,2.7794366,0.0,0.00000001,BTC,826409.0833333334,0.0,1.966e-05,112
0.00000000034953230000000004,[],27,[],2019-03-17 21:03:38,2000.0,3.4953230000000005e-18,1.395252549171e-22,6960627,2019-03-17 21:03:38,eth,1.24996908,0.0,0.00000001,"btc,eth",1289.0,0.0,6.990646000000001e-15,112
1,[],4,[],2019-03-17 20:57:31,1044851.48876758,0.00000187,0.000000000074650961,6960470,2019-03-17 20:57:31,btc,4.3511349452495285,0.0,0.00000187,btc,413805.02112034,0.1074235,0.9456996654482517,113
1,[],5,[],2019-03-17 20:57:33,0.0,0,0,6960471,2019-03-17 20:57:33,btc,0.0,0.0,0,btc,0.0,0.0,0.0,113
1,[],17,[],2019-03-17 21:03:40,152738.278,0.00000004,0.000000000001596708,6960628,2019-03-17 21:03:40,btc,1.3368030274874254,0.0,0.00000004,btc,51896.221,0.0,0.0022095311199999998,116
0,[],27,[],2019-03-17 21:03:42,0.0,0,0,6960629,2019-03-17 21:03:42,,0.0,0.0,0,btc,0.0,0.0,0.0,116
1,[],4,[],2019-03-17 20:57:34,69383.85587705,0.00004103,0.000000001637929909,6960472,2019-03-17 20:57:34,btc,102.75974655315704,0.0,0.00004103,btc,45229.63105185,0.29993552,1.311992227441001,120
1,[],7,[],2019-03-17 20:57:36,23197.75539687,0.00002669000000000000026394685048725108345024636946618556976318359375,0.0000000010654728070000001,6960473,2019-03-17 20:57:36,btc,115651.20906854853,150.28774618,0.00002669000000000000026394685048725108345024636946618556976318359375,btc,27360.964810420002,0.00701739,0.058100051981290396,120
1,[],20,[],2019-03-17 20:57:40,1562128.0982,0.000000034,0.0000000000013572902,6960474,2019-03-17 20:57:40,btc,32.3019190406648,9516.559,0.000000034,btc,1028084.0986,0.000323563006,0.0117960966506,125
1,[],22,[],2019-03-17 21:03:55,3053.0,0.00000001,0.000000000000399177,6960630,2019-03-17 21:03:55,BTC,0.01444887,0.0,0.00000001,BTC,296263.5111111111,0.0,3.053e-05,126
1,[],4,[],2019-03-17 20:57:41,1257221.89668557,0.00001130,0.00000000045109939000000005,6960475,2019-03-17 20:57:41,btc,3.033803506621055,0.0,0.00001130,btc,127491.92953829,0.20743782,0.4835356916380256,131
0,[],17,[],2019-03-17 20:57:43,0.0,0,0,6960476,2019-03-17 20:57:43,btc,0.0953976503951408,0.0,0,btc,5037.62507334,0.0,0.0,131
0,[],2,[],2019-01-20 23:25:46,0.0,0,0,6476969,2019-01-20 23:25:46,,0.0,0.0,0,,0.0,0.0,0.0,131
1,[],4,[],2019-03-17 20:50:50,4612.02875072,0.00025027,0.000000009984046137,6960295,2019-03-17 20:50:50,btc,0.5257920927744582,0.0,0.00025027,btc,193.40119446,0.02081851,0.0189912374604653,135
1,[],3,[],2019-03-07 00:20:44,877702.73244099,0.00000004,0.00000000000154846,6863392,2019-03-07 00:20:44,btc,0.119366241821405,0.0,0.00000004,btc,760637.99421222,0.0,0.023771231960604298,136
1,[],4,[],2019-03-17 21:03:56,577708.83393253,0.00000114,0.000000000045506178000000004,6960631,2019-03-17 21:03:56,btc,38.77573367090905,0.0,0.00000114,btc,587165.30871336,0.0120721,0.1435692193006968,137
1,[],12,[],2019-03-17 21:03:58,167909.23315381,0.000001039999999999999995289683661636725986454621306620538234710693359375,0.000000000041514408,6960632,2019-03-17 21:03:58,btc,37.50360643774949,0.0,0.000001039999999999999995289683661636725986454621306620538234710693359375,btc,8692.56980936,0.0131491545095579,0.0169573199999784,137
1,[],17,[],2019-03-17 20:43:54,22967.386363640002,0.00000088,0.000000000035080672000000003,6960105,2019-03-17 20:43:54,btc,20.0699133484,0.0,0.00000088,btc,405.079105,0.0,0.0104613000000032,142
1,[],4,[],2019-03-17 21:03:58,1210843.0376501,0.00003499,0.000000001396720323,6960633,2019-03-17 21:03:58,btc,28.89531132556787,0.0,0.00003499,btc,55118.61092006,0.23373938,0.3688781072965165,142
1,[],5,[],2019-03-17 21:04:00,0.0,0,0,6960634,2019-03-17 21:04:00,btc,0.0,0.16242344,0,btc,0.0,0.0,0.0,142
1,[],20,[],2019-03-17 21:04:02,148990.3282,0.00003005,0.000000001199526885,6960635,2019-03-17 21:04:02,btc,0.3359267524272,3.6583,0.00003005,btc,2242.1871,0.000109931915,0.3098730670687,142
1,[],22,[],2019-03-17 21:04:05,1470.2803921568627,0.00001020,0.00000000040716054,6960636,2019-03-17 21:04:05,BTC,3.0054103,0.0,0.00001020,BTC,910.5995,0.0,0.00121106,142
0.0,[],25,[],2019-03-17 21:04:06,0.0,0,0,6960637,2019-03-17 21:04:06,,0.0,0.0,0.0,btc,0.0,0.0,0.0,142
1,[],28,[],2019-03-17 21:04:07,78772.283,0.00001100,0.00000000043909470000000003,6960638,2019-03-17 21:04:07,btc,0.0598892044,274.0,0.00001100,btc,406.39693,0.0,0.02180643,142
0,[],22,[],2019-03-17 21:04:16,0.0,0,0,6960639,2019-03-17 21:04:16,,65.83974167,0.0,0,,1043215670.8,0.0,0.0,143
0,[],22,[],2019-02-25 15:42:22,0.0,0,0,6783783,2019-02-25 15:42:22,,4.2131946,0.0,0,,2322156.0,0.0,0.0,146
,[],22,[],2018-11-20 23:01:11,0.0,0,0,4862114,2018-11-20 23:01:11,,2.56807021,0.0,,,61828.4988236,0.0,0.0,147
1,[],12,[],2019-03-17 20:44:11,389003.04839896,0.0000027300000000000001199843176202808336938687716610729694366455078125,0.00000000010882981200000001,6960111,2019-03-17 20:44:11,btc,9.693601176728572,0.0,0.0000027300000000000001199843176202808336938687716610729694366455078125,btc,108330.39740171,0.0,0.1691370299999054,148
1,[],4,[],2019-03-17 20:58:05,216052.31071719,0.00000027,0.000000000010778481000000001,6960485,2019-03-17 20:58:05,btc,218.95231671029796,0.0,0.00000027,btc,806434.2620324,0.0,0.0492695099147651,152
0,[],22,[],2019-03-17 20:58:07,0.0,0,0,6960486,2019-03-17 20:58:07,,0.0,0.0,0,,0.0,0.0,0.0,152
1,[],5,[],2019-03-17 20:58:09,0.0,0,0,6960487,2019-03-17 20:58:09,btc,0.0,0.0,0,btc,0.0,0.0,0.0,153
,[],16,[],2019-01-11 15:38:59,0.0,0,0,6366141,2019-01-11 15:38:59,btc,0.0,0.0,,btc,0.0,0.0,0.0,155
0,[],22,[],2019-03-17 20:58:11,0.0,0,0,6960488,2019-03-17 20:58:11,,6.74640151,0.0,0,,4675792.242592593,0.0,0.0,156
0,[],23,[],2019-01-20 23:24:29,0.0,0,0,6476932,2019-01-20 23:24:29,,0.0,0.0,0,,0.0,0.0,0.0,156
1,[],22,[],2019-03-17 20:58:14,7073.8,0.00005300,0.0000000021157759000000003,6960489,2019-03-17 20:58:14,BTC,1.79802465,0.0,0.00005300,BTC,802.6461988741639,0.0,0.00104336,157
0,[],22,[],2019-03-17 21:04:19,0.0,0,0,6960640,2019-03-17 21:04:19,,50175.67608608,0.0,0,,54079135.04179466,0.0,0.0,158
,[],17,[],2018-11-20 22:56:10,0.0,0,0,4861976,2018-11-20 22:56:10,btc,1.1265625,0.0,,btc,1000.0,0.0,0.0,159
,[],20,[],2018-11-20 22:56:12,0.0,0,0,4861977,2018-11-20 22:56:12,btc,11912.7940471,0.0,,btc,34413894.3617,0.0,0.0,159
1,[],12,[],2019-03-17 21:04:20,234252.0884308,0.0000073599999999999998363526924893829317397830891422927379608154296875,0.000000000293794272,6960641,2019-03-17 21:04:20,btc,12.666581256447161,0.0,0.0000073599999999999998363526924893829317397830891422927379608154296875,btc,7811.757989,0.0018831108521699,0.110929877199868,168
1,[],17,[],2019-03-17 20:58:17,29784.95,0.000001,0.0000000000399203,6960491,2019-03-17 20:58:17,btc,0.03026736251542,0.0,0.000001,btc,144.46171372,0.0,0.00716147,168
0,[],22,[],2019-03-17 20:58:19,0.0,0,0,6960492,2019-03-17 20:58:19,,45.65713776,0.0,0,,516897.19471078104,0.0,0.0,169
1,[],22,[],2019-03-17 20:58:27,199651.0,0.00000007,0.0000000000027944210000000003,6960493,2019-03-17 20:58:27,BTC,14.35309206,0.0,0.00000007,BTC,170481.20365968585,0.0,0.00220112,171
1,[],22,[],2019-03-17 20:58:31,523990.0,0.00000003,0.000000000001197609,6960494,2019-03-17 20:58:31,BTC,1.98706897,0.0,0.00000003,"BTC,LTC",379090.984355139,0.00111485,0.0138397,173
1,[],5,[],2019-03-17 21:04:32,0.0,0,0,6960642,2019-03-17 21:04:32,btc,0.0,0.00550706,0,btc,0.0,0.0,0.0,175
1,[],22,[],2019-03-17 20:58:34,112960.2,0.0000001,0.00000000000399203,6960495,2019-03-17 20:58:34,BTC,0.59515542,0.0,0.0000001,BTC,139250.20308941446,0.0010432,0.00958602,176
1,[],7,[],2019-03-17 20:58:35,1340730.26973025,0.00000001,0.000000000000399203,6960496,2019-03-17 20:58:35,btc,410194.03291032685,99831878.8323,0.00000001,btc,27749216.851573,0.99835425,0.0134073026973025,178
0,[],22,[],2019-03-17 20:58:37,0.0,0,0,6960497,2019-03-17 20:58:37,,1.00242438,0.0,0,,57522.0,0.0,0.0,178
0,[],2,[],2019-01-20 23:28:34,0.0,0,0,6477001,2019-01-20 23:28:34,,0.0,0.0,0,,0.0,0.0,0.0,178
1,[],5,[],2019-03-17 20:58:39,0.0,0,0,6960498,2019-03-17 20:58:39,btc,0.0,0.07344841,0,btc,0.0,0.0,0.0,179
1,[],22,[],2019-03-17 20:58:42,6820779.5,0.00000002,0.000000000000798406,6960499,2019-03-17 20:58:42,BTC,5.63218152,0.0,0.00000002,"BTC,LTC",17390276.489868753,0.00092653,0.37135631,179
0,[],23,[],2019-01-20 23:25:08,0.0,0,0,6476952,2019-01-20 23:25:08,,0.0,0.0,0,,0.0,0.0,0.0,179
1,[],17,[],2019-03-17 20:58:53,10504.725,0.0000001,0.00000000000399203,6960500,2019-03-17 20:58:53,btc,5.2010695838170005,0.0,0.0000001,btc,4994.45945,0.0,0.0010504725,180
1,[],22,[],2019-03-17 20:58:57,666094.7153409091,0.00000162,0.000000000064670886,6960501,2019-03-17 20:58:57,BTC,38.01066596,0.0,0.00000162,"BTC,LTC",109644.99268259536,0.00316394,0.57163369,180
1,[],26,[],2019-03-17 20:58:57,0.0,0.00000125,0.000000000049900375000000007,6960502,2019-03-17 20:58:57,btc,0.0,4607.9,0.00000125,btc,0.0,0.0,0.0,180
,[],7,[],2018-11-20 22:58:01,562227.975654,0.00000085,0.000000000036176765,4862015,2018-11-20 22:58:01,btc,21836.6059674,2491.87645172,,btc,749999.041456,0.00211021,0.127565380455,183
,[],5,[],2019-01-10 08:11:41,0.0,0,0,6347036,2019-01-10 08:11:41,btc,82.15055501,0.00261,,btc,1.19002445,0.0,0.0,187
1,[],24,[],2019-03-17 20:58:57,0.0,0.000000000001,3.9920300000000005e-17,6960503,2019-03-17 20:58:57,btc,0.0,0.0,0.000000000001,btc,0.0,0.0,0.0,187
,[],17,[],2018-11-16 20:58:10,4062536.27273,0.00000001,0.000000000000550501,4708775,2018-11-16 20:58:10,btc,3.36492563466,0.195460381006,,"btc,eth",110697919.549,0.0,0.0157628953496,187
1,[],22,[],2019-03-17 21:04:41,13812.0,0.00000001,0.000000000000399177,6960643,2019-03-17 21:04:41,BTC,7.56699454,0.0,0.00000001,BTC,79361.7243344055,0.0,0.00013812,191
0,[],22,[],2019-03-17 20:52:14,0.0,0,0,6960325,2019-03-17 20:52:14,,0.0,0.0,0,,0.0,0.0,0.0,197
0,[],23,[],2019-01-20 23:31:41,0.0,0,0,6477079,2019-01-20 23:31:41,,0.0,0.0,0,,0.0,0.0,0.0,199
0,[],22,[],2019-03-17 20:58:59,0.0,0,0,6960504,2019-03-17 20:58:59,,5.28896145,0.0,0,,23514884.0,0.0,0.0,199
1,[],26,[],2019-03-17 20:58:59,0.0,0.00000000,0,6960505,2019-03-17 20:58:59,btc,0.0,130107.0,0.00000000,btc,0.0,0.0,0.0,199
0,[],2,[],2019-01-20 23:30:49,0.0,0,0,6477059,2019-01-20 23:30:49,,0.0,0.0,0,,0.0,0.0,0.0,201
1,[],4,[],2019-01-25 15:51:35,2084389.58565343,0.00000936,0.000000000333526752,6499557,2019-01-25 15:51:35,btc,2.0092503037378524,0.0,0.00000936,btc,160195.80207885,0.19272417,1.242687955921835,211
1,[],7,[],2019-03-17 20:59:03,4177001.23711229,0.000001049999999999999899545958213786800428124479367397725582122802734375,0.000000000041916315,6960506,2019-03-17 20:59:03,btc,15476701.97093217,2762100.52115,0.000001049999999999999899545958213786800428124479367397725582122802734375,btc,14220011.04680187,0.0,2.927539636479689,212
1,[],5,[],2019-03-17 21:04:44,0.0,0,0,6960644,2019-03-17 21:04:44,btc,0.0,0.13909389,0,btc,0.0,0.0,0.0,213
1,[],24,[],2019-03-17 21:04:44,0.0,0.000000220000,0.000000000008781894,6960645,2019-03-17 21:04:44,btc,0.0,0.0,0.000000220000,btc,0.0,0.0,0.0,213
1,[],26,[],2019-03-17 21:04:44,0.0,0.00000040,0.000000000015967080000000002,6960646,2019-03-17 21:04:44,btc,0.0,0.0,0.00000040,btc,0.0,0.0,0.0,213
1,[],12,[],2019-01-25 02:44:32,207462.42853209,0.000001080000000000000035831255497387193287295303889550268650054931640625,0.000000000038610756000000006,6493050,2019-01-25 02:44:32,btc,85023.03793723314,0.0,0.000001080000000000000035831255497387193287295303889550268650054931640625,btc,43675.73520027,0.000146250909087,0.0348620860622024,213
1,[],22,[],2019-03-17 20:59:06,25000.0,0.00000001,0.000000000000399203,6960507,2019-03-17 20:59:06,BTC,2.28287774,0.0,0.00000001,BTC,570573.3963726171,0.00815056,0.00025,216
1,[],27,[],2019-03-17 20:59:08,1233122.0,0.00000003,0.000000000001197609,6960508,2019-03-17 20:59:08,btc,316.9780375147724,0.0,0.00000003,"btc,ltc",245929.924324,0.0,0.03375764000007608,216
1,[],22,[],2019-03-17 20:59:11,190418.0,0.00000142,0.000000000056686826000000003,6960509,2019-03-17 20:59:11,BTC,12543.62427108,0.0,0.00000142,BTC,437085.17914549337,0.03493762,0.16639391,217
1,[],7,[],2019-03-17 20:59:13,0.0,0,0,6960510,2019-03-17 20:59:13,btc,77969.33757097446,0.0,0,btc,135811624.2426053,0.0,0.0,219
0,[],27,[],2019-03-17 20:59:15,0.0,0,0,6960511,2019-03-17 20:59:15,,0.0404796,0.0,0,btc,2057905.0,0.0,0.0,219
0.0000000000000051,[],28,[],2019-03-17 20:59:17,170722989.525,2.55e-18,1.01796765e-22,6960512,2019-03-17 20:59:17,doge,115321.1607606176,9362.0,0.00050000,"btc,doge",8231923.91281,0.0,1.702075359052437e-11,219
1,[],22,[],2019-03-17 20:59:19,405411.0,0.00000008,0.000000000003193624,6960513,2019-03-17 20:59:19,BTC,18.11714691,0.0,0.00000008,BTC,95717.74459740352,0.0012734,0.01918633,221
1,[],24,[],2019-03-17 20:59:20,0.0,0.000000200000,0.00000000000798406,6960514,2019-03-17 20:59:20,btc,0.0,0.0,0.000000200000,btc,0.0,0.0,0.0,221
1,[],20,[],2019-03-17 20:59:22,45448758.4686,0.000000003,0.0000000000001197609,6960515,2019-03-17 20:59:22,btc,49.3883824043753,1563510.7991,0.000000003,btc,13717603.6586,0.0129008328753,0.0536294338552,224
0,[],22,[],2019-03-17 20:59:24,0.0,0,0,6960516,2019-03-17 20:59:24,,0.0,0.0,0,,0.0,0.0,0.0,224
1,[],26,[],2019-03-17 20:59:25,0.0,0.00000022,0.000000000008782466000000001,6960517,2019-03-17 20:59:25,btc,0.0,0.0,0.00000022,btc,0.0,0.0,0.0,231
1,[],26,[],2019-03-17 21:04:45,0.0,0.00000005,0.0000000000019958850000000002,6960647,2019-03-17 21:04:45,btc,0.0,0.0,0.00000005,btc,0.0,0.0,0.0,234
0.00000000034953230000000004,[],27,[],2019-03-17 21:04:48,2000.0,3.4953230000000005e-18,1.395252549171e-22,6960648,2019-03-17 21:04:48,eth,0.01134836604,0.0,0.00000001,"btc,eth",11462.996,0.0,6.990646000000001e-15,234
1,[],4,[],2019-03-17 20:59:30,1005924.67769127,0.00000094,0.000000000037525082,6960520,2019-03-17 20:59:30,btc,4.337827713937385,0.0,0.00000094,btc,1089884.61243668,0.13984648,0.3649029247368234,236
1,[],24,[],2019-03-17 20:59:30,0.0,0.000000500000,0.00000000001996015,6960521,2019-03-17 20:59:30,btc,0.0,0.0,0.000000500000,btc,0.0,0.0,0.0,236
1,[],20,[],2019-03-17 21:04:49,218421829.902,0.000000044,0.0000000000017563788,6960649,2019-03-17 21:04:49,btc,94.4644219586015,6491008.0292,0.000000044,btc,31557378.6642,0.307893053461,0.4040681713361,237
0.0000000001521716,[],22,[],2019-03-17 21:04:52,751594.9,2.5869172000000002e-17,1.0326378471444001e-21,6960650,2019-03-17 21:04:52,LTC,1.20370855,0.0,0.00000017,LTC,18673.0,0.0,0.12541949,237
1,[],4,[],2019-03-17 21:04:53,10881180.25552023,0.00000039,0.000000000015567903,6960651,2019-03-17 21:04:53,btc,8.318883165606342,0.0,0.00000039,btc,9433740.58789491,0.70049097,3.0892162147301687,238
1,[],5,[],2019-03-17 21:04:54,0.0,0,0,6960652,2019-03-17 21:04:54,btc,0.0,0.0253052,0,btc,0.0,0.0,0.0,238
0,[],22,[],2019-03-12 16:49:32,0.0,0,0,6914458,2019-03-12 16:49:32,,0.40415746,0.0,0,,526736.5639027493,0.0,0.0,249
0.0000000001521618,[],22,[],2019-03-17 20:59:51,48086691.666666664,4.5648539999999996e-18,1.8223034113620002e-22,6960526,2019-03-17 20:59:51,LTC,0.95711324,0.0,0.00000003,LTC,18565111.353636365,0.0,1.04160377,252
1,[],28,[],2019-03-17 21:04:56,1861272.998,0.0000007,0.00000000002794239,6960653,2019-03-17 21:04:56,btc,164780.49773727774,36168.0,0.0000007,btc,563792.1652,0.0,0.5573766214,256
1,[],22,[],2019-03-17 21:00:05,1333337.6666666667,0.00000003,0.000000000001197609,6960528,2019-03-17 21:00:05,BTC,31.89518723,0.0,0.00000003,BTC,821782.3623923111,5.961e-05,0.01893305,258
1,[],22,[],2019-03-13 00:07:30,47146.0,0.00000001,0.000000000000387233,6917028,2019-03-13 00:07:30,BTC,2.415167,0.0,0.00000001,BTC,157.0,0.0,0.00047146,259
1,[],5,[],2019-03-17 21:04:57,0.0,0,0,6960654,2019-03-17 21:04:57,btc,0.0,0.18364514,0,btc,0.0,0.0,0.0,264
1,[],20,[],2019-03-17 21:04:59,1295300.6858,0.000002,0.0000000000798354,6960655,2019-03-17 21:04:59,btc,7.1944173997976,7482.1245,0.000002,btc,99218.379,0.0221054139746,0.031746667932,264
0,[],22,[],2019-03-17 21:00:11,0.0,0,0,6960531,2019-03-17 21:00:11,,8.75669439,0.0,0,,483745.2241309945,0.0,0.0,271
0,[],22,[],2019-03-17 21:05:01,0.0,0,0,6960656,2019-03-17 21:05:01,,111821.87121834,0.0,0,,14098217297.692,0.0,0.0,272
0.0000000000000051,[],28,[],2019-03-17 21:05:02,206317293566.671,3.7739999999999996e-21,1.5064939980000001e-25,6960657,2019-03-17 21:05:02,doge,147653686.64383712,41979419.979,0.00000074,doge,246822028812.2514,0.0,5.217743171974143e-10,272
1,[],22,[],2019-03-17 21:00:18,132564.78,0.0000006,0.00000000002395218,6960534,2019-03-17 21:00:18,BTC,276.19025276,0.0,0.0000006,"BTC,LTC",189099.349108403,0.00317882,0.04308668,281
1,[],22,[],2019-03-17 21:00:20,281173.1666666667,0.00000006,0.000000000002395218,6960535,2019-03-17 21:00:20,BTC,1.30466462,0.0,0.00000006,BTC,357062.79404268885,0.02412042,0.00922029,286
0,[],22,[],2019-03-17 20:53:53,0.0,0,0,6960361,2019-03-17 20:53:53,,1044639.32963875,0.0,0,,752698718.0,0.0,0.0,294
