pairValue,buyBook,exchangeId,sellBook,updated,buyTotal,satoshiPrice,usdPrice,exchangeLogId,created,bestPair,sellTotalBtc,volume,pairPrice,activePairs,sellTotal,volumeBtc,buyTotalBtc,coinId
1,[],3,[],2019-05-27 07:06:44,433.393364338226,0.01025400999999999916700854640794204897247254848480224609375,0.000000893835899294,7693591,2019-05-27 07:06:44,btc,33.803312753945896,63.0878130188,0.01025400999999999916700854640794204897247254848480224609375,btc,26.25135689737,0.0,0.24698212713923903,1
1,[],4,[],2019-05-27 07:06:45,207669.85505363,0.01081895,0.0000009430813801300001,7693592,2019-05-27 07:06:45,btc,8.316117774150117,0.0,0.01081895,btc,356.60717297,1.42430596,0.462834541462468,1
1,[],5,[],2019-05-27 07:06:47,0.0,0,0,7693593,2019-05-27 07:06:47,btc,0.0,0.04866716,0,btc,0.0,0.0,0.0,1
1,[],10,[],2019-05-27 07:06:50,225844.11170003,0.0075625,0.0000006592185875,7693594,2019-05-27 07:06:50,btc,6521.822930497215,1958.44668773,0.0075625,btc,1334.59101835,0.0,2.403438472031582,1
1,[],12,[],2019-05-27 07:06:53,77.43895345,0.0107499999999999991395771559155036811716854572296142578125,0.00000093707105,7693595,2019-05-27 07:06:53,btc,0.2289300081726,0.0,0.0107499999999999991395771559155036811716854572296142578125,btc,20.17118144,0.453339907441,0.3058752861274,1
1,[],20,[],2019-05-27 07:06:55,973.471,0.01026285,0.0000008946064767900001,7693596,2019-05-27 07:06:55,btc,0.5037388200255,0.0889,0.01026285,btc,41.7488,0.001012358529,0.1101089546689,1
1,[],21,[],2019-05-27 07:06:56,1996.49646673,0.01078996999999999942265738184,0.000000940555210918,7693597,2019-05-27 07:06:56,btc,11.572637257534888,2854.36100846,0.0107899699999999994226573818423275952227413654327392578125,"btc,eth",1462.05920051,26.189278994287108,17.748873826113993,1
1,[],22,[],2019-05-27 07:07:00,0.0025666666666666667,0.00900000,0.0000007845246,7693598,2019-05-27 07:07:00,BTC,0.31629903,0.0,0.00900000,BTC,0.2505752479991019,0.0,2.31e-05,1
1,[],24,[],2019-05-27 07:07:01,0.0,0.000000000000,0,7693599,2019-05-27 07:07:01,btc,0.0,0.0,0.000000000000,btc,0.0,0.0,0.0,1
0.0,[],25,[],2019-05-27 07:07:01,0.0,0,0,7693600,2019-05-27 07:07:01,btc,34.74999999858254,4844.45033695,0.0,btc,3147.8356037,51.995,0.0,1
1,[],26,[],2019-05-27 07:07:03,0.0,0,0,7693601,2019-05-27 07:07:03,,0.0,0.0,0,,0.0,0.0,0.0,1
0,[],28,[],2019-05-27 07:07:29,0.0,0,0,7693602,2019-05-27 07:07:29,,0.0,367434.25,0,,0.0,0.0,0.0,1
0,[],2,[],2019-01-20 23:28:45,0.0,0,0,6477011,2019-01-20 23:28:45,,0.0,0.0,0,,0.0,0.0,0.0,1
1,[],5,[],2019-05-27 07:07:31,0.0,0,0,7693603,2019-05-27 07:07:31,btc,0.0,0.00112297,0,btc,0.0,0.0,0.0,2
0,[],22,[],2019-05-27 07:07:33,0.0,0,0,7693604,2019-05-27 07:07:33,,0.0,0.0,0,,0.0,0.0,0.0,2
1,[],5,[],2019-05-27 07:07:34,0.0,0,0,7693605,2019-05-27 07:07:34,btc,0.0,0.01643204,0,btc,0.0,0.0,0.0,3
1,[],12,[],2019-05-27 07:07:36,2783236.7852,0.000000106,0.000000000009239956400000001,7693606,2019-05-27 07:07:36,btc,4688.202912554992,0.0,0.000000106,btc,3282753.9265576,0.031078282731,0.194300886446,3
0,[],28,[],2019-05-27 07:07:37,0.0,0,0,7693607,2019-05-27 07:07:37,,0.0,0.0,0,,0.0,0.0,0.0,3
0,[],2,[],2019-01-20 23:31:32,0.0,0,0,6477077,2019-01-20 23:31:32,,0.0,0.0,0,,0.0,0.0,0.0,4
1,[],4,[],2019-05-18 21:29:50,562734.9206932,0.00000010,0.000000000007298720000000001,7650946,2019-05-18 21:29:50,btc,41.9347137769675,0.0,0.00000010,btc,1123702.32192634,0.00052462,0.029254593370966,4
0,[],12,[],2019-05-27 07:07:39,0.0,0,0,7693608,2019-05-27 07:07:39,btc,0.40767300499500503,0.0,0,btc,1036053.4995005,0.0,0.0,5
0,[],2,[],2019-01-20 23:31:51,0.0,0,0,6477087,2019-01-20 23:31:51,,0.0,0.0,0,,0.0,0.0,0.0,6
1,[],11,[],2019-05-27 07:07:40,7446289.776736,0.00000002,0.0000000000017433880000000002,7693609,2019-05-27 07:07:40,btc,9578.912630428847,2985180.66667,0.00000002,btc,65175878.07531829,0.0,0.09729137276736,6
1,[],3,[],2019-05-27 07:07:41,13620.73074714379,0.0000888800000000000028389790518446034184307791292667388916015625,0.000000007747616272,7693610,2019-05-27 07:07:41,btc,0.04519900619038244,176.533509258,0.0000888800000000000028389790518446034184307791292667388916015625,btc,163.45383294376398,0.0,0.026462932364331584,7
1,[],4,[],2019-05-27 07:07:42,328556.97485883,0.00008902,0.000000007759819988,7693611,2019-05-27 07:07:42,btc,8.154066172877137,0.0,0.00008902,btc,48416.64187932,2.83229307,2.180836262063754,7
1,[],5,[],2019-05-27 07:07:44,0.0,0,0,7693612,2019-05-27 07:07:44,btc,0.0,0.30343042,0,btc,0.0,0.0,0.0,7
1,[],20,[],2019-04-07 22:06:50,3201475.0482,0.000000001,0.000000000000051590000000000004,7213932,2019-04-07 22:06:50,btc,30.8005781811902,0.0,0.000000001,btc,23077405.3926,0.0,0.0032014750482,8
1,[],4,[],2019-05-27 07:07:50,20698005.05621841,0.00000047,0.000000000040969618,7693613,2019-05-27 07:07:50,btc,3.6718043910214173,0.0,0.00000047,btc,3731745.65186724,0.79137472,0.5274498682368103,9
0,[],28,[],2019-05-27 07:08:06,0.0,0,0,7693614,2019-05-27 07:08:06,,0.0,3501432.57,0,,0.0,0.0,0.0,9
0,[],2,[],2019-01-20 23:22:42,0.0,0,0,6476876,2019-01-20 23:22:42,,0.0,0.0,0,,0.0,0.0,0.0,9
0,[],23,[],2019-01-20 23:22:48,0.0,0,0,6476878,2019-01-20 23:22:48,,0.0,0.0,0,,0.0,0.0,0.0,9
1,[],1,[],2019-02-17 23:31:42,1822507.21,0.00000181000000000000003456111265232042484285557293333113193511962890625,0.000000000066086901,6701244,2019-02-17 23:31:42,btc,3.6990969245,17153386.5,0.00000181000000000000003456111265232042484285557293333113193511962890625,btc,1997391.71,31.11772986,3.2610482446,9
1,[],4,[],2019-02-17 11:22:43,4341674.27126056,0.00000002,0.0000000000007272960000000001,6696112,2019-02-17 11:22:43,btc,0.1997230937751353,0.0,0.00000002,btc,4109766.79808031,0.00215132,0.0479381022052112,10
1,[],4,[],2019-05-27 07:08:07,7842348.86092486,0.00000047,0.000000000040969618,7693615,2019-05-27 07:08:07,btc,4.747897245137975,0.0,0.00000047,btc,4878160.93726753,1.57317303,1.4349565520043521,12
1,[],5,[],2019-05-27 07:08:09,0.0,0,0,7693616,2019-05-27 07:08:09,btc,0.0,0.40898153,0,btc,0.0,0.0,0.0,12
0.0,[],25,[],2019-05-27 07:08:12,0.0,0,0,7693617,2019-05-27 07:08:12,,0.0,0.0,0.0,btc,0.0,0.0,0.0,12
0,[],2,[],2019-01-20 23:23:08,0.0,0,0,6476890,2019-01-20 23:23:08,,0.0,0.0,0,,0.0,0.0,0.0,12
1,[],4,[],2019-05-27 07:08:13,344164.12670277,0.00000590,0.00000000051429946,7693618,2019-05-27 07:08:13,btc,2.0257211579554664,0.0,0.00000590,btc,249429.4366977,0.54717419,0.5677545654276116,13
1,[],21,[],2019-05-27 07:08:16,1171015.96279422,0.000005949999999999999783690824567,0.00000000051865793,7693619,2019-05-27 07:08:16,btc,2.238246996370169,1108913.13906303,0.0000059499999999999997836908245674170103711730916984379291534423828125,btc,334049.80869916,6.75962304,5.018858929100369,13
1,[],10,[],2019-05-27 06:35:26,571195.08549227,0.00000577,0.000000000502082897,7693456,2019-05-27 06:35:26,btc,666803.2748064797,7924.47185285,0.00000577,btc,863979.40444785,0.0,0.2998729499818495,13
1,[],4,[],2019-05-27 07:08:17,897487.66902153,0.00000079,0.00000000006886382600000001,7693620,2019-05-27 07:08:17,btc,4.135517359922853,0.0,0.00000079,btc,847399.70690703,0.01418988,0.1096977362538448,14
1,[],12,[],2019-05-27 07:08:18,134872.20545312,0.00000066,0.00000000005753180400000001,7693621,2019-05-27 07:08:18,btc,14.134358345301692,0.0,0.00000066,btc,21859.65080592,0.0,0.014906329999982,14
1,[],26,[],2019-05-27 07:10:18,0.0,0.00000050,0.000000000043584700000000005,7693622,2019-05-27 07:10:18,btc,0.0,0.0,0.00000050,btc,0.0,0.0,0.0,14
0,[],17,[],2019-05-03 00:53:32,0.0,0,0,7558876,2019-05-03 00:53:32,btc,0.0,0.0,0,btc,0.0,0.0,0.0,14
0,[],4,[],2019-05-27 07:10:19,0.0,0,0,7693623,2019-05-27 07:10:19,,0.0,0.0,0,,0.0,0.0,0.0,15
,[],12,[],2018-12-01 15:15:48,204241.84496,0.00000489,0.000000000202473384,5260204,2018-12-01 15:15:48,btc,49.5475654835,0.0,,btc,35763.2193806,0.0163153972027625,0.0203389899998,15
1,[],4,[],2019-05-27 07:10:21,35099.90071268,0.00001210,0.00000000105474974,7693624,2019-05-27 07:10:21,btc,0.9667038054783529,0.0,0.00001210,btc,10669.93385446,0.02910163,0.0864997393528467,18
1,[],10,[],2019-05-27 07:10:23,308270.13584819,0.00001135,0.00000000098937269,7693625,2019-05-27 07:10:23,btc,15.34516663027847,10552.4065248,0.00001135,btc,13686.15990266,0.0,0.0700718081385655,18
1,[],12,[],2019-05-27 07:10:24,6893.6628802800005,0.000010499999999999999418976055765018173815406044013798236846923828125,0.0000000009152787000000001,7693626,2019-05-27 07:10:24,btc,0.1130944151616073,0.0,0.000010499999999999999418976055765018173815406044013798236846923828125,btc,1155.70089134,0.003893834201,0.0081624537679657,18
0,[],2,[],2019-01-20 23:23:38,0.0,0,0,6476906,2019-01-20 23:23:38,,0.0,0.0,0,,0.0,0.0,0.0,18
0,[],17,[],2019-05-03 00:53:39,0.0,0,0,7558882,2019-05-03 00:53:39,btc,0.0,0.0,0,btc,0.0,0.0,0.0,18
1,[],3,[],2019-05-27 07:12:25,157936.04835884078,0.000008139999999999999991638632845791789804934523999691009521484375,0.000000000709558916,7693627,2019-05-27 07:12:25,btc,0.14818528066539446,3754.77071591,0.000008139999999999999991638632845791789804934523999691009521484375,btc,4002.1741204340888,0.0,0.0485811938436649,19
1,[],4,[],2019-05-27 07:12:26,626228.85228831,0.00000824,0.000000000718275856,7693628,2019-05-27 07:12:26,btc,3.738557977328884,0.0,0.00000824,btc,158678.4536698,0.5601683,0.8548651241825521,19
1,[],5,[],2019-05-27 07:12:27,0.0,0,0,7693629,2019-05-27 07:12:27,btc,0.0,0.0,0,btc,0.0,0.0,0.0,19
1,[],12,[],2019-05-27 07:12:28,15451.17158931,0.000007109999999999999688846986922730053493069135583937168121337890625,0.000000000619774434,7693630,2019-05-27 07:12:28,btc,0.0572069064626078,0.0,0.000007109999999999999688846986922730053493069135583937168121337890625,btc,2010.17136297,0.00236618,0.028426189999833,19
0,[],27,[],2019-05-27 07:12:34,0.0,0,0,7693631,2019-05-27 07:12:34,,0.0,0.0,0,btc,0.0,0.0,0.0,19
0,[],2,[],2019-01-20 23:24:19,0.0,0,0,6476924,2019-01-20 23:24:19,,0.0,0.0,0,,0.0,0.0,0.0,19
1,[],4,[],2019-05-27 07:12:34,10228410.21811859,0.00000007,0.000000000006101858000000001,7693632,2019-05-27 07:12:34,btc,6.4307072950777595,0.0,0.00000007,btc,2332215.60836933,0.0,0.1274738176872813,20
1,[],4,[],2019-05-27 07:12:35,72781483.2473748,0.00000001,0.0000000000008716940000000001,7693633,2019-05-27 07:12:35,btc,1774.7844046158937,0.0,0.00000001,btc,66471138.91973631,0.0,0.7278148324737481,21
1,[],12,[],2019-05-27 07:12:36,2435360.0,0.00000001,0.0000000000008716940000000001,7693634,2019-05-27 07:12:36,btc,1008.0168623015485,0.0,0.00000001,btc,6038338.0769230705,0.00067309,0.0243536,21
0,[],17,[],2019-05-03 00:53:51,0.0,0,0,7558891,2019-05-03 00:53:51,btc,0.0,0.0,0,btc,0.0,0.0,0.0,21
1,[],12,[],2019-05-27 07:14:38,6215402626.0,0.0000000004,0.000000000000034867760000000006,7693635,2019-05-27 07:14:38,btc,708147494.0020282,0.0,0.0000000004,btc,2545208474.1858144,0.018808373054,1.260997542,23
0.0000000003070899,[],27,[],2019-05-27 07:14:42,101695681.0,9.212697e-18,8.030652698718001e-22,7693636,2019-05-27 07:14:42,eth,1170.9384221408,1640310630.3626375,0.00000003,eth,7892873.208,1.511168482314001e-08,5.36330720015883e-10,23
1,[],4,[],2019-05-27 07:14:43,1839181.2155225,0.00000021,0.000000000018305574,7693637,2019-05-27 07:14:43,btc,13.479707648527055,0.0,0.00000021,btc,2113288.49252825,0.01701347,0.0627553119920127,24
1,[],22,[],2019-05-27 07:14:47,21.76,0.00000100,0.00000000008716940000000001,7693638,2019-05-27 07:14:47,BTC,7.415e-05,0.0,0.00000100,BTC,23.919354838709676,0.0,1.186e-05,24
0.0,[],25,[],2019-05-27 07:14:49,0.0,0,0,7693639,2019-05-27 07:14:49,,0.0,0.0,0.0,btc,0.0,0.0,0.0,24
1,[],4,[],2019-05-27 07:14:50,332713.54184913,0.00000420,0.00000000036611148,7693640,2019-05-27 07:14:50,btc,10.220142292755348,0.0,0.00000420,btc,260860.51259273,0.16479741,0.2844493323259191,26
1,[],10,[],2019-05-27 07:14:52,159417.44893447,0.00000402,0.000000000350420988,7693641,2019-05-27 07:14:52,btc,25.50896109368728,5392.34390688,0.00000402,btc,22959.07349936,0.0,0.029794126394687,26
0,[],2,[],2019-01-20 23:25:56,0.0,0,0,6476976,2019-01-20 23:25:56,,0.0,0.0,0,,0.0,0.0,0.0,26
1,[],3,[],2019-05-27 07:14:52,10800453.60144003,0.00000001,0.0000000000008716940000000001,7693642,2019-05-27 07:14:52,btc,3.5918286910274504,5156255.03413,0.00000001,btc,26896489.61147607,0.0,0.1080045360144003,27
1,[],11,[],2019-05-27 07:14:54,1069867.58157834,0.00000001,0.0000000000008716940000000001,7693643,2019-05-27 07:14:54,btc,67503.03909773499,19676.5543251,0.00000001,btc,6639861.32608848,0.0,0.0106986758157834,27
1,[],5,[],2019-04-26 09:47:06,0.0,0,0,7465326,2019-04-26 09:47:06,btc,0.0,0.0,0,btc,0.0,0.0,0.0,27
1,[],4,[],2019-05-27 07:14:54,1182954594.6450298,0.00000001,0.0000000000008716940000000001,7693644,2019-05-27 07:14:54,btc,4.861401766380575,0.0,0.00000001,"btc,ltc",298262946.24829465,0.02335673,8.12788587923068,29
1,[],7,[],2019-05-27 07:14:56,86565332.30740812,0.00000001,0.0000000000008716940000000001,7693645,2019-05-27 07:14:56,btc,46548272.11125571,2247.75224775,0.00000001,btc,35027619.35138779,4.496e-05,0.8656533230740813,29
1,[],4,[],2019-05-27 07:14:57,15165592.27217546,0.00000006,0.000000000005230164,7693646,2019-05-27 07:14:57,btc,2.6742592265630787,0.0,0.00000006,btc,2116030.49425126,0.00363937,0.1660759159941774,30
0,[],17,[],2019-05-03 01:11:25,0.0,0,0,7559066,2019-05-03 01:11:25,btc,0.0,0.0,0,btc,0.0,0.0,0.0,30
1,[],4,[],2019-05-27 07:16:58,315436.70841477,0.00003939,0.000000003433602666,7693647,2019-05-27 07:16:58,btc,3.148475686774931,0.0,0.00003939,btc,40973.87254904,1.18282211,0.7389837759910125,31
1,[],21,[],2019-05-27 07:17:00,172325.21402229,0.00003970000000000000275630213098,0.0000000034606251800000003,7693648,2019-05-27 07:17:00,btc,4.537737224232844,518563.05130496,0.000039700000000000002756302130979548792311106808483600616455078125,btc,92848.77798638,21.0071013,4.940612632251892,31
0,[],2,[],2019-01-20 23:28:43,0.0,0,0,6477009,2019-01-20 23:28:43,,0.0,0.0,0,,0.0,0.0,0.0,32
0,[],4,[],2019-05-27 07:17:02,0.0,0,0,7693649,2019-05-27 07:17:02,,0.0,0.0,0,,0.0,0.0,0.0,33
1,[],12,[],2019-03-30 07:55:10,40641173.964,0.00000003,0.000000000001228359,7108785,2019-03-30 07:55:10,btc,4233210.82356125,0.0,0.00000003,btc,28378394.68333462,0.0126927883965248,0.90752895892,33
0.0000000001311901,[],4,[],2019-05-27 07:17:04,502079783.0407778,1.1807109000000001e-17,1.0292186072646002e-21,7693650,2019-05-27 07:17:04,ltc,3.4985063528204474,0.0,0.00000009,ltc,155843966.89423943,0.0,1.8501400500628845e-09,34
1,[],5,[],2019-05-27 07:17:05,0.0,0,0,7693651,2019-05-27 07:17:05,btc,0.0,5.256e-05,0,btc,0.0,0.0,0.0,34
0.0000000002926451,[],17,[],2019-05-02 18:17:47,200000.0,2.9264510000000002e-18,1.596703856561e-22,7556430,2019-05-02 18:17:47,eth,0.20942468735267253,0.0,0.00000001,"btc,eth",1018272.20243647,0.0,5.852902e-13,36
0.0000000001311901,[],4,[],2019-05-27 07:17:06,96810195.093,1.311901e-18,1.143576230294e-22,7693652,2019-05-27 07:17:06,ltc,4.78543934070552e-08,0.0,0.00000001,ltc,6902000111.610488,0.0,1.270053917527018e-10,36
1,[],5,[],2019-05-27 07:17:07,0.0,0,0,7693653,2019-05-27 07:17:07,btc,0.0,6.38e-06,0,btc,0.0,0.0,0.0,36
0.0000000003070899,[],27,[],2019-05-27 07:19:14,37353502.0,6.141798e-18,5.353768465812e-22,7693654,2019-05-27 07:19:14,eth,1670.45005568,3805597995.004,0.00000002,"ltc,eth",5085977.0,1.9981090502240177e-08,1.3885429123683e-10,36
1,[],4,[],2019-05-27 07:19:17,10009560.80033799,0.00000018,0.000000000015690492000000002,7693655,2019-05-27 07:19:17,btc,19772.582213659523,0.0,0.00000018,btc,785340.86244527,0.00107418,0.1425970957863112,37
1,[],12,[],2019-05-27 07:19:18,4212825.33528572,0.00000019,0.000000000016562186,7693656,2019-05-27 07:19:18,btc,8.128966516719943,0.0,0.00000019,btc,829079.37695636,0.079490524905,0.1853410804442866,37
1,[],27,[],2019-05-27 07:21:23,1600.0,0.00000015,0.000000000013075410000000002,7693657,2019-05-27 07:21:23,btc,24.11463822903233,0.0,0.00000015,btc,5792.59438508,0.0,3e-05,37
1,[],17,[],2019-05-03 01:11:36,211752.74075282,0.00000025,0.000000000013700074999999998,7559074,2019-05-03 01:11:36,btc,0.055484923955058496,0.0,0.00000025,"btc,eth",1387.19918473,0.0,0.0005381851887916605,37
1,[],5,[],2019-05-27 07:21:25,0.0,0,0,7693658,2019-05-27 07:21:25,btc,0.0,0.00402988,0,btc,0.0,0.0,0.0,42
1,[],12,[],2019-05-27 07:21:26,141051.2631106,0.000001120000000000000076372827333137660588135986472479999065399169921875,0.00000000009762972800000001,7693659,2019-05-27 07:21:26,btc,24.495624619577853,0.0,0.000001120000000000000076372827333137660588135986472479999065399169921875,btc,53570.23840597,0.011350741495,0.0514008399999601,42
1,[],27,[],2019-05-27 07:21:35,506.0,0.00000002,0.0000000000017433880000000002,7693660,2019-05-27 07:21:35,btc,0.39085425,0.0,0.00000002,"btc,eth",735.0,0.0,6.000000322628649e-06,42
1,[],12,[],2019-03-13 09:13:29,1112112.0,0.00000001,0.000000000000386531,6919902,2019-03-13 09:13:29,btc,29058.00478931866,0.0,0.00000001,btc,5967681.93306694,9.99000999e-07,0.01112112,43
1,[],5,[],2019-04-26 22:38:52,0.0,0,0,7474154,2019-04-26 22:38:52,btc,0.0,0.02638891,0,btc,0.0,0.0,0.0,43
0,[],17,[],2019-04-26 22:38:53,0.0,0,0,7474155,2019-04-26 22:38:53,btc,0.0,0.0,0,btc,0.0,0.0,0.0,43
1,[],12,[],2019-03-05 01:54:08,639326.02,0.00000004,0.000000000001486676,6845775,2019-03-05 01:54:08,btc,11116042.728239931,0.0,0.00000004,btc,1103841.4595604,0.0003330765234764,0.014975410599999999,44
1,[],4,[],2019-05-27 07:21:35,115127568.6371562,0.00000001,0.0000000000008716940000000001,7693661,2019-05-27 07:21:35,btc,291324.22306773457,0.0,0.00000001,"btc,ltc",27129882.43262538,0.00250368,0.09042942841483659,49
0.0000000001311901,[],4,[],2019-05-27 07:21:36,142303059.41393223,3.4109426e-17,2.9732981987644005e-21,7693662,2019-05-27 07:21:36,ltc,22050.152190627505,0.0,0.00000026,ltc,157943378.57654667,0.00010884,8.243554500916117e-10,52
0,[],22,[],2019-05-27 07:21:39,0.0,0,0,7693663,2019-05-27 07:21:39,,10289.55991011,0.0,0,,308568058.4566013,0.0,0.0,57
0,[],27,[],2019-05-27 07:21:45,0.0,0,0,7693664,2019-05-27 07:21:45,,0.0,0.0,0,"btc,eth",0.0,0.0,0.0,57
0.0000000001311901,[],4,[],2019-05-27 07:21:46,2721265703.046031,1.311901e-18,1.143576230294e-22,7693665,2019-05-27 07:21:46,ltc,19.263871553254443,0.0,0.00000001,ltc,5768380386.228598,0.0,3.5700311970917913e-09,58
1,[],12,[],2019-05-27 07:21:48,777333246.0,0.0000000001,0.000000000000008716940000000002,7693666,2019-05-27 07:21:48,btc,2038665.1496175888,0.0,0.0000000001,btc,2389329808.828172,0.000517938934,0.0777333246,58
0.00000000010801399999999999,[],22,[],2019-05-27 07:23:51,126877.0,1.0801399999999999e-18,9.4155155716e-23,7693667,2019-05-27 07:23:51,XMR,68.17454206,0.0,0.00000001,XMR,9626402.6,0.0,0.00126877,58
1,[],17,[],2019-05-03 01:12:09,1200000.0,0.0000000001,0.00000000000000548003,7559085,2019-05-03 01:12:09,btc,1e+24,0.0,0.0000000001,"btc,eth",39516342.31952568,0.0,0.00010000000058666061,58
1,[],5,[],2019-05-27 07:23:53,0.0,0,0,7693668,2019-05-27 07:23:53,btc,0.0,0.01987476,0,btc,0.0,0.0,0.0,61
1,[],22,[],2019-05-27 07:23:57,13613.833333333334,0.00000012,0.000000000010460328,7693669,2019-05-27 07:23:57,BTC,1002.29590883,0.0,0.00000012,BTC,15092.180177125656,0.0,0.00153269,61
1,[],26,[],2019-05-27 07:23:57,0.0,0.00000050,0.000000000043584700000000005,7693670,2019-05-27 07:23:57,btc,0.0,0.0,0.00000050,btc,0.0,0.0,0.0,61
1,[],27,[],2019-05-27 07:24:04,13712.0,0.0000002,0.000000000017433880000000002,7693671,2019-05-27 07:24:04,btc,1.9582485601246655,747.001,0.0000002,"btc,eth",11379.41563696,0.00717121,0.00252178,61
0,[],28,[],2019-05-27 07:24:34,0.0,0,0,7693672,2019-05-27 07:24:34,,0.0,800.0,0,,0.0,0.0,0.0,61
1,[],4,[],2019-05-27 07:24:35,1089880.74490462,0.00000080,0.00000000006973552000000001,7693673,2019-05-27 07:24:35,btc,2.636061886998163,0.0,0.00000080,btc,874894.10375456,0.03940171,0.6498694537286457,67
0.0,[],25,[],2019-05-27 07:24:38,0.0,0,0,7693674,2019-05-27 07:24:38,,0.0,0.0,0.0,btc,0.0,0.0,0.0,67
1,[],12,[],2019-05-27 07:24:39,807113.0,0.00000006,0.000000000005230164,7693675,2019-05-27 07:24:39,btc,5.170125094485513,0.0,0.00000006,btc,767408.17582416,4.2e-07,0.01739667,71
,[],5,[],2018-11-20 23:02:39,1.5e-07,0.00000005,0.000000000002128045,4862160,2018-11-20 23:02:39,btc,2.84511358,0.0,,btc,0.00036572,0.0,0.07381892,74
1,[],5,[],2019-05-27 07:24:41,0.0,0,0,7693676,2019-05-27 07:24:41,btc,0.0,0.05416303,0,btc,0.0,0.0,0.0,75
0,[],4,[],2019-05-25 21:33:44,0.0,0,0,7686249,2019-05-25 21:33:44,,133656.37989170782,0.0,0,,33439209.5909442,0.0,0.0,81
0,[],20,[],2019-01-25 09:30:31,0.0,0,0,6495923,2019-01-25 09:30:31,btc,0.0,0.0,0,btc,0.0,0.0,0.0,81
1,[],4,[],2019-05-27 07:24:42,25366.14590141,0.00006304,0.0000000054951589760000005,7693677,2019-05-27 07:24:42,btc,18.245522669083194,0.0,0.00006304,btc,21609.74427531,0.21140497,0.1791652676916017,82
1,[],21,[],2019-05-27 07:24:43,78638.36645484,0.00007349999999999999762689828486,0.0000000064069509,7693678,2019-05-27 07:24:43,btc,2.6998625274792114,39767.89419169,0.00007349999999999999762689828486372789484448730945587158203125,btc,31101.70413379,2.82862398,2.8232741843505424,82
0,[],17,[],2019-03-25 22:42:34,0.0,0,0,7038780,2019-03-25 22:42:34,btc,0.0445064681804024,0.0,0,btc,995513.18476001,0.0,0.0,84
0.0000000001161485,[],4,[],2019-05-20 13:09:39,216715621.0206096,1.161485e-18,9.0533806701e-23,7657228,2019-05-20 13:09:39,ltc,1.6511566870244727,0.0,0.00000001,ltc,471032407.9048656,0.0,2.5171194308112273e-10,85
,[],22,[],2018-11-20 23:09:34,3408.1,0.0000001,0.0000000000041895,4862324,2018-11-20 23:09:34,BTC,0.04624735,0.0,,BTC,4990.0,0.0,0.00033081,86
1,[],22,[],2019-05-27 07:24:47,65156.0,0.00000001,0.0000000000008716940000000001,7693679,2019-05-27 07:24:47,BTC,1.45608405,0.0,0.00000001,BTC,314587.29736842104,0.0,0.00065156,87
0,[],27,[],2019-05-27 07:24:52,0.0,0,0,7693680,2019-05-27 07:24:52,,4.962566382816,0.0,0,btc,66120.49241,0.0,0.0,87
,[],2,[],2018-11-20 23:10:47,0.0,0,0,4862359,2018-11-20 23:10:47,,0.0,0.0,,,0.0,0.0,0.0,88
1,[],11,[],2019-05-27 07:24:54,58935.94898868,0.0000830200000000000013465617509922367389663122594356536865234375,0.000000007236803588000001,7693681,2019-05-27 07:24:54,btc,184.36104797869626,4826.08172604,0.0000830200000000000013465617509922367389663122594356536865234375,btc,225591.53417184,0.0,2.8450888766324502,89
0,[],2,[],2019-01-20 23:31:45,0.0,0,0,6477083,2019-01-20 23:31:45,,0.0,0.0,0,,0.0,0.0,0.0,91
1,[],12,[],2019-05-27 07:24:56,371216.34048197,0.00000031,0.000000000027022514,7693682,2019-05-27 07:24:56,btc,87.64412051805878,0.0,0.00000031,btc,108273.2716117,0.005844965637,0.0298242719999857,91
1,[],22,[],2019-05-27 07:27:00,75910.55,0.0000002,0.000000000017433880000000002,7693683,2019-05-27 07:27:00,BTC,0.495,0.0,0.0000002,"BTC,LTC",4.95,0.0,0.00165931,91
0,[],17,[],2019-05-03 01:12:26,0.0,0,0,7559096,2019-05-03 01:12:26,btc,0.0,0.0,0,btc,0.0,0.0,0.0,91
1,[],22,[],2019-04-09 20:17:52,374949.73333333334,0.00000015,0.000000000007771935,7235704,2019-04-09 20:17:52,BTC,6.87372503,0.0,0.00000015,"BTC,LTC",159980.01196797504,1.1e-05,0.80510266,95
0.0000000001311901,[],4,[],2019-05-27 07:27:01,541145350.2140294,3.8045129000000004e-17,3.3163710678526006e-21,7693684,2019-05-27 07:27:01,ltc,11.604971293960244,0.0,0.00000029,ltc,174433418.92063144,0.0,8.649376562645295e-10,96
0,[],12,[],2019-05-27 07:27:02,0.0,0,0,7693685,2019-05-27 07:27:02,btc,10.433545760379621,0.0,0,btc,7434340.03796204,3.0969e-07,0.0,96
0,[],17,[],2019-05-03 01:12:32,0.0,0,0,7559100,2019-05-03 01:12:32,btc,0.0,0.0,0,btc,0.0,0.0,0.0,96
1,[],4,[],2019-04-14 03:32:46,1039404.33283278,0.00000038,0.000000000019245518,7293458,2019-04-14 03:32:46,btc,4.170086055365747,0.0,0.00000038,btc,3097704.34561074,0.06260606,0.1859928211030784,99
0,[],2,[],2019-01-20 23:23:55,0.0,0,0,6476914,2019-01-20 23:23:55,,0.0,0.0,0,,0.0,0.0,0.0,100
1,[],4,[],2019-05-27 06:56:26,220290.95564347,0.00001901,0.0000000016541760610000001,7693524,2019-05-27 06:56:26,btc,7.097334032114877,0.0,0.00001901,btc,140256.49136187,0.73311234,0.3495368388082812,100
1,[],22,[],2019-05-27 06:56:30,150000.0,0.00000002,0.0000000000017403220000000001,7693525,2019-05-27 06:56:30,BTC,24.83526409,0.0,0.00000002,BTC,11187.719,0.0,0.0017,101
1,[],4,[],2019-05-27 06:56:31,554461.87264058,0.00000160,0.00000000013922576,7693526,2019-05-27 06:56:31,btc,362.7496803520347,0.0,0.00000160,btc,635692.85931179,0.05797675,0.1989486204506873,103
1,[],12,[],2019-05-27 06:56:34,138642707.04047254,0.000000004,0.00000000000034806440000000005,7693527,2019-05-27 06:56:34,btc,2374.4500211282434,0.0,0.000000004,btc,56505487.64261737,0.001651252411,0.16512915916189022,105
0,[],27,[],2019-05-27 06:56:39,0.0,0,0,7693528,2019-05-27 06:56:39,,0.2583801973531397,0.0,0,btc,612120.85947933,0.0,0.0,105
1,[],22,[],2019-04-21 00:17:26,21333.0,0.00000001,0.000000000000532493,7385819,2019-04-21 00:17:26,BTC,51.38182867,0.0,0.00000001,BTC,470435.0,0.0,0.00021333,107
1,[],26,[],2019-04-21 00:17:26,0.0,0.00000000,0,7385820,2019-04-21 00:17:26,btc,0.0,0.0,0.00000000,btc,0.0,0.0,0.0,107
1,[],5,[],2019-05-27 06:56:41,0.0,0,0,7693529,2019-05-27 06:56:41,btc,0.0,0.0001,0,btc,0.0,0.0,0.0,112
0,[],22,[],2019-05-27 06:56:43,0.0,0,0,7693530,2019-05-27 06:56:43,,2.79635781,0.0,0,,3274992.0833333335,0.0,0.0,112
1,[],27,[],2019-05-27 06:56:51,1.0,0.00000001,0.0000000000008701610000000001,7693531,2019-05-27 06:56:51,btc,1.15032588,0.0,0.00000001,"btc,eth",1818.0,0.0,1e-08,112
1,[],4,[],2019-05-27 06:56:52,176529.61732137,0.00000082,0.000000000071353202,7693532,2019-05-27 06:56:52,btc,5.030862669971182,0.0,0.00000082,btc,585929.95295618,0.07153364,0.0942183022140655,113
1,[],5,[],2019-05-27 06:56:54,0.0,0,0,7693533,2019-05-27 06:56:54,btc,0.0,0.0,0,btc,0.0,0.0,0.0,113
1,[],17,[],2019-04-26 02:17:47,162738.278,0.00000004,0.0000000000021069000000000002,7461287,2019-04-26 02:17:47,btc,1.3331140273775473,0.0,0.00000004,btc,51796.221,0.0,0.00230953112,116
1,[],27,[],2019-05-22 05:13:01,210000.0,0.00000001,0.00000000000079145,7666372,2019-05-22 05:13:01,btc,3919.0005001478,0.0,0.00000001,btc,128660.871,0.0,0.0021,116
1,[],4,[],2019-05-21 22:31:11,138169.03963019,0.00000701,0.000000000558364025,7664793,2019-05-21 22:31:11,btc,150.95388250938234,0.0,0.00000701,btc,344631.17141974,0.07552974,0.4288357684941946,120
1,[],7,[],2019-05-21 22:31:12,3901.07750076,0.000010679999999999999389654892212320191902108490467071533203125,0.0000000008506887,7664794,2019-05-21 22:31:12,btc,231188.94669936574,0.0,0.000010679999999999999389654892212320191902108490467071533203125,btc,4133.83151364,0.0,0.0113888422364489,120
1,[],20,[],2019-04-07 18:42:29,1914137.0852,0.000000035,0.0000000000017871910000000002,7211992,2019-04-07 18:42:29,btc,32.2497668025648,25528.85,0.000000035,btc,1001975.4986,0.00089350975,0.0152723574729,125
1,[],22,[],2019-05-27 06:56:58,10000.0,0.00000001,0.0000000000008701610000000001,7693534,2019-05-27 06:56:58,BTC,0.032061,0.0,0.00000001,BTC,299316.7611111111,0.0,0.0001,126
0,[],2,[],2019-01-20 23:25:46,0.0,0,0,6476969,2019-01-20 23:25:46,,0.0,0.0,0,,0.0,0.0,0.0,131
1,[],17,[],2019-05-03 01:13:10,10000.0,0.00000001,0.000000000000548003,7559115,2019-05-03 01:13:10,btc,0.0953976503951408,0.0,0.00000001,btc,5037.62507334,0.0,0.0001,131
1,[],4,[],2019-05-27 06:56:58,183413.8750065,0.00000591,0.0000000005142651510000001,7693535,2019-05-27 06:56:58,btc,3.532768518624441,0.0,0.00000591,btc,175576.71935632,0.2187208,0.4954537464844431,131
1,[],4,[],2019-05-27 06:59:00,4719.39422601,0.00007919,0.000000006890804959000001,7693536,2019-05-27 06:59:00,btc,5.043713025766858,0.0,0.00007919,btc,247.17378338,0.0,0.0067432248092751,135
1,[],3,[],2019-05-27 06:59:01,433141.0025,0.00000001,0.0000000000008701610000000001,7693537,2019-05-27 06:59:01,btc,0.218691441408873,1001168.8208,0.00000001,btc,1859371.47493701,0.0,0.004331410025,136
1,[],4,[],2019-05-27 06:59:02,2405915.96969842,0.00000199,0.00000000017316203900000002,7693538,2019-05-27 06:59:02,btc,107.30289010410445,0.0,0.00000199,btc,476562.59756676,0.03110891,0.6969153610479286,137
1,[],12,[],2019-05-27 06:59:03,77394.82861497,0.00000213999999999999983963348826332406815708964131772518157958984375,0.000000000186214454,7693539,2019-05-27 06:59:03,btc,57.77750176195783,0.0,0.00000213999999999999983963348826332406815708964131772518157958984375,btc,48260.81344692,0.002439903846,0.0188625399999005,137
1,[],17,[],2019-05-03 01:13:16,32967.38636364,0.00000088,0.000000000048224264,7559122,2019-05-03 01:13:16,btc,20.06976206696776,0.0,0.00000088,btc,2746.079105,0.0,0.0105613000000032,142
1,[],4,[],2019-05-27 06:59:04,107559.76095979,0.00001565,0.0000000013618019650000002,7693540,2019-05-27 06:59:04,btc,9.299453028523464,0.0,0.00001565,btc,132616.43539145,1.44232003,1.1215588682669504,142
1,[],5,[],2019-05-27 06:59:07,0.0,0,0,7693541,2019-05-27 06:59:07,btc,0.0,0.01918536,0,btc,0.0,0.0,0.0,142
1,[],20,[],2019-05-27 07:01:09,209162.2695,0.00001425,0.0000000012399794250000001,7693542,2019-05-27 07:01:09,btc,1.6070225170604,4.98,0.00001425,btc,9788.8796,7.47e-05,0.0228893769156,142
1,[],22,[],2019-05-27 07:01:13,11028.645,0.00001000,0.000000000870161,7693543,2019-05-27 07:01:13,BTC,3.2754788,0.0,0.00001000,BTC,1133.9993657797618,0.0,0.00745365,142
0.0,[],25,[],2019-05-27 07:01:15,0.0,0,0,7693544,2019-05-27 07:01:15,,0.0,0.0,0.0,btc,0.0,0.0,0.0,142
0,[],28,[],2019-05-27 07:01:16,0.0,0,0,7693545,2019-05-27 07:01:16,,0.0,0.0,0,,0.0,0.0,0.0,142
0,[],22,[],2019-05-27 07:01:22,0.0,0,0,7693546,2019-05-27 07:01:22,,65.51518676,0.0,0,,839924755.3,0.0,0.0,143
0,[],22,[],2019-02-25 15:42:22,0.0,0,0,6783783,2019-02-25 15:42:22,,4.2131946,0.0,0,,2322156.0,0.0,0.0,146
,[],22,[],2018-11-20 23:01:11,0.0,0,0,4862114,2018-11-20 23:01:11,,2.56807021,0.0,,,61828.4988236,0.0,0.0,147
1,[],12,[],2019-04-21 06:38:04,193091.5971266,0.00000071,0.000000000037635183,7388679,2019-04-21 06:38:04,btc,2.301232411611175,0.0,0.00000071,btc,9957.48302385,0.00023528,0.0313308199999888,148
1,[],4,[],2019-03-19 21:31:25,255810.0415942,0.00000029,0.000000000011615747,6982695,2019-03-19 21:31:25,btc,218.94922712414143,0.0,0.00000029,btc,793529.37642722,0.00117,0.0608347789473395,152
0,[],22,[],2019-03-19 21:31:27,0.0,0,0,6982696,2019-03-19 21:31:27,,0.0,0.0,0,,0.0,0.0,0.0,152
1,[],5,[],2019-04-26 09:36:59,0.0,0,0,7465040,2019-04-26 09:36:59,btc,0.0,0.0,0,btc,0.0,0.0,0.0,153
,[],16,[],2019-01-11 15:38:59,0.0,0,0,6366141,2019-01-11 15:38:59,btc,0.0,0.0,,btc,0.0,0.0,0.0,155
0,[],23,[],2019-01-20 23:24:29,0.0,0,0,6476932,2019-01-20 23:24:29,,0.0,0.0,0,,0.0,0.0,0.0,156
0,[],22,[],2019-05-27 07:01:25,0.0,0,0,7693547,2019-05-27 07:01:25,,7.44455324,0.0,0,,5955762.942592593,0.0,0.0,156
1,[],22,[],2019-05-27 07:01:29,7066.0,0.00000800,0.0000000006961288000000001,7693548,2019-05-27 07:01:29,BTC,1.79802465,0.0,0.00000800,BTC,802.6461988741639,0.0,0.00062996,157
0,[],22,[],2019-05-21 23:40:32,0.0,0,0,7665049,2019-05-21 23:40:32,,50234.60468402,0.0,0,,54786159.03179465,0.0,0.0,158
,[],17,[],2018-11-20 22:56:10,0.0,0,0,4861976,2018-11-20 22:56:10,btc,1.1265625,0.0,,btc,1000.0,0.0,0.0,159
,[],20,[],2018-11-20 22:56:12,0.0,0,0,4861977,2018-11-20 22:56:12,btc,11912.7940471,0.0,,btc,34413894.3617,0.0,0.0,159
1,[],12,[],2019-05-24 02:51:20,9178.522006449999,0.00000191999999999999982841307998027158276954651228152215480804443359375,0.000000000151222656,7676256,2019-05-24 02:51:20,btc,149.80414728631675,0.0,0.00000191999999999999982841307998027158276954651228152215480804443359375,btc,1115.7451448499999,0.01783167678326,0.0120075778999181,168
1,[],17,[],2019-05-03 01:13:36,42852.0,0.00000002,0.000000000001096006,7559132,2019-05-03 01:13:36,btc,0.04279856251542,0.0,0.00000002,btc,274.46171372,0.0,0.00052852,168
1,[],22,[],2019-05-17 03:01:52,10.0,0.00000001,0.000000000000778341,7642059,2019-05-17 03:01:52,BTC,41.95893009,0.0,0.00000001,BTC,1753972.7737547632,0.0,1e-07,169
1,[],22,[],2019-05-27 07:01:33,203664.0,0.00000002,0.0000000000017403220000000001,7693549,2019-05-27 07:01:33,BTC,27.86391449,0.0,0.00000002,BTC,461410.9785507793,0.0,0.00213428,171
1,[],22,[],2019-05-27 07:01:37,494339.0,0.00000002,0.0000000000017403220000000001,7693550,2019-05-27 07:01:37,BTC,24.411256,0.0,0.00000002,"BTC,LTC",1165611.8364505093,1.062e-05,0.00547408,173
1,[],5,[],2019-05-27 07:01:39,0.0,0,0,7693551,2019-05-27 07:01:39,btc,0.0,0.01367764,0,btc,0.0,0.0,0.0,175
1,[],22,[],2019-05-27 07:01:43,90671.0,0.00000001,0.0000000000008701610000000001,7693552,2019-05-27 07:01:43,BTC,394.35459412,0.0,0.00000001,BTC,136275.61833431243,0.0,0.00090671,176
0,[],2,[],2019-01-20 23:28:34,0.0,0,0,6477001,2019-01-20 23:28:34,,0.0,0.0,0,,0.0,0.0,0.0,178
1,[],7,[],2019-05-27 07:01:45,0.0,0,0,7693553,2019-05-27 07:01:45,btc,522274.26972891926,260553.446553,0,btc,28191245.909312557,0.00260553,0.0,178
0,[],22,[],2019-05-27 07:01:48,0.0,0,0,7693554,2019-05-27 07:01:48,,1.00242428,0.0,0,,57512.0,0.0,0.0,178
0,[],23,[],2019-01-20 23:25:08,0.0,0,0,6476952,2019-01-20 23:25:08,,0.0,0.0,0,,0.0,0.0,0.0,179
1,[],5,[],2019-05-27 07:01:50,0.0,0,0,7693555,2019-05-27 07:01:50,btc,0.0,0.03625241,0,btc,0.0,0.0,0.0,179
0,[],22,[],2019-05-27 07:01:52,0.0,0,0,7693556,2019-05-27 07:01:52,,5.31437491,0.0,0,,13411089.311946675,0.0,0.0,179
1,[],17,[],2019-05-03 01:13:56,20504.725000000002,0.0000001,0.00000000000548003,7559141,2019-05-03 01:13:56,btc,5.2010695838400265,0.0,0.0000001,btc,5033.45945,0.0,0.0011504725,180
1,[],22,[],2019-05-27 07:03:58,663577.1200505765,0.00000101,0.00000000008788626100000001,7693557,2019-05-27 07:03:58,BTC,39.29151413,0.0,0.00000101,"BTC,LTC",152800.73339325498,0.00793013,0.56203595,180
1,[],26,[],2019-05-27 07:03:59,0.0,0.00000010,0.00000000000870161,7693558,2019-05-27 07:03:59,btc,0.0,0.0,0.00000010,btc,0.0,0.0,0.0,180
,[],7,[],2018-11-20 22:58:01,562227.975654,0.00000085,0.000000000036176765,4862015,2018-11-20 22:58:01,btc,21836.6059674,2491.87645172,,btc,749999.041456,0.00211021,0.127565380455,183
,[],5,[],2019-01-10 08:11:41,0.0,0,0,6347036,2019-01-10 08:11:41,btc,82.15055501,0.00261,,btc,1.19002445,0.0,0.0,187
,[],17,[],2018-11-16 20:58:10,4062536.27273,0.00000001,0.000000000000550501,4708775,2018-11-16 20:58:10,btc,3.36492563466,0.195460381006,,"btc,eth",110697919.549,0.0,0.0157628953496,187
1,[],24,[],2019-05-22 21:04:52,0.0,0.000000000014,0.0000000000000010960978,7670219,2019-05-22 21:04:52,btc,0.0,0.0,0.000000000014,btc,0.0,0.0,0.0,187
0,[],22,[],2019-04-25 02:54:07,0.0,0,0,7447896,2019-04-25 02:54:07,,7.54794454,0.0,0,,76361.7243344055,0.0,0.0,191
0,[],22,[],2019-05-27 07:04:03,0.0,0,0,7693559,2019-05-27 07:04:03,,0.0,0.0,0,,0.0,0.0,0.0,197
0,[],23,[],2019-01-20 23:31:41,0.0,0,0,6477079,2019-01-20 23:31:41,,0.0,0.0,0,,0.0,0.0,0.0,199
0,[],22,[],2019-05-27 07:04:06,0.0,0,0,7693560,2019-05-27 07:04:06,,10.5548544,0.0,0,,99290037.0,0.0,0.0,199
1,[],26,[],2019-05-27 07:04:06,0.0,0.00000000,0,7693561,2019-05-27 07:04:06,btc,0.0,0.0,0.00000000,btc,0.0,0.0,0.0,199
0,[],2,[],2019-01-20 23:30:49,0.0,0,0,6477059,2019-01-20 23:30:49,,0.0,0.0,0,,0.0,0.0,0.0,201
1,[],4,[],2019-01-25 15:51:35,2084389.58565343,0.00000936,0.000000000333526752,6499557,2019-01-25 15:51:35,btc,2.0092503037378524,0.0,0.00000936,btc,160195.80207885,0.19272417,1.242687955921835,211
1,[],7,[],2019-05-27 07:04:10,21814626.23619459,0.00000036,0.000000000031325796,7693562,2019-05-27 07:04:10,btc,15200499.052134948,1152950.85121,0.00000036,btc,9789259.91500984,0.0,1.4656430657985613,212
1,[],12,[],2019-01-25 02:44:32,207462.42853209,0.000001080000000000000035831255497387193287295303889550268650054931640625,0.000000000038610756000000006,6493050,2019-01-25 02:44:32,btc,85023.03793723314,0.0,0.000001080000000000000035831255497387193287295303889550268650054931640625,btc,43675.73520027,0.000146250909087,0.0348620860622024,213
1,[],5,[],2019-05-27 07:04:12,0.0,0,0,7693563,2019-05-27 07:04:12,btc,0.0,0.04420106,0,btc,0.0,0.0,0.0,213
1,[],24,[],2019-05-27 07:04:12,0.0,0.000000090000,0.000000000007831449,7693564,2019-05-27 07:04:12,btc,0.0,0.0,0.000000090000,btc,0.0,0.0,0.0,213
1,[],26,[],2019-05-27 07:04:12,0.0,0.00000040,0.00000000003480644,7693565,2019-05-27 07:04:12,btc,0.0,0.0,0.00000040,btc,0.0,0.0,0.0,213
0,[],22,[],2019-05-27 07:04:16,0.0,0,0,7693566,2019-05-27 07:04:16,,9.61445386,0.0,0,,3661587.094064925,0.0,0.0,216
0,[],27,[],2019-05-27 07:04:36,0.0,0,0,7693567,2019-05-27 07:04:36,,70.1243904180052,0.0,0,"btc,ltc",396750.40768,0.0,0.0,216
1,[],22,[],2019-05-27 07:04:40,491671.0,0.00000015,0.000000000013052415000000001,7693568,2019-05-27 07:04:40,BTC,12054.76296626,0.0,0.00000015,BTC,425863.6398047311,0.00092152,0.01413425,217
1,[],7,[],2019-05-27 07:04:41,0.0,0,0,7693569,2019-05-27 07:04:41,btc,1234863.9973694147,0.0,0,btc,163302363.92083928,0.0,0.0,219
0,[],27,[],2019-05-27 07:04:48,0.0,0,0,7693570,2019-05-27 07:04:48,,0.105466823472,0.0,0,btc,3058319.8967,0.0,0.0,219
0,[],28,[],2019-05-27 07:04:51,0.0,0,0,7693571,2019-05-27 07:04:51,,0.0,37474.0,0,,0.0,0.0,0.0,219
1,[],22,[],2019-05-23 16:41:05,172069.0,0.00000004,0.0000000000031167080000000004,7674065,2019-05-23 16:41:05,BTC,56.76466137,0.0,0.00000004,BTC,127061.6482738741,0.0,0.00393676,221
1,[],24,[],2019-05-23 16:41:05,0.0,0.000000010000,0.0000000000007791770000000001,7674066,2019-05-23 16:41:05,btc,0.0,0.0,0.000000010000,btc,0.0,0.0,0.0,221
1,[],20,[],2019-05-27 07:04:55,5423738.9208,0.000000003,0.0000000000002610483,7693572,2019-05-27 07:04:55,btc,100050.73144918322,340862.7332,0.000000003,btc,39832517.8618,0.0012549264496,0.0057505195438,224
0,[],22,[],2019-05-27 07:04:57,0.0,0,0,7693573,2019-05-27 07:04:57,,0.0,0.0,0,,0.0,0.0,0.0,224
1,[],26,[],2019-05-27 07:04:57,0.0,0.00000026,0.000000000022624186,7693574,2019-05-27 07:04:57,btc,0.0,0.0,0.00000026,btc,0.0,0.0,0.0,231
1,[],26,[],2019-05-27 07:04:58,0.0,0.00000006,0.000000000005220966,7693575,2019-05-27 07:04:58,btc,0.0,0.0,0.00000006,btc,0.0,0.0,0.0,234
0,[],27,[],2019-05-27 07:05:13,0.0,0,0,7693576,2019-05-27 07:05:13,,0.01134836604,0.0,0,"btc,eth",11462.996,0.0,0.0,234
1,[],4,[],2019-05-22 17:06:12,91780.56053785,0.00000078,0.000000000061977552,7669277,2019-05-22 17:06:12,btc,5.573372450018177,0.0,0.00000078,btc,729173.93529783,0.0,0.0307060663355679,236
1,[],24,[],2019-05-22 17:06:12,0.0,0.000000010000,0.000000000000794584,7669278,2019-05-22 17:06:12,btc,0.0,0.0,0.000000010000,btc,0.0,0.0,0.0,236
1,[],5,[],2019-05-27 07:05:14,0.0,0,0,7693577,2019-05-27 07:05:14,btc,0.0,0.10334592,0,btc,0.0,0.0,0.0,237
1,[],20,[],2019-05-27 07:05:16,121363708.1219,0.000000037,0.0000000000032195957000000005,7693578,2019-05-27 07:05:16,btc,58794.118622864225,15120434.8476,0.000000037,btc,42227555.598,0.642929458788,0.4838777906697,237
1,[],22,[],2019-05-27 07:05:21,363100.0,0.00000003,0.000000000002610483,7693579,2019-05-27 07:05:21,BTC,1.20267422,0.0,0.00000003,"BTC,LTC",17930.94871794872,0.0,0.009791,237
1,[],4,[],2019-05-27 07:05:22,26443807.87199313,0.00000012,0.000000000010441932,7693580,2019-05-27 07:05:22,btc,3.2760644263618217,0.0,0.00000012,btc,9120806.1858387,0.12175714,0.5119257170440805,238
1,[],5,[],2019-05-27 07:05:23,0.0,0,0,7693581,2019-05-27 07:05:23,btc,0.0,0.00212123,0,btc,0.0,0.0,0.0,238
0,[],22,[],2019-03-12 16:49:32,0.0,0,0,6914458,2019-03-12 16:49:32,,0.40415746,0.0,0,,526736.5639027493,0.0,0.0,249
0,[],22,[],2019-05-27 07:05:27,0.0,0,0,7693582,2019-05-27 07:05:27,,13.44274464,0.0,0,,43667434.3426455,0.0,0.0,252
0,[],28,[],2019-05-27 07:05:40,0.0,0,0,7693583,2019-05-27 07:05:40,,0.0,210285.82028782,0,,0.0,0.0,0.0,256
1,[],22,[],2019-05-27 07:05:44,1051629.0,0.00000001,0.0000000000008701610000000001,7693584,2019-05-27 07:05:44,BTC,21.85885958,0.0,0.00000001,BTC,542925.7509808998,1.275e-05,0.01051629,258
1,[],22,[],2019-05-19 18:12:02,400.0,0.00000001,0.0000000000007957800000000001,7653905,2019-05-19 18:12:02,BTC,2.415167,0.0,0.00000001,BTC,157.0,0.0,4e-06,259
1,[],5,[],2019-05-27 07:05:46,0.0,0,0,7693585,2019-05-27 07:05:46,btc,0.0,0.06839585,0,btc,0.0,0.0,0.0,264
1,[],20,[],2019-05-27 07:05:48,898224.7257,0.000000139,0.000000000012095237900000001,7693586,2019-05-27 07:05:48,btc,0.9770159113151,31707.1228,0.000000139,btc,51871.7478,0.018068200026,0.006532721854,264
0,[],22,[],2019-04-12 17:57:27,0.0,0,0,7278186,2019-04-12 17:57:27,,66.37522201,0.0,0,,677842.4169881374,0.0,0.0,271
0,[],22,[],2019-05-27 07:05:50,0.0,0,0,7693587,2019-05-27 07:05:50,,33050470.74998113,0.0,0,,14361377780.7,0.0,0.0,272
0,[],28,[],2019-05-27 07:06:01,0.0,0,0,7693588,2019-05-27 07:06:01,,0.0,7458177381.0,0,,0.0,0.0,0.0,272
1,[],22,[],2019-05-23 07:12:29,219930.0,0.00000004,0.000000000003048688,7671985,2019-05-23 07:12:29,BTC,426.77835217,0.0,0.00000004,BTC,248664.3325962929,0.0,0.00739728,281
1,[],22,[],2019-05-27 07:06:09,578427.1,0.00000005,0.000000000004350805,7693589,2019-05-27 07:06:09,BTC,31.6276549,0.0,0.00000005,"BTC,LTC",1162837.857672661,0.008185850000037683,0.02276418,286
0,[],22,[],2019-05-27 07:06:13,0.0,0,0,7693590,2019-05-27 07:06:13,,7337904.52734956,0.0,0,,1960786582.6797826,0.0,0.0,294
