pairValue,buyBook,exchangeId,sellBook,updated,buyTotal,satoshiPrice,usdPrice,exchangeLogId,created,bestPair,sellTotalBtc,volume,pairPrice,activePairs,sellTotal,volumeBtc,buyTotalBtc,coinId
1,[],3,[],2019-02-05 06:02:13,126.853222570321,0.01238247999999999952869256247822704608552157878875732421875,0.00000042914456235199997,6587164,2019-02-05 06:02:13,btc,107.09233217478732,0.31692584,0.01238247999999999952869256247822704608552157878875732421875,btc,24.016933990472,0.0,0.34547331775233253,1
1,[],4,[],2019-02-05 06:02:14,25209.24166092,0.01246201,0.000000431900865374,6587165,2019-02-05 06:02:14,btc,0.9971972085231114,0.0,0.01246201,btc,76.52535135,1.00962379,2.8735839016198828,1
1,[],5,[],2019-02-05 06:02:17,0.2260522,0.01220015,0.00000042282547861,6587166,2019-02-05 06:02:17,btc,14578.0552164,1.0106814,0.01220015,btc,35555556.11689003,0.0,1.44520795,1
1,[],10,[],2019-02-05 06:02:19,415000.69091061,0.0122,0.00000042282028000000003,6587167,2019-02-05 06:02:19,btc,6533.00790143771,871.97956927,0.0122,btc,1020.8516847,0.0,4.147512519012768,1
1,[],12,[],2019-02-05 06:02:20,10428.50494653,0.01240999999999999915678561279719360754825174808502197265625,0.00000043009833399999996,6587168,2019-02-05 06:02:20,btc,0.3603450173234,0.0,0.01240999999999999915678561279719360754825174808502197265625,btc,22.74969525,1.0156894953909,0.2540818345923,1
1,[],20,[],2019-02-05 06:02:23,1149.1772,0.01200001,0.000000415889146574,6587169,2019-02-05 06:02:23,btc,0.0566246204203,0.0,0.01200001,btc,2.488,0.0,0.0843085388377,1
1,[],21,[],2019-02-05 06:02:24,2431.98251192,0.01243044999999999913886661318,0.00000043080707783,6587170,2019-02-05 06:02:24,btc,21.803596926002484,2829.75521433,0.0124304499999999991388666131797435809858143329620361328125,"btc,eth",2326.22697573,33.885644219889436,23.53581580388264,1
1,[],22,[],2019-02-05 06:02:27,0.0263776,0.01350000,0.00000046787489999999995,6587171,2019-02-05 06:02:27,BTC,0.31397231,0.0,0.01350000,BTC,0.10124366666666666,0.0,0.00034472,1
1,[],24,[],2019-02-05 06:02:28,0.0,0.000000000000,0,6587172,2019-02-05 06:02:28,btc,0.0,0.0,0.000000000000,btc,0.0,0.0,0.0,1
0.0,[],25,[],2019-02-05 06:02:29,0.0,0,0,6587173,2019-02-05 06:02:29,btc,10.645999998419216,1701.98569826,0.0,btc,805.15663032,21.1562,0.0,1
1,[],26,[],2019-02-05 06:02:39,0.0,0,0,6587174,2019-02-05 06:02:39,,0.0,0.0,0,,0.0,0.0,0.0,1
1,[],28,[],2019-02-05 06:02:41,987.9,0.01131000,0.000000391975194,6587175,2019-02-05 06:02:41,btc,0.162839806,14315.2,0.01131000,btc,8.9,0.0,0.024551096,1
0,[],2,[],2019-01-20 23:28:45,0.0,0,0,6477011,2019-01-20 23:28:45,,0.0,0.0,0,,0.0,0.0,0.0,1
1,[],5,[],2019-02-05 06:08:44,2.073e-05,0.00000072,0.000000000024957576,6587373,2019-02-05 06:08:44,btc,0.16002744,0.00631093,0.00000072,btc,7.025e-05,0.0,0.45796896,2
1,[],22,[],2019-02-05 06:08:48,1648.0,0.0000004,0.00000000001386532,6587374,2019-02-05 06:08:48,BTC,4.2213561,0.0,0.0000004,"BTC,XMR",14604.70581,0.0,0.00107635,2
1,[],5,[],2019-02-05 06:08:50,1.25e-06,0.00000016,0.000000000005546128,6587375,2019-02-05 06:08:50,btc,3.62144755,1.12128301,0.00000016,btc,2.204e-05,0.0,2.95123753,3
1,[],12,[],2019-02-05 06:08:51,12417484.72491982,0.00000017,0.000000000005892760999999999,6587376,2019-02-05 06:08:51,btc,921361.5092277143,0.0,0.00000017,btc,8041691.70448772,0.10270706442033824,0.5326181751862749,3
0,[],28,[],2019-02-05 06:08:53,0.0,0,0,6587377,2019-02-05 06:08:53,,0.0,0.0,0,,0.0,0.0,0.0,3
0,[],2,[],2019-01-20 23:31:32,0.0,0,0,6477077,2019-01-20 23:31:32,,0.0,0.0,0,,0.0,0.0,0.0,4
1,[],4,[],2019-02-05 06:08:53,359751.31010758,0.00000031,0.000000000010745623,6587378,2019-02-05 06:08:53,btc,0.3275961604327516,0.0,0.00000031,btc,333566.61586634,0.00022455,0.0400242231999018,4
1,[],12,[],2019-02-05 06:08:55,1397852.5219999999,0.00000005,0.000000000001733165,6587379,2019-02-05 06:08:55,btc,11013878.260533443,0.0,0.00000005,btc,907526.39031991,0.0018816659240752,0.02743419044,5
0,[],2,[],2019-01-20 23:31:51,0.0,0,0,6477087,2019-01-20 23:31:51,,0.0,0.0,0,,0.0,0.0,0.0,6
1,[],11,[],2019-02-05 06:02:54,11224709.4999525,0.00000002,0.000000000000693148,6587183,2019-02-05 06:02:54,btc,9433.341140428096,27400.0,0.00000002,btc,41338923.65169307,0.0,0.18805467499905001,6
1,[],3,[],2019-02-05 06:08:55,1069.652384675756,0.000150559999999999995050348200464895853656344115734100341796875,0.000000005218906448,6587380,2019-02-05 06:08:55,btc,28.510202753279106,0.0,0.000150559999999999995050348200464895853656344115734100341796875,btc,234.145665820227,0.0,0.030997767816609203,7
1,[],4,[],2019-02-05 06:08:56,24957.55319791,0.00019888,0.000000006893837104,6587381,2019-02-05 06:08:56,btc,3.0992650055395887,0.0,0.00019888,btc,13763.46306261,2.79643313,4.260420884220885,7
1,[],5,[],2019-02-05 06:08:57,0.00653343,0.00020001,0.000000006933006633,6587382,2019-02-05 06:08:57,btc,1.17300376,0.30003755,0.00020001,btc,0.01193904,0.0,1.56439653,7
1,[],20,[],2019-02-05 06:08:59,66461509.91,0.000000001,0.0000000000000346633,6587383,2019-02-05 06:08:59,btc,116.1315013062774,0.0,0.000000001,btc,28812144.5195,0.0,0.06646150991,8
0,[],2,[],2019-01-20 23:22:42,0.0,0,0,6476876,2019-01-20 23:22:42,,0.0,0.0,0,,0.0,0.0,0.0,9
0,[],23,[],2019-01-20 23:22:48,0.0,0,0,6476878,2019-01-20 23:22:48,,0.0,0.0,0,,0.0,0.0,0.0,9
1,[],1,[],2019-02-05 06:09:00,1564398.33,0.00000191999999999999982841307998027158276954651228152215480804443359375,0.00000000006655353599999999,6587384,2019-02-05 06:09:00,btc,1.3968177036,16095264.08,0.00000191999999999999982841307998027158276954651228152215480804443359375,btc,711949.34,31.46358764,2.9694373672,9
1,[],4,[],2019-02-05 06:09:01,524802.68979796,0.00000191,0.000000000066206903,6587385,2019-02-05 06:09:01,btc,1.23059395945397,0.0,0.00000191,btc,602010.63178867,1.24448824,0.9593070817080599,9
1,[],28,[],2019-02-05 06:09:02,34500.0,0.00000165,0.000000000057194445,6587386,2019-02-05 06:09:02,btc,2708.7727197804,2833237.0,0.00000165,btc,15427.14,0.0,0.02854,9
1,[],4,[],2019-02-04 22:10:59,7341799.37826053,0.00000002,0.000000000000693444,6584299,2019-02-04 22:10:59,btc,0.1999615409270056,0.0,0.00000002,btc,4135980.29534268,0.00062922,0.0786653918652106,10
0,[],2,[],2019-01-20 23:23:08,0.0,0,0,6476890,2019-01-20 23:23:08,,0.0,0.0,0,,0.0,0.0,0.0,12
1,[],4,[],2019-02-05 06:09:03,3101121.13264837,0.00000144,0.000000000049915152,6587387,2019-02-05 06:09:03,btc,0.7073805379987114,0.0,0.00000144,btc,453317.47292672,3.00344686,4.1446377743973795,12
1,[],5,[],2019-02-05 06:09:04,1.915e-05,0.00000138,0.000000000047835354,6587388,2019-02-05 06:09:04,btc,0.47421105,0.96017508,0.00000138,btc,0.00012403,0.0,0.26595265,12
0.0,[],25,[],2019-02-05 06:09:06,0.0,0,0,6587389,2019-02-05 06:09:06,,0.0,0.0,0.0,btc,0.0,0.0,0.0,12
1,[],10,[],2019-02-05 03:59:34,585790.11527788,0.00000613,0.000000000212362816,6586398,2019-02-05 03:59:34,btc,666809.623231158,7951.54045389,0.00000613,btc,734990.07870296,0.0,0.8172175339715014,13
1,[],4,[],2019-02-05 06:09:06,249896.94751576,0.00000610,0.00000000021144613,6587390,2019-02-05 06:09:06,btc,0.32231982945832,0.0,0.00000610,btc,49289.85557262,0.74890172,0.9757966474009703,13
1,[],21,[],2019-02-05 06:09:10,1129886.670328,0.000006129999999999999754369661015,0.00000000021248602899999998,6587391,2019-02-05 06:09:10,btc,4.4387998509272935,651708.54230634,0.0000061299999999999997543696610147190284578755381517112255096435546875,btc,651802.23776868,4.03809933,5.8471005798995686,13
1,[],4,[],2019-02-05 06:09:10,1126259.39673841,0.00000142,0.000000000049221886,6587392,2019-02-05 06:09:10,btc,0.1739556083907342,0.0,0.00000142,btc,83436.30361519,0.03951556,0.4200568822580968,14
1,[],12,[],2019-02-05 06:09:11,87713.45054945,0.00000119999999999999994569773419106351042273672646842896938323974609375,0.00000000004159596,6587393,2019-02-05 06:09:11,btc,1.76669684099455,0.0,0.00000119999999999999994569773419106351042273672646842896938323974609375,btc,30155.56233445,0.0130261618559099,0.0086284599999995,14
0,[],17,[],2019-02-05 06:09:13,0.0,0,0,6587394,2019-02-05 06:09:13,btc,0.0,0.0,0,btc,0.0,0.0,0.0,14
1,[],26,[],2019-02-05 06:09:23,0.0,0.00000049,0.000000000016985017,6587395,2019-02-05 06:09:23,btc,0.0,0.0,0.00000049,btc,0.0,0.0,0.0,14
0,[],4,[],2019-02-05 06:09:24,0.0,0,0,6587396,2019-02-05 06:09:24,,0.0,0.0,0,,0.0,0.0,0.0,15
,[],12,[],2018-12-01 15:15:48,204241.84496,0.00000489,0.000000000202473384,5260204,2018-12-01 15:15:48,btc,49.5475654835,0.0,,btc,35763.2193806,0.0163153972027625,0.0203389899998,15
1,[],4,[],2019-02-05 06:03:16,26558.4467766,0.00001796,0.000000000622446904,6587201,2019-02-05 06:03:16,btc,2.2221919071214424,0.0,0.00001796,btc,7776.94597734,0.01546588,0.1080135625612119,18
1,[],10,[],2019-02-05 06:03:18,789840.10626671,0.00001741,0.000000000603385334,6587202,2019-02-05 06:03:18,btc,15.59250790317173,5676.82736302,0.00001741,btc,12765.30260837,0.0,0.3179883204032452,18
1,[],12,[],2019-02-05 06:03:19,200613.9872348,0.00001616999999999999934239235110933208261485560797154903411865234375,0.0000000005604101579999999,6587203,2019-02-05 06:03:19,btc,0.1856939169406319,0.0,0.00001616999999999999934239235110933208261485560797154903411865234375,btc,1708.32700711,0.0005943827609161,0.0135194393416766,18
0,[],17,[],2019-02-05 06:03:21,0.0,0,0,6587204,2019-02-05 06:03:21,btc,0.0,0.0,0,btc,0.0,0.0,0.0,18
0,[],2,[],2019-01-20 23:23:38,0.0,0,0,6476906,2019-01-20 23:23:38,,0.0,0.0,0,,0.0,0.0,0.0,18
1,[],3,[],2019-02-05 06:09:25,108894.56735432666,0.000028500000000000001569057384021022016895585693418979644775390625,0.0000000009879040500000001,6587397,2019-02-05 06:09:25,btc,0.44343387309007737,5571.57127407,0.000028500000000000001569057384021022016895585693418979644775390625,btc,5119.527808218559,0.0,0.09411370079317304,19
1,[],4,[],2019-02-05 06:09:27,233414.80170758,0.00002954,0.000000001023953882,6587398,2019-02-05 06:09:27,btc,0.361161501863923,0.0,0.00002954,btc,10388.38739061,2.38171477,2.659074134017269,19
1,[],5,[],2019-02-05 06:09:28,0.00020455,0.00002560,0.00000000088738048,6587399,2019-02-05 06:09:28,btc,0.27683745,0.01517019,0.00002560,btc,0.003189,0.0,0.18234996,19
1,[],12,[],2019-02-05 06:09:29,135095.59049715,0.0000230199999999999998265103051675595224878634326159954071044921875,0.000000000797949166,6587400,2019-02-05 06:09:29,btc,1.9953602670830854,0.0,0.0000230199999999999998265103051675595224878634326159954071044921875,btc,517.40106483,0.00023009,0.033524933244393,19
0,[],27,[],2019-02-05 06:09:31,0.0,0,0,6587401,2019-02-05 06:09:31,,0.0,0.0,0,btc,0.0,0.0,0.0,19
0,[],2,[],2019-01-20 23:24:19,0.0,0,0,6476924,2019-01-20 23:24:19,,0.0,0.0,0,,0.0,0.0,0.0,19
1,[],4,[],2019-02-05 06:09:32,8006180.3054235,0.00000013,0.000000000004506229,6587402,2019-02-05 06:09:32,btc,0.8115715970728697,0.0,0.00000013,btc,1594753.31171721,0.00011984,0.2554230874915714,20
1,[],4,[],2019-02-05 06:09:34,122569461.40022224,0.00000002,0.000000000000693266,6587403,2019-02-05 06:09:34,btc,0.6364163187258483,0.0,0.00000002,btc,15811990.00329118,0.0083118,1.4609668122142851,21
1,[],12,[],2019-02-05 06:09:35,19029287.0,0.00000002,0.000000000000693266,6587404,2019-02-05 06:09:35,btc,668.5451868047564,0.0,0.00000002,btc,8549966.70429836,0.0,0.25352031,21
0,[],17,[],2019-02-05 06:09:37,0.0,0,0,6587405,2019-02-05 06:09:37,btc,0.0,0.0,0,btc,0.0,0.0,0.0,21
1,[],12,[],2019-02-05 06:09:38,2153738325.5458817,0.0000000002,0.00000000000000693266,6587406,2019-02-05 06:09:38,btc,1729404717685.1028,0.0,0.0000000002,btc,5251738874.366847,0.026225456148651457,0.21958294825598684,23
0,[],27,[],2019-02-05 06:09:40,0.0,0,0,6587407,2019-02-05 06:09:40,,0.735147,0.0,0,eth,812759.0,0.0,0.0,23
1,[],4,[],2019-02-05 06:09:41,3610334.43570963,0.00000080,0.00000000002773064,6587408,2019-02-05 06:09:41,btc,0.078360323870194,0.0,0.00000080,btc,71551.85220237,0.00194522,0.4501997023841887,24
1,[],22,[],2019-02-05 06:09:44,11.76,0.00000100,0.0000000000346633,6587409,2019-02-05 06:09:44,BTC,7.415e-05,0.0,0.00000100,BTC,23.919354838709676,0.0,1.176e-05,24
0.0,[],25,[],2019-02-05 06:09:46,0.0,0,0,6587410,2019-02-05 06:09:46,,0.0,0.0,0.0,btc,0.0,0.0,0.0,24
1,[],4,[],2019-02-05 06:09:47,27844819.09411106,0.00000708,0.000000000245416164,6587411,2019-02-05 06:09:47,btc,0.4714675847602759,0.0,0.00000708,btc,39693.4585977,0.06841711,0.4877693832892397,26
1,[],10,[],2019-02-05 06:09:49,731063.84399312,0.00000589,0.000000000204166837,6587412,2019-02-05 06:09:49,btc,25.976093285836757,13.78445605,0.00000589,btc,13162.4957669,0.0,0.2083750833237135,26
0,[],2,[],2019-01-20 23:25:56,0.0,0,0,6476976,2019-01-20 23:25:56,,0.0,0.0,0,,0.0,0.0,0.0,26
1,[],3,[],2019-02-05 06:09:50,6740528.65301474,0.00000002,0.000000000000693266,6587413,2019-02-05 06:09:50,btc,2.5129598956170263,236123.992684,0.00000002,btc,16144663.1649197,0.0,0.0793470926717805,27
1,[],5,[],2019-02-05 06:09:51,1e-08,0.00000001,0.000000000000346633,6587414,2019-02-05 06:09:51,btc,1.1816894,0.00160936,0.00000001,btc,4.362e-05,0.0,0.12602079,27
1,[],11,[],2019-02-05 06:09:52,10065216.691211501,0.00000005,0.000000000001733165,6587415,2019-02-05 06:09:52,btc,370.63310344475406,550157.720616,0.00000005,btc,8170877.7193934005,0.0,0.4661316134459823,27
1,[],4,[],2019-02-05 06:09:53,388507235.55331635,0.00000003,0.000000000001039899,6587416,2019-02-05 06:09:53,btc,3.9947158790867223,0.0,0.00000003,"btc,ltc",116114736.33799689,0.83566993,3.017259177812856,29
1,[],7,[],2019-02-05 06:09:54,39719460.44287711,0.00000003,0.0000000000010398989999999999,6587417,2019-02-05 06:09:54,btc,44465206.20562431,45584.0875125,0.00000003,btc,40679762.41057531,0.00182336,0.7239454071361162,29
1,[],4,[],2019-02-05 06:03:48,1385223.18132726,0.00000029,0.000000000010050646,6587226,2019-02-05 06:03:48,btc,0.2547808707328419,0.0,0.00000029,btc,542528.49309604,0.00966713,0.0851205093702465,30
0,[],17,[],2019-02-05 06:03:50,0.0,0,0,6587227,2019-02-05 06:03:50,btc,0.0,0.0,0,btc,0.0,0.0,0.0,30
1,[],4,[],2019-02-05 06:09:55,1134066.37975534,0.00006656,0.000000002307189248,6587418,2019-02-05 06:09:55,btc,1.5587484084343954,0.0,0.00006656,btc,18816.57995352,0.87884214,1.7721664832194322,31
1,[],21,[],2019-02-05 06:09:56,146822.18759899,0.00006852000000000000126156030067,0.000000002375129316,6587419,2019-02-05 06:09:56,btc,2.4887972254900763,204551.72243351,0.00006852000000000000126156030066937319134012795984745025634765625,btc,32843.26430667,14.00201402,9.765478686211672,31
0,[],2,[],2019-01-20 23:28:43,0.0,0,0,6477009,2019-01-20 23:28:43,,0.0,0.0,0,,0.0,0.0,0.0,32
1,[],4,[],2019-02-05 06:09:57,148995160.48080254,0.00000005,0.000000000001733165,6587420,2019-02-05 06:09:57,btc,1.3073672465707527,0.0,0.00000005,"btc,ltc",27136666.05616211,0.76938982,2.6821751533352702,33
1,[],12,[],2019-02-05 06:09:58,18193837.0,0.00000006,0.0000000000020797979999999997,6587421,2019-02-05 06:09:58,btc,17261782.27602957,0.0,0.00000006,btc,89574962.76823159,0.0423380138128672,0.67133146,33
1,[],4,[],2019-02-05 06:09:59,110278382.00015794,0.00000002,0.000000000000693266,6587422,2019-02-05 06:09:59,btc,0.7590371230124844,0.0,0.00000002,btc,25301237.43374948,2.39058506,1.1033654167915794,34
1,[],5,[],2019-02-05 06:10:00,3e-08,0.00000002,0.000000000000693266,6587423,2019-02-05 06:10:00,btc,3.79432919,0.7692447,0.00000002,btc,1.394e-05,0.0,0.80696767,34
0.0000000000986074,[],4,[],2019-02-05 06:10:01,1103125015.5,2.958222e-18,1.025417366526e-22,6587424,2019-02-05 06:10:01,ltc,7.962511800842812e-09,0.0,0.00000003,ltc,1585007109.1194253,0.0,2.1709486332131526e-09,36
1,[],5,[],2019-02-05 06:10:03,0.0,0,0,6587425,2019-02-05 06:10:03,btc,204.29536467,0.0,0,btc,1.295e-05,0.0,0.0,36
0,[],17,[],2019-02-05 06:10:04,0.0,0,0,6587426,2019-02-05 06:10:04,btc,0.07494043758781241,0.0,0,btc,4134847.20243647,0.0,0.0,36
0.0000000000986074,[],27,[],2019-02-05 06:10:07,1000000.0,1.972148e-18,6.83611577684e-23,6587427,2019-02-05 06:10:07,ltc,447.7307979714,0.0,0.00000002,"ltc,eth",3711879.16,0.0,1.972148e-12,36
1,[],4,[],2019-02-05 06:10:07,419447.18758339,0.00000142,0.000000000049221886,6587428,2019-02-05 06:10:07,btc,0.3894216955298924,0.0,0.00000142,btc,207329.43644427,0.0907201,0.3729660227144128,37
1,[],12,[],2019-02-05 06:10:09,331350.58048471,0.00000141999999999999995691814247411599581027985550463199615478515625,0.000000000049221885999999996,6587429,2019-02-05 06:10:09,btc,1338.9975891398806,0.0,0.00000141999999999999995691814247411599581027985550463199615478515625,btc,870066.78952424,0.4911130578167948,0.17209502258740542,37
1,[],17,[],2019-02-05 06:10:10,1752.74075282,0.00000025,0.000000000008665825,6587430,2019-02-05 06:10:10,btc,0.05548492396493539,0.0,0.00000025,btc,1387.19918473,0.0,0.00043818518820499993,37
1,[],27,[],2019-02-05 06:10:12,16943.0,0.0000005,0.00000000001733165,6587431,2019-02-05 06:10:12,btc,43.30929497030353,0.0,0.0000005,btc,29579.81438508,0.0,0.00566124,37
1,[],5,[],2019-02-05 06:10:13,1.711e-05,0.00000101,0.000000000035009933,6587432,2019-02-05 06:10:13,btc,0.10459532,0.03232143,0.00000101,btc,0.00011523,0.0,0.04333517,42
1,[],12,[],2019-02-05 06:10:14,150018.73421217,0.00000110000000000000005610204141526242693771564518101513385772705078125,0.00000000003812963,6587433,2019-02-05 06:10:14,btc,85.0679327348071,0.0,0.00000110000000000000005610204141526242693771564518101513385772705078125,btc,97932.06156129,8.35364635409e-05,0.0513414900000031,42
0,[],27,[],2019-02-05 06:10:16,0.0,0,0,6587434,2019-02-05 06:10:16,,0.00315028,0.0,0,"btc,eth",11.007,0.0,0.0,42
1,[],5,[],2019-02-05 06:04:15,3e-08,0.00000002,0.000000000000693148,6587245,2019-02-05 06:04:15,btc,6.09448901,0.00703062,0.00000002,btc,1.425e-05,0.0,0.52678241,43
1,[],12,[],2019-02-05 06:04:16,6502141.0,0.00000002,0.000000000000693148,6587246,2019-02-05 06:04:16,btc,20007456.464672454,0.0,0.00000002,btc,38833161.74765234,0.0,0.06502156,43
0,[],17,[],2019-02-05 06:04:19,0.0,0,0,6587247,2019-02-05 06:04:19,btc,0.0,0.0,0,btc,0.0,0.0,0.0,43
1,[],12,[],2019-02-05 06:04:20,861037.0,0.00000007,0.0000000000024260180000000003,6587248,2019-02-05 06:04:20,btc,11115166.022191437,0.0,0.00000007,btc,991996.37862139,0.0020110902996983,0.02540806,44
1,[],4,[],2019-02-05 06:10:17,234626898.33245036,0.00000002,0.000000000000693266,6587435,2019-02-05 06:10:17,btc,0.18982013126964897,0.0,0.00000002,"btc,ltc",8498520.51947867,0.00692066,0.5348265788718779,49
0.0000000000986074,[],4,[],2019-02-05 06:10:18,4953044339.048763,1.972148e-18,6.83611577684e-23,6587436,2019-02-05 06:10:18,ltc,4.645173503959266,0.0,0.00000002,ltc,1710701764.0709171,0.0,5.344329157848614e-09,52
0,[],22,[],2019-02-05 06:04:24,0.0,0,0,6587251,2019-02-05 06:04:24,,3693.1548887,0.0,0,,247203597.90882352,0.0,0.0,57
0,[],27,[],2019-02-05 06:04:26,0.0,0,0,6587252,2019-02-05 06:04:26,,0.0,0.0,0,"btc,eth",0.0,0.0,0.0,57
0.0000000000986074,[],4,[],2019-02-05 06:10:19,1619131872.5725741,4.93037e-18,1.70902894421e-22,6587437,2019-02-05 06:10:19,ltc,3.2882093413786553,0.0,0.00000005,ltc,1060981819.999429,0.0,5.23058695424123e-09,58
1,[],12,[],2019-02-05 06:10:20,2072301289.843957,0.0000000005,0.00000000000001733165,6587438,2019-02-05 06:10:20,btc,625182683192.2799,0.0,0.0000000005,btc,3161065025.8132863,0.009854694359640396,0.7508502090011392,58
0,[],17,[],2019-02-05 06:10:22,0.0,0,0,6587439,2019-02-05 06:10:22,btc,1e+24,0.0,0,btc,41616695.95832568,0.0,0.0,58
0.0000000001244734,[],22,[],2019-02-05 06:10:25,137438.0,1.244734e-18,4.31465880622e-23,6587440,2019-02-05 06:10:25,XMR,69.8835922,0.0,0.00000001,XMR,9887963.0,0.0,0.00137438,58
1,[],5,[],2019-02-05 06:10:27,7.63e-06,0.00000064,0.000000000022184512,6587441,2019-02-05 06:10:27,btc,0.32803058,0.00399128,0.00000064,btc,0.00014917,0.0,0.0478686,61
1,[],22,[],2019-02-05 06:10:30,5111.5,0.00000011,0.000000000003812963,6587442,2019-02-05 06:10:30,BTC,1002.29606732,0.0,0.00000011,BTC,15028.700278135757,0.0,0.00051178,61
1,[],26,[],2019-02-05 06:10:30,0.0,0.00000800,0.0000000002773064,6587443,2019-02-05 06:10:30,btc,0.0,0.0,0.00000800,btc,0.0,0.0,0.0,61
1,[],27,[],2019-02-05 06:10:32,100.0,0.00000032,0.000000000011092256,6587444,2019-02-05 06:10:32,btc,0.129872,4.0,0.00000032,"btc,eth",154.84,0.0024,3.1e-05,61
1,[],28,[],2019-02-05 06:10:33,6884.304,0.0000006,0.00000000002079798,6587445,2019-02-05 06:10:33,btc,2.064613633700105,621.0,0.0000006,btc,11345.10450005,0.0,0.00216611304,61
1,[],4,[],2019-02-05 06:04:43,1331626.8768359,0.00000185,0.00000000006411618999999999,6587262,2019-02-05 06:04:43,btc,0.7322234214648095,0.0,0.00000185,btc,262549.56270531,0.1048006,1.0082108237898872,67
0.0,[],25,[],2019-02-05 06:04:44,0.0,0,0,6587263,2019-02-05 06:04:44,,0.0,0.0,0.0,btc,0.0,0.0,0.0,67
1,[],12,[],2019-02-05 06:10:34,2591538.66344444,0.00000015,0.000000000005199495,6587446,2019-02-05 06:10:34,btc,11115995.63454633,0.0,0.00000015,btc,2439857.50065488,0.0437053301798213,0.0815640164411108,71
,[],5,[],2018-11-20 23:02:39,1.5e-07,0.00000005,0.000000000002128045,4862160,2018-11-20 23:02:39,btc,2.84511358,0.0,,btc,0.00036572,0.0,0.07381892,74
1,[],5,[],2019-01-25 15:53:51,3.303e-05,0.00000156,0.000000000055588884,6499610,2019-01-25 15:53:51,btc,1.42844212,0.0,0.00000156,btc,0.00015937,0.0,0.49487621,75
1,[],4,[],2019-02-05 06:10:35,70997797.82492337,0.00000001,0.000000000000346633,6587447,2019-02-05 06:10:35,btc,0.8140611123105091,0.0,0.00000001,btc,15190754.69973608,0.00234377,0.7099779782492337,81
0,[],20,[],2019-01-25 09:30:31,0.0,0,0,6495923,2019-01-25 09:30:31,btc,0.0,0.0,0,btc,0.0,0.0,0.0,81
1,[],4,[],2019-02-05 06:10:37,23678.8301808,0.00007035,0.000000002438563155,6587448,2019-02-05 06:10:37,btc,0.6519376949122978,0.0,0.00007035,btc,6275.53312252,0.02329849,0.0798065570534258,82
1,[],21,[],2019-02-05 06:10:38,84668.54016271,0.00007524999999999999950647117108,0.000000002608413325,6587449,2019-02-05 06:10:38,btc,3.4061000412029836,2815.08349985,0.000075249999999999999506471171084598381639807485044002532958984375,btc,39007.1573326,0.21159558,4.3113265342435785,82
0,[],17,[],2019-02-05 06:10:39,0.0,0,0,6587450,2019-02-05 06:10:39,btc,0.0447233088476774,0.0,0,btc,999127.19588126,0.0,0.0,84
0.00000000009855940000000001,[],4,[],2019-02-05 06:04:52,334193027.582892,1.1827128000000001e-17,4.098975059472e-22,6587269,2019-02-05 06:04:52,ltc,0.19579063225631826,0.0,0.00000012,ltc,69010188.35811177,0.0,1.3200862202251164e-09,85
,[],22,[],2018-11-20 23:09:34,3408.1,0.0000001,0.0000000000041895,4862324,2018-11-20 23:09:34,BTC,0.04624735,0.0,,BTC,4990.0,0.0,0.00033081,86
0,[],22,[],2019-02-05 06:10:42,0.0,0,0,6587451,2019-02-05 06:10:42,,2.07810912,0.0,0,,154826.94736842104,0.0,0.0,87
0,[],27,[],2019-02-05 06:10:43,0.0,0,0,6587452,2019-02-05 06:10:43,,0.0,0.0,0,btc,0.0,0.0,0.0,87
,[],2,[],2018-11-20 23:10:47,0.0,0,0,4862359,2018-11-20 23:10:47,,0.0,0.0,,,0.0,0.0,0.0,88
1,[],11,[],2019-02-05 06:10:45,101517.77251533,0.0001770599999999999886630963619182921320316381752490997314453125,0.000000006137483898,6587453,2019-02-05 06:10:45,btc,245.81516545880464,506.64278175,0.0001770599999999999886630963619182921320316381752490997314453125,btc,183707.84047277,0.0,7.409137641744997,89
0,[],2,[],2019-01-20 23:31:45,0.0,0,0,6477083,2019-01-20 23:31:45,,0.0,0.0,0,,0.0,0.0,0.0,91
1,[],12,[],2019-02-05 06:04:58,459866.91015239,0.000003530000000000000083782807080989840642359922640025615692138671875,0.000000000122340622,6587273,2019-02-05 06:04:58,btc,1115.4422137368856,0.0,0.000003530000000000000083782807080989840642359922640025615692138671875,btc,36137.4763252,0.0091660621617326,0.12005154369991711,91
0,[],17,[],2019-02-05 06:05:00,0.0,0,0,6587274,2019-02-05 06:05:00,btc,0.0,0.0,0,btc,0.0,0.0,0.0,91
0.00000000009855940000000001,[],22,[],2019-02-05 06:05:04,29102392.0,5.9135640000000005e-18,2.049487529736e-22,6587275,2019-02-05 06:05:04,LTC,8.80658359,0.0,0.00000006,LTC,76329729.6,0.0,1.20422058,95
0.0000000000986074,[],4,[],2019-02-05 06:10:45,132143560.79807273,9.7621326e-17,3.3838773095358e-21,6587454,2019-02-05 06:10:45,ltc,0.9489577134616918,0.0,0.00000099,ltc,46709066.09054624,0.24546407,6.71693453037985e-10,96
1,[],12,[],2019-02-05 06:10:46,222840.0,0.00000001,0.000000000000346633,6587455,2019-02-05 06:10:46,btc,255063.42180635562,0.0,0.00000001,btc,8938980.33297676,2.138e-05,0.0022284,96
0,[],17,[],2019-02-05 06:10:48,0.0,0,0,6587456,2019-02-05 06:10:48,btc,0.0,0.0,0,btc,0.0,0.0,0.0,96
1,[],4,[],2019-02-05 06:05:08,1441666.48894673,0.00000032,0.000000000011090368,6587279,2019-02-05 06:05:08,btc,0.1453426418781636,0.0,0.00000032,btc,291557.93854403,0.08040702,0.1145038237451194,99
1,[],4,[],2019-02-05 06:10:48,67667.5696753,0.00004350,0.00000000150785355,6587457,2019-02-05 06:10:48,btc,1.391123012081936,0.0,0.00004350,btc,28848.41091051,0.6362506,2.6586813418725894,100
0,[],2,[],2019-01-20 23:23:55,0.0,0,0,6476914,2019-01-20 23:23:55,,0.0,0.0,0,,0.0,0.0,0.0,100
1,[],22,[],2019-02-05 06:05:17,50000.0,0.00000001,0.000000000000346574,6587281,2019-02-05 06:05:17,BTC,23.50383609,0.0,0.00000001,BTC,11277.22,0.0,0.0005,101
1,[],4,[],2019-02-05 06:10:49,162427.13828561,0.00000100,0.0000000000346633,6587458,2019-02-05 06:10:49,btc,0.3901708664458584,0.0,0.00000100,btc,146265.19373704,0.02627902,0.1115823079725567,103
1,[],12,[],2019-02-05 06:10:51,88488797.5303887,0.000000016,0.0000000000005546128,6587459,2019-02-05 06:10:51,btc,138278909.982102,0.0,0.000000016,btc,133557011.42064688,0.12386732404694732,0.6716746754862192,105
1,[],27,[],2019-02-05 06:10:53,10159100.89,0.00000001,0.000000000000346633,6587460,2019-02-05 06:10:53,btc,0.620832568896094,2305.0,0.00000001,btc,708411.74181977,2.305e-05,0.1015910089,105
0,[],22,[],2019-02-05 06:10:55,0.0,0,0,6587461,2019-02-05 06:10:55,,1.07253299,0.0,0,,94300.0,0.0,0.0,107
1,[],26,[],2019-02-05 06:10:55,0.0,0.00000000,0,6587462,2019-02-05 06:10:55,btc,0.0,0.0,0.00000000,btc,0.0,0.0,0.0,107
1,[],5,[],2019-02-05 06:05:25,3e-08,0.00000002,0.000000000000693148,6587287,2019-02-05 06:05:25,btc,2.88732368,0.00773236,0.00000002,btc,1.649e-05,0.0,0.1264059,112
1,[],22,[],2019-02-05 06:05:28,2229188.0,0.00000002,0.000000000000693148,6587288,2019-02-05 06:05:28,BTC,2.81683288,0.0,0.00000002,BTC,808529.0833333334,0.0,0.02960411,112
0.000000000309551,[],27,[],2019-02-05 06:05:31,500000.0,3.09551e-18,1.07282328274e-22,6587289,2019-02-05 06:05:31,eth,1.25356065,0.0,0.00000001,"btc,eth",1328.0,0.0,1.547755e-12,112
1,[],4,[],2019-02-05 06:10:56,502997.47526926,0.00000434,0.000000000150438722,6587463,2019-02-05 06:10:56,btc,0.6359799799103873,0.0,0.00000434,btc,105032.03936588,0.19087113,0.3977757914900588,113
1,[],5,[],2019-02-05 06:10:57,2.471e-05,0.00000391,0.000000000135533503,6587464,2019-02-05 06:10:57,btc,2.18181833,0.00010668,0.00000391,btc,0.00313804,0.0,0.2048707,113
1,[],17,[],2019-02-05 06:10:59,174538.724,0.00000004,0.000000000001386532,6587465,2019-02-05 06:10:59,btc,1.3368030274066258,0.0,0.00000004,btc,51896.221,0.0,0.00308154896,116
0,[],27,[],2019-02-05 06:11:00,0.0,0,0,6587466,2019-02-05 06:11:00,,0.0,0.0,0,btc,0.0,0.0,0.0,116
1,[],4,[],2019-02-05 06:11:01,40444.65281314,0.00002822,0.000000000978198326,6587467,2019-02-05 06:11:01,btc,0.6646095504298123,0.0,0.00002822,btc,19727.23916054,0.47242347,0.7734846471161088,120
1,[],7,[],2019-02-05 06:11:02,15074.87154896,0.0000182800000000000011633229102248066055835806764662265777587890625,0.000000000633645124,6587468,2019-02-05 06:11:02,btc,88979.2215776333,0.0,0.0000182800000000000011633229102248066055835806764662265777587890625,btc,29618.08555444,0.0,0.1350096466765606,120
1,[],20,[],2019-02-05 06:05:41,1617028.1906,0.000000014,0.0000000000004852036,6587296,2019-02-05 06:05:41,btc,33.7487591931607,0.0,0.000000014,btc,1063782.1766,0.0,0.0089722132172,125
1,[],22,[],2019-02-05 06:11:06,3053.0,0.00000001,0.000000000000346633,6587469,2019-02-05 06:11:06,BTC,0.01444889,0.0,0.00000001,BTC,296264.5111111111,0.0,3.053e-05,126
1,[],4,[],2019-02-05 06:11:06,88407.03263589,0.00001679,0.000000000581996807,6587470,2019-02-05 06:11:06,btc,0.5012813645524395,0.0,0.00001679,btc,25413.50214793,0.44818775,0.5873141278808076,131
0,[],17,[],2019-02-05 06:11:08,0.0,0,0,6587471,2019-02-05 06:11:08,btc,0.0009561751951600001,0.0,0,btc,35.42829368,0.0,0.0,131
0,[],2,[],2019-01-20 23:25:46,0.0,0,0,6476969,2019-01-20 23:25:46,,0.0,0.0,0,,0.0,0.0,0.0,131
1,[],4,[],2019-02-05 06:11:09,4608.09145085,0.00016000,0.000000005546128,6587472,2019-02-05 06:11:09,btc,1.6408234705362372,0.0,0.00016000,btc,302.35845559,0.0,0.0113649733677607,135
1,[],3,[],2019-02-05 06:05:49,1878143.33745658,0.00000007,0.0000000000024260180000000003,6587301,2019-02-05 06:05:49,btc,0.1422291893340531,66703.2284975,0.00000007,btc,430313.07241306,0.0,0.0704321114460393,136
1,[],4,[],2019-02-05 06:05:50,94432.81120273,0.00000177,0.000000000061343598,6587302,2019-02-05 06:05:50,btc,0.3191634430325429,0.0,0.00000177,btc,131487.76911813,0.04685747,0.1305389696164034,137
1,[],12,[],2019-02-05 06:05:51,302250.55844157,0.000001799999999999999918546601286595265634105089702643454074859619140625,0.00000000006238332,6587303,2019-02-05 06:05:51,btc,11982.845155729381,0.0,0.000001799999999999999918546601286595265634105089702643454074859619140625,btc,124359.7680192,0.0359677975852463,0.0343722500000178,137
1,[],5,[],2019-02-05 06:11:10,0.00154202,0.00004354,0.000000001509240082,6587473,2019-02-05 06:11:10,btc,2.06095257,3.76094554,0.00004354,btc,0.00237346,0.0,1.70279142,142
1,[],17,[],2019-02-05 06:11:11,12500.0,0.0000001,0.00000000000346633,6587474,2019-02-05 06:11:11,btc,20.261021578995695,0.0,0.0000001,btc,5931.99821453,0.0,0.00125,142
1,[],22,[],2019-02-05 06:11:15,962.0,0.00001800,0.0000000006239394,6587475,2019-02-05 06:11:15,BTC,3.00449528,0.0,0.00001800,BTC,899.098,0.0,0.0001637,142
0.0,[],25,[],2019-02-05 06:11:16,0.0,0,0,6587476,2019-02-05 06:11:16,,0.0,0.0,0.0,btc,0.0,0.0,0.0,142
1,[],28,[],2019-02-05 06:11:18,78705.0,0.00002600,0.0000000009012458,6587477,2019-02-05 06:11:18,btc,0.0404216555,1492.001,0.00002600,btc,805.999,0.0,0.0350237,142
1,[],20,[],2019-02-05 06:05:56,150280.2172,0.00004053,0.000000001404664422,6587306,2019-02-05 06:05:56,btc,2.51826764758,6857.6259,0.00004053,btc,5189.8419,0.294382142967,0.2719372315593,142
0,[],22,[],2019-02-05 06:11:20,0.0,0,0,6587478,2019-02-05 06:11:20,,60.28602097,0.0,0,,808007048.8,0.0,0.0,143
1,[],21,[],2019-02-05 06:11:21,27973259.50289745,0.00000026,0.000000000009012458,6587479,2019-02-05 06:11:21,btc,51.94271809092064,3338813.38680811,0.00000026,btc,89874180.7013777,0.88099808,3.4552544764552144,145
0,[],22,[],2019-02-05 06:06:10,0.0,0,0,6587312,2019-02-05 06:06:10,,3.15871229,0.0,0,,1840927.5,0.0,0.0,146
,[],22,[],2018-11-20 23:01:11,0.0,0,0,4862114,2018-11-20 23:01:11,,2.56807021,0.0,,,61828.4988236,0.0,0.0,147
1,[],12,[],2019-02-05 06:11:23,8688764.85700884,0.000004210000000000000349473054661597615222490276210010051727294921875,0.00000000014593249300000002,6587480,2019-02-05 06:11:23,btc,16.505278620291296,0.0,0.000004210000000000000349473054661597615222490276210010051727294921875,btc,112640.23026009,0.0117521110008587,0.12800895999969641,148
1,[],4,[],2019-02-05 06:06:12,317438.85056835,0.00000040,0.000000000013862959999999999,6587314,2019-02-05 06:06:12,btc,0.6849271965223368,0.0,0.00000040,btc,496866.15536978,0.00106399,0.0710347082879746,152
0,[],22,[],2019-02-05 06:06:14,0.0,0,0,6587315,2019-02-05 06:06:14,,0.0,0.0,0,,0.0,0.0,0.0,152
1,[],5,[],2019-02-05 06:06:16,0.0,0,0,6587316,2019-02-05 06:06:16,btc,4.41744381,0.0,0,btc,0.00161275,0.0,0.0,153
,[],16,[],2019-01-11 15:38:59,0.0,0,0,6366141,2019-01-11 15:38:59,btc,0.0,0.0,,btc,0.0,0.0,0.0,155
0,[],23,[],2019-01-20 23:24:29,0.0,0,0,6476932,2019-01-20 23:24:29,,0.0,0.0,0,,0.0,0.0,0.0,156
0,[],22,[],2019-02-05 06:06:19,0.0,0,0,6587317,2019-02-05 06:06:19,,6.73312347,0.0,0,,4564272.742592593,0.0,0.0,156
1,[],22,[],2019-02-05 06:11:26,7906.0,0.00000801,0.000000000277653033,6587481,2019-02-05 06:11:26,BTC,43.78801181,0.0,0.00000801,BTC,1067.5805334758436,0.0,0.00743836,157
0,[],22,[],2019-02-05 06:11:28,0.0,0,0,6587482,2019-02-05 06:11:28,,50175.6753658,0.0,0,,54007107.04179466,0.0,0.0,158
,[],17,[],2018-11-20 22:56:10,0.0,0,0,4861976,2018-11-20 22:56:10,btc,1.1265625,0.0,,btc,1000.0,0.0,0.0,159
,[],20,[],2018-11-20 22:56:12,0.0,0,0,4861977,2018-11-20 22:56:12,btc,11912.7940471,0.0,,btc,34413894.3617,0.0,0.0,159
1,[],12,[],2019-02-05 06:06:26,198702.27435997,0.000007900000000000000595422149085589325068212929181754589080810546875,0.00000000027379346,6587320,2019-02-05 06:06:26,btc,6.687017391554615,0.0,0.000007900000000000000595422149085589325068212929181754589080810546875,btc,14825.29828389,0.0052065217097304,0.0867836295338789,168
1,[],17,[],2019-02-05 06:06:28,29784.95,0.000001,0.0000000000346574,6587321,2019-02-05 06:06:28,btc,0.03026736251542,0.0,0.000001,btc,144.46171372,0.0,0.00716147,168
0,[],22,[],2019-02-05 06:06:30,0.0,0,0,6587322,2019-02-05 06:06:30,,1.14681919,0.0,0,,721558.1900917594,0.0,0.0,169
1,[],22,[],2019-02-05 06:06:33,204444.9441532258,0.00000032,0.000000000011090368,6587323,2019-02-05 06:06:33,BTC,10.32458157,0.0,0.00000032,BTC,111591.32284706508,0.00359184,0.0258135,171
1,[],22,[],2019-02-05 06:06:36,243145.52380952382,0.0000003,0.000000000010397219999999999,6587324,2019-02-05 06:06:36,BTC,2.65670975,0.0,0.0000003,BTC,218459.9104897285,0.00661402,0.02285534,173
1,[],5,[],2019-02-05 06:06:38,2.043e-05,0.00000317,0.00000000010986395799999999,6587325,2019-02-05 06:06:38,btc,0.36704861,0.08395234,0.00000317,btc,0.00030364,0.0,0.71811164,175
1,[],22,[],2019-02-05 06:11:31,50749.25714285715,0.00000041,0.000000000014211953,6587483,2019-02-05 06:11:31,BTC,0.63358303,0.0,0.00000041,BTC,155090.40184992214,0.0,0.01728557,176
1,[],7,[],2019-02-05 06:11:32,0.0,0,0,6587484,2019-02-05 06:11:32,btc,233187.8026514405,0.0,0,btc,115099540.36229606,0.0,0.0,178
0,[],22,[],2019-02-05 06:11:39,0.0,0,0,6587485,2019-02-05 06:11:39,,1.00242428,0.0,0,,57512.0,0.0,0.0,178
0,[],2,[],2019-01-20 23:28:34,0.0,0,0,6477001,2019-01-20 23:28:34,,0.0,0.0,0,,0.0,0.0,0.0,178
1,[],5,[],2019-02-05 06:11:41,3e-08,0.00000002,0.000000000000693266,6587486,2019-02-05 06:11:41,btc,16.97594058,0.05666015,0.00000002,btc,2.088e-05,0.0,1.26929152,179
1,[],22,[],2019-02-05 06:11:44,8340773.0,0.00000002,0.000000000000693266,6587487,2019-02-05 06:11:44,BTC,5.51393082,0.0,0.00000002,"BTC,LTC",18589483.068656635,0.00010938000075276889,0.3940753,179
0,[],23,[],2019-01-20 23:25:08,0.0,0,0,6476952,2019-01-20 23:25:08,,0.0,0.0,0,,0.0,0.0,0.0,179
1,[],17,[],2019-02-05 06:11:46,10504.725,0.0000001,0.00000000000346633,6587488,2019-02-05 06:11:46,btc,5.206166879877254,0.0,0.0000001,btc,6755.0074587,0.0,0.0010504725,180
1,[],22,[],2019-02-05 06:11:49,39521.94545454546,0.00000011,0.000000000003812963,6587489,2019-02-05 06:11:49,BTC,0.09618191,0.0,0.00000011,"BTC,LTC",16812.39315481,3.08e-06,0.00413387,180
1,[],26,[],2019-02-05 06:11:50,0.0,0.00000010,0.00000000000346633,6587490,2019-02-05 06:11:50,btc,0.0,0.0,0.00000010,btc,0.0,0.0,0.0,180
,[],7,[],2018-11-20 22:58:01,562227.975654,0.00000085,0.000000000036176765,4862015,2018-11-20 22:58:01,btc,21836.6059674,2491.87645172,,btc,749999.041456,0.00211021,0.127565380455,183
,[],5,[],2019-01-10 08:11:41,0.0,0,0,6347036,2019-01-10 08:11:41,btc,82.15055501,0.00261,,btc,1.19002445,0.0,0.0,187
1,[],24,[],2019-02-05 06:11:50,0.0,0.000000000001,3.46633e-17,6587491,2019-02-05 06:11:50,btc,0.0,0.0,0.000000000001,btc,0.0,0.0,0.0,187
,[],17,[],2018-11-16 20:58:10,4062536.27273,0.00000001,0.000000000000550501,4708775,2018-11-16 20:58:10,btc,3.36492563466,0.195460381006,,"btc,eth",110697919.549,0.0,0.0157628953496,187
0,[],22,[],2019-02-05 06:07:02,0.0,0,0,6587335,2019-02-05 06:07:02,,1.19382741,0.0,0,,13380.036201072173,0.0,0.0,191
0,[],22,[],2019-02-05 06:11:55,0.0,0,0,6587492,2019-02-05 06:11:55,,0.0,0.0,0,,0.0,0.0,0.0,197
0,[],23,[],2019-01-20 23:31:41,0.0,0,0,6477079,2019-01-20 23:31:41,,0.0,0.0,0,,0.0,0.0,0.0,199
1,[],26,[],2019-02-05 06:07:07,0.0,0.00000000,0,6587337,2019-02-05 06:07:07,btc,0.0,628669.0,0.00000000,btc,0.0,0.0,0.0,199
0,[],17,[],2019-01-30 16:32:01,0.0,0,0,6540827,2019-01-30 16:32:01,btc,6.802544163788159,0.0,0,btc,105897.55575295,0.0,0.0,200
0,[],2,[],2019-01-20 23:30:49,0.0,0,0,6477059,2019-01-20 23:30:49,,0.0,0.0,0,,0.0,0.0,0.0,201
1,[],4,[],2019-01-25 15:51:35,2084389.58565343,0.00000936,0.000000000333526752,6499557,2019-01-25 15:51:35,btc,2.0092503037378524,0.0,0.00000936,btc,160195.80207885,0.19272417,1.242687955921835,211
1,[],7,[],2019-02-05 06:11:58,16488546.96669254,0.000001489999999999999921986774779891771203210737439803779125213623046875,0.000000000051648316999999995,6587493,2019-02-05 06:11:58,btc,16567795.191537386,308069.82234,0.000001489999999999999921986774779891771203210737439803779125213623046875,btc,12582665.31861635,0.0,8.59694637154038,212
1,[],12,[],2019-01-25 02:44:32,207462.42853209,0.000001080000000000000035831255497387193287295303889550268650054931640625,0.000000000038610756000000006,6493050,2019-01-25 02:44:32,btc,85023.03793723314,0.0,0.000001080000000000000035831255497387193287295303889550268650054931640625,btc,43675.73520027,0.000146250909087,0.0348620860622024,213
1,[],5,[],2019-02-05 06:07:11,5.01e-06,0.00000035,0.00000000001213009,6587339,2019-02-05 06:07:11,btc,1.14093329,0.15891014,0.00000035,btc,3.325e-05,0.0,0.20337355,213
1,[],24,[],2019-02-05 06:07:11,0.0,0.000000050000,0.0000000000017328699999999999,6587340,2019-02-05 06:07:11,btc,0.0,0.0,0.000000050000,btc,0.0,0.0,0.0,213
1,[],26,[],2019-02-05 06:07:11,0.0,0.00000009,0.000000000003119166,6587341,2019-02-05 06:07:11,btc,0.0,0.0,0.00000009,btc,0.0,0.0,0.0,213
1,[],22,[],2019-02-05 06:12:01,276400.0,0.00000002,0.000000000000693266,6587494,2019-02-05 06:12:01,BTC,70.20492877,0.0,0.00000002,BTC,291693.63137942314,0.0,0.004714,216
1,[],27,[],2019-02-05 06:12:04,5054765.0,0.00000016,0.000000000005546128,6587495,2019-02-05 06:12:04,btc,313.98420755276,18000.0,0.00000016,"btc,ltc",287278.49411,0.00666,0.0516927,216
1,[],22,[],2019-02-05 06:12:12,250365.48250399102,0.00000233,0.000000000080765489,6587496,2019-02-05 06:12:12,BTC,12677.92395726,0.0,0.00000233,BTC,493445.3028299485,0.00556574,0.31980442,217
1,[],7,[],2019-02-05 06:07:21,0.0,0,0,6587345,2019-02-05 06:07:21,btc,77970.02600413912,0.0,0,btc,134531561.1214003,0.0,0.0,219
0,[],27,[],2019-02-05 06:07:23,0.0,0,0,6587346,2019-02-05 06:07:23,,5.3418937883169715,0.0,0,btc,1605140.99226592,0.0,0.0,219
0.0000000000000055,[],28,[],2019-02-05 06:07:25,205554034.567,6.1325e-18,2.125365055e-22,6587347,2019-02-05 06:07:25,doge,88554.0318717675,11044.0,0.00111500,"btc,doge",4969437.84751,0.0,2.9397062286559605e-11,219
1,[],22,[],2019-02-05 06:07:28,214501.0,0.00000055,0.000000000019061569999999998,6587348,2019-02-05 06:07:28,BTC,2.99954627,0.0,0.00000055,BTC,32610.55212317522,0.00185502,0.02631238,221
1,[],24,[],2019-02-05 06:07:28,0.0,0.000000550000,0.000000000019061569999999998,6587349,2019-02-05 06:07:28,btc,0.0,0.0,0.000000550000,btc,0.0,0.0,0.0,221
1,[],20,[],2019-02-05 06:12:14,5536914.4568,0.000000008,0.0000000000002773064,6587497,2019-02-05 06:12:14,btc,5.6328668588862,632405.1002,0.000000008,btc,6933449.2286,0.0069167812978,0.0130308886566,224
0,[],22,[],2019-02-05 06:12:17,0.0,0,0,6587498,2019-02-05 06:12:17,,0.0,0.0,0,,0.0,0.0,0.0,224
1,[],26,[],2019-02-05 06:07:33,0.0,0.00000022,0.000000000007624628,6587352,2019-02-05 06:07:33,btc,0.0,0.0,0.00000022,btc,0.0,0.0,0.0,231
1,[],26,[],2019-02-05 06:12:17,0.0,0.00000005,0.000000000001733165,6587499,2019-02-05 06:12:17,btc,0.0,100.0,0.00000005,btc,0.0,0.0,0.0,234
0,[],27,[],2019-02-05 06:12:19,0.0,0,0,6587500,2019-02-05 06:12:19,,0.0113483662182,0.0,0,"btc,eth",11462.99618,0.0,0.0,234
0.00000000009855940000000001,[],22,[],2019-02-05 06:07:38,4900000.0,9.85594e-19,3.41581254956e-23,6587355,2019-02-05 06:07:38,LTC,2.82421019,0.0,0.00000001,LTC,99533768.06349206,1.971188e-14,0.049,235
1,[],4,[],2019-02-05 06:07:39,827280.6348529,0.00000059,0.000000000020447866,6587356,2019-02-05 06:07:39,btc,0.146468462707281,0.0,0.00000059,btc,141473.8792827,0.02217927,0.1762373926056966,236
1,[],24,[],2019-02-05 06:07:39,0.0,0.000000010000,0.000000000000346574,6587357,2019-02-05 06:07:39,btc,0.0,0.0,0.000000010000,btc,0.0,0.0,0.0,236
1,[],20,[],2019-02-05 06:07:40,20147659.0531,0.000000058,0.0000000000020101292,6587358,2019-02-05 06:07:40,btc,16.2578157705614,14306279.7756,0.000000058,btc,26136484.8742,0.8730481601528,0.3440934907447,237
1,[],22,[],2019-02-05 06:07:49,10000.0,0.00000001,0.000000000000346574,6587359,2019-02-05 06:07:49,BTC,0.04083605,0.0,0.00000001,BTC,4179.0,0.0,0.0001,237
1,[],4,[],2019-02-05 06:12:20,3724649.34799364,0.00000033,0.000000000011438889,6587501,2019-02-05 06:12:20,btc,0.514616884192535,0.0,0.00000033,btc,1267351.25710996,0.71019963,1.148492333738112,238
1,[],5,[],2019-02-05 06:12:21,4.29e-06,0.00000033,0.000000000011438889,6587502,2019-02-05 06:12:21,btc,0.72568933,0.00284031,0.00000033,btc,2.957e-05,0.0,0.29229305,238
1,[],22,[],2019-02-05 06:07:55,181969.0,0.00000003,0.0000000000010397219999999999,6587362,2019-02-05 06:07:55,BTC,15.41390994,0.0,0.00000003,BTC,301186.5639027493,0.00054057,0.00545907,249
0.00000000009855940000000001,[],22,[],2019-02-05 06:07:58,1311049.0,2.9567820000000002e-18,1.024743764868e-22,6587363,2019-02-05 06:07:58,LTC,0.46385524,0.0,0.00000003,LTC,14489283.09,0.0,0.03833449,252
1,[],28,[],2019-02-05 06:07:59,2320788.578,0.00000009,0.000000000003119166,6587364,2019-02-05 06:07:59,btc,164692.29902255893,54032.011,0.00000009,btc,674053.1485,0.0,0.07894288099,256
1,[],22,[],2019-02-05 06:12:23,116442.0,0.00000001,0.000000000000346633,6587503,2019-02-05 06:12:23,BTC,30.20656659,0.0,0.00000001,BTC,456125.98909895687,0.00096614,0.00116442,258
1,[],22,[],2019-01-26 20:58:41,368451.0,0.00000001,0.000000000000356135,6510120,2019-01-26 20:58:41,BTC,2.642917,0.0,0.00000001,"BTC,LTC",1862.0,0.0,0.02488451,259
1,[],22,[],2019-02-05 06:12:26,44934.09428571429,0.00000700,0.0000000002426431,6587504,2019-02-05 06:12:26,BTC,4.70992424,0.0,0.00000700,BTC,8475.446929624764,0.0,0.089659,262
1,[],5,[],2019-02-05 06:12:28,5.888e-05,0.00000316,0.000000000109536028,6587505,2019-02-05 06:12:28,btc,1.01883468,0.24749518,0.00000316,btc,0.0006146,0.0,0.21520474,264
1,[],20,[],2019-02-05 06:12:32,1164866.3596,0.000003001,0.0000000001040245633,6587506,2019-02-05 06:12:32,btc,4.9970046392801,9471.6716,0.000003001,btc,94478.342,0.040319138115,0.0183810804328,264
1,[],22,[],2019-02-05 06:08:17,131617.0,0.00000002,0.000000000000693148,6587369,2019-02-05 06:08:17,BTC,8.52098902,0.0,0.00000002,BTC,337937.0984647885,6.8e-05,0.00213471,271
0,[],22,[],2019-02-05 06:12:35,0.0,0,0,6587507,2019-02-05 06:12:35,,369.26513139,0.0,0,,14581807828.9,0.0,0.0,272
0.0000000000000055,[],28,[],2019-02-05 06:12:39,254269668996.792,6.6e-21,2.2877778000000004e-25,6587508,2019-02-05 06:12:39,doge,299028345.1856907,15779740471.335,0.00000120,doge,158440537338.041,0.0,8.950905489650234e-10,272
0,[],22,[],2019-02-05 06:12:42,0.0,0,0,6587509,2019-02-05 06:12:42,,0.0,0.0,0,,0.0,0.0,0.0,281
