pairValue,buyBook,exchangeId,sellBook,updated,buyTotal,satoshiPrice,usdPrice,exchangeLogId,created,bestPair,sellTotalBtc,volume,pairPrice,activePairs,sellTotal,volumeBtc,buyTotalBtc,coinId
1,[],3,[],2019-03-11 20:19:01,30544.731651166407,0.0125673399999999997611599411584393237717449665069580078125,0.000000484878138816,6906376,2019-03-11 20:19:01,btc,61.09613343625921,0.000179243017,0.0125673399999999997611599411584393237717449665069580078125,btc,23.912650930765,0.0,0.30889654831014046,1
1,[],4,[],2019-03-11 20:19:02,207740.74549334,0.01267172,0.000000488905369728,6906377,2019-03-11 20:19:02,btc,10.564686073204465,0.0,0.01267172,btc,371.89698088,0.94440364,0.9681881204579675,1
1,[],5,[],2019-03-11 20:19:06,0.0,0,0,6906378,2019-03-11 20:19:06,btc,0.0,0.03176284,0,btc,0.0,0.0,0.0,1
1,[],10,[],2019-03-11 20:19:08,413877.56675038,0.01051976,0.00000040587758822399994,6906379,2019-03-11 20:19:08,btc,6522.476590982376,1133.23199261,0.01051976,btc,1133.94001515,0.0,4.571662690815499,1
1,[],12,[],2019-03-11 20:19:11,123.68174057,0.01264000000000000019373391779708981630392372608184814453125,0.0000004876815359999999,6906380,2019-03-11 20:19:11,btc,0.2731890660694,0.0,0.01264000000000000019373391779708981630392372608184814453125,btc,20.40341913,0.2726445291533,0.561478568476,1
1,[],20,[],2019-03-11 20:19:13,1152.4718,0.01050023,0.000000405124073952,6906381,2019-03-11 20:19:13,btc,0.0534287235973,0.0234,0.01050023,btc,2.3637,0.0002924953786,0.0959560144901,1
1,[],21,[],2019-03-11 20:19:15,2299.12898522,0.01266930999999999959970686803,0.000000488812386144,6906382,2019-03-11 20:19:15,btc,23.40047274084456,2721.1503334100003,0.0126693099999999995997068680253505590371787548065185546875,"btc,eth",2613.00849675,33.36939591878776,21.407710038102696,1
1,[],22,[],2019-03-11 20:19:20,0.0059712,0.01250000,0.00000048228,6906383,2019-03-11 20:19:20,BTC,0.31439419,0.0,0.01250000,BTC,0.12751438772928525,0.0,7.464e-05,1
1,[],24,[],2019-03-11 20:19:21,0.0,0.000000000000,0,6906384,2019-03-11 20:19:21,btc,0.0,0.0,0.000000000000,btc,0.0,0.0,0.0,1
0.0,[],25,[],2019-03-11 20:19:22,0.0,0,0,6906385,2019-03-11 20:19:22,btc,25.63019999824871,1044.84348568,0.0,btc,1975.04499315,13.1757,0.0,1
1,[],26,[],2019-03-11 20:19:31,0.0,0,0,6906386,2019-03-11 20:19:31,,0.0,0.0,0,,0.0,0.0,0.0,1
1,[],28,[],2019-03-11 20:19:38,992.9,0.01231000,0.000000474949344,6906387,2019-03-11 20:19:38,btc,0.147901439075,17877.85,0.01231000,btc,7.9421,0.0,0.086101096,1
0,[],2,[],2019-01-20 23:28:45,0.0,0,0,6477011,2019-01-20 23:28:45,,0.0,0.0,0,,0.0,0.0,0.0,1
1,[],5,[],2019-03-11 20:19:40,0.0,0,0,6906388,2019-03-11 20:19:40,btc,0.0,0.040729,0,btc,0.0,0.0,0.0,2
0.0000000001256065,[],22,[],2019-03-11 20:19:44,1148.0,1.3816715e-16,5.3308202481599995e-21,6906389,2019-03-11 20:19:44,XMR,21.01373823,0.0,0.00000110,XMR,14319.12581,0.0,0.00087635,2
1,[],5,[],2019-03-11 20:31:07,0.0,0,0,6906567,2019-03-11 20:31:07,btc,0.0,0.81285074,0,btc,0.0,0.0,0.0,3
1,[],12,[],2019-03-11 20:31:09,1957653.5703008,0.000000177,0.000000000006831545100000001,6906568,2019-03-11 20:31:09,btc,22810.3140945905,0.0,0.000000177,btc,1049587.55244754,0.01154454644354846,0.284931714669644,3
0,[],28,[],2019-03-11 20:31:10,0.0,0,0,6906569,2019-03-11 20:31:10,,0.0,0.0,0,,0.0,0.0,0.0,3
0,[],2,[],2019-01-20 23:31:32,0.0,0,0,6477077,2019-01-20 23:31:32,,0.0,0.0,0,,0.0,0.0,0.0,4
1,[],4,[],2019-03-09 19:03:36,394362.28616607,0.00000032,0.000000000012569280000000001,6889097,2019-03-09 19:03:36,btc,32.15548375957025,0.0,0.00000032,btc,707361.31512647,0.00109114,0.0476374485302292,4
1,[],12,[],2019-03-11 20:19:56,447738.0,0.00000002,0.000000000000771648,6906393,2019-03-11 20:19:56,btc,1111742.15298053,0.0,0.00000002,btc,704819.0,0.00327138,0.0054145,5
1,[],11,[],2019-03-11 20:19:59,4549014.39882,0.00000002,0.000000000000771648,6906394,2019-03-11 20:19:59,btc,9568.148935512989,143625.3959,0.00000002,btc,42612447.275313936,0.0,0.0579192313342,6
0,[],2,[],2019-01-20 23:31:51,0.0,0,0,6477087,2019-01-20 23:31:51,,0.0,0.0,0,,0.0,0.0,0.0,6
1,[],3,[],2019-03-11 20:31:11,1100.796805377558,0.000154759999999999988719301402539940681890584528446197509765625,0.000000005973163388,6906570,2019-03-11 20:31:11,btc,29.634085403952064,0.0,0.000154759999999999988719301402539940681890584528446197509765625,btc,239.122414578101,0.0,0.036401067445587826,7
1,[],4,[],2019-03-11 20:31:12,94274.19013685,0.00024500,0.0000000094560935,6906571,2019-03-11 20:31:12,btc,10.238923041041422,0.0,0.00024500,btc,34388.2175306,5.21678523,5.632533709730434,7
1,[],5,[],2019-03-11 20:31:14,0.0,0,0,6906572,2019-03-11 20:31:14,btc,0.0,0.85314418,0,btc,0.0,0.0,0.0,7
1,[],20,[],2019-02-20 02:16:17,39399275.8418,0.000000001,0.0000000000000390183,6728586,2019-02-20 02:16:17,btc,116.9737569154545,525.0,0.000000001,btc,56932965.8895,5.25e-07,0.0393992758418,8
1,[],4,[],2019-03-11 20:20:06,1219857.65716825,0.00000142,0.000000000054787008,6906398,2019-03-11 20:20:06,btc,4.9448886064820705,0.0,0.00000142,btc,2670937.87765676,1.14308249,0.9110777758844499,9
1,[],28,[],2019-03-11 20:20:13,27353.0,0.00000159,0.000000000061346016,6906399,2019-03-11 20:20:13,btc,2708.770107851883,3612700.56,0.00000159,btc,17176.9197,0.0,0.0163195,9
0,[],2,[],2019-01-20 23:22:42,0.0,0,0,6476876,2019-01-20 23:22:42,,0.0,0.0,0,,0.0,0.0,0.0,9
0,[],23,[],2019-01-20 23:22:48,0.0,0,0,6476878,2019-01-20 23:22:48,,0.0,0.0,0,,0.0,0.0,0.0,9
1,[],1,[],2019-02-17 23:31:42,1822507.21,0.00000181000000000000003456111265232042484285557293333113193511962890625,0.000000000066086901,6701244,2019-02-17 23:31:42,btc,3.6990969245,17153386.5,0.00000181000000000000003456111265232042484285557293333113193511962890625,btc,1997391.71,31.11772986,3.2610482446,9
1,[],4,[],2019-02-17 11:22:43,4341674.27126056,0.00000002,0.0000000000007272960000000001,6696112,2019-02-17 11:22:43,btc,0.1997230937751353,0.0,0.00000002,btc,4109766.79808031,0.00215132,0.0479381022052112,10
1,[],4,[],2019-03-11 20:20:15,5267255.28144423,0.00000119,0.000000000045913056,6906400,2019-03-11 20:20:15,btc,7.224813989607133,0.0,0.00000119,btc,4295521.36840681,1.42580729,2.706538367428976,12
1,[],5,[],2019-03-11 20:20:16,0.0,0,0,6906401,2019-03-11 20:20:16,btc,0.0,0.16104941,0,btc,0.0,0.0,0.0,12
0.0,[],25,[],2019-03-11 20:20:17,0.0,0,0,6906402,2019-03-11 20:20:17,,0.0,0.0,0.0,btc,0.0,0.0,0.0,12
0,[],2,[],2019-01-20 23:23:08,0.0,0,0,6476890,2019-01-20 23:23:08,,0.0,0.0,0,,0.0,0.0,0.0,12
1,[],4,[],2019-03-11 20:20:19,32060830.83534121,0.00000595,0.00000000022956528,6906403,2019-03-11 20:20:19,btc,2.809417293597811,0.0,0.00000595,btc,372593.08158096,0.95591437,1.4620293595109604,13
1,[],21,[],2019-03-11 20:20:22,1482025.42552332,0.000006090000000000000137344562806,0.000000000234966816,6906404,2019-03-11 20:20:22,btc,6.19178673386561,1520806.89340686,0.0000060900000000000001373445628061187306911961059086024761199951171875,btc,898820.43570196,9.21199608,8.39263732189273,13
1,[],10,[],2019-03-11 19:00:41,414262.48909176,0.00000587,0.00000000022673814199999998,6906023,2019-03-11 19:00:41,btc,666802.2917094105,14011.2548252,0.00000587,btc,712448.37527688,0.0,0.2166560010724662,13
1,[],4,[],2019-03-11 20:20:24,732399.4029568,0.00000131,0.000000000050542944,6906405,2019-03-11 20:20:24,btc,5.953167910749246,0.0,0.00000131,btc,867069.32122277,0.00113331,0.151296256133008,14
1,[],12,[],2019-03-11 20:20:25,269274.0,0.000001300000000000000047051663780439678674838432925753295421600341796875,0.00000000005015712,6906406,2019-03-11 20:20:25,btc,0.053600490433393704,0.0,0.000001300000000000000047051663780439678674838432925753295421600341796875,btc,8932.48329661,0.0,0.02352964,14
1,[],26,[],2019-03-11 20:20:37,0.0,0.00000050,0.0000000000192912,6906407,2019-03-11 20:20:37,btc,0.0,0.0,0.00000050,btc,0.0,0.0,0.0,14
0,[],17,[],2019-03-11 19:00:58,0.0,0,0,6906027,2019-03-11 19:00:58,btc,0.0,0.0,0,btc,0.0,0.0,0.0,14
0,[],4,[],2019-03-11 20:20:39,0.0,0,0,6906408,2019-03-11 20:20:39,,0.0,0.0,0,,0.0,0.0,0.0,15
,[],12,[],2018-12-01 15:15:48,204241.84496,0.00000489,0.000000000202473384,5260204,2018-12-01 15:15:48,btc,49.5475654835,0.0,,btc,35763.2193806,0.0163153972027625,0.0203389899998,15
1,[],4,[],2019-03-11 20:20:40,37822.56952708,0.00001707,0.000000000658601568,6906409,2019-03-11 20:20:40,btc,4.172748453964076,0.0,0.00001707,btc,17719.40882803,0.01325511,0.1680379257597597,18
1,[],10,[],2019-03-11 20:20:43,787963.99404077,0.00001711,0.000000000660144864,6906410,2019-03-11 20:20:43,btc,15.405210384486269,1623.44604923,0.00001711,btc,13208.95130746,0.0,0.2093034256752669,18
1,[],12,[],2019-03-11 20:20:44,316491.53820403,0.00001627999999999999998327726569158357960986904799938201904296875,0.000000000628121472,6906411,2019-03-11 20:20:44,btc,33214.7256173335,0.0,0.00001627999999999999998327726569158357960986904799938201904296875,btc,737.1917048,0.0274015977849939,0.0432846896165396,18
0,[],2,[],2019-01-20 23:23:38,0.0,0,0,6476906,2019-01-20 23:23:38,,0.0,0.0,0,,0.0,0.0,0.0,18
0,[],17,[],2019-03-11 19:20:24,0.0,0,0,6906226,2019-03-11 19:20:24,btc,0.0,0.0,0,btc,0.0,0.0,0.0,18
1,[],3,[],2019-03-11 20:20:56,117292.56799858778,0.00001853999999999999867398604858070854106699698604643344879150390625,0.0000000007153176959999999,6906412,2019-03-11 20:20:56,btc,0.652995177776497,0.0,0.00001853999999999999867398604858070854106699698604643344879150390625,btc,14489.289165914084,0.0,0.016089031751887136,19
1,[],4,[],2019-03-11 20:20:56,224395.58969233,0.00001986,0.0000000007662464639999999,6906413,2019-03-11 20:20:56,btc,2.575114940377722,0.0,0.00001986,btc,85874.00450814,1.05620059,2.2846811794366704,19
1,[],5,[],2019-03-11 20:20:59,0.0,0,0,6906414,2019-03-11 20:20:59,btc,0.0,0.00229421,0,btc,0.0,0.0,0.0,19
1,[],12,[],2019-03-11 20:21:00,191711.35328489,0.00001667999999999999954166003679478791354995337314903736114501953125,0.000000000643554432,6906415,2019-03-11 20:21:00,btc,0.1965671743337787,0.0,0.00001667999999999999954166003679478791354995337314903736114501953125,btc,363.56600524,2.11788212e-05,0.031181159999961402,19
0,[],27,[],2019-03-11 20:21:02,0.0,0,0,6906416,2019-03-11 20:21:02,,0.0,0.0,0,btc,0.0,0.0,0.0,19
0,[],2,[],2019-01-20 23:24:19,0.0,0,0,6476924,2019-01-20 23:24:19,,0.0,0.0,0,,0.0,0.0,0.0,19
1,[],4,[],2019-03-11 20:21:04,2768300.98210011,0.00000012,0.000000000004629888,6906417,2019-03-11 20:21:04,btc,7.383042289760813,0.0,0.00000012,btc,2876583.25385408,0.00023941,0.0765687845231285,20
1,[],4,[],2019-03-11 20:21:05,103671191.22647026,0.00000002,0.000000000000771648,6906418,2019-03-11 20:21:05,btc,1905.733041341351,0.0,0.00000002,btc,54009790.29016004,0.0009,1.1591642676500455,21
1,[],12,[],2019-03-11 20:21:06,1375286.0,0.00000001,0.000000000000385824,6906419,2019-03-11 20:21:06,btc,1247.5323033094005,0.0,0.00000001,btc,2599641.97002996,0.0019998601398604,0.01375286,21
0,[],17,[],2019-03-11 19:01:17,0.0,0,0,6906042,2019-03-11 19:01:17,btc,0.0,0.0,0,btc,0.0,0.0,0.0,21
1,[],12,[],2019-03-11 20:21:18,2434052014.0,0.0000000001,0.00000000000000385824,6906420,2019-03-11 20:21:18,btc,1933708.2906271024,0.0,0.0000000001,btc,1735252504.0293596,0.000527063021278722,0.24340520140000002,23
0,[],27,[],2019-03-11 20:21:20,0.0,0,0,6906421,2019-03-11 20:21:20,,13.821146136593411,0.0,0,eth,4599354.35514486,0.0,0.0,23
1,[],4,[],2019-03-11 20:21:21,627159.20303924,0.00000042,0.000000000016204608,6906422,2019-03-11 20:21:21,btc,9.382619580994055,0.0,0.00000042,btc,1610122.13986744,0.0099335,0.1510452707820531,24
1,[],22,[],2019-03-11 20:21:25,11.76,0.00000100,0.0000000000385824,6906423,2019-03-11 20:21:25,BTC,7.415e-05,0.0,0.00000100,BTC,23.919354838709676,0.0,1.176e-05,24
0.0,[],25,[],2019-03-11 20:21:27,0.0,0,0,6906424,2019-03-11 20:21:27,,0.0,0.0,0.0,btc,0.0,0.0,0.0,24
1,[],4,[],2019-03-11 20:21:28,26578119.30706283,0.00000619,0.000000000238825056,6906425,2019-03-11 20:21:28,btc,137.85796189445236,0.0,0.00000619,btc,255083.05919567,0.1786248,0.4422082965219967,26
1,[],10,[],2019-03-11 20:21:31,686282.06895167,0.00000601,0.000000000231880224,6906426,2019-03-11 20:21:31,btc,26.127388285225027,4429.86381613,0.00000601,btc,14082.23878667,0.0,0.21475994437872,26
0,[],2,[],2019-01-20 23:25:56,0.0,0,0,6476976,2019-01-20 23:25:56,,0.0,0.0,0,,0.0,0.0,0.0,26
1,[],3,[],2019-03-11 16:19:17,8415532.59501412,0.00000001,0.00000000000038571500000000004,6904461,2019-03-11 16:19:17,btc,2.338924260844682,794753.49088,0.00000001,btc,18285476.64934416,0.0,0.08415532595014119,27
1,[],5,[],2019-03-11 16:19:18,0.0,0,0,6904462,2019-03-11 16:19:18,btc,0.0,0.00020169,0,btc,0.0,0.0,0.0,27
1,[],11,[],2019-03-11 16:19:20,9469667.88103613,0.00000005,0.000000000001928575,6904463,2019-03-11 16:19:20,btc,67506.32843704063,170.63047893,0.00000005,btc,7972152.75036371,0.0,0.4413054133414386,27
1,[],4,[],2019-03-11 20:21:32,2218744697.1163116,0.00000001,0.000000000000385824,6906427,2019-03-11 20:21:32,btc,3.6173548789862466,0.0,0.00000001,"btc,ltc",244270859.83111557,0.69724582,10.586554464818931,29
1,[],7,[],2019-03-11 20:21:33,35582949.36695436,0.00000001,0.000000000000385824,6906428,2019-03-11 20:21:33,btc,44461616.56195214,108891.265269,0.00000001,btc,46657904.35908751,0.00217783,0.3558294936695436,29
1,[],4,[],2019-03-11 20:21:34,1613291.43543508,0.00000023,0.000000000008873952,6906429,2019-03-11 20:21:34,btc,2.6510493752265205,0.0,0.00000023,btc,1998822.12180345,0.00167046,0.1083845234466498,30
0,[],17,[],2019-03-11 20:21:36,0.0,0,0,6906430,2019-03-11 20:21:36,btc,0.0,0.0,0,btc,0.0,0.0,0.0,30
1,[],4,[],2019-03-11 20:21:37,188564.27077926,0.00005479,0.000000002113929696,6906431,2019-03-11 20:21:37,btc,10.073760052701394,0.0,0.00005479,btc,127841.5522963,1.15504335,2.113047894461886,31
1,[],21,[],2019-03-11 20:21:38,65715.02467598,0.00005539999999999999812832010559,0.00000000213746496,6906432,2019-03-11 20:21:38,btc,3.9946308678567557,213293.78049044,0.0000553999999999999981283201055948239854842540808022022247314453125,btc,63898.49382863,12.18734289,3.3700979924172128,31
0,[],2,[],2019-01-20 23:28:43,0.0,0,0,6477009,2019-01-20 23:28:43,,0.0,0.0,0,,0.0,0.0,0.0,32
1,[],4,[],2019-03-11 20:21:40,528780525.0351701,0.00000004,0.000000000001543296,6906433,2019-03-11 20:21:40,btc,9.362571517545327,0.0,0.00000004,"btc,ltc",182065990.6462742,0.6303383,10.751965893272256,33
1,[],12,[],2019-03-11 20:21:41,26190289.964,0.00000004,0.000000000001543296,6906434,2019-03-11 20:21:41,btc,2222962.3018491995,0.0,0.00000004,btc,16771999.98501493,0.0012063885313485,0.6147315689199999,33
1,[],4,[],2019-03-11 20:21:42,112118560.89442524,0.00000001,0.000000000000385824,6906435,2019-03-11 20:21:42,btc,3.4184908616060725,0.0,0.00000001,btc,98304053.91557707,0.0120295,1.1211856089442525,34
1,[],5,[],2019-03-11 20:21:43,0.0,0,0,6906436,2019-03-11 20:21:43,btc,0.0,0.02149845,0,btc,0.0,0.0,0.0,34
0.00000000014061120000000001,[],4,[],2019-03-11 20:21:44,3853750074.9490128,1.406112e-18,5.42511756288e-23,6906437,2019-03-11 20:21:44,ltc,4.415891613483699e-08,0.0,0.00000001,ltc,6075434568.8492775,0.0,5.4188042253867066e-09,36
1,[],5,[],2019-03-11 20:21:46,0.0,0,0,6906438,2019-03-11 20:21:46,btc,0.0,2e-06,0,btc,0.0,0.0,0.0,36
0.0000000003417175,[],27,[],2019-03-11 20:21:49,1088163.16325,3.417175e-18,1.3184281272e-22,6906439,2019-03-11 20:21:49,eth,222.5593908357632,0.0,0.00000001,"ltc,eth",11165406.63658689,0.0,1.6569574933788189e-12,36
0,[],17,[],2019-03-11 19:21:17,0.0,0,0,6906253,2019-03-11 19:21:17,btc,0.0746458232965017,0.0,0,btc,4103573.70243647,0.0,0.0,36
1,[],4,[],2019-03-11 20:21:49,234354.33314918,0.00000060,0.00000000002314944,6906440,2019-03-11 20:21:49,btc,19772.478292658976,0.0,0.00000060,btc,556876.14384712,0.01198436,0.0992953224838879,37
1,[],12,[],2019-03-11 20:21:51,519850.04489949,0.00000061,0.000000000023535264,6906441,2019-03-11 20:21:51,btc,9.738689679994462,0.0,0.00000061,btc,298061.79694709,0.0875796392345374,0.1792827699999919,37
1,[],17,[],2019-03-11 20:21:52,1752.74075282,0.00000025,0.0000000000096456,6906442,2019-03-11 20:21:52,btc,0.055484923777095005,0.0,0.00000025,btc,1319.19918473,0.0,0.00043818518820499993,37
1,[],27,[],2019-03-11 20:21:54,14685.567,0.00000045,0.00000000001736208,6906443,2019-03-11 20:21:54,btc,24.25536383611233,0.0,0.00000045,btc,6518.38138508,0.0,0.00480032515,37
1,[],5,[],2019-03-11 20:21:56,0.0,0,0,6906444,2019-03-11 20:21:56,btc,0.0,0.10060233,0,btc,0.0,0.0,0.0,42
1,[],12,[],2019-03-11 20:21:57,254877.61435623,0.000001,0.0000000000385824,6906445,2019-03-11 20:21:57,btc,5.379504470928664,0.0,0.000001,btc,34798.54543332,0.116111865840857,0.0189778398224964,42
0.0000000003417175,[],27,[],2019-03-11 20:21:59,2000.0,3.417175e-18,1.3184281272e-22,6906446,2019-03-11 20:21:59,eth,0.00315028,0.0,0.00000001,"btc,eth",11.007,0.0,6.83435e-15,42
1,[],5,[],2019-03-11 20:22:01,0.0,0,0,6906447,2019-03-11 20:22:01,btc,0.0,0.0,0,btc,0.0,0.0,0.0,43
1,[],12,[],2019-03-11 20:22:03,1621233.0,0.00000001,0.000000000000385824,6906448,2019-03-11 20:22:03,btc,29043.903542116663,0.0,0.00000001,btc,5864146.83316684,0.000117062937063,0.01621233,43
0,[],17,[],2019-03-11 20:22:04,0.0,0,0,6906449,2019-03-11 20:22:04,btc,0.0,0.0,0,btc,0.0,0.0,0.0,43
1,[],12,[],2019-03-05 01:54:08,639326.02,0.00000004,0.000000000001486676,6845775,2019-03-05 01:54:08,btc,11116042.728239931,0.0,0.00000004,btc,1103841.4595604,0.0003330765234764,0.014975410599999999,44
1,[],4,[],2019-03-11 20:22:05,299823452.8975947,0.00000002,0.000000000000771648,6906450,2019-03-11 20:22:05,btc,473.7327702111768,0.0,0.00000002,"btc,ltc",12512919.10745326,0.00628445,0.30494257474774894,49
0.00000000014061120000000001,[],4,[],2019-03-11 20:22:06,395033593.206,1.406112e-18,5.42511756288e-23,6906451,2019-03-11 20:22:06,ltc,25.86629955430797,0.0,0.00000001,ltc,10684591006.473389,0.0,5.554614758100751e-10,52
0.0000000001256065,[],22,[],2019-03-11 20:22:10,80645562.0,1.256065e-18,4.8462002255999995e-23,6906452,2019-03-11 20:22:10,XMR,4368.67077283,0.0,0.00000001,XMR,279827473.5359664,1.9952341312e-13,0.80645562,57
0.0000000003417175,[],27,[],2019-03-11 20:22:13,2000.0,3.417175e-18,1.3184281272e-22,6906453,2019-03-11 20:22:13,eth,0.0,0.0,0.00000001,"btc,eth",0.0,0.0,6.83435e-15,57
0.00000000014061120000000001,[],4,[],2019-03-11 20:22:14,482649089.30196166,2.812224e-18,1.085023512576e-22,6906454,2019-03-11 20:22:14,ltc,18.657415996306472,0.0,0.00000002,ltc,4766809919.700396,0.0,8.408002253535954e-10,58
1,[],12,[],2019-03-11 20:22:15,1229843919.0,0.0000000003,0.000000000000011574719999999999,6906455,2019-03-11 20:22:15,btc,4023018.8226207057,0.0,0.0000000003,btc,1681904874.5614386,0.06066119592637364,0.3166742998,58
0.0000000001256065,[],22,[],2019-03-11 20:22:20,137438.0,1.256065e-18,4.8462002255999995e-23,6906456,2019-03-11 20:22:20,XMR,69.8835922,0.0,0.00000001,XMR,9887963.0,0.0,0.00137438,58
0,[],17,[],2019-03-11 19:22:26,0.0,0,0,6906269,2019-03-11 19:22:26,btc,1e+24,0.0,0,btc,49306342.21952568,0.0,0.0,58
1,[],5,[],2019-03-11 20:22:22,0.0,0,0,6906457,2019-03-11 20:22:22,btc,0.0,0.01423604,0,btc,0.0,0.0,0.0,61
1,[],22,[],2019-03-11 20:22:27,13757.0,0.00000012,0.000000000004629888,6906458,2019-03-11 20:22:27,BTC,1002.2960049,0.0,0.00000012,BTC,14976.68361146909,0.0,0.00154987,61
1,[],26,[],2019-03-11 20:22:27,0.0,0.00000800,0.0000000003086592,6906459,2019-03-11 20:22:27,btc,0.0,0.0,0.00000800,btc,0.0,0.0,0.0,61
1,[],27,[],2019-03-11 20:22:31,4411.22008,0.00000047,0.000000000018133728,6906460,2019-03-11 20:22:31,btc,2.8990263703141324,0.0,0.00000047,"btc,eth",19485.01257617,0.0,0.0012437599594742484,61
1,[],28,[],2019-03-11 20:22:38,13880.304,0.0000005,0.0000000000192912,6906461,2019-03-11 20:22:38,btc,2.056312978300105,742.0,0.0000005,btc,9730.59500005,0.0,0.00566391304,61
1,[],4,[],2019-03-11 20:22:40,1250059.13463929,0.00000193,0.000000000074464032,6906462,2019-03-11 20:22:40,btc,9.174493759781106,0.0,0.00000193,btc,785379.89697634,0.0832611,0.9039592695560817,67
0.0,[],25,[],2019-03-11 20:22:41,0.0,0,0,6906463,2019-03-11 20:22:41,,0.0,0.0,0.0,btc,0.0,0.0,0.0,67
1,[],12,[],2019-03-11 20:22:43,2528644.32900432,0.00000016,0.000000000006173184,6906464,2019-03-11 20:22:43,btc,1111115.0055841645,0.0,0.00000016,btc,854321.77649363,0.0796140307569105,0.1270991599999992,71
,[],5,[],2018-11-20 23:02:39,1.5e-07,0.00000005,0.000000000002128045,4862160,2018-11-20 23:02:39,btc,2.84511358,0.0,,btc,0.00036572,0.0,0.07381892,74
1,[],5,[],2019-03-11 20:22:45,0.0,0,0,6906465,2019-03-11 20:22:45,btc,0.0,0.0,0,btc,0.0,0.0,0.0,75
1,[],4,[],2019-03-11 20:22:46,13132756.89824166,0.00000001,0.000000000000385824,6906466,2019-03-11 20:22:46,btc,11388.985544584346,0.0,0.00000001,btc,40019471.49932191,0.0,0.1313275689824166,81
0,[],20,[],2019-01-25 09:30:31,0.0,0,0,6495923,2019-01-25 09:30:31,btc,0.0,0.0,0,btc,0.0,0.0,0.0,81
1,[],4,[],2019-03-11 20:22:48,24373.91460272,0.00006854,0.000000002644437696,6906467,2019-03-11 20:22:48,btc,18.155977003239947,0.0,0.00006854,btc,12766.671461,0.05999004,0.1252897379719824,82
1,[],21,[],2019-03-11 20:22:49,754194.78530876,0.00007257000000000000483699885701,0.000000002799924768,6906468,2019-03-11 20:22:49,btc,3.405204509900094,8587.46686378,0.000072570000000000004836998857005170293632545508444309234619140625,btc,40823.415440849996,0.63823073,2.0838166184380458,82
0,[],17,[],2019-03-11 19:23:08,0.0,0,0,6906283,2019-03-11 19:23:08,btc,0.0447233088476774,0.0,0,btc,999127.19588126,0.0,0.0,84
0.00000000014061120000000001,[],4,[],2019-03-11 20:22:51,186547279.21881908,4.218336e-18,1.6275352688639999e-22,6906469,2019-03-11 20:22:51,ltc,1.6821304030400501,0.0,0.00000003,ltc,390768557.4621684,0.0,4.2308027712973245e-10,85
,[],22,[],2018-11-20 23:09:34,3408.1,0.0000001,0.0000000000041895,4862324,2018-11-20 23:09:34,BTC,0.04624735,0.0,,BTC,4990.0,0.0,0.00033081,86
1,[],22,[],2019-03-11 20:23:12,131206.83333333334,0.00000006,0.000000000002314944,6906470,2019-03-11 20:23:12,BTC,2.07833135,0.0,0.00000006,BTC,169425.94736842104,0.00016092,0.00241241,87
1,[],27,[],2019-03-11 20:23:15,5.0,0.00000001,0.000000000000385824,6906471,2019-03-11 20:23:15,btc,9.7027559378006,85.18762963,0.00000001,btc,8514.9236248,0.09707982,5e-08,87
,[],2,[],2018-11-20 23:10:47,0.0,0,0,4862359,2018-11-20 23:10:47,,0.0,0.0,,,0.0,0.0,0.0,88
1,[],11,[],2019-03-11 20:23:17,94783.55450294,0.000147490000000000012585210651394618253107182681560516357421875,0.000000005690518176,6906472,2019-03-11 20:23:17,btc,611.6745311224041,3347.25439886,0.000147490000000000012585210651394618253107182681560516357421875,btc,98762.66890716,0.0,6.5347783536390605,89
0,[],2,[],2019-01-20 23:31:45,0.0,0,0,6477083,2019-01-20 23:31:45,,0.0,0.0,0,,0.0,0.0,0.0,91
1,[],12,[],2019-03-11 20:23:19,297109.26122982,0.00000099,0.000000000038196576,6906473,2019-03-11 20:23:19,btc,61.09721652562825,0.0,0.00000099,btc,119281.63277718,0.0014590822921569,0.0701462521999826,91
0,[],17,[],2019-03-11 20:23:20,0.0,0,0,6906474,2019-03-11 20:23:20,btc,0.0,0.0,0,btc,0.0,0.0,0.0,91
1,[],22,[],2019-03-11 20:23:25,65900.0,0.00000001,0.000000000000385824,6906475,2019-03-11 20:23:25,BTC,3e-06,0.0,0.00000001,BTC,1.0,0.0,0.000659,91
0,[],22,[],2019-03-11 20:23:29,0.0,0,0,6906476,2019-03-11 20:23:29,,7.50307462,0.0,0,,70597140.95714286,0.0,0.0,95
0.00000000014061120000000001,[],4,[],2019-03-11 20:23:31,634010477.5316336,7.3117824e-17,2.8210611326976e-21,6906477,2019-03-11 20:23:31,ltc,11.89381130914581,0.0,0.00000052,ltc,135965282.56165135,0.0,1.5497420901720768e-09,96
0,[],12,[],2019-03-11 20:23:32,0.0,0,0,6906478,2019-03-11 20:23:32,btc,10.18976946004995,0.0,0,btc,3076363.004995,4.995005e-08,0.0,96
0,[],17,[],2019-03-11 20:23:33,0.0,0,0,6906479,2019-03-11 20:23:33,btc,0.0,0.0,0,btc,0.0,0.0,0.0,96
1,[],4,[],2019-03-11 20:23:34,2370157.77471658,0.00000024,0.000000000009259776,6906480,2019-03-11 20:23:34,btc,2.505415853076097,0.0,0.00000024,btc,2566641.38537138,0.02674986,0.2939647983849745,99
1,[],4,[],2019-03-11 20:23:35,284610.69335872,0.00003547,0.0000000013685177279999999,6906481,2019-03-11 20:23:35,btc,12.07832766608634,0.0,0.00003547,btc,181841.44403718,1.69808483,1.5014762588994832,100
0,[],2,[],2019-01-20 23:23:55,0.0,0,0,6476914,2019-01-20 23:23:55,,0.0,0.0,0,,0.0,0.0,0.0,100
1,[],22,[],2019-03-11 20:23:40,50000.0,0.00000001,0.000000000000385824,6906482,2019-03-11 20:23:40,BTC,23.49896609,0.0,0.00000001,BTC,10277.22,0.0,0.0005,101
1,[],4,[],2019-03-11 20:23:42,491796.41869013,0.00000088,0.000000000033952512,6906483,2019-03-11 20:23:42,btc,308.07777702962545,0.0,0.00000088,btc,501835.01823344,0.02018437,0.2571073068927988,103
1,[],12,[],2019-03-11 20:23:44,21622553.43617995,0.000000009,0.00000000000034724159999999996,6906484,2019-03-11 20:23:44,btc,3859733.0347371274,0.0,0.000000009,btc,74554099.56947342,0.01313856511021298,0.04781590798781911,105
1,[],27,[],2019-03-11 20:23:46,223920.39,0.00000001,0.000000000000385824,6906485,2019-03-11 20:23:46,btc,36.605890344913405,998.0,0.00000001,btc,1300442.23571724,1.996e-05,0.0022392039,105
1,[],22,[],2019-03-11 20:23:52,9328.0,0.00000001,0.000000000000385824,6906486,2019-03-11 20:23:52,BTC,51.10837004,0.0,0.00000001,BTC,470435.0,0.0,9.328e-05,107
1,[],26,[],2019-03-11 20:23:52,0.0,0.00000000,0,6906487,2019-03-11 20:23:52,btc,0.0,0.0,0.00000000,btc,0.0,0.0,0.0,107
1,[],5,[],2019-03-11 20:23:56,0.0,0,0,6906488,2019-03-11 20:23:56,btc,0.0,0.00049115,0,btc,0.0,0.0,0.0,112
1,[],22,[],2019-03-11 20:24:00,1966.0,0.00000001,0.000000000000385824,6906489,2019-03-11 20:24:00,BTC,2.7975128,0.0,0.00000001,BTC,826524.0833333334,0.0,1.966e-05,112
0.0000000003417175,[],27,[],2019-03-11 20:26:02,2000.0,3.417175e-18,1.3184281272e-22,6906490,2019-03-11 20:26:02,eth,1.08108188,0.0,0.00000001,eth,641.0,0.0,6.83435e-15,112
1,[],4,[],2019-03-11 20:26:03,1304108.64990737,0.00000194,0.000000000074849856,6906491,2019-03-11 20:26:03,btc,5.966976689653035,0.0,0.00000194,btc,370823.55138781,0.02024459,1.0002494012987264,113
1,[],5,[],2019-03-11 20:26:05,0.0,0,0,6906492,2019-03-11 20:26:05,btc,0.0,0.00155211,0,btc,0.0,0.0,0.0,113
0,[],27,[],2019-03-11 20:26:18,0.0,0,0,6906493,2019-03-11 20:26:18,,0.0,0.0,0,btc,0.0,0.0,0.0,116
1,[],17,[],2019-03-11 19:23:58,152738.278,0.00000004,0.0000000000015466600000000002,6906307,2019-03-11 19:23:58,btc,1.3368030274738123,0.0,0.00000004,btc,51896.221,0.0,0.0022095311199999998,116
1,[],4,[],2019-03-11 20:26:19,62474.56012584,0.00002508,0.000000000967646592,6906494,2019-03-11 20:26:19,btc,29.543079164163867,0.0,0.00002508,btc,73902.00555253,1.35219955,0.8812603610776496,120
1,[],7,[],2019-03-11 20:26:20,20873.56254932,0.00002125999999999999973674703890313963938751840032637119293212890625,0.0000000008202618239999999,6906495,2019-03-11 20:26:20,btc,115647.31600148382,0.0,0.00002125999999999999973674703890313963938751840032637119293212890625,btc,36705.9616105,0.0,0.052930028557413605,120
1,[],20,[],2019-03-11 20:26:23,2936819.0162,0.000000034,0.0000000000013118016,6906496,2019-03-11 20:26:23,btc,33.6158440906568,11448.95,0.000000034,btc,1013150.479,0.0003892643,0.0383763455086,125
1,[],22,[],2019-03-11 20:26:28,3053.0,0.00000001,0.000000000000385824,6906497,2019-03-11 20:26:28,BTC,0.01444887,0.0,0.00000001,BTC,296263.5111111111,0.0,3.053e-05,126
0,[],17,[],2019-03-11 19:13:53,0.0,0,0,6906119,2019-03-11 19:13:53,btc,0.0009561751951600001,0.0,0,btc,35.42829368,0.0,0.0,131
1,[],4,[],2019-03-11 20:26:29,135727.42258377,0.00001299,0.000000000501185376,6906498,2019-03-11 20:26:29,btc,3.667646733189365,0.0,0.00001299,btc,123865.57669718,0.19456117,0.5204541936958978,131
0,[],2,[],2019-01-20 23:25:46,0.0,0,0,6476969,2019-01-20 23:25:46,,0.0,0.0,0,,0.0,0.0,0.0,131
1,[],4,[],2019-03-11 20:26:41,4577.17083475,0.00016000,0.000000006173184,6906499,2019-03-11 20:26:41,btc,1.6163768199037516,0.0,0.00016000,btc,221.76377188,0.0029265,0.0113387539406284,135
1,[],3,[],2019-03-07 00:20:44,877702.73244099,0.00000004,0.00000000000154846,6863392,2019-03-07 00:20:44,btc,0.119366241821405,0.0,0.00000004,btc,760637.99421222,0.0,0.023771231960604298,136
1,[],4,[],2019-03-11 20:26:41,258682.14623075,0.00000150,0.0000000000578736,6906500,2019-03-11 20:26:41,btc,38.60429765855105,0.0,0.00000150,btc,531293.22353774,0.05346784,0.0294187770298596,137
1,[],12,[],2019-03-11 20:26:43,141655.24242424,0.00000146999999999999990171598886201653755279039614833891391754150390625,0.000000000056716127999999993,6906501,2019-03-11 20:26:43,btc,5.045478520357242,0.0,0.00000146999999999999990171598886201653755279039614833891391754150390625,btc,3401.30989878,0.0001283259141014,0.008888079999996799,137
1,[],17,[],2019-03-11 19:14:27,22967.386363640002,0.00000088,0.000000000033991408,6906125,2019-03-11 19:14:27,btc,20.0699133484,0.0,0.00000088,btc,405.079105,0.0,0.0104613000000032,142
1,[],4,[],2019-03-11 20:26:44,11055.32411435,0.00003141,0.000000001211873184,6906502,2019-03-11 20:26:44,btc,28.7990866214592,0.0,0.00003141,btc,52409.81868513,0.18920154,0.2314548603899345,142
1,[],5,[],2019-03-11 20:26:45,0.0,0,0,6906503,2019-03-11 20:26:45,btc,0.0,0.08802787,0,btc,0.0,0.0,0.0,142
1,[],20,[],2019-03-11 20:26:57,139725.6345,0.000033,0.0000000012732192,6906504,2019-03-11 20:26:57,btc,0.3361564156272,67.0232,0.000033,btc,2245.1871,0.002212431156,0.3091572551177,142
1,[],22,[],2019-03-11 20:27:02,1470.8988921568628,0.00004000,0.000000001543296,6906505,2019-03-11 20:27:02,BTC,3.00385504,0.0,0.00004000,BTC,891.218,0.0,0.0012358,142
0.0,[],25,[],2019-03-11 20:27:04,0.0,0,0,6906506,2019-03-11 20:27:04,,0.0,0.0,0.0,btc,0.0,0.0,0.0,142
1,[],28,[],2019-03-11 20:27:11,76600.0,0.00002270,0.0000000008758204799999999,6906507,2019-03-11 20:27:11,btc,0.067100461059305,863.0,0.00002270,btc,552.61077999,0.0,0.0154572,142
0,[],22,[],2019-03-11 20:27:14,0.0,0,0,6906508,2019-03-11 20:27:14,,65.83990167,0.0,0,,1043231670.8,0.0,0.0,143
0,[],22,[],2019-02-25 15:42:22,0.0,0,0,6783783,2019-02-25 15:42:22,,4.2131946,0.0,0,,2322156.0,0.0,0.0,146
,[],22,[],2018-11-20 23:01:11,0.0,0,0,4862114,2018-11-20 23:01:11,,2.56807021,0.0,,,61828.4988236,0.0,0.0,147
1,[],12,[],2019-03-11 20:27:15,316624.64628872,0.0000015000000000000000380012861456169304119612206704914569854736328125,0.0000000000578736,6906509,2019-03-11 20:27:15,btc,7.913199112480159,0.0,0.0000015000000000000000380012861456169304119612206704914569854736328125,btc,97039.32942272,0.0030448,0.0287184499999742,148
1,[],4,[],2019-03-11 20:27:17,248849.4948357,0.00000030,0.00000000001157472,6906510,2019-03-11 20:27:17,btc,219.9982185864021,0.0,0.00000030,btc,839448.52649005,0.00079798,0.0590242000901689,152
0,[],22,[],2019-03-11 20:27:21,0.0,0,0,6906511,2019-03-11 20:27:21,,0.0,0.0,0,,0.0,0.0,0.0,152
1,[],5,[],2019-03-11 20:27:22,0.0,0,0,6906512,2019-03-11 20:27:22,btc,0.0,1.368e-05,0,btc,0.0,0.0,0.0,153
,[],16,[],2019-01-11 15:38:59,0.0,0,0,6366141,2019-01-11 15:38:59,btc,0.0,0.0,,btc,0.0,0.0,0.0,155
0,[],23,[],2019-01-20 23:24:29,0.0,0,0,6476932,2019-01-20 23:24:29,,0.0,0.0,0,,0.0,0.0,0.0,156
0,[],22,[],2019-03-11 20:27:25,0.0,0,0,6906513,2019-03-11 20:27:25,,6.7463781,0.0,0,,4673397.242592593,0.0,0.0,156
1,[],22,[],2019-03-11 20:27:31,7073.8,0.00005300,0.0000000020448672,6906514,2019-03-11 20:27:31,BTC,1.79802465,0.0,0.00005300,BTC,802.6461988741639,0.0,0.00104336,157
0,[],22,[],2019-03-11 20:27:34,0.0,0,0,6906515,2019-03-11 20:27:34,,50175.67608608,0.0,0,,54079135.04179466,0.0,0.0,158
,[],17,[],2018-11-20 22:56:10,0.0,0,0,4861976,2018-11-20 22:56:10,btc,1.1265625,0.0,,btc,1000.0,0.0,0.0,159
,[],20,[],2018-11-20 22:56:12,0.0,0,0,4861977,2018-11-20 22:56:12,btc,11912.7940471,0.0,,btc,34413894.3617,0.0,0.0,159
1,[],12,[],2019-03-11 20:27:35,212547.83796632,0.000007390000000000000396154463400133494133115164004266262054443359375,0.000000000285123936,6906516,2019-03-11 20:27:35,btc,1.7038313127,0.0,0.000007390000000000000396154463400133494133115164004266262054443359375,btc,9475.36,0.0073161444586216,0.1006919721997168,168
1,[],17,[],2019-03-11 19:25:24,29784.95,0.000001,0.0000000000386665,6906331,2019-03-11 19:25:24,btc,0.03026736251542,0.0,0.000001,btc,144.46171372,0.0,0.00716147,168
0,[],22,[],2019-03-11 20:27:44,0.0,0,0,6906517,2019-03-11 20:27:44,,1.1340533,0.0,0,,524928.174707144,0.0,0.0,169
1,[],22,[],2019-03-11 20:27:49,207317.33333333334,0.00000013,0.000000000005015712,6906518,2019-03-11 20:27:49,BTC,14.35014065,0.0,0.00000013,BTC,154316.84606176137,0.00056413,0.00285108,171
1,[],22,[],2019-03-11 20:27:55,833203.3333333334,0.00000011,0.000000000004244064,6906519,2019-03-11 20:27:55,BTC,2.19547062,0.0,0.00000011,"BTC,LTC",295465.0162563896,0.00310966,0.02738155,173
1,[],5,[],2019-03-05 01:59:40,0.0,0,0,6845846,2019-03-05 01:59:40,btc,0.0,0.00384852,0,btc,0.0,0.0,0.0,175
1,[],22,[],2019-03-11 20:28:00,35500.0,0.00000012,0.000000000004629888,6906520,2019-03-11 20:28:00,BTC,0.54559973,0.0,0.00000012,BTC,137776.41444619838,0.0,0.00206,176
1,[],7,[],2019-03-11 20:28:01,0.0,0,0,6906521,2019-03-11 20:28:01,btc,408082.7711736267,799112.887113,0,btc,114864618.2315159,0.00799113,0.0,178
0,[],22,[],2019-03-11 20:28:05,0.0,0,0,6906522,2019-03-11 20:28:05,,1.00242438,0.0,0,,57522.0,0.0,0.0,178
0,[],2,[],2019-01-20 23:28:34,0.0,0,0,6477001,2019-01-20 23:28:34,,0.0,0.0,0,,0.0,0.0,0.0,178
0,[],23,[],2019-01-20 23:25:08,0.0,0,0,6476952,2019-01-20 23:25:08,,0.0,0.0,0,,0.0,0.0,0.0,179
1,[],5,[],2019-03-11 20:28:07,0.0,0,0,6906523,2019-03-11 20:28:07,btc,0.0,0.54391083,0,btc,0.0,0.0,0.0,179
1,[],22,[],2019-03-11 20:28:13,6867106.0,0.00000002,0.000000000000771648,6906524,2019-03-11 20:28:13,BTC,5.65174896,0.0,0.00000002,"BTC,LTC",17774331.756535422,2.673e-05,0.37228284,179
1,[],22,[],2019-03-11 20:28:30,667491.6135852911,0.00000178,0.000000000068676672,6906525,2019-03-11 20:28:30,BTC,0.21140043,0.0,0.00000178,"BTC,LTC",60048.642132962006,0.00036708,0.57431631,180
1,[],26,[],2019-03-11 20:28:31,0.0,0.00000125,0.000000000048228,6906526,2019-03-11 20:28:31,btc,0.0,0.0,0.00000125,btc,0.0,0.0,0.0,180
1,[],17,[],2019-03-11 19:25:52,10504.725,0.0000001,0.00000000000386665,6906338,2019-03-11 19:25:52,btc,5.2010695838439105,0.0,0.0000001,btc,5033.45945,0.0,0.0010504725,180
,[],7,[],2018-11-20 22:58:01,562227.975654,0.00000085,0.000000000036176765,4862015,2018-11-20 22:58:01,btc,21836.6059674,2491.87645172,,btc,749999.041456,0.00211021,0.127565380455,183
,[],5,[],2019-01-10 08:11:41,0.0,0,0,6347036,2019-01-10 08:11:41,btc,82.15055501,0.00261,,btc,1.19002445,0.0,0.0,187
1,[],24,[],2019-03-11 20:28:31,0.0,0.000000000001,3.8582399999999996e-17,6906527,2019-03-11 20:28:31,btc,0.0,0.0,0.000000000001,btc,0.0,0.0,0.0,187
,[],17,[],2018-11-16 20:58:10,4062536.27273,0.00000001,0.000000000000550501,4708775,2018-11-16 20:58:10,btc,3.36492563466,0.195460381006,,"btc,eth",110697919.549,0.0,0.0157628953496,187
0,[],22,[],2019-03-11 20:28:35,0.0,0,0,6906528,2019-03-11 20:28:35,,7.54797454,0.0,0,,79361.7243344055,0.0,0.0,191
0,[],22,[],2019-03-11 20:28:42,0.0,0,0,6906529,2019-03-11 20:28:42,,0.0,0.0,0,,0.0,0.0,0.0,197
0,[],23,[],2019-01-20 23:31:41,0.0,0,0,6477079,2019-01-20 23:31:41,,0.0,0.0,0,,0.0,0.0,0.0,199
0,[],22,[],2019-03-11 20:28:46,0.0,0,0,6906530,2019-03-11 20:28:46,,5.19581047,0.0,0,,21561978.0,0.0,0.0,199
1,[],26,[],2019-03-11 20:28:46,0.0,0.00000000,0,6906531,2019-03-11 20:28:46,btc,0.0,130043.0,0.00000000,btc,0.0,0.0,0.0,199
0,[],17,[],2019-01-30 16:32:01,0.0,0,0,6540827,2019-01-30 16:32:01,btc,6.802544163788159,0.0,0,btc,105897.55575295,0.0,0.0,200
0,[],2,[],2019-01-20 23:30:49,0.0,0,0,6477059,2019-01-20 23:30:49,,0.0,0.0,0,,0.0,0.0,0.0,201
1,[],4,[],2019-01-25 15:51:35,2084389.58565343,0.00000936,0.000000000333526752,6499557,2019-01-25 15:51:35,btc,2.0092503037378524,0.0,0.00000936,btc,160195.80207885,0.19272417,1.242687955921835,211
1,[],7,[],2019-03-11 20:28:50,5438052.78400838,0.00000098,0.000000000037810752,6906532,2019-03-11 20:28:50,btc,15476652.69184538,1032590.35483,0.00000098,btc,12928786.94758814,0.0,2.2462977742707007,212
1,[],12,[],2019-01-25 02:44:32,207462.42853209,0.000001080000000000000035831255497387193287295303889550268650054931640625,0.000000000038610756000000006,6493050,2019-01-25 02:44:32,btc,85023.03793723314,0.0,0.000001080000000000000035831255497387193287295303889550268650054931640625,btc,43675.73520027,0.000146250909087,0.0348620860622024,213
1,[],5,[],2019-03-11 20:28:52,0.0,0,0,6906533,2019-03-11 20:28:52,btc,0.0,0.19908146,0,btc,0.0,0.0,0.0,213
1,[],24,[],2019-03-11 20:28:52,0.0,0.000000120000,0.000000000004629888,6906534,2019-03-11 20:28:52,btc,0.0,0.0,0.000000120000,btc,0.0,0.0,0.0,213
1,[],26,[],2019-03-11 20:28:52,0.0,0.00000010,0.0000000000038582399999999995,6906535,2019-03-11 20:28:52,btc,0.0,0.0,0.00000010,btc,0.0,0.0,0.0,213
1,[],22,[],2019-03-11 20:28:58,25000.0,0.00000001,0.000000000000385824,6906536,2019-03-11 20:28:58,BTC,2.27976838,0.0,0.00000001,BTC,651386.3963726171,0.000984,0.00025,216
1,[],27,[],2019-03-11 20:29:00,1298122.0,0.00000003,0.000000000001157472,6906537,2019-03-11 20:29:00,btc,317.9840526547724,0.0,0.00000003,"btc,ltc",240753.990324,0.0,0.0337576400002531,216
1,[],22,[],2019-03-11 20:29:07,162538.0,0.00000152,0.000000000058645248,6906538,2019-03-11 20:29:07,BTC,12673.57414566,0.0,0.00000152,BTC,424652.5570440168,0.0402809,0.16730864,217
1,[],7,[],2019-03-11 20:29:08,0.0,0,0,6906539,2019-03-11 20:29:08,btc,77971.81411323446,0.0,0,btc,135963412.7426053,0.0,0.0,219
0,[],27,[],2019-03-11 20:29:11,0.0,0,0,6906540,2019-03-11 20:29:11,,0.0404796,0.0,0,btc,2057905.0,0.0,0.0,219
0.000000000000005,[],28,[],2019-03-11 20:29:18,168649856.129,8.9e-18,3.4338336e-22,6906541,2019-03-11 20:29:18,doge,85316.7452937405,65702.4,0.00178000,"btc,doge",4047843.04751,0.0,1.73896556648935e-11,219
1,[],22,[],2019-03-11 20:29:23,438339.0,0.00000007,0.000000000002700768,6906542,2019-03-11 20:29:23,BTC,18.06814516,0.0,0.00000007,BTC,92175.54541875875,0.00055016,0.02057961,221
1,[],24,[],2019-03-11 20:29:23,0.0,0.000000200000,0.000000000007716479999999999,6906543,2019-03-11 20:29:23,btc,0.0,0.0,0.000000200000,btc,0.0,0.0,0.0,221
1,[],20,[],2019-03-11 20:29:25,42294460.0253,0.000000002,0.0000000000000771648,6906544,2019-03-11 20:29:25,btc,48.4370041141303,1914140.0,0.000000002,btc,14535589.9079,0.008552184,0.0454835905253,224
0,[],22,[],2019-03-11 20:29:29,0.0,0,0,6906545,2019-03-11 20:29:29,,0.0,0.0,0,,0.0,0.0,0.0,224
1,[],26,[],2019-03-11 20:29:29,0.0,0.00000035,0.000000000013503839999999999,6906546,2019-03-11 20:29:29,btc,0.0,0.0,0.00000035,btc,0.0,0.0,0.0,231
1,[],26,[],2019-03-11 20:29:29,0.0,0.00000005,0.0000000000019291199999999998,6906547,2019-03-11 20:29:29,btc,0.0,0.0,0.00000005,btc,0.0,0.0,0.0,234
0.0000000003417175,[],27,[],2019-03-11 20:29:32,2000.0,3.417175e-18,1.3184281272e-22,6906548,2019-03-11 20:29:32,eth,0.01134836604,0.0,0.00000001,"btc,eth",11462.996,0.0,6.83435e-15,234
1,[],4,[],2019-03-11 20:29:33,819582.53979923,0.00000079,0.000000000030480096,6906549,2019-03-11 20:29:33,btc,4.708503921213311,0.0,0.00000079,btc,1180281.76519037,0.22647475,0.2302728538471973,236
1,[],24,[],2019-03-11 20:29:33,0.0,0.000000500000,0.0000000000192912,6906550,2019-03-11 20:29:33,btc,0.0,0.0,0.000000500000,btc,0.0,0.0,0.0,236
1,[],20,[],2019-03-11 20:29:36,199445453.6753,0.000000054,0.0000000000020834495999999997,6906551,2019-03-11 20:29:36,btc,13.3829322772514,1789864.0958,0.000000054,btc,36704324.4484,0.0989479732591,0.3376978200557,237
0.00000000014061120000000001,[],22,[],2019-03-11 20:29:42,751594.9,2.3903904e-17,9.222699856896e-22,6906552,2019-03-11 20:29:42,LTC,0.0405823,0.0,0.00000017,LTC,3164.0,0.0,0.12541949,237
1,[],4,[],2019-03-11 20:29:43,7594013.93621078,0.00000033,0.000000000012732192,6906553,2019-03-11 20:29:43,btc,7.087341868737103,0.0,0.00000033,btc,10442790.75562105,0.51879549,1.8230299665073455,238
1,[],5,[],2019-03-11 20:29:45,0.0,0,0,6906554,2019-03-11 20:29:45,btc,0.0,0.02961976,0,btc,0.0,0.0,0.0,238
0,[],22,[],2019-03-11 20:29:49,0.0,0,0,6906555,2019-03-11 20:29:49,,0.40415746,0.0,0,,526736.5639027493,0.0,0.0,249
0.00000000014061120000000001,[],22,[],2019-03-11 20:29:53,49087200.666666664,5.624448e-18,2.170047025152e-22,6906556,2019-03-11 20:29:53,LTC,0.91170414,0.0,0.00000004,LTC,18043577.253636364,0.0,1.18162413,252
1,[],28,[],2019-03-11 20:30:02,1871585.99,0.00000037,0.000000000014275488,6906557,2019-03-11 20:30:02,btc,164793.8000476698,348785.7625,0.00000037,btc,3260333.5553,0.0,0.41227254177,256
1,[],22,[],2019-03-11 20:30:09,1370143.3333333333,0.00000004,0.000000000001543296,6906558,2019-03-11 20:30:09,BTC,31.44552861,0.0,0.00000004,BTC,579267.3568978057,0.00036214,0.02031393,258
1,[],22,[],2019-03-11 20:30:14,47146.0,0.00000001,0.000000000000385824,6906559,2019-03-11 20:30:14,BTC,2.415167,0.0,0.00000001,BTC,157.0,0.0,0.00047146,259
1,[],5,[],2019-03-11 20:30:16,0.0,0,0,6906560,2019-03-11 20:30:16,btc,0.0,0.25378039,0,btc,0.0,0.0,0.0,264
1,[],20,[],2019-03-11 20:30:18,1347178.543,0.0000017,0.00000000006559008,6906561,2019-03-11 20:30:18,btc,7.4595181281756,138634.9278,0.0000017,btc,102662.3147,0.2618898402866,0.0280637269836,264
0,[],22,[],2019-03-11 15:43:45,0.0,0,0,6904332,2019-03-11 15:43:45,,8.75660439,0.0,0,,474745.2241309945,0.0,0.0,271
0,[],22,[],2019-03-11 20:30:22,0.0,0,0,6906562,2019-03-11 20:30:22,,111821.59221834,0.0,0,,14047917297.692,0.0,0.0,272
0.000000000000005,[],28,[],2019-03-11 20:30:30,223851716519.555,5e-21,1.92912e-25,6906563,2019-03-11 20:30:30,doge,38502270.68250673,17580036737.492,0.00000100,doge,243954685889.4739,0.0,6.237610239786633e-10,272
1,[],22,[],2019-03-11 20:30:36,165117.08,0.00000100,0.0000000000385824,6906564,2019-03-11 20:30:36,BTC,234.95188376,0.0,0.00000100,"BTC,LTC",42403.33111909193,9.84e-05,0.05902916,281
1,[],22,[],2019-03-11 20:30:41,1619129.5714285714,0.00000014,0.000000000005401536,6906565,2019-03-11 20:30:41,BTC,1111.28837086,0.0,0.00000014,BTC,125385.13456339746,0.00173543,0.07692432,286
0,[],22,[],2019-03-11 20:30:44,0.0,0,0,6906566,2019-03-11 20:30:44,,1044638.82491513,0.0,0,,702226356.0,0.0,0.0,294
