pairValue,buyBook,exchangeId,sellBook,updated,buyTotal,satoshiPrice,usdPrice,exchangeLogId,created,bestPair,sellTotalBtc,volume,pairPrice,activePairs,sellTotal,volumeBtc,buyTotalBtc,coinId
1,[],3,[],2019-05-31 19:31:27,276.28507587124,0.01109451000000000013556711309092861483804881572723388671875,0.0000009349831735440001,7719227,2019-05-31 19:31:27,btc,1.7716202498603808,42.4468595883,0.01109451000000000013556711309092861483804881572723388671875,btc,21.700066978386,0.0,0.24842030697834266,1
1,[],4,[],2019-05-31 19:31:28,207689.40068979,0.01107000,0.000000932917608,7719228,2019-05-31 19:31:28,btc,7.629866038875802,0.0,0.01107000,btc,300.22377249,1.2542788,0.6080304203552287,1
1,[],5,[],2019-05-31 19:31:30,0.0,0,0,7719229,2019-05-31 19:31:30,btc,0.0,0.00775939,0,btc,0.0,0.0,0.0,1
1,[],10,[],2019-05-31 19:31:32,312486.42825043,0.00695,0.00000058570708,7719230,2019-05-31 19:31:32,btc,6520.117611672255,1700.11014829,0.00695,btc,1203.40402242,0.0,2.368460552231771,1
1,[],12,[],2019-05-31 19:31:35,84.49741445,0.0109999999999999993616217608405349892564117908477783203125,0.0000009270184,7719231,2019-05-31 19:31:35,btc,0.1762038166899,0.0,0.0109999999999999993616217608405349892564117908477783203125,btc,15.20052808,0.026698466812,0.39362959355599997,1
1,[],20,[],2019-05-31 19:31:37,934.3553,0.00920886,0.000000776071151184,7719232,2019-05-31 19:31:37,btc,0.2238080820174,0.5116,0.00920886,btc,17.3543,0.0054077113918,0.1015779369544,1
1,[],21,[],2019-05-31 19:31:38,2106.76627124,0.01102275999999999950285101136,0.000000928936485344,7719233,2019-05-31 19:31:38,btc,10.51258869409281,5147.77187803,0.011022759999999999502851011357051902450621128082275390625,"btc,eth",1377.73444893,48.77452960400525,19.13348024322185,1
1,[],22,[],2019-05-31 19:31:41,0.0025666666666666667,0.00900000,0.0000007584696000000001,7719234,2019-05-31 19:31:41,BTC,0.31629903,0.0,0.00900000,BTC,0.2505752479991019,0.0,2.31e-05,1
1,[],24,[],2019-05-31 19:31:42,0.0,0.000000000000,0,7719235,2019-05-31 19:31:42,btc,0.0,0.0,0.000000000000,btc,0.0,0.0,0.0,1
0.0,[],25,[],2019-05-31 19:31:43,0.0,0,0,7719236,2019-05-31 19:31:43,btc,10.954999999303835,1467.44036975,0.0,btc,918.3727365,16.268,0.0,1
1,[],26,[],2019-05-31 19:31:44,0.0,0,0,7719237,2019-05-31 19:31:44,,0.0,0.0,0,,0.0,0.0,0.0,1
0,[],28,[],2019-05-31 19:31:46,0.0,0,0,7719238,2019-05-31 19:31:46,,0.0,319202.4,0,,0.0,0.0,0.0,1
0,[],2,[],2019-01-20 23:28:45,0.0,0,0,6477011,2019-01-20 23:28:45,,0.0,0.0,0,,0.0,0.0,0.0,1
1,[],5,[],2019-05-31 19:31:47,0.0,0,0,7719239,2019-05-31 19:31:47,btc,0.0,0.00564503,0,btc,0.0,0.0,0.0,2
0,[],22,[],2019-05-31 19:31:49,0.0,0,0,7719240,2019-05-31 19:31:49,,0.0,0.0,0,,0.0,0.0,0.0,2
1,[],5,[],2019-05-31 19:31:51,0.0,0,0,7719241,2019-05-31 19:31:51,btc,0.0,1.02085346,0,btc,0.0,0.0,0.0,3
1,[],12,[],2019-05-31 19:31:52,1244364.61802,0.00000012,0.000000000010112928,7719242,2019-05-31 19:31:52,btc,169517.44719410772,0.0,0.00000012,btc,2749729.94378469,0.187991326862,0.09253985770448,3
0,[],28,[],2019-05-31 19:31:54,0.0,0,0,7719243,2019-05-31 19:31:54,,0.0,0.0,0,,0.0,0.0,0.0,3
0,[],2,[],2019-01-20 23:31:32,0.0,0,0,6477077,2019-01-20 23:31:32,,0.0,0.0,0,,0.0,0.0,0.0,4
1,[],4,[],2019-05-18 21:29:50,562734.9206932,0.00000010,0.000000000007298720000000001,7650946,2019-05-18 21:29:50,btc,41.9347137769675,0.0,0.00000010,btc,1123702.32192634,0.00052462,0.029254593370966,4
0,[],12,[],2019-05-31 15:28:58,0.0,0,0,7718044,2019-05-31 15:28:58,btc,625.898585084995,0.0,0,btc,1199611.4995005,0.0,0.0,5
0,[],2,[],2019-01-20 23:31:51,0.0,0,0,6477087,2019-01-20 23:31:51,,0.0,0.0,0,,0.0,0.0,0.0,6
1,[],11,[],2019-05-31 19:31:56,9060347.776736,0.00000002,0.0000000000016854880000000002,7719244,2019-05-31 19:31:56,btc,9582.923594042944,15000.0,0.00000002,btc,68497546.46260394,0.0,0.13675210276736,6
1,[],3,[],2019-05-31 19:31:56,12222.13995091846,0.000088889999999999997661037642870951458462513983249664306640625,0.000000007491151416,7719245,2019-05-31 19:31:56,btc,0.04907868887475279,176.533509258,0.000088889999999999997661037642870951458462513983249664306640625,btc,173.200158434518,0.0,0.023148944159672613,7
1,[],4,[],2019-05-31 19:31:57,318789.08126503,0.00009333,0.000000007865329752,7719246,2019-05-31 19:31:57,btc,9.332790207645415,0.0,0.00009333,btc,54143.73032492,3.49374589,1.7514354237239715,7
1,[],5,[],2019-05-31 19:31:59,0.0,0,0,7719247,2019-05-31 19:31:59,btc,0.0,0.42413838,0,btc,0.0,0.0,0.0,7
1,[],20,[],2019-04-07 22:06:50,3201475.0482,0.000000001,0.000000000000051590000000000004,7213932,2019-04-07 22:06:50,btc,30.8005781811902,0.0,0.000000001,btc,23077405.3926,0.0,0.0032014750482,8
0,[],2,[],2019-01-20 23:22:42,0.0,0,0,6476876,2019-01-20 23:22:42,,0.0,0.0,0,,0.0,0.0,0.0,9
0,[],23,[],2019-01-20 23:22:48,0.0,0,0,6476878,2019-01-20 23:22:48,,0.0,0.0,0,,0.0,0.0,0.0,9
1,[],4,[],2019-05-31 19:32:02,22101278.2620824,0.00000048,0.000000000040451712000000006,7719248,2019-05-31 19:32:02,btc,3.9164688938460572,0.0,0.00000048,btc,3586511.09602632,0.34153762,0.5144345627316514,9
0,[],28,[],2019-05-31 19:32:03,0.0,0,0,7719249,2019-05-31 19:32:03,,0.0,3607847.0,0,,0.0,0.0,0.0,9
1,[],1,[],2019-02-17 23:31:42,1822507.21,0.00000181000000000000003456111265232042484285557293333113193511962890625,0.000000000066086901,6701244,2019-02-17 23:31:42,btc,3.6990969245,17153386.5,0.00000181000000000000003456111265232042484285557293333113193511962890625,btc,1997391.71,31.11772986,3.2610482446,9
1,[],4,[],2019-02-17 11:22:43,4341674.27126056,0.00000002,0.0000000000007272960000000001,6696112,2019-02-17 11:22:43,btc,0.1997230937751353,0.0,0.00000002,btc,4109766.79808031,0.00215132,0.0479381022052112,10
1,[],4,[],2019-05-31 19:32:05,6861885.17636904,0.00000045,0.00000000003792348,7719250,2019-05-31 19:32:05,btc,4.703364275078978,0.0,0.00000045,btc,4874194.3351176,0.9923321,1.0455153070909113,12
1,[],5,[],2019-05-31 19:32:06,0.0,0,0,7719251,2019-05-31 19:32:06,btc,0.0,0.23640117,0,btc,0.0,0.0,0.0,12
0.0,[],25,[],2019-05-31 19:32:08,0.0,0,0,7719252,2019-05-31 19:32:08,,0.0,0.0,0.0,btc,0.0,0.0,0.0,12
0,[],2,[],2019-01-20 23:23:08,0.0,0,0,6476890,2019-01-20 23:23:08,,0.0,0.0,0,,0.0,0.0,0.0,12
1,[],10,[],2019-05-31 18:35:01,649879.95026152,0.00000545,0.0000000004602001800000001,7718955,2019-05-31 18:35:01,btc,666803.2890981371,20374.2666388,0.00000545,btc,870882.64789904,0.0,0.2319509660496428,13
1,[],4,[],2019-05-31 19:32:09,338534.47870868,0.00000571,0.000000000481206824,7719253,2019-05-31 19:32:09,btc,1.7270561775991435,0.0,0.00000571,btc,222593.2629356,0.53462884,0.4983745385830786,13
1,[],21,[],2019-05-31 19:32:12,1938917.39536637,0.000005699999999999999636185119001,0.00000000048036408,7719254,2019-05-31 19:32:12,btc,2.5142899397078913,703978.71298183,0.00000569999999999999963618511900076413212445913814008235931396484375,btc,393217.01745591,3.89961018,8.048595283201536,13
0,[],4,[],2019-05-31 19:34:13,0.0,0,0,7719255,2019-05-31 19:34:13,,0.0,0.0,0,,0.0,0.02785918,0.0,14
1,[],12,[],2019-05-31 19:34:15,135838.83436307,0.00000073,0.00000000006152031200000001,7719256,2019-05-31 19:34:15,btc,14.134150797843073,0.0,0.00000073,btc,21650.79261605,0.0,0.0152033299999595,14
1,[],26,[],2019-05-31 19:03:40,0.0,0.00000050,0.000000000042086000000000005,7719107,2019-05-31 19:03:40,btc,0.0,0.0,0.00000050,btc,0.0,0.0,0.0,14
0,[],17,[],2019-05-03 00:53:32,0.0,0,0,7558876,2019-05-03 00:53:32,btc,0.0,0.0,0,btc,0.0,0.0,0.0,14
0,[],4,[],2019-05-31 19:36:16,0.0,0,0,7719258,2019-05-31 19:36:16,,0.0,0.0,0,,0.0,0.0,0.0,15
,[],12,[],2018-12-01 15:15:48,204241.84496,0.00000489,0.000000000202473384,5260204,2018-12-01 15:15:48,btc,49.5475654835,0.0,,btc,35763.2193806,0.0163153972027625,0.0203389899998,15
1,[],4,[],2019-05-31 19:36:18,34072.76756711,0.00001131,0.0000000009531434640000002,7719259,2019-05-31 19:36:18,btc,0.9872414957642137,0.0,0.00001131,btc,12335.26170378,0.05217267,0.0775652095973877,18
0,[],2,[],2019-01-20 23:23:38,0.0,0,0,6476906,2019-01-20 23:23:38,,0.0,0.0,0,,0.0,0.0,0.0,18
1,[],10,[],2019-05-31 19:03:45,498059.87840925,0.00001243,0.00000000104625796,7719110,2019-05-31 19:03:45,btc,15.338596737104272,2410.95140795,0.00001243,btc,13128.42602483,0.0,0.1523203676598954,18
1,[],12,[],2019-05-31 19:03:46,3314.48762946,0.000012310000000000000724086589298789107260745367966592311859130859375,0.0000000010361573200000001,7719111,2019-05-31 19:03:46,btc,0.40077003139042944,0.0,0.000012310000000000000724086589298789107260745367966592311859130859375,btc,1455.9362923,0.0002750459,0.013462844311601701,18
0,[],17,[],2019-05-03 00:53:39,0.0,0,0,7558882,2019-05-03 00:53:39,btc,0.0,0.0,0,btc,0.0,0.0,0.0,18
0,[],2,[],2019-01-20 23:24:19,0.0,0,0,6476924,2019-01-20 23:24:19,,0.0,0.0,0,,0.0,0.0,0.0,19
1,[],3,[],2019-05-31 19:05:46,150040.2753062435,0.0000050100000000000003132715441223066221709814271889626979827880859375,0.00000000042170172000000006,7719112,2019-05-31 19:05:46,btc,0.15687334167770203,3787.61204435,0.0000050100000000000003132715441223066221709814271889626979827880859375,btc,4308.510073322293,0.0,0.0535928896826181,19
1,[],4,[],2019-05-31 19:05:47,526275.87324683,0.00000807,0.00000000067926804,7719113,2019-05-31 19:05:47,btc,3.766194157802429,0.0,0.00000807,btc,164677.71031959,0.06256941,0.4883624627213033,19
1,[],5,[],2019-05-31 19:05:49,0.0,0,0,7719114,2019-05-31 19:05:49,btc,0.0,0.00098835,0,btc,0.0,0.0,0.0,19
1,[],12,[],2019-05-31 19:05:50,15058.84417884,0.000007109999999999999688846986922730053493069135583937168121337890625,0.00000000059846292,7719115,2019-05-31 19:05:50,btc,0.0578790861861041,0.0,0.000007109999999999999688846986922730053493069135583937168121337890625,btc,1662.44708164,0.000964805194,0.0268646999995508,19
0,[],27,[],2019-05-31 19:05:55,0.0,0,0,7719116,2019-05-31 19:05:55,,0.0,0.0,0,btc,0.0,0.0,0.0,19
1,[],4,[],2019-05-31 19:05:56,10062076.88478525,0.00000007,0.000000000005892040000000001,7719117,2019-05-31 19:05:56,btc,6.411239436602338,0.0,0.00000007,btc,2322306.93095912,0.0,0.1174938176872809,20
1,[],4,[],2019-05-31 19:05:57,12532026.42,0.00000001,0.0000000000008417200000000001,7719118,2019-05-31 19:05:57,btc,1736.548875811071,0.0,0.00000001,btc,67583669.92851575,0.11687462,0.1253202642,21
1,[],12,[],2019-05-31 19:05:59,2225192.0,0.00000001,0.0000000000008417200000000001,7719119,2019-05-31 19:05:59,btc,2566.5970608253547,0.0,0.00000001,btc,4928879.76723275,0.012624147481,0.02225192,21
0,[],17,[],2019-05-03 00:53:51,0.0,0,0,7558891,2019-05-03 00:53:51,btc,0.0,0.0,0,btc,0.0,0.0,0.0,21
1,[],12,[],2019-05-31 19:08:00,5192925419.0,0.0000000003,0.000000000000025251600000000002,7719120,2019-05-31 19:08:00,btc,709129508.4469196,0.0,0.0000000003,btc,3123456920.2274156,0.234573486779,1.1880806096,23
0.0000000003106004,[],27,[],2019-05-31 19:08:11,66049814.5039447,9.318012000000001e-18,7.843157060640001e-22,7719121,2019-05-31 19:08:11,eth,105173.3419959228,105854228.15668389,0.00000003,eth,20702601.028,1.972701936615476e-09,3.876528100717902e-10,23
1,[],4,[],2019-05-31 19:08:12,1876817.75888269,0.00000028,0.000000000023568160000000003,7719122,2019-05-31 19:08:12,btc,10.62539590964341,0.0,0.00000028,btc,1712254.23538978,0.05620775,0.0612855529200039,24
1,[],22,[],2019-05-31 19:08:16,21.76,0.00000100,0.00000000008417200000000001,7719123,2019-05-31 19:08:16,BTC,7.415e-05,0.0,0.00000100,BTC,23.919354838709676,0.0,1.186e-05,24
0.0,[],25,[],2019-05-31 19:08:17,0.0,0,0,7719124,2019-05-31 19:08:17,,0.0,0.0,0.0,btc,0.0,0.0,0.0,24
0,[],2,[],2019-01-20 23:25:56,0.0,0,0,6476976,2019-01-20 23:25:56,,0.0,0.0,0,,0.0,0.0,0.0,26
1,[],4,[],2019-05-31 19:08:18,26940858.82815641,0.00000484,0.00000000040739248000000006,7719125,2019-05-31 19:08:18,btc,14.028192895099263,0.0,0.00000484,btc,247693.82329237,0.09018287,0.4675822311886399,26
1,[],10,[],2019-05-31 19:08:20,149730.21257057,0.00000422,0.00000000035520584000000004,7719126,2019-05-31 19:08:20,btc,25.587160696511194,5561.28202409,0.00000422,btc,23616.01286637,0.0,0.035577559461039,26
1,[],5,[],2019-04-26 09:47:06,0.0,0,0,7465326,2019-04-26 09:47:06,btc,0.0,0.0,0,btc,0.0,0.0,0.0,27
1,[],3,[],2019-05-31 19:08:21,21937858.685043,0.00000001,0.0000000000008417200000000001,7719127,2019-05-31 19:08:21,btc,3.767003512255212,10187472.1857,0.00000001,btc,26161410.227760952,0.0,0.21937858685043,27
1,[],11,[],2019-05-31 19:08:22,2110243.08157834,0.00000002,0.0000000000016834400000000001,7719128,2019-05-31 19:08:22,btc,67503.04527066177,19676.5543251,0.00000002,btc,6588861.32608848,0.0,0.0211134458157834,27
1,[],4,[],2019-05-31 19:08:23,1085076577.897166,0.00000001,0.0000000000008417200000000001,7719129,2019-05-31 19:08:23,btc,4.836265322665255,0.0,0.00000001,"btc,ltc",294126858.09314,0.01681385,7.483850850260255,29
1,[],7,[],2019-05-31 19:08:25,85451021.33155985,0.00000001,0.0000000000008417200000000001,7719130,2019-05-31 19:08:25,btc,46548272.13013127,95984.0758483,0.00000001,btc,35155311.87205832,0.00095984,0.8545102133155985,29
0,[],17,[],2019-05-03 01:11:25,0.0,0,0,7559066,2019-05-03 01:11:25,btc,0.0,0.0,0,btc,0.0,0.0,0.0,30
1,[],4,[],2019-05-31 19:08:26,15256875.78730119,0.00000007,0.000000000005892040000000001,7719131,2019-05-31 19:08:26,btc,2.598792341939883,0.0,0.00000007,btc,2103132.23973194,0.0,0.1695993014565784,30
1,[],4,[],2019-05-31 19:10:27,105911.05639322,0.00004313,0.0000000036303383600000002,7719132,2019-05-31 19:10:27,btc,3.3454260912229974,0.0,0.00004313,btc,45492.45934925,1.07784027,0.5070058281342382,31
1,[],21,[],2019-05-31 19:10:28,165883.45608894998,0.00004291000000000000082168646887,0.0000000036118205200000003,7719133,2019-05-31 19:10:28,btc,7.415122715446408,173729.05816826,0.0000429100000000000008216864688659342164100962691009044647216796875,btc,148593.73100277002,7.44994413,5.998807658148446,31
0,[],2,[],2019-01-20 23:28:43,0.0,0,0,6477009,2019-01-20 23:28:43,,0.0,0.0,0,,0.0,0.0,0.0,32
1,[],12,[],2019-03-30 07:55:10,40641173.964,0.00000003,0.000000000001228359,7108785,2019-03-30 07:55:10,btc,4233210.82356125,0.0,0.00000003,btc,28378394.68333462,0.0126927883965248,0.90752895892,33
0,[],4,[],2019-05-31 19:10:30,0.0,0,0,7719134,2019-05-31 19:10:30,,0.0,0.0,0,,0.0,0.0,0.0,33
0.0000000001307705,[],4,[],2019-05-31 19:10:31,509790226.4487445,3.2692625e-17,2.7518036315000002e-21,7719135,2019-05-31 19:10:31,ltc,3.6059298381088745,0.0,0.00000025,ltc,154074294.39342117,0.00124777,2.0357673506860436e-09,34
1,[],5,[],2019-05-31 19:10:32,0.0,0,0,7719136,2019-05-31 19:10:32,btc,0.0,2e-05,0,btc,0.0,0.0,0.0,34
0.0000000002926451,[],17,[],2019-05-02 18:17:47,200000.0,2.9264510000000002e-18,1.596703856561e-22,7556430,2019-05-02 18:17:47,eth,0.20942468735267253,0.0,0.00000001,"btc,eth",1018272.20243647,0.0,5.852902e-13,36
0.0000000001311821,[],4,[],2019-05-31 13:28:19,2417517744.0607657,1.311821e-18,1.105058333085e-22,7717483,2019-05-31 13:28:19,ltc,5.019900492391546e-08,0.0,0.00000001,ltc,7102398142.262129,0.0,3.171350544531538e-09,36
1,[],5,[],2019-05-31 13:28:21,0.0,0,0,7717484,2019-05-31 13:28:21,btc,0.0,0.0,0,btc,0.0,0.0,0.0,36
0.0000000003108179,[],27,[],2019-05-31 13:30:34,10388811.226876,6.216358000000001e-18,5.236566733830001e-22,7717485,2019-05-31 13:30:34,eth,1569.8708019850988,761866.634299,0.00000002,"ltc,eth",5084024.2511555,4.736034912207001e-12,3.3251980286483705e-11,36
1,[],17,[],2019-05-03 01:11:36,211752.74075282,0.00000025,0.000000000013700074999999998,7559074,2019-05-03 01:11:36,btc,0.055484923955058496,0.0,0.00000025,"btc,eth",1387.19918473,0.0,0.0005381851887916605,37
1,[],4,[],2019-05-31 19:10:34,9867894.37880113,0.00000015,0.000000000012625800000000001,7719137,2019-05-31 19:10:34,btc,19772.520733049696,0.0,0.00000015,btc,730230.57933135,0.00704121,0.1203417714913695,37
1,[],12,[],2019-05-31 19:10:35,3598580.36528572,0.00000019,0.000000000015992680000000004,7719138,2019-05-31 19:10:35,btc,12.42262989476525,0.0,0.00000019,btc,1001933.12068768,0.017175286204,0.1620933261442866,37
1,[],27,[],2019-05-31 19:12:42,6137.0,0.00000016,0.000000000013467520000000001,7719139,2019-05-31 19:12:42,btc,24.12337022903233,50.0,0.00000016,btc,5792.49438508,8e-06,0.00075592,37
1,[],5,[],2019-05-31 19:12:44,0.0,0,0,7719140,2019-05-31 19:12:44,btc,0.0,0.00099316,0,btc,0.0,0.0,0.0,42
1,[],12,[],2019-05-31 19:12:46,124276.19740285,0.00000092,0.00000000007743824000000001,7719141,2019-05-31 19:12:46,btc,24.790302282707074,0.0,0.00000092,btc,72319.88087489,0.002986581288,0.0408065099999462,42
1,[],27,[],2019-05-31 19:12:56,506.0,0.00000002,0.0000000000016834400000000001,7719142,2019-05-31 19:12:56,btc,0.07600425,0.0,0.00000002,"btc,eth",18.0,0.0,6.00000032631678e-06,42
1,[],12,[],2019-03-13 09:13:29,1112112.0,0.00000001,0.000000000000386531,6919902,2019-03-13 09:13:29,btc,29058.00478931866,0.0,0.00000001,btc,5967681.93306694,9.99000999e-07,0.01112112,43
1,[],5,[],2019-04-26 22:38:52,0.0,0,0,7474154,2019-04-26 22:38:52,btc,0.0,0.02638891,0,btc,0.0,0.0,0.0,43
0,[],17,[],2019-04-26 22:38:53,0.0,0,0,7474155,2019-04-26 22:38:53,btc,0.0,0.0,0,btc,0.0,0.0,0.0,43
1,[],12,[],2019-03-05 01:54:08,639326.02,0.00000004,0.000000000001486676,6845775,2019-03-05 01:54:08,btc,11116042.728239931,0.0,0.00000004,btc,1103841.4595604,0.0003330765234764,0.014975410599999999,44
1,[],4,[],2019-05-31 19:12:57,111324070.0006371,0.00000001,0.0000000000008417200000000001,7719143,2019-05-31 19:12:57,btc,303169.6058135862,0.0,0.00000001,"btc,ltc",28272947.90928054,0.00619838,0.03530730719226889,49
0.0000000001307705,[],4,[],2019-05-31 19:12:58,130781142.18563962,3.400033e-17,2.8618757767600003e-21,7719144,2019-05-31 19:12:58,ltc,22049.959233019512,0.0,0.00000026,ltc,159342928.33297324,0.0,1.2828817005576185e-09,52
0,[],22,[],2019-05-31 19:13:01,0.0,0,0,7719145,2019-05-31 19:13:01,,10289.55991011,0.0,0,,308568058.4566013,0.0,0.0,57
1,[],27,[],2019-05-31 19:13:15,2297.0,0.0000003,0.000000000025251600000000003,7719146,2019-05-31 19:13:15,btc,0.0,0.0,0.0000003,"btc,eth",0.0,0.0,0.0003891,57
1,[],17,[],2019-05-03 01:12:09,1200000.0,0.0000000001,0.00000000000000548003,7559085,2019-05-03 01:12:09,btc,1e+24,0.0,0.0000000001,"btc,eth",39516342.31952568,0.0,0.00010000000058666061,58
0.0000000001307705,[],4,[],2019-05-31 19:13:16,3424648555.1191416,1.307705e-18,1.1007214526e-22,7719147,2019-05-31 19:13:16,ltc,19.341013332635317,0.0,0.00000001,ltc,5852232846.057803,0.0,4.478430038772077e-09,58
1,[],12,[],2019-05-31 19:13:17,656624918.0,0.0000000001,0.000000000000008417200000000001,7719148,2019-05-31 19:13:17,btc,2233480.8572855126,0.0,0.0000000001,btc,3353582804.731225,0.002514486562,0.0656624918,58
0.00000000011052070000000001,[],22,[],2019-05-31 19:15:21,126877.0,1.1052070000000001e-18,9.302748360400002e-23,7719149,2019-05-31 19:15:21,XMR,68.17454206,0.0,0.00000001,XMR,9626402.6,0.0,0.00126877,58
1,[],5,[],2019-05-31 19:15:23,0.0,0,0,7719150,2019-05-31 19:15:23,btc,0.0,0.00193113,0,btc,0.0,0.0,0.0,61
1,[],22,[],2019-05-31 19:15:26,13613.833333333334,0.00000012,0.00000000001010064,7719151,2019-05-31 19:15:26,BTC,1002.29123003,0.0,0.00000012,BTC,15014.200177125656,0.0,0.00153269,61
1,[],26,[],2019-05-31 19:15:27,0.0,0.00000050,0.000000000042086000000000005,7719152,2019-05-31 19:15:27,btc,0.0,0.0,0.00000050,btc,0.0,0.0,0.0,61
1,[],27,[],2019-05-31 19:15:36,8450.0,0.0000002,0.000000000016834400000000002,7719153,2019-05-31 19:15:36,btc,1.9582485601246655,0.0,0.0000002,"btc,eth",11379.41563696,0.0,0.001522,61
0,[],28,[],2019-05-31 19:15:38,0.0,0,0,7719154,2019-05-31 19:15:38,,0.0,696.0,0,,0.0,0.0,0.0,61
1,[],4,[],2019-05-31 19:15:39,838718.59037415,0.00000077,0.00000000006481244000000001,7719155,2019-05-31 19:15:39,btc,2.97891106325442,0.0,0.00000077,btc,893363.22021226,0.11410721,0.4268447773997034,67
0.0,[],25,[],2019-05-31 19:15:40,0.0,0,0,7719156,2019-05-31 19:15:40,,0.0,0.0,0.0,btc,0.0,0.0,0.0,67
1,[],12,[],2019-05-31 19:15:42,806182.855,0.00000006,0.00000000000505032,7719157,2019-05-31 19:15:42,btc,5.1699346310489505,0.0,0.00000006,btc,775732.27172826,8.516011e-05,0.0176958113,71
,[],5,[],2018-11-20 23:02:39,1.5e-07,0.00000005,0.000000000002128045,4862160,2018-11-20 23:02:39,btc,2.84511358,0.0,,btc,0.00036572,0.0,0.07381892,74
1,[],5,[],2019-05-31 19:15:44,0.0,0,0,7719158,2019-05-31 19:15:44,btc,0.0,0.13154875,0,btc,0.0,0.0,0.0,75
0,[],4,[],2019-05-25 21:33:44,0.0,0,0,7686249,2019-05-25 21:33:44,,133656.37989170782,0.0,0,,33439209.5909442,0.0,0.0,81
0,[],20,[],2019-01-25 09:30:31,0.0,0,0,6495923,2019-01-25 09:30:31,btc,0.0,0.0,0,btc,0.0,0.0,0.0,81
1,[],4,[],2019-05-31 19:15:45,36288.13734778,0.00010842,0.000000009125928240000001,7719159,2019-05-31 19:15:45,btc,55.54995011424013,0.0,0.00010842,btc,120342.1403068,0.4051368,0.7439599034843932,82
1,[],21,[],2019-05-31 19:15:47,65244.3296862,0.0001116300000000000001683722606,0.000000009396120360000001,7719160,2019-05-31 19:15:47,btc,18.16840726771514,76518.07408487,0.000111630000000000000168372260578308896583621390163898468017578125,btc,108057.39201175,8.33706602,5.261240641794294,82
0,[],17,[],2019-03-25 22:42:34,0.0,0,0,7038780,2019-03-25 22:42:34,btc,0.0445064681804024,0.0,0,btc,995513.18476001,0.0,0.0,84
0.0000000001161485,[],4,[],2019-05-20 13:09:39,216715621.0206096,1.161485e-18,9.0533806701e-23,7657228,2019-05-20 13:09:39,ltc,1.6511566870244727,0.0,0.00000001,ltc,471032407.9048656,0.0,2.5171194308112273e-10,85
,[],22,[],2018-11-20 23:09:34,3408.1,0.0000001,0.0000000000041895,4862324,2018-11-20 23:09:34,BTC,0.04624735,0.0,,BTC,4990.0,0.0,0.00033081,86
1,[],22,[],2019-05-31 19:15:51,62656.0,0.00000001,0.0000000000008417200000000001,7719161,2019-05-31 19:15:51,BTC,1.45391412,0.0,0.00000001,BTC,375863.04736842104,0.0,0.00062656,87
1,[],27,[],2019-05-31 19:15:55,97382.0,0.00000007,0.000000000005892040000000001,7719162,2019-05-31 19:15:55,btc,5.052674818036,396050.0,0.00000007,btc,46323.67341,0.5901145,0.00122414,87
,[],2,[],2018-11-20 23:10:47,0.0,0,0,4862359,2018-11-20 23:10:47,,0.0,0.0,,,0.0,0.0,0.0,88
1,[],11,[],2019-05-31 19:15:57,126348.67901098,0.0000800999999999999954224116915924014392658136785030364990234375,0.0000000067421772,7719163,2019-05-31 19:15:57,btc,167.35147022347738,398.88495228,0.0000800999999999999954224116915924014392658136785030364990234375,btc,200707.56421810001,0.0,2.1021523823813633,89
0,[],2,[],2019-01-20 23:31:45,0.0,0,0,6477083,2019-01-20 23:31:45,,0.0,0.0,0,,0.0,0.0,0.0,91
0,[],17,[],2019-05-03 01:12:26,0.0,0,0,7559096,2019-05-03 01:12:26,btc,0.0,0.0,0,btc,0.0,0.0,0.0,91
1,[],12,[],2019-05-31 19:15:58,265868.37954448,0.00000031,0.00000000002609332,7719164,2019-05-31 19:15:58,btc,87.69221791024236,0.0,0.00000031,btc,146795.03496614,0.000150847552,0.0122195183999921,91
1,[],22,[],2019-05-31 19:18:02,75910.55,0.0000002,0.000000000016834400000000002,7719165,2019-05-31 19:18:02,BTC,0.497,0.0,0.0000002,"BTC,LTC",6.95,0.0,0.00165931,91
1,[],22,[],2019-04-09 20:17:52,374949.73333333334,0.00000015,0.000000000007771935,7235704,2019-04-09 20:17:52,BTC,6.87372503,0.0,0.00000015,"BTC,LTC",159980.01196797504,1.1e-05,0.80510266,95
0,[],17,[],2019-05-03 01:12:32,0.0,0,0,7559100,2019-05-03 01:12:32,btc,0.0,0.0,0,btc,0.0,0.0,0.0,96
0.0000000001307705,[],4,[],2019-05-31 19:18:03,543290765.8351129,2.7461805e-17,2.3115150504600004e-21,7719166,2019-05-31 19:18:03,ltc,11.29892155673124,0.0,0.00000021,ltc,153608198.59709418,0.00247066,8.700308094029703e-10,96
0,[],12,[],2019-05-31 19:18:04,0.0,0,0,7719167,2019-05-31 19:18:04,btc,17.17668343048951,0.0,0,btc,9673399.04895105,0.0,0.0,96
1,[],4,[],2019-04-14 03:32:46,1039404.33283278,0.00000038,0.000000000019245518,7293458,2019-04-14 03:32:46,btc,4.170086055365747,0.0,0.00000038,btc,3097704.34561074,0.06260606,0.1859928211030784,99
1,[],4,[],2019-05-31 19:20:05,243328.79779762,0.00001696,0.0000000014275571200000002,7719168,2019-05-31 19:20:05,btc,7.529141611931064,0.0,0.00001696,btc,160311.32817132,0.16938796,0.3563636280637433,100
0,[],2,[],2019-01-20 23:23:55,0.0,0,0,6476914,2019-01-20 23:23:55,,0.0,0.0,0,,0.0,0.0,0.0,100
1,[],22,[],2019-05-31 19:20:08,150000.0,0.00000002,0.0000000000016834400000000001,7719169,2019-05-31 19:20:08,BTC,24.83526409,0.0,0.00000002,BTC,11187.719,0.0,0.0017,101
1,[],4,[],2019-05-31 19:20:09,546932.21600611,0.00000166,0.00000000013972552000000002,7719170,2019-05-31 19:20:09,btc,364.22874945628246,0.0,0.00000166,btc,639567.97922657,0.1130609,0.1914915971729417,103
1,[],12,[],2019-05-31 19:20:13,170348742.0,0.000000003,0.00000000000025251600000000003,7719171,2019-05-31 19:20:13,btc,2404.297009527883,0.0,0.000000003,btc,69247581.76832463,0.049002730421,0.21762132,105
1,[],27,[],2019-05-31 19:20:22,291577.0,0.00000002,0.0000000000016834400000000001,7719172,2019-05-31 19:20:22,btc,0.2851764,4046.0,0.00000002,btc,359904.0,4.046e-05,0.00351577,105
1,[],22,[],2019-04-21 00:17:26,21333.0,0.00000001,0.000000000000532493,7385819,2019-04-21 00:17:26,BTC,51.38182867,0.0,0.00000001,BTC,470435.0,0.0,0.00021333,107
1,[],26,[],2019-04-21 00:17:26,0.0,0.00000000,0,7385820,2019-04-21 00:17:26,btc,0.0,0.0,0.00000000,btc,0.0,0.0,0.0,107
1,[],5,[],2019-05-31 19:20:24,0.0,0,0,7719173,2019-05-31 19:20:24,btc,0.0,0.0,0,btc,0.0,0.0,0.0,112
0,[],22,[],2019-05-31 19:20:27,0.0,0,0,7719174,2019-05-31 19:20:27,,6.79500102,0.0,0,,3375892.0833333335,0.0,0.0,112
1,[],27,[],2019-05-31 19:20:37,1.0,0.00000001,0.0000000000008417200000000001,7719175,2019-05-31 19:20:37,btc,1.15032588,0.0,0.00000001,"btc,eth",1818.0,0.0,1e-08,112
1,[],4,[],2019-05-31 19:20:38,272071.67703376,0.00000093,0.00000000007827996,7719176,2019-05-31 19:20:38,btc,5.768680785843974,0.0,0.00000093,btc,622635.03564897,0.03338651,0.1687522424434686,113
1,[],5,[],2019-05-31 19:20:39,0.0,0,0,7719177,2019-05-31 19:20:39,btc,0.0,0.0,0,btc,0.0,0.0,0.0,113
1,[],17,[],2019-04-26 02:17:47,162738.278,0.00000004,0.0000000000021069000000000002,7461287,2019-04-26 02:17:47,btc,1.3331140273775473,0.0,0.00000004,btc,51796.221,0.0,0.00230953112,116
1,[],27,[],2019-05-22 05:13:01,210000.0,0.00000001,0.00000000000079145,7666372,2019-05-22 05:13:01,btc,3919.0005001478,0.0,0.00000001,btc,128660.871,0.0,0.0021,116
1,[],4,[],2019-05-21 22:31:11,138169.03963019,0.00000701,0.000000000558364025,7664793,2019-05-21 22:31:11,btc,150.95388250938234,0.0,0.00000701,btc,344631.17141974,0.07552974,0.4288357684941946,120
1,[],7,[],2019-05-21 22:31:12,3901.07750076,0.000010679999999999999389654892212320191902108490467071533203125,0.0000000008506887,7664794,2019-05-21 22:31:12,btc,231188.94669936574,0.0,0.000010679999999999999389654892212320191902108490467071533203125,btc,4133.83151364,0.0,0.0113888422364489,120
1,[],20,[],2019-04-07 18:42:29,1914137.0852,0.000000035,0.0000000000017871910000000002,7211992,2019-04-07 18:42:29,btc,32.2497668025648,25528.85,0.000000035,btc,1001975.4986,0.00089350975,0.0152723574729,125
1,[],22,[],2019-05-31 19:20:43,10000.0,0.00000001,0.0000000000008417200000000001,7719178,2019-05-31 19:20:43,BTC,0.032061,0.0,0.00000001,BTC,299316.7611111111,0.0,0.0001,126
1,[],4,[],2019-05-31 19:20:43,424293.8652406,0.00001005,0.0000000008459286000000001,7719179,2019-05-31 19:20:43,btc,10.62936585543467,0.0,0.00001005,btc,168608.02109814,0.82474733,1.531580359350037,131
0,[],2,[],2019-01-20 23:25:46,0.0,0,0,6476969,2019-01-20 23:25:46,,0.0,0.0,0,,0.0,0.0,0.0,131
1,[],17,[],2019-05-03 01:13:10,10000.0,0.00000001,0.000000000000548003,7559115,2019-05-03 01:13:10,btc,0.0953976503951408,0.0,0.00000001,btc,5037.62507334,0.0,0.0001,131
1,[],4,[],2019-05-31 19:22:44,4879.86449846,0.00007920,0.0000000066664224000000006,7719180,2019-05-31 19:22:44,btc,5.03115892970791,0.0,0.00007920,btc,202.13055914,0.0,0.0068119410094314,135
1,[],3,[],2019-05-31 19:22:45,591457.22392675,0.00000001,0.0000000000008417200000000001,7719181,2019-05-31 19:22:45,btc,0.22269430241048518,1610349.79937,0.00000001,btc,1905502.4316845,0.0,0.005914572239267501,136
1,[],4,[],2019-05-31 19:22:46,2102241.05110866,0.00000182,0.00000000015319304000000001,7719182,2019-05-31 19:22:46,btc,109.03465234800491,0.0,0.00000182,btc,528217.42861838,0.02850872,0.5061106891315827,137
1,[],12,[],2019-05-31 19:22:47,88428.47238151,0.000001769999999999999994019540816569957542014890350401401519775390625,0.00000000014898444000000002,7719183,2019-05-31 19:22:47,btc,57.84114755146217,0.0,0.000001769999999999999994019540816569957542014890350401401519775390625,btc,50710.8164856,0.00042186,0.0178331999999312,137
1,[],4,[],2019-05-31 19:22:48,101934.7559321,0.00001802,0.0000000015167794400000002,7719184,2019-05-31 19:22:48,btc,8.575417260510894,0.0,0.00001802,btc,117900.85791626,0.34725262,0.9250564722118735,142
1,[],5,[],2019-05-31 19:22:50,0.0,0,0,7719185,2019-05-31 19:22:50,btc,0.0,0.04075736,0,btc,0.0,0.0,0.0,142
1,[],20,[],2019-05-31 19:24:51,209042.5229,0.000015001,0.0000000012626641720000001,7719186,2019-05-31 19:24:51,btc,1.6084727300573,0.0,0.000015001,btc,9872.8163,0.0,0.0187095600469,142
1,[],22,[],2019-05-31 19:24:55,11028.645,0.00001000,0.0000000008417200000000001,7719187,2019-05-31 19:24:55,BTC,3.2754788,0.0,0.00001000,BTC,1133.9993657797618,0.0,0.00745365,142
0.0,[],25,[],2019-05-31 19:24:56,0.0,0,0,7719188,2019-05-31 19:24:56,,0.0,0.0,0.0,btc,0.0,0.0,0.0,142
0,[],28,[],2019-05-31 19:25:48,0.0,0,0,7719189,2019-05-31 19:25:48,,0.0,0.0,0,,0.0,0.0,0.0,142
1,[],17,[],2019-05-03 01:13:16,32967.38636364,0.00000088,0.000000000048224264,7559122,2019-05-03 01:13:16,btc,20.06976206696776,0.0,0.00000088,btc,2746.079105,0.0,0.0105613000000032,142
0,[],22,[],2019-05-31 19:25:51,0.0,0,0,7719190,2019-05-31 19:25:51,,64.98618676,0.0,0,,787024755.3,0.0,0.0,143
0,[],22,[],2019-02-25 15:42:22,0.0,0,0,6783783,2019-02-25 15:42:22,,4.2131946,0.0,0,,2322156.0,0.0,0.0,146
,[],22,[],2018-11-20 23:01:11,0.0,0,0,4862114,2018-11-20 23:01:11,,2.56807021,0.0,,,61828.4988236,0.0,0.0,147
1,[],12,[],2019-04-21 06:38:04,193091.5971266,0.00000071,0.000000000037635183,7388679,2019-04-21 06:38:04,btc,2.301232411611175,0.0,0.00000071,btc,9957.48302385,0.00023528,0.0313308199999888,148
1,[],4,[],2019-03-19 21:31:25,255810.0415942,0.00000029,0.000000000011615747,6982695,2019-03-19 21:31:25,btc,218.94922712414143,0.0,0.00000029,btc,793529.37642722,0.00117,0.0608347789473395,152
0,[],22,[],2019-03-19 21:31:27,0.0,0,0,6982696,2019-03-19 21:31:27,,0.0,0.0,0,,0.0,0.0,0.0,152
1,[],5,[],2019-04-26 09:36:59,0.0,0,0,7465040,2019-04-26 09:36:59,btc,0.0,0.0,0,btc,0.0,0.0,0.0,153
,[],16,[],2019-01-11 15:38:59,0.0,0,0,6366141,2019-01-11 15:38:59,btc,0.0,0.0,,btc,0.0,0.0,0.0,155
0,[],22,[],2019-05-31 19:25:55,0.0,0,0,7719191,2019-05-31 19:25:55,,7.44455324,0.0,0,,5955762.942592593,0.0,0.0,156
0,[],23,[],2019-01-20 23:24:29,0.0,0,0,6476932,2019-01-20 23:24:29,,0.0,0.0,0,,0.0,0.0,0.0,156
1,[],22,[],2019-05-31 19:25:58,6996.0,0.00000001,0.0000000000008417200000000001,7719192,2019-05-31 19:25:58,BTC,1.7543039,0.0,0.00000001,BTC,57.0,0.0,6.996e-05,157
0,[],22,[],2019-05-21 23:40:32,0.0,0,0,7665049,2019-05-21 23:40:32,,50234.60468402,0.0,0,,54786159.03179465,0.0,0.0,158
,[],17,[],2018-11-20 22:56:10,0.0,0,0,4861976,2018-11-20 22:56:10,btc,1.1265625,0.0,,btc,1000.0,0.0,0.0,159
,[],20,[],2018-11-20 22:56:12,0.0,0,0,4861977,2018-11-20 22:56:12,btc,11912.7940471,0.0,,btc,34413894.3617,0.0,0.0,159
1,[],12,[],2019-05-24 02:51:20,9178.522006449999,0.00000191999999999999982841307998027158276954651228152215480804443359375,0.000000000151222656,7676256,2019-05-24 02:51:20,btc,149.80414728631675,0.0,0.00000191999999999999982841307998027158276954651228152215480804443359375,btc,1115.7451448499999,0.01783167678326,0.0120075778999181,168
1,[],17,[],2019-05-03 01:13:36,42852.0,0.00000002,0.000000000001096006,7559132,2019-05-03 01:13:36,btc,0.04279856251542,0.0,0.00000002,btc,274.46171372,0.0,0.00052852,168
1,[],22,[],2019-05-17 03:01:52,10.0,0.00000001,0.000000000000778341,7642059,2019-05-17 03:01:52,BTC,41.95893009,0.0,0.00000001,BTC,1753972.7737547632,0.0,1e-07,169
1,[],22,[],2019-05-30 08:38:18,202834.0,0.00000002,0.0000000000017416160000000001,7711049,2019-05-30 08:38:18,BTC,27.87002826,0.0,0.00000002,BTC,462189.5410507793,0.0,0.00211768,171
1,[],22,[],2019-05-29 08:05:18,349870.0,0.00000002,0.000000000001705894,7705265,2019-05-29 08:05:18,BTC,24.05907723,0.0,0.00000002,"BTC,LTC",1224285.4355616204,0.0,0.0039847,173
1,[],5,[],2019-05-31 19:26:00,0.0,0,0,7719193,2019-05-31 19:26:00,btc,0.0,0.08176124,0,btc,0.0,0.0,0.0,175
1,[],22,[],2019-05-31 19:26:03,90671.0,0.00000001,0.0000000000008417200000000001,7719194,2019-05-31 19:26:03,BTC,394.35459412,0.0,0.00000001,BTC,136275.61833431243,0.0,0.00090671,176
1,[],7,[],2019-05-31 19:26:04,0.0,0,0,7719195,2019-05-31 19:26:04,btc,522274.28208915493,0.0,0,btc,21993385.47972966,0.0,0.0,178
0,[],22,[],2019-05-31 19:26:06,0.0,0,0,7719196,2019-05-31 19:26:06,,1.00242428,0.0,0,,57512.0,0.0,0.0,178
0,[],2,[],2019-01-20 23:28:34,0.0,0,0,6477001,2019-01-20 23:28:34,,0.0,0.0,0,,0.0,0.0,0.0,178
1,[],5,[],2019-05-31 19:26:07,0.0,0,0,7719197,2019-05-31 19:26:07,btc,0.0,0.17958122,0,btc,0.0,0.0,0.0,179
0,[],22,[],2019-05-31 19:26:09,0.0,0,0,7719198,2019-05-31 19:26:09,,5.31629775,0.0,0,,13534709.311946675,0.0,0.0,179
0,[],23,[],2019-01-20 23:25:08,0.0,0,0,6476952,2019-01-20 23:25:08,,0.0,0.0,0,,0.0,0.0,0.0,179
1,[],22,[],2019-05-31 19:28:13,682731.1315646544,0.00000107,0.00000000009006404000000002,7719199,2019-05-31 19:28:13,BTC,39.1817111,0.0,0.00000107,"BTC,LTC",138990.64422151132,0.00250476,0.58227215,180
1,[],26,[],2019-05-31 19:28:13,0.0,0.00000010,0.000000000008417200000000001,7719200,2019-05-31 19:28:13,btc,0.0,0.0,0.00000010,btc,0.0,0.0,0.0,180
1,[],17,[],2019-05-03 01:13:56,20504.725000000002,0.0000001,0.00000000000548003,7559141,2019-05-03 01:13:56,btc,5.2010695838400265,0.0,0.0000001,btc,5033.45945,0.0,0.0011504725,180
,[],7,[],2018-11-20 22:58:01,562227.975654,0.00000085,0.000000000036176765,4862015,2018-11-20 22:58:01,btc,21836.6059674,2491.87645172,,btc,749999.041456,0.00211021,0.127565380455,183
,[],5,[],2019-01-10 08:11:41,0.0,0,0,6347036,2019-01-10 08:11:41,btc,82.15055501,0.00261,,btc,1.19002445,0.0,0.0,187
,[],17,[],2018-11-16 20:58:10,4062536.27273,0.00000001,0.000000000000550501,4708775,2018-11-16 20:58:10,btc,3.36492563466,0.195460381006,,"btc,eth",110697919.549,0.0,0.0157628953496,187
1,[],24,[],2019-05-22 21:04:52,0.0,0.000000000014,0.0000000000000010960978,7670219,2019-05-22 21:04:52,btc,0.0,0.0,0.000000000014,btc,0.0,0.0,0.0,187
0,[],22,[],2019-04-25 02:54:07,0.0,0,0,7447896,2019-04-25 02:54:07,,7.54794454,0.0,0,,76361.7243344055,0.0,0.0,191
0,[],22,[],2019-05-31 19:28:18,0.0,0,0,7719201,2019-05-31 19:28:18,,0.0,0.0,0,,0.0,0.0,0.0,197
0,[],23,[],2019-01-20 23:31:41,0.0,0,0,6477079,2019-01-20 23:31:41,,0.0,0.0,0,,0.0,0.0,0.0,199
0,[],22,[],2019-05-31 19:28:21,0.0,0,0,7719202,2019-05-31 19:28:21,,10.93271999,0.0,0,,99750037.0,0.0,0.0,199
1,[],26,[],2019-05-31 19:28:21,0.0,0.00000000,0,7719203,2019-05-31 19:28:21,btc,0.0,0.0,0.00000000,btc,0.0,0.0,0.0,199
0,[],2,[],2019-01-20 23:30:49,0.0,0,0,6477059,2019-01-20 23:30:49,,0.0,0.0,0,,0.0,0.0,0.0,201
1,[],4,[],2019-01-25 15:51:35,2084389.58565343,0.00000936,0.000000000333526752,6499557,2019-01-25 15:51:35,btc,2.0092503037378524,0.0,0.00000936,btc,160195.80207885,0.19272417,1.242687955921835,211
1,[],7,[],2019-05-31 19:28:24,1202039566.4998248,0.00000063,0.000000000053028360000000006,7719204,2019-05-31 19:28:24,btc,15201837.811596388,366206.881598,0.00000063,btc,8073278.0788408,0.0,13.81679147549937,212
1,[],12,[],2019-01-25 02:44:32,207462.42853209,0.000001080000000000000035831255497387193287295303889550268650054931640625,0.000000000038610756000000006,6493050,2019-01-25 02:44:32,btc,85023.03793723314,0.0,0.000001080000000000000035831255497387193287295303889550268650054931640625,btc,43675.73520027,0.000146250909087,0.0348620860622024,213
1,[],5,[],2019-05-30 00:07:46,0.0,0,0,7709357,2019-05-30 00:07:46,btc,0.0,0.06425239,0,btc,0.0,0.0,0.0,213
1,[],24,[],2019-05-30 00:07:46,0.0,0.000000399202,0.0000000000344859829346,7709358,2019-05-30 00:07:46,btc,0.0,0.0,0.000000399202,btc,0.0,0.0,0.0,213
1,[],26,[],2019-05-30 00:07:47,0.0,0.00000040,0.000000000034554919999999996,7709359,2019-05-30 00:07:47,btc,0.0,0.0,0.00000040,btc,0.0,0.0,0.0,213
0,[],22,[],2019-05-31 19:28:27,0.0,0,0,7719205,2019-05-31 19:28:27,,9.61445386,0.0,0,,3661587.094064925,0.0,0.0,216
1,[],27,[],2019-05-31 19:28:35,196550.0,0.00000001,0.0000000000008417200000000001,7719206,2019-05-31 19:28:35,btc,75.60593967917752,1000.0,0.00000001,"btc,ltc",383835.407688,1e-05,0.0019555000000013078,216
1,[],22,[],2019-05-31 19:28:38,718459.0714285715,0.00000028,0.000000000023568160000000003,7719207,2019-05-31 19:28:38,BTC,12056.48903718,0.0,0.00000028,BTC,531780.7643343819,0.00014,0.0535133,217
1,[],7,[],2019-05-31 19:28:41,0.0,0,0,7719208,2019-05-31 19:28:41,btc,1234864.1040716618,0.0,0,btc,164001712.13147992,0.0,0.0,219
0,[],27,[],2019-05-31 19:28:46,0.0,0,0,7719209,2019-05-31 19:28:46,,261.41644782671324,425794.0,0,btc,15857918.74381025,0.00425794,0.0,219
0,[],28,[],2019-05-31 19:29:41,0.0,0,0,7719210,2019-05-31 19:29:41,,0.0,14162.0,0,,0.0,0.0,0.0,219
1,[],22,[],2019-05-23 16:41:05,172069.0,0.00000004,0.0000000000031167080000000004,7674065,2019-05-23 16:41:05,BTC,56.76466137,0.0,0.00000004,BTC,127061.6482738741,0.0,0.00393676,221
1,[],24,[],2019-05-23 16:41:05,0.0,0.000000010000,0.0000000000007791770000000001,7674066,2019-05-23 16:41:05,btc,0.0,0.0,0.000000010000,btc,0.0,0.0,0.0,221
1,[],20,[],2019-05-31 19:29:43,2435424.0,0.000000001,0.00000000000008417200000000001,7719211,2019-05-31 19:29:43,btc,100053.66203800458,0.0,0.000000001,btc,47932112.8844,0.0,0.002435424,224
0,[],22,[],2019-05-31 19:29:47,0.0,0,0,7719212,2019-05-31 19:29:47,,0.0,0.0,0,,0.0,0.0,0.0,224
1,[],26,[],2019-05-31 19:29:47,0.0,0.00000025,0.000000000021043000000000002,7719213,2019-05-31 19:29:47,btc,0.0,0.0,0.00000025,btc,0.0,0.0,0.0,231
1,[],26,[],2019-05-31 19:29:47,0.0,0.00000006,0.00000000000505032,7719214,2019-05-31 19:29:47,btc,0.0,0.0,0.00000006,btc,0.0,0.0,0.0,234
0.0000000003106004,[],27,[],2019-05-31 19:29:52,100.0,3.1060040000000002e-18,2.6143856868800005e-22,7719215,2019-05-31 19:29:52,eth,0.01134836604,0.0,0.00000001,"btc,eth",11462.996,0.0,3.1060040000000003e-16,234
1,[],4,[],2019-05-22 17:06:12,91780.56053785,0.00000078,0.000000000061977552,7669277,2019-05-22 17:06:12,btc,5.573372450018177,0.0,0.00000078,btc,729173.93529783,0.0,0.0307060663355679,236
1,[],24,[],2019-05-22 17:06:12,0.0,0.000000010000,0.000000000000794584,7669278,2019-05-22 17:06:12,btc,0.0,0.0,0.000000010000,btc,0.0,0.0,0.0,236
1,[],5,[],2019-05-31 19:29:55,0.0,0,0,7719216,2019-05-31 19:29:55,btc,0.0,0.1745892,0,btc,0.0,0.0,0.0,237
1,[],20,[],2019-05-31 19:29:57,118319006.4407,0.000000039,0.0000000000032827080000000003,7719217,2019-05-31 19:29:57,btc,412.7598490292207,3761801.0023,0.000000039,btc,43401723.8039,0.1559685477901,0.4018441517938,237
1,[],22,[],2019-05-31 19:30:00,288100.0,0.00000003,0.00000000000252516,7719218,2019-05-31 19:30:00,BTC,1.20267422,0.0,0.00000003,"BTC,LTC",17930.94871794872,0.0,0.007541,237
1,[],4,[],2019-05-31 19:30:02,26492818.41108264,0.00000012,0.00000000001010064,7719219,2019-05-31 19:30:02,btc,2.850634108540037,0.0,0.00000012,btc,9009257.93659086,0.21774389,0.5101892378760482,238
1,[],5,[],2019-05-31 19:30:03,0.0,0,0,7719220,2019-05-31 19:30:03,btc,0.0,0.00745814,0,btc,0.0,0.0,0.0,238
0,[],22,[],2019-03-12 16:49:32,0.0,0,0,6914458,2019-03-12 16:49:32,,0.40415746,0.0,0,,526736.5639027493,0.0,0.0,249
0,[],22,[],2019-05-28 23:53:45,0.0,0,0,7703643,2019-05-28 23:53:45,,13.44714864,0.0,0,,43777534.3426455,0.0,0.0,252
0,[],28,[],2019-05-31 19:30:53,0.0,0,0,7719221,2019-05-31 19:30:53,,0.0,313065.63905767,0,,0.0,0.0,0.0,256
1,[],22,[],2019-05-31 19:30:56,1023211.0,0.00000001,0.0000000000008417200000000001,7719222,2019-05-31 19:30:56,BTC,31464.5506333,0.0,0.00000001,BTC,584951.6675322719,0.00015955,0.01023211,258
1,[],22,[],2019-05-19 18:12:02,400.0,0.00000001,0.0000000000007957800000000001,7653905,2019-05-19 18:12:02,BTC,2.415167,0.0,0.00000001,BTC,157.0,0.0,4e-06,259
1,[],5,[],2019-05-31 19:30:57,0.0,0,0,7719223,2019-05-31 19:30:57,btc,0.0,0.05715949,0,btc,0.0,0.0,0.0,264
1,[],20,[],2019-05-31 19:30:59,955358.9382,0.000000153,0.000000000012878316000000002,7719224,2019-05-31 19:30:59,btc,0.9761378127969,67630.1221,0.000000153,btc,51736.5911,0.03786089448,0.0075237773946,264
0,[],22,[],2019-04-12 17:57:27,0.0,0,0,7278186,2019-04-12 17:57:27,,66.37522201,0.0,0,,677842.4169881374,0.0,0.0,271
0,[],22,[],2019-05-29 08:10:20,0.0,0,0,7705301,2019-05-29 08:10:20,,33050470.74998113,0.0,0,,14361377780.7,0.0,0.0,272
0,[],28,[],2019-05-29 08:10:54,0.0,0,0,7705302,2019-05-29 08:10:54,,0.0,22189957216.5758,0,,0.0,0.0,0.0,272
1,[],22,[],2019-05-23 07:12:29,219930.0,0.00000004,0.000000000003048688,7671985,2019-05-23 07:12:29,BTC,426.77835217,0.0,0.00000004,BTC,248664.3325962929,0.0,0.00739728,281
1,[],22,[],2019-05-31 19:31:03,379782.43333333335,0.00000004,0.0000000000033668800000000003,7719225,2019-05-31 19:31:03,BTC,31.67316795,0.0,0.00000004,"BTC,LTC",1517559.4569583754,0.00040059,0.01593497,286
0,[],22,[],2019-05-31 19:31:05,0.0,0,0,7719226,2019-05-31 19:31:05,,7337904.96568486,0.0,0,,2004620112.6797826,0.0,0.0,294
