pairValue,buyBook,exchangeId,sellBook,updated,buyTotal,satoshiPrice,usdPrice,exchangeLogId,created,bestPair,sellTotalBtc,volume,pairPrice,activePairs,sellTotal,volumeBtc,buyTotalBtc,coinId
1,[],3,[],2019-02-28 18:33:59,30542.457812244586,0.01255051000000000083201001643828931264579296112060546875,0.000000479399360776,6812248,2019-02-28 18:33:59,btc,60.99331274146964,0.0,0.01255051000000000083201001643828931264579296112060546875,btc,16.013911766169002,0.0,0.33494470543101307,1
1,[],4,[],2019-02-28 18:34:00,208036.02248951,0.01263224,0.000000482521250624,6812249,2019-02-28 18:34:00,btc,9.082132909108147,0.0,0.01263224,btc,252.10790897,0.61501234,2.735505384001142,1
1,[],5,[],2019-02-28 18:34:05,0.0,0,0,6812250,2019-02-28 18:34:05,btc,0.0,0.01874498,0,btc,0.0,0.0,0.0,1
1,[],10,[],2019-02-28 18:34:08,414634.6034089,0.01025992,0.00000039190432019200004,6812251,2019-02-28 18:34:08,btc,6520.940908907878,1817.2709105,0.01025992,btc,991.3291445,0.0,5.240786776465524,1
1,[],12,[],2019-02-28 18:34:11,10447.62184511,0.01255999999999999998390176614293523016385734081268310546875,0.0000004797618560000001,6812252,2019-02-28 18:34:11,btc,0.54671342696,0.0,0.01255999999999999998390176614293523016385734081268310546875,btc,33.92844819,0.2587781669547,0.4713212510807,1
1,[],20,[],2019-02-28 18:34:13,1149.9388,0.01051,0.00000040145677600000005,6812253,2019-02-28 18:34:13,btc,0.0662082325693,0.1076,0.01051,btc,3.0133,0.001130876,0.0864181696215,1
1,[],21,[],2019-02-28 18:34:14,2015.03990926,0.01260073999999999916354909146,0.000000481318026224,6812254,2019-02-28 18:34:14,btc,15.75130215842957,2781.7565949199998,0.01260073999999999916354909146321006119251251220703125,"btc,eth",1610.88893056,30.647494414346177,22.40924920251119,1
1,[],22,[],2019-02-28 18:34:18,0.006382215384615385,0.01300000,0.0000004965688,6812255,2019-02-28 18:34:18,BTC,0.31439419,0.0,0.01300000,BTC,0.12751438772928525,0.00012994,7.978e-05,1
1,[],24,[],2019-02-28 18:34:18,0.0,0.000000000000,0,6812256,2019-02-28 18:34:18,btc,0.0,0.0,0.000000000000,btc,0.0,0.0,0.0,1
0.0,[],25,[],2019-02-28 18:34:19,0.0,0,0,6812257,2019-02-28 18:34:19,btc,28.778699997759404,3425.91377286,0.0,btc,2218.26373464,44.1916,0.0,1
1,[],26,[],2019-02-28 18:34:20,0.0,0,0,6812258,2019-02-28 18:34:20,,0.0,0.0,0,,0.0,0.0,0.0,1
0,[],28,[],2019-02-28 18:34:21,0.0,0,0,6812259,2019-02-28 18:34:21,,0.0,0.0,0,,0.0,0.0,0.0,1
0,[],2,[],2019-01-20 23:28:45,0.0,0,0,6477011,2019-01-20 23:28:45,,0.0,0.0,0,,0.0,0.0,0.0,1
1,[],5,[],2019-02-28 18:34:22,0.0,0,0,6812260,2019-02-28 18:34:22,btc,0.0,0.01829308,0,btc,0.0,0.0,0.0,2
0,[],22,[],2019-02-28 18:34:25,0.0,0,0,6812261,2019-02-28 18:34:25,,0.0,0.0,0,,0.0,0.0,0.0,2
1,[],5,[],2019-02-28 18:34:28,0.0,0,0,6812262,2019-02-28 18:34:28,btc,0.0,0.60805579,0,btc,0.0,0.0,0.0,3
1,[],12,[],2019-02-28 18:34:29,13176836.68319,0.000000174,0.000000000006646382400000001,6812263,2019-02-28 18:34:29,btc,924396.2497714608,0.0,0.000000174,btc,8202633.16165583,0.03654421681652603,0.6525134665162,3
0,[],28,[],2019-02-28 18:34:30,0.0,0,0,6812264,2019-02-28 18:34:30,,0.0,0.0,0,,0.0,0.0,0.0,3
0,[],2,[],2019-01-20 23:31:32,0.0,0,0,6477077,2019-01-20 23:31:32,,0.0,0.0,0,,0.0,0.0,0.0,4
1,[],4,[],2019-02-28 18:34:31,394515.51681416,0.00000033,0.000000000012605208,6812265,2019-02-28 18:34:31,btc,31.98462224995629,0.0,0.00000033,btc,710602.55491406,0.0,0.0533407895458889,4
1,[],12,[],2019-02-22 14:50:14,1367032.5219999999,0.00000003,0.000000000001190475,6759350,2019-02-22 14:50:14,btc,11013869.583570713,0.0,0.00000003,btc,1211697.32371984,0.00024567976024,0.02065290044,5
0,[],2,[],2019-01-20 23:31:51,0.0,0,0,6477087,2019-01-20 23:31:51,,0.0,0.0,0,,0.0,0.0,0.0,6
1,[],11,[],2019-02-28 18:34:32,6414218.5,0.00000002,0.000000000000763952,6812266,2019-02-28 18:34:32,btc,9432.763145092815,663111.0,0.00000002,btc,41598830.57452957,0.0,0.085759205,6
1,[],3,[],2019-02-28 18:34:33,1085.537475048359,0.0001510600000000000072038208731584063571062870323657989501953125,0.0000000057701294560000005,6812267,2019-02-28 18:34:33,btc,26.3363151709563,0.0,0.0001510600000000000072038208731584063571062870323657989501953125,btc,247.537822229004,0.0,0.03339742781632559,7
1,[],4,[],2019-02-28 18:34:34,94209.51384957,0.00023022,0.000000008793851472,6812268,2019-02-28 18:34:34,btc,11.230126279466502,0.0,0.00023022,btc,37186.93522271,2.81730055,5.686256479440532,7
1,[],5,[],2019-02-28 18:34:36,0.0,0,0,6812269,2019-02-28 18:34:36,btc,0.0,0.90872161,0,btc,0.0,0.0,0.0,7
1,[],20,[],2019-02-20 02:16:17,39399275.8418,0.000000001,0.0000000000000390183,6728586,2019-02-20 02:16:17,btc,116.9737569154545,525.0,0.000000001,btc,56932965.8895,5.25e-07,0.0393992758418,8
0,[],2,[],2019-01-20 23:22:42,0.0,0,0,6476876,2019-01-20 23:22:42,,0.0,0.0,0,,0.0,0.0,0.0,9
0,[],23,[],2019-01-20 23:22:48,0.0,0,0,6476878,2019-01-20 23:22:48,,0.0,0.0,0,,0.0,0.0,0.0,9
1,[],4,[],2019-02-28 18:34:39,2010736.97206671,0.00000172,0.00000000006569987200000001,6812270,2019-02-28 18:34:39,btc,6.941373042141779,0.0,0.00000172,btc,2830366.86205025,1.47012936,0.7961664064913638,9
0,[],28,[],2019-02-28 18:34:40,0.0,0,0,6812271,2019-02-28 18:34:40,,0.0,0.0,0,,0.0,0.0,0.0,9
1,[],1,[],2019-02-17 23:31:42,1822507.21,0.00000181000000000000003456111265232042484285557293333113193511962890625,0.000000000066086901,6701244,2019-02-17 23:31:42,btc,3.6990969245,17153386.5,0.00000181000000000000003456111265232042484285557293333113193511962890625,btc,1997391.71,31.11772986,3.2610482446,9
1,[],4,[],2019-02-17 11:22:43,4341674.27126056,0.00000002,0.0000000000007272960000000001,6696112,2019-02-17 11:22:43,btc,0.1997230937751353,0.0,0.00000002,btc,4109766.79808031,0.00215132,0.0479381022052112,10
0,[],2,[],2019-01-20 23:23:08,0.0,0,0,6476890,2019-01-20 23:23:08,,0.0,0.0,0,,0.0,0.0,0.0,12
1,[],4,[],2019-02-28 18:34:41,4339794.62648551,0.00000124,0.000000000047365024000000004,6812272,2019-02-28 18:34:41,btc,10.124094407233883,0.0,0.00000124,btc,5316067.4226322,3.00435192,2.391120612775814,12
1,[],5,[],2019-02-28 18:34:43,0.0,0,0,6812273,2019-02-28 18:34:43,btc,0.0,0.44537048,0,btc,0.0,0.0,0.0,12
0.0,[],25,[],2019-02-28 18:34:44,0.0,0,0,6812274,2019-02-28 18:34:44,,0.0,0.0,0.0,btc,0.0,0.0,0.0,12
1,[],4,[],2019-02-28 18:34:46,31942590.28034375,0.00000561,0.00000000021428853600000002,6812275,2019-02-28 18:34:46,btc,3.101367362214099,0.0,0.00000561,btc,431263.31532413,0.35027601,0.7453785969777121,13
1,[],10,[],2019-02-28 18:34:48,400842.54129187,0.00000559,0.000000000213524584,6812276,2019-02-28 18:34:48,btc,666802.6147171882,4559.41594557,0.00000559,btc,745168.02686516,0.0,0.2582589708069181,13
1,[],21,[],2019-02-28 18:34:49,794375.75276466,0.000005669999999999999923416295344,0.000000000216580392,6812277,2019-02-28 18:34:49,btc,6.191915126258907,305709.90974664,0.000005669999999999999923416295344313908799449563957750797271728515625,btc,978865.97574971,1.76867459,4.191795641335175,13
0,[],17,[],2019-02-28 17:35:16,0.0,0,0,6812012,2019-02-28 17:35:16,btc,0.0,0.0,0,btc,0.0,0.0,0.0,14
1,[],4,[],2019-02-28 18:34:51,700803.19301146,0.00000140,0.000000000053476640000000005,6812278,2019-02-28 18:34:51,btc,370.19315827743196,0.0,0.00000140,btc,862697.12054522,0.13421113,0.1490615627942363,14
1,[],12,[],2019-02-28 18:34:52,216564.5714285,0.0000011400000000000000966436132510128942385563277639448642730712890625,0.00000000004354526400000001,6812279,2019-02-28 18:34:52,btc,5.2867934654691595,0.0,0.0000011400000000000000966436132510128942385563277639448642730712890625,btc,29308.9150441,0.0023244128671912,0.02436955999992,14
1,[],26,[],2019-02-28 18:35:02,0.0,0.00000050,0.000000000019098800000000003,6812280,2019-02-28 18:35:02,btc,0.0,0.0,0.00000050,btc,0.0,0.0,0.0,14
0,[],4,[],2019-02-28 18:35:03,0.0,0,0,6812281,2019-02-28 18:35:03,,0.0,0.0,0,,0.0,0.0,0.0,15
,[],12,[],2018-12-01 15:15:48,204241.84496,0.00000489,0.000000000202473384,5260204,2018-12-01 15:15:48,btc,49.5475654835,0.0,,btc,35763.2193806,0.0163153972027625,0.0203389899998,15
0,[],17,[],2019-02-28 13:36:37,0.0,0,0,6811394,2019-02-28 13:36:37,btc,0.0,0.0,0,btc,0.0,0.0,0.0,18
0,[],2,[],2019-01-20 23:23:38,0.0,0,0,6476906,2019-01-20 23:23:38,,0.0,0.0,0,,0.0,0.0,0.0,18
1,[],4,[],2019-02-28 18:35:05,26023.81156529,0.00001796,0.000000000686028896,6812282,2019-02-28 18:35:05,btc,1.221279477221424,0.0,0.00001796,btc,8873.30766715,0.0298339,0.0843797240917041,18
1,[],10,[],2019-02-28 18:35:08,782808.81661245,0.00001743,0.0000000006657841680000001,6812283,2019-02-28 18:35:08,btc,25.81399268597081,12228.7721481,0.00001743,btc,14493.82391129,0.0,0.1313212908570445,18
1,[],12,[],2019-02-28 18:35:09,193614.31600031,0.0000174999999999999984669381281054967303134617395699024200439453125,0.000000000668458,6812284,2019-02-28 18:35:09,btc,23.630467664812276,0.0,0.0000174999999999999984669381281054967303134617395699024200439453125,btc,1864.03352308,2.88700131796e-05,0.0337555616209214,18
0,[],2,[],2019-01-20 23:24:19,0.0,0,0,6476924,2019-01-20 23:24:19,,0.0,0.0,0,,0.0,0.0,0.0,19
1,[],3,[],2019-02-28 18:35:20,118460.72643361954,0.00002004999999999999946327655653277588498895056545734405517578125,0.0000000007658618800000001,6812285,2019-02-28 18:35:20,btc,0.54488773071046,0.0,0.00002004999999999999946327655653277588498895056545734405517578125,btc,9078.168872553742,0.0,0.032778428598817425,19
1,[],4,[],2019-02-28 18:35:21,521618.38469847,0.00001922,0.0000000007341578720000001,6812286,2019-02-28 18:35:21,btc,1.998430623128593,0.0,0.00001922,btc,70048.76092792,0.34295095,2.4282749157334558,19
1,[],5,[],2019-02-28 18:35:23,0.0,0,0,6812287,2019-02-28 18:35:23,btc,0.0,7.283e-05,0,btc,0.0,0.0,0.0,19
1,[],12,[],2019-02-28 18:35:24,135338.99567611,0.00001894999999999999983069098874466362758539617061614990234375,0.00000000072384452,6812288,2019-02-28 18:35:24,btc,6.899222625771562,0.0,0.00001894999999999999983069098874466362758539617061614990234375,btc,467.01038266,0.0002886132405072,0.1096832000000665,19
0,[],27,[],2019-02-28 18:35:26,0.0,0,0,6812289,2019-02-28 18:35:26,,0.0,0.0,0,btc,0.0,0.0,0.0,19
1,[],4,[],2019-02-28 18:35:27,2815062.46050745,0.00000013,0.0000000000049656880000000005,6812290,2019-02-28 18:35:27,btc,7.374375243100817,0.0,0.00000013,btc,2837852.91225438,0.00030506,0.0810309973314801,20
1,[],4,[],2019-02-28 18:35:29,104036087.13737024,0.00000002,0.000000000000763952,6812291,2019-02-28 18:35:29,btc,1811.5290917618747,0.0,0.00000002,btc,54963988.56172668,0.00031635,1.1684621866280451,21
1,[],12,[],2019-02-28 18:35:29,18207001.0,0.00000002,0.000000000000763952,6812292,2019-02-28 18:35:29,btc,670.3733702334847,0.0,0.00000002,btc,8127598.32857329,1.3e-06,0.23638026,21
0,[],17,[],2019-02-28 18:35:31,0.0,0,0,6812293,2019-02-28 18:35:31,btc,0.0,0.0,0,btc,0.0,0.0,0.0,21
1,[],12,[],2019-02-28 18:35:32,3120125607.6808996,0.0000000002,0.00000000000000763952,6812294,2019-02-28 18:35:32,btc,875865843274.5691,0.0,0.0000000002,btc,4946183664.657781,0.019586686608791214,0.33029640078299044,23
0.00000000035529529999999995,[],27,[],2019-02-28 18:35:34,2000.0,3.552953e-18,1.357142775128e-22,6812295,2019-02-28 18:35:34,eth,1.3829826565934114,0.0,0.00000001,eth,2164879.85514486,0.0,7.105906e-15,23
1,[],4,[],2019-02-28 18:35:35,478091.08996029,0.00000056,0.000000000021390656,6812296,2019-02-28 18:35:35,btc,8.868895118827435,0.0,0.00000056,btc,1518361.76842946,0.00279441,0.1533440839056718,24
1,[],22,[],2019-02-28 18:35:39,11.76,0.00000100,0.000000000038197600000000005,6812297,2019-02-28 18:35:39,BTC,7.415e-05,0.0,0.00000100,BTC,23.919354838709676,0.0,1.176e-05,24
0.0,[],25,[],2019-02-28 18:35:40,0.0,0,0,6812298,2019-02-28 18:35:40,,0.0,0.0,0.0,btc,0.0,0.0,0.0,24
1,[],4,[],2019-02-28 18:35:42,22699921.68386781,0.00000542,0.000000000207030992,6812299,2019-02-28 18:35:42,btc,155.73567953606354,0.0,0.00000542,btc,245765.97147901,0.27016021,0.3793764234159377,26
1,[],10,[],2019-02-28 18:35:45,694091.75759907,0.00000606,0.000000000231477456,6812300,2019-02-28 18:35:45,btc,26.125986585970747,4646.51214087,0.00000606,btc,14052.41016028,0.0,0.2406938030451139,26
0,[],2,[],2019-01-20 23:25:56,0.0,0,0,6476976,2019-01-20 23:25:56,,0.0,0.0,0,,0.0,0.0,0.0,26
1,[],3,[],2019-02-28 18:35:46,5548785.57033568,0.00000001,0.000000000000381976,6812301,2019-02-28 18:35:46,btc,2.2569646723824555,651638.6318,0.00000001,btc,17202495.89669768,0.0,0.0554878557033568,27
1,[],5,[],2019-02-28 18:35:47,0.0,0,0,6812302,2019-02-28 18:35:47,btc,0.0,0.00376492,0,btc,0.0,0.0,0.0,27
1,[],11,[],2019-02-28 18:35:49,9491944.20350207,0.00000005,0.00000000000190988,6812303,2019-02-28 18:35:49,btc,67506.40605986067,169525.403564,0.00000005,btc,8002256.57282965,0.0,0.44249750446473557,27
1,[],4,[],2019-02-28 18:35:50,1520653708.9686902,0.00000002,0.000000000000763952,6812304,2019-02-28 18:35:50,btc,3.0897463363272304,0.0,0.00000002,"btc,ltc",303981881.1151945,0.31209915,12.396982272988355,29
1,[],7,[],2019-02-28 18:35:52,47466687.7215207,0.00000002,0.000000000000763952,6812305,2019-02-28 18:35:52,btc,44462590.767964035,258284.216117,0.00000002,btc,46991509.65157622,0.00774853,0.6188312873043272,29
0,[],17,[],2019-02-28 17:04:04,0.0,0,0,6811673,2019-02-28 17:04:04,btc,0.0,0.0,0,btc,0.0,0.0,0.0,30
1,[],4,[],2019-02-28 18:35:53,1402737.90821221,0.00000026,0.000000000009931376000000001,6812306,2019-02-28 18:35:53,btc,2.3389218872289517,0.0,0.00000026,btc,1559554.56336826,0.01168642,0.0870734373066503,30
1,[],4,[],2019-02-28 18:36:06,112666.49043435,0.00004801,0.0000000018338667760000002,6812307,2019-02-28 18:36:06,btc,5.680572039690924,0.0,0.00004801,btc,68481.49094268,0.63580873,0.6844957528639279,31
1,[],21,[],2019-02-28 18:36:07,70534.42077236,0.00004839999999999999738629213875,0.00000000184876384,6812308,2019-02-28 18:36:07,btc,2.3481365570835093,63778.18309773,0.000048399999999999997386292138745744750849553383886814117431640625,btc,42981.54539141,3.12539881,2.4584114419305085,31
0,[],2,[],2019-01-20 23:28:43,0.0,0,0,6477009,2019-01-20 23:28:43,,0.0,0.0,0,,0.0,0.0,0.0,32
1,[],4,[],2019-02-28 18:36:08,380943898.7583482,0.00000004,0.000000000001527904,6812309,2019-02-28 18:36:08,btc,11.565951946816169,0.0,0.00000004,"btc,ltc",204942669.9344859,0.47309117,8.620566171820876,33
1,[],12,[],2019-02-28 18:36:09,16882733.0,0.00000004,0.000000000001527904,6812310,2019-02-28 18:36:09,btc,35630526.421061166,0.0,0.00000004,btc,90575115.1059527,0.00103815004995,0.54306264,33
1,[],4,[],2019-02-28 18:36:10,121930913.04262756,0.00000001,0.000000000000381976,6812311,2019-02-28 18:36:10,btc,3.9973010376194464,0.0,0.00000001,btc,100005801.2882267,0.03125849,1.2193091304262755,34
1,[],5,[],2019-02-28 18:36:12,0.0,0,0,6812312,2019-02-28 18:36:12,btc,0.0,0.09298277,0,btc,0.0,0.0,0.0,34
0,[],17,[],2019-02-28 18:03:29,0.0,0,0,6812198,2019-02-28 18:03:29,btc,0.07464582822069238,0.0,0,btc,4105386.20243647,0.0,0.0,36
0.0000000001197762,[],4,[],2019-02-28 18:36:14,2445207181.6912947,2.395524e-18,9.15032675424e-23,6812313,2019-02-28 18:36:14,ltc,4.741494499717404e-08,0.0,0.00000002,ltc,5501466963.407516,0.0,3.978196012662728e-09,36
1,[],5,[],2019-02-28 18:36:15,0.0,0,0,6812314,2019-02-28 18:36:15,btc,0.0,0.0,0,btc,0.0,0.0,0.0,36
0.00000000035529529999999995,[],27,[],2019-02-28 18:36:19,1000000.0,3.552953e-18,1.357142775128e-22,6812315,2019-02-28 18:36:19,eth,222.5997971062634,0.0,0.00000001,"ltc,eth",11163566.48751039,0.0,1.202472382e-12,36
1,[],17,[],2019-02-28 13:37:54,1752.74075282,0.00000025,0.000000000009573575,6811430,2019-02-28 13:37:54,btc,0.055484923777095005,0.0,0.00000025,btc,1319.19918473,0.0,0.00043818518820499993,37
1,[],4,[],2019-02-28 18:36:20,282300.68621792,0.00000062,0.000000000023682512000000002,6812316,2019-02-28 18:36:20,btc,19772.499201154293,0.0,0.00000062,btc,567655.35251588,0.02971088,0.1319832679284929,37
1,[],12,[],2019-02-28 18:36:21,464490.67517933,0.00000063,0.000000000024064488,6812317,2019-02-28 18:36:21,btc,1345.9095424306408,0.0,0.00000063,btc,1008265.0352468,0.1261851457610006,0.1121721816940227,37
1,[],27,[],2019-02-28 18:36:23,14685.567,0.00000045,0.00000000001718892,6812318,2019-02-28 18:36:23,btc,25.82160105111233,0.0,0.00000045,btc,6804.86438508,0.0,0.00480032515,37
1,[],5,[],2019-02-28 18:36:25,0.0,0,0,6812319,2019-02-28 18:36:25,btc,0.0,0.00172014,0,btc,0.0,0.0,0.0,42
1,[],12,[],2019-02-28 18:36:26,254541.31854889,0.00000094,0.000000000035905744,6812320,2019-02-28 18:36:26,btc,94.68782488687893,0.0,0.00000094,btc,101534.68163221,0.0887693989818329,0.0599030409044418,42
0.00000000035529529999999995,[],27,[],2019-02-28 18:36:29,2000.0,3.552953e-18,1.357142775128e-22,6812321,2019-02-28 18:36:29,eth,0.00315028,0.0,0.00000001,"btc,eth",11.007,0.0,7.105906e-15,42
0,[],17,[],2019-02-28 17:04:58,0.0,0,0,6811692,2019-02-28 17:04:58,btc,0.0,0.0,0,btc,0.0,0.0,0.0,43
1,[],5,[],2019-02-28 18:36:30,0.0,0,0,6812322,2019-02-28 18:36:30,btc,0.0,0.10381416,0,btc,0.0,0.0,0.0,43
1,[],12,[],2019-02-28 18:36:32,1079271.0,0.00000001,0.000000000000381976,6812323,2019-02-28 18:36:32,btc,3569.629441896553,0.0,0.00000001,btc,12100972.67372626,2.347982018e-06,0.01079271,43
1,[],12,[],2019-02-28 18:36:33,644472.0,0.00000005,0.00000000000190988,6812324,2019-02-28 18:36:33,btc,11116042.727855908,0.0,0.00000005,btc,1102947.40161834,0.0003092945254745,0.01577006,44
1,[],4,[],2019-02-28 18:36:34,290685695.5103865,0.00000002,0.000000000000763952,6812325,2019-02-28 18:36:34,btc,473.61013953979625,0.0,0.00000002,"btc,ltc",12308384.80365541,0.00131157,0.19751143867917287,49
0,[],4,[],2019-02-28 18:36:35,0.0,0,0,6812326,2019-02-28 18:36:35,,25.475336667755524,0.0,0,,10244211751.88683,0.0,0.0,52
0.0000000001257063,[],22,[],2019-02-28 18:36:39,80845862.0,1.257063e-18,4.80167896488e-23,6812327,2019-02-28 18:36:39,XMR,4366.96996713,0.0,0.00000001,XMR,255350310.67882353,0.0,0.80845862,57
0.00000000035529529999999995,[],27,[],2019-02-28 18:36:41,2000.0,3.552953e-18,1.357142775128e-22,6812328,2019-02-28 18:36:41,eth,0.0,0.0,0.00000001,"btc,eth",0.0,0.0,7.105906e-15,57
0,[],17,[],2019-02-28 17:05:18,0.0,0,0,6811700,2019-02-28 17:05:18,btc,1e+24,0.0,0,btc,49306342.21952568,0.0,0.0,58
0.0000000001197762,[],4,[],2019-02-28 18:36:42,1660544438.2391615,4.791048e-18,1.830065350848e-22,6812329,2019-02-28 18:36:42,ltc,18.807184653573014,0.0,0.00000004,ltc,3900570703.1800942,0.00026681,3.51224942951843e-09,58
1,[],12,[],2019-02-28 18:36:43,1619112092.843957,0.0000000004,0.00000000000001527904,6812330,2019-02-28 18:36:43,btc,224005480111.38867,0.0,0.0000000004,btc,3777748447.0424333,0.020543544065134856,0.5227860517011391,58
0.0000000001257063,[],22,[],2019-02-28 18:36:58,137438.0,1.257063e-18,4.80167896488e-23,6812331,2019-02-28 18:36:58,XMR,69.8835922,0.0,0.00000001,XMR,9887963.0,0.0,0.00137438,58
1,[],5,[],2019-02-28 18:37:01,0.0,0,0,6812332,2019-02-28 18:37:01,btc,0.0,0.00169203,0,btc,0.0,0.0,0.0,61
1,[],22,[],2019-02-28 18:37:05,13788.5,0.00000012,0.000000000004583712,6812333,2019-02-28 18:37:05,BTC,1002.29597012,0.0,0.00000012,BTC,14947.700278135757,0.0,0.00155365,61
1,[],26,[],2019-02-28 18:37:05,0.0,0.00000800,0.00000000030558080000000004,6812334,2019-02-28 18:37:05,btc,0.0,0.0,0.00000800,btc,0.0,0.0,0.0,61
1,[],27,[],2019-02-28 18:37:08,2360.118,0.00000045,0.00000000001718892,6812335,2019-02-28 18:37:08,btc,7.7618137596163805,283.432,0.00000045,"btc,eth",20547.11257617,4.93441218546e-13,0.0001995975033934905,61
0,[],28,[],2019-02-28 18:37:48,0.0,0,0,6812336,2019-02-28 18:37:48,,0.0,0.0,0,,0.0,0.0,0.0,61
1,[],4,[],2019-02-28 18:37:49,1496987.77186884,0.00000280,0.00000000010695328000000001,6812337,2019-02-28 18:37:49,btc,11.211036233133315,0.0,0.00000280,btc,791343.8026219,0.08068549,1.5809937768224023,67
0.0,[],25,[],2019-02-28 18:37:50,0.0,0,0,6812338,2019-02-28 18:37:50,,0.0,0.0,0.0,btc,0.0,0.0,0.0,67
1,[],12,[],2019-02-28 18:37:52,1656613.5001516,0.00000019,0.000000000007257544000000001,6812339,2019-02-28 18:37:52,btc,11115999.002186473,0.0,0.00000019,btc,2186724.2610131702,0.0063259117354616,0.0608481664411119,71
,[],5,[],2018-11-20 23:02:39,1.5e-07,0.00000005,0.000000000002128045,4862160,2018-11-20 23:02:39,btc,2.84511358,0.0,,btc,0.00036572,0.0,0.07381892,74
1,[],5,[],2019-02-28 18:37:54,0.0,0,0,6812340,2019-02-28 18:37:54,btc,0.0,0.0,0,btc,0.0,0.0,0.0,75
0,[],20,[],2019-01-25 09:30:31,0.0,0,0,6495923,2019-01-25 09:30:31,btc,0.0,0.0,0,btc,0.0,0.0,0.0,81
1,[],4,[],2019-02-28 18:37:55,16180270.251575,0.00000001,0.000000000000381976,6812341,2019-02-28 18:37:55,btc,11388.6318068588,0.0,0.00000001,btc,34456445.8995017,0.0,0.16180270251575,81
1,[],4,[],2019-02-28 18:37:57,28636.50118074,0.00007507,0.000000002867493832,6812342,2019-02-28 18:37:57,btc,17.74760573860467,0.0,0.00007507,btc,12669.75894486,0.00603693,0.1352879844644838,82
1,[],21,[],2019-02-28 18:37:59,27244.13508724,0.00007467999999999999649353404907,0.0000000028525967680000003,6812343,2019-02-28 18:37:59,btc,2.133242041952699,5845.51267924,0.000074679999999999996493534049069040747781400568783283233642578125,btc,23246.50967744,0.43560699,1.1170106580465171,82
0,[],17,[],2019-02-28 18:38:11,0.0,0,0,6812344,2019-02-28 18:38:11,btc,0.0447233088476774,0.0,0,btc,999127.19588126,0.0,0.0,84
0.0000000001197762,[],4,[],2019-02-28 18:38:12,113512903.34560134,3.593286e-18,1.3725490131360002e-22,6812345,2019-02-28 18:38:12,ltc,1.782832168794414,0.0,0.00000003,ltc,398881213.10967857,0.0,2.1870771826740353e-10,85
,[],22,[],2018-11-20 23:09:34,3408.1,0.0000001,0.0000000000041895,4862324,2018-11-20 23:09:34,BTC,0.04624735,0.0,,BTC,4990.0,0.0,0.00033081,86
0,[],22,[],2019-02-22 12:52:35,0.0,0,0,6758847,2019-02-22 12:52:35,,2.0760781,0.0,0,,140622.94736842104,0.0,0.0,87
0,[],27,[],2019-02-22 12:52:37,0.0,0,0,6758848,2019-02-22 12:52:37,,0.0,0.0,0,btc,0.0,0.0,0.0,87
,[],2,[],2018-11-20 23:10:47,0.0,0,0,4862359,2018-11-20 23:10:47,,0.0,0.0,,,0.0,0.0,0.0,88
1,[],11,[],2019-02-28 18:38:15,90333.05457381,0.00014112000000000000411726208682239303016103804111480712890625,0.0000000053904453120000004,6812346,2019-02-28 18:38:15,btc,609.4514073164247,1680.53856918,0.00014112000000000000411726208682239303016103804111480712890625,btc,97516.41641283,0.0,5.866644314655242,89
0,[],2,[],2019-01-20 23:31:45,0.0,0,0,6477083,2019-01-20 23:31:45,,0.0,0.0,0,,0.0,0.0,0.0,91
0,[],17,[],2019-02-28 17:43:05,0.0,0,0,6812056,2019-02-28 17:43:05,btc,0.0,0.0,0,btc,0.0,0.0,0.0,91
1,[],12,[],2019-02-28 18:38:16,465928.01454790996,0.000001560000000000000098813643899242631363222244544886052608489990234375,0.00000000005958825600000001,6812347,2019-02-28 18:38:16,btc,4.361387283786247,0.0,0.000001560000000000000098813643899242631363222244544886052608489990234375,btc,59920.22679684,9.994006004e-06,0.0786829519938467,91
0,[],22,[],2019-02-28 18:38:19,0.0,0,0,6812348,2019-02-28 18:38:19,,3e-06,0.0,0,,1.0,0.0,0.0,91
0.0000000001197762,[],22,[],2019-02-28 18:38:22,1520600.0,7.186572e-18,2.7450980262720004e-22,6812349,2019-02-28 18:38:22,LTC,8.53161599,0.0,0.00000006,LTC,71994962.1,0.0,0.091236,95
0.0000000001197762,[],4,[],2019-02-28 18:38:23,646332400.07109,7.4261244e-17,2.8366012938144002e-21,6812350,2019-02-28 18:38:23,ltc,11.885879407563175,0.0,0.00000062,ltc,136621224.3803981,0.0,1.8495961095950545e-09,96
0,[],12,[],2019-02-28 18:38:25,0.0,0,0,6812351,2019-02-28 18:38:25,btc,255076.9668640679,0.0,0,btc,8739616.94636337,0.0023627672327673,0.0,96
0,[],17,[],2019-02-28 18:38:27,0.0,0,0,6812352,2019-02-28 18:38:27,btc,0.0,0.0,0,btc,0.0,0.0,0.0,96
1,[],4,[],2019-02-28 18:38:28,1362582.26577562,0.00000030,0.000000000011459280000000001,6812353,2019-02-28 18:38:28,btc,2.8261590557932945,0.0,0.00000030,btc,2357310.33686487,0.00314231,0.1014982765946135,99
0,[],2,[],2019-01-20 23:23:55,0.0,0,0,6476914,2019-01-20 23:23:55,,0.0,0.0,0,,0.0,0.0,0.0,100
1,[],4,[],2019-02-28 18:38:29,383225.91793379,0.00004546,0.0000000017364628960000001,6812354,2019-02-28 18:38:29,btc,12.019706989884048,0.0,0.00004546,btc,164188.47431545,2.07741214,4.374858908949617,100
1,[],22,[],2019-02-28 18:38:33,50000.0,0.00000001,0.000000000000381976,6812355,2019-02-28 18:38:33,BTC,23.49896609,0.0,0.00000001,BTC,10277.22,0.0,0.0005,101
1,[],4,[],2019-02-28 18:38:35,486143.25185071,0.00000088,0.000000000033613888,6812356,2019-02-28 18:38:35,btc,256.29940275920666,0.0,0.00000088,btc,488575.95752427,0.00982288,0.2516168155457266,103
1,[],12,[],2019-02-28 18:38:37,61068432.9,0.00000001,0.000000000000381976,6812357,2019-02-28 18:38:37,btc,137278937.27170223,0.0,0.00000001,btc,125181687.6301671,0.01795642336528792,0.20095723000000001,105
1,[],27,[],2019-02-28 18:38:40,462856.89,0.00000001,0.000000000000381976,6812358,2019-02-28 18:38:40,btc,36.58422120075966,0.0,0.00000001,btc,531915.56793212,0.0,0.0046285689,105
1,[],22,[],2019-02-28 18:38:43,9328.0,0.00000001,0.000000000000381976,6812359,2019-02-28 18:38:43,BTC,51.10837004,0.0,0.00000001,BTC,470435.0,0.0,9.328e-05,107
1,[],26,[],2019-02-28 18:38:43,0.0,0.00000000,0,6812360,2019-02-28 18:38:43,btc,0.0,0.0,0.00000000,btc,0.0,0.0,0.0,107
1,[],5,[],2019-02-28 18:38:45,0.0,0,0,6812361,2019-02-28 18:38:45,btc,0.0,0.02618784,0,btc,0.0,0.0,0.0,112
1,[],22,[],2019-02-28 18:38:48,1966.0,0.00000001,0.000000000000381976,6812362,2019-02-28 18:38:48,BTC,2.81183288,0.0,0.00000001,BTC,808524.0833333334,0.0,1.966e-05,112
0.00000000035529529999999995,[],27,[],2019-02-28 18:38:51,2000.0,3.552953e-18,1.357142775128e-22,6812363,2019-02-28 18:38:51,eth,1.35132491849924,0.0,0.00000001,"btc,eth",1328.641654,0.0,7.105906e-15,112
1,[],4,[],2019-02-28 18:38:52,411518.3831225,0.00000275,0.0000000001050434,6812364,2019-02-28 18:38:52,btc,7.541312503257467,0.0,0.00000275,btc,322961.32679906,0.03990017,0.1744180333988794,113
1,[],5,[],2019-02-28 18:38:55,0.0,0,0,6812365,2019-02-28 18:38:55,btc,0.0,0.03457626,0,btc,0.0,0.0,0.0,113
0,[],27,[],2019-02-28 18:38:57,0.0,0,0,6812366,2019-02-28 18:38:57,,0.0,0.0,0,btc,0.0,0.0,0.0,116
1,[],17,[],2019-02-28 17:15:14,152738.278,0.00000004,0.00000000000152702,6811859,2019-02-28 17:15:14,btc,1.33680302678,0.0,0.00000004,btc,50696.221,0.0,0.0022095311199999998,116
1,[],4,[],2019-02-28 18:38:59,209852.08042163,0.00002575,0.0000000009835882000000002,6812367,2019-02-28 18:38:59,btc,83.64004042236084,0.0,0.00002575,btc,99665.79539594,2.01681452,1.669343421343991,120
1,[],7,[],2019-02-28 18:39:00,21486.04756273,0.00001542000000000000144097407617227446507968124933540821075439453125,0.0000000005890069920000001,6812368,2019-02-28 18:39:00,btc,115647.76120457661,659.38634347,0.00001542000000000000144097407617227446507968124933540821075439453125,btc,56304.82936872,0.01201786,0.056351181097403,120
1,[],20,[],2019-02-28 18:39:03,1488673.4309,0.000000039,0.0000000000014897064,6812369,2019-02-28 18:39:03,btc,32.2920358142772,6408.4429,0.000000039,btc,949484.1857,0.0002910112836,0.0097763564056,125
1,[],22,[],2019-02-28 18:39:07,3053.0,0.00000001,0.000000000000381976,6812370,2019-02-28 18:39:07,BTC,0.01444887,0.0,0.00000001,BTC,296263.5111111111,0.0,3.053e-05,126
0,[],2,[],2019-01-20 23:25:46,0.0,0,0,6476969,2019-01-20 23:25:46,,0.0,0.0,0,,0.0,0.0,0.0,131
1,[],4,[],2019-02-28 18:39:08,2648549.2328852,0.00001360,0.0000000005194873600000001,6812371,2019-02-28 18:39:08,btc,6.381641705219702,0.0,0.00001360,btc,119918.81865092,0.45907019,0.2516263308890438,131
0,[],17,[],2019-02-28 18:39:20,0.0,0,0,6812372,2019-02-28 18:39:20,btc,0.0009561751951600001,0.0,0,btc,35.42829368,0.0,0.0,131
1,[],4,[],2019-02-28 18:39:21,4555.78382861,0.00016001,0.000000006111997976,6812373,2019-02-28 18:39:21,btc,1.6201322943001488,0.0,0.00016001,btc,238.12730989,0.00051462,0.0082138372144618,135
1,[],3,[],2019-02-28 17:48:40,1024913.8877684299,0.00000004,0.0000000000015273360000000001,6812080,2019-02-28 17:48:40,btc,0.6351930129087457,260.0,0.00000004,btc,2364505.75112032,0.0,0.033059678173701895,136
1,[],4,[],2019-02-28 18:39:22,266534.54036384,0.00000166,0.00000000006340801600000001,6812374,2019-02-28 18:39:22,btc,38.98928834382661,0.0,0.00000166,btc,581842.43252785,0.02017399,0.080806840564221,137
1,[],12,[],2019-02-28 18:39:24,322750.81088918,0.00000172999999999999995347796898081949024117420776747167110443115234375,0.000000000066081848,6812375,2019-02-28 18:39:24,btc,11807.602246932613,0.0,0.00000172999999999999995347796898081949024117420776747167110443115234375,btc,125471.08894887,0.0054937711911045,0.0682725601641412,137
0,[],28,[],2019-02-28 17:52:59,0.0,0,0,6812089,2019-02-28 17:52:59,,0.0,0.0,0,,0.0,0.0,0.0,142
1,[],4,[],2019-02-28 18:39:26,99586.92381026,0.00003183,0.0000000012158296080000002,6812376,2019-02-28 18:39:26,btc,28.67732148123187,0.0,0.00003183,btc,39870.17467466,0.11922046,0.3792481887758778,142
1,[],5,[],2019-02-28 18:39:28,0.0,0,0,6812377,2019-02-28 18:39:28,btc,0.0,0.44777343,0,btc,0.0,0.0,0.0,142
1,[],17,[],2019-02-28 18:39:30,22967.386363640002,0.00000088,0.000000000033613888,6812378,2019-02-28 18:39:30,btc,20.0699133528365,0.0,0.00000088,btc,2746.079105,0.0,0.0104613000000032,142
1,[],20,[],2019-02-28 18:39:31,132956.8903,0.00002513,0.000000000959905688,6812379,2019-02-28 18:39:31,btc,0.3033232130579,19.3542,0.00002513,btc,1336.4908,0.00060925516,0.2257987447377,142
1,[],22,[],2019-02-28 18:39:35,1685.8988921568628,0.00004000,0.0000000015279040000000001,6812380,2019-02-28 18:39:35,BTC,3.00385504,0.0,0.00004000,BTC,891.218,0.0,0.00174536,142
0.0,[],25,[],2019-02-28 18:39:36,0.0,0,0,6812381,2019-02-28 18:39:36,,0.0,0.0,0.0,btc,0.0,0.0,0.0,142
0,[],22,[],2019-02-28 17:53:25,0.0,0,0,6812090,2019-02-28 17:53:25,,60.72280694,0.0,0,,696341446.3,0.0,0.0,143
0,[],22,[],2019-02-25 15:42:22,0.0,0,0,6783783,2019-02-25 15:42:22,,4.2131946,0.0,0,,2322156.0,0.0,0.0,146
,[],22,[],2018-11-20 23:01:11,0.0,0,0,4862114,2018-11-20 23:01:11,,2.56807021,0.0,,,61828.4988236,0.0,0.0,147
1,[],12,[],2019-02-28 17:08:19,218097.14513986,0.00000250000000000000020450763478507827386465578456409275531768798828125,0.00000000009604650000000002,6811753,2019-02-28 17:08:19,btc,16.61414493911147,0.0,0.00000250000000000000020450763478507827386465578456409275531768798828125,btc,117104.24335616,0.0007375,0.0247327799999912,148
1,[],4,[],2019-02-28 17:53:27,245619.74504268,0.00000032,0.000000000012218688000000001,6812091,2019-02-28 17:53:27,btc,219.96754745565943,0.0,0.00000032,btc,800822.7951546,0.00038709,0.0582338765710576,152
0,[],22,[],2019-02-28 17:53:38,0.0,0,0,6812092,2019-02-28 17:53:38,,0.0,0.0,0,,0.0,0.0,0.0,152
1,[],5,[],2019-02-28 17:08:26,0.0,0,0,6811756,2019-02-28 17:08:26,btc,0.0,0.0,0,btc,0.0,0.0,0.0,153
,[],16,[],2019-01-11 15:38:59,0.0,0,0,6366141,2019-01-11 15:38:59,btc,0.0,0.0,,btc,0.0,0.0,0.0,155
0,[],23,[],2019-01-20 23:24:29,0.0,0,0,6476932,2019-01-20 23:24:29,,0.0,0.0,0,,0.0,0.0,0.0,156
0,[],22,[],2019-02-28 17:53:48,0.0,0,0,6812093,2019-02-28 17:53:48,,6.74829967,0.0,0,,4646626.747643097,0.0,0.0,156
1,[],22,[],2019-02-28 17:54:14,7073.8,0.00005300,0.0000000020237202,6812094,2019-02-28 17:54:14,BTC,1.80343699,0.0,0.00005300,BTC,899.6422341958436,0.0,0.00104336,157
0,[],22,[],2019-02-28 17:54:37,0.0,0,0,6812095,2019-02-28 17:54:37,,50175.68008609,0.0,0,,54479136.04179466,0.0,0.0,158
,[],17,[],2018-11-20 22:56:10,0.0,0,0,4861976,2018-11-20 22:56:10,btc,1.1265625,0.0,,btc,1000.0,0.0,0.0,159
,[],20,[],2018-11-20 22:56:12,0.0,0,0,4861977,2018-11-20 22:56:12,btc,11912.7940471,0.0,,btc,34413894.3617,0.0,0.0,159
1,[],17,[],2019-02-28 17:08:40,29784.95,0.000001,0.0000000000384186,6811761,2019-02-28 17:08:40,btc,0.03026736251542,0.0,0.000001,btc,144.46171372,0.0,0.00716147,168
1,[],12,[],2019-02-28 17:54:39,181924.77608592,0.0000071899999999999997699301305942309880947505007497966289520263671875,0.000000000274538646,6812096,2019-02-28 17:54:39,btc,6.642946785148245,0.0,0.0000071899999999999997699301305942309880947505007497966289520263671875,btc,13705.27413222,0.0087747522971432,0.094464146225472,168
0,[],22,[],2019-02-28 17:08:43,0.0,0,0,6811762,2019-02-28 17:08:43,,1.1341504,0.0,0,,539283.174707144,0.0,0.0,169
1,[],22,[],2019-02-28 17:08:47,203600.0,0.00000002,0.000000000000768372,6811763,2019-02-28 17:08:47,BTC,13.2501524,0.0,0.00000002,BTC,144336.2939341018,0.0,0.002072,171
1,[],22,[],2019-02-28 17:08:50,1404714.0,0.00000003,0.0000000000011525580000000001,6811764,2019-02-28 17:08:50,BTC,2.19752822,0.0,0.00000003,BTC,242323.72389025902,2.4e-06,0.02490464,173
1,[],5,[],2019-02-28 17:54:46,0.0,0,0,6812097,2019-02-28 17:54:46,btc,0.0,0.05631829,0,btc,0.0,0.0,0.0,175
1,[],22,[],2019-02-28 17:55:12,45904.0,0.0000003,0.000000000011455020000000001,6812098,2019-02-28 17:55:12,BTC,0.52955903,0.0,0.0000003,BTC,143368.41384013777,0.0,0.0052148,176
1,[],7,[],2019-02-28 17:55:14,0.0,0,0,6812099,2019-02-28 17:55:14,btc,410932.5273358376,0.0,0,btc,117801559.31901672,0.0,0.0,178
0,[],22,[],2019-02-28 17:55:26,0.0,0,0,6812100,2019-02-28 17:55:26,,1.00242428,0.0,0,,57512.0,0.0,0.0,178
0,[],2,[],2019-01-20 23:28:34,0.0,0,0,6477001,2019-01-20 23:28:34,,0.0,0.0,0,,0.0,0.0,0.0,178
0,[],23,[],2019-01-20 23:25:08,0.0,0,0,6476952,2019-01-20 23:25:08,,0.0,0.0,0,,0.0,0.0,0.0,179
1,[],5,[],2019-02-28 17:55:28,0.0,0,0,6812101,2019-02-28 17:55:28,btc,0.0,0.0938619,0,btc,0.0,0.0,0.0,179
1,[],22,[],2019-02-28 17:55:55,6961684.0,0.00000002,0.0000000000007636680000000001,6812102,2019-02-28 17:55:55,BTC,5.6311133,0.0,0.00000002,"BTC,LTC",17083809.756535422,0.00255564,0.3741744,179
1,[],17,[],2019-02-28 17:55:57,10504.725,0.0000001,0.00000000000381834,6812103,2019-02-28 17:55:57,btc,5.201069583844944,0.0,0.0000001,btc,5033.45945,0.0,0.0010504725,180
1,[],22,[],2019-02-28 17:56:47,134380.4,0.00000150,0.000000000057275100000000003,6812104,2019-02-28 17:56:47,BTC,0.23538833,0.0,0.00000150,"BTC,LTC",79924.47314885251,0.00447157,0.00302419,180
1,[],26,[],2019-02-28 17:56:47,0.0,0.00000160,0.00000000006109344,6812105,2019-02-28 17:56:47,btc,0.0,0.0,0.00000160,btc,0.0,0.0,0.0,180
,[],7,[],2018-11-20 22:58:01,562227.975654,0.00000085,0.000000000036176765,4862015,2018-11-20 22:58:01,btc,21836.6059674,2491.87645172,,btc,749999.041456,0.00211021,0.127565380455,183
,[],5,[],2019-01-10 08:11:41,0.0,0,0,6347036,2019-01-10 08:11:41,btc,82.15055501,0.00261,,btc,1.19002445,0.0,0.0,187
,[],17,[],2018-11-16 20:58:10,4062536.27273,0.00000001,0.000000000000550501,4708775,2018-11-16 20:58:10,btc,3.36492563466,0.195460381006,,"btc,eth",110697919.549,0.0,0.0157628953496,187
1,[],24,[],2019-02-28 17:56:48,0.0,0.000000000001,3.81834e-17,6812106,2019-02-28 17:56:48,btc,0.0,0.0,0.000000000001,btc,0.0,0.0,0.0,187
0,[],22,[],2019-02-27 04:05:17,0.0,0,0,6799309,2019-02-27 04:05:17,,1.19374396,0.0,0,,16308.869534405507,0.0,0.0,191
0,[],22,[],2019-02-28 17:09:36,0.0,0,0,6811774,2019-02-28 17:09:36,,0.0,0.0,0,,0.0,0.0,0.0,197
0,[],23,[],2019-01-20 23:31:41,0.0,0,0,6477079,2019-01-20 23:31:41,,0.0,0.0,0,,0.0,0.0,0.0,199
0,[],22,[],2019-02-28 17:56:59,0.0,0,0,6812107,2019-02-28 17:56:59,,5.19477622,0.0,0,,21058553.0,0.0,0.0,199
1,[],26,[],2019-02-28 17:56:59,0.0,0.00000000,0,6812108,2019-02-28 17:56:59,btc,0.0,0.0,0.00000000,btc,0.0,0.0,0.0,199
0,[],17,[],2019-01-30 16:32:01,0.0,0,0,6540827,2019-01-30 16:32:01,btc,6.802544163788159,0.0,0,btc,105897.55575295,0.0,0.0,200
0,[],2,[],2019-01-20 23:30:49,0.0,0,0,6477059,2019-01-20 23:30:49,,0.0,0.0,0,,0.0,0.0,0.0,201
1,[],4,[],2019-01-25 15:51:35,2084389.58565343,0.00000936,0.000000000333526752,6499557,2019-01-25 15:51:35,btc,2.0092503037378524,0.0,0.00000936,btc,160195.80207885,0.19272417,1.242687955921835,211
1,[],7,[],2019-02-28 17:57:03,2449326.98058839,0.00000137000000000000001212029608621545406776931486092507839202880859375,0.000000000052311258,6812109,2019-02-28 17:57:03,btc,15476836.568088138,1352801.96314,0.00000137000000000000001212029608621545406776931486092507839202880859375,btc,13335008.6353143,0.0,2.469397285340483,212
1,[],12,[],2019-01-25 02:44:32,207462.42853209,0.000001080000000000000035831255497387193287295303889550268650054931640625,0.000000000038610756000000006,6493050,2019-01-25 02:44:32,btc,85023.03793723314,0.0,0.000001080000000000000035831255497387193287295303889550268650054931640625,btc,43675.73520027,0.000146250909087,0.0348620860622024,213
1,[],5,[],2019-02-28 17:57:05,0.0,0,0,6812110,2019-02-28 17:57:05,btc,0.0,0.33284567,0,btc,0.0,0.0,0.0,213
1,[],24,[],2019-02-28 17:57:05,0.0,0.000000110000,0.000000000004200174,6812111,2019-02-28 17:57:05,btc,0.0,0.0,0.000000110000,btc,0.0,0.0,0.0,213
1,[],26,[],2019-02-28 17:57:05,0.0,0.00000010,0.00000000000381834,6812112,2019-02-28 17:57:05,btc,0.0,0.0,0.00000010,btc,0.0,0.0,0.0,213
1,[],22,[],2019-02-28 17:57:33,29544.0,0.00000002,0.0000000000007636680000000001,6812113,2019-02-28 17:57:33,BTC,2.22730776,0.0,0.00000002,BTC,474814.3963726171,0.00254518,0.00030003,216
1,[],27,[],2019-02-28 17:57:37,6248602.0,0.00000003,0.000000000001145502,6812114,2019-02-28 17:57:37,btc,316.25826073644,2699.005988,0.00000003,"btc,ltc",235048.907,0.00032388,0.03377204001208031,216
1,[],22,[],2019-02-28 17:58:13,219258.2070459645,0.00000212,0.000000000080948808,6812115,2019-02-28 17:58:13,BTC,12673.42436754,0.0,0.00000212,BTC,379106.44691532286,0.04077564,0.29163717,217
1,[],7,[],2019-02-28 17:58:14,0.0,0,0,6812116,2019-02-28 17:58:14,btc,77969.77488735563,0.0,0,btc,137043486.5550253,0.0,0.0,219
0,[],27,[],2019-02-28 17:58:16,0.0,0,0,6812117,2019-02-28 17:58:16,,0.0740438339680921,0.0,0,btc,1536429.20709513,0.0,0.0,219
0,[],28,[],2019-02-28 17:59:25,0.0,0,0,6812118,2019-02-28 17:59:25,,0.0,0.0,0,,0.0,0.0,0.0,219
1,[],22,[],2019-02-28 17:10:27,273665.0,0.00000003,0.0000000000011525580000000001,6811787,2019-02-28 17:10:27,BTC,2.94533216,0.0,0.00000003,BTC,114179.27041875875,0.0,0.00739665,221
1,[],24,[],2019-02-28 17:10:27,0.0,0.000000200000,0.00000000000768372,6811788,2019-02-28 17:10:27,btc,0.0,0.0,0.000000200000,btc,0.0,0.0,0.0,221
1,[],20,[],2019-02-28 17:59:28,40748456.2707,0.000000001,0.0000000000000381834,6812119,2019-02-28 17:59:28,btc,48.238454715312,101498.1409,0.000000001,btc,13447893.9365,0.0002029962818,0.0407484562707,224
0,[],22,[],2019-02-28 17:59:34,0.0,0,0,6812120,2019-02-28 17:59:34,,0.0,0.0,0,,0.0,0.0,0.0,224
1,[],26,[],2019-02-28 17:59:34,0.0,0.00000035,0.000000000013364190000000001,6812121,2019-02-28 17:59:34,btc,0.0,0.0,0.00000035,btc,0.0,0.0,0.0,231
1,[],26,[],2019-02-28 17:59:35,0.0,0.00000006,0.000000000002291004,6812122,2019-02-28 17:59:35,btc,0.0,0.0,0.00000006,btc,0.0,0.0,0.0,234
0.0000000003559799,[],27,[],2019-02-28 17:59:38,2000.0,3.5597990000000006e-18,1.3592522913660003e-22,6812123,2019-02-28 17:59:38,eth,0.0113483662182,0.0,0.00000001,"btc,eth",11462.99618,0.0,7.119598e-15,234
1,[],4,[],2019-02-28 17:59:39,872916.51774208,0.00000072,0.000000000027492048000000003,6812124,2019-02-28 17:59:39,btc,4.475830658895137,0.0,0.00000072,btc,1193579.31594049,0.07276795,0.2437320729055798,236
1,[],24,[],2019-02-28 17:59:39,0.0,0.000000300000,0.000000000011455020000000001,6812125,2019-02-28 17:59:39,btc,0.0,0.0,0.000000300000,btc,0.0,0.0,0.0,236
1,[],20,[],2019-02-28 17:59:40,156669165.7772,0.000000061,0.0000000000023291874000000002,6812126,2019-02-28 17:59:40,btc,10.8050056384483,47751829.9645,0.000000061,btc,44575820.5242,2.9319110521644,0.7722087809155,237
0.0000000001198444,[],22,[],2019-02-28 17:59:47,14400.0,1.1984440000000001e-17,4.576066662960001e-22,6812127,2019-02-28 17:59:47,LTC,0.0413973,0.0,0.0000001,LTC,7239.0,0.0,0.00144,237
1,[],4,[],2019-02-28 17:59:48,7373210.08376931,0.00000033,0.000000000012600522000000001,6812128,2019-02-28 17:59:48,btc,6.399504429495584,0.0,0.00000033,btc,9733674.64968573,0.34810747,1.622856309607788,238
1,[],5,[],2019-02-28 17:59:49,0.0,0,0,6812129,2019-02-28 17:59:49,btc,0.0,0.00027996,0,btc,0.0,0.0,0.0,238
0,[],22,[],2019-02-28 17:10:49,0.0,0,0,6811800,2019-02-28 17:10:49,,0.41356282,0.0,0,,316008.5639027493,0.0,0.0,249
0.0000000001198444,[],22,[],2019-02-28 17:59:55,7086463.666666667,3.595332e-18,1.3728199988880001e-22,6812130,2019-02-28 17:59:55,LTC,0.54612258,0.0,0.00000003,LTC,19705315.09,1.24520728488e-13,0.21159693,252
0,[],28,[],2019-02-28 18:01:04,0.0,0,0,6812131,2019-02-28 18:01:04,,0.0,0.0,0,,0.0,0.0,0.0,256
1,[],22,[],2019-02-28 18:01:07,1053354.0,0.00000001,0.00000000000038183400000000004,6812132,2019-02-28 18:01:07,BTC,31.47160001,0.0,0.00000001,BTC,670687.0957866946,0.0002009,0.01053354,258
1,[],22,[],2019-02-28 17:11:27,48751.0,0.00000001,0.000000000000384186,6811804,2019-02-28 17:11:27,BTC,2.4175745,0.0,0.00000001,BTC,1762.0,0.0,0.00048751,259
1,[],5,[],2019-02-28 18:01:09,0.0,0,0,6812133,2019-02-28 18:01:09,btc,0.0,0.07556932,0,btc,0.0,0.0,0.0,264
1,[],20,[],2019-02-28 18:01:11,1219547.5057,0.00000227,0.000000000086676318,6812134,2019-02-28 18:01:11,btc,7.2708971115218,51591.3676,0.00000227,btc,100158.6057,0.1691684813435,0.0169959068379,264
0,[],22,[],2019-02-28 17:11:35,0.0,0,0,6811807,2019-02-28 17:11:35,,8.33272543,0.0,0,,413548.34411321935,0.0,0.0,271
0,[],22,[],2019-02-28 17:11:38,0.0,0,0,6811808,2019-02-28 17:11:38,,271.16935057,0.0,0,,14411474420.692,0.0,0.0,272
0,[],28,[],2019-02-28 17:11:58,0.0,0,0,6811809,2019-02-28 17:11:58,,0.0,0.0,0,,0.0,0.0,0.0,272
1,[],22,[],2019-02-28 17:12:03,118226.72913043479,0.00000460,0.00000000017672556000000002,6811810,2019-02-28 17:12:03,BTC,74.20234185,0.0,0.00000460,"BTC,LTC",8368.517743939856,5.544e-05,0.05631272,281
1,[],22,[],2019-02-28 18:01:15,863814.5,0.00000002,0.0000000000007636680000000001,6812135,2019-02-28 18:01:15,BTC,1.33226952,0.0,0.00000002,BTC,135417.6655455173,0.000288,0.01714417,286
0,[],22,[],2019-02-28 17:12:11,0.0,0,0,6811812,2019-02-28 17:12:11,,43636.50072801,0.0,0,,443352170.0,0.0,0.0,294
