pairValue,buyBook,exchangeId,sellBook,updated,buyTotal,satoshiPrice,usdPrice,exchangeLogId,created,bestPair,sellTotalBtc,volume,pairPrice,activePairs,sellTotal,volumeBtc,buyTotalBtc,coinId
1,[],3,[],2019-05-29 19:05:53,74.798143923957,0.0107254900000000007176392813335041864775121212005615234375,0.0000009303193496590001,7708281,2019-05-29 19:05:53,btc,0.14152067662109197,45.8795143383,0.0107254900000000007176392813335041864775121212005615234375,btc,12.421578263446,0.0,0.344824557152744,1
1,[],4,[],2019-05-29 19:05:53,207683.20215048,0.01090013,0.000000945467466083,7708282,2019-05-29 19:05:53,btc,7.918246297393796,0.0,0.01090013,btc,321.40511148,1.64842038,0.6208536413038014,1
1,[],5,[],2019-05-29 19:05:56,0.0,0,0,7708283,2019-05-29 19:05:56,btc,0.0,0.00202979,0,btc,0.0,0.0,0.0,1
1,[],10,[],2019-05-29 19:05:57,312375.91982132,0.00666227,0.000000577879303757,7708284,2019-05-29 19:05:57,btc,6520.9774266174845,1048.54187711,0.00666227,btc,1287.2316691,0.0,2.3542604410643535,1
1,[],12,[],2019-05-29 19:05:59,78.03163133,0.01085999999999999986177723343416801071725785732269287109375,0.000000941986626,7708285,2019-05-29 19:05:59,btc,0.1790945132204,0.0,0.01085999999999999986177723343416801071725785732269287109375,btc,15.55249716,0.057411955003,0.30282037774639997,1
1,[],20,[],2019-05-29 19:06:01,972.954,0.00920041,0.000000798035283031,7708286,2019-05-29 19:06:01,btc,0.2222017875131,26.0834,0.00920041,btc,17.2046,0.2671939006588,0.1042147198283,1
1,[],21,[],2019-05-29 19:06:08,1815.82027948,0.01092005000000000058957283500,0.000000947195308955,7708287,2019-05-29 19:06:08,btc,7.003094274680604,4224.52907488,0.01092005000000000058957283499694312922656536102294921875,"btc,eth",980.62784377,43.92151843034389,16.22223105759452,1
1,[],22,[],2019-05-29 19:06:12,0.0025666666666666667,0.00900000,0.0000007806519,7708288,2019-05-29 19:06:12,BTC,0.31629903,0.0,0.00900000,BTC,0.2505752479991019,0.0,2.31e-05,1
1,[],24,[],2019-05-29 19:06:12,0.0,0.000000000000,0,7708289,2019-05-29 19:06:12,btc,0.0,0.0,0.000000000000,btc,0.0,0.0,0.0,1
0.0,[],25,[],2019-05-29 19:06:13,0.0,0,0,7708290,2019-05-29 19:06:13,btc,14.549999998956988,9914.61205831,0.0,btc,1241.9594336,108.3676,0.0,1
1,[],26,[],2019-05-29 19:06:15,0.0,0,0,7708291,2019-05-29 19:06:15,,0.0,0.0,0,,0.0,0.0,0.0,1
0,[],28,[],2019-05-29 19:07:01,0.0,0,0,7708292,2019-05-29 19:07:01,,0.0,355489.15,0,,0.0,0.0,0.0,1
0,[],2,[],2019-01-20 23:28:45,0.0,0,0,6477011,2019-01-20 23:28:45,,0.0,0.0,0,,0.0,0.0,0.0,1
1,[],5,[],2019-05-29 19:07:02,0.0,0,0,7708293,2019-05-29 19:07:02,btc,0.0,0.02331351,0,btc,0.0,0.0,0.0,2
1,[],22,[],2019-05-29 19:07:07,11638.0,0.0000002,0.00000000001734782,7708294,2019-05-29 19:07:07,BTC,21.00897301,0.0,0.0000002,"BTC,XMR",20678.87287795317,0.0,0.00145435,2
1,[],5,[],2019-05-29 19:07:09,0.0,0,0,7708295,2019-05-29 19:07:09,btc,0.0,0.040698,0,btc,0.0,0.0,0.0,3
1,[],12,[],2019-05-29 19:07:10,2553167.69013,0.000000098,0.0000000000085004318,7708296,2019-05-29 19:07:10,btc,4516.598565487943,0.0,0.000000098,btc,3356880.74128563,0.052022871329,0.19956109063274,3
0,[],28,[],2019-05-29 19:07:12,0.0,0,0,7708297,2019-05-29 19:07:12,,0.0,0.0,0,,0.0,0.0,0.0,3
0,[],2,[],2019-01-20 23:31:32,0.0,0,0,6477077,2019-01-20 23:31:32,,0.0,0.0,0,,0.0,0.0,0.0,4
1,[],4,[],2019-05-18 21:29:50,562734.9206932,0.00000010,0.000000000007298720000000001,7650946,2019-05-18 21:29:50,btc,41.9347137769675,0.0,0.00000010,btc,1123702.32192634,0.00052462,0.029254593370966,4
0,[],12,[],2019-05-29 19:07:13,0.0,0,0,7708298,2019-05-29 19:07:13,btc,625.8515339849951,0.0,0,btc,1069352.4995005,0.0,0.0,5
0,[],2,[],2019-01-20 23:31:51,0.0,0,0,6477087,2019-01-20 23:31:51,,0.0,0.0,0,,0.0,0.0,0.0,6
1,[],11,[],2019-05-29 19:07:15,13718441.776736,0.00000002,0.000000000001734782,7708299,2019-05-29 19:07:15,btc,9578.196894606304,69400.0,0.00000002,btc,59627110.54660394,0.0,0.22991398276736,6
1,[],3,[],2019-05-29 19:07:16,12607.21808567379,0.0000888800000000000028389790518446034184307791292667388916015625,0.000000007709371208,7708300,2019-05-29 19:07:16,btc,0.13637619335058904,176.533509258,0.0000888800000000000028389790518446034184307791292667388916015625,btc,241.752952764518,0.0,0.025062453638562285,7
1,[],4,[],2019-05-29 19:07:18,332802.7282506,0.00008797,0.000000007630438627,7708301,2019-05-29 19:07:18,btc,9.09326828700272,0.0,0.00008797,btc,54499.20332523,3.85999682,2.640188225004172,7
1,[],5,[],2019-05-29 19:07:19,0.0,0,0,7708302,2019-05-29 19:07:19,btc,0.0,0.60917477,0,btc,0.0,0.0,0.0,7
1,[],20,[],2019-04-07 22:06:50,3201475.0482,0.000000001,0.000000000000051590000000000004,7213932,2019-04-07 22:06:50,btc,30.8005781811902,0.0,0.000000001,btc,23077405.3926,0.0,0.0032014750482,8
0,[],2,[],2019-01-20 23:22:42,0.0,0,0,6476876,2019-01-20 23:22:42,,0.0,0.0,0,,0.0,0.0,0.0,9
0,[],23,[],2019-01-20 23:22:48,0.0,0,0,6476878,2019-01-20 23:22:48,,0.0,0.0,0,,0.0,0.0,0.0,9
1,[],4,[],2019-05-29 19:07:22,21229032.76464425,0.00000049,0.000000000042502159,7708303,2019-05-29 19:07:22,btc,3.3921462396787936,0.0,0.00000049,btc,3293054.79884888,0.24819061,0.6146653049168596,9
0,[],28,[],2019-05-29 19:07:52,0.0,0,0,7708304,2019-05-29 19:07:52,,0.0,3570305.0,0,,0.0,0.0,0.0,9
1,[],1,[],2019-02-17 23:31:42,1822507.21,0.00000181000000000000003456111265232042484285557293333113193511962890625,0.000000000066086901,6701244,2019-02-17 23:31:42,btc,3.6990969245,17153386.5,0.00000181000000000000003456111265232042484285557293333113193511962890625,btc,1997391.71,31.11772986,3.2610482446,9
1,[],4,[],2019-02-17 11:22:43,4341674.27126056,0.00000002,0.0000000000007272960000000001,6696112,2019-02-17 11:22:43,btc,0.1997230937751353,0.0,0.00000002,btc,4109766.79808031,0.00215132,0.0479381022052112,10
0,[],2,[],2019-01-20 23:23:08,0.0,0,0,6476890,2019-01-20 23:23:08,,0.0,0.0,0,,0.0,0.0,0.0,12
1,[],4,[],2019-05-29 19:07:53,8209930.6396294,0.00000047,0.000000000040767377,7708305,2019-05-29 19:07:53,btc,4.663022365184276,0.0,0.00000047,btc,4793780.92698506,0.56630821,1.3722267461602848,12
1,[],5,[],2019-05-29 19:07:54,0.0,0,0,7708306,2019-05-29 19:07:54,btc,0.0,0.03429808,0,btc,0.0,0.0,0.0,12
0.0,[],25,[],2019-05-29 19:07:56,0.0,0,0,7708307,2019-05-29 19:07:56,,0.0,0.0,0.0,btc,0.0,0.0,0.0,12
1,[],4,[],2019-05-29 19:07:57,323363.19814025,0.00000560,0.00000000048573896,7708308,2019-05-29 19:07:57,btc,1.8452607989055505,0.0,0.00000560,btc,236454.99282009,0.66901307,0.4465466433753708,13
1,[],10,[],2019-05-29 19:07:59,651289.5085178,0.00000573,0.000000000497015043,7708309,2019-05-29 19:07:59,btc,666803.2528661516,4882.22911393,0.00000573,btc,861007.87998913,0.0,0.239439017379873,13
1,[],21,[],2019-05-29 19:08:09,1906066.32075012,0.000005810000000000000277070033583,0.000000000503954171,7708310,2019-05-29 19:08:09,btc,2.461342835330501,280095.71411592,0.00000581000000000000027707003358301562911947257816791534423828125,btc,379090.17068404,1.63358027,8.028529971471812,13
1,[],4,[],2019-05-29 19:08:09,779166.51644194,0.00000078,0.000000000067656498,7708311,2019-05-29 19:08:09,btc,4.155050548172525,0.0,0.00000078,btc,856624.55718752,0.00650501,0.03988039875497,14
1,[],12,[],2019-05-29 19:08:11,135974.57262593,0.00000076,0.000000000065921716,7708312,2019-05-29 19:08:11,btc,14.134740699291841,0.0,0.00000076,btc,21632.5685685,0.000408651119,0.016165299999963,14
1,[],26,[],2019-05-29 19:10:11,0.0,0.00000050,0.00000000004336955,7708313,2019-05-29 19:10:11,btc,0.0,0.0,0.00000050,btc,0.0,0.0,0.0,14
0,[],17,[],2019-05-03 00:53:32,0.0,0,0,7558876,2019-05-03 00:53:32,btc,0.0,0.0,0,btc,0.0,0.0,0.0,14
0,[],4,[],2019-05-29 19:10:11,0.0,0,0,7708314,2019-05-29 19:10:11,,0.0,0.0,0,,0.0,0.0,0.0,15
,[],12,[],2018-12-01 15:15:48,204241.84496,0.00000489,0.000000000202473384,5260204,2018-12-01 15:15:48,btc,49.5475654835,0.0,,btc,35763.2193806,0.0163153972027625,0.0203389899998,15
0,[],2,[],2019-01-20 23:23:38,0.0,0,0,6476906,2019-01-20 23:23:38,,0.0,0.0,0,,0.0,0.0,0.0,18
1,[],4,[],2019-05-29 19:10:13,35677.41199175,0.00001123,0.000000000974080093,7708315,2019-05-29 19:10:13,btc,0.9665893074943142,0.0,0.00001123,btc,10653.84719441,0.04611681,0.0935056087536575,18
1,[],10,[],2019-05-29 19:10:15,486852.20221974,0.00001175,0.000000001019184425,7708316,2019-05-29 19:10:15,btc,15.350285885055351,9977.25652653,0.00001175,btc,13939.52676761,0.0,0.0727886181272522,18
1,[],12,[],2019-05-29 19:10:16,3303.15539934,0.00001069999999999999919816744131662034078544820658862590789794921875,0.0000000009281083699999999,7708317,2019-05-29 19:10:16,btc,0.399688551311396,0.0,0.00001069999999999999919816744131662034078544820658862590789794921875,btc,1355.34716176,0.000229937613,0.0123711420057714,18
0,[],17,[],2019-05-03 00:53:39,0.0,0,0,7558882,2019-05-03 00:53:39,btc,0.0,0.0,0,btc,0.0,0.0,0.0,18
0,[],2,[],2019-01-20 23:24:19,0.0,0,0,6476924,2019-01-20 23:24:19,,0.0,0.0,0,,0.0,0.0,0.0,19
1,[],3,[],2019-05-29 19:12:17,149128.58526689906,0.00000832999999999999986657374384524388233330682851374149322509765625,0.000000000722536703,7708318,2019-05-29 19:12:17,btc,0.21471521672972127,3754.77071591,0.00000832999999999999986657374384524388233330682851374149322509765625,btc,4955.4539852464795,0.0,0.048615517693808,19
1,[],4,[],2019-05-29 19:12:18,519994.22963793,0.00000818,0.000000000709525838,7708319,2019-05-29 19:12:18,btc,3.3011332163994354,0.0,0.00000818,btc,147424.88168912,0.3861849,0.5123717092308899,19
1,[],5,[],2019-05-29 19:12:19,0.0,0,0,7708320,2019-05-29 19:12:19,btc,0.0,4.596e-05,0,btc,0.0,0.0,0.0,19
1,[],12,[],2019-05-29 19:12:20,15136.8688903,0.00000711999999999999959310326147488012793473899364471435546875,0.0000000006175823919999999,7708321,2019-05-29 19:12:20,btc,0.0587570798117831,0.0,0.00000711999999999999959310326147488012793473899364471435546875,btc,1927.18082631,0.001258391112,0.0272603599996567,19
0,[],27,[],2019-05-29 19:12:27,0.0,0,0,7708322,2019-05-29 19:12:27,,0.0,0.0,0,btc,0.0,0.0,0.0,19
1,[],4,[],2019-05-29 19:12:28,10062076.88478525,0.00000007,0.000000000006071737,7708323,2019-05-29 19:12:28,btc,6.411239436602338,0.0,0.00000007,btc,2322306.93095912,0.0,0.1174938176872809,20
1,[],4,[],2019-05-29 19:12:29,72092660.2473748,0.00000001,0.000000000000867391,7708324,2019-05-29 19:12:29,btc,1741.6003611411804,0.0,0.00000001,btc,66860224.21973631,0.00010803,0.7209266024737481,21
1,[],12,[],2019-05-29 19:12:30,2418456.0,0.00000001,0.000000000000867391,7708325,2019-05-29 19:12:30,btc,1010.9711713328372,0.0,0.00000001,btc,5961673.6413586205,0.00023811,0.02418456,21
0,[],17,[],2019-05-03 00:53:51,0.0,0,0,7558891,2019-05-03 00:53:51,btc,0.0,0.0,0,btc,0.0,0.0,0.0,21
1,[],12,[],2019-05-29 19:14:31,5471154416.0,0.0000000003,0.00000000000002602173,7708326,2019-05-29 19:14:31,btc,708410087.2184174,0.0,0.0000000003,btc,2985596002.2037964,0.141185349161,1.1715918525,23
0.0000000003120085,[],27,[],2019-05-29 19:14:37,157160570.72788173,9.360255e-18,8.119000944704999e-22,7708327,2019-05-29 19:14:37,eth,1177.1572467657966,200301810.47773707,0.00000003,eth,71252234.87966673,1.874876021681635e-09,1.188772410215992e-09,23
1,[],4,[],2019-05-29 19:14:38,1872487.64675887,0.00000018,0.000000000015613038,7708328,2019-05-29 19:14:38,btc,13.46097125551298,0.0,0.00000018,btc,2126735.49332477,0.01262027,0.0588881156844515,24
1,[],22,[],2019-05-29 19:14:41,21.76,0.00000100,0.0000000000867391,7708329,2019-05-29 19:14:41,BTC,7.415e-05,0.0,0.00000100,BTC,23.919354838709676,0.0,1.186e-05,24
0.0,[],25,[],2019-05-29 19:14:43,0.0,0,0,7708330,2019-05-29 19:14:43,,0.0,0.0,0.0,btc,0.0,0.0,0.0,24
1,[],4,[],2019-05-29 19:14:44,7643117.47698316,0.00000481,0.000000000417215071,7708331,2019-05-29 19:14:44,btc,15.162346257902989,0.0,0.00000481,btc,253778.95822609,0.23844824,0.2786844174074094,26
1,[],10,[],2019-05-29 19:14:47,150078.76785107,0.00000509,0.00000000044150201900000004,7708332,2019-05-29 19:14:47,btc,25.510736688207547,6242.44867003,0.00000509,btc,22233.52842185,0.0,0.0385999243513154,26
0,[],2,[],2019-01-20 23:25:56,0.0,0,0,6476976,2019-01-20 23:25:56,,0.0,0.0,0,,0.0,0.0,0.0,26
1,[],5,[],2019-04-26 09:47:06,0.0,0,0,7465326,2019-04-26 09:47:06,btc,0.0,0.0,0,btc,0.0,0.0,0.0,27
1,[],3,[],2019-05-29 19:14:47,18706194.0,0.00000001,0.000000000000867391,7708333,2019-05-29 19:14:47,btc,3.6504539970880003,15988259.4094,0.00000001,btc,22225760.30512515,0.0,0.18706194,27
1,[],11,[],2019-05-29 19:14:49,1070969.08157834,0.00000002,0.000000000001734782,7708334,2019-05-29 19:14:49,btc,67503.02945665807,19676.5543251,0.00000002,btc,6590405.9414731,0.0,0.0107207058157834,27
1,[],4,[],2019-05-29 19:14:50,1103519605.851011,0.00000001,0.000000000000867391,7708335,2019-05-29 19:14:50,btc,4.857151695692641,0.0,0.00000001,"btc,ltc",294424906.77781385,0.38876549,7.420669901758788,29
1,[],7,[],2019-05-29 19:14:52,85534659.40740813,0.00000001,0.000000000000867391,7708336,2019-05-29 19:14:52,btc,46548272.110380374,0.0,0.00000001,btc,35005339.137237206,0.0,0.8553465940740813,29
0,[],17,[],2019-05-03 01:11:25,0.0,0,0,7559066,2019-05-03 01:11:25,btc,0.0,0.0,0,btc,0.0,0.0,0.0,30
1,[],4,[],2019-05-29 19:14:52,15326421.98568213,0.00000007,0.000000000006071737,7708337,2019-05-29 19:14:52,btc,2.7063370263132565,0.0,0.00000007,btc,2098940.37659337,0.00259396,0.1722914248765775,30
1,[],4,[],2019-05-29 19:16:53,1267414.55659472,0.00004507,0.000000003909331237,7708338,2019-05-29 19:16:53,btc,3.676215306721316,0.0,0.00004507,btc,46359.06978377,0.87850101,1.8407410090563436,31
1,[],21,[],2019-05-29 19:17:02,86278.60164013,0.00004462000000000000308423425688,0.000000003870298642000001,7708339,2019-05-29 19:17:02,btc,5.3878674158054185,279081.22231894,0.000044620000000000003084234256878204405438737012445926666259765625,btc,106776.27152445,12.69878212,3.544939042779143,31
0,[],2,[],2019-01-20 23:28:43,0.0,0,0,6477009,2019-01-20 23:28:43,,0.0,0.0,0,,0.0,0.0,0.0,32
1,[],12,[],2019-03-30 07:55:10,40641173.964,0.00000003,0.000000000001228359,7108785,2019-03-30 07:55:10,btc,4233210.82356125,0.0,0.00000003,btc,28378394.68333462,0.0126927883965248,0.90752895892,33
0,[],4,[],2019-05-29 19:17:04,0.0,0,0,7708340,2019-05-29 19:17:04,,0.0,0.0,0,,0.0,0.0,0.0,33
0.0000000001351047,[],4,[],2019-05-29 19:17:05,510404567.5484082,2.702094e-17,2.3437720167540002e-21,7708341,2019-05-29 19:17:05,ltc,3.505636119081519,0.0,0.0000002,ltc,154226464.7286136,0.0,2.1063639919359806e-09,34
1,[],5,[],2019-05-29 19:17:07,0.0,0,0,7708342,2019-05-29 19:17:07,btc,0.0,0.0,0,btc,0.0,0.0,0.0,34
0.0000000002926451,[],17,[],2019-05-02 18:17:47,200000.0,2.9264510000000002e-18,1.596703856561e-22,7556430,2019-05-02 18:17:47,eth,0.20942468735267253,0.0,0.00000001,"btc,eth",1018272.20243647,0.0,5.852902e-13,36
0.0000000001351047,[],4,[],2019-05-29 19:17:08,59384001.42676589,1.351047e-18,1.1718860083770001e-22,7708343,2019-05-29 19:17:08,ltc,5.166753510379418e-08,0.0,0.00000001,ltc,7087906061.087266,0.0,8.023057697562778e-11,36
1,[],5,[],2019-05-29 19:17:10,0.0,0,0,7708344,2019-05-29 19:17:10,btc,0.0,0.0,0,btc,0.0,0.0,0.0,36
0.0000000003120085,[],27,[],2019-05-29 19:19:16,11629411.226876,6.24017e-18,5.41266729647e-22,7708345,2019-05-29 19:19:16,eth,1680.0545384871332,995768549.773124,0.00000002,"ltc,eth",5808600.62557775,6.0376850343041905e-09,4.1339373187365136e-11,36
1,[],17,[],2019-05-03 01:11:36,211752.74075282,0.00000025,0.000000000013700074999999998,7559074,2019-05-03 01:11:36,btc,0.055484923955058496,0.0,0.00000025,"btc,eth",1387.19918473,0.0,0.0005381851887916605,37
1,[],4,[],2019-05-29 19:19:19,9992083.50545612,0.00000019,0.000000000016480429,7708346,2019-05-29 19:19:19,btc,19772.53863858946,0.0,0.00000019,btc,723277.14561044,0.01549426,0.1443925875663131,37
1,[],12,[],2019-05-29 19:19:20,3750161.36528572,0.00000019,0.000000000016480429,7708347,2019-05-29 19:19:20,btc,8.356074847984758,0.0,0.00000019,btc,956181.02125406,0.026907618134,0.1818987561442866,37
1,[],27,[],2019-05-29 19:21:25,6187.0,0.00000016,0.000000000013878256,7708348,2019-05-29 19:21:25,btc,24.11463822903233,0.0,0.00000016,btc,5792.59438508,0.0,0.00076392,37
1,[],5,[],2019-05-29 19:21:27,0.0,0,0,7708349,2019-05-29 19:21:27,btc,0.0,0.0600873,0,btc,0.0,0.0,0.0,42
1,[],12,[],2019-05-29 19:21:28,129290.79329413,0.00000087,0.00000000007546301700000001,7708350,2019-05-29 19:21:28,btc,24.76154769360999,0.0,0.00000087,btc,71296.51105406,0.005620261043,0.042641729999964,42
1,[],27,[],2019-05-29 19:21:36,506.0,0.00000002,0.000000000001734782,7708351,2019-05-29 19:21:36,btc,0.39085425,0.0,0.00000002,"btc,eth",735.0,0.0,6.00000032779613e-06,42
1,[],12,[],2019-03-13 09:13:29,1112112.0,0.00000001,0.000000000000386531,6919902,2019-03-13 09:13:29,btc,29058.00478931866,0.0,0.00000001,btc,5967681.93306694,9.99000999e-07,0.01112112,43
1,[],5,[],2019-04-26 22:38:52,0.0,0,0,7474154,2019-04-26 22:38:52,btc,0.0,0.02638891,0,btc,0.0,0.0,0.0,43
0,[],17,[],2019-04-26 22:38:53,0.0,0,0,7474155,2019-04-26 22:38:53,btc,0.0,0.0,0,btc,0.0,0.0,0.0,43
1,[],12,[],2019-03-05 01:54:08,639326.02,0.00000004,0.000000000001486676,6845775,2019-03-05 01:54:08,btc,11116042.728239931,0.0,0.00000004,btc,1103841.4595604,0.0003330765234764,0.014975410599999999,44
1,[],4,[],2019-05-29 19:21:37,115353312.38169633,0.00000001,0.000000000000867391,7708352,2019-05-29 19:21:37,btc,291324.21927306737,0.0,0.00000001,"btc,ltc",27238812.69631178,0.00086545,0.0788333517576039,49
0.0000000001351047,[],4,[],2019-05-29 19:21:38,175205718.54914424,4.1882457e-17,3.6328466259687e-21,7708353,2019-05-29 19:21:38,ltc,22049.951059193758,0.0,0.00000031,ltc,158196712.7659786,0.0,1.3423786026032464e-09,52
0,[],22,[],2019-05-29 19:21:41,0.0,0,0,7708354,2019-05-29 19:21:41,,10289.55991011,0.0,0,,308568058.4566013,0.0,0.0,57
1,[],27,[],2019-05-29 19:21:50,2297.0,0.0000003,0.00000000002602173,7708355,2019-05-29 19:21:50,btc,0.0,0.0,0.0000003,"btc,eth",0.0,0.0,0.0003891,57
1,[],17,[],2019-05-03 01:12:09,1200000.0,0.0000000001,0.00000000000000548003,7559085,2019-05-03 01:12:09,btc,1e+24,0.0,0.0000000001,"btc,eth",39516342.31952568,0.0,0.00010000000058666061,58
0.0000000001351047,[],4,[],2019-05-29 19:21:50,2662802551.956109,1.351047e-18,1.1718860083770001e-22,7708356,2019-05-29 19:21:50,ltc,19.26387230180801,0.0,0.00000001,ltc,5784416102.343987,0.0,3.597571399412645e-09,58
1,[],12,[],2019-05-29 19:21:52,1094947395.0,0.0000000001,0.00000000000000867391,7708357,2019-05-29 19:21:52,btc,2182493.1906502484,0.0,0.0000000001,btc,2556903551.7965307,0.001051262174,0.10949473950000001,58
0.00000000010888180000000001,[],22,[],2019-05-29 19:23:55,126877.0,1.088818e-18,9.444309338380001e-23,7708358,2019-05-29 19:23:55,XMR,68.17454206,0.0,0.00000001,XMR,9626402.6,0.0,0.00126877,58
1,[],5,[],2019-05-29 19:23:56,0.0,0,0,7708359,2019-05-29 19:23:56,btc,0.0,4.499e-05,0,btc,0.0,0.0,0.0,61
1,[],22,[],2019-05-29 19:23:59,13613.833333333334,0.00000012,0.000000000010408692,7708360,2019-05-29 19:23:59,BTC,1002.29123003,0.0,0.00000012,BTC,15014.200177125656,0.0,0.00153269,61
1,[],26,[],2019-05-29 19:23:59,0.0,0.00000050,0.00000000004336955,7708361,2019-05-29 19:23:59,btc,0.0,0.0,0.00000050,btc,0.0,0.0,0.0,61
1,[],27,[],2019-05-29 19:24:06,8450.0,0.0000002,0.00000000001734782,7708362,2019-05-29 19:24:06,btc,1.9582485601246655,0.0,0.0000002,"btc,eth",11379.41563696,0.0,0.001522,61
0,[],28,[],2019-05-29 19:24:55,0.0,0,0,7708363,2019-05-29 19:24:55,,0.0,735.0,0,,0.0,0.0,0.0,61
1,[],4,[],2019-05-29 19:24:56,947693.95654655,0.00000079,0.000000000068523889,7708364,2019-05-29 19:24:56,btc,2.56753172343788,0.0,0.00000079,btc,838726.11857179,0.03858436,0.5456756906032845,67
0.0,[],25,[],2019-05-29 19:24:58,0.0,0,0,7708365,2019-05-29 19:24:58,,0.0,0.0,0.0,btc,0.0,0.0,0.0,67
1,[],12,[],2019-05-29 19:24:59,815390.0,0.00000005,0.000000000004336955,7708366,2019-05-29 19:24:59,btc,5.169506276483514,0.0,0.00000005,btc,774961.02897099,0.000101716583,0.01780066,71
,[],5,[],2018-11-20 23:02:39,1.5e-07,0.00000005,0.000000000002128045,4862160,2018-11-20 23:02:39,btc,2.84511358,0.0,,btc,0.00036572,0.0,0.07381892,74
1,[],5,[],2019-05-29 19:25:01,0.0,0,0,7708367,2019-05-29 19:25:01,btc,0.0,0.02753179,0,btc,0.0,0.0,0.0,75
0,[],4,[],2019-05-25 21:33:44,0.0,0,0,7686249,2019-05-25 21:33:44,,133656.37989170782,0.0,0,,33439209.5909442,0.0,0.0,81
0,[],20,[],2019-01-25 09:30:31,0.0,0,0,6495923,2019-01-25 09:30:31,btc,0.0,0.0,0,btc,0.0,0.0,0.0,81
1,[],4,[],2019-05-29 19:25:04,39238.05152007,0.00013500,0.000000011709778500000001,7708368,2019-05-29 19:25:04,btc,22.821045626826375,0.0,0.00013500,btc,8901.41780121,1.52287561,1.7799314013793965,82
1,[],21,[],2019-05-29 19:25:05,50254.4484002,0.0001221799999999999991086296891,0.000000010597783238,7708369,2019-05-29 19:25:05,btc,35.6740951598053,312825.94681059,0.0001221799999999999991086296891040774426073767244815826416015625,btc,194223.83906804,36.51820325,4.661458941028817,82
0,[],17,[],2019-03-25 22:42:34,0.0,0,0,7038780,2019-03-25 22:42:34,btc,0.0445064681804024,0.0,0,btc,995513.18476001,0.0,0.0,84
0.0000000001161485,[],4,[],2019-05-20 13:09:39,216715621.0206096,1.161485e-18,9.0533806701e-23,7657228,2019-05-20 13:09:39,ltc,1.6511566870244727,0.0,0.00000001,ltc,471032407.9048656,0.0,2.5171194308112273e-10,85
,[],22,[],2018-11-20 23:09:34,3408.1,0.0000001,0.0000000000041895,4862324,2018-11-20 23:09:34,BTC,0.04624735,0.0,,BTC,4990.0,0.0,0.00033081,86
1,[],22,[],2019-05-29 19:25:08,65156.0,0.00000001,0.000000000000867391,7708370,2019-05-29 19:25:08,BTC,1.45108405,0.0,0.00000001,BTC,214587.29736842104,0.0,0.00065156,87
1,[],27,[],2019-05-29 19:25:21,70160.0,0.00000004,0.000000000003469564,7708371,2019-05-29 19:25:21,btc,5.374446318036,98305.819,0.00000004,btc,148127.67341,0.00393223,0.0013416,87
,[],2,[],2018-11-20 23:10:47,0.0,0,0,4862359,2018-11-20 23:10:47,,0.0,0.0,,,0.0,0.0,0.0,88
1,[],11,[],2019-05-29 19:25:24,204965.57313145,0.000080010000000000001366302904148852803700719960033893585205078125,0.000000006939995391,7708372,2019-05-29 19:25:24,btc,186.44294681503973,306.10332115,0.000080010000000000001366302904148852803700719960033893585205078125,btc,238469.96425104,0.0,2.213901534994227,89
0,[],2,[],2019-01-20 23:31:45,0.0,0,0,6477083,2019-01-20 23:31:45,,0.0,0.0,0,,0.0,0.0,0.0,91
1,[],12,[],2019-05-29 18:20:05,198761.65920903,0.00000029,0.000000000025203580999999997,7708059,2019-05-29 18:20:05,btc,87.63914255677014,0.0,0.00000029,btc,109016.45555554,0.001139979861,0.0103387218999958,91
1,[],22,[],2019-05-29 18:22:10,75910.55,0.0000002,0.00000000001738178,7708060,2019-05-29 18:22:10,BTC,0.495,0.0,0.0000002,"BTC,LTC",4.95,0.0,0.00165931,91
0,[],17,[],2019-05-03 01:12:26,0.0,0,0,7559096,2019-05-03 01:12:26,btc,0.0,0.0,0,btc,0.0,0.0,0.0,91
1,[],22,[],2019-04-09 20:17:52,374949.73333333334,0.00000015,0.000000000007771935,7235704,2019-04-09 20:17:52,BTC,6.87372503,0.0,0.00000015,"BTC,LTC",159980.01196797504,1.1e-05,0.80510266,95
0,[],17,[],2019-05-03 01:12:32,0.0,0,0,7559100,2019-05-03 01:12:32,btc,0.0,0.0,0,btc,0.0,0.0,0.0,96
0.0000000001351047,[],4,[],2019-05-29 19:25:25,541836280.9479811,3.1074081e-17,2.6953378192671003e-21,7708373,2019-05-29 19:25:25,ltc,11.34681950842519,0.0,0.00000023,ltc,152923774.0163669,0.0,8.683308546438125e-10,96
0,[],12,[],2019-05-29 19:25:26,0.0,0,0,7708374,2019-05-29 19:25:26,btc,10.51050228037962,0.0,0,btc,7843678.03796204,0.0,0.0,96
1,[],4,[],2019-04-14 03:32:46,1039404.33283278,0.00000038,0.000000000019245518,7293458,2019-04-14 03:32:46,btc,4.170086055365747,0.0,0.00000038,btc,3097704.34561074,0.06260606,0.1859928211030784,99
0,[],2,[],2019-01-20 23:23:55,0.0,0,0,6476914,2019-01-20 23:23:55,,0.0,0.0,0,,0.0,0.0,0.0,100
1,[],4,[],2019-05-29 19:27:27,201153.49059999,0.00001726,0.000000001497116866,7708375,2019-05-29 19:27:27,btc,7.034937568478036,0.0,0.00001726,btc,136561.40839102,0.28323019,0.3245602918693385,100
1,[],22,[],2019-05-29 19:27:30,150000.0,0.00000002,0.000000000001734782,7708376,2019-05-29 19:27:30,BTC,24.83526409,0.0,0.00000002,BTC,11187.719,0.0,0.0017,101
1,[],4,[],2019-05-29 19:27:31,529102.23920868,0.00000159,0.000000000137915169,7708377,2019-05-29 19:27:31,btc,361.9721346779638,0.0,0.00000159,btc,560946.30994159,0.06447347,0.1580793454766207,103
1,[],12,[],2019-05-29 19:27:32,143723981.83268034,0.000000004,0.0000000000003469564,7708378,2019-05-29 19:27:32,btc,2395.494476691695,0.0,0.000000004,btc,62717349.53297204,0.018386951384,0.18415302533072142,105
0,[],27,[],2019-05-29 19:27:37,0.0,0,0,7708379,2019-05-29 19:27:37,,0.3177856223531397,266369.915,0,btc,784407.35947933,0.0026637,0.0,105
1,[],22,[],2019-04-21 00:17:26,21333.0,0.00000001,0.000000000000532493,7385819,2019-04-21 00:17:26,BTC,51.38182867,0.0,0.00000001,BTC,470435.0,0.0,0.00021333,107
1,[],26,[],2019-04-21 00:17:26,0.0,0.00000000,0,7385820,2019-04-21 00:17:26,btc,0.0,0.0,0.00000000,btc,0.0,0.0,0.0,107
1,[],5,[],2019-05-29 19:27:38,0.0,0,0,7708380,2019-05-29 19:27:38,btc,0.0,0.0,0,btc,0.0,0.0,0.0,112
0,[],22,[],2019-05-29 19:27:41,0.0,0,0,7708381,2019-05-29 19:27:41,,6.79726681,0.0,0,,3375892.0833333335,0.0,0.0,112
1,[],27,[],2019-05-29 19:27:46,1.0,0.00000001,0.000000000000867391,7708382,2019-05-29 19:27:46,btc,1.15032588,0.0,0.00000001,"btc,eth",1818.0,0.0,1e-08,112
1,[],4,[],2019-05-29 19:27:47,282961.12706771,0.00000086,0.000000000074595626,7708383,2019-05-29 19:27:47,btc,5.707540454611007,0.0,0.00000086,btc,592529.23091469,0.05122589,0.1754707618405283,113
1,[],5,[],2019-05-29 19:27:49,0.0,0,0,7708384,2019-05-29 19:27:49,btc,0.0,0.0,0,btc,0.0,0.0,0.0,113
1,[],17,[],2019-04-26 02:17:47,162738.278,0.00000004,0.0000000000021069000000000002,7461287,2019-04-26 02:17:47,btc,1.3331140273775473,0.0,0.00000004,btc,51796.221,0.0,0.00230953112,116
1,[],27,[],2019-05-22 05:13:01,210000.0,0.00000001,0.00000000000079145,7666372,2019-05-22 05:13:01,btc,3919.0005001478,0.0,0.00000001,btc,128660.871,0.0,0.0021,116
1,[],4,[],2019-05-21 22:31:11,138169.03963019,0.00000701,0.000000000558364025,7664793,2019-05-21 22:31:11,btc,150.95388250938234,0.0,0.00000701,btc,344631.17141974,0.07552974,0.4288357684941946,120
1,[],7,[],2019-05-21 22:31:12,3901.07750076,0.000010679999999999999389654892212320191902108490467071533203125,0.0000000008506887,7664794,2019-05-21 22:31:12,btc,231188.94669936574,0.0,0.000010679999999999999389654892212320191902108490467071533203125,btc,4133.83151364,0.0,0.0113888422364489,120
1,[],20,[],2019-04-07 18:42:29,1914137.0852,0.000000035,0.0000000000017871910000000002,7211992,2019-04-07 18:42:29,btc,32.2497668025648,25528.85,0.000000035,btc,1001975.4986,0.00089350975,0.0152723574729,125
1,[],22,[],2019-05-29 19:27:51,10000.0,0.00000001,0.000000000000867391,7708385,2019-05-29 19:27:51,BTC,0.032061,0.0,0.00000001,BTC,299316.7611111111,0.0,0.0001,126
0,[],2,[],2019-01-20 23:25:46,0.0,0,0,6476969,2019-01-20 23:25:46,,0.0,0.0,0,,0.0,0.0,0.0,131
1,[],17,[],2019-05-03 01:13:10,10000.0,0.00000001,0.000000000000548003,7559115,2019-05-03 01:13:10,btc,0.0953976503951408,0.0,0.00000001,btc,5037.62507334,0.0,0.0001,131
1,[],4,[],2019-05-29 19:27:52,356817.97154251,0.00000704,0.000000000610643264,7708386,2019-05-29 19:27:52,btc,5.184964680177419,0.0,0.00000704,btc,187765.66469499,0.52367889,1.0968986424700062,131
1,[],4,[],2019-05-29 19:29:54,4751.1242368,0.00007919,0.000000006868869329,7708387,2019-05-29 19:29:54,btc,5.03177305373504,0.0,0.00007919,btc,202.13055914,0.0,0.0065609533893501,135
1,[],3,[],2019-05-29 19:29:55,624652.22392675,0.00000001,0.000000000000867391,7708388,2019-05-29 19:29:55,btc,0.2228486577012716,1577354.09937,0.00000001,btc,1910497.43168451,0.0,0.0062465222392675,136
1,[],4,[],2019-05-29 19:29:56,2705777.29640092,0.00000186,0.000000000161334726,7708389,2019-05-29 19:29:56,btc,108.7244987127623,0.0,0.00000186,btc,514723.45597492,0.05376931,0.5906962480085063,137
1,[],12,[],2019-05-29 19:29:57,89156.74849421,0.000001740000000000000069492480346544649449924690998159348964691162109375,0.00000000015092603400000001,7708390,2019-05-29 19:29:57,btc,57.78059865592166,0.0,0.000001740000000000000069492480346544649449924690998159348964691162109375,btc,49705.34635867,0.000500732748,0.0183372199998802,137
1,[],20,[],2019-05-29 19:01:37,209085.5942,0.000014231,0.0000000012357417695,7708236,2019-05-29 19:01:37,btc,1.6082785991353,0.0,0.000014231,btc,9872.7963,0.0,0.0194295588228,142
1,[],17,[],2019-05-03 01:13:16,32967.38636364,0.00000088,0.000000000048224264,7559122,2019-05-03 01:13:16,btc,20.06976206696776,0.0,0.00000088,btc,2746.079105,0.0,0.0105613000000032,142
1,[],4,[],2019-05-29 19:29:57,58112.59216353,0.00001922,0.000000001667125502,7708391,2019-05-29 19:29:57,btc,9.577016095294747,0.0,0.00001922,btc,153373.27452362,0.77827997,0.3285744861573094,142
1,[],5,[],2019-05-29 19:29:59,0.0,0,0,7708392,2019-05-29 19:29:59,btc,0.0,0.01588731,0,btc,0.0,0.0,0.0,142
1,[],22,[],2019-05-29 19:32:05,11028.645,0.00001000,0.000000000867391,7708393,2019-05-29 19:32:05,BTC,3.2754788,0.0,0.00001000,BTC,1133.9993657797618,0.0,0.00745365,142
0.0,[],25,[],2019-05-29 19:32:06,0.0,0,0,7708394,2019-05-29 19:32:06,,0.0,0.0,0.0,btc,0.0,0.0,0.0,142
0,[],28,[],2019-05-29 19:33:00,0.0,0,0,7708395,2019-05-29 19:33:00,,0.0,0.0,0,,0.0,0.0,0.0,142
0,[],22,[],2019-05-29 19:33:04,0.0,0,0,7708396,2019-05-29 19:33:04,,65.51518676,0.0,0,,839924755.3,0.0,0.0,143
0,[],22,[],2019-02-25 15:42:22,0.0,0,0,6783783,2019-02-25 15:42:22,,4.2131946,0.0,0,,2322156.0,0.0,0.0,146
,[],22,[],2018-11-20 23:01:11,0.0,0,0,4862114,2018-11-20 23:01:11,,2.56807021,0.0,,,61828.4988236,0.0,0.0,147
1,[],12,[],2019-04-21 06:38:04,193091.5971266,0.00000071,0.000000000037635183,7388679,2019-04-21 06:38:04,btc,2.301232411611175,0.0,0.00000071,btc,9957.48302385,0.00023528,0.0313308199999888,148
1,[],4,[],2019-03-19 21:31:25,255810.0415942,0.00000029,0.000000000011615747,6982695,2019-03-19 21:31:25,btc,218.94922712414143,0.0,0.00000029,btc,793529.37642722,0.00117,0.0608347789473395,152
0,[],22,[],2019-03-19 21:31:27,0.0,0,0,6982696,2019-03-19 21:31:27,,0.0,0.0,0,,0.0,0.0,0.0,152
1,[],5,[],2019-04-26 09:36:59,0.0,0,0,7465040,2019-04-26 09:36:59,btc,0.0,0.0,0,btc,0.0,0.0,0.0,153
,[],16,[],2019-01-11 15:38:59,0.0,0,0,6366141,2019-01-11 15:38:59,btc,0.0,0.0,,btc,0.0,0.0,0.0,155
0,[],23,[],2019-01-20 23:24:29,0.0,0,0,6476932,2019-01-20 23:24:29,,0.0,0.0,0,,0.0,0.0,0.0,156
0,[],22,[],2019-05-29 19:33:08,0.0,0,0,7708397,2019-05-29 19:33:08,,7.44455324,0.0,0,,5955762.942592593,0.0,0.0,156
1,[],22,[],2019-05-29 19:33:12,6996.0,0.00000001,0.000000000000867391,7708398,2019-05-29 19:33:12,BTC,1.7543039,0.0,0.00000001,BTC,57.0,0.0,6.996e-05,157
0,[],22,[],2019-05-21 23:40:32,0.0,0,0,7665049,2019-05-21 23:40:32,,50234.60468402,0.0,0,,54786159.03179465,0.0,0.0,158
,[],17,[],2018-11-20 22:56:10,0.0,0,0,4861976,2018-11-20 22:56:10,btc,1.1265625,0.0,,btc,1000.0,0.0,0.0,159
,[],20,[],2018-11-20 22:56:12,0.0,0,0,4861977,2018-11-20 22:56:12,btc,11912.7940471,0.0,,btc,34413894.3617,0.0,0.0,159
1,[],12,[],2019-05-24 02:51:20,9178.522006449999,0.00000191999999999999982841307998027158276954651228152215480804443359375,0.000000000151222656,7676256,2019-05-24 02:51:20,btc,149.80414728631675,0.0,0.00000191999999999999982841307998027158276954651228152215480804443359375,btc,1115.7451448499999,0.01783167678326,0.0120075778999181,168
1,[],17,[],2019-05-03 01:13:36,42852.0,0.00000002,0.000000000001096006,7559132,2019-05-03 01:13:36,btc,0.04279856251542,0.0,0.00000002,btc,274.46171372,0.0,0.00052852,168
1,[],22,[],2019-05-17 03:01:52,10.0,0.00000001,0.000000000000778341,7642059,2019-05-17 03:01:52,BTC,41.95893009,0.0,0.00000001,BTC,1753972.7737547632,0.0,1e-07,169
1,[],22,[],2019-05-29 19:33:16,202834.0,0.00000002,0.000000000001734782,7708399,2019-05-29 19:33:16,BTC,27.86993734,0.0,0.00000002,BTC,462189.5785507793,0.0001666,0.00211768,171
1,[],22,[],2019-05-29 08:05:18,349870.0,0.00000002,0.000000000001705894,7705265,2019-05-29 08:05:18,BTC,24.05907723,0.0,0.00000002,"BTC,LTC",1224285.4355616204,0.0,0.0039847,173
1,[],5,[],2019-05-29 19:33:18,0.0,0,0,7708400,2019-05-29 19:33:18,btc,0.0,0.00396848,0,btc,0.0,0.0,0.0,175
1,[],22,[],2019-05-29 19:33:21,90671.0,0.00000001,0.000000000000867391,7708401,2019-05-29 19:33:21,BTC,394.35459412,0.0,0.00000001,BTC,136275.61833431243,0.0,0.00090671,176
0,[],2,[],2019-01-20 23:28:34,0.0,0,0,6477001,2019-01-20 23:28:34,,0.0,0.0,0,,0.0,0.0,0.0,178
1,[],7,[],2019-05-29 19:33:22,0.0,0,0,7708402,2019-05-29 19:33:22,btc,522274.2171378036,0.0,0,btc,22704134.34310774,0.0,0.0,178
0,[],22,[],2019-05-29 19:33:24,0.0,0,0,7708403,2019-05-29 19:33:24,,1.00242428,0.0,0,,57512.0,0.0,0.0,178
0,[],23,[],2019-01-20 23:25:08,0.0,0,0,6476952,2019-01-20 23:25:08,,0.0,0.0,0,,0.0,0.0,0.0,179
1,[],5,[],2019-05-29 19:33:25,0.0,0,0,7708404,2019-05-29 19:33:25,btc,0.0,0.04874847,0,btc,0.0,0.0,0.0,179
0,[],22,[],2019-05-29 19:33:28,0.0,0,0,7708405,2019-05-29 19:33:28,,5.31489813,0.0,0,,13465409.311946675,0.0,0.0,179
1,[],17,[],2019-05-03 01:13:56,20504.725000000002,0.0000001,0.00000000000548003,7559141,2019-05-03 01:13:56,btc,5.2010695838400265,0.0,0.0000001,btc,5033.45945,0.0,0.0011504725,180
1,[],22,[],2019-05-29 19:35:32,673585.0606446359,0.00000105,0.000000000091076055,7708406,2019-05-29 19:35:32,BTC,39.20656974,0.0,0.00000105,"BTC,LTC",157270.3213531212,0.0188887,0.57228909,180
1,[],26,[],2019-05-29 19:35:32,0.0,0.00000010,0.00000000000867391,7708407,2019-05-29 19:35:32,btc,0.0,0.0,0.00000010,btc,0.0,0.0,0.0,180
,[],7,[],2018-11-20 22:58:01,562227.975654,0.00000085,0.000000000036176765,4862015,2018-11-20 22:58:01,btc,21836.6059674,2491.87645172,,btc,749999.041456,0.00211021,0.127565380455,183
,[],5,[],2019-01-10 08:11:41,0.0,0,0,6347036,2019-01-10 08:11:41,btc,82.15055501,0.00261,,btc,1.19002445,0.0,0.0,187
,[],17,[],2018-11-16 20:58:10,4062536.27273,0.00000001,0.000000000000550501,4708775,2018-11-16 20:58:10,btc,3.36492563466,0.195460381006,,"btc,eth",110697919.549,0.0,0.0157628953496,187
1,[],24,[],2019-05-22 21:04:52,0.0,0.000000000014,0.0000000000000010960978,7670219,2019-05-22 21:04:52,btc,0.0,0.0,0.000000000014,btc,0.0,0.0,0.0,187
0,[],22,[],2019-04-25 02:54:07,0.0,0,0,7447896,2019-04-25 02:54:07,,7.54794454,0.0,0,,76361.7243344055,0.0,0.0,191
0,[],22,[],2019-05-29 19:35:36,0.0,0,0,7708408,2019-05-29 19:35:36,,0.0,0.0,0,,0.0,0.0,0.0,197
0,[],23,[],2019-01-20 23:31:41,0.0,0,0,6477079,2019-01-20 23:31:41,,0.0,0.0,0,,0.0,0.0,0.0,199
0,[],22,[],2019-05-29 19:35:39,0.0,0,0,7708409,2019-05-29 19:35:39,,10.92971999,0.0,0,,99450037.0,0.0,0.0,199
1,[],26,[],2019-05-29 19:35:39,0.0,0.00000000,0,7708410,2019-05-29 19:35:39,btc,0.0,0.0,0.00000000,btc,0.0,0.0,0.0,199
0,[],2,[],2019-01-20 23:30:49,0.0,0,0,6477059,2019-01-20 23:30:49,,0.0,0.0,0,,0.0,0.0,0.0,201
1,[],4,[],2019-01-25 15:51:35,2084389.58565343,0.00000936,0.000000000333526752,6499557,2019-01-25 15:51:35,btc,2.0092503037378524,0.0,0.00000936,btc,160195.80207885,0.19272417,1.242687955921835,211
1,[],7,[],2019-05-29 19:35:42,1184196924.4850724,0.00000056,0.000000000048573896000000007,7708411,2019-05-29 19:35:42,btc,15201841.05264731,407380.071365,0.00000056,btc,8437179.03488109,0.25201767,13.791748926393888,212
1,[],12,[],2019-01-25 02:44:32,207462.42853209,0.000001080000000000000035831255497387193287295303889550268650054931640625,0.000000000038610756000000006,6493050,2019-01-25 02:44:32,btc,85023.03793723314,0.0,0.000001080000000000000035831255497387193287295303889550268650054931640625,btc,43675.73520027,0.000146250909087,0.0348620860622024,213
1,[],5,[],2019-05-29 19:35:43,0.0,0,0,7708412,2019-05-29 19:35:43,btc,0.0,0.06412061,0,btc,0.0,0.0,0.0,213
1,[],24,[],2019-05-29 19:35:43,0.0,0.000000399202,0.0000000000346264221982,7708413,2019-05-29 19:35:43,btc,0.0,0.0,0.000000399202,btc,0.0,0.0,0.0,213
1,[],26,[],2019-05-29 19:35:44,0.0,0.00000040,0.00000000003469564,7708414,2019-05-29 19:35:44,btc,0.0,0.0,0.00000040,btc,0.0,0.0,0.0,213
1,[],27,[],2019-05-29 19:35:53,398000.0,0.00000001,0.000000000000867391,7708416,2019-05-29 19:35:53,btc,75.61743967917752,3233.0,0.00000001,"btc,ltc",386835.407688,3.233e-05,0.00398,216
0,[],22,[],2019-05-29 19:35:46,0.0,0,0,7708415,2019-05-29 19:35:46,,9.61445386,0.0,0,,3661587.094064925,0.0,0.0,216
1,[],22,[],2019-05-29 19:35:56,720474.8260869565,0.00000027,0.000000000023419557,7708417,2019-05-29 19:35:56,BTC,12056.48346004,0.0,0.00000027,BTC,516561.758519451,0.0240396,0.05365481,217
1,[],7,[],2019-05-29 19:35:57,0.0,0,0,7708418,2019-05-29 19:35:57,btc,1234864.1040716618,0.0,0,btc,164001712.13147992,0.0,0.0,219
0,[],27,[],2019-05-29 19:36:00,0.0,0,0,7708419,2019-05-29 19:36:00,,0.5288796743847161,14182652.909122,0,btc,15762558.89100187,0.14182653,0.0,219
0,[],28,[],2019-05-29 19:36:54,0.0,0,0,7708420,2019-05-29 19:36:54,,0.0,777062.272,0,,0.0,0.0,0.0,219
1,[],22,[],2019-05-23 16:41:05,172069.0,0.00000004,0.0000000000031167080000000004,7674065,2019-05-23 16:41:05,BTC,56.76466137,0.0,0.00000004,BTC,127061.6482738741,0.0,0.00393676,221
1,[],24,[],2019-05-23 16:41:05,0.0,0.000000010000,0.0000000000007791770000000001,7674066,2019-05-23 16:41:05,btc,0.0,0.0,0.000000010000,btc,0.0,0.0,0.0,221
1,[],20,[],2019-05-29 19:36:56,2654233.3644,0.000000001,0.0000000000000867391,7708421,2019-05-29 19:36:56,btc,100050.81800603386,6675997.5333,0.000000001,btc,47813393.1499,0.0080763584831,0.0026542333644,224
0,[],22,[],2019-05-29 19:36:59,0.0,0,0,7708422,2019-05-29 19:36:59,,0.0,0.0,0,,0.0,0.0,0.0,224
1,[],26,[],2019-05-29 19:36:59,0.0,0.00000025,0.000000000021684775,7708423,2019-05-29 19:36:59,btc,0.0,0.0,0.00000025,btc,0.0,0.0,0.0,231
1,[],26,[],2019-05-29 19:36:59,0.0,0.00000006,0.000000000005204346,7708424,2019-05-29 19:36:59,btc,0.0,0.0,0.00000006,btc,0.0,0.0,0.0,234
0,[],27,[],2019-05-29 19:37:06,0.0,0,0,7708425,2019-05-29 19:37:06,,0.01134836604,0.0,0,"btc,eth",11462.996,0.0,0.0,234
1,[],4,[],2019-05-22 17:06:12,91780.56053785,0.00000078,0.000000000061977552,7669277,2019-05-22 17:06:12,btc,5.573372450018177,0.0,0.00000078,btc,729173.93529783,0.0,0.0307060663355679,236
1,[],24,[],2019-05-22 17:06:12,0.0,0.000000010000,0.000000000000794584,7669278,2019-05-22 17:06:12,btc,0.0,0.0,0.000000010000,btc,0.0,0.0,0.0,236
1,[],5,[],2019-05-29 19:37:08,0.0,0,0,7708426,2019-05-29 19:37:08,btc,0.0,0.02615116,0,btc,0.0,0.0,0.0,237
1,[],20,[],2019-05-29 19:37:10,119384156.3414,0.000000042,0.0000000000036430422,7708427,2019-05-29 19:37:10,btc,58794.17483872917,17658699.7603,0.000000042,btc,43110791.1309,0.7583173367766,0.4436790776504,237
1,[],22,[],2019-05-29 19:37:14,288100.0,0.00000003,0.000000000002602173,7708428,2019-05-29 19:37:14,BTC,1.20267422,0.0,0.00000003,"BTC,LTC",17930.94871794872,0.0,0.007541,237
1,[],4,[],2019-05-29 19:37:15,26715723.84938832,0.00000012,0.000000000010408692,7708429,2019-05-29 19:37:15,btc,2.772140211374375,0.0,0.00000012,btc,8458147.81935221,0.08123528,0.5407769183659631,238
1,[],5,[],2019-05-29 19:37:16,0.0,0,0,7708430,2019-05-29 19:37:16,btc,0.0,0.0047352,0,btc,0.0,0.0,0.0,238
0,[],22,[],2019-03-12 16:49:32,0.0,0,0,6914458,2019-03-12 16:49:32,,0.40415746,0.0,0,,526736.5639027493,0.0,0.0,249
0,[],22,[],2019-05-28 23:53:45,0.0,0,0,7703643,2019-05-28 23:53:45,,13.44714864,0.0,0,,43777534.3426455,0.0,0.0,252
0,[],28,[],2019-05-29 19:38:03,0.0,0,0,7708431,2019-05-29 19:38:03,,0.0,154292.56,0,,0.0,0.0,0.0,256
1,[],22,[],2019-05-29 19:38:07,1039243.0,0.00000001,0.000000000000867391,7708432,2019-05-29 19:38:07,BTC,24.15669583,0.0,0.00000001,BTC,547708.9724808998,0.0,0.01039243,258
1,[],22,[],2019-05-19 18:12:02,400.0,0.00000001,0.0000000000007957800000000001,7653905,2019-05-19 18:12:02,BTC,2.415167,0.0,0.00000001,BTC,157.0,0.0,4e-06,259
1,[],5,[],2019-05-29 19:38:09,0.0,0,0,7708433,2019-05-29 19:38:09,btc,0.0,0.00926982,0,btc,0.0,0.0,0.0,264
1,[],20,[],2019-05-29 19:38:12,955975.0186,0.000000181,0.0000000000156997771,7708434,2019-05-29 19:38:12,btc,0.9809521639009,0.0,0.000000181,btc,57021.9707,0.0,0.007743777094,264
0,[],22,[],2019-04-12 17:57:27,0.0,0,0,7278186,2019-04-12 17:57:27,,66.37522201,0.0,0,,677842.4169881374,0.0,0.0,271
0,[],22,[],2019-05-29 08:10:20,0.0,0,0,7705301,2019-05-29 08:10:20,,33050470.74998113,0.0,0,,14361377780.7,0.0,0.0,272
0,[],28,[],2019-05-29 08:10:54,0.0,0,0,7705302,2019-05-29 08:10:54,,0.0,22189957216.5758,0,,0.0,0.0,0.0,272
1,[],22,[],2019-05-23 07:12:29,219930.0,0.00000004,0.000000000003048688,7671985,2019-05-23 07:12:29,BTC,426.77835217,0.0,0.00000004,BTC,248664.3325962929,0.0,0.00739728,281
1,[],22,[],2019-05-29 19:38:20,333265.43333333335,0.00000004,0.000000000003469564,7708435,2019-05-29 19:38:20,BTC,31.65968799,0.0,0.00000004,"BTC,LTC",1321820.942672661,0.00345255,0.01321861,286
0,[],22,[],2019-05-29 19:38:23,0.0,0,0,7708436,2019-05-29 19:38:23,,7337904.96568486,0.0,0,,2004620112.6797826,0.0,0.0,294
