pairValue,buyBook,exchangeId,sellBook,updated,buyTotal,satoshiPrice,usdPrice,exchangeLogId,created,bestPair,sellTotalBtc,volume,pairPrice,activePairs,sellTotal,volumeBtc,buyTotalBtc,coinId
1,[],5,[],2019-03-07 09:19:35,0.0,0,0,6865533,2019-03-07 09:19:35,btc,0.0,0.11178735,0,btc,0.0,0.0,0.0,1
0,[],2,[],2019-01-20 23:28:45,0.0,0,0,6477011,2019-01-20 23:28:45,,0.0,0.0,0,,0.0,0.0,0.0,1
1,[],3,[],2019-03-07 09:42:24,30533.75193370926,0.01288263000000000081668449780636365176178514957427978515625,0.000000496581585558,6865890,2019-03-07 09:42:24,btc,61.15650375640303,2.38480809456,0.01288263000000000081668449780636365176178514957427978515625,btc,28.286883084775,0.0,0.22133724648600675,1
1,[],4,[],2019-03-07 09:42:26,207901.47055479,0.01290748,0.000000497539468568,6865891,2019-03-07 09:42:26,btc,9.027562118337439,0.0,0.01290748,btc,244.4568684,2.22085624,2.968437984670793,1
1,[],10,[],2019-03-07 09:42:29,414590.47161122,0.01060008,0.000000408597043728,6865892,2019-03-07 09:42:29,btc,6522.355877700234,1756.93078816,0.01060008,btc,1114.10342436,0.0,5.418092061895212,1
1,[],12,[],2019-03-07 09:42:32,100.44244348,0.01291999999999999919342297260982377338223159313201904296875,0.000000498022072,6865893,2019-03-07 09:42:32,btc,0.3769067440557,0.0,0.01291999999999999919342297260982377338223159313201904296875,btc,26.361036040000002,0.0659244501957,0.2667648590102,1
1,[],20,[],2019-03-07 09:42:33,1152.5891,0.0105003,0.00000040475086398,6865894,2019-03-07 09:42:33,btc,0.0554564872769,0.3915,0.0105003,btc,2.4799,0.0046697723592,0.1060009387169,1
1,[],21,[],2019-03-07 09:42:34,1793.90359888,0.01293491000000000085146112383,0.000000498596801806,6865895,2019-03-07 09:42:34,btc,15.716835930987234,2762.30043788,0.012934910000000000851461123829722055234014987945556640625,"btc,eth",1558.73228022,34.41172382120517,19.295118815611776,1
1,[],22,[],2019-03-07 09:42:38,0.006382215384615385,0.01300000,0.0000005011058,6865896,2019-03-07 09:42:38,BTC,0.31439419,0.0,0.01300000,BTC,0.12751438772928525,0.0,7.978e-05,1
1,[],24,[],2019-03-07 09:42:39,0.0,0.000000000000,0,6865897,2019-03-07 09:42:39,btc,0.0,0.0,0.000000000000,btc,0.0,0.0,0.0,1
0.0,[],25,[],2019-03-07 09:42:40,0.0,0,0,6865898,2019-03-07 09:42:40,btc,26.24529999816389,121.16438853,0.0,btc,1970.08199367,1.5753,0.0,1
1,[],26,[],2019-03-07 09:42:49,0.0,0,0,6865899,2019-03-07 09:42:49,,0.0,0.0,0,,0.0,0.0,0.0,1
1,[],28,[],2019-03-07 09:42:51,993.142,0.01323000,0.000000509971518,6865900,2019-03-07 09:42:51,btc,0.147239806,18918.02,0.01323000,btc,7.9,0.0,0.089302756,1
1,[],5,[],2019-03-07 09:54:37,0.0,0,0,6866057,2019-03-07 09:54:37,btc,0.0,0.01061942,0,btc,0.0,0.0,0.0,2
0.0000000001274984,[],22,[],2019-03-07 09:54:41,1148.0,1.4024824e-16,5.4131052199840004e-21,6866058,2019-03-07 09:54:41,XMR,21.01373823,0.0,0.00000110,XMR,14319.12581,0.0,0.00087635,2
1,[],5,[],2019-03-07 09:54:43,0.0,0,0,6866059,2019-03-07 09:54:43,btc,0.0,0.98681229,0,btc,0.0,0.0,0.0,3
1,[],12,[],2019-03-07 09:54:44,2043874.4642400001,0.000000176,0.000000000006793001599999999,6866060,2019-03-07 09:54:44,btc,22810.20067940604,0.0,0.000000176,btc,883399.55582876,0.06390944778309351,0.29971088364928,3
0,[],28,[],2019-03-07 09:54:46,0.0,0,0,6866061,2019-03-07 09:54:46,,0.0,0.0,0,,0.0,0.0,0.0,3
0,[],2,[],2019-01-20 23:31:32,0.0,0,0,6477077,2019-01-20 23:31:32,,0.0,0.0,0,,0.0,0.0,0.0,4
1,[],4,[],2019-03-06 07:42:51,399811.41130817,0.00000037,0.000000000014225612,6856592,2019-03-06 07:42:51,btc,32.25588008858344,0.0,0.00000037,btc,710412.77475616,0.01275082,0.0541874837964531,4
1,[],12,[],2019-03-07 09:43:00,455735.0,0.00000002,0.000000000000770932,6865904,2019-03-07 09:43:00,btc,6.719401749999999,0.0,0.00000002,btc,446625.0,0.00020434,0.00647444,5
0,[],2,[],2019-01-20 23:31:51,0.0,0,0,6477087,2019-01-20 23:31:51,,0.0,0.0,0,,0.0,0.0,0.0,6
1,[],11,[],2019-03-07 09:43:02,4853444.5,0.00000002,0.000000000000770932,6865905,2019-03-07 09:43:02,btc,9568.23120290766,279440.0,0.00000002,btc,42611702.90271394,0.0,0.064543725,6
1,[],5,[],2019-03-07 09:21:56,0.0,0,0,6865552,2019-03-07 09:21:56,btc,0.0,0.42093096,0,btc,0.0,0.0,0.0,7
1,[],3,[],2019-03-07 09:43:03,1084.046902257546,0.0001519900000000000135462474570857693834113888442516326904296875,0.000000005858697734,6865906,2019-03-07 09:43:03,btc,28.402034233092024,0.0,0.0001519900000000000135462474570857693834113888442516326904296875,btc,243.122414578101,0.0,0.03373034001700287,7
1,[],4,[],2019-03-07 09:43:04,105648.0999025,0.00024807,0.000000009562255062,6865907,2019-03-07 09:43:04,btc,15.839682053047225,0.0,0.00024807,btc,43699.94975857,3.13641106,8.283018970708914,7
1,[],20,[],2019-02-20 02:16:17,39399275.8418,0.000000001,0.0000000000000390183,6728586,2019-02-20 02:16:17,btc,116.9737569154545,525.0,0.000000001,btc,56932965.8895,5.25e-07,0.0393992758418,8
0,[],2,[],2019-01-20 23:22:42,0.0,0,0,6476876,2019-01-20 23:22:42,,0.0,0.0,0,,0.0,0.0,0.0,9
0,[],23,[],2019-01-20 23:22:48,0.0,0,0,6476878,2019-01-20 23:22:48,,0.0,0.0,0,,0.0,0.0,0.0,9
1,[],1,[],2019-02-17 23:31:42,1822507.21,0.00000181000000000000003456111265232042484285557293333113193511962890625,0.000000000066086901,6701244,2019-02-17 23:31:42,btc,3.6990969245,17153386.5,0.00000181000000000000003456111265232042484285557293333113193511962890625,btc,1997391.71,31.11772986,3.2610482446,9
1,[],4,[],2019-03-07 09:43:08,1437354.24437729,0.00000155,0.00000000005974723,6865908,2019-03-07 09:43:08,btc,5.347627686076052,0.0,0.00000155,btc,2640989.36702172,3.49315209,1.2376781552001466,9
1,[],28,[],2019-03-07 09:43:09,38863.15,0.00000166,0.000000000063987356,6865909,2019-03-07 09:43:09,btc,2708.761281370583,3547264.0,0.00000166,btc,11954.1497,0.0,0.035782829,9
1,[],4,[],2019-02-17 11:22:43,4341674.27126056,0.00000002,0.0000000000007272960000000001,6696112,2019-02-17 11:22:43,btc,0.1997230937751353,0.0,0.00000002,btc,4109766.79808031,0.00215132,0.0479381022052112,10
0,[],2,[],2019-01-20 23:23:08,0.0,0,0,6476890,2019-01-20 23:23:08,,0.0,0.0,0,,0.0,0.0,0.0,12
1,[],5,[],2019-03-07 09:22:07,0.0,0,0,6865556,2019-03-07 09:22:07,btc,0.0,0.41781442,0,btc,0.0,0.0,0.0,12
1,[],4,[],2019-03-07 09:43:10,6736069.46098583,0.00000122,0.000000000047026852,6865910,2019-03-07 09:43:10,btc,12.153722313295718,0.0,0.00000122,btc,6567603.03416743,2.5730393,4.2896492503606645,12
0.0,[],25,[],2019-03-07 09:43:13,0.0,0,0,6865911,2019-03-07 09:43:13,,0.0,0.0,0.0,btc,0.0,0.0,0.0,12
1,[],4,[],2019-03-07 09:43:14,32023917.32181676,0.00000596,0.00000000022973773599999999,6865912,2019-03-07 09:43:14,btc,3.3916615670894084,0.0,0.00000596,btc,432791.17785972,1.76708348,1.1856674790696102,13
1,[],10,[],2019-03-07 09:43:16,394538.51933598,0.00000564,0.000000000217402824,6865913,2019-03-07 09:43:16,btc,666801.2905672198,9103.19606653,0.00000564,btc,711603.14763288,0.0,0.2427223879747855,13
1,[],21,[],2019-03-07 09:43:17,862290.49054937,0.000005969999999999999592203373672,0.00000000023012320199999998,6865914,2019-03-07 09:43:17,btc,5.1073717730508825,1141047.14377841,0.0000059699999999999995922033736717171592545128078199923038482666015625,btc,767727.5265629,7.03633669,4.71567826920909,13
1,[],4,[],2019-03-07 09:31:56,707182.28978498,0.00000142,0.000000000054770252,6865740,2019-03-07 09:31:56,btc,11.23370102654432,0.0,0.00000142,btc,922886.94300149,0.01021407,0.1579309176743767,14
1,[],12,[],2019-03-07 09:31:58,283820.27692308,0.000001300000000000000047051663780439678674838432925753295421600341796875,0.00000000005014178,6865741,2019-03-07 09:31:58,btc,0.09898214807922939,0.0,0.000001300000000000000047051663780439678674838432925753295421600341796875,btc,7126.13554603,6.64584415704e-05,0.049804840000004,14
0,[],17,[],2019-03-07 09:32:00,0.0,0,0,6865742,2019-03-07 09:32:00,btc,0.0,0.0,0,btc,0.0,0.0,0.0,14
1,[],26,[],2019-03-07 09:32:00,0.0,0.00000050,0.0000000000192853,6865743,2019-03-07 09:32:00,btc,0.0,0.0,0.00000050,btc,0.0,0.0,0.0,14
,[],12,[],2018-12-01 15:15:48,204241.84496,0.00000489,0.000000000202473384,5260204,2018-12-01 15:15:48,btc,49.5475654835,0.0,,btc,35763.2193806,0.0163153972027625,0.0203389899998,15
0,[],4,[],2019-03-07 09:43:19,0.0,0,0,6865915,2019-03-07 09:43:19,,0.0,0.0,0,,0.0,0.0,0.0,15
0,[],2,[],2019-01-20 23:23:38,0.0,0,0,6476906,2019-01-20 23:23:38,,0.0,0.0,0,,0.0,0.0,0.0,18
1,[],4,[],2019-03-07 09:43:20,23739.14886002,0.00001714,0.000000000660688724,6865916,2019-03-07 09:43:20,btc,4.17022691899945,0.0,0.00001714,btc,17600.57286692,0.02811984,0.0436078803660037,18
1,[],10,[],2019-03-07 09:43:23,785486.08140226,0.00001728,0.000000000666085248,6865917,2019-03-07 09:43:23,btc,15.367761698809737,1334.0829405,0.00001728,btc,12271.00289943,0.0,0.1664606741025199,18
1,[],12,[],2019-03-07 09:43:24,370702.95428,0.00001703000000000000127282732964584255341833340935409069061279296875,0.000000000656448598,6865918,2019-03-07 09:43:24,btc,0.0022162339011728,0.0,0.00001703000000000000127282732964584255341833340935409069061279296875,btc,117.83084593000001,0.0077066473193259,0.0311783214391437,18
0,[],17,[],2019-03-07 09:43:26,0.0,0,0,6865919,2019-03-07 09:43:26,btc,0.0,0.0,0,btc,0.0,0.0,0.0,18
1,[],3,[],2019-03-07 09:43:27,137122.21683379466,0.0000174999999999999984669381281054967303134617395699024200439453125,0.0000000006745654999999999,6865920,2019-03-07 09:43:27,btc,0.5027606949289941,4681.8007983,0.0000174999999999999984669381281054967303134617395699024200439453125,btc,8989.004681018621,0.0,0.014597236698728979,19
1,[],4,[],2019-03-07 09:43:28,270347.75580175,0.00001980,0.00000000076322268,6865921,2019-03-07 09:43:28,btc,3.4572279348734427,0.0,0.00001980,btc,124427.97711239,0.91159164,2.5418269342338475,19
1,[],12,[],2019-03-07 09:43:30,169453.13107234,0.00001133999999999999984683259068862781759889912791550159454345703125,0.000000000437118444,6865922,2019-03-07 09:43:30,btc,0.2275961663298214,0.0,0.00001133999999999999984683259068862781759889912791550159454345703125,btc,332.27457877,0.00024692,0.0273854699999116,19
0,[],27,[],2019-03-07 09:43:32,0.0,0,0,6865923,2019-03-07 09:43:32,,0.0,0.0,0,btc,0.0,0.0,0.0,19
0,[],2,[],2019-01-20 23:24:19,0.0,0,0,6476924,2019-01-20 23:24:19,,0.0,0.0,0,,0.0,0.0,0.0,19
1,[],5,[],2019-03-07 09:22:49,0.0,0,0,6865569,2019-03-07 09:22:49,btc,0.0,0.00672627,0,btc,0.0,0.0,0.0,19
1,[],4,[],2019-03-07 09:43:33,2779123.70923423,0.00000012,0.000000000004625592,6865924,2019-03-07 09:43:33,btc,7.379832289760813,0.0,0.00000012,btc,2857583.25385408,0.0,0.0777767845064956,20
1,[],4,[],2019-03-07 09:43:36,103561293.72147027,0.00000002,0.000000000000770932,6865925,2019-03-07 09:43:36,btc,1841.9794680413645,0.0,0.00000002,btc,54908374.6818267,0.02134227,1.1579663175500456,21
1,[],12,[],2019-03-07 09:43:37,1030328.0,0.00000001,0.000000000000385466,6865926,2019-03-07 09:43:37,btc,0.77294901003996,0.0,0.00000001,btc,2061043.001998,0.00208399996004,0.01030328,21
0,[],17,[],2019-03-07 09:32:22,0.0,0,0,6865756,2019-03-07 09:32:22,btc,0.0,0.0,0,btc,0.0,0.0,0.0,21
1,[],12,[],2019-03-07 09:43:49,2340408934.0,0.0000000001,0.00000000000000385466,6865927,2019-03-07 09:43:49,btc,5374.959636896537,0.0,0.0000000001,btc,1281430605.1852038,0.00526206784075924,0.2340408934,23
0,[],27,[],2019-03-07 09:43:53,0.0,0,0,6865928,2019-03-07 09:43:53,,13.503256366593412,0.0,0,eth,1966931.35514486,0.0,0.0,23
1,[],4,[],2019-03-07 09:43:54,576799.81211901,0.00000042,0.000000000016189572,6865929,2019-03-07 09:43:54,btc,9.657069758587024,0.0,0.00000042,btc,1630736.98507306,0.01993283,0.1507027893853556,24
1,[],22,[],2019-03-07 09:43:57,11.76,0.00000100,0.0000000000385466,6865930,2019-03-07 09:43:57,BTC,7.415e-05,0.0,0.00000100,BTC,23.919354838709676,0.0,1.176e-05,24
0.0,[],25,[],2019-03-07 09:43:59,0.0,0,0,6865931,2019-03-07 09:43:59,,0.0,0.0,0.0,btc,0.0,0.0,0.0,24
1,[],4,[],2019-03-07 09:43:59,26577865.36534774,0.00000601,0.000000000231665066,6865932,2019-03-07 09:43:59,btc,57.21297039213269,0.0,0.00000601,btc,240199.07921486,0.09880937,0.4370970932276408,26
1,[],10,[],2019-03-07 09:44:01,685354.03631024,0.00000603,0.00000000023243599799999998,6865933,2019-03-07 09:44:01,btc,26.1307892960358,4763.69185937,0.00000603,btc,14754.6569521,0.0,0.2272417155495884,26
0,[],2,[],2019-01-20 23:25:56,0.0,0,0,6476976,2019-01-20 23:25:56,,0.0,0.0,0,,0.0,0.0,0.0,26
1,[],3,[],2019-03-07 09:44:02,10977341.88133568,0.00000001,0.000000000000385466,6865934,2019-03-07 09:44:02,btc,2.337970508587665,690310.446597,0.00000001,btc,18327520.65285147,0.0,0.1097734188133568,27
1,[],11,[],2019-03-07 09:44:05,9461840.38103613,0.00000005,0.00000000000192733,6865935,2019-03-07 09:44:05,btc,67506.32843704063,170.63047893,0.00000005,btc,7972152.75036371,0.0,0.44099231334143857,27
1,[],5,[],2019-03-07 09:23:18,0.0,0,0,6865581,2019-03-07 09:23:18,btc,0.0,0.00014742,0,btc,0.0,0.0,0.0,27
1,[],7,[],2019-03-07 04:35:46,36318242.19653288,0.00000002,0.000000000000780962,6864646,2019-03-07 04:35:46,btc,44462588.02492826,642537.700067,0.00000002,btc,45754787.00393408,0.01286209,0.3828883057755995,29
1,[],4,[],2019-03-07 09:44:06,1227821989.9693847,0.00000002,0.000000000000770932,6865936,2019-03-07 09:44:06,btc,2.5204677513437677,0.0,0.00000002,"btc,ltc",174290484.14090747,2.51646925,7.8787112783259134,29
1,[],4,[],2019-03-07 09:44:07,2435676.46682919,0.00000023,0.000000000008865717999999999,6865937,2019-03-07 09:44:07,btc,2.4595715731653724,0.0,0.00000023,btc,1783279.2793303,0.02711421,0.1243497680647912,30
0,[],17,[],2019-03-07 09:32:43,0.0,0,0,6865768,2019-03-07 09:32:43,btc,0.0,0.0,0,btc,0.0,0.0,0.0,30
1,[],4,[],2019-03-07 09:44:18,424801.60123899,0.00006058,0.000000002335153028,6865938,2019-03-07 09:44:18,btc,8.448933403643972,0.0,0.00006058,btc,88648.15032664,0.63552906,2.3208968595923323,31
1,[],21,[],2019-03-07 09:44:19,72775.4203419,0.00006244000000000000526363674869,0.0000000024068497040000003,6865939,2019-03-07 09:44:19,btc,5.343122635250993,422655.46597714,0.00006244000000000000526363674868690623043221421539783477783203125,btc,77604.62286624,27.33978972,4.06016153435784,31
0,[],2,[],2019-01-20 23:28:43,0.0,0,0,6477009,2019-01-20 23:28:43,,0.0,0.0,0,,0.0,0.0,0.0,32
1,[],4,[],2019-03-07 09:44:22,426108277.9959468,0.00000004,0.000000000001541864,6865940,2019-03-07 09:44:22,btc,10.67471535418916,0.0,0.00000004,"btc,ltc",197635657.46370265,0.25558065,10.225577417145981,33
1,[],12,[],2019-03-07 09:44:23,19696701.364,0.00000003,0.0000000000011563979999999999,6865941,2019-03-07 09:44:23,btc,387.02532516767235,0.0,0.00000003,btc,15020411.13586407,0.0352896551148868,0.45986778691999997,33
1,[],4,[],2019-03-07 09:44:26,109002231.2260919,0.00000001,0.000000000000385466,6865942,2019-03-07 09:44:26,btc,3.6362214921512943,0.0,0.00000001,btc,102189811.7199167,0.05230877,1.090022312260919,34
1,[],5,[],2019-03-07 09:23:39,0.0,0,0,6865590,2019-03-07 09:23:39,btc,0.0,0.07321464,0,btc,0.0,0.0,0.0,34
0.0000000001415943,[],4,[],2019-03-07 09:44:28,1733610775.8173335,1.4159430000000001e-18,5.45797884438e-23,6865943,2019-03-07 09:44:28,ltc,6.88241165150495e-08,0.0,0.00000001,ltc,7540051823.6575,0.0,2.4546940427431225e-09,36
0,[],17,[],2019-03-07 09:44:31,0.0,0,0,6865944,2019-03-07 09:44:31,btc,0.07464582820648964,0.0,0,btc,4105386.20243647,0.0,0.0,36
0.00000000035424640000000003,[],27,[],2019-03-07 09:44:34,11290000.0,3.542464e-18,1.365499428224e-22,6865945,2019-03-07 09:44:34,eth,222.5593883364624,0.0,0.00000001,"ltc,eth",11165403.32426039,0.0,2.3338993682e-11,36
1,[],5,[],2019-03-07 09:23:42,0.0,0,0,6865592,2019-03-07 09:23:42,btc,0.0,0.0,0,btc,0.0,0.0,0.0,36
1,[],4,[],2019-03-07 09:44:35,284751.5684032,0.00000058,0.000000000022357028,6865946,2019-03-07 09:44:35,btc,19772.502682470156,0.0,0.00000058,btc,591407.23333929,0.0303522,0.1237284350558496,37
1,[],12,[],2019-03-07 09:44:36,542295.11736694,0.0000006,0.000000000023127959999999997,6865947,2019-03-07 09:44:36,btc,4.288095515323238,0.0,0.0000006,btc,322860.12179339,0.0411023477739065,0.1843302130366132,37
1,[],17,[],2019-03-07 09:44:37,1752.74075282,0.00000025,0.00000000000963665,6865948,2019-03-07 09:44:37,btc,0.055484923992016294,0.0,0.00000025,btc,1387.19918473,0.0,0.00043818518820499993,37
1,[],27,[],2019-03-07 09:44:39,14685.567,0.00000045,0.00000000001734597,6865949,2019-03-07 09:44:39,btc,25.77745805411233,0.0,0.00000045,btc,6527.38138508,0.0,0.00480032515,37
1,[],5,[],2019-03-07 09:44:42,0.0,0,0,6865950,2019-03-07 09:44:42,btc,0.0,0.01854612,0,btc,0.0,0.0,0.0,42
1,[],12,[],2019-03-07 09:44:43,119670.09626149,0.000001129999999999999980629101885287735029805844533257186412811279296875,0.000000000043557658,6865951,2019-03-07 09:44:43,btc,0.2294330186198171,0.0,0.000001129999999999999980629101885287735029805844533257186412811279296875,btc,15789.93412098,0.0397644722393883,0.0113725901961203,42
0.00000000035424640000000003,[],27,[],2019-03-07 09:44:45,22000.0,3.542464e-17,1.3654994282240001e-21,6865952,2019-03-07 09:44:45,eth,0.00315028,0.0,0.0000001,"btc,eth",11.007,0.0,7.15577728e-13,42
1,[],5,[],2019-03-07 09:44:46,0.0,0,0,6865953,2019-03-07 09:44:46,btc,0.0,0.00021117,0,btc,0.0,0.0,0.0,43
1,[],12,[],2019-03-07 09:44:47,54886.0,0.00000001,0.000000000000385466,6865954,2019-03-07 09:44:47,btc,0.60694660999001,0.0,0.00000001,btc,2745752.4995005,6.113000999e-05,0.00054886,43
0,[],17,[],2019-03-07 09:23:54,0.0,0,0,6865600,2019-03-07 09:23:54,btc,0.0,0.0,0,btc,0.0,0.0,0.0,43
1,[],12,[],2019-03-05 01:54:08,639326.02,0.00000004,0.000000000001486676,6845775,2019-03-05 01:54:08,btc,11116042.728239931,0.0,0.00000004,btc,1103841.4595604,0.0003330765234764,0.014975410599999999,44
1,[],4,[],2019-03-07 09:44:49,300036431.89009106,0.00000004,0.000000000001541864,6865955,2019-03-07 09:44:49,btc,24653.62646031866,0.0,0.00000004,"btc,ltc",14256742.70145816,0.09518314,0.3498809909623361,49
0,[],4,[],2019-03-07 09:44:50,0.0,0,0,6865956,2019-03-07 09:44:50,,25.80854540736542,0.0,0,,9802335366.260284,0.0,0.0,52
0.000000000129633,[],22,[],2019-03-07 09:44:54,80845862.0,1.2963300000000002e-18,4.9969113978000003e-23,6865957,2019-03-07 09:44:54,XMR,4366.97466637,0.0,0.00000001,XMR,255820234.67882353,0.0,0.80845862,57
0.00000000035424640000000003,[],27,[],2019-03-07 09:44:56,2000.0,3.542464e-18,1.365499428224e-22,6865958,2019-03-07 09:44:56,eth,0.0,0.0,0.00000001,"btc,eth",0.0,0.0,7.084928e-15,57
0.0000000001415943,[],4,[],2019-03-07 09:44:57,616175645.673,2.8318860000000002e-18,1.091595768876e-22,6865959,2019-03-07 09:44:57,ltc,18.807188670118705,0.0,0.00000002,ltc,4643138130.8899145,0.0,1.311545420815026e-09,58
1,[],12,[],2019-03-07 09:44:58,599158407.8425,0.0000000004,0.00000000000001541864,6865960,2019-03-07 09:44:58,btc,6774.716090040981,0.0,0.0000000004,btc,1043347356.2637362,0.00128693961958041,0.197826973537,58
0,[],17,[],2019-03-07 09:45:00,0.0,0,0,6865961,2019-03-07 09:45:00,btc,1e+24,0.0,0,btc,49226522.0897055,0.0,0.0,58
0.000000000129633,[],22,[],2019-03-07 09:45:07,137438.0,1.2963300000000002e-18,4.9969113978000003e-23,6865962,2019-03-07 09:45:07,XMR,69.8835922,0.0,0.00000001,XMR,9887963.0,0.0,0.00137438,58
1,[],5,[],2019-03-07 09:45:09,0.0,0,0,6865963,2019-03-07 09:45:09,btc,0.0,0.00192387,0,btc,0.0,0.0,0.0,61
1,[],22,[],2019-03-07 09:45:13,13759.5,0.00000012,0.000000000004625592,6865964,2019-03-07 09:45:13,BTC,1002.2960049,0.0,0.00000012,BTC,14976.68361146909,0.0,0.00155017,61
1,[],26,[],2019-03-07 09:45:13,0.0,0.00000800,0.0000000003083728,6865965,2019-03-07 09:45:13,btc,0.0,0.0,0.00000800,btc,0.0,0.0,0.0,61
1,[],27,[],2019-03-07 09:45:15,4411.22008,0.00000047,0.000000000018116902,6865966,2019-03-07 09:45:15,btc,2.898491041314132,1.0,0.00000047,"btc,eth",19485.01257617,4.7e-07,0.0012437599595796313,61
1,[],28,[],2019-03-07 09:45:17,13880.304,0.0000005,0.0000000000192733,6865967,2019-03-07 09:45:17,btc,2.056312978300105,692.0,0.0000005,btc,9730.59500005,0.0,0.00566391304,61
1,[],4,[],2019-03-07 09:34:09,1246971.68928366,0.00000247,0.000000000095269382,6865795,2019-03-07 09:34:09,btc,9.239695928837655,0.0,0.00000247,btc,775545.70091351,0.32563479,0.8979525009798899,67
0.0,[],25,[],2019-03-07 09:34:10,0.0,0,0,6865796,2019-03-07 09:34:10,,0.0,0.0,0.0,btc,0.0,0.0,0.0,67
1,[],12,[],2019-03-07 09:45:18,316197.38770788,0.00000024,0.000000000009251183999999999,6865968,2019-03-07 09:45:18,btc,3.0406373731893943,0.0,0.00000024,btc,831724.7208717,0.0252676574941371,0.0548160583804015,71
,[],5,[],2018-11-20 23:02:39,1.5e-07,0.00000005,0.000000000002128045,4862160,2018-11-20 23:02:39,btc,2.84511358,0.0,,btc,0.00036572,0.0,0.07381892,74
1,[],5,[],2019-03-07 09:45:20,0.0,0,0,6865969,2019-03-07 09:45:20,btc,0.0,0.0,0,btc,0.0,0.0,0.0,75
1,[],4,[],2019-03-07 09:45:21,13147768.81424166,0.00000001,0.000000000000385466,6865970,2019-03-07 09:45:21,btc,11388.985544584346,0.0,0.00000001,btc,40019471.49932191,0.0,0.1314776881424166,81
0,[],20,[],2019-01-25 09:30:31,0.0,0,0,6495923,2019-01-25 09:30:31,btc,0.0,0.0,0,btc,0.0,0.0,0.0,81
1,[],4,[],2019-03-07 09:45:23,27590.33820955,0.00007876,0.000000003035930216,6865971,2019-03-07 09:45:23,btc,18.085227024079227,0.0,0.00007876,btc,11854.50925694,0.07331822,0.1194548270537076,82
1,[],21,[],2019-03-07 09:45:23,756037.9523779,0.00007352000000000000082354262299,0.000000002833946032,6865972,2019-03-07 09:45:23,btc,2.6384345819272483,6832.94378317,0.000073520000000000000823542622985229400001117028295993804931640625,btc,30693.15472375,0.50527278,2.2152296335272696,82
0,[],17,[],2019-03-07 09:45:24,0.0,0,0,6865973,2019-03-07 09:45:24,btc,0.0447233088476774,0.0,0,btc,999127.19588126,0.0,0.0,84
0.0000000001415943,[],4,[],2019-03-07 09:45:26,116427237.89623293,4.247829e-18,1.637393653314e-22,6865974,2019-03-07 09:45:26,ltc,1.7493645531363218,0.0,0.00000003,ltc,415037863.70414716,0.0,2.363869097804543e-10,85
,[],22,[],2018-11-20 23:09:34,3408.1,0.0000001,0.0000000000041895,4862324,2018-11-20 23:09:34,BTC,0.04624735,0.0,,BTC,4990.0,0.0,0.00033081,86
0,[],22,[],2019-02-22 12:52:35,0.0,0,0,6758847,2019-02-22 12:52:35,,2.0760781,0.0,0,,140622.94736842104,0.0,0.0,87
0,[],27,[],2019-02-22 12:52:37,0.0,0,0,6758848,2019-02-22 12:52:37,,0.0,0.0,0,btc,0.0,0.0,0.0,87
,[],2,[],2018-11-20 23:10:47,0.0,0,0,4862359,2018-11-20 23:10:47,,0.0,0.0,,,0.0,0.0,0.0,88
1,[],11,[],2019-03-07 09:45:27,94970.19718787,0.00014999999999999998685946966947568625982967205345630645751953125,0.000000005781989999999999,6865975,2019-03-07 09:45:27,btc,607.7890017652202,1605.16132072,0.00014999999999999998685946966947568625982967205345630645751953125,btc,92035.76022363,0.0,6.549673690219747,89
0,[],2,[],2019-01-20 23:31:45,0.0,0,0,6477083,2019-01-20 23:31:45,,0.0,0.0,0,,0.0,0.0,0.0,91
0,[],17,[],2019-03-07 08:22:54,0.0,0,0,6865440,2019-03-07 08:22:54,btc,0.0,0.0,0,btc,0.0,0.0,0.0,91
1,[],12,[],2019-03-07 09:45:29,193832.28127454,0.00000095,0.00000000003661927,6865976,2019-03-07 09:45:29,btc,68.40195830266524,0.0,0.00000095,btc,65391.98171978,0.0165063318744321,0.0355536510999531,91
1,[],22,[],2019-03-07 09:45:44,65900.0,0.00000001,0.000000000000385466,6865977,2019-03-07 09:45:44,BTC,3e-06,0.0,0.00000001,BTC,1.0,0.0,0.000659,91
0.0000000001415943,[],22,[],2019-03-07 09:45:48,1580418.0,7.079715e-18,2.72898942219e-22,6865978,2019-03-07 09:45:48,LTC,8.53121199,0.0,0.00000005,LTC,71989912.1,0.0,0.0790209,95
0,[],17,[],2019-03-07 08:23:24,0.0,0,0,6865445,2019-03-07 08:23:24,btc,0.0,0.0,0,btc,0.0,0.0,0.0,96
0.0000000001415943,[],4,[],2019-03-07 09:45:49,641026443.0047666,9.2036295e-17,3.547686248847e-21,6865979,2019-03-07 09:45:49,ltc,11.886285748673325,0.0,0.00000065,ltc,135439107.9791913,0.0,1.6944593448825931e-09,96
1,[],12,[],2019-03-07 09:35:09,9445.0,0.00000001,0.000000000000385706,6865808,2019-03-07 09:35:09,btc,0.63228758,0.0,0.00000001,btc,1979892.0,0.00110601,9.445e-05,96
1,[],4,[],2019-03-07 09:48:01,1395483.04939426,0.00000021,0.000000000008094786,6865980,2019-03-07 09:48:01,btc,2.5701270729529893,0.0,0.00000021,btc,2561158.26861679,0.01753525,0.0870892760739966,99
1,[],4,[],2019-03-07 09:48:02,294216.70965066,0.00003797,0.000000001463614402,6865981,2019-03-07 09:48:02,btc,11.164483999679682,0.0,0.00003797,btc,158492.69715727,1.03468059,1.8832126247695997,100
0,[],2,[],2019-01-20 23:23:55,0.0,0,0,6476914,2019-01-20 23:23:55,,0.0,0.0,0,,0.0,0.0,0.0,100
1,[],22,[],2019-03-07 09:48:06,50000.0,0.00000001,0.000000000000385466,6865982,2019-03-07 09:48:06,BTC,23.49896609,0.0,0.00000001,BTC,10277.22,0.0,0.0005,101
1,[],4,[],2019-03-07 09:48:07,429819.83199385,0.00000087,0.000000000033535542,6865983,2019-03-07 09:48:07,btc,308.0296314243134,0.0,0.00000087,btc,485900.16284287,0.02678438,0.2089663113962831,103
1,[],12,[],2019-03-07 09:48:10,28664905.887000002,0.000000009,0.00000000000034691939999999996,6865984,2019-03-07 09:48:10,btc,1111283.5152011942,0.0,0.000000009,btc,46732212.9520789,0.01581138582465557,0.113180431983,105
1,[],27,[],2019-03-07 09:48:12,229397.89,0.00000001,0.000000000000385466,6865985,2019-03-07 09:48:12,btc,36.60591030491341,0.0,0.00000001,btc,1301440.23571724,0.0,0.0022939789,105
1,[],22,[],2019-03-07 09:48:16,9328.0,0.00000001,0.000000000000385466,6865986,2019-03-07 09:48:16,BTC,51.10837004,0.0,0.00000001,BTC,470435.0,0.0,9.328e-05,107
1,[],26,[],2019-03-07 09:48:16,0.0,0.00000000,0,6865987,2019-03-07 09:48:16,btc,0.0,0.0,0.00000000,btc,0.0,0.0,0.0,107
1,[],5,[],2019-03-07 09:48:18,0.0,0,0,6865988,2019-03-07 09:48:18,btc,0.0,0.01042706,0,btc,0.0,0.0,0.0,112
0,[],22,[],2019-03-07 09:48:21,0.0,0,0,6865989,2019-03-07 09:48:21,,2.78273306,0.0,0,,826558.0833333334,0.0,0.0,112
0.00000000035424640000000003,[],27,[],2019-03-07 09:48:24,2000.0,3.542464e-18,1.365499428224e-22,6865990,2019-03-07 09:48:24,eth,1.24892491849924,0.0,0.00000001,"btc,eth",1288.641654,0.0,7.084928e-15,112
1,[],4,[],2019-03-07 09:48:26,1315585.69197076,0.00000200,0.0000000000770932,6865991,2019-03-07 09:48:26,btc,4.727016914541173,0.0,0.00000200,btc,342270.08940262,0.01241668,1.0385004577996713,113
1,[],5,[],2019-03-07 09:48:27,0.0,0,0,6865992,2019-03-07 09:48:27,btc,0.0,0.00018216,0,btc,0.0,0.0,0.0,113
0,[],27,[],2019-03-07 09:48:42,0.0,0,0,6865993,2019-03-07 09:48:42,,0.0,0.0,0,btc,0.0,0.0,0.0,116
1,[],17,[],2019-03-07 09:35:57,152738.278,0.00000004,0.000000000001542824,6865820,2019-03-07 09:35:57,btc,1.33680302678,0.0,0.00000004,btc,50696.221,0.0,0.0022095311199999998,116
1,[],4,[],2019-03-07 09:48:44,79130.22186134,0.00002467,0.000000000950944622,6865994,2019-03-07 09:48:44,btc,27.84029965397036,0.0,0.00002467,btc,85503.1364332,0.55313867,1.2344709193040555,120
1,[],7,[],2019-03-07 09:48:45,21382.55867627,0.0000212500000000000015265566588595902430824935436248779296875,0.00000000081911525,6865995,2019-03-07 09:48:45,btc,115646.94915847482,0.0,0.0000212500000000000015265566588595902430824935436248779296875,btc,36704.21881556,0.0,0.0534166471110633,120
1,[],20,[],2019-03-07 09:48:48,3002345.3805,0.000000035,0.0000000000013491309999999999,6865996,2019-03-07 09:48:48,btc,33.6156363984428,1589.5,0.000000035,btc,1008323.7699,5.56325e-05,0.0406402484044,125
1,[],22,[],2019-03-07 09:49:21,3053.0,0.00000001,0.000000000000385466,6865997,2019-03-07 09:49:21,BTC,0.01444887,0.0,0.00000001,BTC,296263.5111111111,0.0,3.053e-05,126
1,[],4,[],2019-03-07 09:49:22,147681.04291176,0.00001306,0.000000000503418596,6865998,2019-03-07 09:49:22,btc,3.709570233978956,0.0,0.00001306,btc,118058.86276516,0.21252067,0.6757256597031411,131
0,[],2,[],2019-01-20 23:25:46,0.0,0,0,6476969,2019-01-20 23:25:46,,0.0,0.0,0,,0.0,0.0,0.0,131
0,[],17,[],2019-03-07 09:26:02,0.0,0,0,6865647,2019-03-07 09:26:02,btc,0.0009561751951600001,0.0,0,btc,35.42829368,0.0,0.0,131
1,[],4,[],2019-03-07 09:49:25,4547.78825336,0.00016000,0.000000006167456,6865999,2019-03-07 09:49:25,btc,1.6193679392667786,0.0,0.00016000,btc,239.25503526,0.00150072,0.0068861669492583,135
1,[],3,[],2019-03-07 00:20:44,877702.73244099,0.00000004,0.00000000000154846,6863392,2019-03-07 00:20:44,btc,0.119366241821405,0.0,0.00000004,btc,760637.99421222,0.0,0.023771231960604298,136
1,[],4,[],2019-03-07 09:49:25,342983.13102835,0.00000181,0.00000000006976934599999999,6866000,2019-03-07 09:49:25,btc,38.23214033552113,0.0,0.00000181,btc,524822.20306959,0.05749796,0.1363236201606941,137
1,[],12,[],2019-03-07 09:49:26,227735.52383928,0.000001700000000000000028950908510794182149084008415229618549346923828125,0.00000000006552922,6866001,2019-03-07 09:49:26,btc,4.0590097394078475,0.0,0.000001700000000000000028950908510794182149084008415229618549346923828125,btc,3732.78112359,0.0023584995383768,0.09182862454776242,137
1,[],4,[],2019-03-07 09:49:27,10639.22645478,0.00003932,0.000000001515652312,6866002,2019-03-07 09:49:27,btc,28.27948228916021,0.0,0.00003932,btc,43480.27617477,0.2181629,0.233028625247383,142
1,[],5,[],2019-03-07 09:49:29,0.0,0,0,6866003,2019-03-07 09:49:29,btc,0.0,0.26714252,0,btc,0.0,0.0,0.0,142
1,[],20,[],2019-03-07 09:49:41,132866.8762,0.0000406,0.00000000156499196,6866004,2019-03-07 09:49:41,btc,0.4101434801142,3247.4202,0.0000406,btc,3674.0836,0.1567214585482,0.2300509541649,142
1,[],22,[],2019-03-07 09:49:45,1470.8988921568628,0.00004000,0.000000001541864,6866005,2019-03-07 09:49:45,BTC,3.00385504,0.0,0.00004000,BTC,891.218,0.0,0.0012358,142
0.0,[],25,[],2019-03-07 09:49:46,0.0,0,0,6866006,2019-03-07 09:49:46,,0.0,0.0,0.0,btc,0.0,0.0,0.0,142
1,[],28,[],2019-03-07 09:49:47,76124.0,0.00000820,0.00000000031608212,6866007,2019-03-07 09:49:47,btc,0.067100461059305,1293.0,0.00000820,btc,552.61077999,0.0,0.004304,142
1,[],17,[],2019-03-07 09:36:20,22967.386363640002,0.00000088,0.000000000033942128,6865831,2019-03-07 09:36:20,btc,20.0699133528207,0.0,0.00000088,btc,2746.079105,0.0,0.0104613000000032,142
0,[],22,[],2019-03-07 09:49:51,0.0,0,0,6866008,2019-03-07 09:49:51,,62.13631169,0.0,0,,837691921.3,0.0,0.0,143
0,[],22,[],2019-02-25 15:42:22,0.0,0,0,6783783,2019-02-25 15:42:22,,4.2131946,0.0,0,,2322156.0,0.0,0.0,146
,[],22,[],2018-11-20 23:01:11,0.0,0,0,4862114,2018-11-20 23:01:11,,2.56807021,0.0,,,61828.4988236,0.0,0.0,147
1,[],12,[],2019-03-07 09:36:34,289613.17930988,0.000001129999999999999980629101885287735029805844533257186412811279296875,0.000000000043584778,6865837,2019-03-07 09:36:34,btc,1.4695221378149177,0.0,0.000001129999999999999980629101885287735029805844533257186412811279296875,btc,31411.58597671,0.0143571419070136,0.0185020539999669,148
1,[],4,[],2019-03-07 09:49:52,253040.38065909,0.00000029,0.000000000011178514,6866009,2019-03-07 09:49:52,btc,219.99869808793855,0.0,0.00000029,btc,840456.57195852,0.0,0.0602252236456187,152
0,[],22,[],2019-03-07 09:49:55,0.0,0,0,6866010,2019-03-07 09:49:55,,0.0,0.0,0,,0.0,0.0,0.0,152
1,[],5,[],2019-03-07 09:49:56,0.0,0,0,6866011,2019-03-07 09:49:56,btc,0.0,0.0,0,btc,0.0,0.0,0.0,153
,[],16,[],2019-01-11 15:38:59,0.0,0,0,6366141,2019-01-11 15:38:59,btc,0.0,0.0,,btc,0.0,0.0,0.0,155
0,[],22,[],2019-03-07 09:50:01,0.0,0,0,6866012,2019-03-07 09:50:01,,6.7463875,0.0,0,,4674391.242592593,0.0,0.0,156
0,[],23,[],2019-01-20 23:24:29,0.0,0,0,6476932,2019-01-20 23:24:29,,0.0,0.0,0,,0.0,0.0,0.0,156
1,[],22,[],2019-03-07 09:50:07,7073.8,0.00005300,0.0000000020429698,6866013,2019-03-07 09:50:07,BTC,1.80343699,0.0,0.00005300,BTC,899.6422341958436,0.0,0.00104336,157
0,[],22,[],2019-03-07 09:50:11,0.0,0,0,6866014,2019-03-07 09:50:11,,50175.67608608,0.0,0,,54079135.04179466,0.0,0.0,158
,[],17,[],2018-11-20 22:56:10,0.0,0,0,4861976,2018-11-20 22:56:10,btc,1.1265625,0.0,,btc,1000.0,0.0,0.0,159
,[],20,[],2018-11-20 22:56:12,0.0,0,0,4861977,2018-11-20 22:56:12,btc,11912.7940471,0.0,,btc,34413894.3617,0.0,0.0,159
1,[],17,[],2019-03-07 07:36:01,29784.95,0.000001,0.000000000038729299999999995,6865219,2019-03-07 07:36:01,btc,0.03026736251542,0.0,0.000001,btc,144.46171372,0.0,0.00716147,168
1,[],12,[],2019-03-07 09:50:12,113312.24781466,0.0000056400000000000002106474716878636854744399897754192352294921875,0.000000000217402824,6866015,2019-03-07 09:50:12,btc,0.0167360255418503,0.0,0.0000056400000000000002106474716878636854744399897754192352294921875,btc,1434.75747897,0.0034402146306162,0.0117684976898465,168
0,[],22,[],2019-03-07 09:50:16,0.0,0,0,6866016,2019-03-07 09:50:16,,1.1339604,0.0,0,,520283.17470714403,0.0,0.0,169
1,[],22,[],2019-03-07 09:50:20,203585.5,0.00000002,0.000000000000770932,6866017,2019-03-07 09:50:20,BTC,13.2504702,0.0,0.00000002,BTC,146216.2939341018,8.4e-06,0.00207171,171
1,[],22,[],2019-03-07 09:50:25,350725.42261904763,0.0000001,0.00000000000385466,6866018,2019-03-07 09:50:25,BTC,2.81420738,0.0,0.0000001,"BTC,LTC",283566.7486340948,8.573e-05,0.01879764,173
1,[],5,[],2019-03-05 01:59:40,0.0,0,0,6845846,2019-03-05 01:59:40,btc,0.0,0.00384852,0,btc,0.0,0.0,0.0,175
1,[],22,[],2019-03-07 09:50:30,36500.0,0.00000021,0.000000000008094786,6866019,2019-03-07 09:50:30,BTC,0.54826403,0.0,0.00000021,BTC,138776.41384013777,0.0,0.00227,176
1,[],7,[],2019-03-07 09:50:39,0.0,0,0,6866020,2019-03-07 09:50:39,btc,410909.3760610273,0.0,0,btc,116679479.99755071,0.0,0.0,178
0,[],22,[],2019-03-07 09:50:42,0.0,0,0,6866021,2019-03-07 09:50:42,,1.00242438,0.0,0,,57522.0,0.0,0.0,178
0,[],2,[],2019-01-20 23:28:34,0.0,0,0,6477001,2019-01-20 23:28:34,,0.0,0.0,0,,0.0,0.0,0.0,178
1,[],5,[],2019-03-07 09:50:43,0.0,0,0,6866022,2019-03-07 09:50:43,btc,0.0,0.02844765,0,btc,0.0,0.0,0.0,179
1,[],22,[],2019-03-07 09:50:48,6947032.5,0.00000002,0.000000000000770932,6866023,2019-03-07 09:50:48,BTC,5.67356573,0.0,0.00000002,"BTC,LTC",18498890.756535422,4.296e-05,0.37388137,179
0,[],23,[],2019-01-20 23:25:08,0.0,0,0,6476952,2019-01-20 23:25:08,,0.0,0.0,0,,0.0,0.0,0.0,179
1,[],17,[],2019-03-07 09:50:50,10504.725,0.0000001,0.00000000000385466,6866024,2019-03-07 09:50:50,btc,5.201069583844808,0.0,0.0000001,btc,5033.45945,0.0,0.0010504725,180
1,[],22,[],2019-03-07 09:50:54,1978315.6363636365,0.00000105,0.00000000004047393,6866025,2019-03-07 09:50:54,BTC,0.25658594,0.0,0.00000105,"BTC,LTC",89067.09450204392,5.2389891e-17,2.26318305,180
1,[],26,[],2019-03-07 09:50:54,0.0,0.00000125,0.00000000004818325,6866026,2019-03-07 09:50:54,btc,0.0,200.0,0.00000125,btc,0.0,0.0,0.0,180
,[],7,[],2018-11-20 22:58:01,562227.975654,0.00000085,0.000000000036176765,4862015,2018-11-20 22:58:01,btc,21836.6059674,2491.87645172,,btc,749999.041456,0.00211021,0.127565380455,183
,[],5,[],2019-01-10 08:11:41,0.0,0,0,6347036,2019-01-10 08:11:41,btc,82.15055501,0.00261,,btc,1.19002445,0.0,0.0,187
1,[],24,[],2019-03-07 09:50:54,0.0,0.000000000001,3.85466e-17,6866027,2019-03-07 09:50:54,btc,0.0,0.0,0.000000000001,btc,0.0,0.0,0.0,187
,[],17,[],2018-11-16 20:58:10,4062536.27273,0.00000001,0.000000000000550501,4708775,2018-11-16 20:58:10,btc,3.36492563466,0.195460381006,,"btc,eth",110697919.549,0.0,0.0157628953496,187
0,[],22,[],2019-03-07 09:53:20,0.0,0,0,6866028,2019-03-07 09:53:20,,6.42840024,0.0,0,,79261.72429786829,0.0,0.0,191
0,[],22,[],2019-03-07 09:53:26,0.0,0,0,6866029,2019-03-07 09:53:26,,0.0,0.0,0,,0.0,0.0,0.0,197
0,[],23,[],2019-01-20 23:31:41,0.0,0,0,6477079,2019-01-20 23:31:41,,0.0,0.0,0,,0.0,0.0,0.0,199
0,[],22,[],2019-03-07 09:53:30,0.0,0,0,6866030,2019-03-07 09:53:30,,5.19077622,0.0,0,,21058553.0,0.0,0.0,199
1,[],26,[],2019-03-07 09:53:30,0.0,0.00000000,0,6866031,2019-03-07 09:53:30,btc,0.0,132004.0,0.00000000,btc,0.0,0.0,0.0,199
0,[],17,[],2019-01-30 16:32:01,0.0,0,0,6540827,2019-01-30 16:32:01,btc,6.802544163788159,0.0,0,btc,105897.55575295,0.0,0.0,200
0,[],2,[],2019-01-20 23:30:49,0.0,0,0,6477059,2019-01-20 23:30:49,,0.0,0.0,0,,0.0,0.0,0.0,201
1,[],4,[],2019-01-25 15:51:35,2084389.58565343,0.00000936,0.000000000333526752,6499557,2019-01-25 15:51:35,btc,2.0092503037378524,0.0,0.00000936,btc,160195.80207885,0.19272417,1.242687955921835,211
1,[],7,[],2019-03-07 09:53:32,1943443.43082442,0.000001129999999999999980629101885287735029805844533257186412811279296875,0.000000000043557658,6866032,2019-03-07 09:53:32,btc,15476653.348039996,1217130.4215,0.000001129999999999999980629101885287735029805844533257186412811279296875,btc,12863907.89028811,0.0,1.771643512649329,212
1,[],5,[],2019-03-07 09:53:34,0.0,0,0,6866033,2019-03-07 09:53:34,btc,0.0,0.36241487,0,btc,0.0,0.0,0.0,213
1,[],24,[],2019-03-07 09:53:34,0.0,0.000000120000,0.000000000004625592,6866034,2019-03-07 09:53:34,btc,0.0,0.0,0.000000120000,btc,0.0,0.0,0.0,213
1,[],26,[],2019-03-07 09:53:34,0.0,0.00000010,0.00000000000385466,6866035,2019-03-07 09:53:34,btc,0.0,0.0,0.00000010,btc,0.0,0.0,0.0,213
1,[],12,[],2019-01-25 02:44:32,207462.42853209,0.000001080000000000000035831255497387193287295303889550268650054931640625,0.000000000038610756000000006,6493050,2019-01-25 02:44:32,btc,85023.03793723314,0.0,0.000001080000000000000035831255497387193287295303889550268650054931640625,btc,43675.73520027,0.000146250909087,0.0348620860622024,213
1,[],22,[],2019-03-07 09:38:38,45166.0,0.00000002,0.000000000000771412,6865861,2019-03-07 09:38:38,BTC,2.23599134,0.0,0.00000002,BTC,701743.3963726171,0.00025208,0.00061247,216
1,[],27,[],2019-03-07 09:38:41,1304297.0,0.00000004,0.000000000001542824,6865862,2019-03-07 09:38:41,btc,318.0718494147724,0.0,0.00000004,"btc,ltc",240763.990324,0.0,0.03399984000025444,216
1,[],22,[],2019-03-07 09:53:38,197583.52409638555,0.00000189,0.000000000072853074,6866036,2019-03-07 09:53:38,BTC,12673.3831828,0.0,0.00000189,BTC,380844.8836360955,0.04222356,0.24430352,217
1,[],7,[],2019-03-07 09:53:39,0.0,0,0,6866037,2019-03-07 09:53:39,btc,77969.66166622133,0.0,0,btc,136268679.67428493,0.0,0.0,219
0,[],27,[],2019-03-07 09:53:41,0.0,0,0,6866038,2019-03-07 09:53:41,,0.04027288,0.0,0,btc,2037233.0,0.0,0.0,219
0.0000000000000052,[],28,[],2019-03-07 09:53:43,168861539.41,5.7200520000000004e-18,2.204885564232e-22,6866039,2019-03-07 09:53:43,doge,84451.8501148375,159767.896,0.00110001,"btc,doge",3563815.34751,0.0,1.6147780126034232e-11,219
1,[],22,[],2019-03-07 09:40:59,374290.0,0.00000005,0.00000000000192853,6865867,2019-03-07 09:40:59,BTC,2.78322425,0.0,0.00000005,BTC,94150.27041875875,0.00030745,0.01508416,221
1,[],24,[],2019-03-07 09:40:59,0.0,0.000000200000,0.00000000000771412,6865868,2019-03-07 09:40:59,btc,0.0,0.0,0.000000200000,btc,0.0,0.0,0.0,221
1,[],20,[],2019-03-07 09:53:45,39105329.5253,0.000000001,0.0000000000000385466,6866040,2019-03-07 09:53:45,btc,48.4427536687255,172770.0,0.000000001,btc,16154115.0042,0.00034554,0.0391053295253,224
0,[],22,[],2019-03-07 09:53:47,0.0,0,0,6866041,2019-03-07 09:53:47,,0.0,0.0,0,,0.0,0.0,0.0,224
1,[],26,[],2019-03-07 09:53:47,0.0,0.00000035,0.00000000001349131,6866042,2019-03-07 09:53:47,btc,0.0,0.0,0.00000035,btc,0.0,0.0,0.0,231
1,[],26,[],2019-03-07 09:41:07,0.0,0.00000005,0.00000000000192853,6865872,2019-03-07 09:41:07,btc,0.0,0.0,0.00000005,btc,0.0,0.0,0.0,234
0.0000000003540296,[],27,[],2019-03-07 09:41:09,2000.0,3.540296e-18,1.365513408976e-22,6865873,2019-03-07 09:41:09,eth,0.01134836604,0.0,0.00000001,"btc,eth",11462.996,0.0,7.080592e-15,234
1,[],4,[],2019-03-07 09:53:48,788875.3013917,0.00000072,0.000000000027753552,6866043,2019-03-07 09:53:48,btc,4.757476227816667,0.0,0.00000072,btc,1256941.16387024,0.0174818,0.2028560842319799,236
1,[],24,[],2019-03-07 09:53:48,0.0,0.000000300000,0.00000000001156398,6866044,2019-03-07 09:53:48,btc,0.0,0.0,0.000000300000,btc,0.0,0.0,0.0,236
1,[],20,[],2019-03-07 09:53:50,167181616.2801,0.00000006,0.000000000002312796,6866045,2019-03-07 09:53:50,btc,14.1694790700201,9679394.5905,0.00000006,btc,42349817.1668,0.5985260669555,0.5550279900784,237
0.0000000001415943,[],22,[],2019-03-07 09:53:53,751594.9,2.4071031000000003e-17,9.278564035446e-22,6866046,2019-03-07 09:53:53,LTC,0.04119358,0.0,0.00000017,LTC,7239.2,0.0,0.12541949,237
1,[],4,[],2019-03-07 09:53:54,8589208.35690307,0.00000035,0.00000000001349131,6866047,2019-03-07 09:53:54,btc,8.863788516588114,0.0,0.00000035,btc,10619644.08873067,0.48025813,2.1318075356545076,238
1,[],5,[],2019-03-07 09:53:56,0.0,0,0,6866048,2019-03-07 09:53:56,btc,0.0,0.00126513,0,btc,0.0,0.0,0.0,238
0,[],22,[],2019-03-06 06:43:11,0.0,0,0,6856376,2019-03-06 06:43:11,,0.41338918,0.0,0,,316326.5639027493,0.0,0.0,249
0.0000000001415943,[],22,[],2019-03-07 09:53:59,82163180.66666667,7.079715e-18,2.72898942219e-22,6866049,2019-03-07 09:53:59,LTC,1.75226253,0.0,0.00000005,LTC,25602455.09,0.0,2.70466333,252
1,[],28,[],2019-03-07 09:54:01,2916063.314,0.00000036,0.000000000013876776,6866050,2019-03-07 09:54:01,btc,164733.04183812838,239707.3009,0.00000036,btc,2763490.2178,0.0,0.46528950972,256
1,[],22,[],2019-03-07 09:41:31,1290561.0,0.00000003,0.000000000001157118,6865881,2019-03-07 09:41:31,BTC,31.48166323,0.0,0.00000003,BTC,719270.3457866946,5.5e-07,0.01764975,258
1,[],22,[],2019-03-07 09:54:05,48751.0,0.00000001,0.000000000000385466,6866051,2019-03-07 09:54:05,BTC,2.4175745,0.0,0.00000001,BTC,1762.0,0.0,0.00048751,259
1,[],5,[],2019-03-07 09:54:06,0.0,0,0,6866052,2019-03-07 09:54:06,btc,0.0,0.16604047,0,btc,0.0,0.0,0.0,264
1,[],20,[],2019-03-07 09:54:08,1254014.43,0.00000197,0.000000000075936802,6866053,2019-03-07 09:54:08,btc,7.4740477675574,76199.2875,0.00000197,btc,108332.3467,0.1594257552005,0.0182542696185,264
0,[],22,[],2019-03-07 09:54:11,0.0,0,0,6866054,2019-03-07 09:54:11,,8.45820143,0.0,0,,451287.34411321935,0.0,0.0,271
0,[],22,[],2019-03-07 09:54:14,0.0,0,0,6866055,2019-03-07 09:54:14,,266.25196314,0.0,0,,13937792677.692,0.0,0.0,272
0.0000000000000052,[],28,[],2019-03-07 09:54:15,246109411307.905,4.9400000000000004e-21,1.90420204e-25,6866056,2019-03-07 09:54:15,doge,37755113.64352727,7191655366.0,0.00000095,doge,191203425414.4123,0.0,7.400140090586498e-10,272
1,[],22,[],2019-03-07 09:41:54,183686.74,0.00000100,0.0000000000385706,6865887,2019-03-07 09:41:54,BTC,74.48662049,0.0,0.00000100,"BTC,LTC",46113.48778575859,0.015,0.06131062,281
1,[],22,[],2019-03-07 09:41:58,306810.5,0.0000002,0.00000000000771412,6865888,2019-03-07 09:41:58,BTC,0.15907508,0.0,0.0000002,BTC,77392.41704623878,0.01863225,0.03409134,286
0,[],22,[],2019-03-07 09:42:02,0.0,0,0,6865889,2019-03-07 09:42:02,,43639.64353002,0.0,0,,689847845.0,0.0,0.0,294
