pairValue,buyBook,exchangeId,sellBook,updated,buyTotal,satoshiPrice,usdPrice,exchangeLogId,created,bestPair,sellTotalBtc,volume,pairPrice,activePairs,sellTotal,volumeBtc,buyTotalBtc,coinId
1,[],3,[],2019-07-25 05:24:23,32141.63303570512,0.00810020000000000010842438058489278773777186870574951171875,0.00000081474403664,7836015,2019-07-25 05:24:23,btc,9.172565867212395,54.6768187744,0.00810020000000000010842438058489278773777186870574951171875,btc,27.965041085339,0.0,0.22621566940597904,1
1,[],4,[],2019-07-25 05:24:23,25414.1009834,0.00821662,0.0000008264539327839999,7836016,2019-07-25 05:24:23,btc,10.728882794048832,0.0,0.00821662,btc,443.86408538,0.94101566,1.0921730965039351,1
1,[],12,[],2019-07-25 05:24:28,81.42329763000001,0.008160000000000000586197757002082653343677520751953125,0.0000008207589120000001,7836017,2019-07-25 05:24:28,btc,0.2709520322364,0.0,0.008160000000000000586197757002082653343677520751953125,btc,24.4581578,2.555581351154,0.1031806985389,1
1,[],20,[],2019-07-25 05:24:31,932.8266,0.007840266,0.0000007885990431312,7836018,2019-07-25 05:24:31,btc,0.2230506497852,0.4382,0.007840266,btc,18.6242,0.0038747606,0.1347058866634,1
1,[],21,[],2019-07-25 05:24:33,2517.92910942,0.008180110000000000852748982538,0.000000822781640152,7836019,2019-07-25 05:24:33,btc,8.729854436906743,1497.3589046499999,0.0081801100000000008527489825382872368209064006805419921875,"btc,eth",1322.22291294,11.457412080276773,16.08178153511914,1
1,[],22,[],2019-07-25 05:24:36,1.3479,0.00900000,0.0000009052488,7836020,2019-07-25 05:24:36,BTC,0.01739824,0.0,0.00900000,BTC,0.3195712944891207,0.0,0.00402389,1
1,[],24,[],2019-07-25 05:24:37,0.0,0.000000000000,0,7836021,2019-07-25 05:24:37,btc,0.0,0.0,0.000000000000,btc,0.0,0.0,0.0,1
0.0,[],25,[],2019-07-25 05:24:38,0.0,0,0,7836022,2019-07-25 05:24:38,btc,17.350499999313424,275.99625453,0.0,btc,2042.31259756,2.273,0.0,1
1,[],26,[],2019-07-25 05:24:40,0.0,0,0,7836023,2019-07-25 05:24:40,,0.0,0.0,0,,0.0,0.0,0.0,1
1,[],28,[],2019-07-25 05:25:03,1057.021,0.008100000000,0.00000081472392,7836024,2019-07-25 05:25:03,btc,0.366027346,120388.75,0.008100000000,btc,21.9764,0.0,0.405010036,1
1,[],10,[],2019-07-13 08:58:05,251434.9725798,0.00271069,0.00000031407274150500003,7812232,2019-07-13 08:58:05,btc,6515.317158446701,1686.04548878,0.00271069,btc,2002.66956917,0.0,1.2639712180673435,1
1,[],5,[],2019-07-06 00:27:44,0.0,0,0,7800775,2019-07-06 00:27:44,btc,0.0,0.00190933,0,btc,0.0,0.0,0.0,1
0,[],2,[],2019-01-20 23:28:45,0.0,0,0,6477011,2019-01-20 23:28:45,,0.0,0.0,0,,0.0,0.0,0.0,1
1,[],22,[],2019-07-25 05:25:08,11550.3,0.0000002,0.00000000002011664,7836025,2019-07-25 05:25:08,BTC,21.00878619,0.0,0.0000002,"BTC,XMR",19931.59287795317,0.0,0.00143681,2
1,[],5,[],2019-07-06 00:28:14,0.0,0,0,7800785,2019-07-06 00:28:14,btc,0.0,0.00208797,0,btc,0.0,0.0,0.0,2
1,[],12,[],2019-07-25 05:25:11,4985355.73156839,0.000000067,0.0000000000067390744,7836026,2019-07-25 05:25:11,btc,42681.15171834707,0.0,0.000000067,btc,7358950.82758043,0.059962507952,0.2472767778941034,3
0,[],28,[],2019-07-25 05:25:12,0.0,0,0,7836027,2019-07-25 05:25:12,,0.0,0.0,0,,0.0,0.0,0.0,3
1,[],5,[],2019-06-03 14:48:58,0.0,0,0,7731126,2019-06-03 14:48:58,btc,0.0,0.05905545,0,btc,0.0,0.0,0.0,3
0,[],2,[],2019-01-20 23:31:32,0.0,0,0,6477077,2019-01-20 23:31:32,,0.0,0.0,0,,0.0,0.0,0.0,4
1,[],4,[],2019-07-23 19:39:19,5194762.69889617,0.00000005,0.00000000000508272,7830176,2019-07-23 19:39:19,btc,51.370046856622295,0.0,0.00000005,btc,1310172.08039262,0.0,0.0608782288383904,4
0,[],12,[],2019-07-10 21:32:46,0.0,0,0,7800866,2019-07-10 21:32:46,btc,641.7517620215584,0.0,0,btc,1208658.0779220702,0.0,0.0,5
0,[],2,[],2019-01-20 23:31:51,0.0,0,0,6477087,2019-01-20 23:31:51,,0.0,0.0,0,,0.0,0.0,0.0,6
1,[],11,[],2019-07-25 05:25:14,30210.0,0.00000001,0.0000000000010058320000000001,7836028,2019-07-25 05:25:14,btc,9583.579637523802,327823.0,0.00000001,btc,79682224.24121518,0.0,0.0003021,6
1,[],3,[],2019-07-25 05:25:15,11539.423274202672,0.00008925999999999999581258569580910489094094373285770416259765625,0.000000008978056431999999,7836029,2019-07-25 05:25:15,btc,1026.2995862397295,809.505049667,0.00008925999999999999581258569580910489094094373285770416259765625,btc,383.588895778193,0.0,0.03626113942797104,7
1,[],4,[],2019-07-25 05:25:15,313242.51286952,0.00009400,0.0000000094548208,7836030,2019-07-25 05:25:15,btc,13.80243985438797,0.0,0.00009400,btc,84367.14366424,3.35145831,2.858932356836943,7
1,[],5,[],2019-07-06 00:28:21,0.0,0,0,7800789,2019-07-06 00:28:21,btc,0.0,0.38662001,0,btc,0.0,0.0,0.0,7
1,[],20,[],2019-04-07 22:06:50,3201475.0482,0.000000001,0.000000000000051590000000000004,7213932,2019-04-07 22:06:50,btc,30.8005781811902,0.0,0.000000001,btc,23077405.3926,0.0,0.0032014750482,8
1,[],4,[],2019-02-17 11:22:43,4341674.27126056,0.00000002,0.0000000000007272960000000001,6696112,2019-02-17 11:22:43,btc,0.1997230937751353,0.0,0.00000002,btc,4109766.79808031,0.00215132,0.0479381022052112,10
1,[],5,[],2019-07-05 17:50:59,0.0,0,0,7799863,2019-07-05 17:50:59,btc,0.0,0.04857279,0,btc,0.0,0.0,0.0,12
0,[],2,[],2019-01-20 23:23:08,0.0,0,0,6476890,2019-01-20 23:23:08,,0.0,0.0,0,,0.0,0.0,0.0,12
1,[],4,[],2019-07-25 05:25:17,26552572.81331426,0.00000026,0.000000000026151632,7836031,2019-07-25 05:25:17,btc,6.000017542906762,0.0,0.00000026,btc,10887366.56880645,0.79677284,2.3737189911865353,12
0.0,[],25,[],2019-07-25 05:25:20,0.0,0,0,7836032,2019-07-25 05:25:20,,0.0,0.0,0.0,btc,0.0,0.0,0.0,12
1,[],4,[],2019-07-25 05:25:20,896523.46875286,0.00000338,0.000000000339971216,7836033,2019-07-25 05:25:20,btc,3.4075997553072335,0.0,0.00000338,btc,559590.279827,0.9059751,1.191992093260808,13
1,[],10,[],2019-07-25 05:25:23,680576.91437535,0.0000032,0.00000000032186624,7836034,2019-07-25 05:25:23,btc,666798.1242513177,12426.9453619,0.0000032,btc,1084396.90795592,0.0,0.1627957520836298,13
1,[],21,[],2019-07-25 05:25:25,2256370.63932876,0.000003350000000000000113103970634,0.00000000033695372,7836035,2019-07-25 05:25:25,btc,5.017585399689271,926929.36318632,0.0000033500000000000001131039706336878225556574761867523193359375,btc,1145250.91385306,3.18607747,5.382271963917395,13
1,[],4,[],2019-07-25 05:25:25,1210731.2677566,0.00000076,0.000000000076443232,7836036,2019-07-25 05:25:25,btc,21.78012594885655,0.0,0.00000076,btc,1332055.51461156,0.45597894,0.2243723483617239,14
1,[],12,[],2019-07-25 05:25:27,204526.32005314,0.00000088,0.00000000008851321600000001,7836037,2019-07-25 05:25:27,btc,189.68347821803266,0.0,0.00000088,btc,21614.77932759,0.005285993284,0.0203222899999501,14
1,[],26,[],2019-07-25 05:27:27,0.0,0.00000050,0.0000000000502916,7836038,2019-07-25 05:27:27,btc,0.0,0.0,0.00000050,btc,0.0,0.0,0.0,14
0,[],17,[],2019-05-03 00:53:32,0.0,0,0,7558876,2019-05-03 00:53:32,btc,0.0,0.0,0,btc,0.0,0.0,0.0,14
0,[],4,[],2019-07-25 05:27:28,0.0,0,0,7836039,2019-07-25 05:27:28,,0.0,0.0,0,,0.0,0.0,0.0,15
,[],12,[],2018-12-01 15:15:48,204241.84496,0.00000489,0.000000000202473384,5260204,2018-12-01 15:15:48,btc,49.5475654835,0.0,,btc,35763.2193806,0.0163153972027625,0.0203389899998,15
0,[],2,[],2019-01-20 23:23:38,0.0,0,0,6476906,2019-01-20 23:23:38,,0.0,0.0,0,,0.0,0.0,0.0,18
1,[],4,[],2019-07-25 05:27:29,34077.28697315,0.00000785,0.00000000078957812,7836040,2019-07-25 05:27:29,btc,2.416340592642883,0.0,0.00000785,btc,21345.98362525,0.01151471,0.0449375574821352,18
1,[],10,[],2019-07-25 05:27:30,389075.76250465,0.00000764,0.0000000007684556479999999,7836041,2019-07-25 05:27:30,btc,15.258489459930352,17138.1401993,0.00000764,btc,25167.45155662,0.0,0.2007470611827071,18
1,[],12,[],2019-07-25 05:27:32,5445.4755818,0.000008149999999999999895894907397941864246604382060468196868896484375,0.00000000081975308,7836042,2019-07-25 05:27:32,btc,0.5298401951423374,0.0,0.000008149999999999999895894907397941864246604382060468196868896484375,btc,2098.77966909,0.004451400399,0.015484322687733,18
0,[],17,[],2019-05-03 00:53:39,0.0,0,0,7558882,2019-05-03 00:53:39,btc,0.0,0.0,0,btc,0.0,0.0,0.0,18
0,[],2,[],2019-01-20 23:24:19,0.0,0,0,6476924,2019-01-20 23:24:19,,0.0,0.0,0,,0.0,0.0,0.0,19
1,[],3,[],2019-07-25 05:29:32,154915.01262610554,0.0000066699999999999996664061703566250827179828775115311145782470703125,0.000000000670889944,7836043,2019-07-25 05:29:32,btc,190.28021428364013,31342.8658386,0.0000066699999999999996664061703566250827179828775115311145782470703125,btc,18837.61688191042,0.0,0.0605945010056706,19
1,[],4,[],2019-07-25 05:29:33,237555.8482902,0.00000723,0.000000000727216536,7836044,2019-07-25 05:29:33,btc,5.481931986811255,0.0,0.00000723,btc,314189.02100921,0.89770283,1.0737770571095093,19
1,[],12,[],2019-07-25 05:29:35,121474.98993134,0.000006880000000000000196886777714677663198017398826777935028076171875,0.000000000692012416,7836045,2019-07-25 05:29:35,btc,10.694933869125622,0.0,0.000006880000000000000196886777714677663198017398826777935028076171875,btc,3808.12650979,0.00105891061,0.016147659999745,19
0,[],27,[],2019-07-25 05:29:44,0.0,0,0,7836046,2019-07-25 05:29:44,,0.0,0.0,0,btc,0.0,0.0,0.0,19
1,[],5,[],2019-07-06 02:01:19,0.0,0,0,7800799,2019-07-06 02:01:19,btc,0.0,0.0,0,btc,0.0,0.0,0.0,19
1,[],4,[],2019-07-25 05:29:44,10134312.93146834,0.00000003,0.000000000003017496,7836047,2019-07-25 05:29:44,btc,5.1993757251680215,0.0,0.00000003,btc,2216522.94173599,0.0,0.1116393680480168,20
0,[],4,[],2019-07-25 05:29:46,0.0,0,0,7836048,2019-07-25 05:29:46,,50519.76847811018,0.0,0,,168337399.48576924,0.0,0.0,21
0,[],12,[],2019-07-25 05:29:48,0.0,0,0,7836049,2019-07-25 05:29:48,btc,2616.93838826996,0.0,0,btc,11449159.79420575,0.0,0.0,21
0,[],17,[],2019-05-03 00:53:51,0.0,0,0,7558891,2019-05-03 00:53:51,btc,0.0,0.0,0,btc,0.0,0.0,0.0,21
1,[],12,[],2019-07-25 05:31:49,4725632044.937311,0.0000000025,0.00000000000025145800000000003,7836050,2019-07-25 05:31:49,btc,1620683759055.246,0.0,0.0000000025,btc,2241585622.954046,4.271485652585,3.7782244925361494,23
0.0000000002198714,[],27,[],2019-07-25 05:31:54,73435643.45583317,6.596142e-17,6.6346107001439996e-21,7836051,2019-07-25 05:31:54,eth,1295.1376347052221,803010.66315684,0.0000003,eth,2713791.55547653,7.0623631431521e-10,1.759929026036329e-09,23
1,[],4,[],2019-07-25 05:31:55,5961860.94571026,0.00000024,0.000000000024139968,7836052,2019-07-25 05:31:55,btc,11.5335744465388,0.0,0.00000024,btc,1740930.94603857,0.02929941,0.1196889771388245,24
0,[],22,[],2019-07-25 05:31:57,0.0,0,0,7836053,2019-07-25 05:31:57,,0.0,0.0,0,,0.0,0.0,0.0,24
0.0,[],25,[],2019-07-25 05:32:00,0.0,0,0,7836054,2019-07-25 05:32:00,,0.0,0.0,0.0,btc,0.0,0.0,0.0,24
1,[],4,[],2019-07-25 05:32:01,26964968.63262675,0.00000432,0.000000000434519424,7836055,2019-07-25 05:32:01,btc,14.966540035604442,0.0,0.00000432,btc,226229.15015276,0.1681027,0.4711159088823185,26
1,[],10,[],2019-07-25 05:32:03,229689.95249839,0.00000416,0.000000000418426112,7836056,2019-07-25 05:32:03,btc,25.734977232985763,4418.29881803,0.00000416,btc,18761.01345022,0.0,0.0564789635175706,26
0,[],2,[],2019-01-20 23:25:56,0.0,0,0,6476976,2019-01-20 23:25:56,,0.0,0.0,0,,0.0,0.0,0.0,26
1,[],5,[],2019-04-26 09:47:06,0.0,0,0,7465326,2019-04-26 09:47:06,btc,0.0,0.0,0,btc,0.0,0.0,0.0,27
1,[],3,[],2019-06-17 14:30:26,13571825.64059417,0.00000001,0.00000000000092914,7740112,2019-06-17 14:30:26,btc,3.485049956644059,4264730.43754,0.00000001,btc,23500048.28518193,0.0,0.1357182564059417,27
1,[],11,[],2019-07-15 06:07:59,993045.80216525,0.00000001,0.000000000001021634,7819506,2019-07-15 06:07:59,btc,67502.92060589766,178.77941309,0.00000001,btc,6487362.95640949,0.0,0.0099304580216525,27
0.0000000000935042,[],4,[],2019-07-25 05:32:03,517926828.8631052,8.5088822e-17,8.5585060009904e-21,7836057,2019-07-25 05:32:03,ltc,11.934755949024714,0.0,0.00000091,ltc,793835447.1301997,0.00079651,1.2077840475438557e-08,29
1,[],7,[],2019-07-25 05:32:05,0.0,0,0,7836058,2019-07-25 05:32:05,btc,1236880.8251761987,0.0,0,btc,38033040.59965129,0.0,0.0,29
0,[],17,[],2019-05-03 01:11:25,0.0,0,0,7559066,2019-05-03 01:11:25,btc,0.0,0.0,0,btc,0.0,0.0,0.0,30
1,[],4,[],2019-07-25 05:32:07,15157255.148079,0.00000007,0.000000000007040824,7836059,2019-07-25 05:32:07,btc,2.540626119980082,0.0,0.00000007,btc,2267280.20154144,0.0,0.1666577563571045,30
1,[],4,[],2019-07-25 05:34:08,223085.09294553,0.00003138,0.000000003156300816,7836060,2019-07-25 05:34:08,btc,4.7486519013064195,0.0,0.00003138,btc,70609.13751209,0.77851089,0.8543391679641839,31
1,[],21,[],2019-07-25 05:34:08,63248.29893767,0.00003232000000000000226440394213,0.000000003250849024,7836061,2019-07-25 05:34:08,btc,6.318230432859071,127453.17320073,0.000032320000000000002264403942131565372619661502540111541748046875,btc,147239.57257745,4.14741065,1.7280876407626837,31
0,[],2,[],2019-01-20 23:28:43,0.0,0,0,6477009,2019-01-20 23:28:43,,0.0,0.0,0,,0.0,0.0,0.0,32
0,[],4,[],2019-07-25 05:34:10,0.0,0,0,7836062,2019-07-25 05:34:10,,0.0,0.0,0,,0.0,0.0,0.0,33
1,[],12,[],2019-03-30 07:55:10,40641173.964,0.00000003,0.000000000001228359,7108785,2019-03-30 07:55:10,btc,4233210.82356125,0.0,0.00000003,btc,28378394.68333462,0.0126927883965248,0.90752895892,33
0.0000000000935042,[],4,[],2019-07-25 05:34:11,25639226.11210632,3.740168e-17,3.761980659776e-21,7836063,2019-07-25 05:34:11,ltc,5.07023468162665,0.0,0.0000004,ltc,170068581.9564535,0.0,2.4891032460849627e-10,34
1,[],5,[],2019-07-06 02:03:46,0.0,0,0,7800811,2019-07-06 02:03:46,btc,0.0,0.0,0,btc,0.0,0.0,0.0,34
0,[],4,[],2019-07-11 00:07:02,0.0,0,0,7801420,2019-07-11 00:07:02,,3.68295914902898e-08,0.0,0,,6667385825.224262,0.0,0.0,36
0.0000000002385992,[],27,[],2019-07-11 00:09:09,11642390.307056,6.9193768e-17,8.4302504017872e-21,7801421,2019-07-11 00:09:09,eth,1120.18186,0.0,0.00000029,"ltc,eth",2270631.0,0.0,1.3601704595377105e-10,36
0.0000000002926451,[],17,[],2019-05-02 18:17:47,200000.0,2.9264510000000002e-18,1.596703856561e-22,7556430,2019-05-02 18:17:47,eth,0.20942468735267253,0.0,0.00000001,"btc,eth",1018272.20243647,0.0,5.852902e-13,36
1,[],5,[],2019-05-31 13:28:21,0.0,0,0,7717484,2019-05-31 13:28:21,btc,0.0,0.0,0,btc,0.0,0.0,0.0,36
1,[],4,[],2019-07-25 05:34:12,12085398.02373944,0.00000009,0.000000000009052488,7836064,2019-07-25 05:34:12,btc,19772.326975597156,0.0,0.00000009,btc,828326.38896853,0.01043748,0.2161728375744013,37
1,[],12,[],2019-07-25 05:34:13,8292579.95238093,0.00000008,0.000000000008046656000000001,7836065,2019-07-25 05:34:13,btc,1651.654481264107,0.0,0.00000008,btc,2621016.53058034,0.034673320257,0.1810069928571415,37
1,[],17,[],2019-05-03 01:11:36,211752.74075282,0.00000025,0.000000000013700074999999998,7559074,2019-05-03 01:11:36,btc,0.055484923955058496,0.0,0.00000025,"btc,eth",1387.19918473,0.0,0.0005381851887916605,37
1,[],27,[],2019-07-25 05:36:17,10792.0,0.00000019,0.000000000019110808,7836066,2019-07-25 05:36:17,btc,22.62000024371233,0.0,0.00000019,btc,4248.824835,0.0,0.00164037,37
1,[],12,[],2019-07-25 05:36:19,203840.75598213,0.00000110999999999999996035831596741250137938550324179232120513916015625,0.00000000011164735199999999,7836067,2019-07-25 05:36:19,btc,555.647105029808,0.0,0.00000110999999999999996035831596741250137938550324179232120513916015625,btc,174254.59519286,0.07372391411,0.0488604948941579,42
0.0000000002198714,[],27,[],2019-07-25 05:36:25,3000.0,2.1987139999999998e-17,2.2115369000479997e-21,7836068,2019-07-25 05:36:25,eth,0.001005,0.0,0.0000001,"btc,eth",3.0,0.0,6.596142e-14,42
1,[],5,[],2019-07-06 02:03:47,0.0,0,0,7800812,2019-07-06 02:03:47,btc,0.0,0.14382058,0,btc,0.0,0.0,0.0,42
1,[],12,[],2019-03-13 09:13:29,1112112.0,0.00000001,0.000000000000386531,6919902,2019-03-13 09:13:29,btc,29058.00478931866,0.0,0.00000001,btc,5967681.93306694,9.99000999e-07,0.01112112,43
1,[],5,[],2019-04-26 22:38:52,0.0,0,0,7474154,2019-04-26 22:38:52,btc,0.0,0.02638891,0,btc,0.0,0.0,0.0,43
0,[],17,[],2019-04-26 22:38:53,0.0,0,0,7474155,2019-04-26 22:38:53,btc,0.0,0.0,0,btc,0.0,0.0,0.0,43
1,[],12,[],2019-03-05 01:54:08,639326.02,0.00000004,0.000000000001486676,6845775,2019-03-05 01:54:08,btc,11116042.728239931,0.0,0.00000004,btc,1103841.4595604,0.0003330765234764,0.014975410599999999,44
0.0000000000935042,[],4,[],2019-07-25 05:36:25,108456704.69012877,2.8986302e-17,2.9155350113264e-21,7836069,2019-07-25 05:36:25,ltc,4276.737952818918,0.0,0.00000031,ltc,29805440.11432587,0.0,5.020630113656871e-10,49
0.0000000000918887,[],4,[],2019-07-24 08:20:38,307965640.80159503,1.9296627e-17,1.8767841530318998e-21,7832322,2019-07-24 08:20:38,ltc,29916.151232365686,0.0,0.00000021,ltc,241508204.7582268,0.0,1.6048492813685802e-09,52
0,[],22,[],2019-07-25 05:36:28,0.0,0,0,7836070,2019-07-25 05:36:28,,10289.74058841,0.0,0,,278058119.4566013,0.0,0.0,57
0,[],27,[],2019-07-25 05:36:33,0.0,0,0,7836071,2019-07-25 05:36:33,,0.0,0.0,0,"btc,eth",0.0,0.0,0.0,57
0.0000000000935042,[],4,[],2019-07-25 05:36:33,649939402.7221276,9.35042e-19,9.40495164944e-23,7836072,2019-07-25 05:36:33,ltc,19.710415276420814,0.0,0.00000001,ltc,5518654425.16211,0.0,6.077206390001036e-10,58
1,[],12,[],2019-07-25 05:36:34,238907166.214512,0.0000000001,0.00000000000001005832,7836073,2019-07-25 05:36:34,btc,69468641.54680909,0.0,0.0000000001,btc,4257346973.88615,0.007002078254,0.0238907166214512,58
0.0000000000817944,[],22,[],2019-07-25 05:38:38,126877.0,8.17944e-19,8.22714249408e-23,7836074,2019-07-25 05:38:38,XMR,68.17454206,0.0,0.00000001,XMR,9626402.6,0.0,0.00126877,58
1,[],17,[],2019-05-03 01:12:09,1200000.0,0.0000000001,0.00000000000000548003,7559085,2019-05-03 01:12:09,btc,1e+24,0.0,0.0000000001,"btc,eth",39516342.31952568,0.0,0.00010000000058666061,58
0,[],22,[],2019-07-25 05:38:42,0.0,0,0,7836075,2019-07-25 05:38:42,,1000.95208651,0.0,0,,9038.133510458989,0.0,0.0,61
1,[],26,[],2019-07-25 05:38:42,0.0,0.00000013,0.000000000013075816,7836076,2019-07-25 05:38:42,btc,0.0,0.0,0.00000013,btc,0.0,0.0,0.0,61
1,[],27,[],2019-07-25 05:38:49,8400.0,0.00000018,0.000000000018104976,7836077,2019-07-25 05:38:49,btc,1.97314195,0.0,0.00000018,"btc,eth",10936.9,0.0,0.001512,61
1,[],28,[],2019-07-25 05:38:51,40290.0,0.00000008,0.000000000008046656,7836078,2019-07-25 05:38:51,btc,0.242343945415105,1622.0,0.00000008,btc,8016.46650005,0.0,0.0010232,61
1,[],5,[],2019-06-17 14:31:27,0.0,0,0,7740135,2019-06-17 14:31:27,btc,0.0,0.00079154,0,btc,0.0,0.0,0.0,61
1,[],4,[],2019-07-25 05:38:52,1280107.53872532,0.00000130,0.00000000013075816,7836079,2019-07-25 05:38:52,btc,9.589985677558266,0.0,0.00000130,btc,1537695.11432419,0.43902183,0.4302417121650617,67
0.0,[],25,[],2019-07-25 05:38:54,0.0,0,0,7836080,2019-07-25 05:38:54,,0.0,0.0,0.0,btc,0.0,0.0,0.0,67
1,[],12,[],2019-06-02 06:23:14,910048.355,0.00000006,0.000000000005154929999999999,7725270,2019-06-02 06:23:14,btc,5.167005424215783,0.0,0.00000006,btc,738530.60239759,0.003159757462,0.0187188113,71
,[],5,[],2018-11-20 23:02:39,1.5e-07,0.00000005,0.000000000002128045,4862160,2018-11-20 23:02:39,btc,2.84511358,0.0,,btc,0.00036572,0.0,0.07381892,74
1,[],5,[],2019-07-06 00:15:01,0.0,0,0,7800749,2019-07-06 00:15:01,btc,0.0,0.01883861,0,btc,0.0,0.0,0.0,75
0,[],4,[],2019-07-10 21:51:38,0.0,0,0,7800925,2019-07-10 21:51:38,,581890.2410093442,0.0,0,,38279594.33970312,0.0,0.0,81
0,[],20,[],2019-01-25 09:30:31,0.0,0,0,6495923,2019-01-25 09:30:31,btc,0.0,0.0,0,btc,0.0,0.0,0.0,81
1,[],4,[],2019-07-25 05:38:56,166314.48783468,0.00007850,0.0000000078957812,7836081,2019-07-25 05:38:56,btc,57.89405153883748,0.0,0.00007850,btc,116160.5467033,0.31394708,0.2557510735094741,82
1,[],21,[],2019-07-25 05:38:57,301217.50226182,0.00007310000000000000145664730278,0.00000000735263192,7836082,2019-07-25 05:38:57,btc,5.7512364819905395,1116.55337078,0.000073100000000000001456647302777724917177692987024784088134765625,btc,55537.38854045,0.08230362,2.402211853372328,82
0,[],17,[],2019-03-25 22:42:34,0.0,0,0,7038780,2019-03-25 22:42:34,btc,0.0445064681804024,0.0,0,btc,995513.18476001,0.0,0.0,84
0,[],4,[],2019-07-23 20:51:52,0.0,0,0,7830376,2019-07-23 20:51:52,,1.6413985531662756,0.0,0,,620289065.5915176,0.0,0.0,85
,[],22,[],2018-11-20 23:09:34,3408.1,0.0000001,0.0000000000041895,4862324,2018-11-20 23:09:34,BTC,0.04624735,0.0,,BTC,4990.0,0.0,0.00033081,86
0,[],22,[],2019-07-25 05:39:00,0.0,0,0,7836083,2019-07-25 05:39:00,,1.88313613,0.0,0,,721186.447368421,0.0,0.0,87
1,[],27,[],2019-07-25 05:39:04,10000.0,0.00000001,0.000000000001005832,7836084,2019-07-25 05:39:04,btc,4.772283202774,2000.0,0.00000001,btc,280142.29336,0.0001,0.0001,87
,[],2,[],2018-11-20 23:10:47,0.0,0,0,4862359,2018-11-20 23:10:47,,0.0,0.0,,,0.0,0.0,0.0,88
1,[],11,[],2019-07-13 06:40:01,299353.97557583,0.0000369999999999999981139219007442164866006351076066493988037109375,0.0000000043049315,7811813,2019-07-13 06:40:01,btc,156.70253706438987,1923.2,0.0000369999999999999981139219007442164866006351076066493988037109375,btc,146186.36192325,0.0,0.8075395878505254,89
0,[],2,[],2019-01-20 23:31:45,0.0,0,0,6477083,2019-01-20 23:31:45,,0.0,0.0,0,,0.0,0.0,0.0,91
1,[],12,[],2019-07-25 05:39:05,398914.77677426,0.00000065,0.00000000006537908,7836085,2019-07-25 05:39:05,btc,434.2938703720849,0.0,0.00000065,btc,230606.98735345,0.00032175,0.0318690729577414,91
1,[],22,[],2019-07-25 05:41:09,75900.0,0.00000001,0.000000000001005832,7836086,2019-07-25 05:41:09,BTC,0.495,0.0,0.00000001,"BTC,LTC",4.95,0.0,0.001659,91
0,[],17,[],2019-05-03 01:12:26,0.0,0,0,7559096,2019-05-03 01:12:26,btc,0.0,0.0,0,btc,0.0,0.0,0.0,91
1,[],22,[],2019-07-10 21:56:00,91614.0,0.00000002,0.000000000002352202,7800934,2019-07-10 21:56:00,BTC,11.8980079,0.0,0.00000002,"BTC,LTC",347503.789747713,0.0,0.06622228,95
0.0000000000935042,[],4,[],2019-07-25 05:41:09,541232753.4350138,2.8986302e-17,2.9155350113264e-21,7836087,2019-07-25 05:41:09,ltc,11.639487273961896,0.0,0.00000031,ltc,183816853.46146312,0.0,6.384817555997961e-10,96
0,[],12,[],2019-07-25 05:41:10,0.0,0,0,7836088,2019-07-25 05:41:10,btc,38.03144045813187,0.0,0,btc,11587841.8131868,0.0,0.0,96
0,[],17,[],2019-05-03 01:12:32,0.0,0,0,7559100,2019-05-03 01:12:32,btc,0.0,0.0,0,btc,0.0,0.0,0.0,96
0,[],2,[],2019-01-20 23:23:55,0.0,0,0,6476914,2019-01-20 23:23:55,,0.0,0.0,0,,0.0,0.0,0.0,100
1,[],4,[],2019-07-25 05:43:11,155133.40219129,0.00002350,0.0000000023637052,7836089,2019-07-25 05:43:11,btc,9.635843464287817,0.0,0.00002350,btc,184750.22108108,1.04814492,1.0088328136692983,100
1,[],22,[],2019-07-25 05:14:02,146000.0,0.00000002,0.00000000000200877,7835974,2019-07-25 05:14:02,BTC,26.50623849,0.0,0.00000002,BTC,10383.92,0.0,0.00162,101
1,[],4,[],2019-07-16 14:33:47,547933.05083038,0.00000126,0.000000000131120388,7825334,2019-07-16 14:33:47,btc,634.8524452924697,0.0,0.00000126,btc,812393.56021757,0.00301441,0.079245871140487,103
1,[],12,[],2019-07-25 05:14:03,58498922.0,0.000000003,0.0000000000003013155,7835975,2019-07-25 05:14:03,btc,349584.776508001,0.0,0.000000003,btc,110040784.51203796,0.000915551851,0.10094799700000001,105
0,[],27,[],2019-07-25 05:14:07,0.0,0,0,7835976,2019-07-25 05:14:07,,206.51115247409382,0.0,0,btc,3612339.54054744,0.0,0.0,105
1,[],22,[],2019-07-10 21:58:18,21333.0,0.00000001,0.000000000001176101,7800942,2019-07-10 21:58:18,BTC,51.38182867,0.0,0.00000001,BTC,470435.0,0.0,0.00021333,107
1,[],26,[],2019-07-10 21:58:18,0.0,0.00000000,0,7800943,2019-07-10 21:58:18,btc,0.0,0.0,0.00000000,btc,0.0,0.0,0.0,107
1,[],5,[],2019-07-06 00:19:31,0.0,0,0,7800761,2019-07-06 00:19:31,btc,0.0,0.0,0,btc,0.0,0.0,0.0,112
0,[],22,[],2019-07-25 05:43:15,0.0,0,0,7836090,2019-07-25 05:43:15,,6.79500102,0.0,0,,3375892.0833333335,0.0,0.0,112
1,[],27,[],2019-07-25 05:43:19,1.0,0.00000001,0.000000000001005832,7836091,2019-07-25 05:43:19,btc,0.0,0.0,0.00000001,"btc,eth",0.0,0.0,1e-08,112
1,[],4,[],2019-07-25 05:14:17,1166689.84274668,0.00000045,0.000000000045197325,7835979,2019-07-25 05:14:17,btc,6.838421354503306,0.0,0.00000045,btc,1191334.77204412,0.0420045,0.164452952920011,113
1,[],5,[],2019-07-06 00:19:43,0.0,0,0,7800765,2019-07-06 00:19:43,btc,0.0,0.0,0,btc,0.0,0.0,0.0,113
1,[],27,[],2019-07-25 05:16:22,95525.16595526,0.00000001,0.000000000001004385,7835980,2019-07-25 05:16:22,btc,3918.96495209,0.0,0.00000001,btc,92497.69,0.0,0.0009552516595526,116
1,[],17,[],2019-04-26 02:17:47,162738.278,0.00000004,0.0000000000021069000000000002,7461287,2019-04-26 02:17:47,btc,1.3331140273775473,0.0,0.00000004,btc,51796.221,0.0,0.00230953112,116
1,[],4,[],2019-07-18 16:30:54,1315571.55655546,0.00000231,0.000000000240609138,7830151,2019-07-18 16:30:54,btc,97.45214423295644,0.0,0.00000231,btc,453338.25653217,0.02253203,0.1939949889478389,120
1,[],7,[],2019-07-18 16:30:55,3748.91566159,0.0000075000000000000001900064307280846520598061033524572849273681640625,0.0000000007811985,7830152,2019-07-18 16:30:55,btc,231231.56046533308,193.90926286,0.0000075000000000000001900064307280846520598061033524572849273681640625,btc,4437.92755754,0.00147798,0.008882383768671,120
1,[],20,[],2019-04-07 18:42:29,1914137.0852,0.000000035,0.0000000000017871910000000002,7211992,2019-04-07 18:42:29,btc,32.2497668025648,25528.85,0.000000035,btc,1001975.4986,0.00089350975,0.0152723574729,125
1,[],22,[],2019-06-17 14:32:38,10000.0,0.00000001,0.00000000000092914,7740161,2019-06-17 14:32:38,BTC,0.032061,0.0,0.00000001,BTC,299316.7611111111,0.0,0.0001,126
1,[],4,[],2019-07-25 05:16:24,364018.33855676,0.00000358,0.00000000035956983,7835981,2019-07-25 05:16:24,btc,2.670628327806737,0.0,0.00000358,btc,228524.18580716,0.2200648,0.5339114951268185,131
0,[],2,[],2019-01-20 23:25:46,0.0,0,0,6476969,2019-01-20 23:25:46,,0.0,0.0,0,,0.0,0.0,0.0,131
1,[],17,[],2019-05-03 01:13:10,10000.0,0.00000001,0.000000000000548003,7559115,2019-05-03 01:13:10,btc,0.0953976503951408,0.0,0.00000001,btc,5037.62507334,0.0,0.0001,131
1,[],4,[],2019-07-25 05:18:25,9008.42288211,0.00006508,0.00000000653653758,7835982,2019-07-25 05:18:25,btc,0.5189558888586449,0.0,0.00006508,btc,237.27081697,0.0,0.0047040701195182,135
1,[],3,[],2019-07-13 16:51:20,187.26592867,0.00000001,0.000000000001140965,7813490,2019-07-13 16:51:20,btc,419.77407087449336,1935513.62324,0.00000001,btc,3179086.72005867,0.0,1.8726592866999999e-06,136
1,[],4,[],2019-07-25 05:18:26,904118.46204985,0.00000194,0.00000000019485069,7835983,2019-07-25 05:18:26,btc,25.63245519609625,0.0,0.00000194,btc,890589.25639639,0.12304107,0.2759702196797858,137
1,[],12,[],2019-07-25 05:18:27,37112.441115,0.00000190999999999999992415680542812150832787665422074496746063232421875,0.000000000191837535,7835984,2019-07-25 05:18:27,btc,20.682723593144367,0.0,0.00000190999999999999992415680542812150832787665422074496746063232421875,btc,39676.45627568,1.687e-05,0.0072385627136346,137
1,[],4,[],2019-07-25 05:18:28,511465.62678316,0.00006955,0.0000000069854976750000004,7835985,2019-07-25 05:18:28,btc,35.069601221158656,0.0,0.00006955,btc,95787.15316861,9.04709651,3.1587509702011904,142
1,[],20,[],2019-07-25 05:20:30,115884.274,0.000057573,0.0000000057825457605,7835986,2019-07-25 05:20:30,btc,1.0301620974228,304.4045,0.000057573,btc,25.9442,0.0198456077725,0.0262460556507,142
1,[],22,[],2019-07-25 05:20:34,10619.88,0.00000200,0.000000000200877,7835987,2019-07-25 05:20:34,BTC,1.55898515,0.0,0.00000200,BTC,835.8398331062671,0.0,0.00416696,142
0.0,[],25,[],2019-07-25 05:20:37,0.0,0,0,7835988,2019-07-25 05:20:37,,0.0,0.0,0.0,btc,0.0,0.0,0.0,142
1,[],28,[],2019-07-25 05:20:39,10097131.0,0.000058000000,0.000000005825433,7835989,2019-07-25 05:20:39,btc,0.52673002,4248.5158,0.000058000000,btc,1558.485,0.0,1.4793672,142
1,[],17,[],2019-05-03 01:13:16,32967.38636364,0.00000088,0.000000000048224264,7559122,2019-05-03 01:13:16,btc,20.06976206696776,0.0,0.00000088,btc,2746.079105,0.0,0.0105613000000032,142
1,[],5,[],2019-07-06 02:06:10,0.0,0,0,7800822,2019-07-06 02:06:10,btc,0.0,0.00140707,0,btc,0.0,0.0,0.0,142
0,[],22,[],2019-07-25 05:20:42,0.0,0,0,7835990,2019-07-25 05:20:42,,68.35849183,0.0,0,,759882689.3744589,0.0,0.0,143
0,[],22,[],2019-02-25 15:42:22,0.0,0,0,6783783,2019-02-25 15:42:22,,4.2131946,0.0,0,,2322156.0,0.0,0.0,146
,[],22,[],2018-11-20 23:01:11,0.0,0,0,4862114,2018-11-20 23:01:11,,2.56807021,0.0,,,61828.4988236,0.0,0.0,147
1,[],12,[],2019-04-21 06:38:04,193091.5971266,0.00000071,0.000000000037635183,7388679,2019-04-21 06:38:04,btc,2.301232411611175,0.0,0.00000071,btc,9957.48302385,0.00023528,0.0313308199999888,148
1,[],4,[],2019-03-19 21:31:25,255810.0415942,0.00000029,0.000000000011615747,6982695,2019-03-19 21:31:25,btc,218.94922712414143,0.0,0.00000029,btc,793529.37642722,0.00117,0.0608347789473395,152
0,[],22,[],2019-03-19 21:31:27,0.0,0,0,6982696,2019-03-19 21:31:27,,0.0,0.0,0,,0.0,0.0,0.0,152
1,[],5,[],2019-04-26 09:36:59,0.0,0,0,7465040,2019-04-26 09:36:59,btc,0.0,0.0,0,btc,0.0,0.0,0.0,153
,[],16,[],2019-01-11 15:38:59,0.0,0,0,6366141,2019-01-11 15:38:59,btc,0.0,0.0,,btc,0.0,0.0,0.0,155
0,[],22,[],2019-07-25 05:20:46,0.0,0,0,7835991,2019-07-25 05:20:46,,7.42843365,0.0,0,,5840816.592592592,0.0,0.0,156
0,[],23,[],2019-01-20 23:24:29,0.0,0,0,6476932,2019-01-20 23:24:29,,0.0,0.0,0,,0.0,0.0,0.0,156
1,[],22,[],2019-07-25 05:20:49,6996.0,0.00000001,0.000000000001004385,7835992,2019-07-25 05:20:49,BTC,1.7543039,0.0,0.00000001,BTC,57.0,0.0,6.996e-05,157
0,[],22,[],2019-07-23 20:07:56,0.0,0,0,7830260,2019-07-23 20:07:56,,50234.60468402,0.0,0,,54786159.03179465,0.0,0.0,158
,[],17,[],2018-11-20 22:56:10,0.0,0,0,4861976,2018-11-20 22:56:10,btc,1.1265625,0.0,,btc,1000.0,0.0,0.0,159
,[],20,[],2018-11-20 22:56:12,0.0,0,0,4861977,2018-11-20 22:56:12,btc,11912.7940471,0.0,,btc,34413894.3617,0.0,0.0,159
1,[],12,[],2019-07-10 22:05:17,232905.70345548,0.0000063199999999999996293047720141711209862478426657617092132568359375,0.000000000743295832,7800964,2019-07-10 22:05:17,btc,9.923963040252861,0.0,0.0000063199999999999996293047720141711209862478426657617092132568359375,btc,15215.45465465,0.0062861,0.033379940599723996,168
1,[],17,[],2019-05-03 01:13:36,42852.0,0.00000002,0.000000000001096006,7559132,2019-05-03 01:13:36,btc,0.04279856251542,0.0,0.00000002,btc,274.46171372,0.0,0.00052852,168
1,[],22,[],2019-05-17 03:01:52,10.0,0.00000001,0.000000000000778341,7642059,2019-05-17 03:01:52,BTC,41.95893009,0.0,0.00000001,BTC,1753972.7737547632,0.0,1e-07,169
1,[],22,[],2019-07-25 05:20:54,71174.0,0.00000001,0.000000000001004385,7835993,2019-07-25 05:20:54,BTC,27.84402585,0.0,0.00000001,"BTC,LTC",318769.3494737184,0.0,0.00090174,171
1,[],22,[],2019-07-25 05:20:59,418468.0,0.00000001,0.000000000001004385,7835994,2019-07-25 05:20:59,BTC,21.26034454,0.0,0.00000001,"BTC,LTC",1453038.186938432,2.615e-05,0.0141467,173
1,[],5,[],2019-07-06 02:08:45,0.0,0,0,7800830,2019-07-06 02:08:45,btc,0.0,0.00700197,0,btc,0.0,0.0,0.0,175
1,[],22,[],2019-07-25 05:21:02,10000.0,0.00000001,0.000000000001004385,7835995,2019-07-25 05:21:02,BTC,393.97654772,0.0,0.00000001,BTC,136275.61833431243,0.0,0.0001,176
1,[],22,[],2019-07-25 05:21:08,30.0,0.00000001,0.000000000001004385,7835996,2019-07-25 05:21:08,BTC,1.00205534,0.0,0.00000001,BTC,62828.0,0.0,3e-07,178
1,[],7,[],2019-07-01 10:15:32,0.0,0,0,7783526,2019-07-01 10:15:32,btc,521516.2326888725,0.0,0,btc,26809253.73522063,0.0,0.0,178
0,[],2,[],2019-01-20 23:28:34,0.0,0,0,6477001,2019-01-20 23:28:34,,0.0,0.0,0,,0.0,0.0,0.0,178
1,[],5,[],2019-07-06 02:08:50,0.0,0,0,7800832,2019-07-06 02:08:50,btc,0.0,6.904e-05,0,btc,0.0,0.0,0.0,179
0,[],22,[],2019-07-25 05:21:11,0.0,0,0,7835997,2019-07-25 05:21:11,,10.34065085,0.0,0,,15180647.071946677,0.0,0.0,179
0,[],23,[],2019-01-20 23:25:08,0.0,0,0,6476952,2019-01-20 23:25:08,,0.0,0.0,0,,0.0,0.0,0.0,179
1,[],22,[],2019-07-25 05:23:16,765492.2612458969,0.00000065,0.000000000065285025,7835998,2019-07-25 05:23:16,BTC,2.94273919,0.0,0.00000065,"BTC,LTC",200580.69465282618,0.00832208,0.5950536,180
1,[],26,[],2019-07-25 05:23:16,0.0,0.00000010,0.000000000010043850000000001,7835999,2019-07-25 05:23:16,btc,0.0,0.0,0.00000010,btc,0.0,0.0,0.0,180
1,[],17,[],2019-05-03 01:13:56,20504.725000000002,0.0000001,0.00000000000548003,7559141,2019-05-03 01:13:56,btc,5.2010695838400265,0.0,0.0000001,btc,5033.45945,0.0,0.0011504725,180
,[],7,[],2018-11-20 22:58:01,562227.975654,0.00000085,0.000000000036176765,4862015,2018-11-20 22:58:01,btc,21836.6059674,2491.87645172,,btc,749999.041456,0.00211021,0.127565380455,183
,[],5,[],2019-01-10 08:11:41,0.0,0,0,6347036,2019-01-10 08:11:41,btc,82.15055501,0.00261,,btc,1.19002445,0.0,0.0,187
,[],17,[],2018-11-16 20:58:10,4062536.27273,0.00000001,0.000000000000550501,4708775,2018-11-16 20:58:10,btc,3.36492563466,0.195460381006,,"btc,eth",110697919.549,0.0,0.0157628953496,187
1,[],24,[],2019-05-22 21:04:52,0.0,0.000000000014,0.0000000000000010960978,7670219,2019-05-22 21:04:52,btc,0.0,0.0,0.000000000014,btc,0.0,0.0,0.0,187
0,[],22,[],2019-07-13 22:02:15,0.0,0,0,7814314,2019-07-13 22:02:15,,7.54794454,0.0,0,,76361.7243344055,0.0,0.0,191
0,[],22,[],2019-06-17 14:33:34,0.0,0,0,7740182,2019-06-17 14:33:34,,0.0,0.0,0,,0.0,0.0,0.0,197
0,[],23,[],2019-01-20 23:31:41,0.0,0,0,6477079,2019-01-20 23:31:41,,0.0,0.0,0,,0.0,0.0,0.0,199
0,[],22,[],2019-07-25 05:23:20,0.0,0,0,7836000,2019-07-25 05:23:20,,12.82588123,0.0,0,,106829450.5,0.0,0.0,199
1,[],26,[],2019-07-25 05:23:20,0.0,0.00000000,0,7836001,2019-07-25 05:23:20,btc,0.0,0.0,0.00000000,btc,0.0,0.0,0.0,199
0,[],2,[],2019-01-20 23:30:49,0.0,0,0,6477059,2019-01-20 23:30:49,,0.0,0.0,0,,0.0,0.0,0.0,201
1,[],4,[],2019-01-25 15:51:35,2084389.58565343,0.00000936,0.000000000333526752,6499557,2019-01-25 15:51:35,btc,2.0092503037378524,0.0,0.00000936,btc,160195.80207885,0.19272417,1.242687955921835,211
1,[],7,[],2019-07-01 02:21:28,1170054124.6898527,0.00000018,0.000000000019815389999999997,7782694,2019-07-01 02:21:28,btc,1346735.6331920293,0.0,0.00000018,btc,5516233.71348162,0.0,11.954344045954047,212
1,[],12,[],2019-01-25 02:44:32,207462.42853209,0.000001080000000000000035831255497387193287295303889550268650054931640625,0.000000000038610756000000006,6493050,2019-01-25 02:44:32,btc,85023.03793723314,0.0,0.000001080000000000000035831255497387193287295303889550268650054931640625,btc,43675.73520027,0.000146250909087,0.0348620860622024,213
1,[],24,[],2019-07-14 17:01:36,0.0,0.000000200000,0.00000000002082346,7817375,2019-07-14 17:01:36,btc,0.0,0.0,0.000000200000,btc,0.0,0.0,0.0,213
1,[],26,[],2019-07-14 17:01:36,0.0,0.00000040,0.00000000004164692,7817376,2019-07-14 17:01:36,btc,0.0,0.0,0.00000040,btc,0.0,0.0,0.0,213
1,[],5,[],2019-05-30 00:07:46,0.0,0,0,7709357,2019-05-30 00:07:46,btc,0.0,0.06425239,0,btc,0.0,0.0,0.0,213
0,[],22,[],2019-07-25 05:23:26,0.0,0,0,7836002,2019-07-25 05:23:26,,9.54552254,0.0,0,,3658585.214064925,0.0,0.0,216
0,[],27,[],2019-07-25 05:23:31,0.0,0,0,7836003,2019-07-25 05:23:31,,174.0057896140976,0.0,0,"btc,ltc",444707.12534794,0.0,0.0,216
1,[],22,[],2019-07-25 05:23:34,1138955.5555555555,0.00000012,0.00000000001205262,7836004,2019-07-25 05:23:34,BTC,12055.84651091,0.0,0.00000012,BTC,559633.4987163736,0.0064647,0.03188587,217
1,[],7,[],2019-06-27 19:02:35,0.0,0,0,7772298,2019-06-27 19:02:35,btc,2123800.2774640615,0.0,0,btc,82333746.4752352,0.0,0.0,219
0,[],27,[],2019-07-24 21:30:20,0.0,0,0,7834589,2019-07-24 21:30:20,,250.20903224,0.0,0,btc,46758.85,0.0,0.0,219
0,[],28,[],2019-07-24 21:30:36,0.0,0,0,7834590,2019-07-24 21:30:36,,0.0,0.0,0,,0.0,0.0,0.0,219
0,[],22,[],2019-07-23 20:11:38,0.0,0,0,7830275,2019-07-23 20:11:38,,57.73116496,0.0,0,,182427.70709740353,0.0,0.0,221
1,[],24,[],2019-07-23 20:11:38,0.0,0.000000010000,0.0000000000010165440000000001,7830276,2019-07-23 20:11:38,btc,0.0,0.0,0.000000010000,btc,0.0,0.0,0.0,221
1,[],20,[],2019-06-17 14:34:11,26882155.8301,0.000000003,0.000000000000278742,7740192,2019-06-17 14:34:11,btc,100050.81956632523,233521.3529,0.000000003,btc,38769742.8604,0.0007925640587,0.0306863532672,224
0,[],22,[],2019-06-17 14:34:13,0.0,0,0,7740193,2019-06-17 14:34:13,,0.0,0.0,0,,0.0,0.0,0.0,224
1,[],26,[],2019-07-25 05:23:34,0.0,0.00000022,0.00000000002209647,7836005,2019-07-25 05:23:34,btc,0.0,0.0,0.00000022,btc,0.0,0.0,0.0,231
1,[],26,[],2019-07-25 05:23:34,0.0,0.00000008,0.00000000000803508,7836006,2019-07-25 05:23:34,btc,0.0,0.0,0.00000008,btc,0.0,0.0,0.0,234
0.00000000021993889999999998,[],27,[],2019-07-25 05:23:39,100.0,2.199389e-18,2.209033320765e-22,7836007,2019-07-25 05:23:39,eth,0.0,0.0,0.00000001,"btc,eth",0.0,0.0,2.1993889999999998e-16,234
1,[],5,[],2019-07-06 02:11:21,0.0,0,0,7800842,2019-07-06 02:11:21,btc,0.0,0.10652887,0,btc,0.0,0.0,0.0,237
1,[],22,[],2019-07-25 05:23:45,2167650.0,0.00000006,0.00000000000602631,7836008,2019-07-25 05:23:45,BTC,1.20109922,0.0,0.00000006,"BTC,LTC",14430.948717948719,0.0,0.02730834,237
1,[],20,[],2019-07-25 04:54:31,99103644.5406,0.000000051,0.0000000000051386172,7835891,2019-07-25 04:54:31,btc,517.9526975931532,3166752.997,0.000000051,btc,38341199.8622,0.1635304308784,0.8104560909803,237
1,[],5,[],2019-07-06 02:11:32,0.0,0,0,7800846,2019-07-06 02:11:32,btc,0.0,0.05525444,0,btc,0.0,0.0,0.0,238
1,[],4,[],2019-07-25 05:23:46,30348026.559247,0.00000008,0.00000000000803508,7836009,2019-07-25 05:23:46,btc,2.79308556129685,0.0,0.00000008,btc,12972880.38960558,0.1448728,0.7345959198996799,238
0.00000000009302299999999999,[],22,[],2019-07-25 05:23:50,419253.0,9.3023e-19,9.3430905855e-23,7836010,2019-07-25 05:23:50,LTC,0.40427224,0.0,0.00000001,LTC,496363.0639027493,0.0,0.00419253,249
0,[],22,[],2019-07-23 20:11:58,0.0,0,0,7830284,2019-07-23 20:11:58,,13.44711564,0.0,0,,43776457.3426455,0.0,0.0,252
1,[],28,[],2019-07-25 05:23:52,2341980.007,0.00000011,0.000000000011048235,7836011,2019-07-25 05:23:52,btc,164902.0131824862,522456.88103918,0.00000011,btc,4460267.567,0.0,0.14280641954,256
0.0000000000916764,[],22,[],2019-07-23 20:12:22,1517.0,9.16764e-19,9.31930943616e-23,7830286,2019-07-23 20:12:22,LTC,31474.63788373,0.0,0.00000001,LTC,1024398.9185893413,0.0,1.517e-05,258
1,[],22,[],2019-05-19 18:12:02,400.0,0.00000001,0.0000000000007957800000000001,7653905,2019-05-19 18:12:02,BTC,2.415167,0.0,0.00000001,BTC,157.0,0.0,4e-06,259
1,[],5,[],2019-07-02 14:44:15,0.0,0,0,7788374,2019-07-02 14:44:15,btc,0.0,0.02775788,0,btc,0.0,0.0,0.0,264
1,[],20,[],2019-07-25 05:23:55,997898.2197,0.000000238,0.000000000023904363,7836012,2019-07-25 05:23:55,btc,0.52507197357,33598.0503,0.000000238,btc,45975.9405,0.0110977450175,0.0086883773153,264
0,[],22,[],2019-04-12 17:57:27,0.0,0,0,7278186,2019-04-12 17:57:27,,66.37522201,0.0,0,,677842.4169881374,0.0,0.0,271
0,[],22,[],2019-07-25 05:23:57,0.0,0,0,7836013,2019-07-25 05:23:57,,33050469.74148113,0.0,0,,14261527780.7,0.0,0.0,272
0.000000000000002897,[],28,[],2019-07-25 05:23:59,346407407332.0,2.6073e-22,2.6187330105000005e-26,7836014,2019-07-25 05:23:59,doge,148525210478.7118,2264851756.0,0.00000009,doge,258226.681,0.0,3.622278754014743e-11,272
1,[],22,[],2019-05-23 07:12:29,219930.0,0.00000004,0.000000000003048688,7671985,2019-05-23 07:12:29,BTC,426.77835217,0.0,0.00000004,BTC,248664.3325962929,0.0,0.00739728,281
1,[],22,[],2019-07-23 20:12:52,672850.9,0.00000002,0.0000000000020330880000000002,7830290,2019-07-23 20:12:52,BTC,26.73750817,0.0,0.00000002,"BTC,LTC",1207871.5684827343,0.0004207,0.01909618,286
0,[],22,[],2019-07-12 21:46:03,0.0,0,0,7810176,2019-07-12 21:46:03,,7337942.20855518,0.0,0,,2077158967.6797826,0.0,0.0,294
