pairValue,buyBook,exchangeId,sellBook,updated,buyTotal,satoshiPrice,usdPrice,exchangeLogId,created,bestPair,sellTotalBtc,volume,pairPrice,activePairs,sellTotal,volumeBtc,buyTotalBtc,coinId
1,[],3,[],2019-05-25 15:02:50,364.993891253085,0.0102530299999999997828670217359103844501078128814697265625,0.0000008244348639670001,7684418,2019-05-25 15:02:50,btc,7.912388153825788,62.9270070188,0.0102530299999999997828670217359103844501078128814697265625,btc,26.492703289228,0.0,0.33613412500814394,1
1,[],4,[],2019-05-25 15:02:52,207682.53284158,0.01067006,0.0000008579677875340001,7684419,2019-05-25 15:02:52,btc,8.577647484192727,0.0,0.01067006,btc,378.90380589,0.61833856,0.5181633771520087,1
1,[],5,[],2019-05-25 15:02:57,0.0,0,0,7684420,2019-05-25 15:02:57,btc,0.0,0.24222433,0,btc,0.0,0.0,0.0,1
1,[],10,[],2019-05-25 15:02:59,228101.44612445,0.00763495,0.0000006139179310550001,7684421,2019-05-25 15:02:59,btc,6525.834836423421,1619.12632052,0.00763495,btc,1390.44657926,0.0,2.5944196746724875,1
1,[],12,[],2019-05-25 15:03:02,74.46207236,0.01069999999999999944211293012585883843712508678436279296875,0.00000086037523,7684422,2019-05-25 15:03:02,btc,0.2095029352777,0.0,0.01069999999999999944211293012585883843712508678436279296875,btc,18.46790697,0.2061538508552,0.2069575795941,1
1,[],20,[],2019-05-25 15:03:03,973.6556,0.01026284,0.000000825223675276,7684423,2019-05-25 15:03:03,btc,0.2187969073444,0.0904,0.01026284,btc,16.7263,0.0010293025704,0.1099302964609,1
1,[],21,[],2019-05-25 15:03:05,1970.7246079,0.01074976000000000056489035671,0.0000008643763768640001,7684424,2019-05-25 15:03:05,btc,10.87867088101475,4888.1756921099995,0.0107497600000000005648903567134766490198671817779541015625,"btc,eth",1351.15348261,50.84798329792569,17.29312224617829,1
1,[],22,[],2019-05-25 15:03:10,0.0025666666666666667,0.00900000,0.0000007236801000000001,7684425,2019-05-25 15:03:10,BTC,0.31629903,0.0,0.00900000,BTC,0.2505752479991019,0.0,2.31e-05,1
1,[],24,[],2019-05-25 15:03:10,0.0,0.000000000000,0,7684426,2019-05-25 15:03:10,btc,0.0,0.0,0.000000000000,btc,0.0,0.0,0.0,1
0.0,[],25,[],2019-05-25 15:03:11,0.0,0,0,7684427,2019-05-25 15:03:11,btc,8.256099999448686,6018.39381417,0.0,btc,747.30138472,65.4083,0.0,1
1,[],26,[],2019-05-25 15:03:14,0.0,0,0,7684428,2019-05-25 15:03:14,,0.0,0.0,0,,0.0,0.0,0.0,1
0,[],28,[],2019-05-25 15:03:26,0.0,0,0,7684429,2019-05-25 15:03:26,,0.0,361303.7,0,,0.0,0.0,0.0,1
0,[],2,[],2019-01-20 23:28:45,0.0,0,0,6477011,2019-01-20 23:28:45,,0.0,0.0,0,,0.0,0.0,0.0,1
1,[],5,[],2019-05-25 15:03:31,0.0,0,0,7684430,2019-05-25 15:03:31,btc,0.0,0.0002602,0,btc,0.0,0.0,0.0,2
0,[],22,[],2019-05-25 15:03:34,0.0,0,0,7684431,2019-05-25 15:03:34,,0.0,0.0,0,,0.0,0.0,0.0,2
1,[],5,[],2019-05-25 15:03:36,0.0,0,0,7684432,2019-05-25 15:03:36,btc,0.0,0.01955305,0,btc,0.0,0.0,0.0,3
1,[],12,[],2019-05-25 15:03:37,2442642.38512,0.000000113,0.000000000009086205700000001,7684433,2019-05-25 15:03:37,btc,4655.620749674322,0.0,0.000000113,btc,3144921.76411534,0.10156272949621532,0.18825064051856,3
0,[],28,[],2019-05-25 15:03:38,0.0,0,0,7684434,2019-05-25 15:03:38,,0.0,0.0,0,,0.0,0.0,0.0,3
0,[],2,[],2019-01-20 23:31:32,0.0,0,0,6477077,2019-01-20 23:31:32,,0.0,0.0,0,,0.0,0.0,0.0,4
1,[],4,[],2019-05-18 21:29:50,562734.9206932,0.00000010,0.000000000007298720000000001,7650946,2019-05-18 21:29:50,btc,41.9347137769675,0.0,0.00000010,btc,1123702.32192634,0.00052462,0.029254593370966,4
0,[],12,[],2019-05-25 13:23:02,0.0,0,0,7683952,2019-05-25 13:23:02,btc,0.406673004995005,0.0,0,btc,1035053.4995005,0.0,0.0,5
0,[],2,[],2019-01-20 23:31:51,0.0,0,0,6477087,2019-01-20 23:31:51,,0.0,0.0,0,,0.0,0.0,0.0,6
1,[],11,[],2019-05-25 15:03:39,7436289.776736,0.00000002,0.0000000000016081780000000002,7684435,2019-05-25 15:03:39,btc,9578.905428418988,1876667.0,0.00000002,btc,66537382.40931829,0.0,0.09709137276736,6
1,[],3,[],2019-05-25 15:03:40,1019.491805383792,0.000100000000000000004792173602385929598312941379845142364501953125,0.00000000804089,7684436,2019-05-25 15:03:40,btc,0.9753838768251772,151.533509258,0.000100000000000000004792173602385929598312941379845142364501953125,btc,306.831824434518,0.0,0.02606240193240915,7
1,[],4,[],2019-05-25 15:03:41,533760.59262472,0.00009212,0.000000007407267868,7684437,2019-05-25 15:03:41,btc,8.26233023366999,0.0,0.00009212,btc,49182.56470148,5.46153556,1.7078228065830603,7
1,[],5,[],2019-05-25 15:03:42,0.0,0,0,7684438,2019-05-25 15:03:42,btc,0.0,1.69362174,0,btc,0.0,0.0,0.0,7
1,[],20,[],2019-04-07 22:06:50,3201475.0482,0.000000001,0.000000000000051590000000000004,7213932,2019-04-07 22:06:50,btc,30.8005781811902,0.0,0.000000001,btc,23077405.3926,0.0,0.0032014750482,8
0,[],2,[],2019-01-20 23:22:42,0.0,0,0,6476876,2019-01-20 23:22:42,,0.0,0.0,0,,0.0,0.0,0.0,9
0,[],23,[],2019-01-20 23:22:48,0.0,0,0,6476878,2019-01-20 23:22:48,,0.0,0.0,0,,0.0,0.0,0.0,9
1,[],4,[],2019-05-25 15:03:44,20982137.63533155,0.00000053,0.000000000042616717,7684439,2019-05-25 15:03:44,btc,3.4159033659422673,0.0,0.00000053,btc,3268056.72284303,0.28369196,0.6770438199125549,9
0,[],28,[],2019-05-25 15:03:56,0.0,0,0,7684440,2019-05-25 15:03:56,,0.0,3700361.0,0,,0.0,0.0,0.0,9
1,[],1,[],2019-02-17 23:31:42,1822507.21,0.00000181000000000000003456111265232042484285557293333113193511962890625,0.000000000066086901,6701244,2019-02-17 23:31:42,btc,3.6990969245,17153386.5,0.00000181000000000000003456111265232042484285557293333113193511962890625,btc,1997391.71,31.11772986,3.2610482446,9
1,[],4,[],2019-02-17 11:22:43,4341674.27126056,0.00000002,0.0000000000007272960000000001,6696112,2019-02-17 11:22:43,btc,0.1997230937751353,0.0,0.00000002,btc,4109766.79808031,0.00215132,0.0479381022052112,10
1,[],4,[],2019-05-25 15:03:56,4640405.46595032,0.00000067,0.000000000053873963000000004,7684441,2019-05-25 15:03:56,btc,4.52732741122472,0.0,0.00000067,btc,4210011.86983265,0.65694308,1.4934225223643771,12
1,[],5,[],2019-05-25 15:03:58,0.0,0,0,7684442,2019-05-25 15:03:58,btc,0.0,0.05596799,0,btc,0.0,0.0,0.0,12
0,[],2,[],2019-01-20 23:23:08,0.0,0,0,6476890,2019-01-20 23:23:08,,0.0,0.0,0,,0.0,0.0,0.0,12
0.0,[],25,[],2019-05-25 15:03:59,0.0,0,0,7684443,2019-05-25 15:03:59,,0.0,0.0,0.0,btc,0.0,0.0,0.0,12
1,[],4,[],2019-05-25 15:04:00,404280.33481714,0.00000605,0.000000000486473845,7684444,2019-05-25 15:04:00,btc,2.0698645742137622,0.0,0.00000605,btc,251467.7397738,0.49488898,0.8442287158239892,13
1,[],10,[],2019-05-25 15:04:03,577145.46984291,0.00000589,0.000000000473608421,7684445,2019-05-25 15:04:03,btc,666803.2419909615,6098.2816283,0.00000589,btc,858733.50368543,0.0,0.3290837157354243,13
1,[],21,[],2019-05-25 15:04:06,1272425.49155523,0.000006119999999999999850113386463,0.000000000492102468,7684446,2019-05-25 15:04:06,btc,2.0449046396231063,479397.84982827,0.0000061199999999999998501133864625689540162056800909340381622314453125,btc,294738.15356886,2.9542778,5.543947141134959,13
1,[],4,[],2019-05-25 15:04:07,881294.63776922,0.00000071,0.000000000057090319000000003,7684447,2019-05-25 15:04:07,btc,4.100497407863544,0.0,0.00000071,btc,821033.35326725,0.02345138,0.1097926351409445,14
1,[],12,[],2019-05-25 15:04:08,138037.60141896,0.00000076,0.00000000006111076400000001,7684448,2019-05-25 15:04:08,btc,14.134357284713834,0.0,0.00000076,btc,21510.6348219,0.00141129,0.0175732299999784,14
1,[],26,[],2019-05-25 15:06:08,0.0,0.00000050,0.000000000040204450000000004,7684449,2019-05-25 15:06:08,btc,0.0,0.0,0.00000050,btc,0.0,0.0,0.0,14
0,[],17,[],2019-05-03 00:53:32,0.0,0,0,7558876,2019-05-03 00:53:32,btc,0.0,0.0,0,btc,0.0,0.0,0.0,14
0,[],4,[],2019-05-25 15:06:09,0.0,0,0,7684450,2019-05-25 15:06:09,,0.0,0.0,0,,0.0,0.0,0.0,15
,[],12,[],2018-12-01 15:15:48,204241.84496,0.00000489,0.000000000202473384,5260204,2018-12-01 15:15:48,btc,49.5475654835,0.0,,btc,35763.2193806,0.0163153972027625,0.0203389899998,15
1,[],4,[],2019-05-25 15:06:11,35802.53741035,0.00001250,0.00000000100511125,7684451,2019-05-25 15:06:11,btc,1.086564326361156,0.0,0.00001250,btc,17615.42403163,0.011546,0.0889872155317223,18
1,[],10,[],2019-05-25 15:06:13,307414.30189166,0.00001112,0.0000000008941469680000001,7684452,2019-05-25 15:06:13,btc,15.320396887918227,22814.9608007,0.00001112,btc,11685.96560074,0.0,0.0675803371242088,18
1,[],12,[],2019-05-25 15:06:13,6274.28534922,0.00001113000000000000016338493058487557618718710727989673614501953125,0.000000000894951057,7684453,2019-05-25 15:06:13,btc,0.0199590064290807,0.0,0.00001113000000000000016338493058487557618718710727989673614501953125,btc,1070.1234,0.000875798138253,0.012455215726701,18
0,[],2,[],2019-01-20 23:23:38,0.0,0,0,6476906,2019-01-20 23:23:38,,0.0,0.0,0,,0.0,0.0,0.0,18
0,[],17,[],2019-05-03 00:53:39,0.0,0,0,7558882,2019-05-03 00:53:39,btc,0.0,0.0,0,btc,0.0,0.0,0.0,18
0,[],2,[],2019-01-20 23:24:19,0.0,0,0,6476924,2019-01-20 23:24:19,,0.0,0.0,0,,0.0,0.0,0.0,19
1,[],3,[],2019-05-25 14:37:18,157673.10299680076,0.000007730000000000000528999587190437381423180340789258480072021484375,0.0000000006200565390000001,7684293,2019-05-25 14:37:18,btc,0.21075715421727506,3654.77071591,0.000007730000000000000528999587190437381423180340789258480072021484375,btc,5044.12958738648,0.0,0.0469908214603695,19
1,[],4,[],2019-05-25 14:37:19,155424.74429482,0.00000850,0.00000000068182155,7684294,2019-05-25 14:37:19,btc,3.690880954833908,0.0,0.00000850,btc,158617.9291929,0.40432243,0.5834677991857579,19
1,[],5,[],2019-05-25 14:37:21,0.0,0,0,7684295,2019-05-25 14:37:21,btc,0.0,8.25e-05,0,btc,0.0,0.0,0.0,19
1,[],12,[],2019-05-25 14:37:23,15433.4384173,0.000008260000000000000536779821980193361241617822088301181793212890625,0.000000000662570118,7684296,2019-05-25 14:37:23,btc,0.061934683582752,0.0,0.000008260000000000000536779821980193361241617822088301181793212890625,btc,1845.17136297,0.0044966804135849,0.0309781599994097,19
0,[],27,[],2019-05-25 14:37:28,0.0,0,0,7684297,2019-05-25 14:37:28,,0.0,0.0,0,btc,0.0,0.0,0.0,19
1,[],4,[],2019-05-25 14:37:29,10228410.21811859,0.00000007,0.000000000005615001,7684298,2019-05-25 14:37:29,btc,6.4307072950777595,0.0,0.00000007,btc,2332215.60836933,0.0,0.1274738176872813,20
1,[],4,[],2019-05-25 14:37:32,72826385.9473748,0.00000001,0.0000000000008021430000000001,7684299,2019-05-25 14:37:32,btc,1838.8394106938938,0.0,0.00000001,btc,64221456.81973631,0.00064804,0.728263859473748,21
1,[],12,[],2019-05-25 14:37:33,2505421.0,0.00000001,0.0000000000008021430000000001,7684300,2019-05-25 14:37:33,btc,1007.9918220815285,0.0,0.00000001,btc,4786327.07592407,5e-05,0.02505421,21
0,[],17,[],2019-05-03 00:53:51,0.0,0,0,7558891,2019-05-03 00:53:51,btc,0.0,0.0,0,btc,0.0,0.0,0.0,21
1,[],12,[],2019-05-25 14:39:34,6183604182.0,0.0000000004,0.000000000000032085720000000006,7684301,2019-05-25 14:39:34,btc,860897.0149262061,0.0,0.0000000004,btc,2421366839.5404596,0.09794639364879419,1.2503624462,23
0.00000000031275200000000005,[],27,[],2019-05-25 14:39:39,105401322.0,6.255040000000001e-18,5.017436550720001e-22,7684302,2019-05-25 14:39:39,eth,1169.9900408008,1036186902.4971983,0.00000002,eth,11990428.208,1.2962781045227201e-08,4.8455290361984e-10,23
1,[],4,[],2019-05-25 14:39:39,1891054.75989191,0.00000019,0.000000000015240717,7684303,2019-05-25 14:39:39,btc,13.469194410197916,0.0,0.00000019,btc,2095653.47761282,0.01084637,0.0579677162989384,24
1,[],22,[],2019-05-25 14:39:44,21.76,0.00000100,0.0000000000802143,7684304,2019-05-25 14:39:44,BTC,7.415e-05,0.0,0.00000100,BTC,23.919354838709676,0.0,1.186e-05,24
0.0,[],25,[],2019-05-25 14:39:45,0.0,0,0,7684305,2019-05-25 14:39:45,,0.0,0.0,0.0,btc,0.0,0.0,0.0,24
0,[],2,[],2019-01-20 23:25:56,0.0,0,0,6476976,2019-01-20 23:25:56,,0.0,0.0,0,,0.0,0.0,0.0,26
1,[],4,[],2019-05-25 14:39:46,306552.31056427,0.00000440,0.00000000035294292,7684306,2019-05-25 14:39:46,btc,9.898847930822411,0.0,0.00000440,btc,271864.50242593,0.08223811,0.1775121634176499,26
1,[],10,[],2019-05-25 14:39:48,160292.74285613,0.00000441,0.00000000035374506300000004,7684307,2019-05-25 14:39:48,btc,25.50842450766381,6341.40580326,0.00000441,btc,22134.16197196,0.0,0.033641690057844,26
1,[],5,[],2019-04-26 09:47:06,0.0,0,0,7465326,2019-04-26 09:47:06,btc,0.0,0.0,0,btc,0.0,0.0,0.0,27
1,[],3,[],2019-05-25 14:39:49,6620270.10144003,0.00000001,0.0000000000008021430000000001,7684308,2019-05-25 14:39:49,btc,3.3192745131647414,4775221.09545,0.00000001,btc,24187646.77813081,0.0,0.0662027010144003,27
1,[],11,[],2019-05-25 14:39:50,1069867.58157834,0.00000001,0.0000000000008021430000000001,7684309,2019-05-25 14:39:50,btc,67503.038056662,12744.4184217,0.00000001,btc,6639900.67919713,0.0,0.0106986758157834,27
1,[],4,[],2019-05-25 14:39:51,1206649995.4203012,0.00000001,0.0000000000008021430000000001,7684310,2019-05-25 14:39:51,btc,4.4422760307939,0.0,0.00000001,"btc,ltc",283342636.62344646,0.02994932,8.156824196649106,29
1,[],7,[],2019-05-25 14:39:52,86946601.03867684,0.00000001,0.0000000000008021430000000001,7684311,2019-05-25 14:39:52,btc,46548272.13260857,140639.567133,0.00000001,btc,35212441.45437391,0.00279375,0.8694660103867684,29
0,[],17,[],2019-05-03 01:11:25,0.0,0,0,7559066,2019-05-03 01:11:25,btc,0.0,0.0,0,btc,0.0,0.0,0.0,30
1,[],4,[],2019-05-25 14:39:54,15310914.76613376,0.00000006,0.000000000004812858,7684312,2019-05-25 14:39:54,btc,2.6731631581720796,0.0,0.00000006,btc,2184709.22679851,0.0,0.1742620172656754,30
1,[],4,[],2019-05-25 14:41:55,116246.56545155,0.00004730,0.0000000037941363900000006,7684313,2019-05-25 14:41:55,btc,3.652216421019615,0.0,0.00004730,btc,46585.89813651,0.31941099,0.3983565697519783,31
1,[],21,[],2019-05-25 14:41:56,112030.37918519,0.00004746000000000000299807054183,0.000000003806970678,7684314,2019-05-25 14:41:56,btc,4.673909216524391,57355.57020975,0.0000474600000000000029980705418264363970592967234551906585693359375,btc,88068.99164888,2.78533445,3.1629169072288756,31
0,[],2,[],2019-01-20 23:28:43,0.0,0,0,6477009,2019-01-20 23:28:43,,0.0,0.0,0,,0.0,0.0,0.0,32
1,[],12,[],2019-03-30 07:55:10,40641173.964,0.00000003,0.000000000001228359,7108785,2019-03-30 07:55:10,btc,4233210.82356125,0.0,0.00000003,btc,28378394.68333462,0.0126927883965248,0.90752895892,33
0,[],4,[],2019-05-25 14:41:57,0.0,0,0,7684315,2019-05-25 14:41:57,,0.0,0.0,0,,0.0,0.0,0.0,33
0.0000000001261668,[],4,[],2019-05-25 14:41:58,503082629.78619444,1.1355012e-17,9.108343390716001e-22,7684316,2019-05-25 14:41:58,ltc,3.510366675741151,0.0,0.00000009,ltc,155752026.03772944,0.0,1.7880743578563108e-09,34
1,[],5,[],2019-05-25 14:41:59,0.0,0,0,7684317,2019-05-25 14:41:59,btc,0.0,0.0,0,btc,0.0,0.0,0.0,34
0.0000000002926451,[],17,[],2019-05-02 18:17:47,200000.0,2.9264510000000002e-18,1.596703856561e-22,7556430,2019-05-02 18:17:47,eth,0.20942468735267253,0.0,0.00000001,"btc,eth",1018272.20243647,0.0,5.852902e-13,36
0.0000000001261668,[],4,[],2019-05-25 14:42:00,173756029.524,1.261668e-18,1.012038154524e-22,7684318,2019-05-25 14:42:00,ltc,4.5117333225952765e-08,0.0,0.00000001,ltc,7282756542.329723,0.0,2.1922242225748603e-10,36
1,[],5,[],2019-05-25 14:42:01,0.0,0,0,7684319,2019-05-25 14:42:01,btc,0.0,4.517e-05,0,btc,0.0,0.0,0.0,36
0.00000000031275200000000005,[],27,[],2019-05-25 14:44:10,57646505.372,6.255040000000001e-18,5.017436550720001e-22,7684320,2019-05-25 14:44:10,eth,1671.37095678,1658320397.632,0.00000002,"ltc,eth",7018079.0,7.884433202972193e-09,2.019203586913454e-10,36
1,[],17,[],2019-05-03 01:11:36,211752.74075282,0.00000025,0.000000000013700074999999998,7559074,2019-05-03 01:11:36,btc,0.055484923955058496,0.0,0.00000025,"btc,eth",1387.19918473,0.0,0.0005381851887916605,37
1,[],4,[],2019-05-25 14:44:11,10058702.95981054,0.00000018,0.000000000014438574000000001,7684321,2019-05-25 14:44:11,btc,19772.59691835322,0.0,0.00000018,btc,789545.48321193,0.00010026,0.1467520445713702,37
1,[],12,[],2019-05-25 14:44:12,3897522.80100001,0.00000018,0.000000000014438574,7684322,2019-05-25 14:44:12,btc,6.244571921177857,0.0,0.00000018,btc,1009592.37895036,0.0386348958941066,0.1997705989300017,37
1,[],27,[],2019-05-25 14:46:20,1600.0,0.00000015,0.000000000012032145,7684323,2019-05-25 14:46:20,btc,24.12156123602533,0.0,0.00000015,btc,5842.04443503,0.0,3e-05,37
1,[],5,[],2019-05-25 14:46:22,0.0,0,0,7684324,2019-05-25 14:46:22,btc,0.0,0.01710495,0,btc,0.0,0.0,0.0,42
1,[],12,[],2019-05-25 14:46:23,42971.58145317,0.00000095,0.000000000076203585,7684325,2019-05-25 14:46:23,btc,24.468134041133606,0.0,0.00000095,btc,49381.51623856,0.0136880165096905,0.0276436899999667,42
1,[],27,[],2019-05-25 14:46:32,806.0,0.00000100,0.0000000000802143,7684326,2019-05-25 14:46:32,btc,0.5699845831768,0.0,0.00000100,"btc,eth",1183.4448157,0.0,0.00020600000048651702,42
1,[],12,[],2019-03-13 09:13:29,1112112.0,0.00000001,0.000000000000386531,6919902,2019-03-13 09:13:29,btc,29058.00478931866,0.0,0.00000001,btc,5967681.93306694,9.99000999e-07,0.01112112,43
1,[],5,[],2019-04-26 22:38:52,0.0,0,0,7474154,2019-04-26 22:38:52,btc,0.0,0.02638891,0,btc,0.0,0.0,0.0,43
0,[],17,[],2019-04-26 22:38:53,0.0,0,0,7474155,2019-04-26 22:38:53,btc,0.0,0.0,0,btc,0.0,0.0,0.0,43
1,[],12,[],2019-03-05 01:54:08,639326.02,0.00000004,0.000000000001486676,6845775,2019-03-05 01:54:08,btc,11116042.728239931,0.0,0.00000004,btc,1103841.4595604,0.0003330765234764,0.014975410599999999,44
1,[],4,[],2019-05-25 14:46:33,115497677.04949152,0.00000001,0.0000000000008021430000000001,7684327,2019-05-25 14:46:33,btc,291324.1739889104,0.0,0.00000001,"btc,ltc",24741101.50369327,0.00367042,0.08915370803003236,49
0.0000000001261668,[],4,[],2019-05-25 14:46:34,135266675.49963978,3.5326704e-17,2.8337068326672002e-21,7684328,2019-05-25 14:46:34,ltc,22050.153722459516,0.0,0.00000028,ltc,155438777.51806283,0.0,6.123908240994626e-10,52
0,[],22,[],2019-05-25 14:46:37,0.0,0,0,7684329,2019-05-25 14:46:37,,10289.55991011,0.0,0,,308568058.4566013,0.0,0.0,57
0,[],27,[],2019-05-25 14:46:44,0.0,0,0,7684330,2019-05-25 14:46:44,,0.0,0.0,0,"btc,eth",0.0,0.0,0.0,57
1,[],17,[],2019-05-03 01:12:09,1200000.0,0.0000000001,0.00000000000000548003,7559085,2019-05-03 01:12:09,btc,1e+24,0.0,0.0000000001,"btc,eth",39516342.31952568,0.0,0.00010000000058666061,58
0.0000000001261668,[],4,[],2019-05-25 14:46:45,2921152426.991031,1.261668e-18,1.012038154524e-22,7684331,2019-05-25 14:46:45,ltc,19.263870593213486,0.0,0.00000001,ltc,5927513442.285598,0.0,3.68552454025692e-09,58
1,[],12,[],2019-05-25 14:46:46,1218458444.0,0.0000000001,0.000000000000008021430000000001,7684332,2019-05-25 14:46:46,btc,972513.3669016346,0.0,0.0000000001,btc,2322216145.050949,0.00017083724150849,0.1218458444,58
0.0000000001074258,[],22,[],2019-05-25 14:48:49,126877.0,1.074258e-18,8.617085348940001e-23,7684333,2019-05-25 14:48:49,XMR,68.17454206,0.0,0.00000001,XMR,9626402.6,0.0,0.00126877,58
1,[],5,[],2019-05-25 14:48:51,0.0,0,0,7684334,2019-05-25 14:48:51,btc,0.0,0.03107527,0,btc,0.0,0.0,0.0,61
1,[],22,[],2019-05-25 14:48:54,13613.833333333334,0.00000012,0.000000000009625716,7684335,2019-05-25 14:48:54,BTC,1002.29590883,0.0,0.00000012,BTC,15092.180177125656,0.0,0.00153269,61
1,[],26,[],2019-05-25 14:48:54,0.0,0.00000050,0.00000000004010715,7684336,2019-05-25 14:48:54,btc,0.0,0.0,0.00000050,btc,0.0,0.0,0.0,61
1,[],27,[],2019-05-25 14:49:02,11669.22,0.0000002,0.00000000001604286,7684337,2019-05-25 14:49:02,btc,1.9585411797246657,590.0,0.0000002,"btc,eth",12126.41663696,0.0002301,0.002287464,61
0,[],28,[],2019-05-25 14:49:04,0.0,0,0,7684338,2019-05-25 14:49:04,,0.0,764.0,0,,0.0,0.0,0.0,61
1,[],4,[],2019-05-25 14:49:05,1113908.80777985,0.00000083,0.00000000006657786900000001,7684339,2019-05-25 14:49:05,btc,2.534374530118263,0.0,0.00000083,btc,871210.87665366,0.01992534,0.6564284470181028,67
0.0,[],25,[],2019-05-25 14:49:07,0.0,0,0,7684340,2019-05-25 14:49:07,,0.0,0.0,0.0,btc,0.0,0.0,0.0,67
1,[],12,[],2019-05-25 14:49:08,800286.9999,0.00000006,0.000000000004812858,7684341,2019-05-25 14:49:08,btc,3.819001074625373,0.0,0.00000006,btc,772570.60639359,0.0024514438821241,0.017395139994,71
,[],5,[],2018-11-20 23:02:39,1.5e-07,0.00000005,0.000000000002128045,4862160,2018-11-20 23:02:39,btc,2.84511358,0.0,,btc,0.00036572,0.0,0.07381892,74
1,[],5,[],2019-05-25 14:49:09,0.0,0,0,7684342,2019-05-25 14:49:09,btc,0.0,0.05738804,0,btc,0.0,0.0,0.0,75
0,[],20,[],2019-01-25 09:30:31,0.0,0,0,6495923,2019-01-25 09:30:31,btc,0.0,0.0,0,btc,0.0,0.0,0.0,81
0,[],4,[],2019-05-25 14:49:10,0.0,0,0,7684343,2019-05-25 14:49:10,,133656.38088970783,0.0,0,,33439209.5909442,0.0,0.0,81
1,[],4,[],2019-05-25 14:49:13,25907.99895285,0.00005652,0.000000004533712236,7684344,2019-05-25 14:49:13,btc,18.804494053099795,0.0,0.00005652,btc,30044.86689411,0.20638778,0.2574301426950303,82
1,[],21,[],2019-05-25 14:49:15,61152.98520538,0.00005966000000000000138720632203,0.000000004785585138000001,7684345,2019-05-25 14:49:15,btc,3.722225962515131,9070.98367106,0.0000596600000000000013872063220343733291883836500346660614013671875,btc,51346.54884884,0.52552175,1.587000893021644,82
0,[],17,[],2019-03-25 22:42:34,0.0,0,0,7038780,2019-03-25 22:42:34,btc,0.0445064681804024,0.0,0,btc,995513.18476001,0.0,0.0,84
0.0000000001161485,[],4,[],2019-05-20 13:09:39,216715621.0206096,1.161485e-18,9.0533806701e-23,7657228,2019-05-20 13:09:39,ltc,1.6511566870244727,0.0,0.00000001,ltc,471032407.9048656,0.0,2.5171194308112273e-10,85
,[],22,[],2018-11-20 23:09:34,3408.1,0.0000001,0.0000000000041895,4862324,2018-11-20 23:09:34,BTC,0.04624735,0.0,,BTC,4990.0,0.0,0.00033081,86
1,[],22,[],2019-05-25 14:49:19,65156.0,0.00000001,0.0000000000008021430000000001,7684346,2019-05-25 14:49:19,BTC,1.45608405,0.0,0.00000001,BTC,314587.29736842104,0.0,0.00065156,87
0,[],27,[],2019-05-25 14:49:23,0.0,0,0,7684347,2019-05-25 14:49:23,,4.984226803001,0.0,0,btc,58405.44546,0.0,0.0,87
,[],2,[],2018-11-20 23:10:47,0.0,0,0,4862359,2018-11-20 23:10:47,,0.0,0.0,,,0.0,0.0,0.0,88
1,[],11,[],2019-05-25 14:49:25,72919.09214114,0.000106999999999999998757937991200606120401062071323394775390625,0.0000000085829301,7684348,2019-05-25 14:49:25,btc,181.71480551025766,272.8,0.000106999999999999998757937991200606120401062071323394775390625,btc,207480.67623958,0.0,4.496206572980299,89
0,[],2,[],2019-01-20 23:31:45,0.0,0,0,6477083,2019-01-20 23:31:45,,0.0,0.0,0,,0.0,0.0,0.0,91
0,[],17,[],2019-05-03 01:12:26,0.0,0,0,7559096,2019-05-03 01:12:26,btc,0.0,0.0,0,btc,0.0,0.0,0.0,91
1,[],12,[],2019-05-25 14:49:26,184741.05000000002,0.00000038,0.000000000030481434,7684349,2019-05-25 14:49:26,btc,87.41891232839106,0.0,0.00000038,btc,74892.49747371,0.0009438335015988,0.0208119925,91
1,[],22,[],2019-05-25 14:51:31,75910.55,0.0000002,0.00000000001604286,7684350,2019-05-25 14:51:31,BTC,0.495,0.0,0.0000002,"BTC,LTC",4.95,0.0,0.00165931,91
1,[],22,[],2019-04-09 20:17:52,374949.73333333334,0.00000015,0.000000000007771935,7235704,2019-04-09 20:17:52,BTC,6.87372503,0.0,0.00000015,"BTC,LTC",159980.01196797504,1.1e-05,0.80510266,95
0,[],12,[],2019-05-25 14:51:32,0.0,0,0,7684352,2019-05-25 14:51:32,btc,10.413221850000001,0.0,0,btc,7388960.0,0.0,0.0,96
0,[],17,[],2019-05-03 01:12:32,0.0,0,0,7559100,2019-05-03 01:12:32,btc,0.0,0.0,0,btc,0.0,0.0,0.0,96
0.0000000001261668,[],4,[],2019-05-25 14:51:32,540537823.2440535,4.7943384e-17,3.8457449871912e-21,7684351,2019-05-25 14:51:32,ltc,11.36139191141974,0.0,0.00000038,ltc,149945749.35404915,0.0,8.450708085908608e-10,96
1,[],4,[],2019-04-14 03:32:46,1039404.33283278,0.00000038,0.000000000019245518,7293458,2019-04-14 03:32:46,btc,4.170086055365747,0.0,0.00000038,btc,3097704.34561074,0.06260606,0.1859928211030784,99
1,[],4,[],2019-05-25 14:53:34,1631892.19084516,0.00002121,0.0000000017013453030000001,7684353,2019-05-25 14:53:34,btc,7.065532267516209,0.0,0.00002121,btc,139678.42491973,0.71481082,0.7889299027775185,100
0,[],2,[],2019-01-20 23:23:55,0.0,0,0,6476914,2019-01-20 23:23:55,,0.0,0.0,0,,0.0,0.0,0.0,100
1,[],22,[],2019-05-25 14:53:39,150000.0,0.00000002,0.0000000000016042860000000001,7684354,2019-05-25 14:53:39,BTC,24.83526409,0.0,0.00000002,BTC,11187.719,0.0,0.0017,101
1,[],4,[],2019-05-25 14:53:40,612438.80608433,0.00000155,0.000000000124332165,7684355,2019-05-25 14:53:40,btc,362.49645110037574,0.0,0.00000155,btc,619921.25947137,0.03376815,0.2582520233233796,103
1,[],12,[],2019-05-25 14:53:42,145794282.0,0.000000004,0.00000000000032085720000000006,7684356,2019-05-25 14:53:42,btc,552.6090566483595,0.0,0.000000004,btc,47062427.46579418,0.0013874370552448,0.193737601,105
0,[],27,[],2019-05-25 14:53:47,0.0,0,0,7684357,2019-05-25 14:53:47,,0.2696910323531397,80140.0,0,btc,1270803.35947933,0.0008014,0.0,105
1,[],22,[],2019-04-21 00:17:26,21333.0,0.00000001,0.000000000000532493,7385819,2019-04-21 00:17:26,BTC,51.38182867,0.0,0.00000001,BTC,470435.0,0.0,0.00021333,107
1,[],26,[],2019-04-21 00:17:26,0.0,0.00000000,0,7385820,2019-04-21 00:17:26,btc,0.0,0.0,0.00000000,btc,0.0,0.0,0.0,107
1,[],5,[],2019-05-25 14:53:48,0.0,0,0,7684358,2019-05-25 14:53:48,btc,0.0,1.678e-05,0,btc,0.0,0.0,0.0,112
0,[],22,[],2019-05-25 14:53:51,0.0,0,0,7684359,2019-05-25 14:53:51,,2.79635781,0.0,0,,3274992.0833333335,0.0,0.0,112
1,[],27,[],2019-05-25 14:53:57,1.0,0.00000001,0.0000000000008021430000000001,7684360,2019-05-25 14:53:57,btc,1.15032588,0.0,0.00000001,"btc,eth",1818.0,0.0,1e-08,112
1,[],4,[],2019-05-25 14:53:57,425843.34017084,0.00000099,0.000000000079412157,7684361,2019-05-25 14:53:57,btc,5.058403031843068,0.0,0.00000099,btc,597046.57480575,0.08832379,0.2025981817556579,113
1,[],5,[],2019-05-25 14:53:59,0.0,0,0,7684362,2019-05-25 14:53:59,btc,0.0,0.0,0,btc,0.0,0.0,0.0,113
1,[],17,[],2019-04-26 02:17:47,162738.278,0.00000004,0.0000000000021069000000000002,7461287,2019-04-26 02:17:47,btc,1.3331140273775473,0.0,0.00000004,btc,51796.221,0.0,0.00230953112,116
1,[],27,[],2019-05-22 05:13:01,210000.0,0.00000001,0.00000000000079145,7666372,2019-05-22 05:13:01,btc,3919.0005001478,0.0,0.00000001,btc,128660.871,0.0,0.0021,116
1,[],4,[],2019-05-21 22:31:11,138169.03963019,0.00000701,0.000000000558364025,7664793,2019-05-21 22:31:11,btc,150.95388250938234,0.0,0.00000701,btc,344631.17141974,0.07552974,0.4288357684941946,120
1,[],7,[],2019-05-21 22:31:12,3901.07750076,0.000010679999999999999389654892212320191902108490467071533203125,0.0000000008506887,7664794,2019-05-21 22:31:12,btc,231188.94669936574,0.0,0.000010679999999999999389654892212320191902108490467071533203125,btc,4133.83151364,0.0,0.0113888422364489,120
1,[],20,[],2019-04-07 18:42:29,1914137.0852,0.000000035,0.0000000000017871910000000002,7211992,2019-04-07 18:42:29,btc,32.2497668025648,25528.85,0.000000035,btc,1001975.4986,0.00089350975,0.0152723574729,125
1,[],22,[],2019-05-25 14:54:02,10000.0,0.00000001,0.0000000000008021430000000001,7684363,2019-05-25 14:54:02,BTC,0.032061,0.0,0.00000001,BTC,299316.7611111111,0.0,0.0001,126
1,[],4,[],2019-05-25 14:54:03,1871650.89568766,0.00000556,0.00000000044599150800000005,7684364,2019-05-25 14:54:03,btc,3.2340510800325246,0.0,0.00000556,btc,180413.28183671,0.0693915,0.4601357228432591,131
0,[],2,[],2019-01-20 23:25:46,0.0,0,0,6476969,2019-01-20 23:25:46,,0.0,0.0,0,,0.0,0.0,0.0,131
1,[],17,[],2019-05-03 01:13:10,10000.0,0.00000001,0.000000000000548003,7559115,2019-05-03 01:13:10,btc,0.0953976503951408,0.0,0.00000001,btc,5037.62507334,0.0,0.0001,131
1,[],4,[],2019-05-25 14:56:05,4728.94651351,0.00007918,0.000000006351368274,7684365,2019-05-25 14:56:05,btc,5.043853677243743,0.0,0.00007918,btc,247.17378338,0.0,0.0068732248091975,135
1,[],3,[],2019-05-25 14:56:06,433341.0025,0.00000001,0.0000000000008021430000000001,7684366,2019-05-25 14:56:06,btc,0.2182229820121786,1000968.8208,0.00000001,btc,1839466.80493701,0.0,0.0043334100250000005,136
1,[],4,[],2019-05-25 14:56:06,2246104.90218922,0.00000192,0.000000000154011456,7684367,2019-05-25 14:56:06,btc,106.7804654464458,0.0,0.00000192,btc,449922.81735788,0.07621637,0.5249326635448817,137
1,[],12,[],2019-05-25 14:56:08,77411.7765818,0.000002129999999999999935377213711173993715419783256947994232177734375,0.000000000170856459,7684368,2019-05-25 14:56:08,btc,57.79270223138042,0.0,0.000002129999999999999935377213711173993715419783256947994232177734375,btc,46734.38099734,0.0007714001852579,0.0180665899998887,137
1,[],4,[],2019-05-25 14:56:09,90958.39977762,0.00001635,0.0000000013115038050000002,7684369,2019-05-25 14:56:09,btc,9.459156847593231,0.0,0.00001635,btc,140113.18747588,0.67991037,0.9530272940840654,142
1,[],5,[],2019-05-25 14:56:10,0.0,0,0,7684370,2019-05-25 14:56:10,btc,0.0,0.05582585,0,btc,0.0,0.0,0.0,142
1,[],22,[],2019-05-25 14:58:14,11028.645,0.00001000,0.000000000802143,7684371,2019-05-25 14:58:14,BTC,3.2754788,0.0,0.00001000,BTC,1133.9993657797618,0.0,0.00745365,142
0.0,[],25,[],2019-05-25 14:58:17,0.0,0,0,7684372,2019-05-25 14:58:17,,0.0,0.0,0.0,btc,0.0,0.0,0.0,142
0,[],28,[],2019-05-25 14:58:19,0.0,0,0,7684373,2019-05-25 14:58:19,,0.0,0.0,0,,0.0,0.0,0.0,142
1,[],20,[],2019-05-25 13:51:09,209151.2072,0.000015,0.0000000012028935,7684050,2019-05-25 13:51:09,btc,1.6078963262084,0.0,0.000015,btc,9788.8796,0.0,0.0227640764043,142
1,[],17,[],2019-05-03 01:13:16,32967.38636364,0.00000088,0.000000000048224264,7559122,2019-05-03 01:13:16,btc,20.06976206696776,0.0,0.00000088,btc,2746.079105,0.0,0.0105613000000032,142
0,[],22,[],2019-05-25 14:58:22,0.0,0,0,7684374,2019-05-25 14:58:22,,65.54551512,0.0,0,,841441173.3,0.0,0.0,143
0,[],22,[],2019-02-25 15:42:22,0.0,0,0,6783783,2019-02-25 15:42:22,,4.2131946,0.0,0,,2322156.0,0.0,0.0,146
,[],22,[],2018-11-20 23:01:11,0.0,0,0,4862114,2018-11-20 23:01:11,,2.56807021,0.0,,,61828.4988236,0.0,0.0,147
1,[],12,[],2019-04-21 06:38:04,193091.5971266,0.00000071,0.000000000037635183,7388679,2019-04-21 06:38:04,btc,2.301232411611175,0.0,0.00000071,btc,9957.48302385,0.00023528,0.0313308199999888,148
1,[],4,[],2019-03-19 21:31:25,255810.0415942,0.00000029,0.000000000011615747,6982695,2019-03-19 21:31:25,btc,218.94922712414143,0.0,0.00000029,btc,793529.37642722,0.00117,0.0608347789473395,152
0,[],22,[],2019-03-19 21:31:27,0.0,0,0,6982696,2019-03-19 21:31:27,,0.0,0.0,0,,0.0,0.0,0.0,152
1,[],5,[],2019-04-26 09:36:59,0.0,0,0,7465040,2019-04-26 09:36:59,btc,0.0,0.0,0,btc,0.0,0.0,0.0,153
,[],16,[],2019-01-11 15:38:59,0.0,0,0,6366141,2019-01-11 15:38:59,btc,0.0,0.0,,btc,0.0,0.0,0.0,155
0,[],22,[],2019-05-25 14:58:27,0.0,0,0,7684375,2019-05-25 14:58:27,,6.80425924,0.0,0,,4675174.942592593,0.0,0.0,156
0,[],23,[],2019-01-20 23:24:29,0.0,0,0,6476932,2019-01-20 23:24:29,,0.0,0.0,0,,0.0,0.0,0.0,156
1,[],22,[],2019-05-25 14:58:31,7066.0,0.00000800,0.0000000006417144,7684376,2019-05-25 14:58:31,BTC,1.79802465,0.0,0.00000800,BTC,802.6461988741639,0.0,0.00062996,157
0,[],22,[],2019-05-21 23:40:32,0.0,0,0,7665049,2019-05-21 23:40:32,,50234.60468402,0.0,0,,54786159.03179465,0.0,0.0,158
,[],17,[],2018-11-20 22:56:10,0.0,0,0,4861976,2018-11-20 22:56:10,btc,1.1265625,0.0,,btc,1000.0,0.0,0.0,159
,[],20,[],2018-11-20 22:56:12,0.0,0,0,4861977,2018-11-20 22:56:12,btc,11912.7940471,0.0,,btc,34413894.3617,0.0,0.0,159
1,[],12,[],2019-05-24 02:51:20,9178.522006449999,0.00000191999999999999982841307998027158276954651228152215480804443359375,0.000000000151222656,7676256,2019-05-24 02:51:20,btc,149.80414728631675,0.0,0.00000191999999999999982841307998027158276954651228152215480804443359375,btc,1115.7451448499999,0.01783167678326,0.0120075778999181,168
1,[],17,[],2019-05-03 01:13:36,42852.0,0.00000002,0.000000000001096006,7559132,2019-05-03 01:13:36,btc,0.04279856251542,0.0,0.00000002,btc,274.46171372,0.0,0.00052852,168
1,[],22,[],2019-05-17 03:01:52,10.0,0.00000001,0.000000000000778341,7642059,2019-05-17 03:01:52,BTC,41.95893009,0.0,0.00000001,BTC,1753972.7737547632,0.0,1e-07,169
1,[],22,[],2019-05-25 14:58:37,203664.0,0.00000002,0.0000000000016042860000000001,7684377,2019-05-25 14:58:37,BTC,27.86316845,0.0,0.00000002,BTC,456748.2285507793,0.00017922,0.00213428,171
1,[],22,[],2019-05-25 14:58:41,389395.0,0.00000002,0.0000000000016042860000000001,7684378,2019-05-25 14:58:41,BTC,24.39867528,0.0,0.00000002,"BTC,LTC",1037850.9936183414,0.0,0.0054799,173
1,[],5,[],2019-05-25 14:58:43,0.0,0,0,7684379,2019-05-25 14:58:43,btc,0.0,0.0314594,0,btc,0.0,0.0,0.0,175
1,[],22,[],2019-05-25 14:58:47,90671.0,0.00000001,0.0000000000008021430000000001,7684380,2019-05-25 14:58:47,BTC,394.35459412,0.0,0.00000001,BTC,136275.61833431243,0.0,0.00090671,176
1,[],7,[],2019-05-25 14:58:49,0.0,0,0,7684381,2019-05-25 14:58:49,btc,522274.27757443755,188200.0,0,btc,28448585.55195737,0.001882,0.0,178
0,[],22,[],2019-05-25 14:58:52,0.0,0,0,7684382,2019-05-25 14:58:52,,1.00242428,0.0,0,,57512.0,0.0,0.0,178
0,[],2,[],2019-01-20 23:28:34,0.0,0,0,6477001,2019-01-20 23:28:34,,0.0,0.0,0,,0.0,0.0,0.0,178
1,[],5,[],2019-05-25 14:58:54,0.0,0,0,7684383,2019-05-25 14:58:54,btc,0.0,0.01352502,0,btc,0.0,0.0,0.0,179
0,[],22,[],2019-05-25 14:58:57,0.0,0,0,7684384,2019-05-25 14:58:57,,5.31370491,0.0,0,,13346087.311946675,0.0,0.0,179
0,[],23,[],2019-01-20 23:25:08,0.0,0,0,6476952,2019-01-20 23:25:08,,0.0,0.0,0,,0.0,0.0,0.0,179
1,[],22,[],2019-05-25 15:01:00,676832.9282683983,0.00000101,0.000000000081016443,7684385,2019-05-25 15:01:00,BTC,39.28937922,0.0,0.00000101,"BTC,LTC",151086.49648700783,0.00701492,0.57529921,180
1,[],26,[],2019-05-25 15:01:01,0.0,0.00000010,0.00000000000802143,7684386,2019-05-25 15:01:01,btc,0.0,50.0,0.00000010,btc,0.0,0.0,0.0,180
1,[],17,[],2019-05-03 01:13:56,20504.725000000002,0.0000001,0.00000000000548003,7559141,2019-05-03 01:13:56,btc,5.2010695838400265,0.0,0.0000001,btc,5033.45945,0.0,0.0011504725,180
,[],7,[],2018-11-20 22:58:01,562227.975654,0.00000085,0.000000000036176765,4862015,2018-11-20 22:58:01,btc,21836.6059674,2491.87645172,,btc,749999.041456,0.00211021,0.127565380455,183
,[],5,[],2019-01-10 08:11:41,0.0,0,0,6347036,2019-01-10 08:11:41,btc,82.15055501,0.00261,,btc,1.19002445,0.0,0.0,187
,[],17,[],2018-11-16 20:58:10,4062536.27273,0.00000001,0.000000000000550501,4708775,2018-11-16 20:58:10,btc,3.36492563466,0.195460381006,,"btc,eth",110697919.549,0.0,0.0157628953496,187
1,[],24,[],2019-05-22 21:04:52,0.0,0.000000000014,0.0000000000000010960978,7670219,2019-05-22 21:04:52,btc,0.0,0.0,0.000000000014,btc,0.0,0.0,0.0,187
0,[],22,[],2019-04-25 02:54:07,0.0,0,0,7447896,2019-04-25 02:54:07,,7.54794454,0.0,0,,76361.7243344055,0.0,0.0,191
0,[],22,[],2019-05-25 15:01:05,0.0,0,0,7684387,2019-05-25 15:01:05,,0.0,0.0,0,,0.0,0.0,0.0,197
0,[],23,[],2019-01-20 23:31:41,0.0,0,0,6477079,2019-01-20 23:31:41,,0.0,0.0,0,,0.0,0.0,0.0,199
0,[],22,[],2019-05-25 15:01:08,0.0,0,0,7684388,2019-05-25 15:01:08,,10.42185274,0.0,0,,95017504.0,0.0,0.0,199
1,[],26,[],2019-05-25 15:01:08,0.0,0.00000000,0,7684389,2019-05-25 15:01:08,btc,0.0,0.0,0.00000000,btc,0.0,0.0,0.0,199
0,[],2,[],2019-01-20 23:30:49,0.0,0,0,6477059,2019-01-20 23:30:49,,0.0,0.0,0,,0.0,0.0,0.0,201
1,[],4,[],2019-01-25 15:51:35,2084389.58565343,0.00000936,0.000000000333526752,6499557,2019-01-25 15:51:35,btc,2.0092503037378524,0.0,0.00000936,btc,160195.80207885,0.19272417,1.242687955921835,211
1,[],7,[],2019-05-25 15:01:11,24637900.52194933,0.00000038,0.000000000030481434,7684390,2019-05-25 15:01:11,btc,15200501.425677717,758297.799519,0.00000038,btc,10564618.08756119,0.0,2.1826545840479965,212
1,[],5,[],2019-05-25 15:01:14,0.0,0,0,7684391,2019-05-25 15:01:14,btc,0.0,0.02127176,0,btc,0.0,0.0,0.0,213
1,[],24,[],2019-05-25 15:01:14,0.0,0.000000090000,0.000000000007219287000000001,7684392,2019-05-25 15:01:14,btc,0.0,0.0,0.000000090000,btc,0.0,0.0,0.0,213
1,[],26,[],2019-05-25 15:01:14,0.0,0.00000040,0.00000000003208572,7684393,2019-05-25 15:01:14,btc,0.0,0.0,0.00000040,btc,0.0,0.0,0.0,213
1,[],12,[],2019-01-25 02:44:32,207462.42853209,0.000001080000000000000035831255497387193287295303889550268650054931640625,0.000000000038610756000000006,6493050,2019-01-25 02:44:32,btc,85023.03793723314,0.0,0.000001080000000000000035831255497387193287295303889550268650054931640625,btc,43675.73520027,0.000146250909087,0.0348620860622024,213
0,[],22,[],2019-05-25 15:01:17,0.0,0,0,7684394,2019-05-25 15:01:17,,9.61445386,0.0,0,,3661587.094064925,0.0,0.0,216
0,[],27,[],2019-05-25 15:01:24,0.0,0,0,7684395,2019-05-25 15:01:24,,65.9962516180052,0.0,0,"btc,ltc",404950.40768,0.0,0.0,216
1,[],22,[],2019-05-25 15:01:27,157953.0,0.00000028,0.000000000022460004,7684396,2019-05-25 15:01:27,BTC,12054.74707023,0.0,0.00000028,BTC,389802.820286833,0.01756499,0.01038048,217
1,[],7,[],2019-05-25 15:01:30,0.0,0,0,7684397,2019-05-25 15:01:30,btc,1234863.9748694147,0.0,0,btc,162552363.92083928,0.0,0.0,219
0,[],27,[],2019-05-25 15:01:36,0.0,0,0,7684398,2019-05-25 15:01:36,,0.105466823472,0.0,0,btc,3058319.8967,0.0,0.0,219
0,[],28,[],2019-05-25 15:01:39,0.0,0,0,7684399,2019-05-25 15:01:39,,0.0,136360.941,0,,0.0,0.0,0.0,219
1,[],22,[],2019-05-23 16:41:05,172069.0,0.00000004,0.0000000000031167080000000004,7674065,2019-05-23 16:41:05,BTC,56.76466137,0.0,0.00000004,BTC,127061.6482738741,0.0,0.00393676,221
1,[],24,[],2019-05-23 16:41:05,0.0,0.000000010000,0.0000000000007791770000000001,7674066,2019-05-23 16:41:05,btc,0.0,0.0,0.000000010000,btc,0.0,0.0,0.0,221
1,[],20,[],2019-05-25 15:01:42,5407813.9812,0.000000003,0.00000000000024064290000000003,7684400,2019-05-25 15:01:42,btc,100050.73314465614,509482.4998,0.000000003,btc,37995570.6156,0.0014696279994,0.0058102284812,224
0,[],22,[],2019-05-25 15:01:44,0.0,0,0,7684401,2019-05-25 15:01:44,,0.0,0.0,0,,0.0,0.0,0.0,224
1,[],26,[],2019-05-25 15:01:44,0.0,0.00000026,0.000000000020855718000000003,7684402,2019-05-25 15:01:44,btc,0.0,0.0,0.00000026,btc,0.0,0.0,0.0,231
1,[],26,[],2019-05-25 15:01:44,0.0,0.00000006,0.000000000004812858,7684403,2019-05-25 15:01:44,btc,0.0,100.0,0.00000006,btc,0.0,0.0,0.0,234
0,[],27,[],2019-05-25 15:01:53,0.0,0,0,7684404,2019-05-25 15:01:53,,0.01134836604,0.0,0,"btc,eth",11462.996,0.0,0.0,234
1,[],4,[],2019-05-22 17:06:12,91780.56053785,0.00000078,0.000000000061977552,7669277,2019-05-22 17:06:12,btc,5.573372450018177,0.0,0.00000078,btc,729173.93529783,0.0,0.0307060663355679,236
1,[],24,[],2019-05-22 17:06:12,0.0,0.000000010000,0.000000000000794584,7669278,2019-05-22 17:06:12,btc,0.0,0.0,0.000000010000,btc,0.0,0.0,0.0,236
1,[],5,[],2019-05-25 15:01:54,0.0,0,0,7684405,2019-05-25 15:01:54,btc,0.0,0.05092634,0,btc,0.0,0.0,0.0,237
1,[],20,[],2019-05-25 15:01:56,121684599.9504,0.000000044,0.0000000000035294292,7684406,2019-05-25 15:01:56,btc,58793.4321541555,1890506.5819,0.000000044,btc,44221187.7978,0.0859880213106,0.5006486313614,237
1,[],22,[],2019-05-25 15:02:00,363100.0,0.00000003,0.000000000002406429,7684407,2019-05-25 15:02:00,BTC,1.20267422,0.0,0.00000003,"BTC,LTC",17930.94871794872,0.0,0.009791,237
1,[],4,[],2019-05-25 15:02:01,27047206.38419466,0.00000012,0.000000000009625716,7684408,2019-05-25 15:02:01,btc,2.782765536737733,0.0,0.00000012,btc,9709687.059392,0.04360165,0.5820279943104761,238
1,[],5,[],2019-05-25 15:02:02,0.0,0,0,7684409,2019-05-25 15:02:02,btc,0.0,0.00923011,0,btc,0.0,0.0,0.0,238
0,[],22,[],2019-03-12 16:49:32,0.0,0,0,6914458,2019-03-12 16:49:32,,0.40415746,0.0,0,,526736.5639027493,0.0,0.0,249
0,[],22,[],2019-05-25 04:04:42,0.0,0,0,7682638,2019-05-25 04:04:42,,13.39584725,0.0,0,,40977695.3426455,0.0,0.0,252
0,[],28,[],2019-05-25 15:02:06,0.0,0,0,7684410,2019-05-25 15:02:06,,0.0,249435.0,0,,0.0,0.0,0.0,256
1,[],22,[],2019-05-25 15:02:10,1052904.0,0.00000001,0.0000000000008021430000000001,7684411,2019-05-25 15:02:10,BTC,21.85885958,0.0,0.00000001,BTC,542925.7509808998,0.0,0.01052904,258
1,[],22,[],2019-05-19 18:12:02,400.0,0.00000001,0.0000000000007957800000000001,7653905,2019-05-19 18:12:02,BTC,2.415167,0.0,0.00000001,BTC,157.0,0.0,4e-06,259
1,[],5,[],2019-05-25 15:02:11,0.0,0,0,7684412,2019-05-25 15:02:11,btc,0.0,0.06689796,0,btc,0.0,0.0,0.0,264
1,[],20,[],2019-05-25 15:02:12,893126.9909,0.000000334,0.0000000000267915762,7684413,2019-05-25 15:02:12,btc,0.9776074378558,15124.6324,0.000000334,btc,55334.0928,0.0103084333996,0.0062327218703,264
0,[],22,[],2019-04-12 17:57:27,0.0,0,0,7278186,2019-04-12 17:57:27,,66.37522201,0.0,0,,677842.4169881374,0.0,0.0,271
0,[],22,[],2019-05-25 15:02:15,0.0,0,0,7684414,2019-05-25 15:02:15,,33050467.47128113,0.0,0,,14361344993.7,0.0,0.0,272
0,[],28,[],2019-05-25 15:02:18,0.0,0,0,7684415,2019-05-25 15:02:18,,0.0,354982770.2,0,,0.0,0.0,0.0,272
1,[],22,[],2019-05-23 07:12:29,219930.0,0.00000004,0.000000000003048688,7671985,2019-05-23 07:12:29,BTC,426.77835217,0.0,0.00000004,BTC,248664.3325962929,0.0,0.00739728,281
1,[],22,[],2019-05-25 15:02:23,724846.6,0.00000006,0.000000000004812858,7684416,2019-05-25 15:02:23,BTC,2.64540754,0.0,0.00000006,"BTC,LTC",788063.6269034303,0.01034137,0.03052043,286
0,[],22,[],2019-05-25 15:02:25,0.0,0,0,7684417,2019-05-25 15:02:25,,7337899.5475411,0.0,0,,1884356788.7797825,0.0,0.0,294
