pairValue,buyBook,exchangeId,sellBook,updated,buyTotal,satoshiPrice,usdPrice,exchangeLogId,created,bestPair,sellTotalBtc,volume,pairPrice,activePairs,sellTotal,volumeBtc,buyTotalBtc,coinId
1,[],3,[],2019-02-14 19:48:08,141.80843880931099,0.0127601999999999993207211446133442223072052001953125,0.00000046058962715999996,6668151,2019-02-14 19:48:08,btc,107.07043034175064,0.96346156,0.0127601999999999993207211446133442223072052001953125,btc,21.936843205801,0.0,0.4196130448758003,1
1,[],4,[],2019-02-14 19:48:08,308.33725397,0.01304781,0.000000470971140198,6668152,2019-02-14 19:48:08,btc,0.6798846853664408,0.0,0.01304781,btc,48.56710649,1.03779597,1.345903499216796,1
1,[],5,[],2019-02-14 19:48:11,0.27205952,0.01291979,0.000000466350155882,6668153,2019-02-14 19:48:11,btc,14578.74609226,0.91695279,0.01291979,btc,35555556.20639835,0.0,2.29662705,1
1,[],10,[],2019-02-14 19:48:14,413413.85427118,0.011,0.0000003970538,6668154,2019-02-14 19:48:14,btc,6525.724034648345,1503.07735173,0.011,btc,1090.94652645,0.0,5.129089458799444,1
1,[],12,[],2019-02-14 19:48:17,10459.97126912,0.01282999999999999939104267099310163757763803005218505859375,0.000000463109114,6668155,2019-02-14 19:48:17,btc,0.3530035517987,0.0,0.01282999999999999939104267099310163757763803005218505859375,btc,20.04846153,3.4962942993759,0.5124914997952,1
1,[],20,[],2019-02-14 19:48:19,1152.1903,0.010500212,0.0000003790135523096,6668156,2019-02-14 19:48:19,btc,0.0573537536243,0.0,0.010500212,btc,2.5253,0.0,0.1009221821981,1
1,[],21,[],2019-02-14 19:48:20,2892.0159078799998,0.01288809999999999955644369720,0.00000046520627998,6668157,2019-02-14 19:48:20,btc,26.746630474834202,5136.88794926,0.01288809999999999955644369720175745896995067596435546875,"btc,eth",2626.55662622,58.95018493881072,27.699735740302767,1
1,[],22,[],2019-02-14 19:48:24,0.0280576,0.01350000,0.0000004872933,6668158,2019-02-14 19:48:24,BTC,0.3139634,0.0,0.01350000,BTC,0.10070366666666666,0.0,0.00036518,1
1,[],24,[],2019-02-14 19:48:25,0.0,0.000000000000,0,6668159,2019-02-14 19:48:25,btc,0.0,0.0,0.000000000000,btc,0.0,0.0,0.0,1
0.0,[],25,[],2019-02-14 19:48:25,0.0,0,0,6668160,2019-02-14 19:48:25,btc,25.00999999751687,1303.13565408,0.0,btc,1911.41027309,17.9193,0.0,1
1,[],26,[],2019-02-14 19:48:35,0.0,0,0,6668161,2019-02-14 19:48:35,,0.0,0.0,0,,0.0,0.0,0.0,1
1,[],28,[],2019-02-14 19:48:40,992.992,0.01250000,0.0000004511975,6668162,2019-02-14 19:48:40,btc,0.162839806,18053.15,0.01250000,btc,8.9,0.0,0.087170176,1
0,[],2,[],2019-01-20 23:28:45,0.0,0,0,6477011,2019-01-20 23:28:45,,0.0,0.0,0,,0.0,0.0,0.0,1
1,[],5,[],2019-02-14 19:48:42,1.838e-05,0.00000071,0.000000000025628018,6668163,2019-02-14 19:48:42,btc,0.1271207,0.03645695,0.00000071,btc,6.37e-05,0.0,0.2754476,2
1,[],22,[],2019-02-14 19:48:46,1198.0,0.00000017,0.000000000006136286,6668164,2019-02-14 19:48:46,BTC,2.12229306,0.0,0.00000017,"BTC,XMR",14654.709143333333,0.0,0.00088485,2
1,[],5,[],2019-02-14 19:48:47,1.29e-06,0.00000017,0.000000000006136286,6668165,2019-02-14 19:48:47,btc,4.31646634,0.02470662,0.00000017,btc,2.278e-05,0.0,3.60787088,3
1,[],12,[],2019-02-14 19:48:48,12370511.26734995,0.000000171,0.000000000006172381800000001,6668166,2019-02-14 19:48:48,btc,924229.9988430392,0.0,0.000000171,btc,7947160.77869223,0.04688370759289656,0.5344272503567248,3
0,[],28,[],2019-02-14 19:48:50,0.0,0,0,6668167,2019-02-14 19:48:50,,0.0,0.0,0,,0.0,0.0,0.0,3
0,[],2,[],2019-01-20 23:31:32,0.0,0,0,6477077,2019-01-20 23:31:32,,0.0,0.0,0,,0.0,0.0,0.0,4
1,[],4,[],2019-02-14 19:38:42,370698.91903058,0.00000034,0.000000000012259379999999999,6667970,2019-02-14 19:38:42,btc,0.3453561111398395,0.0,0.00000034,btc,323829.14969384,0.00060629,0.0452380200652495,4
1,[],12,[],2019-02-14 17:26:54,1405077.5219999999,0.00000004,0.000000000001441592,6666503,2019-02-14 17:26:54,btc,11113878.38315974,0.0,0.00000004,btc,1084186.13790569,0.0004039437362635,0.02355927044,5
0,[],2,[],2019-01-20 23:31:51,0.0,0,0,6477087,2019-01-20 23:31:51,,0.0,0.0,0,,0.0,0.0,0.0,6
1,[],11,[],2019-02-14 19:48:52,2524085.5,0.00000002,0.000000000000721916,6668168,2019-02-14 19:48:52,btc,9433.275211330583,658096.333333,0.00000002,btc,39464987.81962851,0.0,0.041991405,6
1,[],3,[],2019-02-14 19:49:02,1074.273146428111,0.00014521000000000000053346216333238771767355501651763916015625,0.000000005241471118,6668169,2019-02-14 19:49:02,btc,28.399990609446498,0.0,0.00014521000000000000053346216333238771767355501651763916015625,btc,235.145665820227,0.0,0.031531977816658056,7
1,[],4,[],2019-02-14 19:49:02,31371.3592116,0.00021673,0.000000007823042734,6668170,2019-02-14 19:49:02,btc,1.4061046202978769,0.0,0.00021673,btc,5512.6286554,9.03448869,6.2401720334812945,7
1,[],5,[],2019-02-14 19:49:04,0.00690759,0.00021006,0.000000007582283748,6668171,2019-02-14 19:49:04,btc,1.86943748,0.52566137,0.00021006,btc,0.01306086,0.0,2.0151706,7
1,[],20,[],2019-02-14 19:49:06,43516494.8418,0.000000001,0.0000000000000360958,6668172,2019-02-14 19:49:06,btc,116.5827776391263,20000.0,0.000000001,btc,29035064.8892,2e-05,0.0435164948418,8
0,[],2,[],2019-01-20 23:22:42,0.0,0,0,6476876,2019-01-20 23:22:42,,0.0,0.0,0,,0.0,0.0,0.0,9
0,[],23,[],2019-01-20 23:22:48,0.0,0,0,6476878,2019-01-20 23:22:48,,0.0,0.0,0,,0.0,0.0,0.0,9
1,[],1,[],2019-02-14 19:49:07,2089278.66,0.000001799999999999999918546601286595265634105089702643454074859619140625,0.00000000006497244,6668173,2019-02-14 19:49:07,btc,1.8029625360000001,20436851.14,0.000001799999999999999918546601286595265634105089702643454074859619140625,btc,986067.79,37.28812805,3.7190892192,9
1,[],4,[],2019-02-14 19:49:08,257299.50100701,0.00000181,0.000000000065333398,6668174,2019-02-14 19:49:08,btc,0.8075044167274282,0.0,0.00000181,btc,423316.49097392,1.66180126,0.437774859133027,9
1,[],28,[],2019-02-14 19:49:14,52605.0,0.00000167,0.000000000060279986,6668175,2019-02-14 19:49:14,btc,2708.76119522,3596639.0,0.00000167,btc,11732.68,0.0,0.05868735,9
1,[],4,[],2019-02-10 09:54:02,5828483.02026053,0.00000002,0.000000000000726692,6623074,2019-02-10 09:54:02,btc,0.2014004865591215,0.0,0.00000002,btc,4198675.28035349,0.00021932,0.0653957035452106,10
0,[],2,[],2019-01-20 23:23:08,0.0,0,0,6476890,2019-01-20 23:23:08,,0.0,0.0,0,,0.0,0.0,0.0,12
1,[],4,[],2019-02-14 19:49:14,1285913.82701093,0.00000154,0.000000000055587532,6668176,2019-02-14 19:49:14,btc,1.7574816331462428,0.0,0.00000154,btc,1090100.32087264,3.33084445,1.8449106888975755,12
1,[],5,[],2019-02-14 19:49:16,3.385e-05,0.00000151,0.000000000054504658,6668177,2019-02-14 19:49:16,btc,0.43462622,0.39007198,0.00000151,btc,0.00011596,0.0,0.19810645,12
0.0,[],25,[],2019-02-14 19:49:17,0.0,0,0,6668178,2019-02-14 19:49:17,,0.0,0.0,0.0,btc,0.0,0.0,0.0,12
1,[],4,[],2019-02-14 19:49:18,1338075.37914149,0.00000643,0.000000000232095994,6668179,2019-02-14 19:49:18,btc,0.944305947312886,0.0,0.00000643,btc,132657.05343782,0.77652032,1.5114731481395487,13
1,[],10,[],2019-02-14 19:49:20,452012.32272597,0.00000638,0.00000000023029120399999998,6668180,2019-02-14 19:49:20,btc,666805.4449815984,7528.55116428,0.00000638,btc,724969.98553859,0.0,0.4080348391976941,13
1,[],21,[],2019-02-14 19:49:22,1655892.9329961399,0.000006890000000000000101143052267,0.00000000024870006200000003,6668181,2019-02-14 19:49:22,btc,8.539332101265671,1973289.137879,0.00000689000000000000010114305226682773763968725688755512237548828125,btc,1068260.27289,13.70585864,10.59455236292234,13
1,[],4,[],2019-02-14 19:49:23,1001518.80784657,0.00000142,0.000000000051256036,6668182,2019-02-14 19:49:23,btc,0.1320261314390346,0.0,0.00000142,btc,67997.61832381,0.0313796,0.4299787453329808,14
1,[],12,[],2019-02-14 19:49:24,85552.2231405,0.000001260000000000000006510091944689211373997750342823565006256103515625,0.000000000045480708,6668183,2019-02-14 19:49:24,btc,2.776474043994471,0.0,0.000001260000000000000006510091944689211373997750342823565006256103515625,btc,30207.37033352,7.06270129932e-05,0.009355660000005,14
1,[],26,[],2019-02-14 19:49:35,0.0,0.00000050,0.0000000000180479,6668184,2019-02-14 19:49:35,btc,0.0,0.0,0.00000050,btc,0.0,0.0,0.0,14
0,[],17,[],2019-02-14 18:36:55,0.0,0,0,6667258,2019-02-14 18:36:55,btc,0.0,0.0,0,btc,0.0,0.0,0.0,14
0,[],4,[],2019-02-14 19:49:36,0.0,0,0,6668185,2019-02-14 19:49:36,,0.0,0.0,0,,0.0,0.0,0.0,15
,[],12,[],2018-12-01 15:15:48,204241.84496,0.00000489,0.000000000202473384,5260204,2018-12-01 15:15:48,btc,49.5475654835,0.0,,btc,35763.2193806,0.0163153972027625,0.0203389899998,15
0,[],2,[],2019-01-20 23:23:38,0.0,0,0,6476906,2019-01-20 23:23:38,,0.0,0.0,0,,0.0,0.0,0.0,18
1,[],4,[],2019-02-14 19:49:37,27626.30446481,0.00001816,0.000000000655499728,6668186,2019-02-14 19:49:37,btc,2.2120337180680414,0.0,0.00001816,btc,7366.23624374,0.01085473,0.1129792393620972,18
1,[],10,[],2019-02-14 19:49:39,790190.1543752,0.00001769,0.0000000006385347019999999,6668187,2019-02-14 19:49:39,btc,15.534651342856288,7931.12005423,0.00001769,btc,10380.70076343,0.0,0.312329120936907,18
1,[],12,[],2019-02-14 19:49:39,204408.87615599,0.00001800000000000000045601543374740316494353464804589748382568359375,0.0000000006497244000000001,6668188,2019-02-14 19:49:39,btc,22.612019089932467,0.0,0.00001800000000000000045601543374740316494353464804589748382568359375,btc,1866.10958702,1.21924714826e-05,0.0358449970988699,18
0,[],17,[],2019-02-14 19:49:41,0.0,0,0,6668189,2019-02-14 19:49:41,btc,0.0,0.0,0,btc,0.0,0.0,0.0,18
0,[],2,[],2019-01-20 23:24:19,0.0,0,0,6476924,2019-01-20 23:24:19,,0.0,0.0,0,,0.0,0.0,0.0,19
1,[],3,[],2019-02-14 19:49:41,132686.66654897982,0.00002600999999999999999825660290664330887011601589620113372802734375,0.000000000938851758,6668190,2019-02-14 19:49:41,btc,0.5369073877850755,25.2229796154,0.00002600999999999999999825660290664330887011601589620113372802734375,btc,5430.627521982506,0.0,0.17856028884159078,19
1,[],4,[],2019-02-14 19:49:42,262441.43143462,0.00002787,0.000000001005989946,6668191,2019-02-14 19:49:42,btc,0.2269000464396195,0.0,0.00002787,btc,7248.95777995,1.59315821,2.2391892956102746,19
1,[],5,[],2019-02-14 19:49:43,0.00022675,0.00002405,0.00000000086810399,6668192,2019-02-14 19:49:43,btc,0.27052668,3.995e-05,0.00002405,btc,0.00302612,0.0,0.07709546,19
1,[],12,[],2019-02-14 19:49:44,134954.1135182,0.00002307999999999999925204795248045996913788258098065853118896484375,0.000000000833091064,6668193,2019-02-14 19:49:44,btc,0.0295241886308578,0.0,0.00002307999999999999925204795248045996913788258098065853118896484375,btc,294.66393647,2.312e-05,0.032690810000056,19
0,[],27,[],2019-02-14 19:49:46,0.0,0,0,6668194,2019-02-14 19:49:46,,0.0,0.0,0,btc,0.0,0.0,0.0,19
1,[],4,[],2019-02-14 19:49:47,8110272.69950881,0.00000014,0.000000000005053412,6668195,2019-02-14 19:49:47,btc,0.7661869636079469,0.0,0.00000014,btc,1592129.81470972,0.00054787,0.2639239381283659,20
0,[],17,[],2019-02-14 19:28:57,0.0,0,0,6667802,2019-02-14 19:28:57,btc,0.0,0.0,0,btc,0.0,0.0,0.0,21
1,[],4,[],2019-02-14 19:49:48,112561030.30223545,0.00000002,0.000000000000721916,6668196,2019-02-14 19:49:48,btc,0.5752334626846989,0.0,0.00000002,btc,16229836.28164404,0.0201602,1.2890610499253494,21
1,[],12,[],2019-02-14 19:49:49,17385206.0,0.00000002,0.000000000000721916,6668197,2019-02-14 19:49:49,btc,669.7041376091021,0.0,0.00000002,btc,8561386.84915352,0.00600011994006,0.2199444,21
1,[],12,[],2019-02-14 19:50:00,2959742946.043896,0.0000000002,0.00000000000000721916,6668198,2019-02-14 19:50:00,btc,830864729327.1504,0.0,0.0000000002,btc,4236631042.690511,0.002842326423176988,0.3427366794555898,23
0,[],27,[],2019-02-14 19:50:03,0.0,0,0,6668199,2019-02-14 19:50:03,,0.7240921565934114,0.0,0,eth,727098.85514486,0.0,0.0,23
1,[],4,[],2019-02-14 19:50:04,380738.75101325,0.00000064,0.000000000023101312,6668200,2019-02-14 19:50:04,btc,0.1976011419784539,0.0,0.00000064,btc,190390.14282898,0.00955775,0.1915544977729006,24
1,[],22,[],2019-02-14 19:50:08,11.76,0.00000100,0.0000000000360958,6668201,2019-02-14 19:50:08,BTC,7.415e-05,0.0,0.00000100,BTC,23.919354838709676,0.0,1.176e-05,24
0.0,[],25,[],2019-02-14 19:50:09,0.0,0,0,6668202,2019-02-14 19:50:09,,0.0,0.0,0.0,btc,0.0,0.0,0.0,24
1,[],4,[],2019-02-14 19:50:10,26995910.42049456,0.00000603,0.000000000217657674,6668203,2019-02-14 19:50:10,btc,0.5093131116391161,0.0,0.00000603,btc,41837.43585565,0.07036145,0.4262237782552701,26
1,[],10,[],2019-02-14 19:50:12,736961.09396857,0.0000054,0.00000000019491732,6668204,2019-02-14 19:50:12,btc,25.935876829285093,0.0,0.0000054,btc,15824.17466294,0.0,0.2264879136744379,26
0,[],2,[],2019-01-20 23:25:56,0.0,0,0,6476976,2019-01-20 23:25:56,,0.0,0.0,0,,0.0,0.0,0.0,26
1,[],3,[],2019-02-14 19:50:13,5689817.95913569,0.00000001,0.000000000000360958,6668205,2019-02-14 19:50:13,btc,2.465110833115142,927920.026732,0.00000001,btc,16342109.50389399,0.0,0.0568981795913569,27
1,[],5,[],2019-02-14 19:50:15,1e-08,0.00000001,0.000000000000360958,6668206,2019-02-14 19:50:15,btc,1.5983649,0.00015547,0.00000001,btc,4.345e-05,0.0,0.09881521,27
1,[],11,[],2019-02-14 19:50:18,10063976.7912115,0.00000005,0.0000000000018047899999999998,6668207,2019-02-14 19:50:18,btc,370.6338154222541,8080.0,0.00000005,btc,8170841.5693934,0.0,0.4660996184459823,27
1,[],4,[],2019-02-14 19:50:19,574347087.0409658,0.00000002,0.000000000000721916,6668208,2019-02-14 19:50:19,btc,0.2966589906348966,0.0,0.00000002,"btc,ltc",22128093.66142452,0.23021468,8.688537045835886,29
1,[],7,[],2019-02-14 19:50:21,28994923.22404746,0.00000002,0.000000000000721916,6668209,2019-02-14 19:50:21,btc,44465226.101378925,72077.7268971,0.00000002,btc,55558146.99219105,0.0,0.4250735280447115,29
1,[],4,[],2019-02-14 19:50:22,1526882.76795098,0.00000028,0.000000000010106824,6668210,2019-02-14 19:50:22,btc,0.1666832512088506,0.0,0.00000028,btc,370544.15262303,0.00692242,0.1194866325011819,30
0,[],17,[],2019-02-14 19:50:26,0.0,0,0,6668211,2019-02-14 19:50:26,btc,0.0,0.0,0,btc,0.0,0.0,0.0,30
1,[],4,[],2019-02-14 19:50:27,36140.43797537,0.00007208,0.000000002601785264,6668212,2019-02-14 19:50:27,btc,1.7696565411358802,0.0,0.00007208,btc,22208.90790693,1.15661844,2.2728493189714385,31
1,[],21,[],2019-02-14 19:50:27,74810.41388401,0.00007532000000000000391846277648,0.000000002718735656,6668213,2019-02-14 19:50:27,btc,3.895863530981624,145727.40484156,0.00007532000000000000391846277647545093714143149554729461669921875,btc,48556.05616819,10.50847395,5.145153246429534,31
0,[],2,[],2019-01-20 23:28:43,0.0,0,0,6477009,2019-01-20 23:28:43,,0.0,0.0,0,,0.0,0.0,0.0,32
1,[],4,[],2019-02-14 19:50:28,145125362.4828714,0.00000004,0.000000000001443832,6668214,2019-02-14 19:50:28,btc,1.9509548770236316,0.0,0.00000004,"btc,ltc",42665961.19288181,0.60611188,2.494274451684759,33
1,[],12,[],2019-02-14 19:50:29,12134920.0,0.00000005,0.0000000000018047899999999998,6668215,2019-02-14 19:50:29,btc,34509917.11281334,0.0,0.00000005,btc,89081573.07892089,0.0018358199795714,0.37100974999999997,33
1,[],4,[],2019-02-14 19:50:30,136118803.37513936,0.00000001,0.000000000000360958,6668216,2019-02-14 19:50:30,btc,1.0402712026403031,0.0,0.00000001,btc,41639911.23332942,0.0059128,1.3611880337513935,34
1,[],5,[],2019-02-14 19:50:31,1e-08,0.00000001,0.000000000000360958,6668217,2019-02-14 19:50:31,btc,5.08037815,0.00268532,0.00000001,btc,1.343e-05,0.0,0.85476575,34
0,[],17,[],2019-02-14 18:53:33,0.0,0,0,6667652,2019-02-14 18:53:33,btc,0.14155809872358824,0.0,0,btc,10796613.27743647,0.0,0.0,36
0.0000000001151278,[],4,[],2019-02-14 19:50:32,1060942158.7767,2.3025560000000003e-18,8.311260086480001e-23,6668218,2019-02-14 19:50:32,ltc,1.105050023597204e-08,0.0,0.00000002,ltc,2274962077.2634244,0.0,1.8186821116908447e-09,36
1,[],5,[],2019-02-14 19:50:33,0.0,0,0,6668219,2019-02-14 19:50:33,btc,197.5385629,0.0,0,btc,1.325e-05,0.0,0.0,36
0,[],27,[],2019-02-14 19:50:36,0.0,0,0,6668220,2019-02-14 19:50:36,,230.02185891271,40.0,0,"ltc,eth",3708919.4029,8.0912496e-14,0.0,36
1,[],4,[],2019-02-14 19:50:37,244475.99105916,0.00000111,0.000000000040066338,6668221,2019-02-14 19:50:37,btc,0.4340242061189835,0.0,0.00000111,btc,262772.01097414,0.01920025,0.127522943568538,37
1,[],12,[],2019-02-14 19:50:38,470629.73030778,0.000001210000000000000061712245556788669631487209699116647243499755859375,0.000000000043675918,6668222,2019-02-14 19:50:38,btc,1364.0316046152996,0.0,0.000001210000000000000061712245556788669631487209699116647243499755859375,btc,677805.82819812,0.1387064250950956,0.25414936776861563,37
1,[],27,[],2019-02-14 19:50:40,14852.0,0.0000005,0.0000000000180479,6668223,2019-02-14 19:50:40,btc,26.73595537911233,0.0,0.0000005,btc,6579.81438508,0.0,0.00488022,37
1,[],17,[],2019-02-14 19:40:14,1752.74075282,0.00000025,0.000000000009014249999999999,6668022,2019-02-14 19:40:14,btc,0.055484923777095005,0.0,0.00000025,btc,1319.19918473,0.0,0.00043818518820499993,37
1,[],5,[],2019-02-14 19:50:42,1.484e-05,0.00000096,0.000000000034651968,6668224,2019-02-14 19:50:42,btc,0.09858575,0.11666433,0.00000096,btc,0.00011062,0.0,0.04382317,42
1,[],12,[],2019-02-14 19:50:43,126660.03253378,0.00000089,0.000000000032125261999999995,6668225,2019-02-14 19:50:43,btc,92.91200598927584,0.0,0.00000089,btc,92532.75753696,0.0188308440824314,0.0444838664367782,42
0,[],27,[],2019-02-14 19:50:46,0.0,0,0,6668226,2019-02-14 19:50:46,,0.00315028,0.0,0,"btc,eth",11.007,0.0,0.0,42
1,[],5,[],2019-02-14 19:50:47,3e-08,0.00000002,0.000000000000721916,6668227,2019-02-14 19:50:47,btc,6.16328141,0.0502192,0.00000002,btc,1.375e-05,0.0,0.5744076,43
1,[],12,[],2019-02-14 19:50:48,3873669.0,0.00000001,0.000000000000360958,6668228,2019-02-14 19:50:48,btc,20007457.492715273,0.0,0.00000001,btc,38975764.459940016,4.9150849154e-06,0.038736690000000004,43
0,[],17,[],2019-02-14 19:50:50,0.0,0,0,6668229,2019-02-14 19:50:50,btc,0.0,0.0,0,btc,0.0,0.0,0.0,43
1,[],12,[],2019-02-14 19:50:50,736757.0,0.00000005,0.0000000000018047899999999998,6668230,2019-02-14 19:50:50,btc,11115166.868518697,0.0,0.00000005,btc,1033456.9270729,0.0003252865134874,0.020080399999999998,44
1,[],4,[],2019-02-14 19:50:51,225303205.4814143,0.00000002,0.000000000000721916,6668231,2019-02-14 19:50:51,btc,0.17703390608926803,0.0,0.00000002,"btc,ltc",4525934.47211327,0.00316058,0.43074514501676797,49
0.0000000001151278,[],4,[],2019-02-14 19:50:52,1727038651.6184578,1.1512780000000001e-18,4.1556300432400004e-23,6668232,2019-02-14 19:50:52,ltc,4.645173508719285,0.0,0.00000001,ltc,3819639558.9474792,0.0,1.988301604757995e-09,52
0,[],22,[],2019-02-14 19:50:55,0.0,0,0,6668233,2019-02-14 19:50:55,,8108.82526305,0.0,0,,262741443.67882353,0.0,0.0,57
0,[],27,[],2019-02-14 19:50:57,0.0,0,0,6668234,2019-02-14 19:50:57,,0.0,0.0,0,"btc,eth",0.0,0.0,0.0,57
0,[],17,[],2019-02-14 19:30:08,0.0,0,0,6667840,2019-02-14 19:30:08,btc,1e+24,0.0,0,btc,41401875.8285055,0.0,0.0,58
0.0000000001151278,[],4,[],2019-02-14 19:50:57,1144532332.507521,4.6051120000000006e-18,1.6622520172960002e-22,6668235,2019-02-14 19:50:57,ltc,3.2722090018147147,0.0,0.00000004,ltc,800377028.4358559,0.005,3.2887156317457688e-09,58
1,[],12,[],2019-02-14 19:50:59,1883406957.843957,0.0000000005,0.000000000000018047900000000002,6668236,2019-02-14 19:50:59,btc,724045490434.473,0.0,0.0000000005,btc,3695925614.152153,0.00124588794355645,0.6567613720011392,58
0.00000000012844540000000001,[],22,[],2019-02-14 19:51:13,137438.0,1.2844540000000001e-18,4.63633946932e-23,6668237,2019-02-14 19:51:13,XMR,69.8835922,0.0,0.00000001,XMR,9887963.0,0.0,0.00137438,58
1,[],5,[],2019-02-14 19:40:53,5.72e-06,0.00000051,0.00000000001838907,6668038,2019-02-14 19:40:53,btc,0.10258165,0.12530254,0.00000051,btc,5.623e-05,0.0,0.18446856,61
1,[],22,[],2019-02-14 19:40:56,5149.5,0.00000011,0.00000000000396627,6668039,2019-02-14 19:40:56,BTC,1002.29598212,0.0,0.00000011,BTC,14957.700278135757,0.0,0.00051596,61
1,[],26,[],2019-02-14 19:40:56,0.0,0.00000800,0.00000000028845599999999997,6668040,2019-02-14 19:40:56,btc,0.0,0.0,0.00000800,btc,0.0,0.0,0.0,61
1,[],27,[],2019-02-14 19:40:59,10403.8823,0.00000034,0.000000000012259379999999999,6668041,2019-02-14 19:40:59,btc,9.978686836931693,600.57125583,0.00000034,"btc,eth",15658.09679279,2.4073953329009998e-11,0.0006378899836960373,61
1,[],28,[],2019-02-14 19:41:01,19902.304,0.00000109,0.00000000003930213,6668042,2019-02-14 19:41:01,btc,2.056370093700105,809.0,0.00000109,btc,9767.52450005,0.0,0.00994393304,61
1,[],4,[],2019-02-14 16:29:13,423586.62355624,0.00000280,0.00000000010071712000000001,6665987,2019-02-14 16:29:13,btc,1.198498264941767,0.0,0.00000280,btc,292634.72753987,0.06799725,0.8161931156508594,67
0.0,[],25,[],2019-02-14 16:29:15,0.0,0,0,6665988,2019-02-14 16:29:15,,0.0,0.0,0.0,btc,0.0,0.0,0.0,67
1,[],12,[],2019-02-14 19:51:14,3875908.99677777,0.00000016,0.000000000005775328,6668238,2019-02-14 19:51:14,btc,11115996.452188557,0.0,0.00000016,btc,1881898.15409785,0.0064285781518529,0.1846812864411104,71
,[],5,[],2018-11-20 23:02:39,1.5e-07,0.00000005,0.000000000002128045,4862160,2018-11-20 23:02:39,btc,2.84511358,0.0,,btc,0.00036572,0.0,0.07381892,74
1,[],5,[],2019-02-14 19:51:16,3.049e-05,0.00000156,0.000000000056309448,6668239,2019-02-14 19:51:16,btc,1.5424315,0.0,0.00000156,btc,0.00016981,0.0,0.30484564,75
0,[],20,[],2019-01-25 09:30:31,0.0,0,0,6495923,2019-01-25 09:30:31,btc,0.0,0.0,0,btc,0.0,0.0,0.0,81
1,[],4,[],2019-02-14 19:51:16,29738604.75692337,0.00000001,0.000000000000360958,6668240,2019-02-14 19:51:16,btc,0.7668881456247842,0.0,0.00000001,btc,14615939.68425178,0.0,0.2973860475692337,81
1,[],4,[],2019-02-14 19:51:18,24016.58253737,0.00007799,0.000000002815111442,6668241,2019-02-14 19:51:18,btc,1.3367159117792338,0.0,0.00007799,btc,11404.49436981,0.02478425,0.1066080688043156,82
1,[],21,[],2019-02-14 19:51:19,138819.29166088,0.00007517999999999999509447956569,0.000000002713682244,6668242,2019-02-14 19:51:19,btc,2.8466314844056435,21200.96711836,0.00007517999999999999509447956569374582613818347454071044921875,btc,31593.92718152,1.63020868,2.5195860593331854,82
0,[],17,[],2019-02-14 18:38:44,0.0,0,0,6667317,2019-02-14 18:38:44,btc,0.0447233088476774,0.0,0,btc,999127.19588126,0.0,0.0,84
0.0000000001151278,[],4,[],2019-02-14 19:51:20,153919869.11428636,8.058946e-18,2.908941030268e-22,6668243,2019-02-14 19:51:20,ltc,0.19569063268213596,0.0,0.00000007,ltc,103711759.33250585,0.0,7.02442006868423e-10,85
,[],22,[],2018-11-20 23:09:34,3408.1,0.0000001,0.0000000000041895,4862324,2018-11-20 23:09:34,BTC,0.04624735,0.0,,BTC,4990.0,0.0,0.00033081,86
0,[],22,[],2019-02-14 19:51:23,0.0,0,0,6668244,2019-02-14 19:51:23,,2.0760781,0.0,0,,140622.94736842104,0.0,0.0,87
0,[],27,[],2019-02-14 19:51:25,0.0,0,0,6668245,2019-02-14 19:51:25,,0.0,0.0,0,btc,0.0,0.0,0.0,87
,[],2,[],2018-11-20 23:10:47,0.0,0,0,4862359,2018-11-20 23:10:47,,0.0,0.0,,,0.0,0.0,0.0,88
1,[],11,[],2019-02-14 19:51:28,96740.25279756,0.0001469999999999999952537965697274557896889746189117431640625,0.0000000053060825999999995,6668246,2019-02-14 19:51:28,btc,609.2704828704809,2017.20461263,0.0001469999999999999952537965697274557896889746189117431640625,btc,90058.55566718,0.0,6.532130621337238,89
1,[],12,[],2019-02-14 19:41:27,437714.68440353,0.00000206000000000000018206681821897330308956952649168670177459716796875,0.00000000007427742,6668052,2019-02-14 19:41:27,btc,4.199247121526127,0.0,0.00000206000000000000018206681821897330308956952649168670177459716796875,btc,46196.91813847,0.0055929147033971,0.0614105012000078,91
0,[],2,[],2019-01-20 23:31:45,0.0,0,0,6477083,2019-01-20 23:31:45,,0.0,0.0,0,,0.0,0.0,0.0,91
0,[],17,[],2019-02-14 18:30:29,0.0,0,0,6667129,2019-02-14 18:30:29,btc,0.0,0.0,0,btc,0.0,0.0,0.0,91
0.0000000001151278,[],22,[],2019-02-14 19:51:33,4525000.0,4.6051120000000006e-18,1.6622520172960002e-22,6668247,2019-02-14 19:51:33,LTC,8.12129807,0.0,0.00000004,LTC,66745238.1,6.5622846e-16,0.14575,95
0,[],17,[],2019-02-14 19:41:45,0.0,0,0,6668056,2019-02-14 19:41:45,btc,0.0,0.0,0,btc,0.0,0.0,0.0,96
0.0000000001151278,[],4,[],2019-02-14 19:51:34,138019954.4337967,9.3253518e-17,3.3660603350244002e-21,6668248,2019-02-14 19:51:34,ltc,0.5984642059490797,0.0,0.00000081,ltc,35507766.26233822,0.00303189,1.2355866365561278e-09,96
1,[],12,[],2019-02-14 19:51:35,518219.0,0.00000001,0.000000000000360958,6668249,2019-02-14 19:51:35,btc,255061.99737593989,0.0,0.00000001,btc,8743218.54676297,0.0005417,0.00518219,96
1,[],4,[],2019-02-14 19:51:46,1766789.27329312,0.00000032,0.000000000011550656,6668250,2019-02-14 19:51:46,btc,0.1694954350616006,0.0,0.00000032,btc,368135.02603793,0.00806683,0.2107412701264767,99
0,[],2,[],2019-01-20 23:23:55,0.0,0,0,6476914,2019-01-20 23:23:55,,0.0,0.0,0,,0.0,0.0,0.0,100
1,[],4,[],2019-02-14 19:51:48,197245.21402073,0.00003989,0.000000001439861462,6668251,2019-02-14 19:51:48,btc,1.0256300944314343,0.0,0.00003989,btc,22370.54229483,0.97353889,1.2653210015105627,100
1,[],22,[],2019-02-14 19:51:52,50000.0,0.00000001,0.000000000000360958,6668252,2019-02-14 19:51:52,BTC,23.49896609,0.0,0.00000001,BTC,10277.22,0.0,0.0005,101
1,[],4,[],2019-02-14 19:51:52,316743.51890961,0.00000098,0.000000000035373884,6668253,2019-02-14 19:51:52,btc,0.4100783302152688,0.0,0.00000098,btc,145087.04223223,0.02502388,0.1587460601560304,103
1,[],12,[],2019-02-14 19:51:55,50419960.4663887,0.000000016,0.0000000000005775328000000001,6668254,2019-02-14 19:51:55,btc,137278864.5336135,0.0,0.000000016,btc,122148114.69649136,0.04271555415203109,0.2743978694622192,105
1,[],27,[],2019-02-14 19:51:57,4009342.89,0.00000001,0.000000000000360958,6668255,2019-02-14 19:51:57,btc,0.3614577513692299,0.0,0.00000001,btc,323444.42860553,0.0,0.0400934289,105
0,[],22,[],2019-02-14 19:52:00,0.0,0,0,6668256,2019-02-14 19:52:00,,51.10825004,0.0,0,,468935.0,0.0,0.0,107
1,[],26,[],2019-02-14 19:52:00,0.0,0.00000000,0,6668257,2019-02-14 19:52:00,btc,0.0,0.0,0.00000000,btc,0.0,0.0,0.0,107
1,[],5,[],2019-02-14 19:52:01,1e-08,0.00000001,0.000000000000360958,6668258,2019-02-14 19:52:01,btc,2.89710485,0.0390143,0.00000001,btc,1.571e-05,0.0,0.08590457,112
1,[],22,[],2019-02-14 19:52:05,167093.0,0.00000001,0.000000000000360958,6668259,2019-02-14 19:52:05,BTC,2.81183288,0.0,0.00000001,BTC,808524.0833333334,0.0,0.00167093,112
0,[],27,[],2019-02-14 19:52:07,0.0,0,0,6668260,2019-02-14 19:52:07,,1.35132491849924,0.0,0,"btc,eth",1328.641654,0.0,0.0,112
1,[],4,[],2019-02-14 19:52:09,444664.08210453,0.00000329,0.000000000118755182,6668261,2019-02-14 19:52:09,btc,0.221645140747735,0.0,0.00000329,btc,50328.99217793,0.10034903,0.1899669897592623,113
1,[],5,[],2019-02-14 19:52:12,1.551e-05,0.00000320,0.00000000011550656,6668262,2019-02-14 19:52:12,btc,0.81324272,0.00067407,0.00000320,btc,0.00141488,0.0,0.21480891,113
1,[],17,[],2019-02-14 19:52:14,152738.278,0.00000004,0.000000000001443832,6668263,2019-02-14 19:52:14,btc,1.336803027462335,0.0,0.00000004,btc,51896.221,0.0,0.0022095311199999998,116
0,[],27,[],2019-02-14 19:52:17,0.0,0,0,6668264,2019-02-14 19:52:17,,0.0,0.0,0,btc,0.0,0.0,0.0,116
1,[],4,[],2019-02-14 19:52:18,27161.88769728,0.00003000,0.000000001082874,6668265,2019-02-14 19:52:18,btc,0.6047257776547247,0.0,0.00003000,btc,17851.45906714,4.17029429,0.6810617107774838,120
1,[],7,[],2019-02-14 19:52:19,18803.45102972,0.0000301500000000000010179357357031904030009172856807708740234375,0.00000000108828837,6668266,2019-02-14 19:52:19,btc,115647.29378777594,190.01469852,0.0000301500000000000010179357357031904030009172856807708740234375,btc,29544.38626924,0.00615504,0.08527228427955501,120
1,[],20,[],2019-02-14 19:52:23,1093445.8166,0.000000014,0.0000000000005053412,6668267,2019-02-14 19:52:23,btc,33.8691165036599,0.0,0.000000014,btc,1150552.4764,0.0,0.0052654043171,125
1,[],22,[],2019-02-14 19:52:27,3053.0,0.00000001,0.000000000000360958,6668268,2019-02-14 19:52:27,BTC,0.01444889,0.0,0.00000001,BTC,296264.5111111111,0.0,3.053e-05,126
1,[],4,[],2019-02-14 19:42:37,142975.42707571,0.00001596,0.00000000057546972,6668075,2019-02-14 19:42:37,btc,0.6841563790608135,0.0,0.00001596,btc,34878.76963521,0.46891699,0.9890566810028567,131
0,[],17,[],2019-02-14 19:42:39,0.0,0,0,6668076,2019-02-14 19:42:39,btc,0.0009561751951600001,0.0,0,btc,35.42829368,0.0,0.0,131
0,[],2,[],2019-01-20 23:25:46,0.0,0,0,6476969,2019-01-20 23:25:46,,0.0,0.0,0,,0.0,0.0,0.0,131
1,[],4,[],2019-02-14 19:52:28,4623.19336137,0.00016080,0.00000000580420464,6668269,2019-02-14 19:52:28,btc,1.6422160724534984,0.0,0.00016080,btc,308.40189166,0.0,0.0089806665346874,135
1,[],3,[],2019-02-14 19:52:28,1734872.20571841,0.00000005,0.0000000000018047899999999998,6668270,2019-02-14 19:52:28,btc,0.11977253258799529,60761.4532222,0.00000005,btc,415441.64425793,0.0,0.063089765113701,136
1,[],4,[],2019-02-14 19:52:29,44944.55522848,0.00000173,0.000000000062445734,6668271,2019-02-14 19:52:29,btc,0.0475358514510213,0.0,0.00000173,btc,23558.85530821,0.09247442,0.0488823034940553,137
1,[],12,[],2019-02-14 19:52:30,297839.4297069,0.000001769999999999999994019540816569957542014890350401401519775390625,0.000000000063889566,6668272,2019-02-14 19:52:30,btc,11982.947343593067,0.0,0.000001769999999999999994019540816569957542014890350401401519775390625,btc,158716.69225447,0.0402404356101655,0.0292260196475336,137
1,[],17,[],2019-02-14 19:42:48,22967.386363640002,0.00000088,0.00000000003173016,6668083,2019-02-14 19:42:48,btc,20.06991335260617,0.0,0.00000088,btc,2746.079105,0.0,0.0104613000000032,142
1,[],4,[],2019-02-14 19:52:31,719081.18054891,0.00004889,0.000000001764723662,6668273,2019-02-14 19:52:31,btc,0.536799494919804,0.0,0.00004889,btc,9897.81461998,0.4689481,0.3677957575515847,142
1,[],5,[],2019-02-14 19:52:33,0.00145626,0.00004900,0.0000000017686942,6668274,2019-02-14 19:52:33,btc,1.10535654,0.49167209,0.00004900,btc,0.00300294,0.0,0.64958144,142
1,[],20,[],2019-02-14 19:52:45,134029.6378,0.000032817,0.0000000011845558686,6668275,2019-02-14 19:52:45,btc,0.4484270857166,170.6263,0.000032817,btc,4422.8599,0.007799350191,0.2563493857709,142
1,[],22,[],2019-02-14 19:52:49,1610.354305200341,0.00003220,0.00000000116228476,6668276,2019-02-14 19:52:49,BTC,3.00917232,0.0,0.00003220,BTC,917.9383601288407,1.322e-05,0.0019657,142
0.0,[],25,[],2019-02-14 19:52:50,0.0,0,0,6668277,2019-02-14 19:52:50,,0.0,0.0,0.0,btc,0.0,0.0,0.0,142
1,[],28,[],2019-02-14 19:52:52,77943.0,0.00004501,0.000000001624671958,6668278,2019-02-14 19:52:52,btc,0.057261322,1601.0,0.00004501,btc,356.4989,0.0,0.0609377,142
0,[],22,[],2019-02-14 19:52:55,0.0,0,0,6668279,2019-02-14 19:52:55,,67.4285069,0.0,0,,834770972.3,0.0,0.0,143
1,[],21,[],2019-02-14 19:52:55,39303342.35282028,0.00000028,0.000000000010106824000000001,6668280,2019-02-14 19:52:55,btc,39.74696097803092,5105762.1161468,0.00000028,btc,76977554.73060143,1.44602755,6.596622234220469,145
0,[],22,[],2019-02-14 19:52:59,0.0,0,0,6668281,2019-02-14 19:52:59,,4.24982284,0.0,0,,1814156.0,0.0,0.0,146
,[],22,[],2018-11-20 23:01:11,0.0,0,0,4862114,2018-11-20 23:01:11,,2.56807021,0.0,,,61828.4988236,0.0,0.0,147
1,[],12,[],2019-02-14 19:53:00,8679138.81939897,0.00000302999999999999978877139594768408414893201552331447601318359375,0.000000000109370274,6668282,2019-02-14 19:53:00,btc,16.584183186340763,0.0,0.00000302999999999999978877139594768408414893201552331447601318359375,btc,122519.66449333,0.0001361682,0.1089329618000118,148
1,[],4,[],2019-02-14 19:53:01,272310.20311245,0.00000037,0.000000000013355446,6668283,2019-02-14 19:53:01,btc,0.7785159823072849,0.0,0.00000037,btc,591310.33703653,0.00161398,0.0647157791219441,152
0,[],22,[],2019-02-14 19:53:04,0.0,0,0,6668284,2019-02-14 19:53:04,,0.0,0.0,0,,0.0,0.0,0.0,152
1,[],5,[],2019-02-14 19:53:06,0.0,0,0,6668285,2019-02-14 19:53:06,btc,4.35601725,0.0,0,btc,0.0021126,0.0,0.0,153
,[],16,[],2019-01-11 15:38:59,0.0,0,0,6366141,2019-01-11 15:38:59,btc,0.0,0.0,,btc,0.0,0.0,0.0,155
0,[],23,[],2019-01-20 23:24:29,0.0,0,0,6476932,2019-01-20 23:24:29,,0.0,0.0,0,,0.0,0.0,0.0,156
0,[],22,[],2019-02-14 19:53:09,0.0,0,0,6668286,2019-02-14 19:53:09,,6.74608761,0.0,0,,4644402.242592593,0.0,0.0,156
1,[],22,[],2019-02-14 19:53:12,7063.8,0.00005300,0.0000000019130774,6668287,2019-02-14 19:53:12,BTC,43.78801181,0.0,0.00005300,BTC,1067.5805334758436,0.0,0.00104326,157
0,[],22,[],2019-02-14 19:53:16,0.0,0,0,6668288,2019-02-14 19:53:16,,50175.67558609,0.0,0,,54029136.04179466,0.0,0.0,158
,[],17,[],2018-11-20 22:56:10,0.0,0,0,4861976,2018-11-20 22:56:10,btc,1.1265625,0.0,,btc,1000.0,0.0,0.0,159
,[],20,[],2018-11-20 22:56:12,0.0,0,0,4861977,2018-11-20 22:56:12,btc,11912.7940471,0.0,,btc,34413894.3617,0.0,0.0,159
1,[],12,[],2019-02-14 19:53:17,178925.16912399,0.0000075100000000000000942627052802347265014759614132344722747802734375,0.000000000271079458,6668289,2019-02-14 19:53:17,btc,6.6618055033540475,0.0,0.0000075100000000000000942627052802347265014759614132344722747802734375,btc,14808.35697034,0.0031306376564686,0.0841174927000209,168
1,[],17,[],2019-02-14 19:53:18,29784.95,0.000001,0.000000000036095799999999996,6668290,2019-02-14 19:53:18,btc,0.03026736251542,0.0,0.000001,btc,144.46171372,0.0,0.00716147,168
0,[],22,[],2019-02-14 19:53:20,0.0,0,0,6668291,2019-02-14 19:53:20,,1.14776715,0.0,0,,721548.0900917595,0.0,0.0,169
1,[],22,[],2019-02-14 19:53:25,236276.0,0.00000011,0.000000000003970538,6668292,2019-02-14 19:53:25,BTC,11.32641449,0.0,0.00000011,BTC,122417.33368472014,0.00095976,0.02144036,171
1,[],22,[],2019-02-14 19:53:28,218916.0,0.00000017,0.000000000006136286,6668293,2019-02-14 19:53:28,BTC,2.65061097,0.0,0.00000017,BTC,248351.55915512086,0.0,0.01634888,173
1,[],5,[],2019-02-14 19:43:45,2.526e-05,0.00000190,0.00000000006850829999999999,6668102,2019-02-14 19:43:45,btc,0.25844424,0.00143977,0.00000190,btc,0.00025614,0.0,0.24136405,175
1,[],22,[],2019-02-14 19:53:31,37015.0,0.00000042,0.000000000015160236,6668294,2019-02-14 19:53:31,BTC,0.53291232,0.0,0.00000042,BTC,140958.47031396697,0.02654293,0.00995175,176
1,[],7,[],2019-02-14 19:53:33,0.0,0,0,6668295,2019-02-14 19:53:33,btc,410973.9169089935,0.0,0,btc,115465110.28145695,0.0,0.0,178
0,[],22,[],2019-02-14 19:53:36,0.0,0,0,6668296,2019-02-14 19:53:36,,1.00242428,0.0,0,,57512.0,0.0,0.0,178
0,[],2,[],2019-01-20 23:28:34,0.0,0,0,6477001,2019-01-20 23:28:34,,0.0,0.0,0,,0.0,0.0,0.0,178
1,[],5,[],2019-02-14 19:53:39,3e-08,0.00000002,0.000000000000721916,6668297,2019-02-14 19:53:39,btc,29.80115538,0.49376221,0.00000002,btc,2.285e-05,0.0,0.72412604,179
1,[],22,[],2019-02-14 19:53:43,8148785.0,0.00000002,0.000000000000721916,6668298,2019-02-14 19:53:43,BTC,5.48629708,0.0,0.00000002,"BTC,LTC",17843614.676989965,0.00073976,0.39023554,179
0,[],23,[],2019-01-20 23:25:08,0.0,0,0,6476952,2019-01-20 23:25:08,,0.0,0.0,0,,0.0,0.0,0.0,179
1,[],17,[],2019-02-14 19:53:55,10504.725,0.0000001,0.0000000000036095799999999997,6668299,2019-02-14 19:53:55,btc,5.201913593507951,0.0,0.0000001,btc,5427.1328087,0.0,0.0010504725,180
1,[],22,[],2019-02-14 19:54:00,129206.04571428572,0.00000175,0.00000000006316765,6668300,2019-02-14 19:54:00,BTC,0.11453991,0.0,0.00000175,"BTC,LTC",17838.93196841273,0.00037387,0.00160657,180
1,[],26,[],2019-02-14 19:54:00,0.0,0.00000300,0.00000000010828740000000001,6668301,2019-02-14 19:54:00,btc,0.0,766.00139996,0.00000300,btc,0.0,0.0,0.0,180
,[],7,[],2018-11-20 22:58:01,562227.975654,0.00000085,0.000000000036176765,4862015,2018-11-20 22:58:01,btc,21836.6059674,2491.87645172,,btc,749999.041456,0.00211021,0.127565380455,183
1,[],24,[],2019-02-14 19:54:00,0.0,0.000000000001,3.60958e-17,6668302,2019-02-14 19:54:00,btc,0.0,0.0,0.000000000001,btc,0.0,0.0,0.0,187
,[],5,[],2019-01-10 08:11:41,0.0,0,0,6347036,2019-01-10 08:11:41,btc,82.15055501,0.00261,,btc,1.19002445,0.0,0.0,187
,[],17,[],2018-11-16 20:58:10,4062536.27273,0.00000001,0.000000000000550501,4708775,2018-11-16 20:58:10,btc,3.36492563466,0.195460381006,,"btc,eth",110697919.549,0.0,0.0157628953496,187
0,[],22,[],2019-02-14 19:54:04,0.0,0,0,6668303,2019-02-14 19:54:04,,1.19377283,0.0,0,,16434.10286773884,0.0,0.0,191
0,[],22,[],2019-02-14 19:54:09,0.0,0,0,6668304,2019-02-14 19:54:09,,0.0,0.0,0,,0.0,0.0,0.0,197
0,[],22,[],2019-02-14 19:54:14,0.0,0,0,6668305,2019-02-14 19:54:14,,5.15195517,0.0,0,,19804684.0,0.0,0.0,199
1,[],26,[],2019-02-14 19:54:14,0.0,0.00000000,0,6668306,2019-02-14 19:54:14,btc,0.0,751906.0,0.00000000,btc,0.0,0.0,0.0,199
0,[],23,[],2019-01-20 23:31:41,0.0,0,0,6477079,2019-01-20 23:31:41,,0.0,0.0,0,,0.0,0.0,0.0,199
0,[],17,[],2019-01-30 16:32:01,0.0,0,0,6540827,2019-01-30 16:32:01,btc,6.802544163788159,0.0,0,btc,105897.55575295,0.0,0.0,200
0,[],2,[],2019-01-20 23:30:49,0.0,0,0,6477059,2019-01-20 23:30:49,,0.0,0.0,0,,0.0,0.0,0.0,201
1,[],4,[],2019-01-25 15:51:35,2084389.58565343,0.00000936,0.000000000333526752,6499557,2019-01-25 15:51:35,btc,2.0092503037378524,0.0,0.00000936,btc,160195.80207885,0.19272417,1.242687955921835,211
1,[],7,[],2019-02-14 19:44:23,5715286.58147735,0.00000137000000000000001212029608621545406776931486092507839202880859375,0.00000000004939809,6668116,2019-02-14 19:44:23,btc,15450813.987281406,322450.78642,0.00000137000000000000001212029608621545406776931486092507839202880859375,btc,11024207.65957069,0.0,4.071449696473635,212
1,[],5,[],2019-02-14 19:54:20,2.74e-06,0.00000027,0.000000000009745866,6668307,2019-02-14 19:54:20,btc,1.00690166,0.13214719,0.00000027,btc,2.837e-05,0.0,0.13822593,213
1,[],24,[],2019-02-14 19:54:20,0.0,0.000000050000,0.00000000000180479,6668308,2019-02-14 19:54:20,btc,0.0,0.0,0.000000050000,btc,0.0,0.0,0.0,213
1,[],26,[],2019-02-14 19:54:20,0.0,0.00000009,0.000000000003248622,6668309,2019-02-14 19:54:20,btc,0.0,0.0,0.00000009,btc,0.0,0.0,0.0,213
1,[],12,[],2019-01-25 02:44:32,207462.42853209,0.000001080000000000000035831255497387193287295303889550268650054931640625,0.000000000038610756000000006,6493050,2019-01-25 02:44:32,btc,85023.03793723314,0.0,0.000001080000000000000035831255497387193287295303889550268650054931640625,btc,43675.73520027,0.000146250909087,0.0348620860622024,213
1,[],22,[],2019-02-14 19:54:24,84099.0,0.00000002,0.000000000000721916,6668310,2019-02-14 19:54:24,BTC,2.19180044,0.0,0.00000002,BTC,147809.63137942314,0.00073976,0.00086798,216
1,[],27,[],2019-02-14 19:54:26,5203657.5615,0.00000004,0.000000000001443832,6668311,2019-02-14 19:54:26,btc,257.4737088006,3940.334,0.00000004,"btc,ltc",272841.575,0.00015761,0.05469726246,216
1,[],22,[],2019-02-14 19:54:30,243354.7811814058,0.00000208,0.000000000075079264,6668312,2019-02-14 19:54:30,BTC,12677.07394544,0.0,0.00000208,BTC,430542.2281818062,0.0170664,0.29710525,217
1,[],7,[],2019-02-14 19:54:31,0.0,0,0,6668313,2019-02-14 19:54:31,btc,77970.05589791511,0.0,0,btc,137100858.32140028,0.0,0.0,219
0,[],27,[],2019-02-14 19:54:33,0.0,0,0,6668314,2019-02-14 19:54:33,,5.341893788316972,0.0,0,btc,1605140.99226595,0.0,0.0,219
0.0000000000000053,[],28,[],2019-02-14 19:54:35,169956223.952,6.8905300000000004e-18,2.4871919277400003e-22,6668315,2019-02-14 19:54:35,doge,88712.3748390675,14335.0,0.00130010,"btc,doge",4987338.69631,0.0,1.6148723187159016e-11,219
1,[],22,[],2019-02-14 19:54:39,350286.6,0.0000008,0.00000000002887664,6668316,2019-02-14 19:54:39,BTC,3.07034106,0.0,0.0000008,BTC,110086.97041875875,0.000498,0.04765806,221
1,[],24,[],2019-02-14 19:54:40,0.0,0.000000210000,0.000000000007580118,6668317,2019-02-14 19:54:40,btc,0.0,326.57505,0.000000210000,btc,0.0,0.00032373,0.0,221
1,[],20,[],2019-02-14 19:54:42,51927227.288,0.000000003,0.0000000000001082874,6668318,2019-02-14 19:54:42,btc,49.8567892589503,222241.8138,0.000000003,btc,10281277.1359,0.0006667254414,0.0539913140806,224
0,[],22,[],2019-02-14 19:54:45,0.0,0,0,6668319,2019-02-14 19:54:45,,0.0,0.0,0,,0.0,0.0,0.0,224
1,[],26,[],2019-02-14 19:54:45,0.0,0.00000033,0.000000000011911614,6668320,2019-02-14 19:54:45,btc,0.0,16646.5099998,0.00000033,btc,0.0,0.0,0.0,231
1,[],26,[],2019-02-14 19:54:46,0.0,0.00000005,0.00000000000180479,6668321,2019-02-14 19:54:46,btc,0.0,100.0,0.00000005,btc,0.0,0.0,0.0,234
0,[],27,[],2019-02-14 19:54:49,0.0,0,0,6668322,2019-02-14 19:54:49,,0.0113483662182,0.0,0,"btc,eth",11462.99618,0.0,0.0,234
0,[],22,[],2019-02-14 19:55:13,0.0,0,0,6668323,2019-02-14 19:55:13,,2.80242205,0.0,0,,93486896.06349206,0.0,0.0,235
1,[],4,[],2019-02-14 19:55:14,1252435.37238407,0.00000119,0.000000000042954002,6668324,2019-02-14 19:55:14,btc,0.4234713308964571,0.0,0.00000119,btc,220692.88824539,0.3780724,0.598097267482925,236
1,[],24,[],2019-02-14 19:55:14,0.0,0.000000020010,0.000000000000722276958,6668325,2019-02-14 19:55:14,btc,0.0,0.0,0.000000020010,btc,0.0,0.0,0.0,236
1,[],20,[],2019-02-14 19:55:16,72478246.3074,0.000000076,0.0000000000027432808,6668326,2019-02-14 19:55:16,btc,14.8995102622616,26684888.8486,0.000000076,btc,25794049.7601,1.8862005735039,0.7920954537078,237
1,[],22,[],2019-02-14 19:55:21,136267.0,0.00000004,0.000000000001443832,6668327,2019-02-14 19:55:21,BTC,0.04209605,0.0,0.00000004,"BTC,LTC",22179.0,0.0,0.00541601,237
1,[],4,[],2019-02-14 19:55:22,4315881.51899388,0.00000033,0.000000000011911614,6668328,2019-02-14 19:55:22,btc,0.6572792215592151,0.0,0.00000033,btc,1747342.19920332,0.15672024,1.320308695888977,238
1,[],5,[],2019-02-14 19:55:23,4.25e-06,0.00000033,0.000000000011911614,6668329,2019-02-14 19:55:23,btc,0.75353725,0.00641028,0.00000033,btc,2.957e-05,0.0,0.25960684,238
0,[],22,[],2019-02-14 19:55:26,0.0,0,0,6668330,2019-02-14 19:55:26,,6404.65978688,0.0,0,,370860.0639027493,0.0,0.0,249
0.0000000001151278,[],22,[],2019-02-14 19:55:30,7025765.666666667,3.453834e-18,1.246689012972e-22,6668331,2019-02-14 19:55:30,LTC,0.5119234,0.0,0.00000003,LTC,13952244.09,0.0,0.20977599,252
1,[],28,[],2019-02-14 19:55:32,3309218.286,0.00000011,0.000000000003970538,6668332,2019-02-14 19:55:32,btc,164693.68465852007,30588.707,0.00000011,btc,982884.2751,0.0,0.1899703563,256
1,[],22,[],2019-02-14 19:55:37,226102.66666666666,0.00000003,0.000000000001082874,6668333,2019-02-14 19:55:37,BTC,30.16617533,0.0,0.00000003,BTC,468788.92423192423,0.000202,0.00449104,258
1,[],22,[],2019-01-26 20:58:41,368451.0,0.00000001,0.000000000000356135,6510120,2019-01-26 20:58:41,BTC,2.642917,0.0,0.00000001,"BTC,LTC",1862.0,0.0,0.02488451,259
1,[],22,[],2019-02-14 19:55:41,12191.586065727699,0.00001500,0.000000000541437,6668334,2019-02-14 19:55:41,BTC,1292.99951374,0.0,0.00001500,"BTC,LTC",4921.782949370157,0.03441361,0.02710974,262
1,[],5,[],2019-02-14 19:55:43,1.8e-05,0.00000207,0.000000000074718306,6668335,2019-02-14 19:55:43,btc,0.83134506,0.25528848,0.00000207,btc,0.00033969,0.0,0.15587599,264
1,[],20,[],2019-02-14 19:55:45,1165498.7474,0.000001801,0.0000000000650085358,6668336,2019-02-14 19:55:45,btc,4.969128226581,58467.989,0.000001801,btc,99076.1742,0.179276377104,0.0176428412769,264
1,[],22,[],2019-02-14 19:55:48,95356.5,0.00000002,0.000000000000721916,6668337,2019-02-14 19:55:48,BTC,8.29442816,0.0,0.00000002,BTC,233739.31707431233,0.0,0.0014095,271
0,[],22,[],2019-02-14 19:55:50,0.0,0,0,6668338,2019-02-14 19:55:50,,384.77798703,0.0,0,,15106717515.9,0.0,0.0,272
0.0000000000000053,[],28,[],2019-02-14 19:55:52,183442197117.206,3.71e-21,1.3391541800000001e-25,6668339,2019-02-14 19:55:52,doge,440782489.1009622,23761593153.3868,0.0000007,doge,238069416474.8661,0.0,4.516369299838656e-10,272
1,[],22,[],2019-02-14 19:55:58,13418.0,0.00001801,0.000000000650085358,6668340,2019-02-14 19:55:58,BTC,74.09708527,0.0,0.00001801,"BTC,LTC",1586.4875854920265,0.06181519,0.04840704,281
