pairValue,buyBook,exchangeId,sellBook,updated,buyTotal,satoshiPrice,usdPrice,exchangeLogId,created,bestPair,sellTotalBtc,volume,pairPrice,activePairs,sellTotal,volumeBtc,buyTotalBtc,coinId
0,[],2,[],2019-01-20 23:28:45,0.0,0,0,6477011,2019-01-20 23:28:45,,0.0,0.0,0,,0.0,0.0,0.0,1
1,[],3,[],2019-05-28 01:22:22,70.082225888935,0.0107249100000000006926992313083246699534356594085693359375,0.0000009407397706140002,7697881,2019-05-28 01:22:22,btc,33.77490539993508,52.3043694016,0.0107249100000000006926992313083246699534356594085693359375,btc,23.808387107370002,0.0,0.20476550432047322,1
1,[],4,[],2019-05-28 01:22:23,207665.04011308,0.01083901,0.0000009507480977540001,7697882,2019-05-28 01:22:23,btc,8.067554679738848,0.0,0.01083901,btc,334.56456073,1.91773047,0.4145420291240176,1
1,[],5,[],2019-05-28 01:22:25,0.0,0,0,7697883,2019-05-28 01:22:25,btc,0.0,0.00492479,0,btc,0.0,0.0,0.0,1
1,[],10,[],2019-05-28 01:22:27,309946.48118176,0.00720288,0.0000006318035003520001,7697884,2019-05-28 01:22:27,btc,6521.854504817987,1824.2825923,0.00720288,btc,1360.90751659,0.0,2.4282037850773968,1
1,[],12,[],2019-05-28 01:22:29,78.5311147,0.0110500000000000007938094626069869264028966426849365234375,0.0000009692551700000002,7697885,2019-05-28 01:22:29,btc,0.2199577667114,0.0,0.0110500000000000007938094626069869264028966426849365234375,btc,18.91566399,0.141513853064,0.3230767727283,1
1,[],20,[],2019-05-28 01:22:31,973.0011,0.010262851,0.0000009002100806054001,7697886,2019-05-28 01:22:31,btc,0.5004177412745,0.1139,0.010262851,btc,41.6349,0.00129704764,0.1088177618622,1
1,[],21,[],2019-05-28 01:22:32,2049.48884653,0.01107081000000000037264413777,0.0000009710805274740002,7697887,2019-05-28 01:22:32,btc,12.725519644253193,3762.0336730900003,0.01107081000000000037264413776938454248011112213134765625,"btc,eth",1549.57797202,36.005385091253466,18.81344800155783,1
1,[],22,[],2019-05-28 01:22:36,0.0025666666666666667,0.00900000,0.0000007894386000000001,7697888,2019-05-28 01:22:36,BTC,0.31629903,0.0,0.00900000,BTC,0.2505752479991019,0.0,2.31e-05,1
1,[],24,[],2019-05-28 01:22:37,0.0,0.000000000000,0,7697889,2019-05-28 01:22:37,btc,0.0,0.0,0.000000000000,btc,0.0,0.0,0.0,1
0.0,[],25,[],2019-05-28 01:22:38,0.0,0,0,7697890,2019-05-28 01:22:38,btc,21.16499999913857,3407.97398925,0.0,btc,1821.61652228,37.125,0.0,1
1,[],26,[],2019-05-28 01:22:39,0.0,0,0,7697891,2019-05-28 01:22:39,,0.0,0.0,0,,0.0,0.0,0.0,1
0,[],28,[],2019-05-28 01:22:41,0.0,0,0,7697892,2019-05-28 01:22:41,,0.0,363316.8,0,,0.0,0.0,0.0,1
1,[],5,[],2019-05-28 01:22:42,0.0,0,0,7697893,2019-05-28 01:22:42,btc,0.0,0.00044261,0,btc,0.0,0.0,0.0,2
1,[],22,[],2019-05-28 01:22:46,11638.0,0.0000002,0.000000000017543080000000002,7697894,2019-05-28 01:22:46,BTC,21.00897301,0.0,0.0000002,"BTC,XMR",20678.87287795317,0.0,0.00145435,2
1,[],5,[],2019-05-28 01:22:48,0.0,0,0,7697895,2019-05-28 01:22:48,btc,0.0,0.18423502,0,btc,0.0,0.0,0.0,3
1,[],12,[],2019-05-28 01:22:49,2661010.4510461,0.000000108,0.0000000000094732632,7697896,2019-05-28 01:22:49,btc,4526.141866558322,0.0,0.000000108,btc,3082244.28072049,0.127054802085,0.2198866509335588,3
0,[],28,[],2019-05-28 01:22:52,0.0,0,0,7697897,2019-05-28 01:22:52,,0.0,0.0,0,,0.0,0.0,0.0,3
0,[],2,[],2019-01-20 23:31:32,0.0,0,0,6477077,2019-01-20 23:31:32,,0.0,0.0,0,,0.0,0.0,0.0,4
1,[],4,[],2019-05-18 21:29:50,562734.9206932,0.00000010,0.000000000007298720000000001,7650946,2019-05-18 21:29:50,btc,41.9347137769675,0.0,0.00000010,btc,1123702.32192634,0.00052462,0.029254593370966,4
0,[],12,[],2019-05-28 01:22:52,0.0,0,0,7697898,2019-05-28 01:22:52,btc,0.415868044995005,0.0,0,btc,1049061.4995005,0.0,0.0,5
0,[],2,[],2019-01-20 23:31:51,0.0,0,0,6477087,2019-01-20 23:31:51,,0.0,0.0,0,,0.0,0.0,0.0,6
1,[],11,[],2019-05-28 01:22:54,7250289.776736,0.00000002,0.0000000000017543080000000003,7697899,2019-05-28 01:22:54,btc,9578.924027111882,3429798.0,0.00000002,btc,65060656.39865396,0.0,0.09337137276736,6
1,[],3,[],2019-05-28 01:22:54,1632.251820927125,0.0000888800000000000028389790518446034184307791292667388916015625,0.000000007796144752000002,7697900,2019-05-28 01:22:54,btc,0.058941252614252336,176.533509258,0.0000888800000000000028389790518446034184307791292667388916015625,btc,187.822029933764,0.0,0.026112087144019084,7
1,[],4,[],2019-05-28 01:22:55,329443.36883213,0.00008652,0.000000007589136408000001,7697901,2019-05-28 01:22:55,btc,9.555024351133772,0.0,0.00008652,btc,57856.24493355,2.76294516,2.2192060973018424,7
1,[],5,[],2019-05-28 01:22:57,0.0,0,0,7697902,2019-05-28 01:22:57,btc,0.0,0.57085664,0,btc,0.0,0.0,0.0,7
1,[],20,[],2019-04-07 22:06:50,3201475.0482,0.000000001,0.000000000000051590000000000004,7213932,2019-04-07 22:06:50,btc,30.8005781811902,0.0,0.000000001,btc,23077405.3926,0.0,0.0032014750482,8
0,[],2,[],2019-01-20 23:22:42,0.0,0,0,6476876,2019-01-20 23:22:42,,0.0,0.0,0,,0.0,0.0,0.0,9
0,[],23,[],2019-01-20 23:22:48,0.0,0,0,6476878,2019-01-20 23:22:48,,0.0,0.0,0,,0.0,0.0,0.0,9
1,[],1,[],2019-02-17 23:31:42,1822507.21,0.00000181000000000000003456111265232042484285557293333113193511962890625,0.000000000066086901,6701244,2019-02-17 23:31:42,btc,3.6990969245,17153386.5,0.00000181000000000000003456111265232042484285557293333113193511962890625,btc,1997391.71,31.11772986,3.2610482446,9
1,[],4,[],2019-05-28 01:23:00,21186317.66327733,0.00000050,0.00000000004385770000000001,7697903,2019-05-28 01:23:00,btc,3.404084915396966,0.0,0.00000050,btc,3149159.95508644,0.66708867,0.5298974127838991,9
0,[],28,[],2019-05-28 01:23:02,0.0,0,0,7697904,2019-05-28 01:23:02,,0.0,3595011.0,0,,0.0,0.0,0.0,9
1,[],4,[],2019-02-17 11:22:43,4341674.27126056,0.00000002,0.0000000000007272960000000001,6696112,2019-02-17 11:22:43,btc,0.1997230937751353,0.0,0.00000002,btc,4109766.79808031,0.00215132,0.0479381022052112,10
0,[],2,[],2019-01-20 23:23:08,0.0,0,0,6476890,2019-01-20 23:23:08,,0.0,0.0,0,,0.0,0.0,0.0,12
1,[],4,[],2019-05-28 01:23:04,8792270.34174898,0.00000048,0.000000000042103392,7697905,2019-05-28 01:23:04,btc,4.70288886933312,0.0,0.00000048,btc,4920345.22028936,0.95453448,1.6284532336459097,12
1,[],5,[],2019-05-28 01:23:05,0.0,0,0,7697906,2019-05-28 01:23:05,btc,0.0,0.12611407,0,btc,0.0,0.0,0.0,12
0.0,[],25,[],2019-05-28 01:23:07,0.0,0,0,7697907,2019-05-28 01:23:07,,0.0,0.0,0.0,btc,0.0,0.0,0.0,12
1,[],4,[],2019-05-28 01:23:09,344636.54663288,0.00000589,0.0000000005166437060000001,7697908,2019-05-28 01:23:09,btc,2.0699119619868447,0.0,0.00000589,btc,256115.16821152,0.30143296,0.5702447384019041,13
1,[],10,[],2019-05-28 01:23:11,652861.21054985,0.00000585,0.0000000005131350900000001,7697909,2019-05-28 01:23:11,btc,666803.29840718,11865.833277,0.00000585,btc,866952.43686478,0.0,0.2567811100028781,13
1,[],21,[],2019-05-28 01:23:12,2050531.1216306,0.000005980000000000000343492595478,0.0000000005245380920000001,7697910,2019-05-28 01:23:12,btc,2.2835112679433576,906980.19818496,0.0000059800000000000003434925954781675727645051665604114532470703125,btc,347001.24013316,5.39155375,9.094236703112655,13
0,[],17,[],2019-05-03 00:53:32,0.0,0,0,7558876,2019-05-03 00:53:32,btc,0.0,0.0,0,btc,0.0,0.0,0.0,14
1,[],4,[],2019-05-28 01:23:14,803565.09953418,0.00000081,0.00000000007104947400000001,7697911,2019-05-28 01:23:14,btc,4.512968206848584,0.0,0.00000081,btc,851101.12154653,0.01016476,0.0554434781474222,14
1,[],12,[],2019-05-28 01:23:15,135789.19830412,0.00000077,0.00000000006754085800000001,7697912,2019-05-28 01:23:15,btc,14.134633773177752,0.0,0.00000077,btc,21543.71741965,0.000322191372,0.0151702399999668,14
1,[],26,[],2019-05-28 01:25:15,0.0,0.00000050,0.00000000004385770000000001,7697913,2019-05-28 01:25:15,btc,0.0,0.0,0.00000050,btc,0.0,0.0,0.0,14
,[],12,[],2018-12-01 15:15:48,204241.84496,0.00000489,0.000000000202473384,5260204,2018-12-01 15:15:48,btc,49.5475654835,0.0,,btc,35763.2193806,0.0163153972027625,0.0203389899998,15
0,[],4,[],2019-05-28 01:25:16,0.0,0,0,7697914,2019-05-28 01:25:16,,0.0,0.0,0,,0.0,0.0,0.0,15
1,[],4,[],2019-05-28 00:47:15,35687.23642524,0.00001102,0.000000000965885368,7697753,2019-05-28 00:47:15,btc,0.9690018714042726,0.0,0.00001102,btc,10904.60952247,0.04597926,0.0912311549408811,18
1,[],10,[],2019-05-28 00:47:18,497300.02902862,0.00001056,0.0000000009255671040000001,7697754,2019-05-28 00:47:18,btc,15.348873991806869,44293.7664156,0.00001056,btc,13892.35809799,0.0,0.1268269545736636,18
1,[],12,[],2019-05-28 00:47:19,6981.17531677,0.000010610000000000000059860970347269670810419484041631221771240234375,0.0000000009299495240000001,7697755,2019-05-28 00:47:19,btc,0.39879142725228284,0.0,0.000010610000000000000059860970347269670810419484041631221771240234375,btc,1250.20089134,0.003258828204,0.0102273287199567,18
0,[],2,[],2019-01-20 23:23:38,0.0,0,0,6476906,2019-01-20 23:23:38,,0.0,0.0,0,,0.0,0.0,0.0,18
0,[],17,[],2019-05-03 00:53:39,0.0,0,0,7558882,2019-05-03 00:53:39,btc,0.0,0.0,0,btc,0.0,0.0,0.0,18
0,[],2,[],2019-01-20 23:24:19,0.0,0,0,6476924,2019-01-20 23:24:19,,0.0,0.0,0,,0.0,0.0,0.0,19
1,[],3,[],2019-05-28 01:25:20,148794.84362746906,0.00000819999999999999941717628015869223645495367236435413360595703125,0.00000000071926628,7697915,2019-05-28 01:25:20,btc,0.14945216655180785,3754.77071591,0.00000819999999999999941717628015869223645495367236435413360595703125,btc,4007.146261396318,0.0,0.0485293957133132,19
1,[],4,[],2019-05-28 01:27:20,611839.63246187,0.00000835,0.0000000007324235900000001,7697916,2019-05-28 01:27:20,btc,3.3434620920003746,0.0,0.00000835,btc,156339.73111029,0.0,0.7951570879576302,19
1,[],5,[],2019-05-28 01:27:21,0.0,0,0,7697917,2019-05-28 01:27:21,btc,0.0,6.948e-05,0,btc,0.0,0.0,0.0,19
1,[],12,[],2019-05-28 01:27:23,15561.64187593,0.000007109999999999999688846986922730053493069135583937168121337890625,0.0000000006236564940000001,7697918,2019-05-28 01:27:23,btc,0.0596586155894546,0.0,0.000007109999999999999688846986922730053493069135583937168121337890625,btc,2092.39552447,0.003800411859,0.029050869999794098,19
0,[],27,[],2019-05-28 01:27:29,0.0,0,0,7697919,2019-05-28 01:27:29,,0.0,0.0,0,btc,0.0,0.0,0.0,19
1,[],4,[],2019-05-28 01:27:32,10062076.88478525,0.00000007,0.000000000006140078000000001,7697920,2019-05-28 01:27:32,btc,6.429883252961221,0.0,0.00000007,btc,2333215.60836933,0.0,0.1174938176872809,20
1,[],4,[],2019-05-28 01:27:33,72531683.2473748,0.00000001,0.0000000000008771540000000001,7697921,2019-05-28 01:27:33,btc,1771.2887111818936,0.0,0.00000001,btc,66686466.21973631,0.0015,0.7253168324737481,21
1,[],12,[],2019-05-28 01:27:33,2469957.0,0.00000001,0.0000000000008771540000000001,7697922,2019-05-28 01:27:33,btc,1008.0147310527972,0.0,0.00000001,btc,5931775.63936062,0.002811018751,0.02469957,21
0,[],17,[],2019-05-03 00:53:51,0.0,0,0,7558891,2019-05-03 00:53:51,btc,0.0,0.0,0,btc,0.0,0.0,0.0,21
1,[],12,[],2019-05-28 01:29:35,4697916931.0,0.0000000004,0.00000000000003508616000000001,7697923,2019-05-28 01:29:35,btc,708147258.8153248,0.0,0.0000000004,btc,2633510333.589411,0.063776412448,0.962565658,23
0.0000000003082739,[],27,[],2019-05-28 01:29:41,103540717.95654348,1.2330956e-17,1.0816147379224002e-21,7697924,2019-05-28 01:29:41,eth,1171.1505152228,789831929.0434563,0.00000004,eth,8199859.028,9.739382763894124e-09,5.869790234879157e-10,23
1,[],4,[],2019-05-28 01:29:42,1809509.07699412,0.00000020,0.000000000017543080000000002,7697925,2019-05-28 01:29:42,btc,13.477543450121939,0.0,0.00000020,btc,2151323.93080148,0.01795797,0.0565509620189353,24
1,[],22,[],2019-05-28 01:29:45,21.76,0.00000100,0.00000000008771540000000002,7697926,2019-05-28 01:29:45,BTC,7.415e-05,0.0,0.00000100,BTC,23.919354838709676,0.0,1.186e-05,24
0.0,[],25,[],2019-05-28 01:29:46,0.0,0,0,7697927,2019-05-28 01:29:46,,0.0,0.0,0.0,btc,0.0,0.0,0.0,24
1,[],4,[],2019-05-28 01:29:47,336743.28925787,0.00000421,0.00000000036928183400000005,7697928,2019-05-28 01:29:47,btc,10.15342229610073,0.0,0.00000421,btc,252820.8789876,0.1606687,0.3013953872380036,26
1,[],10,[],2019-05-28 01:29:50,149491.84782691,0.00000401,0.000000000351738754,7697929,2019-05-28 01:29:50,btc,25.508836667670355,6684.57116143,0.00000401,btc,22959.56181785,0.0,0.0302764064798729,26
0,[],2,[],2019-01-20 23:25:56,0.0,0,0,6476976,2019-01-20 23:25:56,,0.0,0.0,0,,0.0,0.0,0.0,26
1,[],3,[],2019-05-28 01:29:50,10620611.60144003,0.00000001,0.0000000000008771540000000001,7697930,2019-05-28 01:29:50,btc,3.5905336854646275,4969553.03413,0.00000001,btc,26895038.84545408,0.0,0.10620611601440029,27
1,[],11,[],2019-05-28 01:29:51,1070969.08157834,0.00000002,0.0000000000017543080000000003,7697931,2019-05-28 01:29:51,btc,67503.03934773499,19676.5543251,0.00000002,btc,6639861.32608848,0.0,0.0107207058157834,27
1,[],5,[],2019-04-26 09:47:06,0.0,0,0,7465326,2019-04-26 09:47:06,btc,0.0,0.0,0,btc,0.0,0.0,0.0,27
1,[],4,[],2019-05-28 01:29:53,1163188606.7999294,0.00000001,0.0000000000008771540000000001,7697932,2019-05-28 01:29:53,btc,4.89736839865345,0.0,0.00000001,"btc,ltc",299200636.27765006,0.08944976,8.066896541754769,29
1,[],7,[],2019-05-28 01:29:55,86565332.30740812,0.00000001,0.0000000000008771540000000001,7697933,2019-05-28 01:29:55,btc,46548272.1112354,0.0,0.00000001,btc,35027928.49011496,0.0,0.8656533230740813,29
1,[],4,[],2019-05-28 01:29:58,15163814.27217546,0.00000006,0.000000000005262924,7697934,2019-05-28 01:29:58,btc,2.672923484071859,0.0,0.00000006,btc,2114428.94230939,0.00029988,0.1659692359941774,30
0,[],17,[],2019-05-03 01:11:25,0.0,0,0,7559066,2019-05-03 01:11:25,btc,0.0,0.0,0,btc,0.0,0.0,0.0,30
1,[],4,[],2019-05-28 01:31:59,116708.00073275,0.00004284,0.000000003757727736,7697935,2019-05-28 01:31:59,btc,3.2824550866084508,0.0,0.00004284,btc,40302.45306722,1.17906934,0.598670206541214,31
1,[],21,[],2019-05-28 01:32:01,117163.6665734,0.00004568000000000000309979472646,0.000000004006839472000001,7697936,2019-05-28 01:32:01,btc,5.268253687833885,363000.70892829,0.0000456800000000000030997947264577163650756119750440120697021484375,btc,103769.95106022,15.57506476,4.514145496231271,31
0,[],2,[],2019-01-20 23:28:43,0.0,0,0,6477009,2019-01-20 23:28:43,,0.0,0.0,0,,0.0,0.0,0.0,32
0,[],4,[],2019-05-28 01:32:03,0.0,0,0,7697937,2019-05-28 01:32:03,,0.0,0.0,0,,0.0,0.0,0.0,33
1,[],12,[],2019-03-30 07:55:10,40641173.964,0.00000003,0.000000000001228359,7108785,2019-03-30 07:55:10,btc,4233210.82356125,0.0,0.00000003,btc,28378394.68333462,0.0126927883965248,0.90752895892,33
0.0000000001329256,[],4,[],2019-05-28 01:32:05,510116808.1908,1.1963304e-17,1.0493659956816001e-21,7697938,2019-05-28 01:32:05,ltc,3.5114557794395,0.0,0.00000009,ltc,155809438.1585306,0.0,2.019212187906027e-09,34
1,[],5,[],2019-05-28 01:32:08,0.0,0,0,7697939,2019-05-28 01:32:08,btc,0.0,8.6e-07,0,btc,0.0,0.0,0.0,34
0.0000000001329256,[],4,[],2019-05-28 01:32:09,80740056.16077778,1.329256e-18,1.1659622174240001e-22,7697940,2019-05-28 01:32:09,ltc,5.073916293162065e-08,0.0,0.00000001,ltc,7051461285.111265,0.0,1.0732420409205084e-10,36
1,[],5,[],2019-05-28 01:32:10,0.0,0,0,7697941,2019-05-28 01:32:10,btc,0.0,0.0,0,btc,0.0,0.0,0.0,36
0.0000000003082739,[],27,[],2019-05-28 01:34:20,41737858.4,9.248217000000001e-18,8.112110534418001e-22,7697942,2019-05-28 01:34:20,eth,1670.43116568,1519874198.6039999,0.00000003,"ltc,eth",4726977.0,9.840332558403001e-08,3.444232150591248e-10,36
0.0000000002926451,[],17,[],2019-05-02 18:17:47,200000.0,2.9264510000000002e-18,1.596703856561e-22,7556430,2019-05-02 18:17:47,eth,0.20942468735267253,0.0,0.00000001,"btc,eth",1018272.20243647,0.0,5.852902e-13,36
1,[],4,[],2019-05-28 01:34:22,9956778.63087131,0.00000018,0.000000000015788772000000003,7697943,2019-05-28 01:34:22,btc,19772.566199821533,0.0,0.00000018,btc,761696.91530854,0.0023635,0.1378619329263104,37
1,[],12,[],2019-05-28 01:34:23,4075780.32628572,0.00000021,0.000000000018420234000000002,7697944,2019-05-28 01:34:23,btc,8.134031227012978,0.0,0.00000021,btc,859218.77022973,0.0311685209,0.2008684386442866,37
1,[],27,[],2019-05-28 01:36:31,1600.0,0.00000015,0.000000000013157310000000001,7697945,2019-05-28 01:36:31,btc,24.11463822903233,0.0,0.00000015,btc,5792.59438508,0.0,3e-05,37
1,[],17,[],2019-05-03 01:11:36,211752.74075282,0.00000025,0.000000000013700074999999998,7559074,2019-05-03 01:11:36,btc,0.055484923955058496,0.0,0.00000025,"btc,eth",1387.19918473,0.0,0.0005381851887916605,37
1,[],5,[],2019-05-28 01:36:32,0.0,0,0,7697946,2019-05-28 01:36:32,btc,0.0,0.00281047,0,btc,0.0,0.0,0.0,42
1,[],12,[],2019-05-28 01:36:33,133742.10133815,0.00000094,0.000000000082452476,7697947,2019-05-28 01:36:33,btc,24.540282203628347,0.0,0.00000094,btc,70605.64631566,0.018539237971,0.0460363799999485,42
1,[],27,[],2019-05-28 01:36:42,506.0,0.00000002,0.0000000000017543080000000003,7697948,2019-05-28 01:36:42,btc,0.39085425,0.0,0.00000002,"btc,eth",735.0,0.0,6.00000032387256e-06,42
1,[],12,[],2019-03-13 09:13:29,1112112.0,0.00000001,0.000000000000386531,6919902,2019-03-13 09:13:29,btc,29058.00478931866,0.0,0.00000001,btc,5967681.93306694,9.99000999e-07,0.01112112,43
1,[],5,[],2019-04-26 22:38:52,0.0,0,0,7474154,2019-04-26 22:38:52,btc,0.0,0.02638891,0,btc,0.0,0.0,0.0,43
0,[],17,[],2019-04-26 22:38:53,0.0,0,0,7474155,2019-04-26 22:38:53,btc,0.0,0.0,0,btc,0.0,0.0,0.0,43
1,[],12,[],2019-03-05 01:54:08,639326.02,0.00000004,0.000000000001486676,6845775,2019-03-05 01:54:08,btc,11116042.728239931,0.0,0.00000004,btc,1103841.4595604,0.0003330765234764,0.014975410599999999,44
1,[],4,[],2019-05-28 01:36:44,114799900.95207927,0.00000001,0.0000000000008771540000000001,7697949,2019-05-28 01:36:44,btc,291324.2225815418,0.0,0.00000001,"btc,ltc",27251005.13262538,0.00218329,0.08799417842134338,49
0.0000000001329256,[],4,[],2019-05-28 01:36:44,141833036.7387693,4.2536192e-17,3.7310790957568004e-21,7697950,2019-05-28 01:36:44,ltc,22050.151287154746,0.0,0.00000032,ltc,157833611.46715453,0.0,8.045437331519502e-10,52
0,[],22,[],2019-05-28 01:36:47,0.0,0,0,7697951,2019-05-28 01:36:47,,10289.55991011,0.0,0,,308568058.4566013,0.0,0.0,57
0,[],27,[],2019-05-28 01:36:55,0.0,0,0,7697952,2019-05-28 01:36:55,,0.0,0.0,0,"btc,eth",0.0,0.0,0.0,57
0.0000000001329256,[],4,[],2019-05-28 01:36:55,2695987137.494031,1.329256e-18,1.1659622174240001e-22,7697953,2019-05-28 01:36:55,ltc,19.26387188513371,0.0,0.00000001,ltc,5782050563.79815,0.0,3.5836570784367658e-09,58
1,[],12,[],2019-05-28 01:36:58,772370370.0,0.0000000001,0.000000000000008771540000000002,7697954,2019-05-28 01:36:58,btc,2179511.791897598,0.0,0.0000000001,btc,2689845038.767233,0.001370739803,0.07723703700000001,58
0.0000000001109255,[],22,[],2019-05-28 01:39:02,126877.0,1.109255e-18,9.729874602700001e-23,7697955,2019-05-28 01:39:02,XMR,68.17454206,0.0,0.00000001,XMR,9626402.6,0.0,0.00126877,58
1,[],17,[],2019-05-03 01:12:09,1200000.0,0.0000000001,0.00000000000000548003,7559085,2019-05-03 01:12:09,btc,1e+24,0.0,0.0000000001,"btc,eth",39516342.31952568,0.0,0.00010000000058666061,58
1,[],5,[],2019-05-28 01:39:05,0.0,0,0,7697956,2019-05-28 01:39:05,btc,0.0,1.97e-05,0,btc,0.0,0.0,0.0,61
1,[],22,[],2019-05-28 01:39:08,13613.833333333334,0.00000012,0.000000000010525848,7697957,2019-05-28 01:39:08,BTC,1002.29590883,0.0,0.00000012,BTC,15092.180177125656,0.0,0.00153269,61
1,[],26,[],2019-05-28 01:39:08,0.0,0.00000050,0.00000000004385770000000001,7697958,2019-05-28 01:39:08,btc,0.0,0.0,0.00000050,btc,0.0,0.0,0.0,61
1,[],27,[],2019-05-28 01:39:17,13712.0,0.0000002,0.000000000017543080000000002,7697959,2019-05-28 01:39:17,btc,1.9582485601246655,0.0,0.0000002,"btc,eth",11379.41563696,0.0,0.00252178,61
0,[],28,[],2019-05-28 01:39:20,0.0,0,0,7697960,2019-05-28 01:39:20,,0.0,746.0,0,,0.0,0.0,0.0,61
1,[],4,[],2019-05-28 01:39:22,1030384.68307989,0.00000080,0.00000000007017232000000001,7697961,2019-05-28 01:39:22,btc,2.6795237595884642,0.0,0.00000080,btc,896043.54279761,0.08390212,0.6000618841619976,67
0.0,[],25,[],2019-05-28 01:39:23,0.0,0,0,7697962,2019-05-28 01:39:23,,0.0,0.0,0.0,btc,0.0,0.0,0.0,67
1,[],12,[],2019-05-28 01:39:25,805591.0,0.00000005,0.000000000004385770000000001,7697963,2019-05-28 01:39:25,btc,5.16721593143856,0.0,0.00000005,btc,767401.77822175,0.000138932549,0.01731071,71
,[],5,[],2018-11-20 23:02:39,1.5e-07,0.00000005,0.000000000002128045,4862160,2018-11-20 23:02:39,btc,2.84511358,0.0,,btc,0.00036572,0.0,0.07381892,74
1,[],5,[],2019-05-28 01:39:26,0.0,0,0,7697964,2019-05-28 01:39:26,btc,0.0,0.10399205,0,btc,0.0,0.0,0.0,75
0,[],4,[],2019-05-25 21:33:44,0.0,0,0,7686249,2019-05-25 21:33:44,,133656.37989170782,0.0,0,,33439209.5909442,0.0,0.0,81
0,[],20,[],2019-01-25 09:30:31,0.0,0,0,6495923,2019-01-25 09:30:31,btc,0.0,0.0,0,btc,0.0,0.0,0.0,81
1,[],4,[],2019-05-28 01:39:27,27029.45888134,0.00006607,0.000000005795356478,7697965,2019-05-28 01:39:27,btc,17.909460811269163,0.0,0.00006607,btc,16704.36826305,0.5062953,0.2851416200294373,82
1,[],21,[],2019-05-28 01:39:28,96630.03109431,0.00007527999999999999752517410023,0.0000000066032153120000006,7697966,2019-05-28 01:39:28,btc,3.117132069699124,65533.11685993,0.0000752799999999999975251741002324479268281720578670501708984375,btc,34002.52252813,5.05373106,4.299952195923913,82
0,[],17,[],2019-03-25 22:42:34,0.0,0,0,7038780,2019-03-25 22:42:34,btc,0.0445064681804024,0.0,0,btc,995513.18476001,0.0,0.0,84
0.0000000001161485,[],4,[],2019-05-20 13:09:39,216715621.0206096,1.161485e-18,9.0533806701e-23,7657228,2019-05-20 13:09:39,ltc,1.6511566870244727,0.0,0.00000001,ltc,471032407.9048656,0.0,2.5171194308112273e-10,85
,[],22,[],2018-11-20 23:09:34,3408.1,0.0000001,0.0000000000041895,4862324,2018-11-20 23:09:34,BTC,0.04624735,0.0,,BTC,4990.0,0.0,0.00033081,86
1,[],22,[],2019-05-28 01:39:31,65156.0,0.00000001,0.0000000000008771540000000001,7697967,2019-05-28 01:39:31,BTC,1.45608405,0.0,0.00000001,BTC,314587.29736842104,0.0,0.00065156,87
0,[],27,[],2019-05-28 01:39:37,0.0,0,0,7697968,2019-05-28 01:39:37,,4.962566382816,0.0,0,btc,66120.49241,0.0,0.0,87
,[],2,[],2018-11-20 23:10:47,0.0,0,0,4862359,2018-11-20 23:10:47,,0.0,0.0,,,0.0,0.0,0.0,88
1,[],11,[],2019-05-28 01:39:39,97967.92977869,0.00008500000000000000610622663543836097232997417449951171875,0.000000007455809000000001,7697969,2019-05-28 01:39:39,btc,184.3938698831101,5077.41172604,0.00008500000000000000610622663543836097232997417449951171875,btc,225863.71360549,0.0,3.2766778123325273,89
0,[],2,[],2019-01-20 23:31:45,0.0,0,0,6477083,2019-01-20 23:31:45,,0.0,0.0,0,,0.0,0.0,0.0,91
1,[],12,[],2019-05-28 01:39:41,201730.60180614,0.00000038,0.000000000033331852000000006,7697970,2019-05-28 01:39:41,btc,87.64479082613364,0.0,0.00000038,btc,115110.80555554,0.001901457,0.0115391119999815,91
1,[],22,[],2019-05-28 01:41:44,75910.55,0.0000002,0.000000000017543080000000002,7697971,2019-05-28 01:41:44,BTC,0.495,0.0,0.0000002,"BTC,LTC",4.95,0.0,0.00165931,91
0,[],17,[],2019-05-03 01:12:26,0.0,0,0,7559096,2019-05-03 01:12:26,btc,0.0,0.0,0,btc,0.0,0.0,0.0,91
1,[],22,[],2019-04-09 20:17:52,374949.73333333334,0.00000015,0.000000000007771935,7235704,2019-04-09 20:17:52,BTC,6.87372503,0.0,0.00000015,"BTC,LTC",159980.01196797504,1.1e-05,0.80510266,95
0.0000000001329256,[],4,[],2019-05-28 01:41:45,550027997.192919,2.7914376e-17,2.4485206565904003e-21,7697972,2019-05-28 01:41:45,ltc,11.581305421357692,0.0,0.00000021,ltc,175353600.1265924,0.0,1.1090507908946318e-09,96
0,[],12,[],2019-05-28 01:41:47,0.0,0,0,7697973,2019-05-28 01:41:47,btc,10.45964985037962,0.0,0,btc,7775532.03796204,0.0,0.0,96
0,[],17,[],2019-05-03 01:12:32,0.0,0,0,7559100,2019-05-03 01:12:32,btc,0.0,0.0,0,btc,0.0,0.0,0.0,96
1,[],4,[],2019-04-14 03:32:46,1039404.33283278,0.00000038,0.000000000019245518,7293458,2019-04-14 03:32:46,btc,4.170086055365747,0.0,0.00000038,btc,3097704.34561074,0.06260606,0.1859928211030784,99
1,[],4,[],2019-05-28 01:43:49,196414.92605453,0.00001621,0.0000000014218666340000002,7697974,2019-05-28 01:43:49,btc,7.0465520576111995,0.0,0.00001621,btc,138414.50514266,0.95721127,0.2405866889761581,100
0,[],2,[],2019-01-20 23:23:55,0.0,0,0,6476914,2019-01-20 23:23:55,,0.0,0.0,0,,0.0,0.0,0.0,100
1,[],22,[],2019-05-28 01:43:53,150000.0,0.00000002,0.0000000000017543080000000003,7697975,2019-05-28 01:43:53,BTC,24.83526409,0.0,0.00000002,BTC,11187.719,0.0,0.0017,101
1,[],4,[],2019-05-28 01:43:55,538929.86135078,0.00000160,0.00000000014034464000000002,7697976,2019-05-28 01:43:55,btc,362.21090571812124,0.0,0.00000160,btc,597609.38158706,0.01008966,0.1768665458548574,103
1,[],12,[],2019-05-28 01:43:58,139729067.83268034,0.000000004,0.00000000000035086160000000005,7697977,2019-05-28 01:43:58,btc,2379.9727455959096,0.0,0.000000004,btc,57603341.37585175,0.009834031165,0.16868739133072141,105
0,[],27,[],2019-05-28 01:44:04,0.0,0,0,7697978,2019-05-28 01:44:04,,0.259402494018824,300.0,0,btc,714350.52604776,3e-06,0.0,105
1,[],22,[],2019-04-21 00:17:26,21333.0,0.00000001,0.000000000000532493,7385819,2019-04-21 00:17:26,BTC,51.38182867,0.0,0.00000001,BTC,470435.0,0.0,0.00021333,107
1,[],26,[],2019-04-21 00:17:26,0.0,0.00000000,0,7385820,2019-04-21 00:17:26,btc,0.0,0.0,0.00000000,btc,0.0,0.0,0.0,107
1,[],5,[],2019-05-28 01:44:06,0.0,0,0,7697979,2019-05-28 01:44:06,btc,0.0,5e-07,0,btc,0.0,0.0,0.0,112
0,[],22,[],2019-05-28 01:44:10,0.0,0,0,7697980,2019-05-28 01:44:10,,2.79635781,0.0,0,,3274992.0833333335,0.0,0.0,112
1,[],27,[],2019-05-28 01:44:20,1.0,0.00000001,0.0000000000008771540000000001,7697981,2019-05-28 01:44:20,btc,1.15032588,0.0,0.00000001,"btc,eth",1818.0,0.0,1e-08,112
1,[],4,[],2019-05-28 01:44:22,183687.48683023,0.00000086,0.00000000007543524400000001,7697982,2019-05-28 01:44:22,btc,4.493156166821546,0.0,0.00000086,btc,559946.84378132,0.00638732,0.1001490345199921,113
1,[],5,[],2019-05-28 01:44:23,0.0,0,0,7697983,2019-05-28 01:44:23,btc,0.0,0.0,0,btc,0.0,0.0,0.0,113
1,[],17,[],2019-04-26 02:17:47,162738.278,0.00000004,0.0000000000021069000000000002,7461287,2019-04-26 02:17:47,btc,1.3331140273775473,0.0,0.00000004,btc,51796.221,0.0,0.00230953112,116
1,[],27,[],2019-05-22 05:13:01,210000.0,0.00000001,0.00000000000079145,7666372,2019-05-22 05:13:01,btc,3919.0005001478,0.0,0.00000001,btc,128660.871,0.0,0.0021,116
1,[],4,[],2019-05-21 22:31:11,138169.03963019,0.00000701,0.000000000558364025,7664793,2019-05-21 22:31:11,btc,150.95388250938234,0.0,0.00000701,btc,344631.17141974,0.07552974,0.4288357684941946,120
1,[],7,[],2019-05-21 22:31:12,3901.07750076,0.000010679999999999999389654892212320191902108490467071533203125,0.0000000008506887,7664794,2019-05-21 22:31:12,btc,231188.94669936574,0.0,0.000010679999999999999389654892212320191902108490467071533203125,btc,4133.83151364,0.0,0.0113888422364489,120
1,[],20,[],2019-04-07 18:42:29,1914137.0852,0.000000035,0.0000000000017871910000000002,7211992,2019-04-07 18:42:29,btc,32.2497668025648,25528.85,0.000000035,btc,1001975.4986,0.00089350975,0.0152723574729,125
1,[],22,[],2019-05-28 01:44:26,10000.0,0.00000001,0.0000000000008771540000000001,7697984,2019-05-28 01:44:26,BTC,0.032061,0.0,0.00000001,BTC,299316.7611111111,0.0,0.0001,126
1,[],4,[],2019-05-28 01:44:27,228594.69464622,0.00000642,0.0000000005631328680000001,7697985,2019-05-28 01:44:27,btc,5.196103579932926,0.0,0.00000642,btc,183488.69345598,0.30011611,0.3775400681047563,131
0,[],2,[],2019-01-20 23:25:46,0.0,0,0,6476969,2019-01-20 23:25:46,,0.0,0.0,0,,0.0,0.0,0.0,131
1,[],17,[],2019-05-03 01:13:10,10000.0,0.00000001,0.000000000000548003,7559115,2019-05-03 01:13:10,btc,0.0953976503951408,0.0,0.00000001,btc,5037.62507334,0.0,0.0001,131
1,[],4,[],2019-05-28 01:46:28,4735.22809489,0.00007919,0.000000006946182526000001,7697986,2019-05-28 01:46:28,btc,5.045566158988265,0.0,0.00007919,btc,247.17378338,0.0,0.0068832248094639,135
1,[],3,[],2019-05-28 01:46:30,448112.63331819,0.00000001,0.0000000000008771540000000001,7697987,2019-05-28 01:46:30,btc,0.2226943255681888,1001197.18998,0.00000001,btc,1999965.74189964,0.0,0.0044811263331819,136
1,[],4,[],2019-05-28 01:46:31,2486854.31320409,0.00000199,0.00000000017455364600000003,7697988,2019-05-28 01:46:31,btc,107.42557126479457,0.0,0.00000199,btc,479765.20324035,0.04554575,0.6502351635136253,137
1,[],12,[],2019-05-28 01:46:32,76646.89841006,0.0000020200000000000001415252463832228357887288439087569713592529296875,0.00000000017718510800000003,7697989,2019-05-28 01:46:32,btc,57.78015758575691,0.0,0.0000020200000000000001415252463832228357887288439087569713592529296875,btc,49238.55496973,0.005761369678,0.0169021399999753,137
1,[],4,[],2019-05-28 01:46:33,98116.73336022,0.00001457,0.000000001278013378,7697990,2019-05-28 01:46:33,btc,9.458645066554698,0.0,0.00001457,btc,139960.16504362,0.21252435,0.9347089163970578,142
1,[],5,[],2019-05-28 01:46:35,0.0,0,0,7697991,2019-05-28 01:46:35,btc,0.0,0.00403145,0,btc,0.0,0.0,0.0,142
1,[],20,[],2019-05-28 01:15:18,208858.5491,0.00001422,0.000000001246360248,7697832,2019-05-28 01:15:18,btc,1.6084213844721,560.976,0.00001422,btc,9846.8133,0.007984502491,0.0171695739729,142
1,[],22,[],2019-05-28 01:15:22,11028.645,0.00001000,0.000000000876484,7697833,2019-05-28 01:15:22,BTC,3.2754788,0.0,0.00001000,BTC,1133.9993657797618,0.0,0.00745365,142
0.0,[],25,[],2019-05-28 01:15:24,0.0,0,0,7697834,2019-05-28 01:15:24,,0.0,0.0,0.0,btc,0.0,0.0,0.0,142
0,[],28,[],2019-05-28 01:15:55,0.0,0,0,7697835,2019-05-28 01:15:55,,0.0,0.0,0,,0.0,0.0,0.0,142
1,[],17,[],2019-05-03 01:13:16,32967.38636364,0.00000088,0.000000000048224264,7559122,2019-05-03 01:13:16,btc,20.06976206696776,0.0,0.00000088,btc,2746.079105,0.0,0.0105613000000032,142
0,[],22,[],2019-05-28 01:15:59,0.0,0,0,7697836,2019-05-28 01:15:59,,65.51518676,0.0,0,,839924755.3,0.0,0.0,143
0,[],22,[],2019-02-25 15:42:22,0.0,0,0,6783783,2019-02-25 15:42:22,,4.2131946,0.0,0,,2322156.0,0.0,0.0,146
,[],22,[],2018-11-20 23:01:11,0.0,0,0,4862114,2018-11-20 23:01:11,,2.56807021,0.0,,,61828.4988236,0.0,0.0,147
1,[],12,[],2019-04-21 06:38:04,193091.5971266,0.00000071,0.000000000037635183,7388679,2019-04-21 06:38:04,btc,2.301232411611175,0.0,0.00000071,btc,9957.48302385,0.00023528,0.0313308199999888,148
1,[],4,[],2019-03-19 21:31:25,255810.0415942,0.00000029,0.000000000011615747,6982695,2019-03-19 21:31:25,btc,218.94922712414143,0.0,0.00000029,btc,793529.37642722,0.00117,0.0608347789473395,152
0,[],22,[],2019-03-19 21:31:27,0.0,0,0,6982696,2019-03-19 21:31:27,,0.0,0.0,0,,0.0,0.0,0.0,152
1,[],5,[],2019-04-26 09:36:59,0.0,0,0,7465040,2019-04-26 09:36:59,btc,0.0,0.0,0,btc,0.0,0.0,0.0,153
,[],16,[],2019-01-11 15:38:59,0.0,0,0,6366141,2019-01-11 15:38:59,btc,0.0,0.0,,btc,0.0,0.0,0.0,155
0,[],23,[],2019-01-20 23:24:29,0.0,0,0,6476932,2019-01-20 23:24:29,,0.0,0.0,0,,0.0,0.0,0.0,156
0,[],22,[],2019-05-28 01:16:05,0.0,0,0,7697837,2019-05-28 01:16:05,,7.44455324,0.0,0,,5955762.942592593,0.0,0.0,156
1,[],22,[],2019-05-28 01:16:09,7066.0,0.00000800,0.0000000007011872000000001,7697838,2019-05-28 01:16:09,BTC,1.79802465,0.0,0.00000800,BTC,802.6461988741639,0.0,0.00062996,157
0,[],22,[],2019-05-21 23:40:32,0.0,0,0,7665049,2019-05-21 23:40:32,,50234.60468402,0.0,0,,54786159.03179465,0.0,0.0,158
,[],17,[],2018-11-20 22:56:10,0.0,0,0,4861976,2018-11-20 22:56:10,btc,1.1265625,0.0,,btc,1000.0,0.0,0.0,159
,[],20,[],2018-11-20 22:56:12,0.0,0,0,4861977,2018-11-20 22:56:12,btc,11912.7940471,0.0,,btc,34413894.3617,0.0,0.0,159
1,[],12,[],2019-05-24 02:51:20,9178.522006449999,0.00000191999999999999982841307998027158276954651228152215480804443359375,0.000000000151222656,7676256,2019-05-24 02:51:20,btc,149.80414728631675,0.0,0.00000191999999999999982841307998027158276954651228152215480804443359375,btc,1115.7451448499999,0.01783167678326,0.0120075778999181,168
1,[],17,[],2019-05-03 01:13:36,42852.0,0.00000002,0.000000000001096006,7559132,2019-05-03 01:13:36,btc,0.04279856251542,0.0,0.00000002,btc,274.46171372,0.0,0.00052852,168
1,[],22,[],2019-05-17 03:01:52,10.0,0.00000001,0.000000000000778341,7642059,2019-05-17 03:01:52,BTC,41.95893009,0.0,0.00000001,BTC,1753972.7737547632,0.0,1e-07,169
1,[],22,[],2019-05-28 01:16:14,203664.0,0.00000002,0.000000000001752968,7697839,2019-05-28 01:16:14,BTC,27.86392936,0.0,0.00000002,BTC,461717.9785507793,0.0,0.00213428,171
1,[],22,[],2019-05-28 01:16:20,374870.0,0.00000002,0.000000000001752968,7697840,2019-05-28 01:16:20,BTC,24.05841126,0.0,0.00000002,"BTC,LTC",1218236.4355616204,0.00099916,0.0044847,173
1,[],5,[],2019-05-28 01:16:22,0.0,0,0,7697841,2019-05-28 01:16:22,btc,0.0,0.00192516,0,btc,0.0,0.0,0.0,175
1,[],22,[],2019-05-28 01:16:34,90671.0,0.00000001,0.000000000000876484,7697842,2019-05-28 01:16:34,BTC,394.35459412,0.0,0.00000001,BTC,136275.61833431243,0.0,0.00090671,176
1,[],7,[],2019-05-28 01:16:36,0.0,0,0,7697843,2019-05-28 01:16:36,btc,522274.2532042936,0.0,0,btc,26538783.34310775,0.0,0.0,178
0,[],22,[],2019-05-28 01:16:38,0.0,0,0,7697844,2019-05-28 01:16:38,,1.00242428,0.0,0,,57512.0,0.0,0.0,178
0,[],2,[],2019-01-20 23:28:34,0.0,0,0,6477001,2019-01-20 23:28:34,,0.0,0.0,0,,0.0,0.0,0.0,178
0,[],23,[],2019-01-20 23:25:08,0.0,0,0,6476952,2019-01-20 23:25:08,,0.0,0.0,0,,0.0,0.0,0.0,179
1,[],5,[],2019-05-28 01:16:40,0.0,0,0,7697845,2019-05-28 01:16:40,btc,0.0,0.04273885,0,btc,0.0,0.0,0.0,179
0,[],22,[],2019-05-28 01:16:45,0.0,0,0,7697846,2019-05-28 01:16:45,,5.31437491,0.0,0,,13411089.311946675,0.0,0.0,179
1,[],22,[],2019-05-28 01:18:48,666854.1083923837,0.00000111,0.000000000097289724,7697847,2019-05-28 01:18:48,BTC,39.19688261,0.0,0.00000111,"BTC,LTC",149711.2151450798,0.01516196,0.56555044,180
1,[],26,[],2019-05-28 01:18:49,0.0,0.00000010,0.00000000000876484,7697848,2019-05-28 01:18:49,btc,0.0,50.0,0.00000010,btc,0.0,0.0,0.0,180
1,[],17,[],2019-05-03 01:13:56,20504.725000000002,0.0000001,0.00000000000548003,7559141,2019-05-03 01:13:56,btc,5.2010695838400265,0.0,0.0000001,btc,5033.45945,0.0,0.0011504725,180
,[],7,[],2018-11-20 22:58:01,562227.975654,0.00000085,0.000000000036176765,4862015,2018-11-20 22:58:01,btc,21836.6059674,2491.87645172,,btc,749999.041456,0.00211021,0.127565380455,183
,[],5,[],2019-01-10 08:11:41,0.0,0,0,6347036,2019-01-10 08:11:41,btc,82.15055501,0.00261,,btc,1.19002445,0.0,0.0,187
,[],17,[],2018-11-16 20:58:10,4062536.27273,0.00000001,0.000000000000550501,4708775,2018-11-16 20:58:10,btc,3.36492563466,0.195460381006,,"btc,eth",110697919.549,0.0,0.0157628953496,187
1,[],24,[],2019-05-22 21:04:52,0.0,0.000000000014,0.0000000000000010960978,7670219,2019-05-22 21:04:52,btc,0.0,0.0,0.000000000014,btc,0.0,0.0,0.0,187
0,[],22,[],2019-04-25 02:54:07,0.0,0,0,7447896,2019-04-25 02:54:07,,7.54794454,0.0,0,,76361.7243344055,0.0,0.0,191
0,[],22,[],2019-05-28 01:18:54,0.0,0,0,7697849,2019-05-28 01:18:54,,0.0,0.0,0,,0.0,0.0,0.0,197
0,[],23,[],2019-01-20 23:31:41,0.0,0,0,6477079,2019-01-20 23:31:41,,0.0,0.0,0,,0.0,0.0,0.0,199
0,[],22,[],2019-05-28 01:18:56,0.0,0,0,7697850,2019-05-28 01:18:56,,10.5564544,0.0,0,,99450037.0,0.0,0.0,199
1,[],26,[],2019-05-28 01:18:57,0.0,0.00000000,0,7697851,2019-05-28 01:18:57,btc,0.0,0.0,0.00000000,btc,0.0,0.0,0.0,199
0,[],2,[],2019-01-20 23:30:49,0.0,0,0,6477059,2019-01-20 23:30:49,,0.0,0.0,0,,0.0,0.0,0.0,201
1,[],4,[],2019-01-25 15:51:35,2084389.58565343,0.00000936,0.000000000333526752,6499557,2019-01-25 15:51:35,btc,2.0092503037378524,0.0,0.00000936,btc,160195.80207885,0.19272417,1.242687955921835,211
1,[],7,[],2019-05-28 01:19:03,1171756422.2228708,0.0000004,0.00000000003505936,7697852,2019-05-28 01:19:03,btc,15202343.80274973,793510.097825,0.0000004,btc,8948596.72855051,0.0,12.933748530988924,212
1,[],12,[],2019-01-25 02:44:32,207462.42853209,0.000001080000000000000035831255497387193287295303889550268650054931640625,0.000000000038610756000000006,6493050,2019-01-25 02:44:32,btc,85023.03793723314,0.0,0.000001080000000000000035831255497387193287295303889550268650054931640625,btc,43675.73520027,0.000146250909087,0.0348620860622024,213
1,[],5,[],2019-05-28 01:19:04,0.0,0,0,7697853,2019-05-28 01:19:04,btc,0.0,0.1395369,0,btc,0.0,0.0,0.0,213
1,[],24,[],2019-05-28 01:19:05,0.0,0.000000399202,0.0000000000349894165768,7697854,2019-05-28 01:19:05,btc,0.0,433.54035,0.000000399202,btc,0.0,0.00017307,0.0,213
1,[],26,[],2019-05-28 01:19:05,0.0,0.00000040,0.00000000003505936,7697855,2019-05-28 01:19:05,btc,0.0,0.0,0.00000040,btc,0.0,0.0,0.0,213
0,[],22,[],2019-05-28 01:19:07,0.0,0,0,7697856,2019-05-28 01:19:07,,9.61445386,0.0,0,,3661587.094064925,0.0,0.0,216
0,[],27,[],2019-05-28 01:19:15,0.0,0,0,7697857,2019-05-28 01:19:15,,70.5882095580052,0.0,0,"btc,ltc",398836.40768,0.0,0.0,216
1,[],22,[],2019-05-28 01:19:19,568848.65625,0.00000033,0.000000000028923972,7697858,2019-05-28 01:19:19,BTC,12054.75449852,0.0,0.00000033,BTC,408884.93767707155,0.03022285,0.04773948,217
1,[],7,[],2019-05-28 01:19:20,0.0,0,0,7697859,2019-05-28 01:19:20,btc,1234863.9718009047,0.0,0,btc,160745512.9208393,0.0,0.0,219
0,[],27,[],2019-05-28 01:19:25,0.0,0,0,7697860,2019-05-28 01:19:25,,0.402528685472,3818580.0337,0,btc,2725281.6967,0.0763716,0.0,219
0,[],28,[],2019-05-28 01:19:49,0.0,0,0,7697861,2019-05-28 01:19:49,,0.0,6823207.5432,0,,0.0,0.0,0.0,219
1,[],22,[],2019-05-23 16:41:05,172069.0,0.00000004,0.0000000000031167080000000004,7674065,2019-05-23 16:41:05,BTC,56.76466137,0.0,0.00000004,BTC,127061.6482738741,0.0,0.00393676,221
1,[],24,[],2019-05-23 16:41:05,0.0,0.000000010000,0.0000000000007791770000000001,7674066,2019-05-23 16:41:05,btc,0.0,0.0,0.000000010000,btc,0.0,0.0,0.0,221
1,[],20,[],2019-05-28 01:19:52,6879401.6716,0.000000002,0.00000000000017529680000000002,7697862,2019-05-28 01:19:52,btc,100050.7314068985,730372.179,0.000000002,btc,39821946.6784,0.0015798400246,0.0069783096716,224
0,[],22,[],2019-05-28 01:19:55,0.0,0,0,7697863,2019-05-28 01:19:55,,0.0,0.0,0,,0.0,0.0,0.0,224
1,[],26,[],2019-05-28 01:19:56,0.0,0.00000026,0.000000000022788584,7697864,2019-05-28 01:19:56,btc,0.0,0.0,0.00000026,btc,0.0,0.0,0.0,231
1,[],26,[],2019-05-28 01:19:56,0.0,0.00000006,0.0000000000052589040000000004,7697865,2019-05-28 01:19:56,btc,0.0,100.0,0.00000006,btc,0.0,0.0,0.0,234
0,[],27,[],2019-05-28 01:20:05,0.0,0,0,7697866,2019-05-28 01:20:05,,0.01134836604,0.0,0,"btc,eth",11462.996,0.0,0.0,234
1,[],4,[],2019-05-22 17:06:12,91780.56053785,0.00000078,0.000000000061977552,7669277,2019-05-22 17:06:12,btc,5.573372450018177,0.0,0.00000078,btc,729173.93529783,0.0,0.0307060663355679,236
1,[],24,[],2019-05-22 17:06:12,0.0,0.000000010000,0.000000000000794584,7669278,2019-05-22 17:06:12,btc,0.0,0.0,0.000000010000,btc,0.0,0.0,0.0,236
1,[],5,[],2019-05-28 01:20:07,0.0,0,0,7697867,2019-05-28 01:20:07,btc,0.0,0.08328789,0,btc,0.0,0.0,0.0,237
1,[],20,[],2019-05-28 01:20:10,120304500.5121,0.000000037,0.0000000000032429908,7697868,2019-05-28 01:20:10,btc,58794.2105413004,16599367.1967,0.000000037,btc,43831628.6655,0.6522366639688,0.4466337172407,237
1,[],22,[],2019-05-28 01:20:15,363100.0,0.00000003,0.0000000000026294520000000002,7697869,2019-05-28 01:20:15,BTC,1.20267422,0.0,0.00000003,"BTC,LTC",17930.94871794872,0.0,0.009791,237
1,[],4,[],2019-05-28 01:20:16,26828887.45841561,0.00000012,0.000000000010517808000000001,7697870,2019-05-28 01:20:16,btc,3.237211338756013,0.0,0.00000012,btc,9286630.26605234,0.06191353,0.5517385052845963,238
1,[],5,[],2019-05-28 01:20:17,0.0,0,0,7697871,2019-05-28 01:20:17,btc,0.0,0.05011672,0,btc,0.0,0.0,0.0,238
0,[],22,[],2019-03-12 16:49:32,0.0,0,0,6914458,2019-03-12 16:49:32,,0.40415746,0.0,0,,526736.5639027493,0.0,0.0,249
0,[],22,[],2019-05-28 01:20:20,0.0,0,0,7697872,2019-05-28 01:20:20,,13.44714864,0.0,0,,43777534.3426455,0.0,0.0,252
0,[],28,[],2019-05-28 01:21:02,0.0,0,0,7697873,2019-05-28 01:21:02,,0.0,256816.885086,0,,0.0,0.0,0.0,256
1,[],22,[],2019-05-28 01:21:06,1041539.0,0.00000001,0.000000000000876484,7697874,2019-05-28 01:21:06,BTC,21.85890394,0.0,0.00000001,BTC,545143.7509808998,0.0001009,0.01041539,258
1,[],22,[],2019-05-19 18:12:02,400.0,0.00000001,0.0000000000007957800000000001,7653905,2019-05-19 18:12:02,BTC,2.415167,0.0,0.00000001,BTC,157.0,0.0,4e-06,259
1,[],5,[],2019-05-28 01:21:08,0.0,0,0,7697875,2019-05-28 01:21:08,btc,0.0,0.16084052,0,btc,0.0,0.0,0.0,264
1,[],20,[],2019-05-28 01:21:10,980215.6101,0.000000142,0.000000000012446072800000001,7697876,2019-05-28 01:21:10,btc,0.9746633830369,74578.8207,0.000000142,btc,47936.4331,0.042689059308,0.0109761547767,264
0,[],22,[],2019-04-12 17:57:27,0.0,0,0,7278186,2019-04-12 17:57:27,,66.37522201,0.0,0,,677842.4169881374,0.0,0.0,271
0,[],22,[],2019-05-28 01:21:14,0.0,0,0,7697877,2019-05-28 01:21:14,,33050470.74998113,0.0,0,,14361377780.7,0.0,0.0,272
0,[],28,[],2019-05-28 01:21:49,0.0,0,0,7697878,2019-05-28 01:21:49,,0.0,50713246845.344,0,,0.0,0.0,0.0,272
1,[],22,[],2019-05-23 07:12:29,219930.0,0.00000004,0.000000000003048688,7671985,2019-05-23 07:12:29,BTC,426.77835217,0.0,0.00000004,BTC,248664.3325962929,0.0,0.00739728,281
1,[],22,[],2019-05-28 01:21:54,582856.5,0.00000005,0.00000000000438242,7697879,2019-05-28 01:21:54,BTC,31.63011794,0.0,0.00000005,"BTC,LTC",1187762.4291012324,0.0007562,0.02298576,286
0,[],22,[],2019-05-28 01:21:57,0.0,0,0,7697880,2019-05-28 01:21:57,,7337904.96568486,0.0,0,,2004620112.6797826,0.0,0.0,294
