pairValue,buyBook,exchangeId,sellBook,updated,buyTotal,satoshiPrice,usdPrice,exchangeLogId,created,bestPair,sellTotalBtc,volume,pairPrice,activePairs,sellTotal,volumeBtc,buyTotalBtc,coinId
0,[],2,[],2019-01-20 23:28:45,0.0,0,0,6477011,2019-01-20 23:28:45,,0.0,0.0,0,,0.0,0.0,0.0,1
1,[],3,[],2019-02-12 03:31:05,138.517724922921,0.013050960000000000338360450768959708511829376220703125,0.00000047187181485600003,6639583,2019-02-12 03:31:05,btc,107.1013931283477,0.0,0.013050960000000000338360450768959708511829376220703125,btc,24.058700232751,0.0,0.3874449621145416,1
1,[],4,[],2019-02-12 03:31:06,313.59355019,0.01304501,0.000000471656686061,6639584,2019-02-12 03:31:06,btc,0.8998854919361396,0.0,0.01304501,btc,65.59412666,0.80265409,1.4433553607898466,1
1,[],5,[],2019-02-12 03:31:10,0.33445125,0.01300001,0.000000470029661561,6639585,2019-02-12 03:31:10,btc,14577.92510865,0.0044329,0.01300001,btc,35555556.08659293,0.0,2.62600945,1
1,[],10,[],2019-02-12 03:31:12,414491.25191187,0.01187654,0.00000042940936789400004,6639586,2019-02-12 03:31:12,btc,6534.14274666453,614.9894433,0.01187654,btc,1112.56005885,0.0,3.9304875514045814,1
1,[],12,[],2019-02-12 03:31:15,10435.10121893,0.01307999999999999961308727591813294566236436367034912109375,0.000000472921788,6639587,2019-02-12 03:31:15,btc,0.3525930205939,0.0,0.01307999999999999961308727591813294566236436367034912109375,btc,19.80309067,2.345697234334,0.3424149756977,1
1,[],20,[],2019-02-12 03:31:17,1154.127,0.010500104,0.0000003796428102344,6639588,2019-02-12 03:31:17,btc,0.0573537536243,0.0,0.010500104,btc,2.5253,0.0,0.0883604799739,1
1,[],21,[],2019-02-12 03:31:18,2481.62148892,0.01309044000000000006200817637,0.000000473299257684,6639589,2019-02-12 03:31:18,btc,14.65194039525882,3277.14977294,0.01309044000000000006200817637136424309574067592620849609375,"btc,eth",1645.75564955,37.081323818331775,20.057997228879806,1
1,[],22,[],2019-02-12 03:31:22,0.0280576,0.01350000,0.00000048810735,6639590,2019-02-12 03:31:22,BTC,0.3139634,0.0,0.01350000,BTC,0.10070366666666666,0.0,0.00036518,1
1,[],24,[],2019-02-12 03:31:22,0.0,0.000000000000,0,6639591,2019-02-12 03:31:22,btc,0.0,0.0,0.000000000000,btc,0.0,0.0,0.0,1
0.0,[],25,[],2019-02-12 03:31:23,0.0,0,0,6639592,2019-02-12 03:31:23,btc,9.78799999880462,554.98641343,0.0,btc,729.08334526,7.356,0.0,1
1,[],26,[],2019-02-12 03:31:36,0.0,0,0,6639593,2019-02-12 03:31:36,,0.0,0.0,0,,0.0,0.0,0.0,1
1,[],28,[],2019-02-12 03:31:38,992.968,0.01231000,0.000000445081591,6639594,2019-02-12 03:31:38,btc,0.162839806,17294.4,0.01231000,btc,8.9,0.0,0.086870176,1
1,[],5,[],2019-02-12 03:31:41,9.24e-06,0.00000051,0.000000000018439611,6639595,2019-02-12 03:31:41,btc,0.15142059,0.01910227,0.00000051,btc,6.421e-05,0.0,0.19697772,2
1,[],22,[],2019-02-12 03:31:45,1348.0,0.00000018,0.000000000006508098,6639596,2019-02-12 03:31:45,BTC,4.22139106,0.0,0.00000018,"BTC,XMR",14654.709143333333,0.0,0.00091235,2
1,[],5,[],2019-02-12 03:31:47,1.12e-06,0.00000016,0.000000000005784976,6639597,2019-02-12 03:31:47,btc,4.33137069,0.00361422,0.00000016,btc,2.278e-05,0.0,2.89847162,3
1,[],12,[],2019-02-12 03:31:48,12112734.11631449,0.000000168,0.0000000000060742248,6639598,2019-02-12 03:31:48,btc,923494.5852656225,0.0,0.000000168,btc,8416271.05023074,0.02451987915757147,0.4880294438141016,3
0,[],28,[],2019-02-12 03:31:50,0.0,0,0,6639599,2019-02-12 03:31:50,,0.0,0.0,0,,0.0,0.0,0.0,3
0,[],2,[],2019-01-20 23:31:32,0.0,0,0,6477077,2019-01-20 23:31:32,,0.0,0.0,0,,0.0,0.0,0.0,4
1,[],4,[],2019-02-12 03:31:51,383219.79449433,0.00000033,0.000000000011931513,6639600,2019-02-12 03:31:51,btc,0.3813419301034616,0.0,0.00000033,btc,338565.10181884,0.0,0.049019416619903,4
1,[],12,[],2019-02-12 03:31:54,1577628.5219999999,0.00000005,0.000000000001807805,6639601,2019-02-12 03:31:54,btc,11113878.367566409,0.0,0.00000005,btc,1020913.24616166,0.0032881016864591,0.027157990439999998,5
0,[],2,[],2019-01-20 23:31:51,0.0,0,0,6477087,2019-01-20 23:31:51,,0.0,0.0,0,,0.0,0.0,0.0,6
1,[],11,[],2019-02-12 03:31:56,1063270.9999525,0.00000002,0.0000000000007231220000000001,6639602,2019-02-12 03:31:56,btc,9433.322586456285,694817.5,0.00000002,btc,40712597.9406106,0.0,0.01257511499905,6
1,[],3,[],2019-02-12 03:31:57,1074.273146428111,0.00014521000000000000053346216333238771767355501651763916015625,0.000000005250227281,6639603,2019-02-12 03:31:57,btc,28.399990609446498,0.0,0.00014521000000000000053346216333238771767355501651763916015625,btc,235.145665820227,0.0,0.031531977816658056,7
1,[],4,[],2019-02-12 03:31:58,20724.83932512,0.00019256,0.000000006962218616000001,6639604,2019-02-12 03:31:58,btc,1.3435095031080977,0.0,0.00019256,btc,6603.94325008,1.1295433,3.575936564500105,7
1,[],5,[],2019-02-12 03:32:01,0.00578205,0.00018006,0.000000006510267366,6639605,2019-02-12 03:32:01,btc,1.8532365,0.21074604,0.00018006,btc,0.01196375,0.0,1.556683,7
1,[],20,[],2019-02-12 03:32:03,59781135.5697,0.000000001,0.0000000000000361561,6639606,2019-02-12 03:32:03,btc,116.5923532606651,314626.5802,0.000000001,btc,33662875.6586,0.0003146265802,0.0597811355697,8
0,[],2,[],2019-01-20 23:22:42,0.0,0,0,6476876,2019-01-20 23:22:42,,0.0,0.0,0,,0.0,0.0,0.0,9
0,[],23,[],2019-01-20 23:22:48,0.0,0,0,6476878,2019-01-20 23:22:48,,0.0,0.0,0,,0.0,0.0,0.0,9
1,[],1,[],2019-02-12 03:32:05,6174806.6,0.000001959999999999999868954651816022050070387194864451885223388671875,0.000000000070865956,6639607,2019-02-12 03:32:05,btc,5.2772590335,18997479.51,0.000001959999999999999868954651816022050070387194864451885223388671875,btc,2629777.1799999997,37.3012039,12.0591803618,9
1,[],4,[],2019-02-12 03:32:06,397233.41349992,0.00000195,0.000000000070504395,6639608,2019-02-12 03:32:06,btc,0.8064300847004836,0.0,0.00000195,btc,402467.82303219,1.29153813,0.7408613693025773,9
1,[],28,[],2019-02-12 03:32:08,43335.0,0.00000167,0.000000000060380687,6639609,2019-02-12 03:32:08,btc,2708.767109048,3552198.523,0.00000167,btc,14964.28,0.0,0.04320645,9
1,[],4,[],2019-02-10 09:54:02,5828483.02026053,0.00000002,0.000000000000726692,6623074,2019-02-10 09:54:02,btc,0.2014004865591215,0.0,0.00000002,btc,4198675.28035349,0.00021932,0.0653957035452106,10
0,[],2,[],2019-01-20 23:23:08,0.0,0,0,6476890,2019-01-20 23:23:08,,0.0,0.0,0,,0.0,0.0,0.0,12
1,[],4,[],2019-02-12 03:32:09,2208338.72150934,0.00000143,0.000000000051703223000000006,6639610,2019-02-12 03:32:09,btc,1.468604836078928,0.0,0.00000143,btc,965477.1528003,1.63670893,3.020189886486158,12
1,[],5,[],2019-02-12 03:32:12,1.413e-05,0.00000135,0.000000000048810735,6639611,2019-02-12 03:32:12,btc,0.45938606,0.79433253,0.00000135,btc,0.00010729,0.0,0.25920579,12
0.0,[],25,[],2019-02-12 03:32:14,0.0,0,0,6639612,2019-02-12 03:32:14,,0.0,0.0,0.0,btc,0.0,0.0,0.0,12
1,[],4,[],2019-02-12 03:32:14,1300003.35947796,0.00000600,0.0000000002169366,6639613,2019-02-12 03:32:14,btc,0.8877791008703056,0.0,0.00000600,btc,128604.14081359,0.31725511,1.221486057000809,13
1,[],10,[],2019-02-12 03:32:16,439983.41809643,0.00000579,0.00000000020934381899999999,6639614,2019-02-12 03:32:16,btc,666806.4257930766,11384.7532246,0.00000579,btc,746944.21244988,0.0,0.3460278923536029,13
1,[],21,[],2019-02-12 03:32:18,1030498.76663381,0.000005969999999999999592203373672,0.000000000215851917,6639615,2019-02-12 03:32:18,btc,4.273242300488723,693044.4567611,0.0000059699999999999995922033736717171592545128078199923038482666015625,btc,636842.28494352,4.20292794,4.071607432605095,13
1,[],4,[],2019-02-12 03:32:19,1021320.8840936,0.00000140,0.000000000050618540000000006,6639616,2019-02-12 03:32:19,btc,0.1407165077125311,0.0,0.00000140,btc,75373.54916758,0.02709506,0.4100016241322925,14
1,[],12,[],2019-02-12 03:32:19,87607.2231405,0.000001219999999999999965968520108938744073157067759893834590911865234375,0.000000000044110442,6639617,2019-02-12 03:32:19,btc,2.774189335122134,0.0,0.000001219999999999999965968520108938744073157067759893834590911865234375,btc,29589.33636749,6.273e-05,0.009106260000005,14
0,[],17,[],2019-02-12 03:32:21,0.0,0,0,6639618,2019-02-12 03:32:21,btc,0.0,0.0,0,btc,0.0,0.0,0.0,14
1,[],26,[],2019-02-12 03:32:21,0.0,0.00000050,0.000000000018078050000000003,6639619,2019-02-12 03:32:21,btc,0.0,0.0,0.00000050,btc,0.0,0.0,0.0,14
0,[],4,[],2019-02-12 03:32:22,0.0,0,0,6639620,2019-02-12 03:32:22,,0.0,0.0,0,,0.0,0.0,0.0,15
,[],12,[],2018-12-01 15:15:48,204241.84496,0.00000489,0.000000000202473384,5260204,2018-12-01 15:15:48,btc,49.5475654835,0.0,,btc,35763.2193806,0.0163153972027625,0.0203389899998,15
1,[],4,[],2019-02-12 03:32:23,26252.97316844,0.00001806,0.000000000652979166,6639621,2019-02-12 03:32:23,btc,2.434721973948285,0.0,0.00001806,btc,18989.04107354,0.02807458,0.0699297939051749,18
1,[],10,[],2019-02-12 03:32:26,789321.17712831,0.0000184,0.0000000006652722400000001,6639622,2019-02-12 03:32:26,btc,15.53529711008975,329.93743233,0.0000184,btc,10419.16742853,0.0,0.3019506928572426,18
1,[],12,[],2019-02-12 03:32:27,204523.742339,0.0000178100000000000005810803227479510724151623435318470001220703125,0.0000000006439401410000001,6639623,2019-02-12 03:32:27,btc,21.66203492344784,0.0,0.0000178100000000000005810803227479510724151623435318470001220703125,btc,1820.27279192,2.90607637e-05,0.0384169351419024,18
0,[],17,[],2019-02-12 03:32:28,0.0,0,0,6639624,2019-02-12 03:32:28,btc,0.0,0.0,0,btc,0.0,0.0,0.0,18
0,[],2,[],2019-01-20 23:23:38,0.0,0,0,6476906,2019-01-20 23:23:38,,0.0,0.0,0,,0.0,0.0,0.0,18
1,[],3,[],2019-02-12 03:32:29,129649.59871618681,0.0000250099999999999994082337806400317958832602016627788543701171875,0.0000000009042640610000001,6639625,2019-02-12 03:32:29,btc,0.4672449630434957,0.0,0.0000250099999999999994082337806400317958832602016627788543701171875,btc,5018.393100515442,0.0,0.09980301493181616,19
1,[],4,[],2019-02-12 03:32:30,222197.67023673,0.00002854,0.0000000010318950940000002,6639626,2019-02-12 03:32:30,btc,0.3846421945449038,0.0,0.00002854,btc,12304.97135756,0.79106152,2.4372944364312565,19
1,[],5,[],2019-02-12 03:32:41,0.00023073,0.00002516,0.0000000009096874760000001,6639627,2019-02-12 03:32:41,btc,0.26957706,0.00476055,0.00002516,btc,0.00308496,0.0,0.07518903,19
1,[],12,[],2019-02-12 03:32:42,134776.60266644,0.00002407000000000000163188039470352208581971353851258754730224609375,0.0000000008702773270000001,6639628,2019-02-12 03:32:42,btc,0.0303348734272162,0.0,0.00002407000000000000163188039470352208581971353851258754730224609375,btc,313.64095945,0.0,0.031801094127882,19
0,[],27,[],2019-02-12 03:32:44,0.0,0,0,6639629,2019-02-12 03:32:44,,0.0,0.0,0,btc,0.0,0.0,0.0,19
0,[],2,[],2019-01-20 23:24:19,0.0,0,0,6476924,2019-01-20 23:24:19,,0.0,0.0,0,,0.0,0.0,0.0,19
1,[],4,[],2019-02-12 03:32:45,8114186.09293738,0.00000014,0.0000000000050618540000000006,6639630,2019-02-12 03:32:45,btc,0.7687784087825957,0.0,0.00000014,btc,1574056.40843545,0.00044479,0.2644718132083657,20
1,[],4,[],2019-02-12 03:32:46,111640294.18584271,0.00000002,0.000000000000723122,6639631,2019-02-12 03:32:46,btc,0.6281715860807292,0.0,0.00000002,btc,17561005.60440061,0.02307552,1.3009730879266945,21
1,[],12,[],2019-02-12 03:32:47,17624470.0,0.00000002,0.0000000000007231220000000001,6639632,2019-02-12 03:32:47,btc,669.7258475491021,0.0,0.00000002,btc,8580604.84915351,0.0276,0.22552968,21
0,[],17,[],2019-02-12 03:32:49,0.0,0,0,6639633,2019-02-12 03:32:49,btc,0.0,0.0,0,btc,0.0,0.0,0.0,21
1,[],12,[],2019-02-12 03:32:51,2896082252.043896,0.0000000002,0.00000000000000723122,6639634,2019-02-12 03:32:51,btc,825864718711.5732,0.0,0.0000000002,btc,4294251227.62258,0.009873591667932178,0.33090385085558977,23
0,[],27,[],2019-02-12 03:32:52,0.0,0,0,6639635,2019-02-12 03:32:52,,0.7240921565934114,0.0,0,eth,727098.85514486,0.0,0.0,23
1,[],4,[],2019-02-12 03:32:53,384797.92192905,0.00000068,0.000000000024586148000000002,6639636,2019-02-12 03:32:53,btc,0.1679659625514756,0.0,0.00000068,btc,155869.54615957,0.02866362,0.1946259591673808,24
1,[],22,[],2019-02-12 03:25:30,11.76,0.00000100,0.0000000000362136,6639430,2019-02-12 03:25:30,BTC,7.415e-05,0.0,0.00000100,BTC,23.919354838709676,0.0,1.176e-05,24
0.0,[],25,[],2019-02-12 03:25:31,0.0,0,0,6639431,2019-02-12 03:25:31,,0.0,0.0,0.0,btc,0.0,0.0,0.0,24
1,[],4,[],2019-02-12 03:25:32,27834538.51527288,0.00000599,0.000000000216919464,6639432,2019-02-12 03:25:32,btc,0.5083454495245112,0.0,0.00000599,btc,49972.29060745,0.0863333,0.412818692917001,26
1,[],10,[],2019-02-12 03:25:34,730947.4321827,0.00000601,0.00000000021764373600000002,6639433,2019-02-12 03:25:34,btc,25.915721170153546,0.0,0.00000601,btc,13164.47848257,0.0,0.213205382896882,26
0,[],2,[],2019-01-20 23:25:56,0.0,0,0,6476976,2019-01-20 23:25:56,,0.0,0.0,0,,0.0,0.0,0.0,26
1,[],3,[],2019-02-12 03:25:35,5899872.0,0.00000001,0.000000000000362136,6639434,2019-02-12 03:25:35,btc,2.516858236174345,181908.25,0.00000001,btc,16517554.42586114,0.0,0.058998720000000004,27
1,[],5,[],2019-02-12 03:25:36,1e-08,0.00000001,0.000000000000362136,6639435,2019-02-12 03:25:36,btc,1.58796742,0.00353361,0.00000001,btc,4.577e-05,0.0,0.11599995,27
1,[],11,[],2019-02-12 03:25:39,10063996.7912115,0.00000005,0.0000000000018106800000000001,6639436,2019-02-12 03:25:39,btc,370.63310344475406,219.9,0.00000005,btc,8170877.7193934005,0.0,0.4661006184459823,27
1,[],4,[],2019-02-12 03:25:40,510373904.3127543,0.00000002,0.000000000000724272,6639437,2019-02-12 03:25:40,btc,0.23369692739411035,0.0,0.00000002,"btc,ltc",22465734.20709401,0.30346324,7.125170895670197,29
1,[],7,[],2019-02-12 03:25:42,29047464.7279442,0.00000002,0.000000000000724272,6639438,2019-02-12 03:25:42,btc,44465226.01902033,7938.03668053,0.00000002,btc,52597937.07659874,0.00023814,0.42615133114961934,29
1,[],4,[],2019-02-12 03:25:44,1511328.02981682,0.00000028,0.000000000010139808,6639439,2019-02-12 03:25:44,btc,0.1928193504743201,0.0,0.00000028,btc,422343.73778199,0.00427712,0.1167236856267017,30
0,[],17,[],2019-02-12 03:25:46,0.0,0,0,6639440,2019-02-12 03:25:46,btc,0.0,0.0,0,btc,0.0,0.0,0.0,30
1,[],4,[],2019-02-12 03:25:47,1761237.06586956,0.00006438,0.000000002331431568,6639441,2019-02-12 03:25:47,btc,1.0269945994480654,0.0,0.00006438,btc,12755.6811716,1.25224488,2.517954734445563,31
1,[],21,[],2019-02-12 03:25:48,61621.42375372,0.00006567999999999999457146043769,0.0000000023785092479999998,6639442,2019-02-12 03:25:48,btc,3.3093169282142485,94787.27046883,0.000065679999999999994571460437686738487172988243401050567626953125,btc,45005.38242521,6.15765847,3.669930886461609,31
0,[],2,[],2019-01-20 23:28:43,0.0,0,0,6477009,2019-01-20 23:28:43,,0.0,0.0,0,,0.0,0.0,0.0,32
1,[],4,[],2019-02-12 03:25:50,134673519.50612032,0.00000004,0.000000000001448544,6639443,2019-02-12 03:25:50,btc,1.627699775641335,0.0,0.00000004,"btc,ltc",37948668.51190629,0.14130927,1.8955529479408317,33
1,[],12,[],2019-02-12 03:25:51,12145464.0,0.00000005,0.0000000000018106800000000001,6639444,2019-02-12 03:25:51,btc,34508832.42587579,0.0,0.00000005,btc,89766557.40959024,0.017864285114884,0.37113519,33
1,[],4,[],2019-02-12 03:25:51,137581147.76915792,0.00000001,0.000000000000362136,6639445,2019-02-12 03:25:51,btc,0.7546377514611444,0.0,0.00000001,btc,25154591.71537148,3.13687044,1.3758114776915793,34
1,[],5,[],2019-02-12 03:25:53,1e-08,0.00000001,0.000000000000362136,6639446,2019-02-12 03:25:53,btc,4.92335287,1.2743967,0.00000001,btc,1.394e-05,0.0,0.76261316,34
0.00000000012098909999999998,[],4,[],2019-02-12 03:25:53,573867256.8762395,3.629673e-18,1.314435261528e-22,6639447,2019-02-12 03:25:53,ltc,1.0564421538092168e-08,0.0,0.00000003,ltc,1858924599.2306287,0.0,1.0796782773760238e-09,36
1,[],5,[],2019-02-12 03:25:55,0.0,0,0,6639448,2019-02-12 03:25:55,btc,197.38445614,0.0,0,btc,1.325e-05,0.0,0.0,36
0,[],17,[],2019-02-12 03:25:57,0.0,0,0,6639449,2019-02-12 03:25:57,btc,0.14155809865319,0.0,0,btc,10796613.27743647,0.0,0.0,36
0.00000000012098909999999998,[],27,[],2019-02-12 03:25:59,1000000.0,2.419782e-18,8.76290174352e-23,6639450,2019-02-12 03:25:59,ltc,240.2503276744,0.0,0.00000002,"ltc,eth",3711879.06,0.0,2.419782e-12,36
1,[],4,[],2019-02-12 03:26:00,271589.4280232,0.00000131,0.000000000047439816000000003,6639451,2019-02-12 03:26:00,btc,0.5393456169600259,0.0,0.00000131,btc,329661.91468205,0.07474344,0.1664289366768701,37
1,[],12,[],2019-02-12 03:26:01,403622.68342153,0.000001309999999999999951307938332589753116508290986530482769012451171875,0.000000000047439816000000003,6639452,2019-02-12 03:26:01,btc,1341.2217996851323,0.0,0.000001309999999999999951307938332589753116508290986530482769012451171875,btc,704986.62546703,0.1012919706393763,0.1876211300000078,37
1,[],17,[],2019-02-12 03:26:03,1752.74075282,0.00000025,0.0000000000090534,6639453,2019-02-12 03:26:03,btc,0.05548492397874018,0.0,0.00000025,btc,1387.19918473,0.0,0.00043818518820499993,37
1,[],27,[],2019-02-12 03:26:06,14852.0,0.0000005,0.0000000000181068,6639454,2019-02-12 03:26:06,btc,51.75602025030353,0.0,0.0000005,btc,29579.81438508,0.0,0.00488022,37
1,[],5,[],2019-02-12 03:26:07,1.46e-05,0.00000098,0.000000000035489328000000005,6639455,2019-02-12 03:26:07,btc,0.10100853,0.11030001,0.00000098,btc,9.697e-05,0.0,0.04471564,42
1,[],12,[],2019-02-12 03:26:08,130060.1317047,0.000001129999999999999980629101885287735029805844533257186412811279296875,0.000000000040921368,6639456,2019-02-12 03:26:08,btc,93.37030450290972,0.0,0.000001129999999999999980629101885287735029805844533257186412811279296875,btc,102633.57058698,0.0585132616806561,0.0486560703543419,42
0,[],27,[],2019-02-12 03:26:10,0.0,0,0,6639457,2019-02-12 03:26:10,,0.00315028,0.0,0,"btc,eth",11.007,0.0,0.0,42
1,[],5,[],2019-02-12 03:26:11,6e-08,0.00000003,0.000000000001086408,6639458,2019-02-12 03:26:11,btc,6.25851383,0.00052003,0.00000003,btc,1.425e-05,0.0,0.56206155,43
1,[],12,[],2019-02-12 03:26:14,3951769.0,0.00000002,0.000000000000724272,6639459,2019-02-12 03:26:14,btc,20007457.492634278,0.0,0.00000002,btc,38971028.19920079,2.2e-06,0.039517750000000004,43
0,[],17,[],2019-02-12 03:26:16,0.0,0,0,6639460,2019-02-12 03:26:16,btc,0.0,0.0,0,btc,0.0,0.0,0.0,43
1,[],12,[],2019-02-12 03:26:17,760904.0,0.00000005,0.0000000000018106800000000001,6639461,2019-02-12 03:26:17,btc,11115166.857926598,0.0,0.00000005,btc,1021927.43656342,0.000447462437562,0.021301999999999998,44
1,[],4,[],2019-02-12 03:26:18,225015860.85176274,0.00000002,0.000000000000724272,6639462,2019-02-12 03:26:18,btc,0.19220020343670605,0.0,0.00000002,"btc,ltc",4661132.58819572,0.00429685,0.4281236750007173,49
0.00000000012098909999999998,[],4,[],2019-02-12 03:26:19,2107101487.1010787,1.209891e-18,4.38145087176e-23,6639463,2019-02-12 03:26:19,ltc,4.64517350747441,0.0,0.00000001,ltc,3076520967.7179694,0.0,2.549363125330211e-09,52
0,[],22,[],2019-02-11 09:44:56,0.0,0,0,6632671,2019-02-11 09:44:56,,3935.19376955,0.0,0,,263411682.90882352,0.0,0.0,57
0,[],27,[],2019-02-11 09:44:58,0.0,0,0,6632672,2019-02-11 09:44:58,,0.0,0.0,0,"btc,eth",0.0,0.0,0.0,57
0.00000000012098909999999998,[],4,[],2019-02-12 03:26:20,1162999273.2143588,6.049455e-18,2.19072543588e-22,6639464,2019-02-12 03:26:20,ltc,3.279408607920527,0.0,0.00000005,ltc,951560612.9965123,0.0,3.5307345864466362e-09,58
1,[],12,[],2019-02-12 03:26:21,1922911473.843957,0.0000000005,0.000000000000018106800000000003,6639465,2019-02-12 03:26:21,btc,224005489919.51266,0.0,0.0000000005,btc,3711459545.124181,0.0122671805344655,0.6765083326011392,58
0,[],17,[],2019-02-12 03:26:24,0.0,0,0,6639466,2019-02-12 03:26:24,btc,1e+24,0.0,0,btc,41481695.95832568,0.0,0.0,58
0.000000000129179,[],22,[],2019-02-12 03:26:27,137438.0,1.29179e-18,4.6780366344000004e-23,6639467,2019-02-12 03:26:27,XMR,69.8835922,0.0,0.00000001,XMR,9887963.0,0.0,0.00137438,58
1,[],5,[],2019-02-12 03:26:28,1.926e-05,0.00000106,0.000000000038386416,6639468,2019-02-12 03:26:28,btc,0.27716598,0.02007712,0.00000106,btc,0.00016759,0.0,0.07523636,61
1,[],22,[],2019-02-12 03:26:32,5149.5,0.00000011,0.000000000003983496,6639469,2019-02-12 03:26:32,BTC,1002.29598212,0.0,0.00000011,BTC,14957.700278135757,0.0,0.00051596,61
1,[],26,[],2019-02-12 03:26:32,0.0,0.00000800,0.0000000002897088,6639470,2019-02-12 03:26:32,btc,0.0,0.0,0.00000800,btc,0.0,0.0,0.0,61
1,[],27,[],2019-02-12 03:26:34,12554.3559,0.00000059,0.000000000021366024000000002,6639471,2019-02-12 03:26:34,btc,10.764413334806674,0.0,0.00000059,"btc,eth",15310.44146575,0.0,0.00138638998275189,61
1,[],28,[],2019-02-12 03:26:40,19904.304,0.00000101,0.000000000036575736000000005,6639472,2019-02-12 03:26:40,btc,2.056400593700105,802.0,0.00000101,btc,9787.52450005,0.0,0.00994531304,61
1,[],4,[],2019-02-12 03:26:41,736702.56861342,0.00000233,0.00000000008437768800000001,6639473,2019-02-12 03:26:41,btc,1.0747453921575056,0.0,0.00000233,btc,269603.70176956,0.10341654,0.8703469437438421,67
0.0,[],25,[],2019-02-12 03:26:42,0.0,0,0,6639474,2019-02-12 03:26:42,,0.0,0.0,0.0,btc,0.0,0.0,0.0,67
1,[],12,[],2019-02-12 03:26:43,2764499.15698415,0.0000003,0.00000000001086408,6639475,2019-02-12 03:26:43,btc,11115896.092303943,0.0,0.0000003,btc,1641668.48330969,0.0315751485714297,0.1059842955320207,71
,[],5,[],2018-11-20 23:02:39,1.5e-07,0.00000005,0.000000000002128045,4862160,2018-11-20 23:02:39,btc,2.84511358,0.0,,btc,0.00036572,0.0,0.07381892,74
1,[],5,[],2019-01-25 15:53:51,3.303e-05,0.00000156,0.000000000055588884,6499610,2019-01-25 15:53:51,btc,1.42844212,0.0,0.00000156,btc,0.00015937,0.0,0.49487621,75
1,[],4,[],2019-02-12 03:26:44,42510294.16892337,0.00000001,0.000000000000362136,6639476,2019-02-12 03:26:44,btc,0.7675351259914514,0.0,0.00000001,btc,14662066.58791845,0.0,0.4251029416892337,81
0,[],20,[],2019-01-25 09:30:31,0.0,0,0,6495923,2019-01-25 09:30:31,btc,0.0,0.0,0,btc,0.0,0.0,0.0,81
1,[],4,[],2019-02-12 03:26:45,23895.63816642,0.00007449,0.000000002697551064,6639477,2019-02-12 03:26:45,btc,1.3319300311177515,0.0,0.00007449,btc,11268.99193113,0.01119055,0.0946761210872345,82
1,[],21,[],2019-02-12 03:26:46,65377.36292648,0.00007512999999999999387913229842,0.000000002720727768,6639478,2019-02-12 03:26:46,btc,3.562398973496754,2370.47632819,0.00007512999999999999387913229842439477579318918287754058837890625,btc,41485.65104042,0.17814803,2.9895059584251094,82
0,[],17,[],2019-02-07 10:02:39,0.0,0,0,6611495,2019-02-07 10:02:39,btc,0.0447233088476774,0.0,0,btc,999127.19588126,0.0,0.0,84
0.00000000012098909999999998,[],4,[],2019-02-12 03:26:47,161223528.7525189,8.469237e-18,3.067015610232e-22,6639479,2019-02-12 03:26:47,ltc,0.1956906326566575,0.0,0.00000007,ltc,91213461.16713074,0.0,7.226264886653294e-10,85
,[],22,[],2018-11-20 23:09:34,3408.1,0.0000001,0.0000000000041895,4862324,2018-11-20 23:09:34,BTC,0.04624735,0.0,,BTC,4990.0,0.0,0.00033081,86
0,[],22,[],2019-02-12 03:26:50,0.0,0,0,6639480,2019-02-12 03:26:50,,2.0760781,0.0,0,,140622.94736842104,0.0,0.0,87
0,[],27,[],2019-02-12 03:26:52,0.0,0,0,6639481,2019-02-12 03:26:52,,0.0,0.0,0,btc,0.0,0.0,0.0,87
,[],2,[],2018-11-20 23:10:47,0.0,0,0,4862359,2018-11-20 23:10:47,,0.0,0.0,,,0.0,0.0,0.0,88
1,[],11,[],2019-02-12 03:26:54,93505.70217675,0.000149099999999999992088273170764978203806094825267791748046875,0.00000000539944776,6639482,2019-02-12 03:26:54,btc,702.2650723612621,313.30121,0.000149099999999999992088273170764978203806094825267791748046875,btc,187274.55359552,0.0,6.108938063200285,89
0,[],2,[],2019-01-20 23:31:45,0.0,0,0,6477083,2019-01-20 23:31:45,,0.0,0.0,0,,0.0,0.0,0.0,91
1,[],12,[],2019-02-12 03:26:56,437808.36693459,0.000003019999999999999884515121395534009707262157462537288665771484375,0.000000000109365072,6639483,2019-02-12 03:26:56,btc,4.122935746215945,0.0,0.000003019999999999999884515121395534009707262157462537288665771484375,btc,41786.10563099,0.0087392181291391,0.0659153747708669,91
0,[],17,[],2019-02-12 03:26:57,0.0,0,0,6639484,2019-02-12 03:26:57,btc,0.0,0.0,0,btc,0.0,0.0,0.0,91
0.00000000012098909999999998,[],22,[],2019-02-12 03:27:01,23303133.4,6.049455e-18,2.19072543588e-22,6639485,2019-02-12 03:27:01,LTC,8.17576354,0.0,0.00000005,LTC,67492261.1,0.0,0.89647531,95
1,[],4,[],2019-02-12 03:27:02,136066116.02321354,0.00000001,0.000000000000362136,6639486,2019-02-12 03:27:02,btc,0.9615238392252061,0.0,0.00000001,"btc,ltc",47964397.06370184,0.00522744,0.013349076051062416,96
1,[],12,[],2019-02-12 03:27:03,759823.0,0.00000001,0.000000000000362136,6639487,2019-02-12 03:27:03,btc,255063.4736351099,0.0,0.00000001,btc,8812348.54676297,0.00030709,0.00759823,96
0,[],17,[],2019-02-12 03:27:05,0.0,0,0,6639488,2019-02-12 03:27:05,btc,0.0,0.0,0,btc,0.0,0.0,0.0,96
1,[],4,[],2019-02-12 03:27:06,1801400.99683954,0.00000032,0.000000000011588352,6639489,2019-02-12 03:27:06,btc,0.2050117487802308,0.0,0.00000032,btc,429224.30123554,0.03109588,0.2216173109926074,99
0,[],2,[],2019-01-20 23:23:55,0.0,0,0,6476914,2019-01-20 23:23:55,,0.0,0.0,0,,0.0,0.0,0.0,100
1,[],4,[],2019-02-12 03:27:07,213590.7292653,0.00004087,0.000000001480049832,6639490,2019-02-12 03:27:07,btc,1.6150792173914905,0.0,0.00004087,btc,34434.21879015,0.75844736,1.3214914046342932,100
1,[],22,[],2019-02-12 03:27:15,50000.0,0.00000001,0.000000000000362136,6639491,2019-02-12 03:27:15,BTC,23.49896609,0.0,0.00000001,BTC,10277.22,0.0,0.0005,101
1,[],4,[],2019-02-12 03:27:15,114866.80749739,0.00000102,0.000000000036937872,6639492,2019-02-12 03:27:15,btc,0.4222558639989791,0.0,0.00000102,btc,160186.15851836,0.00507265,0.0648726884090913,103
1,[],12,[],2019-02-12 03:27:18,52099681.4663887,0.000000016,0.0000000000005794176000000001,6639493,2019-02-12 03:27:18,btc,137278903.8526867,0.0,0.000000016,btc,130523056.75690989,0.03447798287312777,0.30031374946221917,105
1,[],27,[],2019-02-12 03:27:20,4209342.89,0.00000001,0.000000000000362136,6639494,2019-02-12 03:27:20,btc,1.62008275136923,0.0,0.00000001,btc,575169.42860553,0.0,0.0420934289,105
0,[],22,[],2019-02-12 03:27:28,0.0,0,0,6639495,2019-02-12 03:27:28,,51.07253289,0.0,0,,94300.0,0.0,0.0,107
1,[],26,[],2019-02-12 03:27:28,0.0,0.00000000,0,6639496,2019-02-12 03:27:28,btc,0.0,0.0,0.00000000,btc,0.0,0.0,0.0,107
1,[],5,[],2019-02-12 03:27:31,1e-08,0.00000001,0.000000000000362136,6639497,2019-02-12 03:27:31,btc,2.89713073,3.161e-05,0.00000001,btc,1.571e-05,0.0,0.08744889,112
1,[],22,[],2019-02-12 03:27:34,189093.0,0.00000001,0.000000000000362136,6639498,2019-02-12 03:27:34,BTC,2.81183288,0.0,0.00000001,BTC,808524.0833333334,0.0,0.00189093,112
0.0000000003323639,[],27,[],2019-02-12 03:27:36,500000.0,3.323639e-18,1.203609332904e-22,6639499,2019-02-12 03:27:36,eth,1.35132491849924,0.0,0.00000001,"btc,eth",1328.641654,0.0,1.6618195e-12,112
1,[],4,[],2019-02-12 03:27:37,463576.47816611,0.00000348,0.000000000126023328,6639500,2019-02-12 03:27:37,btc,0.2622668364342247,0.0,0.00000348,btc,57371.78807979,0.09700129,0.2560368260893398,113
1,[],5,[],2019-02-12 03:27:39,1.224e-05,0.00000310,0.00000000011226216,6639501,2019-02-12 03:27:39,btc,0.88273966,0.0,0.00000310,btc,0.00150955,0.0,0.19775377,113
1,[],17,[],2019-02-12 03:27:41,155738.724,0.00000004,0.000000000001448544,6639502,2019-02-12 03:27:41,btc,1.3368030274526779,0.000652,0.00000004,btc,51896.221,0.0,0.00232954896,116
0,[],27,[],2019-02-12 03:27:42,0.0,0,0,6639503,2019-02-12 03:27:42,,0.0,0.0,0,btc,0.0,0.0,0.0,116
1,[],4,[],2019-02-12 03:27:44,44861.7736298,0.00002651,0.0000000009600225360000001,6639504,2019-02-12 03:27:44,btc,0.6841195057642963,0.0,0.00002651,btc,22401.05399383,4.38291291,0.9724314792167433,120
1,[],7,[],2019-02-12 03:27:44,6316.4716499,0.00002744999999999999976368729448505945356373558752238750457763671875,0.00000000099406332,6639505,2019-02-12 03:27:44,btc,115647.2926934931,99.14722585,0.00002744999999999999976368729448505945356373558752238750457763671875,btc,29597.71743213,0.00300379,0.0567420541913441,120
1,[],20,[],2019-02-12 03:27:47,1094534.6666,0.000000014,0.0000000000005069904000000001,6639506,2019-02-12 03:27:47,btc,33.8688445501599,0.0,0.000000014,btc,1142782.3764,0.0,0.0052806482171,125
1,[],22,[],2019-02-12 03:27:50,3053.0,0.00000001,0.000000000000362136,6639507,2019-02-12 03:27:50,BTC,0.01444889,0.0,0.00000001,BTC,296264.5111111111,0.0,3.053e-05,126
1,[],4,[],2019-02-12 03:27:51,161550.16600658,0.00001416,0.000000000512784576,6639508,2019-02-12 03:27:51,btc,0.6356054800102088,0.0,0.00001416,btc,35072.98981122,0.1467503,0.9003419899546337,131
0,[],17,[],2019-02-12 03:27:53,0.0,0,0,6639509,2019-02-12 03:27:53,btc,0.0009561751951600001,0.0,0,btc,35.42829368,0.0,0.0,131
0,[],2,[],2019-01-20 23:25:46,0.0,0,0,6476969,2019-01-20 23:25:46,,0.0,0.0,0,,0.0,0.0,0.0,131
1,[],4,[],2019-02-12 03:27:54,4618.72530314,0.00016006,0.0000000057963488160000005,6639510,2019-02-12 03:27:54,btc,1.6397450704738545,0.0,0.00016006,btc,295.92689166,0.0,0.0082576416978487,135
1,[],3,[],2019-02-12 03:27:54,1873525.70310254,0.00000006,0.0000000000021728159999999997,6639511,2019-02-12 03:27:54,btc,0.12170219840549519,24718.2891714,0.00000006,btc,429238.51735515,0.0,0.0701751120911931,136
1,[],4,[],2019-02-12 03:27:55,75114.81868439,0.00000172,0.000000000062287392,6639512,2019-02-12 03:27:55,btc,0.0491984683017309,0.0,0.00000172,btc,24261.09513457,0.0541047,0.0976078568679739,137
1,[],12,[],2019-02-12 03:27:57,307679.9921548,0.000001749999999999999973748754898694723891594549058936536312103271484375,0.0000000000633738,6639513,2019-02-12 03:27:57,btc,11982.945412669998,0.0,0.000001749999999999999973748754898694723891594549058936536312103271484375,btc,157643.40326564,0.005155326941979,0.0464632554024288,137
1,[],4,[],2019-02-12 03:27:57,2927.57711711,0.00005669,0.0000000020529489840000002,6639514,2019-02-12 03:27:57,btc,1.1433308233624242,0.0,0.00005669,btc,15978.14951646,1.18646854,0.1411236927438542,142
1,[],5,[],2019-02-12 03:28:00,0.00187221,0.00005500,0.000000001991748,6639515,2019-02-12 03:28:00,btc,1.65497194,1.74776728,0.00005500,btc,0.00338577,0.0,1.46723009,142
1,[],17,[],2019-02-12 03:28:04,22967.386363640002,0.00000088,0.000000000031867968000000005,6639516,2019-02-12 03:28:04,btc,20.069913352550163,0.0,0.00000088,btc,2746.079105,0.0,0.0104613000000032,142
1,[],20,[],2019-02-12 03:28:05,138068.4194,0.000050001,0.0000000018107162136,6639517,2019-02-12 03:28:05,btc,0.413281779577,9451.5938,0.000050001,btc,3951.9032,0.7549210403048,0.2425359001673,142
1,[],22,[],2019-02-12 03:28:09,1621.4,0.00001020,0.00000000036937872,6639518,2019-02-12 03:28:09,BTC,3.0087007,0.0,0.00001020,BTC,897.0985020382753,0.0,0.00189903,142
0.0,[],25,[],2019-02-12 03:28:10,0.0,0,0,6639519,2019-02-12 03:28:10,,0.0,0.0,0.0,btc,0.0,0.0,0.0,142
1,[],28,[],2019-02-12 03:28:12,77893.0,0.00004500,0.0000000016296120000000001,6639520,2019-02-12 03:28:12,btc,0.048809112,2688.3746,0.00004500,btc,249.5089,0.0,0.0586872,142
0,[],22,[],2019-02-12 03:28:14,0.0,0,0,6639521,2019-02-12 03:28:14,,67.4684069,0.0,0,,838760972.3,0.0,0.0,143
1,[],21,[],2019-02-12 03:28:16,46493113.01243049,0.00000029,0.000000000010501944,6639522,2019-02-12 03:28:16,btc,39.967253152469674,5166765.69550211,0.00000029,btc,77696653.60287267,1.47710727,8.02699033454469,145
0,[],22,[],2019-02-10 17:04:30,0.0,0,0,6625727,2019-02-10 17:04:30,,4.25427726,0.0,0,,2259598.0,0.0,0.0,146
,[],22,[],2018-11-20 23:01:11,0.0,0,0,4862114,2018-11-20 23:01:11,,2.56807021,0.0,,,61828.4988236,0.0,0.0,147
1,[],12,[],2019-02-12 03:28:17,8680438.64289526,0.00000302999999999999978877139594768408414893201552331447601318359375,0.000000000109727208,6639523,2019-02-12 03:28:17,btc,16.56281402753549,0.0,0.00000302999999999999978877139594768408414893201552331447601318359375,btc,122218.53403049,0.0411601858423974,0.1126752629921117,148
1,[],4,[],2019-02-12 03:28:19,274393.22544965,0.00000035,0.000000000012674760000000001,6639524,2019-02-12 03:28:19,btc,0.7784414708105118,0.0,0.00000035,btc,586500.91941629,0.00048051,0.0652265377885898,152
0,[],22,[],2019-02-12 03:28:22,0.0,0,0,6639525,2019-02-12 03:28:22,,0.0,0.0,0,,0.0,0.0,0.0,152
1,[],5,[],2019-02-12 03:28:24,0.0,0,0,6639526,2019-02-12 03:28:24,btc,4.35601725,0.0,0,btc,0.0021126,0.0,0.0,153
,[],16,[],2019-01-11 15:38:59,0.0,0,0,6366141,2019-01-11 15:38:59,btc,0.0,0.0,,btc,0.0,0.0,0.0,155
0,[],23,[],2019-01-20 23:24:29,0.0,0,0,6476932,2019-01-20 23:24:29,,0.0,0.0,0,,0.0,0.0,0.0,156
0,[],22,[],2019-02-12 03:28:28,0.0,0,0,6639527,2019-02-12 03:28:28,,6.74578916,0.0,0,,4614557.242592593,0.0,0.0,156
1,[],22,[],2019-02-12 03:28:32,7913.8,0.00005300,0.0000000019193208,6639528,2019-02-12 03:28:32,BTC,43.78801181,0.0,0.00005300,BTC,1067.5805334758436,0.0,0.00785176,157
0,[],22,[],2019-02-12 03:28:35,0.0,0,0,6639529,2019-02-12 03:28:35,,50175.67558609,0.0,0,,54029136.04179466,0.0,0.0,158
,[],17,[],2018-11-20 22:56:10,0.0,0,0,4861976,2018-11-20 22:56:10,btc,1.1265625,0.0,,btc,1000.0,0.0,0.0,159
,[],20,[],2018-11-20 22:56:12,0.0,0,0,4861977,2018-11-20 22:56:12,btc,11912.7940471,0.0,,btc,34413894.3617,0.0,0.0,159
1,[],12,[],2019-02-12 03:28:36,185796.26111911,0.0000073100000000000003150713197286325595314337988384068012237548828125,0.00000000026472141600000003,6639530,2019-02-12 03:28:36,btc,6.663130372651364,0.0,0.0000073100000000000003150713197286325595314337988384068012237548828125,btc,14905.950160460001,0.0055716345,0.0835525901999914,168
1,[],17,[],2019-02-12 03:28:37,29784.95,0.000001,0.0000000000362136,6639531,2019-02-12 03:28:37,btc,0.03026736251542,0.0,0.000001,btc,144.46171372,0.0,0.00716147,168
0,[],22,[],2019-02-12 03:28:40,0.0,0,0,6639532,2019-02-12 03:28:40,,1.14776715,0.0,0,,721548.0900917595,0.0,0.0,169
1,[],22,[],2019-02-12 03:28:43,245000.0,0.00000011,0.000000000003983496,6639533,2019-02-12 03:28:43,BTC,11.3314578,0.0,0.00000011,BTC,133310.7766476831,0.0,0.0224,171
1,[],22,[],2019-02-12 03:28:47,233083.57936507938,0.00000021,0.000000000007604856,6639534,2019-02-12 03:28:47,BTC,2.65517733,0.0,0.00000021,BTC,237879.5006892716,0.0,0.01861125,173
1,[],5,[],2019-02-12 03:28:49,1.848e-05,0.00000312,0.00000000011298643200000001,6639535,2019-02-12 03:28:49,btc,0.32635548,0.02365309,0.00000312,btc,0.00028286,0.0,0.69416632,175
1,[],22,[],2019-02-12 03:28:53,49384.52380952381,0.00000063,0.000000000022814568,6639536,2019-02-12 03:28:53,BTC,0.50042383,0.0,0.00000063,BTC,127686.46882822087,9.9e-06,0.01808058,176
1,[],7,[],2019-02-12 03:28:55,0.0,0,0,6639537,2019-02-12 03:28:55,btc,410974.1987511513,0.0,0,btc,115535570.82091746,0.0,0.0,178
0,[],22,[],2019-02-12 03:28:57,0.0,0,0,6639538,2019-02-12 03:28:57,,1.00242428,0.0,0,,57512.0,0.0,0.0,178
0,[],2,[],2019-01-20 23:28:34,0.0,0,0,6477001,2019-01-20 23:28:34,,0.0,0.0,0,,0.0,0.0,0.0,178
0,[],23,[],2019-01-20 23:25:08,0.0,0,0,6476952,2019-01-20 23:25:08,,0.0,0.0,0,,0.0,0.0,0.0,179
1,[],5,[],2019-02-12 03:29:00,3e-08,0.00000002,0.000000000000724272,6639539,2019-02-12 03:29:00,btc,26.46706827,0.09823689,0.00000002,btc,2.088e-05,0.0,0.82848855,179
1,[],22,[],2019-02-12 03:29:04,7820284.0,0.00000002,0.000000000000724272,6639540,2019-02-12 03:29:04,BTC,5.48293504,0.0,0.00000002,"BTC,LTC",17867921.468656633,0.0,0.38366552,179
1,[],17,[],2019-02-12 03:29:06,10504.725,0.0000001,0.0000000000036213600000000002,6639541,2019-02-12 03:29:06,btc,5.206166879879041,0.0,0.0000001,btc,6755.0074587,0.0,0.0010504725,180
1,[],22,[],2019-02-12 03:29:10,17977.158539205157,0.00000098,0.000000000035489328000000005,6639542,2019-02-12 03:29:10,BTC,0.09852595,0.0,0.00000098,"BTC,LTC",18836.625478042326,0.0008422,0.00600381,180
1,[],26,[],2019-02-12 03:29:11,0.0,0.00000210,0.00000000007604856000000001,6639543,2019-02-12 03:29:11,btc,0.0,3759.4,0.00000210,btc,0.0,0.0,0.0,180
,[],7,[],2018-11-20 22:58:01,562227.975654,0.00000085,0.000000000036176765,4862015,2018-11-20 22:58:01,btc,21836.6059674,2491.87645172,,btc,749999.041456,0.00211021,0.127565380455,183
,[],5,[],2019-01-10 08:11:41,0.0,0,0,6347036,2019-01-10 08:11:41,btc,82.15055501,0.00261,,btc,1.19002445,0.0,0.0,187
,[],17,[],2018-11-16 20:58:10,4062536.27273,0.00000001,0.000000000000550501,4708775,2018-11-16 20:58:10,btc,3.36492563466,0.195460381006,,"btc,eth",110697919.549,0.0,0.0157628953496,187
1,[],24,[],2019-02-12 03:29:12,0.0,0.000000000001,3.62136e-17,6639544,2019-02-12 03:29:12,btc,0.0,0.0,0.000000000001,btc,0.0,0.0,0.0,187
0,[],22,[],2019-02-12 03:29:14,0.0,0,0,6639545,2019-02-12 03:29:14,,1.19370255,0.0,0,,14406.10286773884,0.0,0.0,191
0,[],22,[],2019-02-12 03:29:20,0.0,0,0,6639546,2019-02-12 03:29:20,,0.0,0.0,0,,0.0,0.0,0.0,197
0,[],23,[],2019-01-20 23:31:41,0.0,0,0,6477079,2019-01-20 23:31:41,,0.0,0.0,0,,0.0,0.0,0.0,199
1,[],26,[],2019-02-12 03:29:20,0.0,0.00000000,0,6639547,2019-02-12 03:29:20,btc,0.0,766438.0,0.00000000,btc,0.0,0.0,0.0,199
0,[],17,[],2019-01-30 16:32:01,0.0,0,0,6540827,2019-01-30 16:32:01,btc,6.802544163788159,0.0,0,btc,105897.55575295,0.0,0.0,200
0,[],2,[],2019-01-20 23:30:49,0.0,0,0,6477059,2019-01-20 23:30:49,,0.0,0.0,0,,0.0,0.0,0.0,201
1,[],4,[],2019-01-25 15:51:35,2084389.58565343,0.00000936,0.000000000333526752,6499557,2019-01-25 15:51:35,btc,2.0092503037378524,0.0,0.00000936,btc,160195.80207885,0.19272417,1.242687955921835,211
1,[],7,[],2019-02-12 03:29:24,4828287.17781422,0.0000015000000000000000380012861456169304119612206704914569854736328125,0.000000000054320400000000004,6639548,2019-02-12 03:29:24,btc,16567818.333492624,455797.408305,0.0000015000000000000000380012861456169304119612206704914569854736328125,btc,13761259.53878365,0.0,3.8329747386723647,212
1,[],12,[],2019-01-25 02:44:32,207462.42853209,0.000001080000000000000035831255497387193287295303889550268650054931640625,0.000000000038610756000000006,6493050,2019-01-25 02:44:32,btc,85023.03793723314,0.0,0.000001080000000000000035831255497387193287295303889550268650054931640625,btc,43675.73520027,0.000146250909087,0.0348620860622024,213
1,[],5,[],2019-02-12 03:29:26,4.21e-06,0.00000033,0.000000000011950488,6639549,2019-02-12 03:29:26,btc,1.1771422,0.14076135,0.00000033,btc,3.078e-05,0.0,0.30553453,213
1,[],24,[],2019-02-12 03:29:26,0.0,0.000000050000,0.0000000000018106800000000001,6639550,2019-02-12 03:29:26,btc,0.0,0.0,0.000000050000,btc,0.0,0.0,0.0,213
1,[],26,[],2019-02-12 03:29:26,0.0,0.00000009,0.0000000000032592240000000002,6639551,2019-02-12 03:29:26,btc,0.0,0.0,0.00000009,btc,0.0,0.0,0.0,213
1,[],22,[],2019-02-12 03:29:30,157299.0,0.00000002,0.000000000000724272,6639552,2019-02-12 03:29:30,BTC,2.19498618,0.0,0.00000002,BTC,188021.63137942314,0.00227762,0.00233198,216
1,[],27,[],2019-02-12 03:29:32,5081157.5555,0.00000004,0.000000000001448544,6639553,2019-02-12 03:29:32,btc,391.91107336756,0.0,0.00000004,"btc,ltc",274171.569,0.0,0.05225726222,216
1,[],22,[],2019-02-12 03:29:36,303131.8247499803,0.00000209,0.000000000075686424,6639554,2019-02-12 03:29:36,BTC,12677.00398768,0.0,0.00000209,BTC,395623.94122941507,0.02034824,0.43067287,217
1,[],7,[],2019-02-12 03:29:37,0.0,0,0,6639555,2019-02-12 03:29:37,btc,77970.05582791512,0.0,0,btc,137091858.32140028,0.0,0.0,219
0,[],27,[],2019-02-12 03:29:39,0.0,0,0,6639556,2019-02-12 03:29:39,,5.3418937883169715,0.0,0,btc,1605140.99226592,0.0,0.0,219
0.0000000000000053,[],28,[],2019-02-12 03:29:41,203064785.715,6.8905300000000004e-18,2.4953089720800004e-22,6639557,2019-02-12 03:29:41,doge,88584.47496696751,14188.0,0.00130010,"btc,doge",4974548.69631,0.0,1.8515530919815774e-11,219
1,[],22,[],2019-02-12 03:29:49,226088.57777777777,0.00000100,0.0000000000362136,6639558,2019-02-12 03:29:49,BTC,3.02959892,0.0,0.00000100,BTC,76211.14955994174,0.06172071,0.0407109,221
1,[],24,[],2019-02-12 03:29:49,0.0,0.000000610000,0.000000000022090296,6639559,2019-02-12 03:29:49,btc,0.0,0.0,0.000000610000,btc,0.0,0.0,0.0,221
1,[],20,[],2019-02-12 03:29:51,52202920.2575,0.000000003,0.00000000000010864080000000001,6639560,2019-02-12 03:29:51,btc,49.918571430055,0.0,0.000000003,btc,10039345.7251,0.0,0.0547525771171,224
0,[],22,[],2019-02-12 03:29:53,0.0,0,0,6639561,2019-02-12 03:29:53,,0.0,0.0,0,,0.0,0.0,0.0,224
1,[],26,[],2019-02-12 03:29:53,0.0,0.00000045,0.00000000001629612,6639562,2019-02-12 03:29:53,btc,0.0,0.0,0.00000045,btc,0.0,0.0,0.0,231
1,[],26,[],2019-02-12 03:29:53,0.0,0.00000004,0.000000000001448544,6639563,2019-02-12 03:29:53,btc,0.0,0.0,0.00000004,btc,0.0,0.0,0.0,234
0,[],27,[],2019-02-12 03:29:55,0.0,0,0,6639564,2019-02-12 03:29:55,,0.0113483662182,0.0,0,"btc,eth",11462.99618,0.0,0.0,234
0,[],22,[],2019-02-12 03:29:58,0.0,0,0,6639565,2019-02-12 03:29:58,,3.0822287,0.0,0,,103833019.06349206,0.0,0.0,235
1,[],4,[],2019-02-12 03:29:59,1291128.61162634,0.00000078,0.000000000028246608000000003,6639566,2019-02-12 03:29:59,btc,0.3742271103324692,0.0,0.00000078,btc,256503.55602135,0.18958565,0.3621381936103318,236
1,[],24,[],2019-02-12 03:29:59,0.0,0.000000020000,0.000000000000724272,6639567,2019-02-12 03:29:59,btc,0.0,0.0,0.000000020000,btc,0.0,0.0,0.0,236
1,[],20,[],2019-02-12 03:30:01,67433114.8772,0.000000068,0.0000000000024625248000000002,6639568,2019-02-12 03:30:01,btc,14.8481644435611,18062228.4533,0.000000068,btc,30486462.7793,1.2101097455733,0.5018916808383,237
0.00000000012098909999999998,[],22,[],2019-02-12 03:30:07,14400.0,1.209891e-17,4.38145087176e-22,6639569,2019-02-12 03:30:07,LTC,0.04083605,0.0,0.0000001,LTC,4179.0,0.0,0.00144,237
1,[],4,[],2019-02-12 03:30:07,4897923.44934578,0.00000033,0.000000000011950488,6639570,2019-02-12 03:30:07,btc,0.6025698447761123,0.0,0.00000033,btc,1575904.18470433,0.50007934,1.504536939881301,238
1,[],5,[],2019-02-12 03:30:10,4.25e-06,0.00000033,0.000000000011950488,6639571,2019-02-12 03:30:10,btc,0.73282642,0.00077101,0.00000033,btc,2.957e-05,0.0,0.26595861,238
0,[],22,[],2019-02-12 03:30:13,0.0,0,0,6639572,2019-02-12 03:30:13,,15.41678688,0.0,0,,370860.0639027493,0.0,0.0,249
0.00000000012098909999999998,[],22,[],2019-02-12 03:30:16,7124354.333333333,3.629673e-18,1.314435261528e-22,6639573,2019-02-12 03:30:16,LTC,0.36811719,0.0,0.00000003,LTC,11588757.09,0.0,0.21273365,252
1,[],28,[],2019-02-12 03:30:18,3479213.286,0.00000013,0.000000000004707768,6639574,2019-02-12 03:30:18,btc,164693.50960716058,40565.6,0.00000013,btc,596326.7599,0.0,0.2108710963,256
1,[],22,[],2019-02-12 03:30:22,1252602.0,0.00000002,0.000000000000724272,6639575,2019-02-12 03:30:22,BTC,30.20524227,0.0,0.00000002,BTC,445890.0289327789,2.05e-06,0.02390602,258
1,[],22,[],2019-01-26 20:58:41,368451.0,0.00000001,0.000000000000356135,6510120,2019-01-26 20:58:41,BTC,2.642917,0.0,0.00000001,"BTC,LTC",1862.0,0.0,0.02488451,259
1,[],22,[],2019-02-12 03:30:25,15125.840199750312,0.00000801,0.00000000029007093600000004,6639576,2019-02-12 03:30:25,BTC,1293.03119054,0.0,0.00000801,"BTC,LTC",6823.759092230973,0.11041743,0.04429234,262
1,[],5,[],2019-02-12 03:30:33,9.757e-05,0.00000307,0.000000000111175752,6639577,2019-02-12 03:30:33,btc,2.0765057,0.26890042,0.00000307,btc,0.00074562,0.0,0.30651622,264
1,[],20,[],2019-02-12 03:30:34,1264323.292,0.000001511,0.0000000000547187496,6639578,2019-02-12 03:30:34,btc,4.957214593631,42802.8757,0.000001511,btc,94209.9065,0.1208046494894,0.020507588253,264
1,[],22,[],2019-02-12 03:30:38,95356.5,0.00000002,0.000000000000724272,6639579,2019-02-12 03:30:38,BTC,9.07980096,0.0,0.00000002,BTC,228209.31707431233,0.0,0.0014095,271
0,[],22,[],2019-02-12 03:30:40,0.0,0,0,6639580,2019-02-12 03:30:40,,384.77798703,0.0,0,,15106717515.9,0.0,0.0,272
0.0000000000000053,[],28,[],2019-02-12 03:30:42,171567505800.097,4.3460000000000005e-21,1.573843056e-25,6639581,2019-02-12 03:30:42,doge,374550711.3321324,27401136415.607,0.00000082,doge,222054833555.72058,0.0,4.2309041840483915e-10,272
1,[],22,[],2019-02-12 03:30:47,11605.4,0.00001530,0.0000000005540680800000001,6639582,2019-02-12 03:30:47,BTC,74.070592,0.0,0.00001530,"BTC,LTC",1388.0826333333334,0.011438,0.01747442,281
