pairValue,buyBook,exchangeId,sellBook,updated,buyTotal,satoshiPrice,usdPrice,exchangeLogId,created,bestPair,sellTotalBtc,volume,pairPrice,activePairs,sellTotal,volumeBtc,buyTotalBtc,coinId
1,[],4,[],2019-03-19 09:33:48,207747.25017529,0.01299967,0.000000517900352965,6976512,2019-03-19 09:33:48,btc,13.546019238412224,0.0,0.01299967,btc,260.86792856,1.17026053,1.0784192390013272,1
1,[],5,[],2019-03-19 09:33:50,0.0,0,0,6976513,2019-03-19 09:33:50,btc,0.0,0.34794353,0,btc,0.0,0.0,0.0,1
1,[],10,[],2019-03-19 09:33:52,413685.58685404,0.0111362,0.0000004436606399,6976514,2019-03-19 09:33:52,btc,6523.442550134254,1750.46823663,0.0111362,btc,1029.50634207,0.0,4.666477540405293,1
1,[],12,[],2019-03-19 09:33:55,53.06489285,0.01299999999999999940325512426397835952229797840118408203125,0.0000005179135,6976515,2019-03-19 09:33:55,btc,0.1896135347856,0.0,0.01299999999999999940325512426397835952229797840118408203125,btc,13.97960125,0.0275991299291,0.3971020893235,1
1,[],20,[],2019-03-19 09:33:57,1152.6091,0.01070001,0.00000042628304839499997,6976516,2019-03-19 09:33:57,btc,0.0423738248054,0.0,0.01070001,btc,1.8879,0.0,0.0974289203441,1
1,[],21,[],2019-03-19 09:33:59,2463.50971134,0.01304850999999999927592142512,0.0000005198461141449999,6976517,2019-03-19 09:33:59,btc,89.76810330154768,8732.14234898,0.01304850999999999927592142512366990558803081512451171875,"btc,eth",7647.52207284,108.36191742253084,23.716481487162703,1
1,[],22,[],2019-03-19 09:34:37,0.07686088253968254,0.01260000,0.0000005019777,6976518,2019-03-19 09:34:37,BTC,0.31439419,0.0,0.01260000,BTC,0.12751438772928525,0.0,0.00096785,1
1,[],24,[],2019-03-19 09:34:38,0.0,0.000000000000,0,6976519,2019-03-19 09:34:38,btc,0.0,0.0,0.000000000000,btc,0.0,0.0,0.0,1
0.0,[],25,[],2019-03-19 09:34:38,0.0,0,0,6976520,2019-03-19 09:34:38,btc,35.39119999808764,841.95990923,0.0,btc,2648.00706745,11.04,0.0,1
1,[],26,[],2019-03-19 09:34:39,0.0,0,0,6976521,2019-03-19 09:34:39,,0.0,0.0,0,,0.0,0.0,0.0,1
1,[],28,[],2019-03-19 09:34:48,994.123,0.01250000,0.00000049799375,6976522,2019-03-19 09:34:48,btc,0.151703079,18415.51,0.01250000,btc,8.184,0.0,0.101388596,1
0,[],2,[],2019-01-20 23:28:45,0.0,0,0,6477011,2019-01-20 23:28:45,,0.0,0.0,0,,0.0,0.0,0.0,1
1,[],3,[],2019-03-19 09:33:47,31038.05310968807,0.01305526000000000082235107612405045074410736560821533203125,0.0000005201150307700001,6976511,2019-03-19 09:33:47,btc,60.14155839090692,0.0,0.01305526000000000082235107612405045074410736560821533203125,btc,24.152811611684,0.0,0.29951065768769974,1
1,[],5,[],2019-03-19 09:34:49,0.0,0,0,6976523,2019-03-19 09:34:49,btc,0.0,0.10762748,0,btc,0.0,0.0,0.0,2
0.0000000001298058,[],22,[],2019-03-19 09:02:16,1148.0,1.4278638e-16,5.682783694896001e-21,6976410,2019-03-19 09:02:16,XMR,21.02425527,0.0,0.00000110,XMR,24942.398537272726,0.0,0.00087635,2
1,[],5,[],2019-03-19 09:02:17,0.0,0,0,6976411,2019-03-19 09:02:17,btc,0.0,1.38820718,0,btc,0.0,0.0,0.0,3
1,[],12,[],2019-03-19 09:02:18,2783841.88162477,0.000000196,0.000000000007800643200000001,6976412,2019-03-19 09:02:18,btc,23468.945203132844,0.0,0.000000196,btc,1418909.79050416,0.09256015783919208,0.4012767913091166,3
0,[],28,[],2019-03-19 09:02:21,0.0,0,0,6976413,2019-03-19 09:02:21,,0.0,0.0,0,,0.0,0.0,0.0,3
0,[],2,[],2019-01-20 23:31:32,0.0,0,0,6477077,2019-01-20 23:31:32,,0.0,0.0,0,,0.0,0.0,0.0,4
1,[],4,[],2019-03-19 09:02:22,356402.04212677,0.00000031,0.000000000012337752,6976414,2019-03-19 09:02:22,btc,32.07946638954497,0.0,0.00000031,btc,716936.26886822,0.00329677,0.0358358683364652,4
1,[],12,[],2019-03-19 09:02:23,394075.0,0.00000002,0.0000000000007959840000000001,6976415,2019-03-19 09:02:23,btc,1111853.28843344,0.0,0.00000002,btc,786424.33266733,0.0,0.00434124,5
0,[],2,[],2019-01-20 23:31:51,0.0,0,0,6477087,2019-01-20 23:31:51,,0.0,0.0,0,,0.0,0.0,0.0,6
1,[],11,[],2019-03-19 09:02:25,3387507.66422,0.00000001,0.00000000000039799200000000005,6976416,2019-03-19 09:02:25,btc,9574.353525219352,882000.0,0.00000001,btc,43503365.60080908,0.0,0.0338750766422,6
1,[],3,[],2019-03-19 09:02:26,1111.874925057246,0.00016001000000000000791054721727135756736970506608486175537109375,0.000000006368269992000001,6976417,2019-03-19 09:02:26,btc,29.634654231634162,0.0,0.00016001000000000000791054721727135756736970506608486175537109375,btc,241.020514578101,0.0,0.03830597781778914,7
1,[],4,[],2019-03-19 09:02:27,125045.93587407,0.00023455,0.00000000933490236,6976418,2019-03-19 09:02:27,btc,11.661954759249777,0.0,0.00023455,btc,39705.61629244,6.48787388,11.058425189818363,7
1,[],5,[],2019-03-19 09:02:29,0.0,0,0,6976419,2019-03-19 09:02:29,btc,0.0,0.30693689,0,btc,0.0,0.0,0.0,7
1,[],20,[],2019-02-20 02:16:17,39399275.8418,0.000000001,0.0000000000000390183,6728586,2019-02-20 02:16:17,btc,116.9737569154545,525.0,0.000000001,btc,56932965.8895,5.25e-07,0.0393992758418,8
0,[],2,[],2019-01-20 23:22:42,0.0,0,0,6476876,2019-01-20 23:22:42,,0.0,0.0,0,,0.0,0.0,0.0,9
0,[],23,[],2019-01-20 23:22:48,0.0,0,0,6476878,2019-01-20 23:22:48,,0.0,0.0,0,,0.0,0.0,0.0,9
1,[],4,[],2019-03-19 09:02:30,1782770.8309174,0.00000153,0.00000000006089277600000001,6976420,2019-03-19 09:02:30,btc,7.086036002248396,0.0,0.00000153,btc,3219155.16215529,0.72512636,1.9118999188070087,9
1,[],28,[],2019-03-19 09:02:32,27833.0,0.00000160,0.00000000006367872,6976421,2019-03-19 09:02:32,btc,2708.776551247723,3586718.0,0.00000160,btc,20316.3373,0.0,0.0170975,9
1,[],1,[],2019-02-17 23:31:42,1822507.21,0.00000181000000000000003456111265232042484285557293333113193511962890625,0.000000000066086901,6701244,2019-02-17 23:31:42,btc,3.6990969245,17153386.5,0.00000181000000000000003456111265232042484285557293333113193511962890625,btc,1997391.71,31.11772986,3.2610482446,9
1,[],4,[],2019-02-17 11:22:43,4341674.27126056,0.00000002,0.0000000000007272960000000001,6696112,2019-02-17 11:22:43,btc,0.1997230937751353,0.0,0.00000002,btc,4109766.79808031,0.00215132,0.0479381022052112,10
0,[],2,[],2019-01-20 23:23:08,0.0,0,0,6476890,2019-01-20 23:23:08,,0.0,0.0,0,,0.0,0.0,0.0,12
1,[],4,[],2019-03-19 09:02:33,4626957.11002092,0.00000170,0.00000000006765864,6976422,2019-03-19 09:02:33,btc,13.426288538916868,0.0,0.00000170,btc,5475662.9545655,3.58797516,4.995319138888025,12
1,[],5,[],2019-03-19 09:02:34,0.0,0,0,6976423,2019-03-19 09:02:34,btc,0.0,0.15406847,0,btc,0.0,0.0,0.0,12
0.0,[],25,[],2019-03-19 09:02:35,0.0,0,0,6976424,2019-03-19 09:02:35,,0.0,0.0,0.0,btc,0.0,0.0,0.0,12
1,[],4,[],2019-03-19 09:02:36,32898397.24203425,0.00001107,0.000000000440577144,6976425,2019-03-19 09:02:36,btc,3.614708379191359,0.0,0.00001107,btc,274796.96360785,1.8484364,1.1528561898080654,13
1,[],21,[],2019-03-19 09:02:41,1917316.9426269901,0.00001104999999999999923526883966,0.00000000043978116,6976426,2019-03-19 09:02:41,btc,18.810106259555294,2651651.89539562,0.000011049999999999999235268839659074302517183241434395313262939453125,btc,1540189.63608768,29.53168121,18.845045384833973,13
1,[],10,[],2019-03-19 08:55:20,476568.3387325,0.0000108,0.00000000042996744,6976236,2019-03-19 08:55:20,btc,666776.2943728961,28022.4726731,0.0000108,btc,636924.47997273,0.0,0.6084313523114234,13
0,[],17,[],2019-03-19 08:33:13,0.0,0,0,6975861,2019-03-19 08:33:13,btc,0.0,0.0,0,btc,0.0,0.0,0.0,14
1,[],4,[],2019-03-19 09:02:41,1096456.1890902,0.00000086,0.000000000034227312,6976427,2019-03-19 09:02:41,btc,5.422189805849776,0.0,0.00000086,btc,992560.11344219,0.00896318,0.1819984112330504,14
1,[],12,[],2019-03-19 09:02:43,303849.57142857,0.0000007,0.00000000002785944,6976428,2019-03-19 09:02:43,btc,0.056045956394471796,0.0,0.0000007,btc,13799.95186185,2.213786214e-05,0.032332399999999,14
1,[],26,[],2019-03-19 09:02:54,0.0,0.00000050,0.000000000019899600000000002,6976429,2019-03-19 09:02:54,btc,0.0,0.0,0.00000050,btc,0.0,0.0,0.0,14
,[],12,[],2018-12-01 15:15:48,204241.84496,0.00000489,0.000000000202473384,5260204,2018-12-01 15:15:48,btc,49.5475654835,0.0,,btc,35763.2193806,0.0163153972027625,0.0203389899998,15
0,[],4,[],2019-03-19 08:55:36,0.0,0,0,6976241,2019-03-19 08:55:36,,0.0,0.0,0,,0.0,0.0,0.0,15
0,[],2,[],2019-01-20 23:23:38,0.0,0,0,6476906,2019-01-20 23:23:38,,0.0,0.0,0,,0.0,0.0,0.0,18
1,[],4,[],2019-03-19 09:02:55,74212.57621262,0.00001515,0.00000000060295788,6976430,2019-03-19 09:02:55,btc,2.1134094558660905,0.0,0.00001515,btc,18714.98699209,0.04661802,0.0438655441072276,18
1,[],10,[],2019-03-19 09:02:57,786394.18479513,0.00001523,0.000000000606141816,6976431,2019-03-19 09:02:57,btc,15.39720093303517,4275.82855166,0.00001523,btc,12876.46752746,0.0,0.170553713478365,18
1,[],12,[],2019-03-19 09:02:58,338237.42532125,0.0000154800000000000008665117234851749117297003977000713348388671875,0.0000000006160916160000001,6976432,2019-03-19 09:02:58,btc,33214.729718169634,0.0,0.0000154800000000000008665117234851749117297003977000713348388671875,btc,923.52705408,0.017202442087605,0.0576304452374253,18
0,[],17,[],2019-03-19 09:03:09,0.0,0,0,6976433,2019-03-19 09:03:09,btc,0.0,0.0,0,btc,0.0,0.0,0.0,18
0,[],2,[],2019-01-20 23:24:19,0.0,0,0,6476924,2019-01-20 23:24:19,,0.0,0.0,0,,0.0,0.0,0.0,19
1,[],3,[],2019-03-19 09:03:10,119824.2230420881,0.00001809000000000000128838779922535451305520837195217609405517578125,0.0000000007199675280000001,6976434,2019-03-19 09:03:10,btc,0.6919407325489582,0.0,0.00001809000000000000128838779922535451305520837195217609405517578125,btc,15054.205445313173,0.0,0.04704129179874846,19
1,[],4,[],2019-03-19 09:03:11,224017.74472442,0.00002017,0.000000000802749864,6976435,2019-03-19 09:03:11,btc,2.2995846444178585,0.0,0.00002017,btc,74129.21810429,0.50994873,2.3671340467435584,19
1,[],5,[],2019-03-19 09:03:13,0.0,0,0,6976436,2019-03-19 09:03:13,btc,0.0,0.00046389,0,btc,0.0,0.0,0.0,19
1,[],12,[],2019-03-19 09:03:14,386129.33558578,0.0000167500000000000005655198531684391127782873809337615966796875,0.0000000006666366,6976437,2019-03-19 09:03:14,btc,0.1931062842862154,0.0,0.0000167500000000000005655198531684391127782873809337615966796875,btc,1715.23775927,0.0165411604297028,0.056177469999618,19
0,[],27,[],2019-03-19 09:03:16,0.0,0,0,6976438,2019-03-19 09:03:16,,0.0,0.0,0,btc,0.0,0.0,0.0,19
1,[],4,[],2019-03-19 09:03:17,2829779.50544075,0.00000013,0.000000000005173896,6976439,2019-03-19 09:03:17,btc,7.380201587426975,0.0,0.00000013,btc,2861915.63183601,0.00137557,0.0845216666487588,20
1,[],4,[],2019-03-19 09:03:18,90144992.92893596,0.00000001,0.000000000000397992,6976440,2019-03-19 09:03:18,btc,39590.00581314045,0.0,0.00000001,btc,58407436.11991303,0.13479044,0.9014499292893596,21
1,[],12,[],2019-03-19 09:03:19,2155305.0,0.00000001,0.00000000000039799200000000005,6976441,2019-03-19 09:03:19,btc,2870.538746290589,0.0,0.00000001,btc,2983679.52947052,0.0002032796003998,0.02155305,21
0,[],17,[],2019-03-19 09:03:20,0.0,0,0,6976442,2019-03-19 09:03:20,btc,0.0,0.0,0,btc,0.0,0.0,0.0,21
1,[],12,[],2019-03-19 09:03:22,3232912149.0,0.0000000002,0.00000000000000795984,6976443,2019-03-19 09:03:22,btc,1951107.809671452,0.0,0.0000000002,btc,1389700907.4555445,0.31756406155392386,0.3806408746,23
0,[],27,[],2019-03-19 09:03:24,0.0,0,0,6976444,2019-03-19 09:03:24,,13.9750273112066,0.0,0,eth,6313324.08723636,0.0,0.0,23
1,[],4,[],2019-03-19 09:03:26,686226.88834361,0.00000047,0.000000000018705624,6976445,2019-03-19 09:03:26,btc,9.744625469989318,0.0,0.00000047,btc,1603862.37405438,0.00800934,0.1767039415868007,24
1,[],22,[],2019-03-19 09:03:29,11.76,0.00000100,0.000000000039799200000000004,6976446,2019-03-19 09:03:29,BTC,7.415e-05,0.0,0.00000100,BTC,23.919354838709676,0.0,1.176e-05,24
0.0,[],25,[],2019-03-19 09:03:30,0.0,0,0,6976447,2019-03-19 09:03:30,,0.0,0.0,0.0,btc,0.0,0.0,0.0,24
0,[],2,[],2019-01-20 23:25:56,0.0,0,0,6476976,2019-01-20 23:25:56,,0.0,0.0,0,,0.0,0.0,0.0,26
1,[],4,[],2019-03-19 09:03:31,28225613.85732202,0.00000741,0.000000000294912072,6976448,2019-03-19 09:03:31,btc,66.39998323870232,0.0,0.00000741,btc,242447.69898822,0.34887155,0.7374757171983329,26
1,[],10,[],2019-03-19 09:03:33,603077.04185932,0.00000566,0.00000000022526347200000002,6976449,2019-03-19 09:03:33,btc,25.23701639469509,3939.31405874,0.00000566,btc,14702.66420715,0.0,0.1459915495258096,26
1,[],3,[],2019-03-19 09:03:34,10183348.48184747,0.00000001,0.00000000000039799200000000005,6976450,2019-03-19 09:03:34,btc,2.0625272795082132,4818.059,0.00000001,btc,16017441.31331054,0.0,0.1018334848184747,27
1,[],5,[],2019-03-19 09:03:35,0.0,0,0,6976451,2019-03-19 09:03:35,btc,0.0,1.763e-05,0,btc,0.0,0.0,0.0,27
1,[],11,[],2019-03-19 09:03:36,8483599.24590115,0.00000006,0.0000000000023879519999999997,6976452,2019-03-19 09:03:36,btc,67506.1891365516,10079.0,0.00000006,btc,7956117.08369704,0.0,0.4685351649180229,27
1,[],4,[],2019-03-19 09:03:37,2188776161.569036,0.00000001,0.000000000000397992,6976453,2019-03-19 09:03:37,btc,3.3584850278484013,0.0,0.00000001,"btc,ltc",268829603.2740366,0.09416618,10.134530608164093,29
1,[],7,[],2019-03-19 09:03:38,35609430.88543586,0.00000001,0.00000000000039799200000000005,6976454,2019-03-19 09:03:38,btc,44461604.30046467,0.0,0.00000001,btc,52530698.722369455,0.0,0.35609430885435855,29
0,[],17,[],2019-03-19 08:34:03,0.0,0,0,6975890,2019-03-19 08:34:03,btc,0.0,0.0,0,btc,0.0,0.0,0.0,30
1,[],4,[],2019-03-19 09:03:39,4161546.01804525,0.00000018,0.000000000007163856000000001,6976455,2019-03-19 09:03:39,btc,2.769478964721514,0.0,0.00000018,btc,2152565.19521311,0.0430412,0.1225403985574356,30
1,[],4,[],2019-03-19 09:03:51,202273.40470133,0.00005996,0.0000000023863600320000002,6976456,2019-03-19 09:03:51,btc,5.9073695699205455,0.0,0.00005996,btc,62244.46501013,0.83842494,3.0720832314000615,31
1,[],21,[],2019-03-19 09:03:52,74895.93553958,0.00006001000000000000311837361489,0.0000000023883499920000004,6976457,2019-03-19 09:03:52,btc,7.124613155590759,269415.73576009,0.000060010000000000003118373614885427969056763686239719390869140625,btc,105067.34931886,16.31381189,4.206351661538237,31
0,[],2,[],2019-01-20 23:28:43,0.0,0,0,6477009,2019-01-20 23:28:43,,0.0,0.0,0,,0.0,0.0,0.0,32
1,[],4,[],2019-03-19 08:56:27,402436868.10268635,0.00000004,0.000000000001592472,6976270,2019-03-19 08:56:27,btc,8.823423486519644,0.0,0.00000004,"btc,ltc",181900689.2989479,0.21842473,8.666039083684506,33
1,[],12,[],2019-03-19 08:56:28,31491428.99233333,0.00000004,0.000000000001592472,6976271,2019-03-19 08:56:28,btc,4127602.468558654,0.0,0.00000004,btc,20996313.56843156,0.00017135964036,0.7609061767199998,33
1,[],4,[],2019-03-19 09:03:54,89789735.77117006,0.00000001,0.000000000000397992,6976458,2019-03-19 09:03:54,btc,3.1922463540791206,0.0,0.00000001,btc,102644123.05110039,0.00376532,0.8978973577117006,34
1,[],5,[],2019-03-19 09:03:55,0.0,0,0,6976459,2019-03-19 09:03:55,btc,0.0,0.05381186,0,btc,0.0,0.0,0.0,34
0,[],17,[],2019-03-19 08:34:15,0.0,0,0,6975899,2019-03-19 08:34:15,btc,0.14155809883623843,0.0,0,btc,10796613.27743647,0.0,0.0,36
0.00000000014783720000000002,[],4,[],2019-03-19 09:03:57,5063561970.826218,1.478372e-18,5.883802290240001e-23,6976460,2019-03-19 09:03:57,ltc,4.940169995588903e-08,0.0,0.00000001,ltc,6364043740.736046,0.0,7.485828237934298e-09,36
1,[],5,[],2019-03-19 09:03:57,0.0,0,0,6976461,2019-03-19 09:03:57,btc,0.0,0.0,0,btc,0.0,0.0,0.0,36
0.0000000003455855,[],27,[],2019-03-19 09:04:01,992184.46325,3.4558550000000002e-18,1.3754026431600001e-22,6976462,2019-03-19 09:04:01,eth,223.74951049924783,0.0,0.00000001,"ltc,eth",12177368.61058689,0.0,1.4668180521279289e-12,36
1,[],4,[],2019-03-19 07:53:10,217553.52094643,0.00000056,0.000000000022304519999999998,6975659,2019-03-19 07:53:10,btc,19772.47126632893,0.0,0.00000056,btc,593555.44380408,0.00197259,0.0855465243956496,37
1,[],12,[],2019-03-19 07:53:11,541725.29016418,0.00000061,0.000000000024295994999999998,6975660,2019-03-19 07:53:11,btc,21.851807576096274,0.0,0.00000061,btc,471763.25845911,0.0562324553145909,0.19755137263825479,37
1,[],27,[],2019-03-19 07:53:24,14685.567,0.00000045,0.000000000017923274999999998,6975661,2019-03-19 07:53:24,btc,24.25536383611233,0.0,0.00000045,btc,6518.38138508,0.0,0.00480032515,37
1,[],17,[],2019-03-19 07:44:12,1752.74075282,0.00000025,0.000000000009964424999999999,6975466,2019-03-19 07:44:12,btc,0.055484923986861834,0.0,0.00000025,btc,1387.19918473,0.0,0.00043818518820499993,37
1,[],5,[],2019-03-19 09:04:02,0.0,0,0,6976463,2019-03-19 09:04:02,btc,0.0,0.00571842,0,btc,0.0,0.0,0.0,42
1,[],12,[],2019-03-19 09:04:04,258844.85054068,0.00000097,0.000000000038605224000000005,6976464,2019-03-19 09:04:04,btc,5.580741512761713,0.0,0.00000097,btc,30191.49442021,0.0071394132264476,0.0183780668353182,42
0.0000000003455855,[],27,[],2019-03-19 09:04:06,2000.0,3.4558550000000002e-18,1.3754026431600001e-22,6976465,2019-03-19 09:04:06,eth,0.00315028,0.0,0.00000001,"btc,eth",11.007,0.0,6.9117100000000004e-15,42
1,[],5,[],2019-03-19 08:56:41,0.0,0,0,6976280,2019-03-19 08:56:41,btc,0.0,0.01267911,0,btc,0.0,0.0,0.0,43
0,[],17,[],2019-03-19 08:34:36,0.0,0,0,6975905,2019-03-19 08:34:36,btc,0.0,0.0,0,btc,0.0,0.0,0.0,43
1,[],12,[],2019-03-13 09:13:29,1112112.0,0.00000001,0.000000000000386531,6919902,2019-03-13 09:13:29,btc,29058.00478931866,0.0,0.00000001,btc,5967681.93306694,9.99000999e-07,0.01112112,43
1,[],12,[],2019-03-05 01:54:08,639326.02,0.00000004,0.000000000001486676,6845775,2019-03-05 01:54:08,btc,11116042.728239931,0.0,0.00000004,btc,1103841.4595604,0.0003330765234764,0.014975410599999999,44
1,[],4,[],2019-03-19 09:04:07,298146440.08167285,0.00000002,0.000000000000795984,6976466,2019-03-19 09:04:07,btc,473.8020972333419,0.0,0.00000002,"btc,ltc",12823039.44219975,0.0,0.2839204468953725,49
0.00000000014783720000000002,[],4,[],2019-03-19 09:04:08,490081308.62466913,1.478372e-18,5.883802290240001e-23,6976467,2019-03-19 09:04:08,ltc,25.901654673996212,0.0,0.00000001,ltc,8614125116.009727,0.0,7.245224843940694e-10,52
0,[],22,[],2019-03-19 09:04:10,0.0,0,0,6976468,2019-03-19 09:04:10,,4428.59026215,0.0,0,,305937213.5359664,0.0,0.0,57
0.0000000003455855,[],27,[],2019-03-19 09:04:13,2000.0,3.4558550000000002e-18,1.3754026431600001e-22,6976469,2019-03-19 09:04:13,eth,0.0,0.0,0.00000001,"btc,eth",0.0,0.0,6.9117100000000004e-15,57
0,[],17,[],2019-03-19 08:34:48,0.0,0,0,6975912,2019-03-19 08:34:48,btc,1e+24,0.0,0,btc,49306342.21952568,0.0,0.0,58
0.00000000014783720000000002,[],4,[],2019-03-19 09:04:14,758703760.9328182,2.956744e-18,1.1767604580480001e-22,6976470,2019-03-19 09:04:14,ltc,18.65761732074848,0.0,0.00000002,ltc,4664894118.967522,0.0,1.6838069876963657e-09,58
1,[],12,[],2019-03-19 09:04:16,1426142141.0,0.0000000003,0.00000000000001193976,6976471,2019-03-19 09:04:16,btc,4265309.785285553,0.0,0.0000000003,btc,1777585870.4595404,0.000344087844555452,0.3657670424,58
0.0000000001298058,[],22,[],2019-03-19 09:04:19,137438.0,1.2980580000000001e-18,5.16616699536e-23,6976472,2019-03-19 09:04:19,XMR,69.1795942,0.0,0.00000001,XMR,9887963.0,0.0,0.00137438,58
1,[],5,[],2019-03-19 09:04:20,0.0,0,0,6976473,2019-03-19 09:04:20,btc,0.0,0.03540838,0,btc,0.0,0.0,0.0,61
1,[],22,[],2019-03-19 09:04:23,13656.0,0.00000012,0.000000000004775904,6976474,2019-03-19 09:04:23,BTC,1002.2960049,0.0,0.00000012,BTC,14976.68361146909,0.0,0.00153775,61
1,[],26,[],2019-03-19 09:04:23,0.0,0.00000800,0.00000000031839360000000003,6976475,2019-03-19 09:04:23,btc,0.0,0.0,0.00000800,btc,0.0,0.0,0.0,61
1,[],27,[],2019-03-19 09:04:26,9758.72798,0.00000047,0.000000000018705624,6976476,2019-03-19 09:04:26,btc,2.884958570314132,159.84,0.00000047,"btc,eth",19782.59257617,7.512e-05,0.00016081520657233394,61
1,[],28,[],2019-03-19 09:04:28,13880.304,0.0000005,0.000000000019899600000000002,6976477,2019-03-19 09:04:28,btc,2.056812978300105,860.0,0.0000005,btc,10230.59500005,0.0,0.00566391304,61
1,[],4,[],2019-03-19 09:04:29,1286735.48264623,0.00000251,0.000000000099895992,6976478,2019-03-19 09:04:29,btc,9.974975901564676,0.0,0.00000251,btc,1074453.28749734,1.18564275,1.0051427646266407,67
0.0,[],25,[],2019-03-19 09:04:30,0.0,0,0,6976479,2019-03-19 09:04:30,,0.0,0.0,0.0,btc,0.0,0.0,0.0,67
1,[],12,[],2019-03-19 09:04:32,1052470.18807201,0.00000015,0.00000000000596988,6976480,2019-03-19 09:04:32,btc,1111615.2299639382,0.0,0.00000015,btc,982453.90258844,0.0036204371628368,0.0913230841918159,71
,[],5,[],2018-11-20 23:02:39,1.5e-07,0.00000005,0.000000000002128045,4862160,2018-11-20 23:02:39,btc,2.84511358,0.0,,btc,0.00036572,0.0,0.07381892,74
1,[],5,[],2019-03-19 08:57:36,0.0,0,0,6976296,2019-03-19 08:57:36,btc,0.0,0.0,0,btc,0.0,0.0,0.0,75
0,[],20,[],2019-01-25 09:30:31,0.0,0,0,6495923,2019-01-25 09:30:31,btc,0.0,0.0,0,btc,0.0,0.0,0.0,81
1,[],4,[],2019-03-19 09:04:33,13382103.94481309,0.00000001,0.000000000000397992,6976481,2019-03-19 09:04:33,btc,11370.01882265495,0.0,0.00000001,btc,39916337.06932191,0.00062383,0.1338210394481309,81
1,[],4,[],2019-03-19 08:57:39,23970.59238659,0.00008011,0.000000003189323298,6976298,2019-03-19 08:57:39,btc,17.88658016576187,0.0,0.00008011,btc,12057.21555378,0.04534203,0.1073972484597903,82
1,[],21,[],2019-03-19 08:57:40,911783.86996596,0.00007650999999999999760715713171,0.0000000030460008179999997,6976299,2019-03-19 08:57:40,btc,2.802097084686662,1896.01357942,0.000076509999999999997607157131707111830110079608857631683349609375,btc,30999.69853229,0.14535787,3.1380505775657856,82
0,[],17,[],2019-03-19 07:54:25,0.0,0,0,6975686,2019-03-19 07:54:25,btc,0.0447233088476774,0.0,0,btc,999127.19588126,0.0,0.0,84
0.00000000014792250000000001,[],4,[],2019-03-19 08:57:53,149291050.4678183,4.437675e-18,1.76671829565e-22,6976300,2019-03-19 08:57:53,ltc,1.6750569546415863,0.0,0.00000003,ltc,366110522.1968404,0.0,3.2154309599901083e-10,85
,[],22,[],2018-11-20 23:09:34,3408.1,0.0000001,0.0000000000041895,4862324,2018-11-20 23:09:34,BTC,0.04624735,0.0,,BTC,4990.0,0.0,0.00033081,86
1,[],22,[],2019-03-19 08:57:56,111869.83333333333,0.00000006,0.000000000002388708,6976301,2019-03-19 08:57:56,BTC,2.07824106,0.0,0.00000006,BTC,165278.94736842104,0.0,0.00185219,87
1,[],27,[],2019-03-19 08:57:58,50.0,0.00000001,0.000000000000398118,6976302,2019-03-19 08:57:58,btc,5.061790002021791,0.0,0.00000001,btc,27725.90385964,0.0,5e-07,87
,[],2,[],2018-11-20 23:10:47,0.0,0,0,4862359,2018-11-20 23:10:47,,0.0,0.0,,,0.0,0.0,0.0,88
1,[],11,[],2019-03-19 09:04:36,106274.08262781,0.0001502399999999999981141474147960934715229086577892303466796875,0.000000005979431808,6976482,2019-03-19 09:04:36,btc,612.8072677172964,325.6586948,0.0001502399999999999981141474147960934715229086577892303466796875,btc,103802.12707758,0.0,8.263437078619024,89
0,[],2,[],2019-01-20 23:31:45,0.0,0,0,6477083,2019-01-20 23:31:45,,0.0,0.0,0,,0.0,0.0,0.0,91
1,[],12,[],2019-03-19 09:04:37,312011.11965623,0.00000091,0.000000000036217272,6976483,2019-03-19 09:04:37,btc,58.44265879816653,0.0,0.00000091,btc,87598.13034094,0.0011596947052936,0.0306460486678614,91
0,[],17,[],2019-03-19 09:04:39,0.0,0,0,6976484,2019-03-19 09:04:39,btc,0.0,0.0,0,btc,0.0,0.0,0.0,91
1,[],22,[],2019-03-19 09:04:41,65900.0,0.00000001,0.000000000000397992,6976485,2019-03-19 09:04:41,BTC,3e-06,0.0,0.00000001,BTC,1.0,0.0,0.000659,91
0.00000000014792250000000001,[],22,[],2019-03-19 08:58:08,10468333.0,2.95845e-18,1.1778121971e-22,6976307,2019-03-19 08:58:08,LTC,4.79897116,0.0,0.00000002,LTC,46768900.1,6.192529023615e-11,0.10936666,95
0.00000000014783720000000002,[],4,[],2019-03-19 09:04:43,543005871.4588805,6.652674e-17,2.647711030608e-21,6976486,2019-03-19 09:04:43,ltc,11.887658691242681,0.0,0.00000045,ltc,134428114.59667292,0.0002203,1.281515667054388e-09,96
0,[],12,[],2019-03-19 09:04:44,0.0,0,0,6976487,2019-03-19 09:04:44,btc,20.929217068651347,0.0,0,btc,3213578.86513483,3.9160839161e-06,0.0,96
0,[],17,[],2019-03-19 09:04:55,0.0,0,0,6976488,2019-03-19 09:04:55,btc,0.0,0.0,0,btc,0.0,0.0,0.0,96
1,[],4,[],2019-03-19 08:58:13,4250453.60646029,0.00000044,0.000000000017517192,6976310,2019-03-19 08:58:13,btc,5.814585409427361,0.0,0.00000044,btc,3114929.20143589,0.11526917,0.8865746646885349,99
1,[],4,[],2019-03-19 08:58:14,289869.37298263,0.00003507,0.0000000013961998259999999,6976311,2019-03-19 08:58:14,btc,12.289309537990244,0.0,0.00003507,btc,183935.72852873,0.74385581,1.3286488957094202,100
0,[],2,[],2019-01-20 23:23:55,0.0,0,0,6476914,2019-01-20 23:23:55,,0.0,0.0,0,,0.0,0.0,0.0,100
1,[],22,[],2019-03-19 09:04:58,120000.0,0.00000002,0.000000000000795984,6976489,2019-03-19 09:04:58,BTC,24.82891609,0.0,0.00000002,BTC,11877.22,0.0,0.0014,101
1,[],4,[],2019-03-19 08:58:18,1274999.13074773,0.00000084,0.000000000033441912,6976313,2019-03-19 08:58:18,btc,291.6121981555957,0.0,0.00000084,btc,556833.79395295,0.01114351,0.2248214605675104,103
1,[],12,[],2019-03-19 08:58:20,34196450.0,0.000000007,0.00000000000027868259999999997,6976314,2019-03-19 08:58:20,btc,3219028.7128953673,0.0,0.000000007,btc,68057231.4806665,0.03508816700551742,0.056131639000000004,105
1,[],27,[],2019-03-19 08:58:22,197312.2253,0.00000001,0.000000000000398118,6976315,2019-03-19 08:58:22,btc,36.60985838767041,27203.7747,0.00000001,btc,1409355.01561724,0.00027204,0.001973122253,105
1,[],22,[],2019-03-19 08:58:25,9328.0,0.00000001,0.000000000000398118,6976316,2019-03-19 08:58:25,BTC,51.10837004,0.0,0.00000001,BTC,470435.0,0.0,9.328e-05,107
1,[],26,[],2019-03-19 08:58:25,0.0,0.00000000,0,6976317,2019-03-19 08:58:25,btc,0.0,0.0,0.00000000,btc,0.0,0.0,0.0,107
1,[],5,[],2019-03-19 09:05:00,0.0,0,0,6976490,2019-03-19 09:05:00,btc,0.0,0.00108327,0,btc,0.0,0.0,0.0,112
0,[],22,[],2019-03-19 09:05:03,0.0,0,0,6976491,2019-03-19 09:05:03,,2.7794366,0.0,0,,826409.0833333334,0.0,0.0,112
0.0000000003455855,[],27,[],2019-03-19 09:05:06,2000.0,3.4558550000000002e-18,1.3754026431600001e-22,6976492,2019-03-19 09:05:06,eth,1.24996908,0.0,0.00000001,"btc,eth",1289.0,0.0,6.9117100000000004e-15,112
1,[],4,[],2019-03-19 08:58:32,755511.8731991,0.00000187,0.000000000074448066,6976321,2019-03-19 08:58:32,btc,4.731286567707603,0.0,0.00000187,btc,405616.95597471,0.16440386,0.7236466596789052,113
1,[],5,[],2019-03-19 08:58:33,0.0,0,0,6976322,2019-03-19 08:58:33,btc,0.0,0.00118915,0,btc,0.0,0.0,0.0,113
1,[],17,[],2019-03-19 08:58:45,152738.278,0.00000004,0.000000000001592472,6976323,2019-03-19 08:58:45,btc,1.33680302678,0.0,0.00000004,btc,50696.221,0.0,0.0022095311199999998,116
0,[],27,[],2019-03-19 08:58:47,0.0,0,0,6976324,2019-03-19 08:58:47,,0.0,0.0,0,btc,0.0,0.0,0.0,116
1,[],4,[],2019-03-19 09:05:07,60288.85917609,0.00004095,0.00000000162977724,6976493,2019-03-19 09:05:07,btc,103.0385350582709,0.0,0.00004095,btc,47614.47119266,0.16690356,1.123382664960875,120
1,[],7,[],2019-03-19 09:05:10,23147.71083096,0.00002814000000000000162769971112641798072218080051243305206298828125,0.0000000011199494880000002,6976494,2019-03-19 09:05:10,btc,115651.27322375125,0.0,0.00002814000000000000162769971112641798072218080051243305206298828125,btc,27786.46884297,0.0,0.0577609858397566,120
1,[],20,[],2019-03-19 09:05:13,1562733.1588,0.000000034,0.0000000000013531728,6976495,2019-03-19 09:05:13,btc,32.3019190406648,9355.159,0.000000034,btc,1028084.0986,0.000318075406,0.0118142444686,125
1,[],22,[],2019-03-19 08:58:56,3053.0,0.00000001,0.000000000000398118,6976328,2019-03-19 08:58:56,BTC,0.01444887,0.0,0.00000001,BTC,296263.5111111111,0.0,3.053e-05,126
1,[],4,[],2019-03-19 08:58:58,1339663.11861496,0.00001102,0.000000000438726036,6976329,2019-03-19 08:58:58,btc,3.004863910244294,0.0,0.00001102,btc,127863.88926288,0.11908265,0.4581084055702907,131
0,[],17,[],2019-03-19 08:50:18,0.0,0,0,6976143,2019-03-19 08:50:18,btc,0.0953976503951408,0.0,0,btc,5037.62507334,0.0,0.0,131
0,[],2,[],2019-01-20 23:25:46,0.0,0,0,6476969,2019-01-20 23:25:46,,0.0,0.0,0,,0.0,0.0,0.0,131
1,[],4,[],2019-03-19 08:58:59,4777.48730671,0.00017602,0.000000007007673036,6976330,2019-03-19 08:58:59,btc,7.8554692955479215,0.0,0.00017602,btc,250.27223082,0.04929581,0.01713693995137,135
1,[],3,[],2019-03-07 00:20:44,877702.73244099,0.00000004,0.00000000000154846,6863392,2019-03-07 00:20:44,btc,0.119366241821405,0.0,0.00000004,btc,760637.99421222,0.0,0.023771231960604298,136
1,[],4,[],2019-03-19 08:59:00,161930.85993525,0.00000114,0.000000000045385451999999996,6976331,2019-03-19 08:59:00,btc,38.76838185477615,0.0,0.00000114,btc,583048.66931869,0.30426034,0.1252160102006802,137
1,[],12,[],2019-03-19 08:59:02,172989.6345563,0.000001120000000000000076372827333137660588135986472479999065399169921875,0.000000000044589216000000004,6976332,2019-03-19 08:59:02,btc,37.499925852188625,0.0,0.000001120000000000000076372827333137660588135986472479999065399169921875,btc,5940.6059931,0.000708943199992,0.0118164099999056,137
1,[],4,[],2019-03-19 08:59:02,37205.94289408,0.00003929,0.000000001564205622,6976333,2019-03-19 08:59:02,btc,28.798479309388973,0.0,0.00003929,btc,51194.54520167,0.60435172,0.3359683684596771,142
1,[],5,[],2019-03-19 08:59:04,0.0,0,0,6976334,2019-03-19 08:59:04,btc,0.0,0.20295125,0,btc,0.0,0.0,0.0,142
1,[],20,[],2019-03-19 08:59:06,142002.4874,0.0000335,0.0000000013336953,6976335,2019-03-19 08:59:06,btc,0.3359263738872,0.06,0.0000335,btc,2242.1771,1.90004e-06,0.3129114062254,142
1,[],22,[],2019-03-19 08:59:09,1470.2803921568627,0.00001020,0.00000000040608036,6976336,2019-03-19 08:59:09,BTC,3.0054103,0.0,0.00001020,BTC,910.5995,0.0,0.00121106,142
0.0,[],25,[],2019-03-19 08:59:10,0.0,0,0,6976337,2019-03-19 08:59:10,,0.0,0.0,0.0,btc,0.0,0.0,0.0,142
1,[],28,[],2019-03-19 08:59:12,82320.0,0.00001450,0.0000000005772711,6976338,2019-03-19 08:59:12,btc,0.0725844444,677.1636,0.00001450,btc,479.55993,0.0,0.0718054,142
1,[],17,[],2019-03-19 08:36:57,22967.386363640002,0.00000088,0.000000000034991792,6975961,2019-03-19 08:36:57,btc,20.0699133484,0.0,0.00000088,btc,405.079105,0.0,0.0104613000000032,142
0,[],22,[],2019-03-19 08:59:14,0.0,0,0,6976339,2019-03-19 08:59:14,,65.73454167,0.0,0,,1043215670.8,0.0,0.0,143
0,[],22,[],2019-02-25 15:42:22,0.0,0,0,6783783,2019-02-25 15:42:22,,4.2131946,0.0,0,,2322156.0,0.0,0.0,146
,[],22,[],2018-11-20 23:01:11,0.0,0,0,4862114,2018-11-20 23:01:11,,2.56807021,0.0,,,61828.4988236,0.0,0.0,147
1,[],12,[],2019-03-19 08:59:16,356419.63941814,0.00000247999999999999997247861205362795544715481810271739959716796875,0.000000000098733264,6976340,2019-03-19 08:59:16,btc,9.69126191324645,0.0,0.00000247999999999999997247861205362795544715481810271739959716796875,btc,108329.52426484,0.0014051830769232,0.1726602501694301,148
1,[],4,[],2019-03-19 08:59:17,258325.02760346,0.00000029,0.000000000011545422,6976341,2019-03-19 08:59:17,btc,218.94926482263307,0.0,0.00000029,btc,793529.37642722,0.00367179,0.061731753367339,152
0,[],22,[],2019-03-19 08:59:19,0.0,0,0,6976342,2019-03-19 08:59:19,,0.0,0.0,0,,0.0,0.0,0.0,152
1,[],5,[],2019-03-19 08:59:21,0.0,0,0,6976343,2019-03-19 08:59:21,btc,0.0,0.0,0,btc,0.0,0.0,0.0,153
,[],16,[],2019-01-11 15:38:59,0.0,0,0,6366141,2019-01-11 15:38:59,btc,0.0,0.0,,btc,0.0,0.0,0.0,155
0,[],22,[],2019-03-19 08:59:23,0.0,0,0,6976344,2019-03-19 08:59:23,,6.74640151,0.0,0,,4675792.242592593,0.0,0.0,156
0,[],23,[],2019-01-20 23:24:29,0.0,0,0,6476932,2019-01-20 23:24:29,,0.0,0.0,0,,0.0,0.0,0.0,156
1,[],22,[],2019-03-19 08:59:26,7073.8,0.00005300,0.0000000021100253999999998,6976345,2019-03-19 08:59:26,BTC,1.79802465,0.0,0.00005300,BTC,802.6461988741639,0.0,0.00104336,157
0,[],22,[],2019-03-19 09:05:15,0.0,0,0,6976496,2019-03-19 09:05:15,,50175.67608608,0.0,0,,54079135.04179466,0.0,0.0,158
,[],17,[],2018-11-20 22:56:10,0.0,0,0,4861976,2018-11-20 22:56:10,btc,1.1265625,0.0,,btc,1000.0,0.0,0.0,159
,[],20,[],2018-11-20 22:56:12,0.0,0,0,4861977,2018-11-20 22:56:12,btc,11912.7940471,0.0,,btc,34413894.3617,0.0,0.0,159
1,[],17,[],2019-03-19 08:59:42,29784.95,0.000001,0.000000000039811799999999995,6976348,2019-03-19 08:59:42,btc,0.03026736251542,0.0,0.000001,btc,144.46171372,0.0,0.00716147,168
1,[],12,[],2019-03-19 09:05:17,247569.82326954,0.00000723000000000000023398817605713162492975243367254734039306640625,0.000000000287748216,6976497,2019-03-19 09:05:17,btc,12.665219340706056,0.0,0.00000723000000000000023398817605713162492975243367254734039306640625,btc,7636.31249138,0.0130569877563039,0.1200158967950455,168
0,[],22,[],2019-03-19 08:59:44,0.0,0,0,6976349,2019-03-19 08:59:44,,45.65713776,0.0,0,,516897.19471078104,0.0,0.0,169
1,[],22,[],2019-03-19 09:05:30,196521.0,0.00000002,0.000000000000795984,6976498,2019-03-19 09:05:30,BTC,14.35309206,0.0,0.00000002,BTC,170481.20365968585,4.171e-05,0.00198482,171
1,[],22,[],2019-03-19 08:59:50,237134.0,0.0000001,0.00000000000398118,6976351,2019-03-19 08:59:50,BTC,1.96003038,0.0,0.0000001,"BTC,LTC",305444.45744537417,0.00135809,0.01224206,173
1,[],5,[],2019-03-19 09:05:32,0.0,0,0,6976499,2019-03-19 09:05:32,btc,0.0,0.15511791,0,btc,0.0,0.0,0.0,175
1,[],22,[],2019-03-19 09:05:34,133183.2,0.00000011,0.000000000004377912,6976500,2019-03-19 09:05:34,BTC,0.6265795,0.0,0.00000011,BTC,151921.20308941446,0.00024074,0.01140555,176
1,[],7,[],2019-03-19 08:59:57,2920986.34713933,0.00000001,0.000000000000398118,6976354,2019-03-19 08:59:57,btc,410194.0192647323,6827274.6486,0.00000001,btc,39117543.54969406,0.07172712,0.029209863471393302,178
0,[],22,[],2019-03-19 08:59:59,0.0,0,0,6976355,2019-03-19 08:59:59,,1.00242438,0.0,0,,57522.0,0.0,0.0,178
0,[],2,[],2019-01-20 23:28:34,0.0,0,0,6477001,2019-01-20 23:28:34,,0.0,0.0,0,,0.0,0.0,0.0,178
0,[],23,[],2019-01-20 23:25:08,0.0,0,0,6476952,2019-01-20 23:25:08,,0.0,0.0,0,,0.0,0.0,0.0,179
1,[],5,[],2019-03-19 09:05:35,0.0,0,0,6976501,2019-03-19 09:05:35,btc,0.0,0.11633709,0,btc,0.0,0.0,0.0,179
1,[],22,[],2019-03-19 09:05:38,6597819.5,0.00000002,0.000000000000795984,6976502,2019-03-19 09:05:38,BTC,5.63519724,0.0,0.00000002,"BTC,LTC",17465669.489868753,0.00379883,0.36689711,179
1,[],17,[],2019-03-19 09:00:19,10504.725,0.0000001,0.00000000000398118,6976358,2019-03-19 09:00:19,btc,5.2010695838170005,0.0,0.0000001,btc,4994.45945,0.0,0.0010504725,180
1,[],22,[],2019-03-19 09:00:22,665304.7090909091,0.00000130,0.000000000051755339999999996,6976359,2019-03-19 09:00:22,BTC,38.01133062,0.0,0.00000130,"BTC,LTC",110026.98118834248,0.00023573,0.57039738,180
1,[],26,[],2019-03-19 09:00:23,0.0,0.00000125,0.00000000004976475,6976360,2019-03-19 09:00:23,btc,0.0,0.0,0.00000125,btc,0.0,0.0,0.0,180
,[],7,[],2018-11-20 22:58:01,562227.975654,0.00000085,0.000000000036176765,4862015,2018-11-20 22:58:01,btc,21836.6059674,2491.87645172,,btc,749999.041456,0.00211021,0.127565380455,183
,[],5,[],2019-01-10 08:11:41,0.0,0,0,6347036,2019-01-10 08:11:41,btc,82.15055501,0.00261,,btc,1.19002445,0.0,0.0,187
1,[],24,[],2019-03-19 09:00:23,0.0,0.000000000001,3.9811799999999996e-17,6976361,2019-03-19 09:00:23,btc,0.0,0.0,0.000000000001,btc,0.0,0.0,0.0,187
,[],17,[],2018-11-16 20:58:10,4062536.27273,0.00000001,0.000000000000550501,4708775,2018-11-16 20:58:10,btc,3.36492563466,0.195460381006,,"btc,eth",110697919.549,0.0,0.0157628953496,187
1,[],22,[],2019-03-18 18:17:00,13812.0,0.00000001,0.00000000000039819,6968124,2019-03-18 18:17:00,BTC,7.56699454,0.0,0.00000001,BTC,79361.7243344055,0.0,0.00013812,191
0,[],22,[],2019-03-19 09:00:27,0.0,0,0,6976362,2019-03-19 09:00:27,,0.0,0.0,0,,0.0,0.0,0.0,197
0,[],23,[],2019-01-20 23:31:41,0.0,0,0,6477079,2019-01-20 23:31:41,,0.0,0.0,0,,0.0,0.0,0.0,199
0,[],22,[],2019-03-19 09:05:40,0.0,0,0,6976503,2019-03-19 09:05:40,,5.2941966,0.0,0,,24038399.0,0.0,0.0,199
1,[],26,[],2019-03-19 09:05:41,0.0,0.00000000,0,6976504,2019-03-19 09:05:41,btc,0.0,128040.0,0.00000000,btc,0.0,0.0,0.0,199
0,[],2,[],2019-01-20 23:30:49,0.0,0,0,6477059,2019-01-20 23:30:49,,0.0,0.0,0,,0.0,0.0,0.0,201
1,[],4,[],2019-01-25 15:51:35,2084389.58565343,0.00000936,0.000000000333526752,6499557,2019-01-25 15:51:35,btc,2.0092503037378524,0.0,0.00000936,btc,160195.80207885,0.19272417,1.242687955921835,211
1,[],7,[],2019-03-19 09:00:32,4088203.35306935,0.000001080000000000000035831255497387193287295303889550268650054931640625,0.000000000042996744,6976365,2019-03-19 09:00:32,btc,15476712.009245237,668141.484594,0.000001080000000000000035831255497387193287295303889550268650054931640625,btc,13760596.97423147,0.0,3.2580659620909116,212
1,[],12,[],2019-01-25 02:44:32,207462.42853209,0.000001080000000000000035831255497387193287295303889550268650054931640625,0.000000000038610756000000006,6493050,2019-01-25 02:44:32,btc,85023.03793723314,0.0,0.000001080000000000000035831255497387193287295303889550268650054931640625,btc,43675.73520027,0.000146250909087,0.0348620860622024,213
1,[],5,[],2019-03-19 09:05:43,0.0,0,0,6976505,2019-03-19 09:05:43,btc,0.0,0.04905545,0,btc,0.0,0.0,0.0,213
1,[],24,[],2019-03-19 09:05:44,0.0,0.000000220000,0.000000000008755824,6976506,2019-03-19 09:05:44,btc,0.0,0.0,0.000000220000,btc,0.0,0.0,0.0,213
1,[],26,[],2019-03-19 09:05:44,0.0,0.00000040,0.00000000001591968,6976507,2019-03-19 09:05:44,btc,0.0,0.0,0.00000040,btc,0.0,0.0,0.0,213
1,[],22,[],2019-03-19 09:00:36,25000.0,0.00000001,0.000000000000398118,6976369,2019-03-19 09:00:36,BTC,2.31835456,0.0,0.00000001,BTC,570573.3630392838,0.0,0.00025,216
1,[],27,[],2019-03-19 09:00:38,1233122.0,0.00000003,0.000000000001194354,6976370,2019-03-19 09:00:38,btc,316.9775071147724,0.0,0.00000003,"btc,ltc",239299.924324,0.0,0.03375764000007396,216
1,[],22,[],2019-03-19 09:00:41,177081.0,0.00000118,0.000000000046977924,6976371,2019-03-19 09:00:41,BTC,12543.6604641,0.0,0.00000118,BTC,456063.2661952236,0.01345159,0.16182267,217
1,[],7,[],2019-03-19 09:05:45,0.0,0,0,6976508,2019-03-19 09:05:45,btc,77969.38157402142,0.0,0,btc,136811928.93791,0.0,0.0,219
0,[],27,[],2019-03-19 09:05:47,0.0,0,0,6976509,2019-03-19 09:05:47,,0.03997288,0.0,0,btc,2007233.0,0.0,0.0,219
0.0000000000000051,[],28,[],2019-03-19 09:05:49,170722989.525,2.55e-18,1.0148796000000001e-22,6976510,2019-03-19 09:05:49,doge,147882.12341823502,33774.968,0.00050000,"btc,doge",10030448.03261,0.0,1.702075359052437e-11,219
1,[],22,[],2019-03-19 09:00:52,405411.0,0.00000008,0.000000000003184944,6976375,2019-03-19 09:00:52,BTC,18.12597145,0.0,0.00000008,BTC,100266.74459740352,0.0,0.01918633,221
1,[],24,[],2019-03-19 09:00:52,0.0,0.000000200000,0.00000000000796236,6976376,2019-03-19 09:00:52,btc,0.0,0.0,0.000000200000,btc,0.0,0.0,0.0,221
1,[],20,[],2019-03-19 09:00:54,45692340.8893,0.000000007,0.0000000000002786826,6976377,2019-03-19 09:00:54,btc,506.0512866600224,694836.6151,0.000000007,btc,18117160.4203,0.0088495505643,0.0609070771051,224
0,[],22,[],2019-03-19 09:00:56,0.0,0,0,6976378,2019-03-19 09:00:56,,0.0,0.0,0,,0.0,0.0,0.0,224
1,[],26,[],2019-03-19 09:00:56,0.0,0.00000022,0.000000000008758596,6976379,2019-03-19 09:00:56,btc,0.0,0.0,0.00000022,btc,0.0,0.0,0.0,231
1,[],26,[],2019-03-19 09:00:56,0.0,0.00000005,0.00000000000199059,6976380,2019-03-19 09:00:56,btc,0.0,100.0,0.00000005,btc,0.0,0.0,0.0,234
0.00000000034559710000000003,[],27,[],2019-03-19 09:00:58,2000.0,3.4559710000000002e-18,1.375884262578e-22,6976381,2019-03-19 09:00:58,eth,0.01134836604,0.0,0.00000001,"btc,eth",11462.996,0.0,6.9119420000000005e-15,234
1,[],4,[],2019-03-19 09:00:59,970339.20990723,0.00000102,0.000000000040608036,6976382,2019-03-19 09:00:59,btc,4.20614128705633,0.0,0.00000102,btc,1044656.14020407,0.26162486,0.4058832212414137,236
1,[],24,[],2019-03-19 09:00:59,0.0,0.000000500000,0.0000000000199059,6976383,2019-03-19 09:00:59,btc,0.0,0.0,0.000000500000,btc,0.0,0.0,0.0,236
1,[],20,[],2019-03-19 09:01:01,228081345.878,0.000000038,0.0000000000015128484,6976384,2019-03-19 09:01:01,btc,94.1855916886136,8746471.5975,0.000000038,btc,30997236.2676,0.3845883879857,0.3671675755056,237
0.00000000014792250000000001,[],22,[],2019-03-19 09:01:04,751594.9,2.5146825e-17,1.001140367535e-21,6976385,2019-03-19 09:01:04,LTC,1.20370855,0.0,0.00000017,LTC,18673.0,0.0,0.12541949,237
1,[],4,[],2019-03-19 09:01:04,10703955.99504211,0.00000038,0.000000000015128484,6976386,2019-03-19 09:01:04,btc,5.397305323289085,0.0,0.00000038,btc,7966538.14727421,0.76474672,3.064542820623386,238
1,[],5,[],2019-03-19 09:01:05,0.0,0,0,6976387,2019-03-19 09:01:05,btc,0.0,0.24355891,0,btc,0.0,0.0,0.0,238
0,[],22,[],2019-03-12 16:49:32,0.0,0,0,6914458,2019-03-12 16:49:32,,0.40415746,0.0,0,,526736.5639027493,0.0,0.0,249
0.0000000001477448,[],22,[],2019-03-19 08:39:16,48086691.666666664,4.432344e-18,1.762450674096e-22,6976015,2019-03-19 08:39:16,LTC,0.95711324,0.0,0.00000003,LTC,18565111.353636365,0.0,1.04160377,252
1,[],28,[],2019-03-19 09:01:07,1849204.661,0.00000071,0.000000000028266378,6976388,2019-03-19 09:01:07,btc,164753.57328995923,201629.29,0.00000071,btc,403640.1452,0.0,0.5588914855,256
1,[],22,[],2019-03-19 02:53:00,1324903.3333333333,0.00000003,0.000000000001199322,6972924,2019-03-19 02:53:00,BTC,34.00351985,0.0,0.00000003,BTC,848766.352203122,0.00055302,0.01868002,258
1,[],22,[],2019-03-13 00:07:30,47146.0,0.00000001,0.000000000000387233,6917028,2019-03-13 00:07:30,BTC,2.415167,0.0,0.00000001,BTC,157.0,0.0,0.00047146,259
1,[],5,[],2019-03-19 09:01:09,0.0,0,0,6976389,2019-03-19 09:01:09,btc,0.0,0.09750591,0,btc,0.0,0.0,0.0,264
1,[],20,[],2019-03-19 09:01:10,1270743.8621,0.00000151,0.000000000060115818,6976390,2019-03-19 09:01:10,btc,4.7937515498435,19192.4978,0.00000151,btc,96971.0661,0.043000279896,0.023072922921,264
0,[],22,[],2019-03-19 09:01:13,0.0,0,0,6976391,2019-03-19 09:01:13,,8.75641439,0.0,0,,455745.2241309945,0.0,0.0,271
0,[],22,[],2019-03-19 09:01:15,0.0,0,0,6976392,2019-03-19 09:01:15,,111841.37121834,0.0,0,,14248217297.692,0.0,0.0,272
0.0000000000000051,[],28,[],2019-03-19 09:01:17,197698804678.671,3.723e-21,1.482193314e-25,6976393,2019-03-19 09:01:17,doge,146108645.97311518,7457913215.5392,0.00000073,doge,249276592852.7726,0.0,4.895376161341023e-10,272
1,[],22,[],2019-03-19 09:01:21,187621.74,0.0000006,0.00000000002388708,6976394,2019-03-19 09:01:21,BTC,276.19598993,0.0,0.0000006,"BTC,LTC",192957.30099441917,0.00462721,0.04742634,281
1,[],22,[],2019-03-19 09:01:30,309496.0,0.00000006,0.000000000002388708,6976395,2019-03-19 09:01:30,BTC,1.32386061,0.0,0.00000006,BTC,419931.67976508307,0.00072731,0.00978178,286
0,[],22,[],2019-03-19 09:01:32,0.0,0,0,6976396,2019-03-19 09:01:32,,1044639.47241442,0.0,0,,766976285.0,0.0,0.0,294
