pairValue,buyBook,exchangeId,sellBook,updated,buyTotal,satoshiPrice,usdPrice,exchangeLogId,created,bestPair,sellTotalBtc,volume,pairPrice,activePairs,sellTotal,volumeBtc,buyTotalBtc,coinId
1,[],3,[],2019-02-06 09:29:01,117.949193834721,0.01249709000000000062857719029807412880472838878631591796875,0.000000425707122305,6599012,2019-02-06 09:29:01,btc,107.09637402511595,0.01001001,0.01249709000000000062857719029807412880472838878631591796875,btc,24.253789650772003,0.0,0.3593127296414314,1
1,[],4,[],2019-02-06 09:29:01,120130.14951121,0.01254098,0.00000042720221321,6599013,2019-02-06 09:29:01,btc,0.9433644652028386,0.0,0.01254098,btc,71.49463272,2.41417965,1.307356327346576,1
1,[],5,[],2019-02-06 09:29:04,0.22997915,0.01230100,0.0000004190274145,6599014,2019-02-06 09:29:04,btc,14578.03377237,0.00892051,0.01230100,btc,35555556.11357,0.0,1.43870323,1
1,[],12,[],2019-02-06 09:29:08,10429.29670941,0.01255000000000000039135361618036768049933016300201416015625,0.000000427509475,6599015,2019-02-06 09:29:08,btc,0.3814169498312,0.0,0.01255000000000000039135361618036768049933016300201416015625,btc,24.41575457,0.9062749267205,0.26548917743559997,1
1,[],20,[],2019-02-06 09:29:10,1149.2576,0.01200001,0.00000040877434064499997,6599016,2019-02-06 09:29:10,btc,0.0580330504203,0.0,0.01200001,btc,2.5989,0.0,0.0851527389985,1
1,[],21,[],2019-02-06 09:29:11,2384.20590948,0.01253628000000000033975489089,0.00000042704211006,6599017,2019-02-06 09:29:11,btc,21.560784903869006,11347.785994900001,0.0125362800000000003397548908878889051266014575958251953125,"btc,eth",2249.92346854,139.72135221832937,23.022323000503427,1
1,[],10,[],2019-02-06 08:41:23,414818.24991693,0.01165006,0.00000039730199618000004,6598804,2019-02-06 08:41:23,btc,6533.479918958182,2207.55705293,0.01165006,btc,1063.81611124,0.0,4.548089068469287,1
1,[],22,[],2019-02-06 08:41:32,0.0263776,0.01350000,0.0000004603905,6598808,2019-02-06 08:41:32,BTC,0.31397231,0.0,0.01350000,BTC,0.10124366666666666,0.0,0.00034472,1
1,[],24,[],2019-02-06 08:41:32,0.0,0.000000000000,0,6598809,2019-02-06 08:41:32,btc,0.0,0.0,0.000000000000,btc,0.0,0.0,0.0,1
0.0,[],25,[],2019-02-06 08:41:33,0.0,0,0,6598810,2019-02-06 08:41:33,btc,10.787499998503217,924.14843988,0.0,btc,833.09716281,11.76,0.0,1
1,[],26,[],2019-02-06 08:41:51,0.0,0,0,6598811,2019-02-06 08:41:51,,0.0,0.0,0,,0.0,0.0,0.0,1
1,[],28,[],2019-02-06 08:41:54,987.9,0.01131000,0.00000038570493,6598812,2019-02-06 08:41:54,btc,0.162839806,17627.05,0.01131000,btc,8.9,0.0,0.024551096,1
0,[],2,[],2019-01-20 23:28:45,0.0,0,0,6477011,2019-01-20 23:28:45,,0.0,0.0,0,,0.0,0.0,0.0,1
1,[],5,[],2019-02-06 08:47:59,2.144e-05,0.00000074,0.000000000025243324,6598981,2019-02-06 08:47:59,btc,0.16130413,0.00418982,0.00000074,btc,7.143e-05,0.0,0.49712477,2
1,[],22,[],2019-02-06 08:48:13,1648.0,0.0000004,0.00000000001364504,6598982,2019-02-06 08:48:13,BTC,4.22135011,0.0,0.0000004,"BTC,XMR",14604.712016896552,0.0,0.00107635,2
1,[],5,[],2019-02-06 08:42:00,1.25e-06,0.00000016,0.00000000000545648,6598815,2019-02-06 08:42:00,btc,3.47645255,0.15272849,0.00000016,btc,2.204e-05,0.0,3.03131549,3
1,[],12,[],2019-02-06 08:42:02,12228786.20351415,0.000000165,0.0000000000056269950000000005,6598816,2019-02-06 08:42:02,btc,921361.5002958731,0.0,0.000000165,btc,7993742.47865557,0.07975813043067154,0.504527460081981,3
0,[],28,[],2019-02-06 08:42:03,0.0,0,0,6598817,2019-02-06 08:42:03,,0.0,0.0,0,,0.0,0.0,0.0,3
0,[],2,[],2019-01-20 23:31:32,0.0,0,0,6477077,2019-01-20 23:31:32,,0.0,0.0,0,,0.0,0.0,0.0,4
1,[],4,[],2019-02-06 08:48:15,520345.42775463,0.00000034,0.000000000011598284,6598983,2019-02-06 08:48:15,btc,0.359598814447278,0.0,0.00000034,btc,344082.23008056,0.00108,0.0858262231998988,4
1,[],12,[],2019-02-05 13:21:12,1437531.5219999999,0.00000005,0.00000000000173026,6590135,2019-02-05 13:21:12,btc,11013878.263129916,0.0,0.00000005,btc,932226.39031991,0.0018816659240752,0.02941814044,5
0,[],2,[],2019-01-20 23:31:51,0.0,0,0,6477087,2019-01-20 23:31:51,,0.0,0.0,0,,0.0,0.0,0.0,6
1,[],11,[],2019-02-06 08:42:06,10373109.4999525,0.00000002,0.00000000000068206,6598819,2019-02-06 08:42:06,btc,9433.348153674096,27000.0,0.00000002,btc,41321777.51836007,0.0,0.17113367499905,6
1,[],3,[],2019-02-06 08:48:15,1066.558051320279,0.000150559999999999995050348200464895853656344115734100341796875,0.000000005135993056,6598984,2019-02-06 08:48:15,btc,27.600142753279105,0.0,0.000150559999999999995050348200464895853656344115734100341796875,btc,234.145665820227,0.0,0.03053197781660925,7
1,[],4,[],2019-02-06 08:48:16,22149.94010621,0.00020222,0.000000006898249972,6598985,2019-02-06 08:48:16,btc,2.1431344431601613,0.0,0.00020222,btc,9635.029149,2.4827885,3.748050225466174,7
1,[],5,[],2019-02-06 08:48:18,0.00678681,0.00020066,0.000000006845034316,6598986,2019-02-06 08:48:18,btc,1.18637118,0.36096253,0.00020066,btc,0.01217058,0.0,1.77534169,7
1,[],20,[],2019-02-06 08:42:12,66461509.91,0.000000001,0.000000000000034103000000000004,6598823,2019-02-06 08:42:12,btc,116.1315013062774,0.0,0.000000001,btc,28812144.5195,0.0,0.06646150991,8
0,[],2,[],2019-01-20 23:22:42,0.0,0,0,6476876,2019-01-20 23:22:42,,0.0,0.0,0,,0.0,0.0,0.0,9
0,[],23,[],2019-01-20 23:22:48,0.0,0,0,6476878,2019-01-20 23:22:48,,0.0,0.0,0,,0.0,0.0,0.0,9
1,[],1,[],2019-02-06 08:42:13,1582374.48,0.000001870000000000000095373470405946125794116596807725727558135986328125,0.00000000006377261000000001,6598824,2019-02-06 08:42:13,btc,2.2074539461,12982136.41,0.000001870000000000000095373470405946125794116596807725727558135986328125,btc,1159317.67,24.62270763,2.9227960112,9
1,[],4,[],2019-02-06 08:42:15,287265.6854621,0.00000186,0.00000000006343158,6598825,2019-02-06 08:42:15,btc,0.8865770209384296,0.0,0.00000186,btc,446654.97548576,1.65968743,0.4876104908764507,9
1,[],28,[],2019-02-06 08:42:16,34500.0,0.00000165,0.000000000056269950000000007,6598826,2019-02-06 08:42:16,btc,2708.7727397804,3742652.0,0.00000165,btc,15437.14,0.0,0.02854,9
1,[],4,[],2019-02-04 22:10:59,7341799.37826053,0.00000002,0.000000000000693444,6584299,2019-02-04 22:10:59,btc,0.1999615409270056,0.0,0.00000002,btc,4135980.29534268,0.00062922,0.0786653918652106,10
1,[],4,[],2019-02-06 08:48:19,2641919.50100749,0.00000150,0.00000000005116890000000001,6598987,2019-02-06 08:48:19,btc,0.920839344759597,0.0,0.00000150,btc,582016.65286643,2.0363547,3.7090905455122627,12
1,[],5,[],2019-02-06 08:48:20,3.106e-05,0.00000150,0.00000000005116890000000001,6598988,2019-02-06 08:48:20,btc,0.49347043,0.97743843,0.00000150,btc,0.0001269,0.0,0.26863947,12
0.0,[],25,[],2019-02-06 08:48:22,0.0,0,0,6598989,2019-02-06 08:48:22,,0.0,0.0,0.0,btc,0.0,0.0,0.0,12
0,[],2,[],2019-01-20 23:23:08,0.0,0,0,6476890,2019-01-20 23:23:08,,0.0,0.0,0,,0.0,0.0,0.0,12
1,[],4,[],2019-02-06 08:48:22,1260355.23059459,0.00000590,0.00000000020126434,6598990,2019-02-06 08:48:22,btc,0.3857932679213169,0.0,0.00000590,btc,60025.35308212,0.5712121,0.976572724248037,13
1,[],21,[],2019-02-06 08:48:26,1680934.60561379,0.000005939999999999999879434550015,0.000000000202628844,6598991,2019-02-06 08:48:26,btc,3.7291431945076265,1800414.10030933,0.0000059399999999999998794345500152669359295032336376607418060302734375,btc,538704.67795964,10.94343613,8.687078961842802,13
1,[],10,[],2019-02-06 08:42:24,590732.22729493,0.00000579,0.00000000019745637,6598831,2019-02-06 08:42:24,btc,666809.6110800384,15579.1279327,0.00000579,btc,733912.88000607,0.0,0.8166120943988191,13
1,[],4,[],2019-02-06 08:48:27,1213461.88635205,0.00000157,0.000000000053556782000000004,6598992,2019-02-06 08:48:27,btc,0.1164271579722645,0.0,0.00000157,btc,52183.00117897,0.11078209,0.5326684125982346,14
1,[],12,[],2019-02-06 08:48:28,89860.91530149,0.000001529999999999999962528346615642238504051420022733509540557861328125,0.000000000052192278000000006,6598993,2019-02-06 08:48:28,btc,1.7638904531737392,0.0,0.000001529999999999999962528346615642238504051420022733509540557861328125,btc,28150.00592497,0.0027282892584408,0.0118944399999867,14
0,[],17,[],2019-02-06 08:48:29,0.0,0,0,6598994,2019-02-06 08:48:29,btc,0.0,0.0,0,btc,0.0,0.0,0.0,14
1,[],26,[],2019-02-06 08:48:40,0.0,0.00000049,0.000000000016715174,6598995,2019-02-06 08:48:40,btc,0.0,0.0,0.00000049,btc,0.0,0.0,0.0,14
0,[],4,[],2019-02-06 08:48:41,0.0,0,0,6598996,2019-02-06 08:48:41,,0.0,0.0,0,,0.0,0.0,0.0,15
,[],12,[],2018-12-01 15:15:48,204241.84496,0.00000489,0.000000000202473384,5260204,2018-12-01 15:15:48,btc,49.5475654835,0.0,,btc,35763.2193806,0.0163153972027625,0.0203389899998,15
0,[],2,[],2019-01-20 23:23:38,0.0,0,0,6476906,2019-01-20 23:23:38,,0.0,0.0,0,,0.0,0.0,0.0,18
1,[],4,[],2019-02-06 08:42:31,24790.33816108,0.00001847,0.0000000006298824100000001,6598838,2019-02-06 08:42:31,btc,2.217464694079722,0.0,0.00001847,btc,7528.2188975,0.01325398,0.0778983915148771,18
1,[],10,[],2019-02-06 08:42:33,789533.2620211,0.00001715,0.0000000005848664500000001,6598839,2019-02-06 08:42:33,btc,15.594615858108261,6446.15000511,0.00001715,btc,12875.43454127,0.0,0.2916937285526299,18
1,[],12,[],2019-02-06 08:42:35,201101.18551524,0.00001711000000000000050687752606304314895169227384030818939208984375,0.00000000058350233,6598840,2019-02-06 08:42:35,btc,0.1856900512466319,0.0,0.00001711000000000000050687752606304314895169227384030818939208984375,btc,1708.32700711,1.701e-07,0.0219065549835302,18
0,[],17,[],2019-02-06 08:42:36,0.0,0,0,6598841,2019-02-06 08:42:36,btc,0.0,0.0,0,btc,0.0,0.0,0.0,18
1,[],3,[],2019-02-06 08:48:42,124756.56405785686,0.00002116999999999999890437467342518829127584467642009258270263671875,0.000000000722163742,6598997,2019-02-06 08:48:42,btc,0.45108056351261505,48.9950101884,0.00002116999999999999890437467342518829127584467642009258270263671875,btc,5278.103086604395,0.0,0.10111434933162385,19
1,[],4,[],2019-02-06 08:48:43,258068.86552067,0.00002502,0.000000000853497252,6598998,2019-02-06 08:48:43,btc,0.6435927899485748,0.0,0.00002502,btc,20807.15949097,0.64136535,2.568517703359904,19
1,[],5,[],2019-02-06 08:48:44,0.00017278,0.00002505,0.0000000008545206300000001,6598999,2019-02-06 08:48:44,btc,0.27478893,0.00166882,0.00002505,btc,0.00308247,0.0,0.17626242,19
1,[],12,[],2019-02-06 08:48:45,134762.0,0.00002245999999999999841189535221275264120777137577533721923828125,0.000000000766168996,6599000,2019-02-06 08:48:45,btc,0.029474821167304502,0.0,0.00002245999999999999841189535221275264120777137577533721923828125,btc,313.41105484,0.0004011737062934,0.03137293,19
0,[],27,[],2019-02-06 08:48:47,0.0,0,0,6599001,2019-02-06 08:48:47,,0.0,0.0,0,btc,0.0,0.0,0.0,19
0,[],2,[],2019-01-20 23:24:19,0.0,0,0,6476924,2019-01-20 23:24:19,,0.0,0.0,0,,0.0,0.0,0.0,19
1,[],4,[],2019-02-06 08:48:48,8057697.45959016,0.00000013,0.000000000004434638000000001,6599002,2019-02-06 08:48:48,btc,0.8115715970728697,0.0,0.00000013,btc,1594753.31171721,0.0,0.256911126491571,20
1,[],4,[],2019-02-06 08:36:32,122333504.84242225,0.00000002,0.000000000000682804,6598659,2019-02-06 08:36:32,btc,0.6347544070028488,0.0,0.00000002,btc,16082190.97885785,0.00481913,1.4562476810582854,21
1,[],12,[],2019-02-06 08:36:33,19032664.0,0.00000002,0.0000000000006828040000000001,6598660,2019-02-06 08:36:33,btc,669.5288089732579,0.0,0.00000002,btc,8530601.65434831,0.0015174614985015,0.25358563,21
0,[],17,[],2019-02-06 08:36:35,0.0,0,0,6598661,2019-02-06 08:36:35,btc,0.0,0.0,0,btc,0.0,0.0,0.0,21
1,[],12,[],2019-02-06 08:42:44,2186288425.531895,0.0000000002,0.0000000000000068206000000000004,6598848,2019-02-06 08:42:44,btc,1729404717709.3218,0.0,0.0000000002,btc,4251662058.5946183,0.007593510918881657,0.22141515535318954,23
0,[],27,[],2019-02-06 08:42:46,0.0,0,0,6598849,2019-02-06 08:42:46,,0.424699,0.0,0,eth,424699.0,0.0,0.0,23
1,[],4,[],2019-02-06 08:48:48,404008.36995424,0.00000080,0.00000000002729008,6599003,2019-02-06 08:48:48,btc,0.0721705274872157,0.0,0.00000080,btc,65446.24852336,0.01755398,0.2143581705052716,24
1,[],22,[],2019-02-06 08:48:52,11.76,0.00000100,0.0000000000341126,6599004,2019-02-06 08:48:52,BTC,7.415e-05,0.0,0.00000100,BTC,23.919354838709676,0.0,1.176e-05,24
0.0,[],25,[],2019-02-06 08:48:53,0.0,0,0,6599005,2019-02-06 08:48:53,,0.0,0.0,0.0,btc,0.0,0.0,0.0,24
1,[],4,[],2019-02-06 08:48:54,27838217.13583599,0.00000645,0.00000000022002627000000002,6599006,2019-02-06 08:48:54,btc,0.265573037755161,0.0,0.00000645,btc,27349.788809,0.07604661,0.4474593568962861,26
1,[],10,[],2019-02-06 08:48:56,731231.25121789,0.00000593,0.00000000020228771800000002,6599007,2019-02-06 08:48:56,btc,25.975918864634505,0.0,0.00000593,btc,13135.32203084,0.0,0.20937508332376,26
0,[],2,[],2019-01-20 23:25:56,0.0,0,0,6476976,2019-01-20 23:25:56,,0.0,0.0,0,,0.0,0.0,0.0,26
1,[],3,[],2019-02-06 08:42:55,5900958.03885143,0.00000002,0.00000000000068206,6598855,2019-02-06 08:42:55,btc,2.512977308157026,1241669.59237,0.00000002,btc,16145243.5829197,0.0,0.0625593803885143,27
1,[],5,[],2019-02-06 08:42:56,1e-08,0.00000001,0.00000000000034103,6598856,2019-02-06 08:42:56,btc,1.51475804,0.00025563,0.00000001,btc,4.69e-05,0.0,0.10908384,27
1,[],11,[],2019-02-06 08:42:58,10064996.7912115,0.00000005,0.00000000000170515,6598857,2019-02-06 08:42:58,btc,370.63310344475406,219.9,0.00000005,btc,8170877.7193934005,0.0,0.4661206184459823,27
1,[],4,[],2019-02-06 08:48:57,611508021.4348309,0.00000002,0.0000000000006822520000000001,6599008,2019-02-06 08:48:57,btc,2.7483404445351303,0.0,0.00000002,"btc,ltc",86593888.04448254,1.44090176,7.374208185403596,29
1,[],7,[],2019-02-06 08:48:58,39478614.84119627,0.00000003,0.000000000001023378,6599009,2019-02-06 08:48:58,btc,44465206.31799056,1062685.21307,0.00000003,btc,43096497.30793793,0.04014057,0.7168022468778985,29
1,[],4,[],2019-02-06 08:43:05,1562145.25873935,0.00000030,0.0000000000102309,6598860,2019-02-06 08:43:05,btc,0.2674281540286688,0.0,0.00000030,btc,550927.14527524,0.01658233,0.1287595108407702,30
0,[],17,[],2019-02-06 08:43:06,0.0,0,0,6598861,2019-02-06 08:43:06,btc,0.0,0.0,0,btc,0.0,0.0,0.0,30
1,[],4,[],2019-02-06 08:48:59,1141213.00383228,0.00006645,0.0000000022667822700000003,6599010,2019-02-06 08:48:59,btc,1.5354946288359292,0.0,0.00006645,btc,18733.26262709,1.1144487,2.3480044438338084,31
1,[],21,[],2019-02-06 08:48:59,49433.08115532,0.00006821999999999999396947669705,0.000000002327161572,6599011,2019-02-06 08:48:59,btc,4.290907959640773,188044.2758193,0.00006821999999999999396947669705326688927016220986843109130859375,btc,57152.96226708,13.24284359,3.128182324723929,31
0,[],2,[],2019-01-20 23:28:43,0.0,0,0,6477009,2019-01-20 23:28:43,,0.0,0.0,0,,0.0,0.0,0.0,32
1,[],4,[],2019-02-06 08:43:09,148484405.09746033,0.00000005,0.00000000000170515,6598864,2019-02-06 08:43:09,btc,2.38446287037982,0.0,0.00000005,"btc,ltc",46742616.73151792,1.55521189,2.6074224754974846,33
1,[],12,[],2019-02-06 08:43:10,17249420.0,0.00000005,0.00000000000170515,6598865,2019-02-06 08:43:10,btc,17261782.28206653,0.0,0.00000005,btc,89719318.82617365,0.0028118665234764,0.63170048,33
1,[],4,[],2019-02-06 08:43:11,130992063.70410582,0.00000002,0.00000000000068206,6598866,2019-02-06 08:43:11,btc,0.7718515075124847,0.0,0.00000002,btc,25728383.58374949,0.12106392,1.3539530019505372,34
1,[],5,[],2019-02-06 08:43:12,3e-08,0.00000002,0.00000000000068206,6598867,2019-02-06 08:43:12,btc,3.67015774,0.11404828,0.00000002,btc,1.394e-05,0.0,0.86386928,34
0.0000000000963347,[],4,[],2019-02-06 08:43:13,1270212689.817,2.890041e-18,9.855906822300001e-23,6598868,2019-02-06 08:43:13,ltc,7.741162967893288e-09,0.0,0.00000003,ltc,1608735741.2500186,0.0,2.4111335070661805e-09,36
1,[],5,[],2019-02-06 08:43:14,0.0,0,0,6598869,2019-02-06 08:43:14,btc,193.19402136,0.0,0,btc,1.295e-05,0.0,0.0,36
0,[],17,[],2019-02-06 08:43:15,0.0,0,0,6598870,2019-02-06 08:43:15,btc,0.14185270824081472,0.0,0,btc,10826074.27743647,0.0,0.0,36
0.0000000000963347,[],27,[],2019-02-06 08:43:18,1000000.0,1.926694e-18,6.5706045482e-23,6598871,2019-02-06 08:43:18,ltc,447.7307980744,6.0,0.00000002,"ltc,eth",3711879.06,8.670123e-17,1.926694e-12,36
1,[],4,[],2019-02-06 08:43:19,333298.80024135,0.00000137,0.00000000004672111,6598872,2019-02-06 08:43:19,btc,0.4227756402328567,0.0,0.00000137,btc,232713.91475441,0.16031714,0.2516534428621805,37
1,[],12,[],2019-02-06 08:43:20,389228.50185239,0.000001359999999999999896105784720490294859018831630237400531768798828125,0.00000000004638008,6598873,2019-02-06 08:43:20,btc,1337.8444613336408,0.0,0.000001359999999999999896105784720490294859018831630237400531768798828125,btc,813948.0138503,0.3220579508282698,0.2429315600000124,37
1,[],17,[],2019-02-06 08:43:22,1752.74075282,0.00000025,0.000000000008525750000000001,6598874,2019-02-06 08:43:22,btc,0.05548492396068958,0.0,0.00000025,btc,1387.19918473,0.0,0.00043818518820499993,37
1,[],27,[],2019-02-06 08:43:24,16833.0,0.00000052,0.00000000001773356,6598875,2019-02-06 08:43:24,btc,32.34621317030353,0.0,0.00000052,btc,19579.81438508,0.0,0.00570484,37
1,[],5,[],2019-02-06 08:43:25,1.508e-05,0.00000106,0.000000000036149180000000004,6598876,2019-02-06 08:43:25,btc,0.11019717,0.02127841,0.00000106,btc,0.00011231,0.0,0.03921825,42
1,[],12,[],2019-02-06 08:43:26,145620.08602357,0.00000110999999999999996035831596741250137938550324179232120513916015625,0.00000000003785433,6598877,2019-02-06 08:43:26,btc,85.06923851280199,0.0,0.00000110999999999999996035831596741250137938550324179232120513916015625,btc,98933.42743482,0.0210792726551261,0.0505755600000073,42
0,[],27,[],2019-02-06 08:43:29,0.0,0,0,6598878,2019-02-06 08:43:29,,0.00315028,0.0,0,"btc,eth",11.007,0.0,0.0,42
1,[],5,[],2019-02-06 08:43:30,6e-08,0.00000003,0.00000000000102309,6598879,2019-02-06 08:43:30,btc,6.02533621,0.01668796,0.00000003,btc,1.425e-05,0.0,0.52806125,43
1,[],12,[],2019-02-06 08:43:31,6519950.0,0.00000002,0.00000000000068206,6598880,2019-02-06 08:43:31,btc,20007456.464672454,0.0,0.00000002,btc,38833161.74765234,0.0,0.06537785,43
0,[],17,[],2019-02-06 08:43:33,0.0,0,0,6598881,2019-02-06 08:43:33,btc,0.0,0.0,0,btc,0.0,0.0,0.0,43
1,[],12,[],2019-02-06 08:37:19,839668.0,0.00000006,0.0000000000020484119999999997,6598691,2019-02-06 08:37:19,btc,11115166.919240177,0.0,0.00000006,btc,958909.83816183,0.0032847719280715,0.02401594,44
1,[],4,[],2019-02-06 08:43:34,234628909.38971272,0.00000002,0.00000000000068206,6598882,2019-02-06 08:43:34,btc,0.18826324115113585,0.0,0.00000002,"btc,ltc",4445262.71947867,0.0,0.5347245788666748,49
0.0000000000963347,[],4,[],2019-02-06 08:43:35,4834273538.91023,1.926694e-18,6.5706045482e-23,6598883,2019-02-06 08:43:35,ltc,4.645173503885504,0.0,0.00000002,ltc,1720102486.4112504,0.0,4.9884783213311475e-09,52
0,[],22,[],2019-02-06 08:43:38,0.0,0,0,6598884,2019-02-06 08:43:38,,3693.16111,0.0,0,,247825727.90882352,0.0,0.0,57
0,[],27,[],2019-02-06 08:43:40,0.0,0,0,6598885,2019-02-06 08:43:40,,0.0,0.0,0,"btc,eth",0.0,0.0,0.0,57
0.0000000000963347,[],4,[],2019-02-06 08:43:41,1608690207.9059076,4.816735e-18,1.6426511370500003e-22,6598886,2019-02-06 08:43:41,ltc,3.2816298270754913,0.0,0.00000005,ltc,1148830316.8992732,0.00644491,5.060771824883483e-09,58
1,[],12,[],2019-02-06 08:43:42,2132900772.175957,0.0000000006,0.000000000000020461800000000003,6598887,2019-02-06 08:43:42,btc,625181485533.3076,0.0,0.0000000006,btc,3379870038.212887,0.013297827584715304,0.7856056949003392,58
0,[],17,[],2019-02-06 08:43:44,0.0,0,0,6598888,2019-02-06 08:43:44,btc,1e+24,0.0,0,btc,41616695.95832568,0.0,0.0,58
0.0000000001238796,[],22,[],2019-02-06 08:43:48,137438.0,1.238796e-18,4.2246659988000007e-23,6598889,2019-02-06 08:43:48,XMR,69.8835922,0.0,0.00000001,XMR,9887963.0,0.0,0.00137438,58
1,[],5,[],2019-02-06 08:43:49,6.42e-06,0.00000061,0.00000000002080283,6598890,2019-02-06 08:43:49,btc,0.28724302,0.00291142,0.00000061,btc,0.00013875,0.0,0.04465424,61
1,[],22,[],2019-02-06 08:43:52,5111.5,0.00000011,0.00000000000375133,6598891,2019-02-06 08:43:52,BTC,1002.29606732,0.0,0.00000011,BTC,15028.700278135757,0.0,0.00051178,61
1,[],26,[],2019-02-06 08:43:53,0.0,0.00000800,0.00000000027282400000000003,6598892,2019-02-06 08:43:53,btc,0.0,0.0,0.00000800,btc,0.0,0.0,0.0,61
1,[],27,[],2019-02-06 08:43:56,100.0,0.00000032,0.00000000001091296,6598893,2019-02-06 08:43:56,btc,0.077778,0.0,0.00000032,"btc,eth",154.84,0.0,3.1e-05,61
1,[],28,[],2019-02-06 08:43:58,6884.304,0.0000006,0.0000000000204618,6598894,2019-02-06 08:43:58,btc,2.064613633700105,720.0,0.0000006,btc,11345.10450005,0.0,0.00216611304,61
1,[],4,[],2019-02-06 08:43:59,999036.30013056,0.00000187,0.00000000006377261000000001,6598895,2019-02-06 08:43:59,btc,0.7287548562676631,0.0,0.00000187,btc,221995.02302014,0.31411663,0.9258311652209135,67
0.0,[],25,[],2019-02-06 08:44:00,0.0,0,0,6598896,2019-02-06 08:44:00,,0.0,0.0,0.0,btc,0.0,0.0,0.0,67
1,[],12,[],2019-02-06 08:44:01,2544460.26248793,0.00000023,0.00000000000784369,6598897,2019-02-06 08:44:01,btc,11115995.621608326,0.0,0.00000023,btc,2265574.16243756,0.0403602827328478,0.0786894373611134,71
,[],5,[],2018-11-20 23:02:39,1.5e-07,0.00000005,0.000000000002128045,4862160,2018-11-20 23:02:39,btc,2.84511358,0.0,,btc,0.00036572,0.0,0.07381892,74
1,[],5,[],2019-01-25 15:53:51,3.303e-05,0.00000156,0.000000000055588884,6499610,2019-01-25 15:53:51,btc,1.42844212,0.0,0.00000156,btc,0.00015937,0.0,0.49487621,75
0,[],20,[],2019-01-25 09:30:31,0.0,0,0,6495923,2019-01-25 09:30:31,btc,0.0,0.0,0,btc,0.0,0.0,0.0,81
1,[],4,[],2019-02-06 08:44:02,71007797.82492337,0.00000001,0.00000000000034103,6598898,2019-02-06 08:44:02,btc,0.8140611123105091,0.0,0.00000001,btc,15190754.69973608,0.0,0.7100779782492337,81
1,[],4,[],2019-02-06 08:44:04,23959.44589833,0.00007252,0.00000000247314956,6598899,2019-02-06 08:44:04,btc,0.9741113085326909,0.0,0.00007252,btc,8674.61364069,0.04072275,0.0992341965212792,82
1,[],21,[],2019-02-06 08:44:05,78301.85093274,0.00007514999999999999707577663655,0.00000000256284045,6598900,2019-02-06 08:44:05,btc,3.2868682828676024,2351.59490509,0.000075149999999999997075776636545896280949818901717662811279296875,btc,37508.29702889,0.17676382,3.831403232607681,82
0,[],17,[],2019-02-06 08:44:06,0.0,0,0,6598901,2019-02-06 08:44:06,btc,0.0447233088476774,0.0,0,btc,999127.19588126,0.0,0.0,84
0.0000000000963347,[],4,[],2019-02-06 08:44:07,333796372.84240305,1.1560164e-17,3.9423627289200004e-22,6598902,2019-02-06 08:44:07,ltc,0.19569063222444733,0.0,0.00000012,ltc,68496273.96677966,0.0,1.2857036095264366e-09,85
,[],22,[],2018-11-20 23:09:34,3408.1,0.0000001,0.0000000000041895,4862324,2018-11-20 23:09:34,BTC,0.04624735,0.0,,BTC,4990.0,0.0,0.00033081,86
1,[],22,[],2019-02-06 08:44:30,740.0,0.00000005,0.00000000000170515,6598903,2019-02-06 08:44:30,BTC,2.07746772,0.0,0.00000005,BTC,141362.94736842104,0.0006732,3.7e-05,87
0,[],27,[],2019-02-06 08:44:32,0.0,0,0,6598904,2019-02-06 08:44:32,,0.0,0.0,0,btc,0.0,0.0,0.0,87
,[],2,[],2018-11-20 23:10:47,0.0,0,0,4862359,2018-11-20 23:10:47,,0.0,0.0,,,0.0,0.0,0.0,88
1,[],11,[],2019-02-06 08:29:30,97869.46971005,0.00017721999999999998713119675475269332309835590422153472900390625,0.00000000605188578,6598515,2019-02-06 08:29:30,btc,245.71350475633025,65.1,0.00017721999999999998713119675475269332309835590422153472900390625,btc,183416.21815036,0.0,6.880155737898634,89
0,[],2,[],2019-01-20 23:31:45,0.0,0,0,6477083,2019-01-20 23:31:45,,0.0,0.0,0,,0.0,0.0,0.0,91
1,[],12,[],2019-02-06 08:44:33,456982.08130985,0.00000374000000000000019074694081189225158823319361545145511627197265625,0.00000000012754522000000002,6598905,2019-02-06 08:44:33,btc,1115.5057624443343,0.0,0.00000374000000000000019074694081189225158823319361545145511627197265625,btc,36773.35003401,0.0079060522605019,0.11027628169992,91
0,[],17,[],2019-02-06 08:44:35,0.0,0,0,6598906,2019-02-06 08:44:35,btc,0.0,0.0,0,btc,0.0,0.0,0.0,91
0.0000000000963556,[],22,[],2019-02-06 08:37:54,28845304.0,5.7813359999999996e-18,1.973759673072e-22,6598712,2019-02-06 08:37:54,LTC,8.80758359,0.0,0.00000006,LTC,76429729.6,1.55600804216e-12,1.18962528,95
0.0000000000963347,[],4,[],2019-02-06 08:44:36,131878145.36770132,9.2481312e-17,3.1538901831360003e-21,6598907,2019-02-06 08:44:36,ltc,0.8746679027219382,0.0,0.00000096,ltc,44886084.40283977,0.01400025,6.674614555255621e-10,96
0,[],12,[],2019-02-06 08:44:37,0.0,0,0,6598908,2019-02-06 08:44:37,btc,255063.47420352563,0.0,0,btc,8850700.33497476,0.00222841998002,0.0,96
0,[],17,[],2019-02-06 08:44:39,0.0,0,0,6598909,2019-02-06 08:44:39,btc,0.0,0.0,0,btc,0.0,0.0,0.0,96
1,[],4,[],2019-02-06 08:44:40,1453979.68478407,0.00000031,0.000000000010571930000000001,6598910,2019-02-06 08:44:40,btc,0.2340783750771738,0.0,0.00000031,btc,441619.10732567,0.08640579,0.1197179248087812,99
0,[],2,[],2019-01-20 23:23:55,0.0,0,0,6476914,2019-01-20 23:23:55,,0.0,0.0,0,,0.0,0.0,0.0,100
1,[],4,[],2019-02-06 08:44:40,67582.3482526,0.00004244,0.00000000144733132,6598911,2019-02-06 08:44:40,btc,1.2660161143759776,0.0,0.00004244,btc,27146.71374118,0.78012082,2.643772865004678,100
1,[],22,[],2019-02-06 08:44:44,50000.0,0.00000001,0.00000000000034103,6598912,2019-02-06 08:44:44,BTC,23.50383609,0.0,0.00000001,BTC,11277.22,0.0,0.0005,101
1,[],4,[],2019-02-06 08:44:45,156726.46786548,0.00000100,0.000000000034103000000000004,6598913,2019-02-06 08:44:45,btc,0.3937962171069702,0.0,0.00000100,btc,149674.3873533,0.01333078,0.1056492160175556,103
1,[],12,[],2019-02-06 08:44:47,67255351.5303887,0.000000016,0.0000000000005456480000000001,6598914,2019-02-06 08:44:47,btc,138278919.8060338,0.0,0.000000016,btc,130724649.2205266,0.08248559888154133,0.44093919548621924,105
1,[],27,[],2019-02-06 08:44:49,10161405.89,0.00000001,0.00000000000034103,6598915,2019-02-06 08:44:49,btc,0.620832568896094,0.0,0.00000001,btc,708411.74181977,0.0,0.1016140589,105
0,[],22,[],2019-02-06 08:44:51,0.0,0,0,6598916,2019-02-06 08:44:51,,1.07253299,0.0,0,,94300.0,0.0,0.0,107
1,[],26,[],2019-02-06 08:44:52,0.0,0.00000000,0,6598917,2019-02-06 08:44:52,btc,0.0,0.0,0.00000000,btc,0.0,0.0,0.0,107
1,[],5,[],2019-02-06 08:44:55,3e-08,0.00000002,0.00000000000068206,6598918,2019-02-06 08:44:55,btc,2.8439779,0.02826874,0.00000002,btc,1.649e-05,0.0,0.12163774,112
1,[],22,[],2019-02-06 08:44:58,16833.0,0.00000001,0.00000000000034103,6598919,2019-02-06 08:44:58,BTC,2.81683288,0.0,0.00000001,BTC,808529.0833333334,0.0,0.00016833,112
0.0000000003026118,[],27,[],2019-02-06 08:45:00,500000.0,3.026118e-18,1.03199702154e-22,6598920,2019-02-06 08:45:00,eth,1.25132491849924,0.0,0.00000001,"btc,eth",1327.641654,0.0,1.513059e-12,112
1,[],4,[],2019-02-06 08:45:01,481119.3997154,0.00000425,0.00000000014493775,6598921,2019-02-06 08:45:01,btc,0.3952866590015148,0.0,0.00000425,btc,71015.37322069,0.07620832,0.3445070337709175,113
1,[],5,[],2019-02-06 08:45:02,2.885e-05,0.00000400,0.00000000013641200000000001,6598922,2019-02-06 08:45:02,btc,2.17699167,0.00040636,0.00000400,btc,0.00320402,0.0,0.28311944,113
1,[],17,[],2019-02-06 08:45:04,174538.724,0.00000004,0.00000000000136412,6598923,2019-02-06 08:45:04,btc,1.336803027392462,0.0,0.00000004,btc,51896.221,0.0,0.00308154896,116
0,[],27,[],2019-02-06 08:45:05,0.0,0,0,6598924,2019-02-06 08:45:05,,0.0,0.0,0,btc,0.0,0.0,0.0,116
1,[],4,[],2019-02-06 08:45:07,40948.77168104,0.00002674,0.0000000009119142200000001,6598925,2019-02-06 08:45:07,btc,0.5103787563317,0.0,0.00002674,btc,15617.42273337,1.2151606,0.7875163820366292,120
1,[],7,[],2019-02-06 08:45:08,14770.3146668,0.00001811999999999999930709072837320405824357294477522373199462890625,0.00000000061794636,6598926,2019-02-06 08:45:08,btc,88979.71302914344,0.0,0.00001811999999999999930709072837320405824357294477522373199462890625,btc,29620.75504803,0.0,0.1286037281742798,120
1,[],20,[],2019-02-06 08:45:10,1624519.8906,0.000000014,0.0000000000004774420000000001,6598927,2019-02-06 08:45:10,btc,33.7483191531607,2508.3,0.000000014,btc,1052781.1766,3.51162e-05,0.0090170970172,125
1,[],22,[],2019-02-06 08:45:13,3053.0,0.00000001,0.00000000000034103,6598928,2019-02-06 08:45:13,BTC,0.01444889,0.0,0.00000001,BTC,296264.5111111111,0.0,3.053e-05,126
1,[],4,[],2019-02-06 08:45:14,170077.44289374,0.00001656,0.00000000056474568,6598929,2019-02-06 08:45:14,btc,0.4484211746659239,0.0,0.00001656,btc,22505.99936,0.39636642,0.8424038850182896,131
0,[],17,[],2019-02-06 08:45:15,0.0,0,0,6598930,2019-02-06 08:45:15,btc,0.0009561751951600001,0.0,0,btc,35.42829368,0.0,0.0,131
0,[],2,[],2019-01-20 23:25:46,0.0,0,0,6476969,2019-01-20 23:25:46,,0.0,0.0,0,,0.0,0.0,0.0,131
1,[],4,[],2019-02-06 08:38:30,4716.32765948,0.00016000,0.000000005462432,6598736,2019-02-06 08:38:30,btc,1.6406733251872982,0.0,0.00016000,btc,301.83066201,0.0,0.0195649832798652,135
1,[],3,[],2019-02-06 08:45:16,1848634.55795659,0.00000005,0.00000000000170515,6598931,2019-02-06 08:45:16,btc,0.1397393741634616,36746.2795,0.00000005,btc,448433.99912586,0.0,0.06829926272561,136
1,[],4,[],2019-02-06 08:45:17,83576.52199331,0.00000175,0.00000000005968025000000001,6598932,2019-02-06 08:45:17,btc,0.0719401714708515,0.0,0.00000175,btc,33167.50749728,0.02783535,0.1117016603744781,137
1,[],12,[],2019-02-06 08:45:18,314869.16103216,0.00000172000000000000004922169442866941579950434970669448375701904296875,0.00000000005865716000000001,6598933,2019-02-06 08:45:18,btc,11982.945873111143,0.0,0.00000172000000000000004922169442866941579950434970669448375701904296875,btc,157777.11367318,0.0020886077934542,0.0574074543350907,137
1,[],5,[],2019-02-06 08:45:20,0.00176783,0.00004371,0.0000000014906421300000001,6598934,2019-02-06 08:45:20,btc,1.85420281,1.97680105,0.00004371,btc,0.00241793,0.0,2.01632893,142
1,[],17,[],2019-02-06 08:45:21,12500.0,0.0000001,0.0000000000034103,6598935,2019-02-06 08:45:21,btc,20.26102157890831,0.0,0.0000001,btc,5931.99821453,0.0,0.00125,142
1,[],20,[],2019-02-06 08:45:23,149884.9393,0.000040555,0.0000000013830471650000002,6598936,2019-02-06 08:45:23,btc,3.117606365767,223.742,0.000040555,btc,6014.3882,0.009848451124,0.2560331045843,142
1,[],22,[],2019-02-06 08:45:26,960.0,0.00000025,0.000000000008525750000000001,6598937,2019-02-06 08:45:26,BTC,3.00449528,0.0,0.00000025,BTC,899.098,0.0,0.0001282,142
0.0,[],25,[],2019-02-06 08:45:27,0.0,0,0,6598938,2019-02-06 08:45:27,,0.0,0.0,0.0,btc,0.0,0.0,0.0,142
1,[],28,[],2019-02-06 08:45:29,79265.0,0.00004400,0.0000000015005320000000002,6598939,2019-02-06 08:45:29,btc,0.04594154168,1060.9,0.00004400,btc,931.772,0.0,0.0585837,142
0,[],22,[],2019-02-06 08:45:31,0.0,0,0,6598940,2019-02-06 08:45:31,,60.35647098,0.0,0,,815052049.8,0.0,0.0,143
1,[],21,[],2019-02-06 08:45:32,31379006.05415444,0.00000026,0.00000000000886678,6598941,2019-02-06 08:45:32,btc,53.71846361357632,1740103.61049115,0.00000026,btc,93795173.72570135,0.46503705,4.390470196422004,145
0,[],22,[],2019-02-06 08:30:39,0.0,0,0,6598555,2019-02-06 08:30:39,,3.33248929,0.0,0,,1970827.5,0.0,0.0,146
,[],22,[],2018-11-20 23:01:11,0.0,0,0,4862114,2018-11-20 23:01:11,,2.56807021,0.0,,,61828.4988236,0.0,0.0,147
1,[],12,[],2019-02-06 08:38:55,8691391.13608437,0.000003360000000000000017360245185837896997327334247529506683349609375,0.00000000011471107200000001,6598746,2019-02-06 08:38:55,btc,16.531752351826764,0.0,0.000003360000000000000017360245185837896997327334247529506683349609375,btc,116208.22421239,0.0034599482783477,0.1342864999996846,148
1,[],4,[],2019-02-06 08:45:35,308094.76333392,0.00000028,0.000000000009548840000000001,6598942,2019-02-06 08:45:35,btc,0.9213102108322636,0.0,0.00000028,btc,819380.83819925,0.0,0.0682596103593739,152
0,[],22,[],2019-02-06 08:45:37,0.0,0,0,6598943,2019-02-06 08:45:37,,0.0,0.0,0,,0.0,0.0,0.0,152
1,[],5,[],2019-02-06 08:45:39,0.0,0,0,6598944,2019-02-06 08:45:39,btc,4.41894381,0.0,0,btc,0.00161275,0.0,0.0,153
,[],16,[],2019-01-11 15:38:59,0.0,0,0,6366141,2019-01-11 15:38:59,btc,0.0,0.0,,btc,0.0,0.0,0.0,155
0,[],22,[],2019-02-06 08:45:41,0.0,0,0,6598945,2019-02-06 08:45:41,,6.74512347,0.0,0,,4576272.742592593,0.0,0.0,156
0,[],23,[],2019-01-20 23:24:29,0.0,0,0,6476932,2019-01-20 23:24:29,,0.0,0.0,0,,0.0,0.0,0.0,156
1,[],22,[],2019-02-06 08:45:44,8106.0,0.00002000,0.00000000068206,6598946,2019-02-06 08:45:44,BTC,43.78801181,0.0,0.00002000,BTC,1067.5805334758436,0.0,0.01043836,157
0,[],22,[],2019-02-06 08:45:47,0.0,0,0,6598947,2019-02-06 08:45:47,,50175.6753658,0.0,0,,54007107.04179466,0.0,0.0,158
,[],17,[],2018-11-20 22:56:10,0.0,0,0,4861976,2018-11-20 22:56:10,btc,1.1265625,0.0,,btc,1000.0,0.0,0.0,159
,[],20,[],2018-11-20 22:56:12,0.0,0,0,4861977,2018-11-20 22:56:12,btc,11912.7940471,0.0,,btc,34413894.3617,0.0,0.0,159
1,[],12,[],2019-02-06 08:45:48,193904.74791922,0.0000085199999999999997415088548446959748616791330277919769287109375,0.00000000029055756,6598948,2019-02-06 08:45:48,btc,6.684758175978322,0.0,0.0000085199999999999997415088548446959748616791330277919769287109375,btc,14619.076489000001,0.0055914945679738,0.0908033596999369,168
1,[],17,[],2019-02-06 08:45:50,29784.95,0.000001,0.000000000034103000000000004,6598949,2019-02-06 08:45:50,btc,0.03026736251542,0.0,0.000001,btc,144.46171372,0.0,0.00716147,168
0,[],22,[],2019-02-06 08:45:53,0.0,0,0,6598950,2019-02-06 08:45:53,,1.14688224,0.0,0,,677302.5900917595,0.0,0.0,169
1,[],22,[],2019-02-06 08:45:56,183222.53333333333,0.0000003,0.0000000000102309,6598951,2019-02-06 08:45:56,BTC,10.32064491,0.0,0.0000003,BTC,110282.17267208519,0.00370257,0.01971676,171
1,[],22,[],2019-02-06 08:46:01,255092.31547619047,0.00000024,0.00000000000818472,6598952,2019-02-06 08:46:01,BTC,2.65581894,0.0,0.00000024,BTC,232438.90063751178,7.798e-05,0.02462075,173
1,[],5,[],2019-02-06 08:46:02,2.724e-05,0.00000334,0.00000000011390402000000001,6598953,2019-02-06 08:46:02,btc,0.36672542,0.02815315,0.00000334,btc,0.0002926,0.0,0.7338885,175
1,[],22,[],2019-02-06 08:46:06,54449.25714285715,0.00000052,0.00000000001773356,6598954,2019-02-06 08:46:06,BTC,0.63358303,0.0,0.00000052,BTC,155090.40184992214,0.0,0.01917957,176
1,[],7,[],2019-02-06 08:46:07,0.0,0,0,6598955,2019-02-06 08:46:07,btc,233187.7209713411,0.0,0,btc,115003345.8074238,0.0,0.0,178
0,[],22,[],2019-02-06 08:46:10,0.0,0,0,6598956,2019-02-06 08:46:10,,1.00242428,0.0,0,,57512.0,0.0,0.0,178
0,[],2,[],2019-01-20 23:28:34,0.0,0,0,6477001,2019-01-20 23:28:34,,0.0,0.0,0,,0.0,0.0,0.0,178
1,[],5,[],2019-02-06 08:46:12,3e-08,0.00000002,0.00000000000068206,6598957,2019-02-06 08:46:12,btc,17.09320538,0.04201588,0.00000002,btc,2.088e-05,0.0,1.04744379,179
1,[],22,[],2019-02-06 08:46:29,8340773.0,0.00000002,0.00000000000068206,6598958,2019-02-06 08:46:29,BTC,5.51808792,0.0,0.00000002,"BTC,LTC",18728053.068656635,0.0,0.3940753,179
0,[],23,[],2019-01-20 23:25:08,0.0,0,0,6476952,2019-01-20 23:25:08,,0.0,0.0,0,,0.0,0.0,0.0,179
1,[],17,[],2019-02-06 08:46:31,10504.725,0.0000001,0.0000000000034103,6598959,2019-02-06 08:46:31,btc,5.206166879876705,0.0,0.0000001,btc,6755.0074587,0.0,0.0010504725,180
1,[],22,[],2019-02-06 08:46:35,39271.94545454546,0.00000011,0.00000000000375133,6598960,2019-02-06 08:46:35,BTC,0.09645713,0.0,0.00000011,"BTC,LTC",17090.39315481,2.75e-05,0.00410637,180
1,[],26,[],2019-02-06 08:46:35,0.0,0.00000010,0.0000000000034103,6598961,2019-02-06 08:46:35,btc,0.0,0.0,0.00000010,btc,0.0,0.0,0.0,180
,[],7,[],2018-11-20 22:58:01,562227.975654,0.00000085,0.000000000036176765,4862015,2018-11-20 22:58:01,btc,21836.6059674,2491.87645172,,btc,749999.041456,0.00211021,0.127565380455,183
,[],5,[],2019-01-10 08:11:41,0.0,0,0,6347036,2019-01-10 08:11:41,btc,82.15055501,0.00261,,btc,1.19002445,0.0,0.0,187
1,[],24,[],2019-02-06 08:46:35,0.0,0.000000000001,3.4103000000000004e-17,6598962,2019-02-06 08:46:35,btc,0.0,0.0,0.000000000001,btc,0.0,0.0,0.0,187
,[],17,[],2018-11-16 20:58:10,4062536.27273,0.00000001,0.000000000000550501,4708775,2018-11-16 20:58:10,btc,3.36492563466,0.195460381006,,"btc,eth",110697919.549,0.0,0.0157628953496,187
0,[],22,[],2019-02-06 08:46:38,0.0,0,0,6598963,2019-02-06 08:46:38,,1.19383767,0.0,0,,14406.036201072173,0.0,0.0,191
0,[],22,[],2019-02-06 08:39:44,0.0,0,0,6598764,2019-02-06 08:39:44,,0.0,0.0,0,,0.0,0.0,0.0,197
0,[],23,[],2019-01-20 23:31:41,0.0,0,0,6477079,2019-01-20 23:31:41,,0.0,0.0,0,,0.0,0.0,0.0,199
1,[],26,[],2019-02-06 08:39:44,0.0,0.00000000,0,6598765,2019-02-06 08:39:44,btc,0.0,728959.0,0.00000000,btc,0.0,0.0,0.0,199
0,[],17,[],2019-01-30 16:32:01,0.0,0,0,6540827,2019-01-30 16:32:01,btc,6.802544163788159,0.0,0,btc,105897.55575295,0.0,0.0,200
0,[],2,[],2019-01-20 23:30:49,0.0,0,0,6477059,2019-01-20 23:30:49,,0.0,0.0,0,,0.0,0.0,0.0,201
1,[],4,[],2019-01-25 15:51:35,2084389.58565343,0.00000936,0.000000000333526752,6499557,2019-01-25 15:51:35,btc,2.0092503037378524,0.0,0.00000936,btc,160195.80207885,0.19272417,1.242687955921835,211
1,[],7,[],2019-02-06 08:46:42,12098710.84565413,0.000001410000000000000052661867921965921368609997443854808807373046875,0.000000000048085230000000005,6598964,2019-02-06 08:46:42,btc,16567793.52924381,746349.907561,0.000001410000000000000052661867921965921368609997443854808807373046875,btc,12845658.49426751,1.02756229,4.377565496622463,212
1,[],5,[],2019-02-06 08:39:48,4.94e-06,0.00000034,0.000000000011607668,6598767,2019-02-06 08:39:48,btc,1.19781621,0.18776298,0.00000034,btc,3.209e-05,0.0,0.34665053,213
1,[],24,[],2019-02-06 08:39:49,0.0,0.000000050000,0.00000000000170701,6598768,2019-02-06 08:39:49,btc,0.0,0.0,0.000000050000,btc,0.0,0.0,0.0,213
1,[],26,[],2019-02-06 08:39:49,0.0,0.00000009,0.000000000003072618,6598769,2019-02-06 08:39:49,btc,0.0,0.0,0.00000009,btc,0.0,0.0,0.0,213
1,[],12,[],2019-01-25 02:44:32,207462.42853209,0.000001080000000000000035831255497387193287295303889550268650054931640625,0.000000000038610756000000006,6493050,2019-01-25 02:44:32,btc,85023.03793723314,0.0,0.000001080000000000000035831255497387193287295303889550268650054931640625,btc,43675.73520027,0.000146250909087,0.0348620860622024,213
1,[],22,[],2019-02-06 08:46:45,298200.0,0.00000003,0.00000000000102309,6598965,2019-02-06 08:46:45,BTC,70.20553958,0.0,0.00000003,BTC,305800.83137942315,0.0,0.007318,216
1,[],27,[],2019-02-06 08:46:47,5049502.0,0.00000002,0.00000000000068206,6598966,2019-02-06 08:46:47,btc,313.98514254952,7398.0,0.00000002,"btc,ltc",289778.48811,0.0011097,0.05099104,216
1,[],22,[],2019-02-06 08:39:57,269454.8247499803,0.00000205,0.00000000006998741,6598772,2019-02-06 08:39:57,BTC,12677.51921802,0.0,0.00000205,BTC,462092.6194149394,0.03313971,0.34952255,217
1,[],7,[],2019-02-06 08:39:58,0.0,0,0,6598773,2019-02-06 08:39:58,btc,77970.02600413912,0.0,0,btc,134531561.1214003,0.0,0.0,219
0,[],27,[],2019-02-06 08:40:00,0.0,0,0,6598774,2019-02-06 08:40:00,,5.3418937883169715,0.0,0,btc,1605140.99226592,0.0,0.0,219
0.0000000000000054,[],28,[],2019-02-06 08:40:02,205435180.397,6.0210000000000005e-18,2.0555814420000002e-22,6598775,2019-02-06 08:40:02,doge,88554.0318717675,13899.0,0.00111500,"btc,doge",4969437.84751,0.0,2.8148107900920895e-11,219
1,[],22,[],2019-02-06 08:46:51,214454.0,0.00000065,0.000000000022166950000000003,6598967,2019-02-06 08:46:51,BTC,3.00456253,0.0,0.00000065,BTC,36477.55212317522,0.00658484,0.02680819,221
1,[],24,[],2019-02-06 08:46:51,0.0,0.000000510000,0.00000000001739253,6598968,2019-02-06 08:46:51,btc,0.0,20356.63641,0.000000510000,btc,0.0,0.03486575,0.0,221
1,[],20,[],2019-02-06 08:46:53,6302435.8705,0.000000008,0.00000000000027282400000000003,6598969,2019-02-06 08:46:53,btc,5.9929239422122,895854.9938,0.000000008,btc,7542625.2928,0.008921521619,0.0151572405468,224
0,[],22,[],2019-02-06 08:47:16,0.0,0,0,6598970,2019-02-06 08:47:16,,0.0,0.0,0,,0.0,0.0,0.0,224
1,[],26,[],2019-02-06 08:47:17,0.0,0.00000022,0.00000000000750266,6598971,2019-02-06 08:47:17,btc,0.0,0.0,0.00000022,btc,0.0,0.0,0.0,231
1,[],26,[],2019-02-06 08:47:17,0.0,0.00000005,0.00000000000170515,6598972,2019-02-06 08:47:17,btc,0.0,100.0,0.00000005,btc,0.0,0.0,0.0,234
0,[],27,[],2019-02-06 08:47:19,0.0,0,0,6598973,2019-02-06 08:47:19,,0.0113483662182,0.0,0,"btc,eth",11462.99618,0.0,0.0,234
0,[],22,[],2019-02-06 08:47:22,0.0,0,0,6598974,2019-02-06 08:47:22,,2.98683176,0.0,0,,102101604.56349206,0.0,0.0,235
1,[],4,[],2019-02-06 08:40:16,785251.34010338,0.00000058,0.000000000019801316,6598784,2019-02-06 08:40:16,btc,0.1403061124061944,0.0,0.00000058,btc,129601.13090098,0.0651779,0.1574851032755147,236
1,[],24,[],2019-02-06 08:40:16,0.0,0.000000010000,0.000000000000341402,6598785,2019-02-06 08:40:16,btc,0.0,0.0,0.000000010000,btc,0.0,0.0,0.0,236
1,[],20,[],2019-02-06 08:40:18,20026997.8214,0.000000058,0.0000000000019801316,6598786,2019-02-06 08:40:18,btc,16.2924876696115,19891898.298,0.000000058,btc,26618416.9662,1.1802737070373,0.3503161663629,237
1,[],22,[],2019-02-06 08:40:22,10000.0,0.00000001,0.000000000000341402,6598787,2019-02-06 08:40:22,BTC,0.04083605,0.0,0.00000001,BTC,4179.0,0.0,0.0001,237
1,[],4,[],2019-02-06 08:40:23,4460308.06009914,0.00000033,0.000000000011266266,6598788,2019-02-06 08:40:23,btc,0.5328194658788704,0.0,0.00000033,btc,1376983.27118985,0.11524996,1.3795507836398424,238
1,[],5,[],2019-02-06 08:40:24,4.25e-06,0.00000033,0.000000000011266266,6598789,2019-02-06 08:40:24,btc,0.72834021,0.00453247,0.00000033,btc,2.957e-05,0.0,0.32344462,238
1,[],22,[],2019-02-06 08:47:26,143322.66666666666,0.00000003,0.00000000000102309,6598975,2019-02-06 08:47:26,BTC,15.41456983,0.0,0.00000003,BTC,316933.8139027493,0.00083249,0.00429968,249
0.0000000000963347,[],22,[],2019-02-06 08:47:29,1258373.0,2.890041e-18,9.855906822300001e-23,6598976,2019-02-06 08:47:29,LTC,4.03395063,0.0,0.00000003,LTC,14505871.09,1.52235799716e-13,0.03675421,252
1,[],28,[],2019-02-06 08:47:31,2361215.186,0.0000001,0.0000000000034103,6598977,2019-02-06 08:47:31,btc,164692.29823242893,70463.64,0.0000001,btc,666769.1485,0.0,0.0824220263,256
1,[],22,[],2019-02-06 08:40:38,117807.0,0.00000002,0.000000000000682804,6598793,2019-02-06 08:40:38,BTC,30.2066262,0.0,0.00000002,BTC,458846.02135702135,0.0,0.00119172,258
1,[],22,[],2019-01-26 20:58:41,368451.0,0.00000001,0.000000000000356135,6510120,2019-01-26 20:58:41,BTC,2.642917,0.0,0.00000001,"BTC,LTC",1862.0,0.0,0.02488451,259
1,[],22,[],2019-02-06 08:47:35,5366.601333333333,0.00000750,0.0000000002557725,6598978,2019-02-06 08:47:35,BTC,111115.78354377,0.0,0.00000750,BTC,5791.542661517651,0.02703022,0.03432441,262
1,[],5,[],2019-02-06 08:47:36,5.428e-05,0.00000239,0.00000000008150617000000001,6598979,2019-02-06 08:47:36,btc,0.83190064,0.04563396,0.00000239,btc,0.00049735,0.0,0.21594499,264
1,[],20,[],2019-02-06 08:47:38,1167173.2539,0.00000256,0.00000000008730368,6598980,2019-02-06 08:47:38,btc,5.0449674092351,7868.9163,0.00000256,btc,95743.7948,0.0326902441624,0.023988667949,264
1,[],22,[],2019-02-06 08:40:48,124396.0,0.00000002,0.000000000000682804,6598797,2019-02-06 08:40:48,BTC,8.53178956,0.0,0.00000002,BTC,344537.1584647885,0.00014442,0.00199029,271
0,[],22,[],2019-02-06 08:40:51,0.0,0,0,6598798,2019-02-06 08:40:51,,369.95049049,0.0,0,,14650343738.9,0.0,0.0,272
0.0000000000000054,[],28,[],2019-02-06 08:40:53,250869049709.142,6.6420000000000006e-21,2.2675920840000002e-25,6598799,2019-02-06 08:40:53,doge,298985811.9059168,6479015724.8997,0.00000123,doge,164407133969.5413,0.0,8.713340636415901e-10,272
1,[],22,[],2019-02-06 08:40:57,50547.0,0.00022000,0.000000007510844,6598800,2019-02-06 08:40:57,BTC,4.7705,0.0,0.00022000,BTC,34.0,1e-06,0.0021459,281
