pairValue,buyBook,exchangeId,sellBook,updated,buyTotal,satoshiPrice,usdPrice,exchangeLogId,created,bestPair,sellTotalBtc,volume,pairPrice,activePairs,sellTotal,volumeBtc,buyTotalBtc,coinId
1,[],3,[],2019-03-09 17:59:03,30544.522616777394,0.01255015999999999944114481564838570193387567996978759765625,0.00000049136386432,6888723,2019-03-09 17:59:03,btc,61.10764746715876,0.0,0.01255015999999999944114481564838570193387567996978759765625,btc,24.825992867935,0.0,0.3001416133660129,1
1,[],4,[],2019-03-09 17:59:04,207741.69649671,0.01265838,0.00000049560089376,6888724,2019-03-09 17:59:04,btc,10.053274702635001,0.0,0.01265838,btc,323.20413523,0.84897028,0.9789915920408758,1
1,[],5,[],2019-03-09 17:59:07,0.0,0,0,6888725,2019-03-09 17:59:07,btc,0.0,0.00466127,0,btc,0.0,0.0,0.0,1
1,[],10,[],2019-03-09 17:59:09,413916.184615,0.00998373,0.00000039088299695999996,6888726,2019-03-09 17:59:09,btc,6522.007574233093,1309.65161568,0.00998373,btc,1087.79231836,0.0,4.904450059925327,1
1,[],12,[],2019-03-09 17:59:13,109.11679147,0.0125900000000000004962696920074449735693633556365966796875,0.00000049292368,6888727,2019-03-09 17:59:13,btc,0.3001241603396,0.0,0.0125900000000000004962696920074449735693633556365966796875,btc,22.50550871,0.0624713524359,0.3672446532401,1
1,[],20,[],2019-03-09 17:59:14,1152.4748,0.010500222,0.000000411104691744,6888728,2019-03-09 17:59:14,btc,0.0554564840491,0.0,0.010500222,btc,2.4799,0.0,0.0959558605309,1
1,[],21,[],2019-03-09 17:59:15,2199.76234698,0.01256924000000000062049476668,0.00000049211088448,6888729,2019-03-09 17:59:15,btc,22.177334086869962,2963.03435114,0.01256924000000000062049476667880298919044435024261474609375,"btc,eth",2221.10937064,32.47745100978573,19.74773367622106,1
1,[],22,[],2019-03-09 17:59:20,0.0059712,0.01250000,0.0000004894,6888730,2019-03-09 17:59:20,BTC,0.31439419,0.0,0.01250000,BTC,0.12751438772928525,0.0,7.464e-05,1
1,[],24,[],2019-03-09 17:59:20,0.0,0.000000000000,0,6888731,2019-03-09 17:59:20,btc,0.0,0.0,0.000000000000,btc,0.0,0.0,0.0,1
0.0,[],25,[],2019-03-09 17:59:21,0.0,0,0,6888732,2019-03-09 17:59:21,btc,14.117399998731544,49.29488591,0.0,btc,1081.13345427,0.636,0.0,1
1,[],26,[],2019-03-09 17:59:30,0.0,0,0,6888733,2019-03-09 17:59:30,,0.0,0.0,0,,0.0,0.0,0.0,1
1,[],28,[],2019-03-09 17:59:33,993.142,0.01323000,0.00000051798096,6888734,2019-03-09 17:59:33,btc,0.147901439075,18051.0,0.01323000,btc,7.9421,0.0,0.089302756,1
0,[],2,[],2019-01-20 23:28:45,0.0,0,0,6477011,2019-01-20 23:28:45,,0.0,0.0,0,,0.0,0.0,0.0,1
1,[],5,[],2019-03-09 17:59:35,0.0,0,0,6888735,2019-03-09 17:59:35,btc,0.0,0.00337609,0,btc,0.0,0.0,0.0,2
0.0000000001233894,[],22,[],2019-03-09 17:59:39,1148.0,1.3572834e-16,5.31403596768e-21,6888736,2019-03-09 17:59:39,XMR,21.01373823,0.0,0.00000110,XMR,14319.12581,0.0,0.00087635,2
1,[],5,[],2019-03-09 17:59:40,0.0,0,0,6888737,2019-03-09 17:59:40,btc,0.0,0.66860313,0,btc,0.0,0.0,0.0,3
1,[],12,[],2019-03-09 17:59:41,1893694.75333,0.000000177,0.000000000006929904,6888738,2019-03-09 17:59:41,btc,22810.25198405414,0.0,0.000000177,btc,968684.6544,0.05383051178049554,0.27376671943941,3
0,[],28,[],2019-03-09 17:59:43,0.0,0,0,6888739,2019-03-09 17:59:43,,0.0,0.0,0,,0.0,0.0,0.0,3
0,[],2,[],2019-01-20 23:31:32,0.0,0,0,6477077,2019-01-20 23:31:32,,0.0,0.0,0,,0.0,0.0,0.0,4
1,[],4,[],2019-03-09 17:59:45,394362.28616607,0.00000032,0.00000000001252864,6888740,2019-03-09 17:59:45,btc,32.15534375957025,0.0,0.00000032,btc,707011.31512647,0.00109114,0.0476374485302292,4
1,[],12,[],2019-03-09 17:59:47,364807.0,0.00000002,0.00000000000078304,6888741,2019-03-09 17:59:47,btc,1111742.12964609,0.0,0.00000002,btc,542645.0,0.0,0.0047558800000000005,5
0,[],2,[],2019-01-20 23:31:51,0.0,0,0,6477087,2019-01-20 23:31:51,,0.0,0.0,0,,0.0,0.0,0.0,6
1,[],11,[],2019-03-09 17:59:49,4731978.6305,0.00000002,0.00000000000078304,6888742,2019-03-09 17:59:49,btc,9568.128864517479,53083.8695,0.00000002,btc,42650286.853213936,0.0,0.06211440761,6
1,[],3,[],2019-03-09 17:59:49,1084.029877642546,0.00015215000000000001201434784992017057447810657322406768798828125,0.0000000059569768,6888743,2019-03-09 17:59:49,btc,29.634085403952064,0.0,0.00015215000000000001201434784992017057447810657322406768798828125,btc,239.122414578101,0.0,0.03373018989973307,7
1,[],4,[],2019-03-09 17:59:51,99760.8423665,0.00025333,0.00000000991837616,6888744,2019-03-09 17:59:51,btc,10.472356963040742,0.0,0.00025333,btc,31786.33132683,2.82213028,6.870128703080478,7
1,[],5,[],2019-03-09 17:59:53,0.0,0,0,6888745,2019-03-09 17:59:53,btc,0.0,0.35106945,0,btc,0.0,0.0,0.0,7
1,[],20,[],2019-02-20 02:16:17,39399275.8418,0.000000001,0.0000000000000390183,6728586,2019-02-20 02:16:17,btc,116.9737569154545,525.0,0.000000001,btc,56932965.8895,5.25e-07,0.0393992758418,8
1,[],4,[],2019-03-09 17:59:56,1195372.48594654,0.00000150,0.000000000058728,6888746,2019-03-09 17:59:56,btc,5.315534757910235,0.0,0.00000150,btc,2761541.02113819,1.61538646,0.9941959219290178,9
1,[],28,[],2019-03-09 17:59:58,38863.15,0.00000166,0.00000000006499232,6888747,2019-03-09 17:59:58,btc,2708.782203270583,3578041.14,0.00000166,btc,24261.1497,0.0,0.035782829,9
0,[],2,[],2019-01-20 23:22:42,0.0,0,0,6476876,2019-01-20 23:22:42,,0.0,0.0,0,,0.0,0.0,0.0,9
0,[],23,[],2019-01-20 23:22:48,0.0,0,0,6476878,2019-01-20 23:22:48,,0.0,0.0,0,,0.0,0.0,0.0,9
1,[],1,[],2019-02-17 23:31:42,1822507.21,0.00000181000000000000003456111265232042484285557293333113193511962890625,0.000000000066086901,6701244,2019-02-17 23:31:42,btc,3.6990969245,17153386.5,0.00000181000000000000003456111265232042484285557293333113193511962890625,btc,1997391.71,31.11772986,3.2610482446,9
1,[],4,[],2019-02-17 11:22:43,4341674.27126056,0.00000002,0.0000000000007272960000000001,6696112,2019-02-17 11:22:43,btc,0.1997230937751353,0.0,0.00000002,btc,4109766.79808031,0.00215132,0.0479381022052112,10
1,[],4,[],2019-03-09 17:59:58,6361290.46736714,0.00000119,0.00000000004659088,6888748,2019-03-09 17:59:58,btc,8.72713532312794,0.0,0.00000119,btc,4905001.90962965,1.75466448,3.854641862154592,12
1,[],5,[],2019-03-09 18:00:00,0.0,0,0,6888749,2019-03-09 18:00:00,btc,0.0,0.26828526,0,btc,0.0,0.0,0.0,12
0.0,[],25,[],2019-03-09 18:00:02,0.0,0,0,6888750,2019-03-09 18:00:02,,0.0,0.0,0.0,btc,0.0,0.0,0.0,12
0,[],2,[],2019-01-20 23:23:08,0.0,0,0,6476890,2019-01-20 23:23:08,,0.0,0.0,0,,0.0,0.0,0.0,12
1,[],4,[],2019-03-09 18:00:03,32042458.21372327,0.00000588,0.00000000023021376,6888751,2019-03-09 18:00:03,btc,3.0861235845342416,0.0,0.00000588,btc,418662.5880536,0.43913707,1.3531453800073887,13
1,[],21,[],2019-03-09 18:00:06,986428.12226591,0.000005859999999999999798351406344,0.00000000022943071999999998,6888752,2019-03-09 18:00:06,btc,4.184291495088088,526419.33040345,0.000005859999999999999798351406343766001327821868471801280975341796875,btc,635204.37304135,3.10002719,5.447732510291221,13
1,[],10,[],2019-03-09 17:00:09,395585.46931811,0.00000578,0.00000000022699447199999998,6888373,2019-03-09 17:00:09,btc,666801.3272307814,7510.82368685,0.00000578,btc,717786.22940724,0.0,0.2512595535202012,13
1,[],4,[],2019-03-09 18:00:08,735940.9847621,0.00000130,0.0000000000508976,6888753,2019-03-09 18:00:08,btc,6.341317260475509,0.0,0.00000130,btc,867517.62491272,0.01279536,0.1559772762542712,14
1,[],12,[],2019-03-09 18:00:09,273721.0,0.0000015000000000000000380012861456169304119612206704914569854736328125,0.000000000058728,6888754,2019-03-09 18:00:09,btc,0.1032833579743368,0.0,0.0000015000000000000000380012861456169304119612206704914569854736328125,btc,8616.83920718,0.0009988959999905,0.0339447,14
1,[],26,[],2019-03-09 18:00:20,0.0,0.00000050,0.000000000019576,6888755,2019-03-09 18:00:20,btc,0.0,0.0,0.00000050,btc,0.0,0.0,0.0,14
0,[],17,[],2019-03-09 11:52:54,0.0,0,0,6887078,2019-03-09 11:52:54,btc,0.0,0.0,0,btc,0.0,0.0,0.0,14
0,[],4,[],2019-03-09 18:00:21,0.0,0,0,6888756,2019-03-09 18:00:21,,0.0,0.0,0,,0.0,0.0,0.0,15
,[],12,[],2018-12-01 15:15:48,204241.84496,0.00000489,0.000000000202473384,5260204,2018-12-01 15:15:48,btc,49.5475654835,0.0,,btc,35763.2193806,0.0163153972027625,0.0203389899998,15
1,[],4,[],2019-03-09 18:00:23,37517.01314065,0.00001707,0.00000000066832464,6888757,2019-03-09 18:00:23,btc,4.191428635853228,0.0,0.00001707,btc,18744.43662869,0.03495435,0.1254633214352222,18
1,[],10,[],2019-03-09 18:00:25,792117.409372,0.00001711,0.0000000006698907200000001,6888758,2019-03-09 18:00:25,btc,15.372163275597424,10518.7927117,0.00001711,btc,12489.77049778,0.0,0.268869712159938,18
1,[],12,[],2019-03-09 18:00:27,362128.54983006,0.00001629999999999999979178981479588372849320876412093639373779296875,0.0000000006381776,6888759,2019-03-09 18:00:27,btc,33008.93592637817,0.0,0.00001629999999999999979178981479588372849320876412093639373779296875,btc,711.91535114,0.0085883428357688,0.022363035976698597,18
0,[],17,[],2019-03-09 18:00:28,0.0,0,0,6888760,2019-03-09 18:00:28,btc,0.0,0.0,0,btc,0.0,0.0,0.0,18
0,[],2,[],2019-01-20 23:23:38,0.0,0,0,6476906,2019-01-20 23:23:38,,0.0,0.0,0,,0.0,0.0,0.0,18
1,[],3,[],2019-03-09 18:00:29,117160.30610423535,0.0000211899999999999987128872225294884401591843925416469573974609375,0.0000000008296308799999999,6888761,2019-03-09 18:00:29,btc,0.5092747267900425,41.2234724088,0.0000211899999999999987128872225294884401591843925416469573974609375,btc,8996.002240219015,0.0,0.013651268598768364,19
1,[],4,[],2019-03-09 18:00:30,266729.33477006,0.00002112,0.00000000082689024,6888762,2019-03-09 18:00:30,btc,2.9919067533093733,0.0,0.00002112,btc,90478.67402975,0.99633146,2.740369903062026,19
1,[],5,[],2019-03-09 18:00:31,0.0,0,0,6888763,2019-03-09 18:00:31,btc,0.0,0.01009699,0,btc,0.0,0.0,0.0,19
1,[],12,[],2019-03-09 18:00:33,169366.28395061,0.000012180000000000000274689125612237461382392211817204952239990234375,0.00000000047687136,6888764,2019-03-09 18:00:33,btc,0.2234951295300067,0.0,0.000012180000000000000274689125612237461382392211817204952239990234375,btc,365.56200924,0.0,0.0290225099999115,19
0,[],27,[],2019-03-09 18:00:35,0.0,0,0,6888765,2019-03-09 18:00:35,,0.0,0.0,0,btc,0.0,0.0,0.0,19
0,[],2,[],2019-01-20 23:24:19,0.0,0,0,6476924,2019-01-20 23:24:19,,0.0,0.0,0,,0.0,0.0,0.0,19
1,[],4,[],2019-03-09 18:00:36,2770050.98210011,0.00000012,0.00000000000469824,6888766,2019-03-09 18:00:36,btc,7.383042289760813,0.0,0.00000012,btc,2876583.25385408,0.00047882,0.0767787845231285,20
1,[],4,[],2019-03-09 18:00:37,103815793.72147027,0.00000002,0.00000000000078304,6888767,2019-03-09 18:00:37,btc,1847.863256175191,0.0,0.00000002,btc,54908384.6818267,0.0,1.1630563175500457,21
1,[],12,[],2019-03-09 18:00:38,1359458.0,0.00000001,0.00000000000039152,6888768,2019-03-09 18:00:38,btc,1247.5066061495404,0.0,0.00000001,btc,2415596.97702298,0.0,0.01359458,21
0,[],17,[],2019-03-09 18:00:50,0.0,0,0,6888769,2019-03-09 18:00:50,btc,0.0,0.0,0,btc,0.0,0.0,0.0,21
1,[],12,[],2019-03-09 18:00:51,2412924329.0,0.0000000001,0.0000000000000039152,6888770,2019-03-09 18:00:51,btc,11168.610150268343,0.0,0.0000000001,btc,1424945073.2141747,0.006800182864335664,0.24129243290000002,23
0,[],27,[],2019-03-09 18:00:54,0.0,0,0,6888771,2019-03-09 18:00:54,,13.51825636659341,0.0,0,eth,2066931.35514486,0.0,0.0,23
1,[],4,[],2019-03-09 18:00:56,594024.65363684,0.00000046,0.00000000001800992,6888772,2019-03-09 18:00:56,btc,9.409599193165363,0.0,0.00000046,btc,1609668.91465333,0.00273855,0.1580113757936585,24
1,[],22,[],2019-03-09 18:00:59,11.76,0.00000100,0.000000000039152,6888773,2019-03-09 18:00:59,BTC,7.415e-05,0.0,0.00000100,BTC,23.919354838709676,0.0,1.176e-05,24
0.0,[],25,[],2019-03-09 18:01:00,0.0,0,0,6888774,2019-03-09 18:01:00,,0.0,0.0,0.0,btc,0.0,0.0,0.0,24
1,[],4,[],2019-03-09 18:01:02,26579327.17538533,0.00000636,0.00000000024900671999999997,6888775,2019-03-09 18:01:02,btc,66.07962905721395,0.0,0.00000636,btc,242295.96195723,0.08539465,0.4495839151121453,26
1,[],10,[],2019-03-09 18:01:04,686109.99873443,0.00000601,0.00000000023530352,6888776,2019-03-09 18:01:04,btc,26.127631155120145,4201.17902656,0.00000601,btc,14082.23878667,0.0,0.2137617411445374,26
0,[],2,[],2019-01-20 23:25:56,0.0,0,0,6476976,2019-01-20 23:25:56,,0.0,0.0,0,,0.0,0.0,0.0,26
1,[],3,[],2019-03-09 18:01:05,8436944.19501412,0.00000001,0.00000000000039152,6888777,2019-03-09 18:01:05,btc,2.2726296585456245,36037.6863216,0.00000001,btc,17764993.15743837,0.0,0.08436944195014119,27
1,[],5,[],2019-03-09 18:01:33,0.0,0,0,6888778,2019-03-09 18:01:33,btc,0.0,3.325e-05,0,btc,0.0,0.0,0.0,27
1,[],11,[],2019-03-09 18:01:35,9461840.38103613,0.00000005,0.0000000000019576,6888779,2019-03-09 18:01:35,btc,67506.32843704063,170.63047893,0.00000005,btc,7972152.75036371,0.0,0.44099231334143857,27
1,[],4,[],2019-03-09 18:01:36,2166233407.2639837,0.00000001,0.00000000000039152,6888780,2019-03-09 18:01:36,btc,3.3266441315516015,0.0,0.00000001,"btc,ltc",217255800.83314952,0.22911682,9.967046889280484,29
1,[],7,[],2019-03-09 18:01:37,35576600.71560571,0.00000001,0.00000000000039152,6888781,2019-03-09 18:01:37,btc,44461616.56853579,721286.213786,0.00000001,btc,46746519.45179288,0.01442572,0.35576600715605716,29
1,[],4,[],2019-03-09 18:01:39,2390790.0780445,0.00000024,0.00000000000939648,6888782,2019-03-09 18:01:39,btc,2.638655277443441,0.0,0.00000024,btc,1974940.89598443,0.02563364,0.115512709881543,30
0,[],17,[],2019-03-09 18:01:41,0.0,0,0,6888783,2019-03-09 18:01:41,btc,0.0,0.0,0,btc,0.0,0.0,0.0,30
1,[],4,[],2019-03-09 18:01:42,167339.27100217,0.00005556,0.00000000217528512,6888784,2019-03-09 18:01:42,btc,10.879451555558838,0.0,0.00005556,btc,134944.31705179,2.81594266,1.2373767798371642,31
1,[],21,[],2019-03-09 18:01:43,94958.76374067,0.00005602000000000000235660449488,0.00000000219329504,6888785,2019-03-09 18:01:43,btc,6.74677048959192,364386.04198797,0.0000560200000000000023566044948797326696876552887260913848876953125,btc,106045.07336556,19.93402937,4.9684691481987775,31
0,[],2,[],2019-01-20 23:28:43,0.0,0,0,6477009,2019-01-20 23:28:43,,0.0,0.0,0,,0.0,0.0,0.0,32
1,[],4,[],2019-03-09 18:01:44,412025044.79028517,0.00000004,0.00000000000156608,6888786,2019-03-09 18:01:44,btc,10.60805891489439,0.0,0.00000004,"btc,ltc",198871610.68541744,0.13202204,9.74212362239743,33
1,[],12,[],2019-03-09 18:01:45,24031932.54000004,0.00000004,0.00000000000156608,6888787,2019-03-09 18:01:45,btc,1311833.353352036,0.0,0.00000004,btc,15313315.92407588,0.001807187932068,0.5737915119600016,33
1,[],4,[],2019-03-09 18:01:46,111241793.26242524,0.00000001,0.00000000000039152,6888788,2019-03-09 18:01:46,btc,3.4793803531518614,0.0,0.00000001,btc,99878165.27086955,0.04579452,1.1124179326242525,34
1,[],5,[],2019-03-09 18:01:48,0.0,0,0,6888789,2019-03-09 18:01:48,btc,0.0,0.03178483,0,btc,0.0,0.0,0.0,34
0.000000000145807,[],4,[],2019-03-09 18:01:49,1492391813.4193335,1.45807e-18,5.708635664e-23,6888790,2019-03-09 18:01:49,ltc,4.224149860833384e-08,0.0,0.00000001,ltc,6342619096.469583,0.0,2.1760117313923276e-09,36
1,[],5,[],2019-03-09 18:01:51,0.0,0,0,6888791,2019-03-09 18:01:51,btc,0.0,0.0,0,btc,0.0,0.0,0.0,36
0,[],17,[],2019-03-09 18:01:53,0.0,0,0,6888792,2019-03-09 18:01:53,btc,0.07464582812071749,0.0,0,btc,4105386.20243647,0.0,0.0,36
0.0000000003480581,[],27,[],2019-03-09 18:01:56,1090000.0,3.480581e-18,1.36271707312e-22,6888793,2019-03-09 18:01:56,eth,222.5593939951224,0.0,0.00000001,"ltc,eth",11165410.31026039,0.0,1.7245676220000001e-12,36
1,[],4,[],2019-03-09 17:52:37,254560.15442021,0.00000059,0.000000000023079738,6888591,2019-03-09 17:52:37,btc,19772.478254128946,0.0,0.00000059,btc,559465.1149379,0.00662992,0.1109859443445806,37
1,[],12,[],2019-03-09 17:52:38,403252.89155147,0.00000062,0.000000000024253284000000003,6888592,2019-03-09 17:52:38,btc,9.700601267380515,0.0,0.00000062,btc,293635.19598875,0.0733261246638481,0.12071981912929909,37
1,[],27,[],2019-03-09 17:52:41,14685.567,0.00000045,0.000000000017603190000000002,6888593,2019-03-09 17:52:41,btc,25.74903392619233,0.0,0.00000045,btc,6518.38138508,0.0,0.00480032515,37
1,[],17,[],2019-03-09 14:52:51,1752.74075282,0.00000025,0.0000000000098297,6887863,2019-03-09 14:52:51,btc,0.055484923777095005,0.0,0.00000025,btc,1319.19918473,0.0,0.00043818518820499993,37
1,[],5,[],2019-03-09 18:01:58,0.0,0,0,6888794,2019-03-09 18:01:58,btc,0.0,0.08586145,0,btc,0.0,0.0,0.0,42
1,[],12,[],2019-03-09 18:02:00,259724.57472462,0.000001039999999999999995289683661636725986454621306620538234710693359375,0.00000000004071808,6888795,2019-03-09 18:02:00,btc,0.2879423237913794,0.0,0.000001039999999999999995289683661636725986454621306620538234710693359375,btc,31298.41716886,0.1254041454438398,0.0235146145918354,42
0.0000000003480581,[],27,[],2019-03-09 18:02:02,2000.0,3.480581e-18,1.36271707312e-22,6888796,2019-03-09 18:02:02,eth,0.00315028,0.0,0.00000001,"btc,eth",11.007,0.0,6.961162e-15,42
1,[],5,[],2019-03-09 18:02:03,0.0,0,0,6888797,2019-03-09 18:02:03,btc,0.0,0.0028864,0,btc,0.0,0.0,0.0,43
1,[],12,[],2019-03-09 18:02:05,1121342.0,0.00000001,0.00000000000039152,6888798,2019-03-09 18:02:05,btc,1.8504711194405596,0.0,0.00000001,btc,4456703.97202798,0.0005494505494504,0.01121342,43
0,[],17,[],2019-03-09 17:52:51,0.0,0,0,6888599,2019-03-09 17:52:51,btc,0.0,0.0,0,btc,0.0,0.0,0.0,43
1,[],12,[],2019-03-05 01:54:08,639326.02,0.00000004,0.000000000001486676,6845775,2019-03-05 01:54:08,btc,11116042.728239931,0.0,0.00000004,btc,1103841.4595604,0.0003330765234764,0.014975410599999999,44
1,[],4,[],2019-03-09 18:02:17,298689856.09744054,0.00000003,0.00000000000117456,6888799,2019-03-09 18:02:17,btc,473.725528975142,0.0,0.00000003,"btc,ltc",11083908.09859804,0.04315357,0.28456429839552416,49
0.000000000145807,[],4,[],2019-03-09 18:02:18,445756913.583488,1.45807e-18,5.708635664e-23,6888800,2019-03-09 18:02:18,ltc,25.93605946365412,0.0,0.00000001,ltc,10000858027.006735,0.0,6.499447829886764e-10,52
0.0000000001233894,[],22,[],2019-03-09 18:02:23,80845862.0,1.233894e-18,4.8309417888e-23,6888801,2019-03-09 18:02:23,XMR,4366.97466637,0.0,0.00000001,XMR,255820234.67882353,0.0,0.80845862,57
0.0000000003480581,[],27,[],2019-03-09 18:02:25,2000.0,3.480581e-18,1.36271707312e-22,6888802,2019-03-09 18:02:25,eth,0.0,0.0,0.00000001,"btc,eth",0.0,0.0,6.961162e-15,57
0.000000000145807,[],4,[],2019-03-09 18:02:27,554644923.3319616,2.91614e-18,1.1417271328e-22,6888803,2019-03-09 18:02:27,ltc,18.807189444922024,0.0,0.00000002,ltc,4855263782.245953,0.0,1.171134193428836e-09,58
1,[],12,[],2019-03-09 18:02:27,1064636656.0,0.0000000003,0.000000000000011745599999999999,6888804,2019-03-09 18:02:27,btc,2911879.1065334277,0.0,0.0000000003,btc,1608147054.5444555,0.07889945039910091,0.2684916837,58
0,[],17,[],2019-03-09 18:02:29,0.0,0,0,6888805,2019-03-09 18:02:29,btc,1e+24,0.0,0,btc,49306342.21952568,0.0,0.0,58
0.0000000001233894,[],22,[],2019-03-09 18:02:32,137438.0,1.233894e-18,4.8309417888e-23,6888806,2019-03-09 18:02:32,XMR,69.8835922,0.0,0.00000001,XMR,9887963.0,0.0,0.00137438,58
1,[],5,[],2019-03-09 18:02:34,0.0,0,0,6888807,2019-03-09 18:02:34,btc,0.0,1.916e-05,0,btc,0.0,0.0,0.0,61
1,[],22,[],2019-03-09 18:02:45,13757.0,0.00000012,0.00000000000469824,6888808,2019-03-09 18:02:45,BTC,1002.2960049,0.0,0.00000012,BTC,14976.68361146909,0.0,0.00154987,61
1,[],26,[],2019-03-09 18:02:45,0.0,0.00000800,0.000000000313216,6888809,2019-03-09 18:02:45,btc,0.0,0.0,0.00000800,btc,0.0,0.0,0.0,61
1,[],27,[],2019-03-09 18:02:48,4411.22008,0.00000047,0.00000000001840144,6888810,2019-03-09 18:02:48,btc,2.8990263703141324,0.0,0.00000047,"btc,eth",19485.01257617,0.0,0.0012437599595275805,61
1,[],28,[],2019-03-09 18:02:49,13880.304,0.0000005,0.000000000019576,6888811,2019-03-09 18:02:49,btc,2.056312978300105,678.0,0.0000005,btc,9730.59500005,0.0,0.00566391304,61
1,[],4,[],2019-03-09 17:53:25,1345257.18659039,0.00000210,0.00000000008214822,6888613,2019-03-09 17:53:25,btc,9.043567213636235,0.0,0.00000210,btc,750922.50857556,0.06421937,1.004563303304719,67
0.0,[],25,[],2019-03-09 17:53:26,0.0,0,0,6888614,2019-03-09 17:53:26,,0.0,0.0,0.0,btc,0.0,0.0,0.0,67
1,[],12,[],2019-03-09 18:02:51,288577.08507614,0.00000028,0.00000000001096256,6888812,2019-03-09 18:02:51,btc,1127052.6211185872,0.0,0.00000028,btc,1103847.68393928,0.0182718038455626,0.0584975599343983,71
,[],5,[],2018-11-20 23:02:39,1.5e-07,0.00000005,0.000000000002128045,4862160,2018-11-20 23:02:39,btc,2.84511358,0.0,,btc,0.00036572,0.0,0.07381892,74
1,[],5,[],2019-03-09 18:02:53,0.0,0,0,6888813,2019-03-09 18:02:53,btc,0.0,0.0,0,btc,0.0,0.0,0.0,75
1,[],4,[],2019-03-09 18:02:57,13147768.81424166,0.00000001,0.00000000000039152,6888814,2019-03-09 18:02:57,btc,11388.985544584346,0.0,0.00000001,btc,40019471.49932191,0.0,0.1314776881424166,81
0,[],20,[],2019-01-25 09:30:31,0.0,0,0,6495923,2019-01-25 09:30:31,btc,0.0,0.0,0,btc,0.0,0.0,0.0,81
1,[],4,[],2019-03-09 18:02:59,24061.02313693,0.00007703,0.00000000301587856,6888815,2019-03-09 18:02:59,btc,18.13031689568914,0.0,0.00007703,btc,12428.1689142,0.01661472,0.1063162603001382,82
1,[],21,[],2019-03-09 18:03:00,764935.51950609,0.00007451000000000000320337506521,0.00000000291721552,6888816,2019-03-09 18:03:00,btc,3.5407661768484893,3940.90050957,0.000074510000000000003203375065208291516682947985827922821044921875,btc,42408.33590348,0.29458878,2.8858952828419064,82
0,[],17,[],2019-03-09 18:03:12,0.0,0,0,6888817,2019-03-09 18:03:12,btc,0.0447233088476774,0.0,0,btc,999127.19588126,0.0,0.0,84
0.000000000145807,[],4,[],2019-03-09 18:03:13,100001298.99971348,2.91614e-18,1.1417271328e-22,6888818,2019-03-09 18:03:13,ltc,1.749364662174227,0.0,0.00000002,ltc,414555296.7845717,0.0,1.6301305501985665e-10,85
,[],22,[],2018-11-20 23:09:34,3408.1,0.0000001,0.0000000000041895,4862324,2018-11-20 23:09:34,BTC,0.04624735,0.0,,BTC,4990.0,0.0,0.00033081,86
1,[],22,[],2019-03-09 18:03:16,122000.0,0.00000003,0.00000000000117456,6888819,2019-03-09 18:03:16,BTC,2.078122,0.0,0.00000003,BTC,169918.94736842104,0.0,0.00186,87
0,[],27,[],2019-03-09 18:03:19,0.0,0,0,6888820,2019-03-09 18:03:19,,0.0,0.0,0,btc,0.0,0.0,0.0,87
,[],2,[],2018-11-20 23:10:47,0.0,0,0,4862359,2018-11-20 23:10:47,,0.0,0.0,,,0.0,0.0,0.0,88
1,[],11,[],2019-03-09 18:03:21,95972.44820045,0.00014713000000000000925572118948281286066048778593540191650390625,0.00000000576043376,6888821,2019-03-09 18:03:21,btc,610.8384031441365,6311.27441818,0.00014713000000000000925572118948281286066048778593540191650390625,btc,95224.22767883,0.0,6.708096599073725,89
0,[],2,[],2019-01-20 23:31:45,0.0,0,0,6477083,2019-01-20 23:31:45,,0.0,0.0,0,,0.0,0.0,0.0,91
1,[],12,[],2019-03-09 18:03:23,249184.08057226,0.000001340000000000000087593235616190145975679115508683025836944580078125,0.000000000052463680000000004,6888822,2019-03-09 18:03:23,btc,61.50957067558109,0.0,0.000001340000000000000087593235616190145975679115508683025836944580078125,btc,117371.41015452,0.0019224869489808,0.0378467359998911,91
1,[],22,[],2019-03-09 18:03:35,65900.0,0.00000001,0.00000000000039152,6888823,2019-03-09 18:03:35,BTC,3e-06,0.0,0.00000001,BTC,1.0,0.0,0.000659,91
0,[],17,[],2019-03-09 17:53:44,0.0,0,0,6888626,2019-03-09 17:53:44,btc,0.0,0.0,0,btc,0.0,0.0,0.0,91
0,[],22,[],2019-03-09 18:03:38,0.0,0,0,6888824,2019-03-09 18:03:38,,7.50307462,0.0,0,,70597140.95714286,0.0,0.0,95
0.000000000145807,[],4,[],2019-03-09 18:03:40,646957902.1703765,7.581964000000001e-17,2.96849054528e-21,6888825,2019-03-09 18:03:40,ltc,11.894759090067277,0.0,0.00000052,ltc,136343495.56165135,0.0,1.8324556855229486e-09,96
1,[],12,[],2019-03-09 18:03:41,69932.0,0.00000001,0.00000000000039152,6888826,2019-03-09 18:03:41,btc,10.08127168,0.0,0.00000001,btc,2084261.0,1.01e-06,0.00069932,96
0,[],17,[],2019-03-09 18:03:43,0.0,0,0,6888827,2019-03-09 18:03:43,btc,0.0,0.0,0,btc,0.0,0.0,0.0,96
1,[],4,[],2019-03-09 18:03:44,1618180.83555962,0.00000023,0.00000000000900496,6888828,2019-03-09 18:03:44,btc,2.566223390972978,0.0,0.00000023,btc,2576149.48669417,0.01072494,0.1314730562261016,99
0,[],2,[],2019-01-20 23:23:55,0.0,0,0,6476914,2019-01-20 23:23:55,,0.0,0.0,0,,0.0,0.0,0.0,100
1,[],4,[],2019-03-09 18:03:45,307247.52648584,0.00004054,0.00000000158722208,6888829,2019-03-09 18:03:45,btc,11.22780168559567,0.0,0.00004054,btc,157868.59455269,0.56087851,2.443360801719081,100
1,[],22,[],2019-03-09 18:03:49,50000.0,0.00000001,0.00000000000039152,6888830,2019-03-09 18:03:49,BTC,23.49896609,0.0,0.00000001,BTC,10277.22,0.0,0.0005,101
1,[],4,[],2019-03-09 17:54:02,425627.15240211,0.00000084,0.000000000032859288,6888635,2019-03-09 17:54:02,btc,308.03552863848734,0.0,0.00000084,btc,492068.83290845,0.01449145,0.2055434354918052,103
1,[],12,[],2019-03-09 18:03:52,21942522.90500001,0.000000009,0.00000000000035236799999999995,6888831,2019-03-09 18:03:52,btc,3553843.2724458287,0.0,0.000000009,btc,64270543.81023267,0.04096623762621211,0.05213330814500009,105
1,[],27,[],2019-03-09 18:03:54,223920.39,0.00000001,0.00000000000039152,6888832,2019-03-09 18:03:54,btc,36.60591030491341,5477.5,0.00000001,btc,1301440.23571724,5.478e-05,0.0022392039,105
1,[],22,[],2019-03-09 18:03:57,9328.0,0.00000001,0.00000000000039152,6888833,2019-03-09 18:03:57,BTC,51.10837004,0.0,0.00000001,BTC,470435.0,0.0,9.328e-05,107
1,[],26,[],2019-03-09 18:03:57,0.0,0.00000000,0,6888834,2019-03-09 18:03:57,btc,0.0,0.0,0.00000000,btc,0.0,0.0,0.0,107
1,[],5,[],2019-03-09 18:03:59,0.0,0,0,6888835,2019-03-09 18:03:59,btc,0.0,0.07410352,0,btc,0.0,0.0,0.0,112
1,[],22,[],2019-03-09 18:04:03,1966.0,0.00000001,0.00000000000039152,6888836,2019-03-09 18:04:03,BTC,2.7975128,0.0,0.00000001,BTC,826524.0833333334,0.0,1.966e-05,112
0.0000000003480581,[],27,[],2019-03-09 18:04:05,2000.0,3.480581e-18,1.36271707312e-22,6888837,2019-03-09 18:04:05,eth,1.24892491849924,0.0,0.00000001,"btc,eth",1288.641654,0.0,6.961162e-15,112
1,[],4,[],2019-03-09 18:04:07,1277275.86459441,0.00000186,0.00000000007282272,6888838,2019-03-09 18:04:07,btc,4.620145173362553,0.0,0.00000186,btc,330865.28309632,0.05448915,0.960517073659917,113
1,[],5,[],2019-03-09 18:04:09,0.0,0,0,6888839,2019-03-09 18:04:09,btc,0.0,0.0,0,btc,0.0,0.0,0.0,113
1,[],17,[],2019-03-09 18:04:11,152738.278,0.00000004,0.00000000000156608,6888840,2019-03-09 18:04:11,btc,1.3368030274844418,0.0,0.00000004,btc,51896.221,0.0,0.0022095311199999998,116
0,[],27,[],2019-03-09 18:04:14,0.0,0,0,6888841,2019-03-09 18:04:14,,0.0,0.0,0,btc,0.0,0.0,0.0,116
1,[],4,[],2019-03-09 18:04:16,64888.81198631,0.00002452,0.00000000096000704,6888842,2019-03-09 18:04:16,btc,30.57743767852464,0.0,0.00002452,btc,90163.85934168,0.39859431,0.9388384549206367,120
1,[],7,[],2019-03-09 18:04:18,21002.44142339,0.0000212500000000000015265566588595902430824935436248779296875,0.0000000008319800000000001,6888843,2019-03-09 18:04:18,btc,115648.89480684382,0.0,0.0000212500000000000015265566588595902430824935436248779296875,btc,36709.119221220004,0.0,0.0537086142138293,120
1,[],20,[],2019-03-09 18:04:21,2949848.4019,0.000000034,0.000000000001331168,6888844,2019-03-09 18:04:21,btc,33.6158386038068,61770.5,0.000000034,btc,1013047.029,0.0021517978668,0.0388204874796,125
1,[],22,[],2019-03-09 18:04:25,3053.0,0.00000001,0.00000000000039152,6888845,2019-03-09 18:04:25,BTC,0.01444887,0.0,0.00000001,BTC,296263.5111111111,0.0,3.053e-05,126
1,[],4,[],2019-03-09 18:04:26,140378.91335273,0.00001303,0.00000000051015056,6888846,2019-03-09 18:04:26,btc,3.5923023398839034,0.0,0.00001303,btc,122118.86311712,0.13856765,0.5845215959552126,131
0,[],2,[],2019-01-20 23:25:46,0.0,0,0,6476969,2019-01-20 23:25:46,,0.0,0.0,0,,0.0,0.0,0.0,131
0,[],17,[],2019-03-09 17:54:58,0.0,0,0,6888652,2019-03-09 17:54:58,btc,0.0009561751951600001,0.0,0,btc,35.42829368,0.0,0.0,131
1,[],4,[],2019-03-09 18:04:38,4547.79300483,0.00016000,0.00000000626432,6888847,2019-03-09 18:04:38,btc,1.6192534138397132,0.0,0.00016000,btc,239.25503526,0.0,0.0068861669225237,135
1,[],3,[],2019-03-07 00:20:44,877702.73244099,0.00000004,0.00000000000154846,6863392,2019-03-07 00:20:44,btc,0.119366241821405,0.0,0.00000004,btc,760637.99421222,0.0,0.023771231960604298,136
1,[],4,[],2019-03-09 18:04:39,240569.65518927,0.00000159,0.00000000006225167999999999,6888848,2019-03-09 18:04:39,btc,38.67739968212816,0.0,0.00000159,btc,520333.33024037,0.02507955,0.0633395350093502,137
1,[],12,[],2019-03-09 18:04:40,214407.66666667,0.000001399999999999999936647356556240762159859514213167130947113037109375,0.0000000000548128,6888849,2019-03-09 18:04:40,btc,5.0615150309893275,0.0,0.000001399999999999999936647356556240762159859514213167130947113037109375,btc,4475.71785678,0.0048964967710316,0.0048095100000001,137
1,[],4,[],2019-03-09 18:04:41,16297.86774297,0.00003840,0.0000000015034368,6888850,2019-03-09 18:04:41,btc,28.555078877738616,0.0,0.00003840,btc,47331.1818724,0.27036302,0.4373050009162218,142
1,[],5,[],2019-03-09 18:04:43,0.0,0,0,6888851,2019-03-09 18:04:43,btc,0.0,0.17260465,0,btc,0.0,0.0,0.0,142
1,[],17,[],2019-03-09 18:04:54,22967.386363640002,0.00000088,0.00000000003445376,6888852,2019-03-09 18:04:54,btc,20.0699133484,0.0,0.00000088,btc,405.079105,0.0,0.0104613000000032,142
1,[],20,[],2019-03-09 18:04:56,135519.0898,0.00004001,0.00000000156647152,6888853,2019-03-09 18:04:56,btc,0.3393177797982,308.3314,0.00004001,btc,2289.9773,0.013786553551,0.3056685852209,142
1,[],22,[],2019-03-09 18:04:59,1470.8988921568628,0.00004000,0.00000000156608,6888854,2019-03-09 18:04:59,BTC,3.00385504,0.0,0.00004000,BTC,891.218,0.0,0.0012358,142
0.0,[],25,[],2019-03-09 18:05:01,0.0,0,0,6888855,2019-03-09 18:05:01,,0.0,0.0,0.0,btc,0.0,0.0,0.0,142
1,[],28,[],2019-03-09 18:05:03,76201.664,0.00001500,0.00000000058728,6888856,2019-03-09 18:05:03,btc,0.067100461059305,1587.0,0.00001500,btc,552.61077999,0.0,0.00546896,142
0,[],22,[],2019-03-09 18:05:06,0.0,0,0,6888857,2019-03-09 18:05:06,,65.61831169,0.0,0,,1037691921.3,0.0,0.0,143
0,[],22,[],2019-02-25 15:42:22,0.0,0,0,6783783,2019-02-25 15:42:22,,4.2131946,0.0,0,,2322156.0,0.0,0.0,146
,[],22,[],2018-11-20 23:01:11,0.0,0,0,4862114,2018-11-20 23:01:11,,2.56807021,0.0,,,61828.4988236,0.0,0.0,147
1,[],12,[],2019-03-09 18:05:08,334431.46724029,0.00000216999999999999997591878554692446101626046583987772464752197265625,0.00000000008495984,6888858,2019-03-09 18:05:08,btc,1.7070267086747015,0.0,0.00000216999999999999997591878554692446101626046583987772464752197265625,btc,27058.32742472,0.0013246441610386,0.0280513099999368,148
1,[],4,[],2019-03-09 18:05:09,251471.4151406,0.00000029,0.00000000001135408,6888859,2019-03-09 18:05:09,btc,219.99891388657994,0.0,0.00000029,btc,841115.47983247,0.0,0.0597702236452566,152
0,[],22,[],2019-03-09 18:05:12,0.0,0,0,6888860,2019-03-09 18:05:12,,0.0,0.0,0,,0.0,0.0,0.0,152
1,[],5,[],2019-03-09 18:05:15,0.0,0,0,6888861,2019-03-09 18:05:15,btc,0.0,0.0,0,btc,0.0,0.0,0.0,153
,[],16,[],2019-01-11 15:38:59,0.0,0,0,6366141,2019-01-11 15:38:59,btc,0.0,0.0,,btc,0.0,0.0,0.0,155
0,[],23,[],2019-01-20 23:24:29,0.0,0,0,6476932,2019-01-20 23:24:29,,0.0,0.0,0,,0.0,0.0,0.0,156
0,[],22,[],2019-03-09 18:05:18,0.0,0,0,6888862,2019-03-09 18:05:18,,6.7463781,0.0,0,,4673397.242592593,0.0,0.0,156
1,[],22,[],2019-03-09 18:05:32,7134.80396467832,0.00005549,0.00000000217254448,6888863,2019-03-09 18:05:32,BTC,1.80155055,0.0,0.00005549,BTC,865.6461988741639,0.00188644,0.00442847,157
0,[],22,[],2019-03-09 17:55:45,0.0,0,0,6888670,2019-03-09 17:55:45,,50175.67608608,0.0,0,,54079135.04179466,0.0,0.0,158
,[],17,[],2018-11-20 22:56:10,0.0,0,0,4861976,2018-11-20 22:56:10,btc,1.1265625,0.0,,btc,1000.0,0.0,0.0,159
,[],20,[],2018-11-20 22:56:12,0.0,0,0,4861977,2018-11-20 22:56:12,btc,11912.7940471,0.0,,btc,34413894.3617,0.0,0.0,159
1,[],12,[],2019-03-09 18:05:34,220688.81499791,0.00000675999999999999965174558858027609176133410073816776275634765625,0.00000000026466752,6888864,2019-03-09 18:05:34,btc,0.7738015651458753,0.0,0.00000675999999999999965174558858027609176133410073816776275634765625,btc,8108.1575440999995,0.0013206456,0.0950779569829218,168
1,[],17,[],2019-03-09 17:55:47,29784.95,0.000001,0.0000000000391182,6888672,2019-03-09 17:55:47,btc,0.03026736251542,0.0,0.000001,btc,144.46171372,0.0,0.00716147,168
0,[],22,[],2019-03-07 13:06:36,0.0,0,0,6867364,2019-03-07 13:06:36,,1.1339604,0.0,0,,520283.17470714403,0.0,0.0,169
1,[],22,[],2019-03-09 18:05:48,227265.66666666666,0.0000001,0.0000000000039152,6888865,2019-03-09 18:05:48,BTC,14.35049674,0.0,0.0000001,BTC,156152.1439341018,4.942e-05,0.00307017,171
1,[],22,[],2019-03-09 18:05:52,927527.1083333333,0.00000011,0.00000000000430672,6888866,2019-03-09 18:05:52,BTC,2.25172749,0.0,0.00000011,"BTC,LTC",277139.75702497776,0.0,0.03105863,173
1,[],5,[],2019-03-05 01:59:40,0.0,0,0,6845846,2019-03-05 01:59:40,btc,0.0,0.00384852,0,btc,0.0,0.0,0.0,175
1,[],22,[],2019-03-09 18:05:56,35500.0,0.00000012,0.00000000000469824,6888867,2019-03-09 18:05:56,BTC,0.54559973,0.0,0.00000012,BTC,137776.41444619838,0.0,0.00206,176
1,[],7,[],2019-03-09 18:05:58,0.0,0,0,6888868,2019-03-09 18:05:58,btc,410914.89015791274,19857.1428571,0,btc,116624946.54749101,0.00019857,0.0,178
0,[],22,[],2019-03-09 18:06:01,0.0,0,0,6888869,2019-03-09 18:06:01,,1.00242438,0.0,0,,57522.0,0.0,0.0,178
0,[],2,[],2019-01-20 23:28:34,0.0,0,0,6477001,2019-01-20 23:28:34,,0.0,0.0,0,,0.0,0.0,0.0,178
0,[],23,[],2019-01-20 23:25:08,0.0,0,0,6476952,2019-01-20 23:25:08,,0.0,0.0,0,,0.0,0.0,0.0,179
1,[],5,[],2019-03-09 18:06:04,0.0,0,0,6888870,2019-03-09 18:06:04,btc,0.0,0.08028314,0,btc,0.0,0.0,0.0,179
1,[],22,[],2019-03-09 18:06:08,6875818.5,0.00000002,0.00000000000078304,6888871,2019-03-09 18:06:08,BTC,5.65177479,0.0,0.00000002,"BTC,LTC",17775192.756535422,0.00121632,0.37245709,179
1,[],17,[],2019-03-09 17:07:05,10504.725,0.0000001,0.000000000003927239999999999,6888488,2019-03-09 17:07:05,btc,5.201069583844252,0.0,0.0000001,btc,5033.45945,0.0,0.0010504725,180
1,[],22,[],2019-03-09 18:06:13,650016.7090909091,0.00000165,0.0000000000646008,6888872,2019-03-09 18:06:13,BTC,0.18180453,0.0,0.00000165,"BTC,LTC",48416.756131308655,0.01027103,0.55870298,180
1,[],26,[],2019-03-09 18:06:13,0.0,0.00000125,0.00000000004894,6888873,2019-03-09 18:06:13,btc,0.0,194.0,0.00000125,btc,0.0,0.0,0.0,180
,[],7,[],2018-11-20 22:58:01,562227.975654,0.00000085,0.000000000036176765,4862015,2018-11-20 22:58:01,btc,21836.6059674,2491.87645172,,btc,749999.041456,0.00211021,0.127565380455,183
,[],5,[],2019-01-10 08:11:41,0.0,0,0,6347036,2019-01-10 08:11:41,btc,82.15055501,0.00261,,btc,1.19002445,0.0,0.0,187
,[],17,[],2018-11-16 20:58:10,4062536.27273,0.00000001,0.000000000000550501,4708775,2018-11-16 20:58:10,btc,3.36492563466,0.195460381006,,"btc,eth",110697919.549,0.0,0.0157628953496,187
1,[],24,[],2019-03-09 18:06:14,0.0,0.000000000001,3.9151999999999996e-17,6888874,2019-03-09 18:06:14,btc,0.0,0.0,0.000000000001,btc,0.0,0.0,0.0,187
0,[],22,[],2019-03-09 18:06:17,0.0,0,0,6888875,2019-03-09 18:06:17,,7.54797454,0.0,0,,79361.7243344055,0.0,0.0,191
0,[],22,[],2019-03-09 17:56:51,0.0,0,0,6888684,2019-03-09 17:56:51,,0.0,0.0,0,,0.0,0.0,0.0,197
0,[],23,[],2019-01-20 23:31:41,0.0,0,0,6477079,2019-01-20 23:31:41,,0.0,0.0,0,,0.0,0.0,0.0,199
0,[],22,[],2019-03-09 17:56:54,0.0,0,0,6888685,2019-03-09 17:56:54,,5.19076992,0.0,0,,21057923.0,0.0,0.0,199
1,[],26,[],2019-03-09 17:56:54,0.0,0.00000000,0,6888686,2019-03-09 17:56:54,btc,0.0,127753.0,0.00000000,btc,0.0,0.0,0.0,199
0,[],17,[],2019-01-30 16:32:01,0.0,0,0,6540827,2019-01-30 16:32:01,btc,6.802544163788159,0.0,0,btc,105897.55575295,0.0,0.0,200
0,[],2,[],2019-01-20 23:30:49,0.0,0,0,6477059,2019-01-20 23:30:49,,0.0,0.0,0,,0.0,0.0,0.0,201
1,[],4,[],2019-01-25 15:51:35,2084389.58565343,0.00000936,0.000000000333526752,6499557,2019-01-25 15:51:35,btc,2.0092503037378524,0.0,0.00000936,btc,160195.80207885,0.19272417,1.242687955921835,211
1,[],7,[],2019-03-09 18:06:20,3586455.37677205,0.000001080000000000000035831255497387193287295303889550268650054931640625,0.00000000004228416,6888876,2019-03-09 18:06:20,btc,15476654.167326977,598153.861646,0.000001080000000000000035831255497387193287295303889550268650054931640625,btc,13711992.86521211,0.65171059,1.9777366763428117,212
1,[],12,[],2019-01-25 02:44:32,207462.42853209,0.000001080000000000000035831255497387193287295303889550268650054931640625,0.000000000038610756000000006,6493050,2019-01-25 02:44:32,btc,85023.03793723314,0.0,0.000001080000000000000035831255497387193287295303889550268650054931640625,btc,43675.73520027,0.000146250909087,0.0348620860622024,213
1,[],5,[],2019-03-09 18:06:21,0.0,0,0,6888877,2019-03-09 18:06:21,btc,0.0,0.08906184,0,btc,0.0,0.0,0.0,213
1,[],24,[],2019-03-09 18:06:22,0.0,0.000000120000,0.00000000000469824,6888878,2019-03-09 18:06:22,btc,0.0,0.0,0.000000120000,btc,0.0,0.0,0.0,213
1,[],26,[],2019-03-09 18:06:22,0.0,0.00000010,0.0000000000039152,6888879,2019-03-09 18:06:22,btc,0.0,0.0,0.00000010,btc,0.0,0.0,0.0,213
1,[],22,[],2019-03-09 18:06:27,65000.0,0.00000002,0.00000000000078304,6888880,2019-03-09 18:06:27,BTC,2.28062382,0.0,0.00000002,BTC,675757.3963726171,0.0,0.00105,216
1,[],27,[],2019-03-09 18:06:29,1298122.0,0.00000003,0.00000000000117456,6888881,2019-03-09 18:06:29,btc,317.9840534547724,480.0,0.00000003,"btc,ltc",240763.990324,1.44e-05,0.033757640000262455,216
1,[],22,[],2019-03-09 18:06:33,157166.52409638555,0.00000172,0.00000000006734144,6888882,2019-03-09 18:06:33,BTC,12673.57176195,0.0,0.00000172,BTC,432481.779803172,0.02623645,0.1669023,217
1,[],7,[],2019-03-09 18:06:35,0.0,0,0,6888883,2019-03-09 18:06:35,btc,77969.38823110008,1000.0,0,btc,135865036.11822966,1e-05,0.0,219
0,[],27,[],2019-03-09 18:06:37,0.0,0,0,6888884,2019-03-09 18:06:37,,0.04027288,0.0,0,btc,2037233.0,0.0,0.0,219
0.0000000000000051,[],28,[],2019-03-09 18:06:40,168978802.075,7.65e-18,2.9951279999999997e-22,6888885,2019-03-09 18:06:40,doge,84451.8501148375,19348.0,0.00150000,"btc,doge",3563815.34751,0.0,1.6718492800664656e-11,219
1,[],22,[],2019-03-09 18:06:43,348342.5,0.00000006,0.00000000000234912,6888886,2019-03-09 18:06:43,BTC,2.76264714,0.0,0.00000006,BTC,89545.24541875876,0.0,0.01427975,221
1,[],24,[],2019-03-09 18:06:43,0.0,0.000000200000,0.0000000000078304,6888887,2019-03-09 18:06:43,btc,0.0,0.0,0.000000200000,btc,0.0,0.0,0.0,221
1,[],20,[],2019-03-09 18:06:45,39105329.5253,0.000000001,0.000000000000039152,6888888,2019-03-09 18:06:45,btc,48.4424962759203,0.0,0.000000001,btc,16089766.8029,0.0,0.0391053295253,224
0,[],22,[],2019-03-09 18:06:48,0.0,0,0,6888889,2019-03-09 18:06:48,,0.0,0.0,0,,0.0,0.0,0.0,224
1,[],26,[],2019-03-09 18:06:48,0.0,0.00000035,0.0000000000137032,6888890,2019-03-09 18:06:48,btc,0.0,0.0,0.00000035,btc,0.0,0.0,0.0,231
1,[],26,[],2019-03-09 18:06:48,0.0,0.00000005,0.0000000000019576,6888891,2019-03-09 18:06:48,btc,0.0,200.0,0.00000005,btc,0.0,0.0,0.0,234
0.0000000003480581,[],27,[],2019-03-09 18:06:51,2000.0,3.480581e-18,1.36271707312e-22,6888892,2019-03-09 18:06:51,eth,0.01134836604,0.0,0.00000001,"btc,eth",11462.996,0.0,6.961162e-15,234
1,[],4,[],2019-03-09 18:06:52,764841.6044856,0.00000075,0.000000000029364,6888893,2019-03-09 18:06:52,btc,4.350371448978274,0.0,0.00000075,btc,1234435.82274963,0.02681563,0.1877901649964832,236
1,[],24,[],2019-03-09 18:06:52,0.0,0.000000300000,0.0000000000117456,6888894,2019-03-09 18:06:52,btc,0.0,0.0,0.000000300000,btc,0.0,0.0,0.0,236
1,[],20,[],2019-03-09 18:06:54,198999285.9116,0.000000054,0.0000000000021142079999999998,6888895,2019-03-09 18:06:54,btc,13.7145851850588,16192871.4128,0.000000054,btc,38750838.2135,0.9245741100391,0.3181815103025,237
0.000000000145807,[],22,[],2019-03-09 18:06:58,751594.9,2.4787190000000002e-17,9.704680628800001e-22,6888896,2019-03-09 18:06:58,LTC,0.0405823,0.0,0.00000017,LTC,3164.0,0.0,0.12541949,237
1,[],4,[],2019-03-09 17:57:53,9618149.0231452,0.00000039,0.000000000015256098,6888708,2019-03-09 17:57:53,btc,9.08698086605197,0.0,0.00000039,btc,10677814.56121795,0.26271345,2.549536124511746,238
1,[],5,[],2019-03-09 17:57:55,0.0,0,0,6888709,2019-03-09 17:57:55,btc,0.0,0.10844751,0,btc,0.0,0.0,0.0,238
0,[],22,[],2019-03-09 17:57:57,0.0,0,0,6888710,2019-03-09 17:57:57,,0.40415028,0.0,0,,526436.5639027493,0.0,0.0,249
0.000000000145807,[],22,[],2019-03-09 18:07:02,49087200.666666664,5.83228e-18,2.2834542656e-22,6888897,2019-03-09 18:07:02,LTC,0.90188236,0.0,0.00000004,LTC,17061399.253636364,0.0,1.18162413,252
1,[],28,[],2019-03-09 18:07:04,2806323.713,0.00000038,0.00000000001487776,6888898,2019-03-09 18:07:04,btc,164734.2977290928,13467.4,0.00000038,btc,3014960.2027,0.0,0.57997390182,256
1,[],22,[],2019-03-09 17:58:11,1368658.8333333333,0.00000004,0.0000000000015647280000000002,6888713,2019-03-09 17:58:11,BTC,31.45943656,0.0,0.00000004,BTC,706416.3568978057,0.00011569,0.02030077,258
1,[],22,[],2019-03-09 17:58:15,48751.0,0.00000001,0.00000000000039118200000000005,6888714,2019-03-09 17:58:15,BTC,2.4175745,0.0,0.00000001,BTC,1762.0,0.0,0.00048751,259
1,[],5,[],2019-03-09 18:07:05,0.0,0,0,6888899,2019-03-09 18:07:05,btc,0.0,0.13348744,0,btc,0.0,0.0,0.0,264
1,[],20,[],2019-03-09 18:07:07,1253696.2528,0.0000018,0.0000000000704736,6888900,2019-03-09 18:07:07,btc,7.4534380234948,115162.4266,0.0000018,btc,99664.3433,0.2623445297692,0.0222989500902,264
0,[],22,[],2019-03-09 18:07:09,0.0,0,0,6888901,2019-03-09 18:07:09,,8.75643939,0.0,0,,466495.2241309945,0.0,0.0,271
0,[],22,[],2019-03-09 18:07:12,0.0,0,0,6888902,2019-03-09 18:07:12,,266.24197304,0.0,0,,13936792767.692,0.0,0.0,272
0.0000000000000051,[],28,[],2019-03-09 18:07:14,222263356712.905,5.202e-21,2.03668704e-25,6888903,2019-03-09 18:07:14,doge,37038608.17065604,31369483120.746,0.00000102,doge,225194084364.8329,0.0,6.284742494443215e-10,272
1,[],22,[],2019-03-09 18:07:19,177233.74,0.0000007,0.0000000000274064,6888904,2019-03-09 18:07:19,BTC,177.96748736,0.0,0.0000007,"BTC,LTC",32541.441119091924,0.0532615,0.06820275,281
1,[],22,[],2019-03-09 18:07:22,815515.0833333334,0.00000012,0.00000000000469824,6888905,2019-03-09 18:07:22,BTC,1.29908525,0.0,0.00000012,BTC,122083.61742314821,0.04907115,0.00840847,286
0,[],22,[],2019-03-09 17:58:41,0.0,0,0,6888722,2019-03-09 17:58:41,,43638.82491513,0.0,0,,700126356.0,0.0,0.0,294
