pairValue,buyBook,exchangeId,sellBook,updated,buyTotal,satoshiPrice,usdPrice,exchangeLogId,created,bestPair,sellTotalBtc,volume,pairPrice,activePairs,sellTotal,volumeBtc,buyTotalBtc,coinId
1,[],3,[],2019-02-24 08:31:44,30562.31157179672,0.01310943000000000004112710172421429888345301151275634765625,0.00000054617818209,6772043,2019-02-24 08:31:44,btc,61.10146757136162,0.0,0.01310943000000000004112710172421429888345301151275634765625,btc,23.917495924907,0.0,0.353023625325562,1
1,[],4,[],2019-02-24 08:31:45,302965.49821702,0.01314914,0.00000054783261982,6772044,2019-02-24 08:31:45,btc,9.134578112816085,0.0,0.01314914,btc,253.12943011,0.72863307,1.2975382117500491,1
1,[],5,[],2019-02-24 08:31:47,0.0,0,0,6772045,2019-02-24 08:31:47,btc,0.0,0.17965731,0,btc,0.0,0.0,0.0,1
1,[],10,[],2019-02-24 08:31:49,414622.38314996,0.01163545,0.0000004847677533500001,6772046,2019-02-24 08:31:49,btc,6522.843820941657,1063.30865469,0.01163545,btc,1054.23738329,0.0,5.442582731184936,1
1,[],12,[],2019-02-24 08:31:52,10444.49214682,0.01315999999999999982291942757228753180243074893951416015625,0.00000054828508,6772047,2019-02-24 08:31:52,btc,0.1942982748682,0.0,0.01315999999999999982291942757228753180243074893951416015625,btc,7.48517128,0.1440903479947,0.4707185844697,1
1,[],20,[],2019-02-24 08:31:54,1150.428,0.010500214,0.00000043747041588200004,6772048,2019-02-24 08:31:54,btc,0.0616431583457,0.2998,0.010500214,btc,2.788,0.0031635906448,0.0915544251227,1
1,[],21,[],2019-02-24 08:31:58,2273.38954422,0.01316168000000000025406787785,0.00000054835507384,6772049,2019-02-24 08:31:58,btc,30.670728398633877,8780.32726037,0.01316168000000000025406787784731932333670556545257568359375,"btc,eth",3071.62822493,104.46887087520206,20.42827859094876,1
1,[],22,[],2019-02-24 08:32:03,0.0163776,0.01300000,0.000000541619,6772050,2019-02-24 08:32:03,BTC,0.31423927,0.0,0.01300000,BTC,0.11751954901960784,0.0,0.00020972,1
1,[],24,[],2019-02-24 08:32:03,0.0,0.000000000000,0,6772051,2019-02-24 08:32:03,btc,0.0,0.0,0.000000000000,btc,0.0,0.0,0.0,1
0.0,[],25,[],2019-02-24 08:32:04,0.0,0,0,6772052,2019-02-24 08:32:04,btc,16.49079999780978,304.78266132,0.0,btc,1217.89148882,3.9489,0.0,1
1,[],26,[],2019-02-24 08:32:05,0.0,0,0,6772053,2019-02-24 08:32:05,,0.0,0.0,0,,0.0,0.0,0.0,1
1,[],28,[],2019-02-24 08:32:11,993.21,0.01323000,0.00000055120149,6772054,2019-02-24 08:32:11,btc,0.162839806,3170.8,0.01323000,btc,8.9,0.0,0.090071836,1
0,[],2,[],2019-01-20 23:28:45,0.0,0,0,6477011,2019-01-20 23:28:45,,0.0,0.0,0,,0.0,0.0,0.0,1
1,[],5,[],2019-02-24 08:32:12,0.0,0,0,6772055,2019-02-24 08:32:12,btc,0.0,0.00016416,0,btc,0.0,0.0,0.0,2
0.0000000001317557,[],22,[],2019-02-24 08:32:15,1148.0,1.4493127e-16,6.03827150201e-21,6772056,2019-02-24 08:32:15,XMR,21.01373823,0.0,0.00000110,XMR,14319.12581,0.0,0.00087635,2
1,[],5,[],2019-02-24 08:32:16,0.0,0,0,6772057,2019-02-24 08:32:16,btc,0.0,0.99119342,0,btc,0.0,0.0,0.0,3
1,[],12,[],2019-02-24 08:32:18,13309084.24674,0.000000175,0.000000000007291025,6772058,2019-02-24 08:32:18,btc,924396.5834382493,0.0,0.000000175,btc,8473640.28721418,0.17117322700502632,0.6709460118535,3
0,[],28,[],2019-02-24 08:32:23,0.0,0,0,6772059,2019-02-24 08:32:23,,0.0,0.0,0,,0.0,0.0,0.0,3
0,[],2,[],2019-01-20 23:31:32,0.0,0,0,6477077,2019-01-20 23:31:32,,0.0,0.0,0,,0.0,0.0,0.0,4
1,[],4,[],2019-02-22 15:52:28,400439.70738348,0.00000032,0.000000000012596480000000001,6759744,2019-02-22 15:52:28,btc,31.576426407239886,0.0,0.00000032,btc,685876.08766458,0.0,0.0547125982053145,4
1,[],12,[],2019-02-22 14:50:14,1367032.5219999999,0.00000003,0.000000000001190475,6759350,2019-02-22 14:50:14,btc,11013869.583570713,0.0,0.00000003,btc,1211697.32371984,0.00024567976024,0.02065290044,5
0,[],2,[],2019-01-20 23:31:51,0.0,0,0,6477087,2019-01-20 23:31:51,,0.0,0.0,0,,0.0,0.0,0.0,6
1,[],11,[],2019-02-24 08:32:25,3301329.5,0.00000002,0.00000000000083326,6772060,2019-02-24 08:32:25,btc,9432.836945181234,61187.0,0.00000002,btc,41471686.95347657,0.0,0.033501425,6
1,[],3,[],2019-02-24 08:32:27,1091.857220066689,0.00015102999999999999563259078794175138682476244866847991943359375,0.00000000629236289,6772061,2019-02-24 08:32:27,btc,27.605796873748474,0.0,0.00015102999999999999563259078794175138682476244866847991943359375,btc,249.144760639695,0.0,0.03419745781762677,7
1,[],4,[],2019-02-24 08:32:27,97674.01930472,0.00024708,0.00000001029409404,6772062,2019-02-24 08:32:27,btc,16.907127410705076,0.0,0.00024708,btc,49135.63027193,8.34009521,5.8258472516143325,7
1,[],5,[],2019-02-24 08:32:28,0.0,0,0,6772063,2019-02-24 08:32:28,btc,0.0,1.7120953,0,btc,0.0,0.0,0.0,7
1,[],20,[],2019-02-20 02:16:17,39399275.8418,0.000000001,0.0000000000000390183,6728586,2019-02-20 02:16:17,btc,116.9737569154545,525.0,0.000000001,btc,56932965.8895,5.25e-07,0.0393992758418,8
0,[],2,[],2019-01-20 23:22:42,0.0,0,0,6476876,2019-01-20 23:22:42,,0.0,0.0,0,,0.0,0.0,0.0,9
0,[],23,[],2019-01-20 23:22:48,0.0,0,0,6476878,2019-01-20 23:22:48,,0.0,0.0,0,,0.0,0.0,0.0,9
1,[],4,[],2019-02-24 08:32:30,2037282.65894955,0.00000189,0.00000000007874307,6772064,2019-02-24 08:32:30,btc,4.449483739249856,0.0,0.00000189,btc,1964514.86115222,4.06226899,0.9130787789241723,9
1,[],28,[],2019-02-24 08:32:31,43300.0,0.00000166,0.00000000006916058000000001,6772065,2019-02-24 08:32:31,btc,2708.763440957195,844534.51,0.00000166,btc,12613.2201,0.0,0.043148,9
1,[],1,[],2019-02-17 23:31:42,1822507.21,0.00000181000000000000003456111265232042484285557293333113193511962890625,0.000000000066086901,6701244,2019-02-17 23:31:42,btc,3.6990969245,17153386.5,0.00000181000000000000003456111265232042484285557293333113193511962890625,btc,1997391.71,31.11772986,3.2610482446,9
1,[],4,[],2019-02-17 11:22:43,4341674.27126056,0.00000002,0.0000000000007272960000000001,6696112,2019-02-17 11:22:43,btc,0.1997230937751353,0.0,0.00000002,btc,4109766.79808031,0.00215132,0.0479381022052112,10
0,[],2,[],2019-01-20 23:23:08,0.0,0,0,6476890,2019-01-20 23:23:08,,0.0,0.0,0,,0.0,0.0,0.0,12
1,[],4,[],2019-02-24 08:32:33,2712647.70495628,0.00000132,0.00000000005499516,6772066,2019-02-24 08:32:33,btc,13.938124936694543,0.0,0.00000132,btc,6910094.21500801,3.94562439,1.8164509333980332,12
1,[],5,[],2019-02-24 08:32:34,0.0,0,0,6772067,2019-02-24 08:32:34,btc,0.0,0.51156594,0,btc,0.0,0.0,0.0,12
0.0,[],25,[],2019-02-24 08:32:35,0.0,0,0,6772068,2019-02-24 08:32:35,,0.0,0.0,0.0,btc,0.0,0.0,0.0,12
1,[],4,[],2019-02-24 08:32:36,1398581.34203172,0.00000560,0.0000000002333128,6772069,2019-02-24 08:32:36,btc,3.0968871288626696,0.0,0.00000560,btc,424706.17003445,0.82155004,0.7676131731015791,13
1,[],21,[],2019-02-24 08:32:39,521694.70902988,0.000005630000000000000306391197136,0.00000000023456269,6772070,2019-02-24 08:32:39,btc,7.634225778561016,361151.14034774,0.000005630000000000000306391197135713611032770131714642047882080078125,btc,1250422.58274435,2.05924707,2.7131407911719276,13
1,[],10,[],2019-02-24 07:32:43,486681.8371167,0.00000538,0.00000000022370578000000004,6771876,2019-02-24 07:32:43,btc,666802.6292402993,27311.1112522,0.00000538,btc,749190.55042021,0.0,0.359357908782933,13
1,[],4,[],2019-02-24 08:32:40,670158.71530033,0.00000132,0.00000000005499516,6772071,2019-02-24 08:32:40,btc,12.923478037978931,0.0,0.00000132,btc,882193.23792597,0.0106689,0.1319888972412348,14
1,[],12,[],2019-02-24 08:32:41,119216.91304348,0.00000110999999999999996035831596741250137938550324179232120513916015625,0.00000000004624593,6772072,2019-02-24 08:32:41,btc,5.292062009225207,0.0,0.00000110999999999999996035831596741250137938550324179232120513916015625,btc,32406.19773647,0.0001117714608128,0.0242673700000004,14
0,[],17,[],2019-02-24 08:32:54,0.0,0,0,6772073,2019-02-24 08:32:54,btc,0.0,0.0,0,btc,0.0,0.0,0.0,14
1,[],26,[],2019-02-24 08:32:54,0.0,0.00000050,0.0000000000208315,6772074,2019-02-24 08:32:54,btc,0.0,0.0,0.00000050,btc,0.0,0.0,0.0,14
0,[],4,[],2019-02-24 08:32:55,0.0,0,0,6772075,2019-02-24 08:32:55,,0.0,0.0,0,,0.0,0.0,0.0,15
,[],12,[],2018-12-01 15:15:48,204241.84496,0.00000489,0.000000000202473384,5260204,2018-12-01 15:15:48,btc,49.5475654835,0.0,,btc,35763.2193806,0.0163153972027625,0.0203389899998,15
0,[],2,[],2019-01-20 23:23:38,0.0,0,0,6476906,2019-01-20 23:23:38,,0.0,0.0,0,,0.0,0.0,0.0,18
1,[],4,[],2019-02-24 08:32:56,25987.68359911,0.00001771,0.00000000073785173,6772076,2019-02-24 08:32:56,btc,1.2375862227203358,0.0,0.00001771,btc,8378.11960194,0.02021718,0.0835060825887331,18
1,[],10,[],2019-02-24 08:32:58,782832.79991496,0.00001705,0.0000000007103541500000001,6772077,2019-02-24 08:32:58,btc,15.497400042620344,8626.47476121,0.00001705,btc,16424.37548463,0.0,0.1297996405097584,18
1,[],12,[],2019-02-24 08:32:59,199330.31028603998,0.0000165000000000000012650470948560865735998959280550479888916015625,0.0000000006874395000000001,6772078,2019-02-24 08:32:59,btc,23.673067843844027,0.0,0.0000165000000000000012650470948560865735998959280550479888916015625,btc,2139.88120297,0.0148640685162505,0.034554504931801996,18
0,[],17,[],2019-02-24 07:32:55,0.0,0,0,6771885,2019-02-24 07:32:55,btc,0.0,0.0,0,btc,0.0,0.0,0.0,18
1,[],3,[],2019-02-24 08:33:11,120776.3141567528,0.00002203999999999999904500003200524815838434733450412750244140625,0.0000000009182525200000001,6772079,2019-02-24 08:33:11,btc,0.5975024268914596,19.9559647718,0.00002203999999999999904500003200524815838434733450412750244140625,btc,11484.78606069032,0.0,0.07966178993169826,19
1,[],4,[],2019-02-24 08:33:12,557631.9267613,0.00002117,0.0000000008820057100000001,6772080,2019-02-24 08:33:12,btc,2.312934079823152,0.0,0.00002117,btc,65611.84805678,0.58178832,2.2480434222456096,19
1,[],5,[],2019-02-24 08:33:14,0.0,0,0,6772081,2019-02-24 08:33:14,btc,0.0,0.00031002,0,btc,0.0,0.0,0.0,19
1,[],12,[],2019-02-24 08:33:15,132776.20908013,0.0000189899999999999994477160869532639253520756028592586517333984375,0.00000000079118037,6772082,2019-02-24 08:33:15,btc,1.3579212004506525,0.0,0.0000189899999999999994477160869532639253520756028592586517333984375,btc,382.27457877,0.001686174115841,0.0809659200000027,19
0,[],27,[],2019-02-24 08:33:17,0.0,0,0,6772083,2019-02-24 08:33:17,,0.0,0.0,0,btc,0.0,0.0,0.0,19
0,[],2,[],2019-01-20 23:24:19,0.0,0,0,6476924,2019-01-20 23:24:19,,0.0,0.0,0,,0.0,0.0,0.0,19
1,[],4,[],2019-02-24 08:33:18,8070160.95424551,0.00000013,0.00000000000541619,6772084,2019-02-24 08:33:18,btc,7.376054659582633,0.0,0.00000013,btc,2843149.4360639,0.0,0.2584025451781454,20
1,[],4,[],2019-02-24 08:33:19,104150384.86437024,0.00000002,0.00000000000083326,6772085,2019-02-24 08:33:19,btc,359.51249733056267,0.0,0.00000002,btc,55871903.78217261,0.0,1.1707481411680452,21
1,[],12,[],2019-02-24 08:33:21,18647376.0,0.00000002,0.00000000000083326,6772086,2019-02-24 08:33:21,btc,670.3899289734848,0.0,0.00000002,btc,8544410.32857329,0.0,0.24518776,21
0,[],17,[],2019-02-24 08:33:22,0.0,0,0,6772087,2019-02-24 08:33:22,btc,0.0,0.0,0,btc,0.0,0.0,0.0,21
1,[],12,[],2019-02-24 08:33:24,3519362705.6808996,0.0000000002,0.000000000000008332600000000001,6772088,2019-02-24 08:33:24,btc,875865842409.589,0.0,0.0000000002,btc,4724783442.244201,0.017299280466134714,0.40997382538299043,23
0.00000000039402069999999996,[],27,[],2019-02-24 08:33:26,2000.0,3.940207e-18,1.64160844241e-22,6772089,2019-02-24 08:33:26,eth,1.3429826565934113,0.0,0.00000001,eth,1964879.85514486,0.0,7.880414e-15,23
1,[],4,[],2019-02-24 08:33:27,428298.29426949,0.00000060,0.0000000000249978,6772090,2019-02-24 08:33:27,btc,8.421630107610662,0.0,0.00000060,btc,1478848.34193587,0.0005328,0.1434740299069619,24
1,[],22,[],2019-02-24 08:33:37,11.76,0.00000100,0.000000000041663,6772091,2019-02-24 08:33:37,BTC,7.415e-05,0.0,0.00000100,BTC,23.919354838709676,0.0,1.176e-05,24
0.0,[],25,[],2019-02-24 08:33:39,0.0,0,0,6772092,2019-02-24 08:33:39,,0.0,0.0,0.0,btc,0.0,0.0,0.0,24
1,[],4,[],2019-02-24 08:33:39,26859197.23200441,0.00000737,0.00000000030705631,6772093,2019-02-24 08:33:39,btc,140.4609701181194,0.0,0.00000737,btc,241797.00258789,0.11292605,0.4493279150294245,26
1,[],10,[],2019-02-24 08:33:41,691069.24074904,0.00000636,0.00000000026497668,6772094,2019-02-24 08:33:41,btc,25.915294071650827,6897.28861122,0.00000636,btc,12977.31853269,0.0,0.2246470628942107,26
0,[],2,[],2019-01-20 23:25:56,0.0,0,0,6476976,2019-01-20 23:25:56,,0.0,0.0,0,,0.0,0.0,0.0,26
1,[],3,[],2019-02-23 18:17:02,10659120.92303129,0.00000002,0.0000000000008202040000000002,6768225,2019-02-23 18:17:02,btc,2.9010609406228287,225458.199062,0.00000002,btc,18682481.51451327,0.0,0.1428299014392689,27
1,[],5,[],2019-02-23 18:17:03,0.0,0,0,6768226,2019-02-23 18:17:03,btc,0.0,0.03869042,0,btc,0.0,0.0,0.0,27
1,[],11,[],2019-02-23 18:17:06,9657302.940399151,0.00000005,0.0000000000020505100000000003,6768227,2019-02-23 18:17:06,btc,67506.53137702076,146281.413934,0.00000005,btc,8171781.9763934,0.0,0.450973774642923,27
1,[],4,[],2019-02-24 08:33:42,1441089862.7540486,0.00000002,0.00000000000083326,6772095,2019-02-24 08:33:42,btc,10.639281077442877,0.0,0.00000002,"btc,ltc",639125750.5368149,0.15627439,10.306483179735205,29
1,[],7,[],2019-02-24 08:33:44,33198800.78316906,0.00000002,0.00000000000083326,6772096,2019-02-24 08:33:44,btc,44463896.8411907,10395.4798892,0.00000002,btc,60091061.60632691,0.0,0.3336444076781535,29
1,[],4,[],2019-02-24 08:33:45,1378634.86980817,0.00000029,0.00000000001208227,6772097,2019-02-24 08:33:45,btc,2.334475563486945,0.0,0.00000029,btc,1572694.01467561,0.00747891,0.0910185497895336,30
0,[],17,[],2019-02-24 08:33:57,0.0,0,0,6772098,2019-02-24 08:33:57,btc,0.0,0.0,0,btc,0.0,0.0,0.0,30
1,[],4,[],2019-02-24 08:33:58,1118055.45241733,0.00005657,0.00000000235687591,6772099,2019-02-24 08:33:58,btc,5.585283386482104,0.0,0.00005657,btc,70599.69024994,0.81173272,1.1185994226924936,31
1,[],21,[],2019-02-24 08:33:59,51015.02358187,0.00005679999999999999827672569896,0.0000000023664584,6772100,2019-02-24 08:33:59,btc,1.973402906986757,57547.33361568,0.00005679999999999999827672569896463983241119422018527984619140625,btc,30365.39405241,3.29952179,2.734993835732214,31
0,[],2,[],2019-01-20 23:28:43,0.0,0,0,6477009,2019-01-20 23:28:43,,0.0,0.0,0,,0.0,0.0,0.0,32
1,[],4,[],2019-02-24 08:34:00,349855237.76724464,0.00000004,0.00000000000166652,6772101,2019-02-24 08:34:00,btc,9.199979504598284,0.0,0.00000004,"btc,ltc",160866404.61084214,0.54099485,7.983066082630079,33
1,[],12,[],2019-02-24 08:34:01,16698183.379,0.00000005,0.00000000000208315,6772102,2019-02-24 08:34:01,btc,35620517.644966826,0.0,0.00000005,btc,89085053.11588381,0.0062715875124882,0.55104693895,33
1,[],4,[],2019-02-24 08:34:02,129186997.92772509,0.00000001,0.00000000000041663,6772103,2019-02-24 08:34:02,btc,4.181768872788632,0.0,0.00000001,btc,99082799.53921291,0.00531854,1.291869979277251,34
1,[],5,[],2019-02-24 08:34:03,0.0,0,0,6772104,2019-02-24 08:34:03,btc,0.0,0.00694858,0,btc,0.0,0.0,0.0,34
0.0000000001256794,[],4,[],2019-02-24 08:34:04,2057881213.8118258,2.513588e-18,1.04723616844e-22,6772105,2019-02-24 08:34:04,ltc,2.669993141418973e-08,0.0,0.00000002,ltc,3190496045.7669225,0.0,4.1663575578207906e-09,36
1,[],5,[],2019-02-24 08:34:05,0.0,0,0,6772106,2019-02-24 08:34:05,btc,0.0,0.0,0,btc,0.0,0.0,0.0,36
0.00000000039402069999999996,[],27,[],2019-02-24 08:34:09,1000000.0,3.940207e-18,1.64160844241e-22,6772107,2019-02-24 08:34:09,eth,114.13449805688529,0.0,0.00000001,"ltc,eth",4163566.4875004,0.0,1.262160826e-12,36
0,[],17,[],2019-02-24 06:28:43,0.0,0,0,6771613,2019-02-24 06:28:43,btc,0.0746458232965017,0.0,0,btc,4103573.70243647,0.0,0.0,36
1,[],4,[],2019-02-24 08:34:09,312599.57764112,0.00000068,0.00000000002833084,6772108,2019-02-24 08:34:09,btc,19772.475809583462,0.0,0.00000068,btc,566154.69607286,0.00607212,0.1525586711853259,37
1,[],12,[],2019-02-24 08:34:11,436965.08639971,0.00000066,0.000000000027497580000000004,6772109,2019-02-24 08:34:11,btc,1346.104627430781,0.0,0.00000066,btc,875943.4727,0.0421536150542204,0.0878810299999989,37
1,[],17,[],2019-02-24 08:34:12,1752.74075282,0.00000025,0.00000000001041575,6772110,2019-02-24 08:34:12,btc,0.05548492401614736,0.0,0.00000025,btc,1387.19918473,0.0,0.00043818518820499993,37
1,[],27,[],2019-02-24 08:34:14,14685.567,0.00000045,0.00000000001874835,6772111,2019-02-24 08:34:14,btc,25.83024737411233,0.0,0.00000045,btc,6763.38138508,0.0,0.00480032515,37
1,[],5,[],2019-02-24 08:34:15,0.0,0,0,6772112,2019-02-24 08:34:15,btc,0.0,0.09173642,0,btc,0.0,0.0,0.0,42
1,[],12,[],2019-02-24 08:34:16,137170.45261308,0.00000095,0.000000000039579850000000004,6772113,2019-02-24 08:34:16,btc,94.699397187891,0.0,0.00000095,btc,109861.37238759,0.0051535278755642,0.04269205796496,42
0.00000000039402069999999996,[],27,[],2019-02-24 08:34:18,2000.0,3.940207e-18,1.64160844241e-22,6772114,2019-02-24 08:34:18,eth,0.00315028,0.0,0.00000001,"btc,eth",11.007,0.0,7.880414e-15,42
1,[],5,[],2019-02-24 08:34:19,0.0,0,0,6772115,2019-02-24 08:34:19,btc,0.0,0.08783665,0,btc,0.0,0.0,0.0,43
1,[],12,[],2019-02-24 08:34:20,3609997.0,0.00000001,0.00000000000041663,6772116,2019-02-24 08:34:20,btc,20003573.0551117,0.0,0.00000001,btc,37294583.27012986,0.00024792992008,0.03609997,43
0,[],17,[],2019-02-24 08:34:21,0.0,0,0,6772117,2019-02-24 08:34:21,btc,0.0,0.0,0,btc,0.0,0.0,0.0,43
1,[],12,[],2019-02-24 08:34:23,679472.0,0.00000005,0.00000000000208315,6772118,2019-02-24 08:34:23,btc,11115177.728749167,0.0,0.00000005,btc,1099295.39762234,3.2e-06,0.01729248,44
1,[],4,[],2019-02-24 08:34:23,304149651.54405814,0.00000002,0.00000000000083326,6772119,2019-02-24 08:34:23,btc,474.5705350007151,0.0,0.00000002,"btc,ltc",12283786.99500239,0.00010277,0.2175355558252155,49
0,[],4,[],2019-02-24 08:34:24,0.0,0,0,6772120,2019-02-24 08:34:24,,25.469936314959675,0.0,0,,10627747459.9399,0.0,0.0,52
0.0000000001317557,[],22,[],2019-02-24 08:34:28,80845862.0,1.317557e-18,5.4893377291e-23,6772121,2019-02-24 08:34:28,XMR,4366.90665423,0.0,0.00000001,XMR,254618181.67882353,1.317557e-13,0.80845862,57
0.00000000039402069999999996,[],27,[],2019-02-24 08:34:30,2000.0,3.940207e-18,1.64160844241e-22,6772122,2019-02-24 08:34:30,eth,0.0,0.0,0.00000001,"btc,eth",0.0,0.0,7.880414e-15,57
0.0000000001256794,[],4,[],2019-02-24 08:34:31,886922114.1345292,3.770382e-18,1.57085425266e-22,6772123,2019-02-24 08:34:31,ltc,18.81130047387345,0.0,0.00000003,ltc,3912532625.926724,0.0,2.1241804576585912e-09,58
1,[],12,[],2019-02-24 08:34:32,1632639834.843957,0.0000000004,0.000000000000016665200000000003,6772124,2019-02-24 08:34:32,btc,224005479525.95346,0.0,0.0000000004,btc,3719353744.561558,0.05481950014593215,0.5284361938011392,58
0,[],17,[],2019-02-24 08:34:37,0.0,0,0,6772125,2019-02-24 08:34:37,btc,1e+24,0.0,0,btc,49226522.0897055,0.0,0.0,58
0.0000000001317557,[],22,[],2019-02-24 08:34:40,137438.0,1.317557e-18,5.4893377291e-23,6772126,2019-02-24 08:34:40,XMR,69.8835922,0.0,0.00000001,XMR,9887963.0,0.0,0.00137438,58
1,[],5,[],2019-02-24 08:34:41,0.0,0,0,6772127,2019-02-24 08:34:41,btc,0.0,0.01443894,0,btc,0.0,0.0,0.0,61
1,[],22,[],2019-02-24 08:34:45,5149.5,0.00000011,0.00000000000458293,6772128,2019-02-24 08:34:45,BTC,1002.29597012,0.0,0.00000011,BTC,14947.700278135757,0.0,0.00051596,61
1,[],26,[],2019-02-24 08:34:45,0.0,0.00000800,0.000000000333304,6772129,2019-02-24 08:34:45,btc,0.0,0.0,0.00000800,btc,0.0,0.0,0.0,61
1,[],27,[],2019-02-24 08:34:47,2493.55,0.00000045,0.00000000001874835,6772130,2019-02-24 08:34:47,btc,7.847961250658426,0.0,0.00000045,"btc,eth",20831.38399471,0.0,0.00021559750386140287,61
1,[],28,[],2019-02-24 08:34:49,13882.304,0.0000005,0.0000000000208315,6772131,2019-02-24 08:34:49,btc,2.056328285685105,230.0,0.0000005,btc,9746.52450005,0.0,0.00566491304,61
1,[],4,[],2019-02-24 08:34:50,1458414.58260618,0.00000285,0.00000000011873955,6772132,2019-02-24 08:34:50,btc,11.365252407103343,0.0,0.00000285,btc,810684.81063539,0.13173238,1.3933391146030383,67
0.0,[],25,[],2019-02-24 08:34:51,0.0,0,0,6772133,2019-02-24 08:34:51,,0.0,0.0,0.0,btc,0.0,0.0,0.0,67
1,[],12,[],2019-02-24 08:34:52,2985985.47390196,0.0000002,0.0000000000083326,6772134,2019-02-24 08:34:52,btc,11115998.396100963,0.0,0.0000002,btc,2034324.66909684,0.0032152570429573,0.1021806264411115,71
,[],5,[],2018-11-20 23:02:39,1.5e-07,0.00000005,0.000000000002128045,4862160,2018-11-20 23:02:39,btc,2.84511358,0.0,,btc,0.00036572,0.0,0.07381892,74
1,[],5,[],2019-02-24 08:34:53,0.0,0,0,6772135,2019-02-24 08:34:53,btc,0.0,0.0,0,btc,0.0,0.0,0.0,75
1,[],4,[],2019-02-24 08:34:54,17233280.92031862,0.00000001,0.00000000000041663,6772136,2019-02-24 08:34:54,btc,11388.638595673243,0.0,0.00000001,btc,34444270.17624532,0.0,0.1723328092031862,81
0,[],20,[],2019-01-25 09:30:31,0.0,0,0,6495923,2019-01-25 09:30:31,btc,0.0,0.0,0,btc,0.0,0.0,0.0,81
1,[],4,[],2019-02-24 08:34:56,28513.59997037,0.00007435,0.00000000309764405,6772137,2019-02-24 08:34:56,btc,17.76361659907795,0.0,0.00007435,btc,12637.01030344,0.0170408,0.1310049066961051,82
1,[],21,[],2019-02-24 08:34:57,68705.44725929,0.00007841000000000000313277181974,0.00000000326679583,6772138,2019-02-24 08:34:57,btc,2.2683004530542936,2237.51606297,0.000078410000000000003132771819736035467940382659435272216796875,btc,23954.35098507,0.17282622,2.360886157375767,82
0,[],17,[],2019-02-24 08:34:59,0.0,0,0,6772139,2019-02-24 08:34:59,btc,0.0447233088476774,0.0,0,btc,999127.19588126,0.0,0.0,84
0.0000000001256794,[],4,[],2019-02-24 08:35:00,159256323.8290889,5.027176e-18,2.09447233688e-22,6772140,2019-02-24 08:35:00,ltc,1.7830423155606594,0.0,0.00000004,ltc,407989685.095322,0.0,4.576617891350546e-10,85
,[],22,[],2018-11-20 23:09:34,3408.1,0.0000001,0.0000000000041895,4862324,2018-11-20 23:09:34,BTC,0.04624735,0.0,,BTC,4990.0,0.0,0.00033081,86
0,[],22,[],2019-02-22 12:52:35,0.0,0,0,6758847,2019-02-22 12:52:35,,2.0760781,0.0,0,,140622.94736842104,0.0,0.0,87
0,[],27,[],2019-02-22 12:52:37,0.0,0,0,6758848,2019-02-22 12:52:37,,0.0,0.0,0,btc,0.0,0.0,0.0,87
,[],2,[],2018-11-20 23:10:47,0.0,0,0,4862359,2018-11-20 23:10:47,,0.0,0.0,,,0.0,0.0,0.0,88
1,[],11,[],2019-02-24 08:35:02,93526.8744382,0.000150120000000000006039335698204695290769450366497039794921875,0.000000006254449560000001,6772141,2019-02-24 08:35:02,btc,608.2418382659331,2021.0,0.000150120000000000006039335698204695290769450366497039794921875,btc,92336.39685336,0.0,6.368413741279184,89
0,[],2,[],2019-01-20 23:31:45,0.0,0,0,6477083,2019-01-20 23:31:45,,0.0,0.0,0,,0.0,0.0,0.0,91
1,[],12,[],2019-02-24 08:35:03,427951.19227914,0.000001399999999999999936647356556240762159859514213167130947113037109375,0.0000000000583282,6772142,2019-02-24 08:35:03,btc,4.318032658073816,0.0,0.000001399999999999999936647356556240762159859514213167130947113037109375,btc,57429.1424304,0.0005041225090541,0.0398783470938142,91
0,[],17,[],2019-02-24 08:35:05,0.0,0,0,6772143,2019-02-24 08:35:05,btc,0.0,0.0,0,btc,0.0,0.0,0.0,91
0,[],22,[],2019-02-24 08:35:08,0.0,0,0,6772144,2019-02-24 08:35:08,,3.1e-06,0.0,0,,2.0,0.0,0.0,91
0.0000000001256794,[],22,[],2019-02-24 08:35:25,2791021.0,5.027176e-18,2.09447233688e-22,6772145,2019-02-24 08:35:25,LTC,8.53161599,0.0,0.00000004,LTC,71994962.1,4.29818520824e-13,0.09164084,95
0.0000000001256794,[],4,[],2019-02-24 08:35:25,644413216.7324059,7.4150846e-17,3.0893466968980004e-21,6772146,2019-02-24 08:35:25,ltc,11.906230226605217,0.0,0.00000059,ltc,136497336.20909792,0.0,2.323582960198602e-09,96
1,[],12,[],2019-02-24 08:35:27,200.0,0.00000001,0.00000000000041663,6772147,2019-02-24 08:35:27,btc,255075.88769088787,0.0,0.00000001,btc,8638916.94636337,0.002368207982018,2e-06,96
0,[],17,[],2019-02-24 06:30:34,0.0,0,0,6771652,2019-02-24 06:30:34,btc,0.0,0.0,0,btc,0.0,0.0,0.0,96
1,[],4,[],2019-02-24 08:35:38,1468162.45862873,0.00000029,0.00000000001208227,6772148,2019-02-24 08:35:38,btc,3.216136683190434,0.0,0.00000029,btc,2547565.70753516,0.02492356,0.1226183038942723,99
0,[],2,[],2019-01-20 23:23:55,0.0,0,0,6476914,2019-01-20 23:23:55,,0.0,0.0,0,,0.0,0.0,0.0,100
1,[],4,[],2019-02-24 08:35:39,1216131.60470832,0.00004885,0.00000000203523755,6772149,2019-02-24 08:35:39,btc,13.307310419964416,0.0,0.00004885,btc,179786.36334303,3.15857323,2.7928839800519705,100
1,[],22,[],2019-02-24 08:35:54,50000.0,0.00000001,0.00000000000041663,6772150,2019-02-24 08:35:54,BTC,23.49896609,0.0,0.00000001,BTC,10277.22,0.0,0.0005,101
1,[],4,[],2019-02-24 08:35:54,476266.14267029,0.00000091,0.000000000037913330000000004,6772151,2019-02-24 08:35:54,btc,256.297886602366,0.0,0.00000091,btc,483309.04344409,0.01252339,0.2474159851603276,103
1,[],12,[],2019-02-24 08:35:57,57915680.0,0.000000012,0.000000000000499956,6772152,2019-02-24 08:35:57,btc,137279342.48385137,0.0,0.000000012,btc,126196978.50647408,0.05682681843312884,0.17567114,105
1,[],27,[],2019-02-24 08:35:59,413810.89,0.00000001,0.00000000000041663,6772153,2019-02-24 08:35:59,btc,0.1943154355560939,0.0,0.00000001,btc,311075.05581977,0.0,0.0041381089,105
1,[],22,[],2019-02-24 08:36:02,9328.0,0.00000001,0.00000000000041663,6772154,2019-02-24 08:36:02,BTC,51.10837004,0.0,0.00000001,BTC,470435.0,0.0,9.328e-05,107
1,[],26,[],2019-02-24 08:36:02,0.0,0.00000000,0,6772155,2019-02-24 08:36:02,btc,0.0,0.0,0.00000000,btc,0.0,0.0,0.0,107
1,[],5,[],2019-02-24 08:36:03,0.0,0,0,6772156,2019-02-24 08:36:03,btc,0.0,1.29e-05,0,btc,0.0,0.0,0.0,112
1,[],22,[],2019-02-24 08:36:07,1966.0,0.00000001,0.00000000000041663,6772157,2019-02-24 08:36:07,BTC,2.81183288,0.0,0.00000001,BTC,808524.0833333334,0.0,1.966e-05,112
0.00000000039402069999999996,[],27,[],2019-02-24 08:36:09,2000.0,3.940207e-18,1.64160844241e-22,6772158,2019-02-24 08:36:09,eth,1.35132491849924,0.0,0.00000001,"btc,eth",1328.641654,0.0,7.880414e-15,112
1,[],4,[],2019-02-24 08:36:10,360073.95097266,0.00000281,0.00000000011707303000000002,6772159,2019-02-24 08:36:10,btc,6.461245602317613,0.0,0.00000281,btc,348457.0222156,0.05625019,0.12949692047442,113
1,[],5,[],2019-02-24 08:36:11,0.0,0,0,6772160,2019-02-24 08:36:11,btc,0.0,0.00152169,0,btc,0.0,0.0,0.0,113
1,[],17,[],2019-02-24 08:36:12,152738.278,0.00000004,0.00000000000166652,6772161,2019-02-24 08:36:12,btc,1.3368030275774663,0.0,0.00000004,btc,51896.221,0.0,0.0022095311199999998,116
0,[],27,[],2019-02-24 08:36:15,0.0,0,0,6772162,2019-02-24 08:36:15,,0.0,0.0,0,btc,0.0,0.0,0.0,116
1,[],4,[],2019-02-24 08:36:15,73126.82373057,0.00002252,0.00000000093825076,6772163,2019-02-24 08:36:15,btc,32.20587181296474,0.0,0.00002252,btc,103166.46486533,0.24274619,0.8176590048426516,120
1,[],7,[],2019-02-24 08:36:16,211407.81389622999,0.0000260699999999999994237942502195437555201351642608642578125,0.00000000108615441,6772164,2019-02-24 08:36:16,btc,115647.30910976091,7136.43437805,0.0000260699999999999994237942502195437555201351642608642578125,btc,38113.24099024,0.21360494,0.0674531582316711,120
1,[],20,[],2019-02-24 08:36:19,1175077.5618,0.000000012,0.000000000000499956,6772165,2019-02-24 08:36:19,btc,31.9232981096527,10158.0,0.000000012,btc,1119871.1271,0.000121896,0.0033514319724,125
1,[],22,[],2019-02-24 08:36:29,3053.0,0.00000001,0.00000000000041663,6772166,2019-02-24 08:36:29,BTC,0.01444887,0.0,0.00000001,BTC,296263.5111111111,0.0,3.053e-05,126
0,[],2,[],2019-01-20 23:25:46,0.0,0,0,6476969,2019-01-20 23:25:46,,0.0,0.0,0,,0.0,0.0,0.0,131
1,[],4,[],2019-02-24 08:36:30,130906.96265772,0.00001363,0.0000000005678666900000001,6772167,2019-02-24 08:36:30,btc,24.111014270140387,0.0,0.00001363,btc,128813.85612492,0.22026266,0.5031402913998702,131
0,[],17,[],2019-02-24 08:36:32,0.0,0,0,6772168,2019-02-24 08:36:32,btc,0.0009561751951600001,0.0,0,btc,35.42829368,0.0,0.0,131
1,[],4,[],2019-02-24 08:36:33,4560.3946323,0.00017145,0.0000000071431213500000005,6772169,2019-02-24 08:36:33,btc,1.6457141238952244,0.0,0.00017145,btc,331.25337767,0.00057477,0.009645033056322,135
1,[],3,[],2019-02-24 08:36:34,1500312.49571841,0.00000005,0.00000000000208315,6772170,2019-02-24 08:36:34,btc,0.1455662086247726,32547.6666667,0.00000005,btc,628525.53813868,0.0,0.0551089579470342,136
1,[],4,[],2019-02-24 08:36:35,264505.12801033,0.00000177,0.00000000007374351,6772171,2019-02-24 08:36:35,btc,38.87263513150003,0.0,0.00000177,btc,630797.17129655,0.11228172,0.0711332647451762,137
1,[],12,[],2019-02-24 08:36:36,337680.97356825,0.000001709999999999999933207183062944256590753866476006805896759033203125,0.00000000007124373,6772172,2019-02-24 08:36:36,btc,11807.597612519576,0.0,0.000001709999999999999933207183062944256590753866476006805896759033203125,btc,123275.38516089,0.0026411982507283,0.0934926199999878,137
1,[],4,[],2019-02-24 08:36:37,226761.37590266,0.00004049,0.00000000168693487,6772173,2019-02-24 08:36:37,btc,29.296142226903463,0.0,0.00004049,btc,48619.95982714,0.29160355,1.1301298129290576,142
1,[],5,[],2019-02-24 08:36:38,0.0,0,0,6772174,2019-02-24 08:36:38,btc,0.0,0.54958857,0,btc,0.0,0.0,0.0,142
1,[],17,[],2019-02-24 08:36:40,22967.386363640002,0.00000088,0.00000000003666344,6772175,2019-02-24 08:36:40,btc,20.069913353320057,0.0,0.00000088,btc,2746.079105,0.0,0.0104613000000032,142
1,[],20,[],2019-02-24 08:36:41,133475.0353,0.000045043,0.000000001876626509,6772176,2019-02-24 08:36:41,btc,0.4934565146914,0.0,0.000045043,btc,3751.6313,0.0,0.2405473404469,142
1,[],22,[],2019-02-24 08:36:45,1685.8988921568628,0.00004000,0.0000000016665200000000002,6772177,2019-02-24 08:36:45,BTC,3.00385504,0.0,0.00004000,BTC,891.218,0.00023522,0.00174536,142
0.0,[],25,[],2019-02-24 08:36:46,0.0,0,0,6772178,2019-02-24 08:36:46,,0.0,0.0,0.0,btc,0.0,0.0,0.0,142
0,[],28,[],2019-02-24 08:36:51,0.0,0,0,6772179,2019-02-24 08:36:51,,0.0,0.0,0,,0.0,0.0,0.0,142
0,[],22,[],2019-02-23 08:10:09,0.0,0,0,6765290,2019-02-23 08:10:09,,61.28465123,0.0,0,,749385405.3,0.0,0.0,143
1,[],21,[],2019-02-24 08:36:52,53501437.74219865,0.00000025,0.00000000001041575,6772180,2019-02-24 08:36:52,btc,41.64617768848791,5686645.27111582,0.00000025,btc,86412951.5235587,1.47062763,3.7585339969934184,145
0,[],22,[],2019-02-24 08:36:55,0.0,0,0,6772181,2019-02-24 08:36:55,,4.24912384,0.0,0,,1812056.0,0.0,0.0,146
,[],22,[],2018-11-20 23:01:11,0.0,0,0,4862114,2018-11-20 23:01:11,,2.56807021,0.0,,,61828.4988236,0.0,0.0,147
1,[],12,[],2019-02-24 08:36:56,113505.35524193,0.00000251000000000000010876390933722834830632564262486994266510009765625,0.00000000010457413000000001,6772182,2019-02-24 08:36:56,btc,16.285565786499557,0.0,0.00000251000000000000010876390933722834830632564262486994266510009765625,btc,116986.71583628,0.000789865275776,0.0285710800000058,148
1,[],4,[],2019-02-24 08:36:57,240324.29178654,0.00000028,0.00000000001166564,6772183,2019-02-24 08:36:57,btc,219.93681160199571,0.0,0.00000028,btc,786278.69984402,0.00236975,0.0564428477528536,152
0,[],22,[],2019-02-24 08:37:00,0.0,0,0,6772184,2019-02-24 08:37:00,,0.0,0.0,0,,0.0,0.0,0.0,152
1,[],5,[],2019-02-24 08:37:01,0.0,0,0,6772185,2019-02-24 08:37:01,btc,0.0,0.0,0,btc,0.0,0.0,0.0,153
,[],16,[],2019-01-11 15:38:59,0.0,0,0,6366141,2019-01-11 15:38:59,btc,0.0,0.0,,btc,0.0,0.0,0.0,155
0,[],23,[],2019-01-20 23:24:29,0.0,0,0,6476932,2019-01-20 23:24:29,,0.0,0.0,0,,0.0,0.0,0.0,156
0,[],22,[],2019-02-24 08:37:04,0.0,0,0,6772186,2019-02-24 08:37:04,,6.74608761,0.0,0,,4644402.242592593,0.0,0.0,156
1,[],22,[],2019-02-24 08:37:07,7073.8,0.00005300,0.0000000022081390000000003,6772187,2019-02-24 08:37:07,BTC,1.80343699,0.0,0.00005300,BTC,899.6422341958436,0.0,0.00104336,157
0,[],22,[],2019-02-24 08:37:10,0.0,0,0,6772188,2019-02-24 08:37:10,,50175.68008609,0.0,0,,54479136.04179466,0.0,0.0,158
,[],17,[],2018-11-20 22:56:10,0.0,0,0,4861976,2018-11-20 22:56:10,btc,1.1265625,0.0,,btc,1000.0,0.0,0.0,159
,[],20,[],2018-11-20 22:56:12,0.0,0,0,4861977,2018-11-20 22:56:12,btc,11912.7940471,0.0,,btc,34413894.3617,0.0,0.0,159
1,[],17,[],2019-02-24 07:37:04,29784.95,0.000001,0.000000000041581,6771992,2019-02-24 07:37:04,btc,0.03026736251542,0.0,0.000001,btc,144.46171372,0.0,0.00716147,168
1,[],12,[],2019-02-24 08:37:11,182992.75558298,0.000008149999999999999895894907397941864246604382060468196868896484375,0.00000000033955345,6772189,2019-02-24 08:37:11,btc,6.6556842186031595,0.0,0.000008149999999999999895894907397941864246604382060468196868896484375,btc,14452.388087700001,0.0068879035412309,0.099181247984699,168
0,[],22,[],2019-02-24 08:37:14,0.0,0,0,6772190,2019-02-24 08:37:14,,1.14714792,0.0,0,,798972.8900917594,0.0,0.0,169
1,[],22,[],2019-02-24 08:37:17,165000.0,0.00000018,0.00000000000749934,6772191,2019-02-24 08:37:17,BTC,13.2555588,0.0,0.00000018,BTC,150057.9068373276,0.00027864,0.0198,171
1,[],22,[],2019-02-24 08:37:21,129338.325,0.0000001,0.0000000000041663,6772192,2019-02-24 08:37:21,BTC,2.66767596,0.0,0.0000001,BTC,279392.9305825667,6.798e-05,0.00872893,173
1,[],5,[],2019-02-24 08:37:22,0.0,0,0,6772193,2019-02-24 08:37:22,btc,0.0,0.19578943,0,btc,0.0,0.0,0.0,175
1,[],22,[],2019-02-24 08:37:25,45784.0,0.0000003,0.0000000000124989,6772194,2019-02-24 08:37:25,BTC,0.52955903,0.0,0.0000003,BTC,143368.41384013777,0.0,0.0052016,176
0,[],2,[],2019-01-20 23:28:34,0.0,0,0,6477001,2019-01-20 23:28:34,,0.0,0.0,0,,0.0,0.0,0.0,178
1,[],7,[],2019-02-24 08:37:26,0.0,0,0,6772195,2019-02-24 08:37:26,btc,410932.5282358376,0.0,0,btc,117891559.31901672,0.0,0.0,178
0,[],22,[],2019-02-24 08:37:29,0.0,0,0,6772196,2019-02-24 08:37:29,,1.00242428,0.0,0,,57512.0,0.0,0.0,178
0,[],23,[],2019-01-20 23:25:08,0.0,0,0,6476952,2019-01-20 23:25:08,,0.0,0.0,0,,0.0,0.0,0.0,179
1,[],5,[],2019-02-24 08:37:30,0.0,0,0,6772197,2019-02-24 08:37:30,btc,0.0,0.07490775,0,btc,0.0,0.0,0.0,179
1,[],22,[],2019-02-24 08:37:35,6961684.0,0.00000002,0.00000000000083326,6772198,2019-02-24 08:37:35,BTC,5.73196334,0.0,0.00000002,"BTC,LTC",18407477.468656633,0.00018526,0.3741744,179
1,[],17,[],2019-02-24 07:39:53,10504.725,0.0000001,0.0000000000041581,6772002,2019-02-24 07:39:53,btc,5.2010695838170005,0.0,0.0000001,btc,4994.45945,0.0,0.0010504725,180
0.0000000001256794,[],22,[],2019-02-24 08:37:39,128605.4,1.256794e-17,5.2361808422e-22,6772199,2019-02-24 08:37:39,LTC,0.20149702,0.0,0.0000001,LTC,61046.395435424805,0.0,0.00130544,180
1,[],26,[],2019-02-24 08:37:39,0.0,0.00000200,0.000000000083326,6772200,2019-02-24 08:37:39,btc,0.0,482.38040002,0.00000200,btc,0.0,0.0,0.0,180
,[],7,[],2018-11-20 22:58:01,562227.975654,0.00000085,0.000000000036176765,4862015,2018-11-20 22:58:01,btc,21836.6059674,2491.87645172,,btc,749999.041456,0.00211021,0.127565380455,183
,[],5,[],2019-01-10 08:11:41,0.0,0,0,6347036,2019-01-10 08:11:41,btc,82.15055501,0.00261,,btc,1.19002445,0.0,0.0,187
,[],17,[],2018-11-16 20:58:10,4062536.27273,0.00000001,0.000000000000550501,4708775,2018-11-16 20:58:10,btc,3.36492563466,0.195460381006,,"btc,eth",110697919.549,0.0,0.0157628953496,187
1,[],24,[],2019-02-24 08:37:39,0.0,0.000000000001,4.1663000000000004e-17,6772201,2019-02-24 08:37:39,btc,0.0,0.0,0.000000000001,btc,0.0,0.0,0.0,187
0,[],22,[],2019-02-24 00:25:17,0.0,0,0,6769902,2019-02-24 00:25:17,,1.19374396,0.0,0,,16308.869534405507,0.0,0.0,191
0,[],22,[],2019-02-24 08:37:44,0.0,0,0,6772202,2019-02-24 08:37:44,,0.0,0.0,0,,0.0,0.0,0.0,197
0,[],23,[],2019-01-20 23:31:41,0.0,0,0,6477079,2019-01-20 23:31:41,,0.0,0.0,0,,0.0,0.0,0.0,199
0,[],22,[],2019-02-24 08:37:47,0.0,0,0,6772203,2019-02-24 08:37:47,,5.19557122,0.0,0,,21074453.0,0.0,0.0,199
1,[],26,[],2019-02-24 08:37:48,0.0,0.00000000,0,6772204,2019-02-24 08:37:48,btc,0.0,0.0,0.00000000,btc,0.0,0.0,0.0,199
0,[],17,[],2019-01-30 16:32:01,0.0,0,0,6540827,2019-01-30 16:32:01,btc,6.802544163788159,0.0,0,btc,105897.55575295,0.0,0.0,200
0,[],2,[],2019-01-20 23:30:49,0.0,0,0,6477059,2019-01-20 23:30:49,,0.0,0.0,0,,0.0,0.0,0.0,201
1,[],4,[],2019-01-25 15:51:35,2084389.58565343,0.00000936,0.000000000333526752,6499557,2019-01-25 15:51:35,btc,2.0092503037378524,0.0,0.00000936,btc,160195.80207885,0.19272417,1.242687955921835,211
1,[],7,[],2019-02-24 08:37:49,4293908.03335389,0.000001340000000000000087593235616190145975679115508683025836944580078125,0.00000000005582842000000001,6772205,2019-02-24 08:37:49,btc,15476318.347040065,522247.656845,0.000001340000000000000087593235616190145975679115508683025836944580078125,btc,14115609.82938799,0.0,3.272189326486582,212
1,[],12,[],2019-01-25 02:44:32,207462.42853209,0.000001080000000000000035831255497387193287295303889550268650054931640625,0.000000000038610756000000006,6493050,2019-01-25 02:44:32,btc,85023.03793723314,0.0,0.000001080000000000000035831255497387193287295303889550268650054931640625,btc,43675.73520027,0.000146250909087,0.0348620860622024,213
1,[],5,[],2019-02-24 08:37:50,0.0,0,0,6772206,2019-02-24 08:37:50,btc,0.0,0.36713146,0,btc,0.0,0.0,0.0,213
1,[],24,[],2019-02-24 08:37:50,0.0,0.000000100000,0.0000000000041663,6772207,2019-02-24 08:37:50,btc,0.0,0.0,0.000000100000,btc,0.0,0.0,0.0,213
1,[],26,[],2019-02-24 08:37:50,0.0,0.00000009,0.00000000000374967,6772208,2019-02-24 08:37:50,btc,0.0,0.0,0.00000009,btc,0.0,0.0,0.0,213
1,[],22,[],2019-02-24 08:37:54,104971.0,0.00000001,0.00000000000041663,6772209,2019-02-24 08:37:54,BTC,2.20575949,0.0,0.00000001,BTC,249234.14637261708,0.00177602,0.00104971,216
1,[],27,[],2019-02-24 08:37:56,18125901.005988,0.00000007,0.00000000000291641,6772210,2019-02-24 08:37:56,btc,355.93215604754,1496.994012,0.00000007,"btc,ltc",213458.845,0.00010479,0.03395747044044965,216
1,[],22,[],2019-02-24 08:38:00,238850.2683626245,0.00000220,0.0000000000916586,6772211,2019-02-24 08:38:00,BTC,12673.59173016,0.0,0.00000220,BTC,371929.89063635876,0.00042944,0.32896661,217
1,[],7,[],2019-02-24 08:38:01,0.0,0,0,6772212,2019-02-24 08:38:01,btc,77969.61377456698,0.0,0,btc,137043486.5550253,0.0,0.0,219
0,[],27,[],2019-02-24 08:38:03,0.0,0,0,6772213,2019-02-24 08:38:03,,0.0740438339680921,0.0,0,btc,1536429.20709513,0.0,0.0,219
0.0000000000000051,[],28,[],2019-02-24 08:38:05,168116952.092,4.233459e-18,1.7637860231700002e-22,6772214,2019-02-24 08:38:05,doge,83869.8037917675,3500.0,0.00083009,"btc,doge",4822403.34751,0.0,1.114115375879244e-11,219
1,[],22,[],2019-02-24 08:38:09,262136.6,0.00000037,0.00000000001541531,6772215,2019-02-24 08:38:09,BTC,3.00166181,0.0,0.00000037,BTC,106589.27041875875,0.0,0.03420893,221
1,[],24,[],2019-02-24 08:38:09,0.0,0.000000200000,0.0000000000083326,6772216,2019-02-24 08:38:09,btc,0.0,0.0,0.000000200000,btc,0.0,0.0,0.0,221
1,[],20,[],2019-02-24 08:38:11,43102626.1239,0.000000001,0.000000000000041663000000000005,6772217,2019-02-24 08:38:11,btc,48.0012033298777,125810.0,0.000000001,btc,12473409.1899,0.00012581,0.0431026261239,224
0,[],22,[],2019-02-24 08:38:13,0.0,0,0,6772218,2019-02-24 08:38:13,,0.0,0.0,0,,0.0,0.0,0.0,224
1,[],26,[],2019-02-24 08:38:14,0.0,0.00000036,0.00000000001499868,6772219,2019-02-24 08:38:14,btc,0.0,0.0,0.00000036,btc,0.0,0.0,0.0,231
1,[],26,[],2019-02-24 08:38:14,0.0,0.00000006,0.00000000000249978,6772220,2019-02-24 08:38:14,btc,0.0,0.0,0.00000006,btc,0.0,0.0,0.0,234
0.00000000039402069999999996,[],27,[],2019-02-24 08:38:16,2000.0,3.940207e-18,1.64160844241e-22,6772221,2019-02-24 08:38:16,eth,0.0113483662182,0.0,0.00000001,"btc,eth",11462.99618,0.0,7.880414e-15,234
1,[],4,[],2019-02-24 08:38:17,1056003.93339421,0.00000080,0.0000000000333304,6772222,2019-02-24 08:38:17,btc,4.4624728569302246,0.0,0.00000080,btc,1061764.27941483,0.02605454,0.4010680446516033,236
1,[],24,[],2019-02-24 08:38:17,0.0,0.000000300000,0.0000000000124989,6772223,2019-02-24 08:38:17,btc,0.0,0.0,0.000000300000,btc,0.0,0.0,0.0,236
1,[],20,[],2019-02-24 08:38:19,67675105.4006,0.000000058,0.000000000002416454,6772224,2019-02-24 08:38:19,btc,10.0769988746738,29812061.5623,0.000000058,btc,45094804.7427,1.8178687077921,0.2477273085059,237
0.0000000001256794,[],22,[],2019-02-24 08:38:22,14400.0,1.256794e-17,5.2361808422e-22,6772225,2019-02-24 08:38:22,LTC,0.0405823,0.0,0.0000001,LTC,3164.0,0.0,0.00144,237
1,[],4,[],2019-02-24 08:38:23,6988707.8697543,0.00000034,0.00000000001416542,6772226,2019-02-24 08:38:23,btc,5.8059906901194624,0.0,0.00000034,btc,9034412.77476177,0.3479811,1.4974930919301852,238
1,[],5,[],2019-02-24 08:38:24,0.0,0,0,6772227,2019-02-24 08:38:24,btc,0.0,0.007821,0,btc,0.0,0.0,0.0,238
0,[],22,[],2019-02-24 08:38:27,0.0,0,0,6772228,2019-02-24 08:38:27,,27.41366601,0.0,0,,316008.5639027493,0.0,0.0,249
0.0000000001256794,[],22,[],2019-02-24 08:38:30,7121097.666666667,3.770382e-18,1.57085425266e-22,6772229,2019-02-24 08:38:30,LTC,0.52780979,0.0,0.00000003,LTC,14400138.09,5.01928333368e-13,0.21263595,252
1,[],28,[],2019-02-24 08:38:32,3798307.698,0.00000013,0.00000000000541619,6772230,2019-02-24 08:38:32,btc,164693.6394059347,10712.4,0.00000013,btc,752342.43,0.0,0.2377927575,256
1,[],22,[],2019-02-24 08:38:35,2423447.6666666665,0.00000003,0.00000000000124989,6772231,2019-02-24 08:38:35,BTC,31.42327216,0.0,0.00000003,BTC,516927.80769145646,0.0003,0.05155815,258
1,[],22,[],2019-02-23 13:24:56,48751.0,0.00000001,0.000000000000395946,6766668,2019-02-23 13:24:56,BTC,2.4175745,0.0,0.00000001,BTC,1762.0,0.0,0.00048751,259
1,[],5,[],2019-02-24 08:38:36,0.0,0,0,6772232,2019-02-24 08:38:36,btc,0.0,0.15576497,0,btc,0.0,0.0,0.0,264
1,[],20,[],2019-02-24 08:38:38,1218381.6743,0.000001631,0.000000000067952353,6772233,2019-02-24 08:38:38,btc,7.6824074770298,117096.9912,0.000001631,btc,108430.8396,0.367764494184,0.0247103153908,264
1,[],22,[],2019-02-24 08:38:48,18164.0,0.00000001,0.00000000000041663,6772234,2019-02-24 08:38:48,BTC,8.44955368,0.0,0.00000001,BTC,428471.6907878143,7.5e-05,0.00018164,271
0,[],22,[],2019-02-24 08:38:51,0.0,0,0,6772235,2019-02-24 08:38:51,,263.46698823,0.0,0,,14809386027.9,0.0,0.0,272
0.0000000000000051,[],28,[],2019-02-24 08:38:54,230113918758.06,4.386e-21,1.8273391800000002e-25,6772236,2019-02-24 08:38:54,doge,10981738.118439404,13538076076.0,0.00000086,doge,213071319685.26923,0.0,6.03082836748164e-10,272
1,[],22,[],2019-02-24 08:39:17,116058.74,0.00000235,0.00000000009790805000000001,6772237,2019-02-24 08:39:17,BTC,74.45094618,0.0,0.00000235,"BTC,LTC",13370.487639773188,0.0,0.04795372,281
1,[],22,[],2019-02-24 08:39:21,96393.0,0.00000001,0.00000000000041663,6772238,2019-02-24 08:39:21,BTC,1.33469086,0.0,0.00000001,BTC,166490.2905455173,1.35e-06,0.00096393,286
0,[],22,[],2019-02-22 20:00:43,0.0,0,0,6761229,2019-02-22 20:00:43,,43634.52003953,0.0,0,,419068796.0,0.0,0.0,294
