pairValue,buyBook,exchangeId,sellBook,updated,buyTotal,satoshiPrice,usdPrice,exchangeLogId,created,bestPair,sellTotalBtc,volume,pairPrice,activePairs,sellTotal,volumeBtc,buyTotalBtc,coinId
1,[],3,[],2019-06-02 19:00:02,31471.661089129866,0.01069456000000000052418958063071841024793684482574462890625,0.000000929273846432,7727559,2019-06-02 19:00:02,btc,7.955361576827432,41.3779488665,0.01069456000000000052418958063071841024793684482574462890625,btc,23.830060510564,0.0,0.30618852459025964,1
1,[],4,[],2019-06-02 19:00:03,207699.99724159,0.01087702,0.000000945128197244,7727560,2019-06-02 19:00:03,btc,7.728504336380783,0.0,0.01087702,btc,310.27422645,0.74294785,0.720322219054471,1
1,[],5,[],2019-06-02 19:00:05,0.0,0,0,7727561,2019-06-02 19:00:05,btc,0.0,0.02390352,0,btc,0.0,0.0,0.0,1
1,[],10,[],2019-06-02 19:00:08,312448.88795036,0.00717596,0.000000623534951512,7727562,2019-06-02 19:00:08,btc,6519.764129704513,1597.57523858,0.00717596,btc,1206.13183636,0.0,2.2751995534892426,1
1,[],12,[],2019-06-02 19:00:10,79.6844945,0.01093000000000000047906123512575504719279706478118896484375,0.000000949731746,7727563,2019-06-02 19:00:10,btc,0.1370098945806,0.0,0.01093000000000000047906123512575504719279706478118896484375,btc,11.811033,0.089491946337,0.3399254086035,1
1,[],20,[],2019-06-02 19:00:12,934.1563,0.009208871,0.0000008001790607062,7727564,2019-06-02 19:00:12,btc,0.2226895461424,0.0945,0.009208871,btc,17.2598,0.001020599055,0.0997006754682,1
1,[],21,[],2019-06-02 19:00:13,1931.04898423,0.01089189999999999949875650884,0.0000009464211531799999,7727565,2019-06-02 19:00:13,btc,9.769062986835097,6303.7907917,0.0108918999999999994987565088422343251295387744903564453125,"btc,eth",1260.62488872,67.6925260106142,17.33895645094698,1
1,[],22,[],2019-06-02 19:00:18,0.0025666666666666667,0.00900000,0.0000007820298,7727566,2019-06-02 19:00:18,BTC,0.31629903,0.0,0.00900000,BTC,0.2505752479991019,0.0,2.31e-05,1
1,[],24,[],2019-06-02 19:00:19,0.0,0.000000000000,0,7727567,2019-06-02 19:00:19,btc,0.0,0.0,0.000000000000,btc,0.0,0.0,0.0,1
0.0,[],25,[],2019-06-02 19:00:19,0.0,0,0,7727568,2019-06-02 19:00:19,btc,38.714999998663224,7818.82144008,0.0,btc,3475.43622252,86.0,0.0,1
1,[],26,[],2019-06-02 19:00:31,0.0,0,0,7727569,2019-06-02 19:00:31,,0.0,0.0,0,,0.0,0.0,0.0,1
0,[],28,[],2019-06-02 19:00:32,0.0,0,0,7727570,2019-06-02 19:00:32,,0.0,300645.45,0,,0.0,0.0,0.0,1
0,[],2,[],2019-01-20 23:28:45,0.0,0,0,6477011,2019-01-20 23:28:45,,0.0,0.0,0,,0.0,0.0,0.0,1
1,[],5,[],2019-06-02 19:00:33,0.0,0,0,7727571,2019-06-02 19:00:33,btc,0.0,3.727e-05,0,btc,0.0,0.0,0.0,2
1,[],22,[],2019-06-02 19:00:37,11638.0,0.0000002,0.00000000001737844,7727572,2019-06-02 19:00:37,BTC,21.00897301,0.0,0.0000002,"BTC,XMR",20678.87287795317,0.0,0.00145435,2
1,[],5,[],2019-06-02 19:00:39,0.0,0,0,7727573,2019-06-02 19:00:39,btc,0.0,0.0418497,0,btc,0.0,0.0,0.0,3
1,[],12,[],2019-06-02 19:00:40,3324332.70302,0.000000115,0.000000000009992603,7727574,2019-06-02 19:00:40,btc,169531.08063406195,0.0,0.000000115,btc,2594114.89456578,0.03881981972,0.32092476854428,3
0,[],28,[],2019-06-02 19:00:41,0.0,0,0,7727575,2019-06-02 19:00:41,,0.0,0.0,0,,0.0,0.0,0.0,3
0,[],2,[],2019-01-20 23:31:32,0.0,0,0,6477077,2019-01-20 23:31:32,,0.0,0.0,0,,0.0,0.0,0.0,4
1,[],4,[],2019-05-18 21:29:50,562734.9206932,0.00000010,0.000000000007298720000000001,7650946,2019-05-18 21:29:50,btc,41.9347137769675,0.0,0.00000010,btc,1123702.32192634,0.00052462,0.029254593370966,4
0,[],12,[],2019-06-02 05:03:43,0.0,0,0,7724919,2019-06-02 05:03:43,btc,625.901992874995,0.0,0,btc,1211362.4995005,0.0,0.0,5
0,[],2,[],2019-01-20 23:31:51,0.0,0,0,6477087,2019-01-20 23:31:51,,0.0,0.0,0,,0.0,0.0,0.0,6
1,[],11,[],2019-06-02 19:00:43,9185112.776736,0.00000003,0.0000000000026067659999999995,7727576,2019-06-02 19:00:43,btc,9582.823696002944,56335.0,0.00000003,btc,67435595.46260394,0.0,0.14039405276736,6
1,[],3,[],2019-06-02 19:00:44,13512.910992254116,0.000088889999999999997661037642870951458462513983249664306640625,0.000000007723847658,7727577,2019-06-02 19:00:44,btc,0.09360314739788636,362.367019599,0.000088889999999999997661037642870951458462513983249664306640625,btc,238.385531900151,0.0,0.02369864083768678,7
1,[],4,[],2019-06-02 19:00:45,323216.38363074,0.00008475,0.00000000736411395,7727578,2019-06-02 19:00:45,btc,8.928771250974934,0.0,0.00008475,btc,57263.24916639,1.31775701,2.0308169316429483,7
1,[],5,[],2019-06-02 19:00:46,0.0,0,0,7727579,2019-06-02 19:00:46,btc,0.0,0.27713848,0,btc,0.0,0.0,0.0,7
1,[],20,[],2019-04-07 22:06:50,3201475.0482,0.000000001,0.000000000000051590000000000004,7213932,2019-04-07 22:06:50,btc,30.8005781811902,0.0,0.000000001,btc,23077405.3926,0.0,0.0032014750482,8
0,[],2,[],2019-01-20 23:22:42,0.0,0,0,6476876,2019-01-20 23:22:42,,0.0,0.0,0,,0.0,0.0,0.0,9
0,[],23,[],2019-01-20 23:22:48,0.0,0,0,6476878,2019-01-20 23:22:48,,0.0,0.0,0,,0.0,0.0,0.0,9
1,[],1,[],2019-02-17 23:31:42,1822507.21,0.00000181000000000000003456111265232042484285557293333113193511962890625,0.000000000066086901,6701244,2019-02-17 23:31:42,btc,3.6990969245,17153386.5,0.00000181000000000000003456111265232042484285557293333113193511962890625,btc,1997391.71,31.11772986,3.2610482446,9
1,[],4,[],2019-06-02 19:00:48,2801334.00729002,0.00000046,0.000000000039970412,7727580,2019-06-02 19:00:48,btc,3.217806451731824,0.0,0.00000046,btc,3171703.29914757,0.24440775,0.2601947236464016,9
0,[],28,[],2019-06-02 19:00:50,0.0,0,0,7727581,2019-06-02 19:00:50,,0.0,3336388.0,0,,0.0,0.0,0.0,9
1,[],4,[],2019-02-17 11:22:43,4341674.27126056,0.00000002,0.0000000000007272960000000001,6696112,2019-02-17 11:22:43,btc,0.1997230937751353,0.0,0.00000002,btc,4109766.79808031,0.00215132,0.0479381022052112,10
0,[],2,[],2019-01-20 23:23:08,0.0,0,0,6476890,2019-01-20 23:23:08,,0.0,0.0,0,,0.0,0.0,0.0,12
1,[],4,[],2019-06-02 19:00:51,8050643.91194495,0.00000042,0.000000000036494723999999995,7727582,2019-06-02 19:00:51,btc,4.7857342430916034,0.0,0.00000042,btc,5257089.92849056,0.97485577,1.3103144432384437,12
1,[],5,[],2019-06-02 19:00:52,0.0,0,0,7727583,2019-06-02 19:00:52,btc,0.0,0.22371873,0,btc,0.0,0.0,0.0,12
0.0,[],25,[],2019-06-02 19:00:54,0.0,0,0,7727584,2019-06-02 19:00:54,,0.0,0.0,0.0,btc,0.0,0.0,0.0,12
1,[],4,[],2019-06-02 19:00:54,335512.83461926,0.00000567,0.000000000492678774,7727585,2019-06-02 19:00:54,btc,1.7415361754248848,0.0,0.00000567,btc,222096.61288184,0.65461081,0.4711130268527529,13
1,[],10,[],2019-06-02 19:00:57,649204.23087628,0.0000057,0.0000000004952855399999999,7727586,2019-06-02 19:00:57,btc,666803.2267232325,9400.73214668,0.0000057,btc,869693.67196887,0.0,0.219861069210571,13
1,[],21,[],2019-06-02 19:00:58,1660460.71461966,0.000005800000000000000372813759031,0.00000000050397476,7727587,2019-06-02 19:00:58,btc,4.584005948975092,1738015.96316542,0.000005800000000000000372813759030865554677802720107138156890869140625,btc,714265.57552543,10.25952605,7.013094273695506,13
0,[],17,[],2019-05-03 00:53:32,0.0,0,0,7558876,2019-05-03 00:53:32,btc,0.0,0.0,0,btc,0.0,0.0,0.0,14
1,[],4,[],2019-06-02 19:00:59,924443.76974784,0.00000077,0.000000000066906994,7727588,2019-06-02 19:00:59,btc,4.365394641790804,0.0,0.00000077,btc,844311.30048637,0.00198008,0.0905752766384641,14
1,[],12,[],2019-06-02 19:01:00,136433.75534015,0.00000073,0.000000000063431306,7727589,2019-06-02 19:01:00,btc,14.134662935963576,0.0,0.00000073,btc,22116.65275591,2.547453e-06,0.0160728299999707,14
1,[],26,[],2019-06-02 19:03:00,0.0,0.00000050,0.0000000000434461,7727590,2019-06-02 19:03:00,btc,0.0,0.0,0.00000050,btc,0.0,0.0,0.0,14
,[],12,[],2018-12-01 15:15:48,204241.84496,0.00000489,0.000000000202473384,5260204,2018-12-01 15:15:48,btc,49.5475654835,0.0,,btc,35763.2193806,0.0163153972027625,0.0203389899998,15
0,[],4,[],2019-06-02 19:03:01,0.0,0,0,7727591,2019-06-02 19:03:01,,0.0,0.0,0,,0.0,0.0,0.0,15
0,[],2,[],2019-01-20 23:23:38,0.0,0,0,6476906,2019-01-20 23:23:38,,0.0,0.0,0,,0.0,0.0,0.0,18
0,[],17,[],2019-05-03 00:53:39,0.0,0,0,7558882,2019-05-03 00:53:39,btc,0.0,0.0,0,btc,0.0,0.0,0.0,18
1,[],4,[],2019-06-02 19:03:03,34908.45732486,0.00001039,0.0000000009028099579999999,7727592,2019-06-02 19:03:03,btc,0.9950493768267867,0.0,0.00001039,btc,13165.89702315,0.04512772,0.0849050056452161,18
1,[],10,[],2019-06-02 19:03:05,495842.54741209,0.00001117,0.0000000009705858739999998,7727593,2019-06-02 19:03:05,btc,15.188998711861414,18709.9276165,0.00001117,btc,12852.35237051,0.0,0.1611743332875132,18
1,[],12,[],2019-06-02 19:03:06,3174.79123502,0.000011800000000000000524818903613333276325647602789103984832763671875,0.00000000102532796,7727594,2019-06-02 19:03:06,btc,0.40079998341953443,0.0,0.000011800000000000000524818903613333276325647602789103984832763671875,btc,1473.8976918,0.000356548174,0.013010778146596,18
0,[],2,[],2019-01-20 23:24:19,0.0,0,0,6476924,2019-01-20 23:24:19,,0.0,0.0,0,,0.0,0.0,0.0,19
1,[],3,[],2019-06-02 19:05:06,150823.6979611054,0.0000055099999999999997612500080013120395960868336260318756103515625,0.0000000004787760219999999,7727595,2019-06-02 19:05:06,btc,0.1800325208883166,5449.68204435,0.0000055099999999999997612500080013120395960868336260318756103515625,btc,5381.469686421002,0.0,0.0546930916534701,19
1,[],4,[],2019-06-02 19:05:07,521520.83439449,0.00000780,0.0000000006777591599999999,7727596,2019-06-02 19:05:07,btc,3.9637254330425806,0.0,0.00000780,btc,170325.87340311,0.24343178,0.4245429293577788,19
1,[],5,[],2019-06-02 19:05:08,0.0,0,0,7727597,2019-06-02 19:05:08,btc,0.0,0.00427552,0,btc,0.0,0.0,0.0,19
1,[],12,[],2019-06-02 19:05:09,14350.30158589,0.000007089999999999999880334437818429904609729419462382793426513671875,0.0000000006160656979999999,7727598,2019-06-02 19:05:09,btc,0.0512499214433681,0.0,0.000007089999999999999880334437818429904609729419462382793426513671875,btc,1949.0831785,0.00367262,0.0211467599997337,19
0,[],27,[],2019-06-02 19:05:22,0.0,0,0,7727599,2019-06-02 19:05:22,,0.0,0.0,0,btc,0.0,0.0,0.0,19
1,[],4,[],2019-06-02 19:05:23,10062076.88478525,0.00000007,0.000000000006082454,7727600,2019-06-02 19:05:23,btc,6.4029639466023385,0.0,0.00000007,btc,2322306.93095912,0.0,0.1174938176872809,20
0,[],17,[],2019-05-03 00:53:51,0.0,0,0,7558891,2019-05-03 00:53:51,btc,0.0,0.0,0,btc,0.0,0.0,0.0,21
1,[],4,[],2019-06-02 19:05:25,7279784.248,0.00000001,0.0000000000008689219999999999,7727601,2019-06-02 19:05:25,btc,39217.66389782037,0.0,0.00000001,btc,71308867.46759267,0.01295036,0.07279784248,21
1,[],12,[],2019-06-02 19:05:25,2396017.0,0.00000001,0.0000000000008689219999999999,7727602,2019-06-02 19:05:25,btc,2566.627579543127,0.0,0.00000001,btc,5033817.15584414,7.772228e-06,0.02396017,21
1,[],12,[],2019-06-02 19:07:27,5173114400.0,0.0000000003,0.000000000000026067659999999998,7727603,2019-06-02 19:07:27,btc,709129932.0929457,0.0,0.0000000003,btc,3117699677.411232,0.057830596324,1.1571640233,23
0.0000000003079997,[],27,[],2019-06-02 19:07:32,43789820.0,3.079997e-18,2.676277153234e-22,7727604,2019-06-02 19:07:32,eth,105072.90791395651,675801065.325762,0.00000001,eth,23118765.7257,2.081465252796805e-09,1.3487251423054e-10,23
1,[],4,[],2019-06-02 19:07:33,1844745.2279967,0.00000023,0.000000000019985206,7727605,2019-06-02 19:07:33,btc,10.656428579599908,0.0,0.00000023,btc,1713922.6975975,0.00636851,0.0595477352408807,24
0,[],22,[],2019-06-02 19:07:36,0.0,0,0,7727606,2019-06-02 19:07:36,,0.0,0.0,0,,0.0,0.0,0.0,24
0.0,[],25,[],2019-06-02 19:07:37,0.0,0,0,7727607,2019-06-02 19:07:37,,0.0,0.0,0.0,btc,0.0,0.0,0.0,24
0,[],2,[],2019-01-20 23:25:56,0.0,0,0,6476976,2019-01-20 23:25:56,,0.0,0.0,0,,0.0,0.0,0.0,26
1,[],4,[],2019-06-02 19:07:38,26941470.55957343,0.00000483,0.00000000041968932599999996,7727608,2019-06-02 19:07:38,btc,13.659885615062107,0.0,0.00000483,btc,237845.39707742,0.14953479,0.4755335646814533,26
1,[],10,[],2019-06-02 19:07:40,150706.70120473,0.00000421,0.00000000036581616200000003,7727609,2019-06-02 19:07:40,btc,25.58554462082896,5704.15100936,0.00000421,btc,23082.41201912,0.0,0.0358263877562135,26
1,[],5,[],2019-04-26 09:47:06,0.0,0,0,7465326,2019-04-26 09:47:06,btc,0.0,0.0,0,btc,0.0,0.0,0.0,27
1,[],3,[],2019-06-02 19:07:41,21224602.185043,0.00000001,0.0000000000008689219999999999,7727610,2019-06-02 19:07:41,btc,3.7642254837254465,3637385.98668,0.00000001,btc,26149326.78031916,0.0,0.21224602185043,27
1,[],11,[],2019-06-02 19:07:42,2071589.08157834,0.00000002,0.0000000000017378439999999999,7727611,2019-06-02 19:07:42,btc,67503.04527066177,19676.5543251,0.00000002,btc,6588861.32608848,0.0,0.0211134458157834,27
1,[],4,[],2019-06-02 19:07:43,1191161751.4660265,0.00000001,0.0000000000008689219999999999,7727612,2019-06-02 19:07:43,btc,4.8151305246760785,0.0,0.00000001,"btc,ltc",304195721.04239,0.05279158,8.62150840414108,29
1,[],7,[],2019-06-02 19:07:44,85451021.33155985,0.00000001,0.0000000000008689219999999999,7727613,2019-06-02 19:07:44,btc,46548272.13366353,0.0,0.00000001,btc,35323569.68449719,0.0,0.8545102133155985,29
0,[],17,[],2019-05-03 01:11:25,0.0,0,0,7559066,2019-05-03 01:11:25,btc,0.0,0.0,0,btc,0.0,0.0,0.0,30
1,[],4,[],2019-06-02 19:07:45,15244677.86822977,0.00000006,0.000000000005213532,7727614,2019-06-02 19:07:45,btc,2.562666443401238,0.0,0.00000006,btc,2020880.51679651,0.0,0.168853139229436,30
1,[],21,[],2019-06-02 19:09:47,164896.99446619,0.00004643000000000000100121300139,0.000000004034404846,7727616,2019-06-02 19:09:47,btc,5.357028976903919,234237.3782187,0.00004643000000000000100121300139477398261078633368015289306640625,btc,106190.38384287,11.10463173,6.246019631432504,31
1,[],4,[],2019-06-02 19:09:46,108889.7162074,0.00004413,0.000000003834552785999999,7727615,2019-06-02 19:09:46,btc,2.948267236547188,0.0,0.00004413,btc,38907.84007405,0.60574566,0.5763650454810632,31
0,[],2,[],2019-01-20 23:28:43,0.0,0,0,6477009,2019-01-20 23:28:43,,0.0,0.0,0,,0.0,0.0,0.0,32
0,[],4,[],2019-06-02 19:09:50,0.0,0,0,7727617,2019-06-02 19:09:50,,0.0,0.0,0,,0.0,0.0,0.0,33
1,[],12,[],2019-03-30 07:55:10,40641173.964,0.00000003,0.000000000001228359,7108785,2019-03-30 07:55:10,btc,4233210.82356125,0.0,0.00000003,btc,28378394.68333462,0.0126927883965248,0.90752895892,33
0.0000000001313868,[],4,[],2019-06-02 19:09:51,462709076.3917092,6.0437928e-17,5.2515845273616e-21,7727618,2019-06-02 19:09:51,ltc,3.703459648739662,0.0,0.00000046,ltc,155765497.0457885,0.00768519,1.7497538368874803e-09,34
1,[],5,[],2019-06-02 19:09:52,0.0,0,0,7727619,2019-06-02 19:09:52,btc,0.0,0.0,0,btc,0.0,0.0,0.0,34
0.0000000002926451,[],17,[],2019-05-02 18:17:47,200000.0,2.9264510000000002e-18,1.596703856561e-22,7556430,2019-05-02 18:17:47,eth,0.20942468735267253,0.0,0.00000001,"btc,eth",1018272.20243647,0.0,5.852902e-13,36
0.0000000001311821,[],4,[],2019-05-31 13:28:19,2417517744.0607657,1.311821e-18,1.105058333085e-22,7717483,2019-05-31 13:28:19,ltc,5.019900492391546e-08,0.0,0.00000001,ltc,7102398142.262129,0.0,3.171350544531538e-09,36
1,[],5,[],2019-05-31 13:28:21,0.0,0,0,7717484,2019-05-31 13:28:21,btc,0.0,0.0,0,btc,0.0,0.0,0.0,36
0.0000000003108179,[],27,[],2019-05-31 13:30:34,10388811.226876,6.216358000000001e-18,5.236566733830001e-22,7717485,2019-05-31 13:30:34,eth,1569.8708019850988,761866.634299,0.00000002,"ltc,eth",5084024.2511555,4.736034912207001e-12,3.3251980286483705e-11,36
1,[],4,[],2019-06-02 19:09:52,9978821.3463178,0.00000016,0.000000000013902751999999999,7727620,2019-06-02 19:09:52,btc,19772.496136630572,0.0,0.00000016,btc,699991.32229404,0.00095194,0.12829775784137,37
1,[],12,[],2019-06-02 19:09:54,3619104.0,0.00000017,0.000000000014771673999999998,7727621,2019-06-02 19:09:54,btc,9.379725068619402,0.0,0.00000017,btc,1081294.5262821,0.013393508726,0.15841165,37
1,[],27,[],2019-06-02 18:15:28,11126.0,0.00000018,0.000000000015610877999999998,7727474,2019-06-02 18:15:28,btc,22.62970013895233,0.0,0.00000018,btc,4298.824295,0.0,0.00165394,37
1,[],17,[],2019-05-03 01:11:36,211752.74075282,0.00000025,0.000000000013700074999999998,7559074,2019-05-03 01:11:36,btc,0.055484923955058496,0.0,0.00000025,"btc,eth",1387.19918473,0.0,0.0005381851887916605,37
1,[],5,[],2019-06-02 18:15:29,0.0,0,0,7727475,2019-06-02 18:15:29,btc,0.0,0.00101502,0,btc,0.0,0.0,0.0,42
1,[],12,[],2019-06-02 18:15:31,148765.63560449,0.000001120000000000000076372827333137660588135986472479999065399169921875,0.000000000097134352,7727476,2019-06-02 18:15:31,btc,24.7977171520862,0.0,0.000001120000000000000076372827333137660588135986472479999065399169921875,btc,75121.044076,0.031430002575,0.0599795896411623,42
1,[],27,[],2019-06-02 18:15:38,506.0,0.00000002,0.000000000001734542,7727477,2019-06-02 18:15:38,btc,0.07600425,0.0,0.00000002,"btc,eth",18.0,0.0,6.000000324712409e-06,42
1,[],12,[],2019-03-13 09:13:29,1112112.0,0.00000001,0.000000000000386531,6919902,2019-03-13 09:13:29,btc,29058.00478931866,0.0,0.00000001,btc,5967681.93306694,9.99000999e-07,0.01112112,43
1,[],5,[],2019-04-26 22:38:52,0.0,0,0,7474154,2019-04-26 22:38:52,btc,0.0,0.02638891,0,btc,0.0,0.0,0.0,43
0,[],17,[],2019-04-26 22:38:53,0.0,0,0,7474155,2019-04-26 22:38:53,btc,0.0,0.0,0,btc,0.0,0.0,0.0,43
1,[],12,[],2019-03-05 01:54:08,639326.02,0.00000004,0.000000000001486676,6845775,2019-03-05 01:54:08,btc,11116042.728239931,0.0,0.00000004,btc,1103841.4595604,0.0003330765234764,0.014975410599999999,44
1,[],4,[],2019-06-02 18:15:40,105133476.84087455,0.00000001,0.000000000000867271,7727478,2019-06-02 18:15:40,btc,2660396.6054374,0.0,0.00000001,"btc,ltc",28289085.90928054,0.00111422,0.03271190095449247,49
0.00000000013105790000000001,[],4,[],2019-06-02 18:15:40,133974460.77621318,3.8006791000000006e-17,3.2962187637361e-21,7727479,2019-06-02 18:15:40,ltc,194920.22259886863,0.0,0.00000029,ltc,197312478.65485194,0.0,1.3903046700155154e-09,52
0,[],22,[],2019-06-02 18:15:43,0.0,0,0,7727480,2019-06-02 18:15:43,,10289.52569349,0.0,0,,305146396.4566013,0.0,0.0,57
1,[],27,[],2019-06-02 18:15:51,2297.0,0.0000003,0.000000000026018129999999998,7727481,2019-06-02 18:15:51,btc,0.0,0.0,0.0000003,"btc,eth",0.0,0.0,0.0003891,57
0.00000000013105790000000001,[],4,[],2019-06-02 18:15:52,3412122360.5721416,1.310579e-18,1.136627159909e-22,7727482,2019-06-02 18:15:52,ltc,19.341013387469474,0.0,0.00000001,ltc,5851927500.768803,0.0,4.471855911196277e-09,58
1,[],12,[],2019-06-02 18:15:53,705130685.0,0.0000000001,0.000000000000008672709999999999,7727483,2019-06-02 18:15:53,btc,2302584.952314335,0.0,0.0000000001,btc,3433980853.81614,0.001495503121,0.0705130685,58
0.00000000010934889999999999,[],22,[],2019-06-02 18:17:56,126877.0,1.093489e-18,9.483512985189999e-23,7727484,2019-06-02 18:17:56,XMR,68.17454206,0.0,0.00000001,XMR,9626402.6,0.0,0.00126877,58
1,[],17,[],2019-05-03 01:12:09,1200000.0,0.0000000001,0.00000000000000548003,7559085,2019-05-03 01:12:09,btc,1e+24,0.0,0.0000000001,"btc,eth",39516342.31952568,0.0,0.00010000000058666061,58
1,[],5,[],2019-06-02 18:17:58,0.0,0,0,7727485,2019-06-02 18:17:58,btc,0.0,0.00247346,0,btc,0.0,0.0,0.0,61
1,[],22,[],2019-06-02 18:18:01,13613.833333333334,0.00000012,0.000000000010407252,7727486,2019-06-02 18:18:01,BTC,1002.29123003,0.0,0.00000012,BTC,15014.200177125656,0.0,0.00153269,61
1,[],26,[],2019-06-02 18:18:02,0.0,0.00000050,0.000000000043363549999999994,7727487,2019-06-02 18:18:02,btc,0.0,0.0,0.00000050,btc,0.0,0.0,0.0,61
1,[],27,[],2019-06-02 18:18:13,8450.0,0.0000002,0.00000000001734542,7727488,2019-06-02 18:18:13,btc,1.9582485601246655,0.0,0.0000002,"btc,eth",11379.41563696,0.0,0.001522,61
0,[],28,[],2019-06-02 18:18:59,0.0,0,0,7727489,2019-06-02 18:18:59,,0.0,724.0,0,,0.0,0.0,0.0,61
1,[],4,[],2019-06-02 18:19:01,844196.68310591,0.00000070,0.00000000006070896999999999,7727490,2019-06-02 18:19:01,btc,2.975112344227358,0.0,0.00000070,btc,920952.05113184,0.05757983,0.4293836661330623,67
0.0,[],25,[],2019-06-02 18:19:02,0.0,0,0,7727491,2019-06-02 18:19:02,,0.0,0.0,0.0,btc,0.0,0.0,0.0,67
1,[],12,[],2019-06-02 06:23:14,910048.355,0.00000006,0.000000000005154929999999999,7725270,2019-06-02 06:23:14,btc,5.167005424215783,0.0,0.00000006,btc,738530.60239759,0.003159757462,0.0187188113,71
,[],5,[],2018-11-20 23:02:39,1.5e-07,0.00000005,0.000000000002128045,4862160,2018-11-20 23:02:39,btc,2.84511358,0.0,,btc,0.00036572,0.0,0.07381892,74
1,[],5,[],2019-06-02 18:19:04,0.0,0,0,7727492,2019-06-02 18:19:04,btc,0.0,0.06777268,0,btc,0.0,0.0,0.0,75
0,[],4,[],2019-05-25 21:33:44,0.0,0,0,7686249,2019-05-25 21:33:44,,133656.37989170782,0.0,0,,33439209.5909442,0.0,0.0,81
0,[],20,[],2019-01-25 09:30:31,0.0,0,0,6495923,2019-01-25 09:30:31,btc,0.0,0.0,0,btc,0.0,0.0,0.0,81
1,[],4,[],2019-06-02 18:19:04,29098.65289521,0.00011534,0.000000010003103713999999,7727493,2019-06-02 18:19:04,btc,56.13748376686998,0.0,0.00011534,btc,125103.21886834,0.26209904,0.5785391730649342,82
1,[],21,[],2019-06-02 18:19:05,95729.65017254,0.0001300499999999999898268876475,0.000000011278859354999998,7727494,2019-06-02 18:19:05,btc,19.905130258856833,39214.34163092,0.0001300499999999999898268876474816124755307100713253021240234375,btc,111965.70285898,4.64722616,8.753831492092472,82
0,[],17,[],2019-03-25 22:42:34,0.0,0,0,7038780,2019-03-25 22:42:34,btc,0.0445064681804024,0.0,0,btc,995513.18476001,0.0,0.0,84
0.0000000001161485,[],4,[],2019-05-20 13:09:39,216715621.0206096,1.161485e-18,9.0533806701e-23,7657228,2019-05-20 13:09:39,ltc,1.6511566870244727,0.0,0.00000001,ltc,471032407.9048656,0.0,2.5171194308112273e-10,85
,[],22,[],2018-11-20 23:09:34,3408.1,0.0000001,0.0000000000041895,4862324,2018-11-20 23:09:34,BTC,0.04624735,0.0,,BTC,4990.0,0.0,0.00033081,86
1,[],22,[],2019-06-02 18:19:09,138656.0,0.00000002,0.000000000001734542,7727495,2019-06-02 18:19:09,BTC,1.46299546,0.0,0.00000002,BTC,404805.21403508773,8e-05,0.00214656,87
1,[],27,[],2019-06-02 18:19:15,128632.0,0.00000008,0.000000000006938168,7727496,2019-06-02 18:19:15,btc,5.090419818036,82360.0,0.00000008,btc,56818.67341,0.0098832,0.00262364,87
,[],2,[],2018-11-20 23:10:47,0.0,0,0,4862359,2018-11-20 23:10:47,,0.0,0.0,,,0.0,0.0,0.0,88
1,[],11,[],2019-06-02 18:19:17,157747.35196638,0.00007804999999999999980328235782423007549368776381015777587890625,0.0000000067690501549999995,7727497,2019-06-02 18:19:17,btc,167.4474223764546,242.09999999,0.00007804999999999999980328235782423007549368776381015777587890625,btc,201197.61163851,0.0,1.918296616968402,89
0,[],2,[],2019-01-20 23:31:45,0.0,0,0,6477083,2019-01-20 23:31:45,,0.0,0.0,0,,0.0,0.0,0.0,91
1,[],12,[],2019-06-02 18:19:19,393332.74822222,0.00000035,0.000000000030354484999999995,7727498,2019-06-02 18:19:19,btc,88.57815991695156,0.0,0.00000035,btc,157439.434995,0.017647689518,0.0246158635999671,91
1,[],22,[],2019-06-02 18:21:24,75910.55,0.0000002,0.00000000001734542,7727499,2019-06-02 18:21:24,BTC,0.497,0.0,0.0000002,"BTC,LTC",6.95,0.0,0.00165931,91
0,[],17,[],2019-05-03 01:12:26,0.0,0,0,7559096,2019-05-03 01:12:26,btc,0.0,0.0,0,btc,0.0,0.0,0.0,91
1,[],22,[],2019-04-09 20:17:52,374949.73333333334,0.00000015,0.000000000007771935,7235704,2019-04-09 20:17:52,BTC,6.87372503,0.0,0.00000015,"BTC,LTC",159980.01196797504,1.1e-05,0.80510266,95
0.00000000013105790000000001,[],4,[],2019-06-02 18:21:24,543286412.7500627,2.7522159000000003e-17,2.3869170358089e-21,7727500,2019-06-02 18:21:24,ltc,11.302987465441925,0.0,0.00000021,ltc,152780436.19713435,0.0,8.702576653729519e-10,96
0,[],12,[],2019-06-02 18:21:26,0.0,0,0,7727501,2019-06-02 18:21:26,btc,22.31415682046953,0.0,0,btc,9676394.04695305,1.998002e-05,0.0,96
0,[],17,[],2019-05-03 01:12:32,0.0,0,0,7559100,2019-05-03 01:12:32,btc,0.0,0.0,0,btc,0.0,0.0,0.0,96
1,[],4,[],2019-04-14 03:32:46,1039404.33283278,0.00000038,0.000000000019245518,7293458,2019-04-14 03:32:46,btc,4.170086055365747,0.0,0.00000038,btc,3097704.34561074,0.06260606,0.1859928211030784,99
0,[],2,[],2019-01-20 23:23:55,0.0,0,0,6476914,2019-01-20 23:23:55,,0.0,0.0,0,,0.0,0.0,0.0,100
1,[],4,[],2019-06-02 18:23:27,242341.26195948,0.00001675,0.0000000014526789249999999,7727502,2019-06-02 18:23:27,btc,7.446551513038446,0.0,0.00001675,btc,158787.58207922,0.42456968,0.3724269963675285,100
1,[],22,[],2019-06-02 18:23:31,150000.0,0.00000002,0.000000000001734542,7727503,2019-06-02 18:23:31,BTC,24.83526409,0.0,0.00000002,BTC,11187.719,0.0,0.0017,101
1,[],4,[],2019-06-02 18:23:32,524535.62068774,0.00000157,0.000000000136161547,7727504,2019-06-02 18:23:32,btc,549.1884890256595,0.0,0.00000157,btc,676946.62557902,0.01854904,0.1566134119250689,103
1,[],12,[],2019-06-02 18:23:34,176814864.0,0.000000004,0.0000000000003469084,7727505,2019-06-02 18:23:34,btc,2404.690719729281,0.0,0.000000004,btc,70493729.8501427,0.000442965122,0.235035072,105
0,[],27,[],2019-06-02 18:23:38,0.0,0,0,7727506,2019-06-02 18:23:38,,0.3049285,442744.0,0,btc,2223885.0,0.00442744,0.0,105
1,[],22,[],2019-04-21 00:17:26,21333.0,0.00000001,0.000000000000532493,7385819,2019-04-21 00:17:26,BTC,51.38182867,0.0,0.00000001,BTC,470435.0,0.0,0.00021333,107
1,[],26,[],2019-04-21 00:17:26,0.0,0.00000000,0,7385820,2019-04-21 00:17:26,btc,0.0,0.0,0.00000000,btc,0.0,0.0,0.0,107
1,[],5,[],2019-06-02 18:23:40,0.0,0,0,7727507,2019-06-02 18:23:40,btc,0.0,0.0,0,btc,0.0,0.0,0.0,112
0,[],22,[],2019-06-02 18:23:42,0.0,0,0,7727508,2019-06-02 18:23:42,,6.79500102,0.0,0,,3375892.0833333335,0.0,0.0,112
1,[],27,[],2019-06-02 18:23:50,10001.0,0.00000001,0.000000000000867271,7727509,2019-06-02 18:23:50,btc,1.15032588,0.0,0.00000001,"btc,eth",1818.0,0.0,1.000003090733e-08,112
1,[],4,[],2019-06-02 18:23:51,259132.94023708,0.00000097,0.000000000084125287,7727510,2019-06-02 18:23:51,btc,5.752752907679443,0.0,0.00000097,btc,607990.91927264,0.0572243,0.1577926493878634,113
1,[],5,[],2019-06-02 18:23:52,0.0,0,0,7727511,2019-06-02 18:23:52,btc,0.0,0.0,0,btc,0.0,0.0,0.0,113
1,[],17,[],2019-04-26 02:17:47,162738.278,0.00000004,0.0000000000021069000000000002,7461287,2019-04-26 02:17:47,btc,1.3331140273775473,0.0,0.00000004,btc,51796.221,0.0,0.00230953112,116
1,[],27,[],2019-05-22 05:13:01,210000.0,0.00000001,0.00000000000079145,7666372,2019-05-22 05:13:01,btc,3919.0005001478,0.0,0.00000001,btc,128660.871,0.0,0.0021,116
1,[],4,[],2019-05-21 22:31:11,138169.03963019,0.00000701,0.000000000558364025,7664793,2019-05-21 22:31:11,btc,150.95388250938234,0.0,0.00000701,btc,344631.17141974,0.07552974,0.4288357684941946,120
1,[],7,[],2019-05-21 22:31:12,3901.07750076,0.000010679999999999999389654892212320191902108490467071533203125,0.0000000008506887,7664794,2019-05-21 22:31:12,btc,231188.94669936574,0.0,0.000010679999999999999389654892212320191902108490467071533203125,btc,4133.83151364,0.0,0.0113888422364489,120
1,[],20,[],2019-04-07 18:42:29,1914137.0852,0.000000035,0.0000000000017871910000000002,7211992,2019-04-07 18:42:29,btc,32.2497668025648,25528.85,0.000000035,btc,1001975.4986,0.00089350975,0.0152723574729,125
1,[],22,[],2019-06-02 18:23:56,10000.0,0.00000001,0.000000000000867271,7727512,2019-06-02 18:23:56,BTC,0.032061,0.0,0.00000001,BTC,299316.7611111111,0.0,0.0001,126
1,[],4,[],2019-06-02 18:23:56,264560.88446484,0.00000711,0.0000000006166296809999999,7727513,2019-06-02 18:23:56,btc,3.953200783085911,0.0,0.00000711,btc,180906.26040968,0.23663748,0.9928540921982147,131
0,[],2,[],2019-01-20 23:25:46,0.0,0,0,6476969,2019-01-20 23:25:46,,0.0,0.0,0,,0.0,0.0,0.0,131
1,[],17,[],2019-05-03 01:13:10,10000.0,0.00000001,0.000000000000548003,7559115,2019-05-03 01:13:10,btc,0.0953976503951408,0.0,0.00000001,btc,5037.62507334,0.0,0.0001,131
1,[],4,[],2019-06-01 22:22:37,4877.33287432,0.00010000,0.000000008588780000000001,7724055,2019-06-01 22:22:37,btc,5.03221070889025,0.0,0.00010000,btc,202.13055914,0.0,0.0067319517514342,135
1,[],3,[],2019-06-02 18:25:57,529157.22392675,0.00000001,0.000000000000867271,7727514,2019-06-02 18:25:57,btc,0.2210404157401997,1672649.79937,0.00000001,btc,1903983.22115819,0.0,0.0052915722392675,136
1,[],4,[],2019-06-02 18:25:58,2164472.71902416,0.00000183,0.000000000158710593,7727515,2019-06-02 18:25:58,btc,109.26854426748821,0.0,0.00000183,btc,533377.07264337,0.01877379,0.4814121566126152,137
1,[],12,[],2019-06-02 18:25:59,88790.57318058,0.00000181000000000000003456111265232042484285557293333113193511962890625,0.00000000015697605099999999,7727516,2019-06-02 18:25:59,btc,57.892468817088336,0.0,0.00000181000000000000003456111265232042484285557293333113193511962890625,btc,60822.49064291,8.129048e-05,0.0184562999999014,137
1,[],4,[],2019-06-02 18:26:00,99887.30735365,0.00001604,0.0000000013911026839999998,7727517,2019-06-02 18:26:00,btc,7.665952857705427,0.0,0.00001604,btc,127447.9925246,0.24656461,0.8787749628329155,142
1,[],5,[],2019-06-02 18:26:02,0.0,0,0,7727518,2019-06-02 18:26:02,btc,0.0,0.04193806,0,btc,0.0,0.0,0.0,142
1,[],20,[],2019-06-02 18:28:04,209043.7739,0.000015001,0.0000000013009932270999999,7727519,2019-06-02 18:28:04,btc,1.6056350122073,127.773,0.000015001,btc,9745.0633,0.0027035747,0.0191972553863,142
1,[],22,[],2019-06-02 18:28:07,11028.645,0.00001000,0.000000000867271,7727520,2019-06-02 18:28:07,BTC,3.02543682,0.0,0.00001000,BTC,1114.1496755539797,0.0,0.00745365,142
0.0,[],25,[],2019-06-02 18:28:08,0.0,0,0,7727521,2019-06-02 18:28:08,,0.0,0.0,0.0,btc,0.0,0.0,0.0,142
0,[],28,[],2019-06-02 18:28:51,0.0,0,0,7727522,2019-06-02 18:28:51,,0.0,0.0,0,,0.0,0.0,0.0,142
1,[],17,[],2019-05-03 01:13:16,32967.38636364,0.00000088,0.000000000048224264,7559122,2019-05-03 01:13:16,btc,20.06976206696776,0.0,0.00000088,btc,2746.079105,0.0,0.0105613000000032,142
0,[],22,[],2019-06-02 18:28:54,0.0,0,0,7727523,2019-06-02 18:28:54,,64.98620993,0.0,0,,787027072.3,0.0,0.0,143
0,[],22,[],2019-02-25 15:42:22,0.0,0,0,6783783,2019-02-25 15:42:22,,4.2131946,0.0,0,,2322156.0,0.0,0.0,146
,[],22,[],2018-11-20 23:01:11,0.0,0,0,4862114,2018-11-20 23:01:11,,2.56807021,0.0,,,61828.4988236,0.0,0.0,147
1,[],12,[],2019-04-21 06:38:04,193091.5971266,0.00000071,0.000000000037635183,7388679,2019-04-21 06:38:04,btc,2.301232411611175,0.0,0.00000071,btc,9957.48302385,0.00023528,0.0313308199999888,148
1,[],4,[],2019-03-19 21:31:25,255810.0415942,0.00000029,0.000000000011615747,6982695,2019-03-19 21:31:25,btc,218.94922712414143,0.0,0.00000029,btc,793529.37642722,0.00117,0.0608347789473395,152
0,[],22,[],2019-03-19 21:31:27,0.0,0,0,6982696,2019-03-19 21:31:27,,0.0,0.0,0,,0.0,0.0,0.0,152
1,[],5,[],2019-04-26 09:36:59,0.0,0,0,7465040,2019-04-26 09:36:59,btc,0.0,0.0,0,btc,0.0,0.0,0.0,153
,[],16,[],2019-01-11 15:38:59,0.0,0,0,6366141,2019-01-11 15:38:59,btc,0.0,0.0,,btc,0.0,0.0,0.0,155
0,[],23,[],2019-01-20 23:24:29,0.0,0,0,6476932,2019-01-20 23:24:29,,0.0,0.0,0,,0.0,0.0,0.0,156
0,[],22,[],2019-06-02 18:28:57,0.0,0,0,7727524,2019-06-02 18:28:57,,7.44455324,0.0,0,,5955762.942592593,0.0,0.0,156
1,[],22,[],2019-06-02 18:29:01,6996.0,0.00000001,0.000000000000867271,7727525,2019-06-02 18:29:01,BTC,1.7543039,0.0,0.00000001,BTC,57.0,0.0,6.996e-05,157
0,[],22,[],2019-05-21 23:40:32,0.0,0,0,7665049,2019-05-21 23:40:32,,50234.60468402,0.0,0,,54786159.03179465,0.0,0.0,158
,[],17,[],2018-11-20 22:56:10,0.0,0,0,4861976,2018-11-20 22:56:10,btc,1.1265625,0.0,,btc,1000.0,0.0,0.0,159
,[],20,[],2018-11-20 22:56:12,0.0,0,0,4861977,2018-11-20 22:56:12,btc,11912.7940471,0.0,,btc,34413894.3617,0.0,0.0,159
1,[],12,[],2019-05-24 02:51:20,9178.522006449999,0.00000191999999999999982841307998027158276954651228152215480804443359375,0.000000000151222656,7676256,2019-05-24 02:51:20,btc,149.80414728631675,0.0,0.00000191999999999999982841307998027158276954651228152215480804443359375,btc,1115.7451448499999,0.01783167678326,0.0120075778999181,168
1,[],17,[],2019-05-03 01:13:36,42852.0,0.00000002,0.000000000001096006,7559132,2019-05-03 01:13:36,btc,0.04279856251542,0.0,0.00000002,btc,274.46171372,0.0,0.00052852,168
1,[],22,[],2019-05-17 03:01:52,10.0,0.00000001,0.000000000000778341,7642059,2019-05-17 03:01:52,BTC,41.95893009,0.0,0.00000001,BTC,1753972.7737547632,0.0,1e-07,169
1,[],22,[],2019-05-30 08:38:18,202834.0,0.00000002,0.0000000000017416160000000001,7711049,2019-05-30 08:38:18,BTC,27.87002826,0.0,0.00000002,BTC,462189.5410507793,0.0,0.00211768,171
1,[],22,[],2019-05-29 08:05:18,349870.0,0.00000002,0.000000000001705894,7705265,2019-05-29 08:05:18,BTC,24.05907723,0.0,0.00000002,"BTC,LTC",1224285.4355616204,0.0,0.0039847,173
1,[],5,[],2019-06-02 18:29:02,0.0,0,0,7727526,2019-06-02 18:29:02,btc,0.0,0.00032464,0,btc,0.0,0.0,0.0,175
1,[],22,[],2019-06-02 18:29:06,90671.0,0.00000001,0.000000000000867271,7727527,2019-06-02 18:29:06,BTC,394.35459412,0.0,0.00000001,BTC,136275.61833431243,0.0,0.00090671,176
1,[],7,[],2019-06-02 18:29:07,0.0,0,0,7727528,2019-06-02 18:29:07,btc,522272.5206434946,0.0,0,btc,21545846.91829112,0.0,0.0,178
0,[],22,[],2019-06-02 18:29:10,0.0,0,0,7727529,2019-06-02 18:29:10,,1.00242428,0.0,0,,57512.0,0.0,0.0,178
0,[],2,[],2019-01-20 23:28:34,0.0,0,0,6477001,2019-01-20 23:28:34,,0.0,0.0,0,,0.0,0.0,0.0,178
0,[],23,[],2019-01-20 23:25:08,0.0,0,0,6476952,2019-01-20 23:25:08,,0.0,0.0,0,,0.0,0.0,0.0,179
1,[],5,[],2019-06-02 18:29:11,0.0,0,0,7727530,2019-06-02 18:29:11,btc,0.0,0.0240109,0,btc,0.0,0.0,0.0,179
0,[],22,[],2019-06-02 18:29:14,0.0,0,0,7727531,2019-06-02 18:29:14,,5.3132485,0.0,0,,13258002.811946675,0.0,0.0,179
1,[],22,[],2019-06-02 18:31:19,681368.6642749348,0.00000107,0.00000000009279799699999999,7727532,2019-06-02 18:31:19,BTC,39.19148122,0.0,0.00000107,"BTC,LTC",146551.3481957358,0.00076341,0.58081581,180
1,[],26,[],2019-06-02 18:31:20,0.0,0.00000010,0.00000000000867271,7727533,2019-06-02 18:31:20,btc,0.0,0.0,0.00000010,btc,0.0,0.0,0.0,180
1,[],17,[],2019-05-03 01:13:56,20504.725000000002,0.0000001,0.00000000000548003,7559141,2019-05-03 01:13:56,btc,5.2010695838400265,0.0,0.0000001,btc,5033.45945,0.0,0.0011504725,180
,[],7,[],2018-11-20 22:58:01,562227.975654,0.00000085,0.000000000036176765,4862015,2018-11-20 22:58:01,btc,21836.6059674,2491.87645172,,btc,749999.041456,0.00211021,0.127565380455,183
,[],5,[],2019-01-10 08:11:41,0.0,0,0,6347036,2019-01-10 08:11:41,btc,82.15055501,0.00261,,btc,1.19002445,0.0,0.0,187
,[],17,[],2018-11-16 20:58:10,4062536.27273,0.00000001,0.000000000000550501,4708775,2018-11-16 20:58:10,btc,3.36492563466,0.195460381006,,"btc,eth",110697919.549,0.0,0.0157628953496,187
1,[],24,[],2019-05-22 21:04:52,0.0,0.000000000014,0.0000000000000010960978,7670219,2019-05-22 21:04:52,btc,0.0,0.0,0.000000000014,btc,0.0,0.0,0.0,187
0,[],22,[],2019-04-25 02:54:07,0.0,0,0,7447896,2019-04-25 02:54:07,,7.54794454,0.0,0,,76361.7243344055,0.0,0.0,191
0,[],22,[],2019-06-02 18:31:26,0.0,0,0,7727534,2019-06-02 18:31:26,,0.0,0.0,0,,0.0,0.0,0.0,197
0,[],23,[],2019-01-20 23:31:41,0.0,0,0,6477079,2019-01-20 23:31:41,,0.0,0.0,0,,0.0,0.0,0.0,199
0,[],22,[],2019-06-02 18:31:29,0.0,0,0,7727535,2019-06-02 18:31:29,,10.92270994,0.0,0,,98749032.0,0.0,0.0,199
1,[],26,[],2019-06-02 18:31:29,0.0,0.00000000,0,7727536,2019-06-02 18:31:29,btc,0.0,0.0,0.00000000,btc,0.0,0.0,0.0,199
0,[],2,[],2019-01-20 23:30:49,0.0,0,0,6477059,2019-01-20 23:30:49,,0.0,0.0,0,,0.0,0.0,0.0,201
1,[],4,[],2019-01-25 15:51:35,2084389.58565343,0.00000936,0.000000000333526752,6499557,2019-01-25 15:51:35,btc,2.0092503037378524,0.0,0.00000936,btc,160195.80207885,0.19272417,1.242687955921835,211
1,[],7,[],2019-06-02 18:31:32,1170169467.890069,0.00000025,0.000000000021681774999999997,7727537,2019-06-02 18:31:32,btc,15201832.877560228,0.0,0.00000025,btc,6666655.08380466,0.0,11.967969486923074,212
1,[],12,[],2019-01-25 02:44:32,207462.42853209,0.000001080000000000000035831255497387193287295303889550268650054931640625,0.000000000038610756000000006,6493050,2019-01-25 02:44:32,btc,85023.03793723314,0.0,0.000001080000000000000035831255497387193287295303889550268650054931640625,btc,43675.73520027,0.000146250909087,0.0348620860622024,213
1,[],5,[],2019-05-30 00:07:46,0.0,0,0,7709357,2019-05-30 00:07:46,btc,0.0,0.06425239,0,btc,0.0,0.0,0.0,213
1,[],24,[],2019-05-30 00:07:46,0.0,0.000000399202,0.0000000000344859829346,7709358,2019-05-30 00:07:46,btc,0.0,0.0,0.000000399202,btc,0.0,0.0,0.0,213
1,[],26,[],2019-05-30 00:07:47,0.0,0.00000040,0.000000000034554919999999996,7709359,2019-05-30 00:07:47,btc,0.0,0.0,0.00000040,btc,0.0,0.0,0.0,213
0,[],22,[],2019-06-02 18:31:35,0.0,0,0,7727538,2019-06-02 18:31:35,,9.61445386,0.0,0,,3661587.094064925,0.0,0.0,216
0.00000000013105790000000001,[],27,[],2019-06-02 18:31:43,1000.0,1.310579e-18,1.136627159909e-22,7727539,2019-06-02 18:31:43,ltc,88.91609335917752,1000.0,0.00000001,"btc,ltc",391269.407688,1e-05,1.310579e-15,216
1,[],22,[],2019-06-02 18:31:46,731451.0,0.00000029,0.000000000025150858999999997,7727540,2019-06-02 18:31:46,BTC,12056.47547017,0.0,0.00000029,BTC,517498.6446520223,0.00105972,0.0574563,217
1,[],7,[],2019-06-02 18:31:48,0.0,0,0,7727541,2019-06-02 18:31:48,btc,1234864.1040716618,0.0,0,btc,164001712.13147992,0.0,0.0,219
0,[],27,[],2019-06-02 18:31:55,0.0,0,0,7727542,2019-06-02 18:31:55,,261.4083746267132,0.0,0,btc,15454258.74381025,0.0,0.0,219
0,[],28,[],2019-06-02 18:33:00,0.0,0,0,7727543,2019-06-02 18:33:00,,0.0,12327.0,0,,0.0,0.0,0.0,219
1,[],22,[],2019-05-23 16:41:05,172069.0,0.00000004,0.0000000000031167080000000004,7674065,2019-05-23 16:41:05,BTC,56.76466137,0.0,0.00000004,BTC,127061.6482738741,0.0,0.00393676,221
1,[],24,[],2019-05-23 16:41:05,0.0,0.000000010000,0.0000000000007791770000000001,7674066,2019-05-23 16:41:05,btc,0.0,0.0,0.000000010000,btc,0.0,0.0,0.0,221
1,[],20,[],2019-06-02 18:33:03,9624823.7425,0.000000001,0.00000000000008672709999999999,7727544,2019-06-02 18:33:03,btc,100052.67796391124,3122457.415,0.000000001,btc,47263007.2757,0.0035894945725,0.0096248237425,224
0,[],22,[],2019-06-02 18:33:05,0.0,0,0,7727545,2019-06-02 18:33:05,,0.0,0.0,0,,0.0,0.0,0.0,224
1,[],26,[],2019-06-02 18:33:06,0.0,0.00000025,0.000000000021681774999999997,7727546,2019-06-02 18:33:06,btc,0.0,0.0,0.00000025,btc,0.0,0.0,0.0,231
1,[],26,[],2019-06-02 18:33:07,0.0,0.00000006,0.000000000005203626,7727547,2019-06-02 18:33:07,btc,0.0,0.0,0.00000006,btc,0.0,0.0,0.0,234
0.0000000003090733,[],27,[],2019-06-02 18:33:16,100.0,3.090733e-18,2.680503099643e-22,7727548,2019-06-02 18:33:16,eth,0.01134836604,0.0,0.00000001,"btc,eth",11462.996,0.0,3.090733e-16,234
1,[],4,[],2019-05-22 17:06:12,91780.56053785,0.00000078,0.000000000061977552,7669277,2019-05-22 17:06:12,btc,5.573372450018177,0.0,0.00000078,btc,729173.93529783,0.0,0.0307060663355679,236
1,[],24,[],2019-05-22 17:06:12,0.0,0.000000010000,0.000000000000794584,7669278,2019-05-22 17:06:12,btc,0.0,0.0,0.000000010000,btc,0.0,0.0,0.0,236
1,[],20,[],2019-06-02 17:02:42,117878350.4285,0.000000041,0.0000000000035682136,7727255,2019-06-02 17:02:42,btc,522.7647294377975,13629507.3141,0.000000041,btc,43495223.2551,0.5969272938648,0.4218738364769,237
1,[],5,[],2019-06-02 18:33:18,0.0,0,0,7727549,2019-06-02 18:33:18,btc,0.0,0.22486078,0,btc,0.0,0.0,0.0,237
1,[],22,[],2019-06-02 18:33:22,288100.0,0.00000003,0.000000000002601813,7727550,2019-06-02 18:33:22,BTC,1.20267422,0.0,0.00000003,"BTC,LTC",17930.94871794872,0.0,0.007541,237
1,[],4,[],2019-06-02 18:33:23,27258460.8668822,0.00000011,0.000000000009539980999999999,7727551,2019-06-02 18:33:23,btc,2.79584726034174,0.0,0.00000011,btc,9537911.79880313,0.05151447,0.5653337623300017,238
1,[],5,[],2019-06-02 18:33:24,0.0,0,0,7727552,2019-06-02 18:33:24,btc,0.0,0.0005299,0,btc,0.0,0.0,0.0,238
0,[],22,[],2019-03-12 16:49:32,0.0,0,0,6914458,2019-03-12 16:49:32,,0.40415746,0.0,0,,526736.5639027493,0.0,0.0,249
0,[],22,[],2019-05-28 23:53:45,0.0,0,0,7703643,2019-05-28 23:53:45,,13.44714864,0.0,0,,43777534.3426455,0.0,0.0,252
0,[],28,[],2019-06-02 18:33:52,0.0,0,0,7727553,2019-06-02 18:33:52,,0.0,678141.6115,0,,0.0,0.0,0.0,256
1,[],22,[],2019-06-02 18:33:56,1021960.0,0.00000001,0.000000000000867271,7727554,2019-06-02 18:33:56,BTC,31464.5506333,0.0,0.00000001,BTC,584951.6675322719,0.0,0.0102196,258
1,[],22,[],2019-05-19 18:12:02,400.0,0.00000001,0.0000000000007957800000000001,7653905,2019-05-19 18:12:02,BTC,2.415167,0.0,0.00000001,BTC,157.0,0.0,4e-06,259
1,[],5,[],2019-06-02 18:33:57,0.0,0,0,7727555,2019-06-02 18:33:57,btc,0.0,0.05906307,0,btc,0.0,0.0,0.0,264
1,[],20,[],2019-06-02 18:33:59,958424.3425,0.00000017,0.000000000014743607,7727556,2019-06-02 18:33:59,btc,0.9760774832195,7655.6255,0.00000017,btc,51736.5911,0.00444026279,0.008053777202,264
0,[],22,[],2019-04-12 17:57:27,0.0,0,0,7278186,2019-04-12 17:57:27,,66.37522201,0.0,0,,677842.4169881374,0.0,0.0,271
0,[],22,[],2019-05-29 08:10:20,0.0,0,0,7705301,2019-05-29 08:10:20,,33050470.74998113,0.0,0,,14361377780.7,0.0,0.0,272
0,[],28,[],2019-05-29 08:10:54,0.0,0,0,7705302,2019-05-29 08:10:54,,0.0,22189957216.5758,0,,0.0,0.0,0.0,272
1,[],22,[],2019-05-23 07:12:29,219930.0,0.00000004,0.000000000003048688,7671985,2019-05-23 07:12:29,BTC,426.77835217,0.0,0.00000004,BTC,248664.3325962929,0.0,0.00739728,281
1,[],22,[],2019-06-02 18:34:04,994787.4333333333,0.00000004,0.000000000003469084,7727557,2019-06-02 18:34:04,BTC,31.67416211,0.0,0.00000004,"BTC,LTC",1525545.4569583754,0.00195326,0.04053517,286
0,[],22,[],2019-06-02 18:34:07,0.0,0,0,7727558,2019-06-02 18:34:07,,7337904.96568486,0.0,0,,2004620112.6797826,0.0,0.0,294
