pairValue,buyBook,exchangeId,sellBook,updated,buyTotal,satoshiPrice,usdPrice,exchangeLogId,created,bestPair,sellTotalBtc,volume,pairPrice,activePairs,sellTotal,volumeBtc,buyTotalBtc,coinId
1,[],3,[],2019-07-02 02:02:57,31394.132433434872,0.00835909999999999951680873522263937047682702541351318359375,0.00000086053423678,7786368,2019-07-02 02:02:57,btc,10.93357821895448,79.8416847744,0.00835909999999999951680873522263937047682702541351318359375,btc,37.43001477602,0.0,0.25970994518524676,1
1,[],4,[],2019-07-02 02:02:58,208302.2394611,0.00848185,0.00000087317083373,7786369,2019-07-02 02:02:58,btc,7.857123697274228,0.0,0.00848185,btc,367.06754909,6.89712476,1.0590949822705313,1
1,[],5,[],2019-07-02 02:03:00,0.0,0,0,7786370,2019-07-02 02:03:00,btc,0.0,0.00358506,0,btc,0.0,0.0,0.0,1
1,[],10,[],2019-07-02 02:03:03,246579.2656916,0.00293282,0.000000301921501156,7786371,2019-07-02 02:03:03,btc,6525.655794114534,1272.4596404,0.00293282,btc,1939.20482316,0.0,1.424180563412623,1
1,[],12,[],2019-07-02 02:03:06,101.29405906000001,0.0083499999999999997835065101980944746173918247222900390625,0.00000085959743,7786372,2019-07-02 02:03:06,btc,0.6215491732264,0.0,0.0083499999999999997835065101980944746173918247222900390625,btc,24.54710565,1.552733610744,0.18258344126019999,1
1,[],20,[],2019-07-02 02:03:08,928.5908,0.008200063,0.0000008441620455854,7786373,2019-07-02 02:03:08,btc,0.1456229903241,0.8261,0.008200063,btc,10.719,0.007894898747,0.1303091079851,1
1,[],21,[],2019-07-02 02:03:09,1935.56070664,0.008368449999999999500133185393,0.00000086149678001,7786374,2019-07-02 02:03:09,btc,10.649785202675842,3057.6147616400003,0.0083684499999999995001331853927695192396640777587890625,"btc,eth",1786.25832595,24.438188931938846,9.57590369511097,1
1,[],22,[],2019-07-02 02:03:13,1.5199,0.00850000,0.0000008750393,7786375,2019-07-02 02:03:13,BTC,0.01667896,0.0,0.00850000,BTC,0.2541810146658512,0.0,0.00927189,1
1,[],24,[],2019-07-02 02:03:14,0.0,0.000000000000,0,7786376,2019-07-02 02:03:14,btc,0.0,0.0,0.000000000000,btc,0.0,0.0,0.0,1
0.0,[],25,[],2019-07-02 02:03:15,0.0,0,0,7786377,2019-07-02 02:03:15,btc,17.67709999934243,3505.79975527,0.0,btc,2016.8543231,29.302,0.0,1
1,[],26,[],2019-07-02 02:03:19,0.0,0,0,7786378,2019-07-02 02:03:19,,0.0,0.0,0,,0.0,0.0,0.0,1
1,[],28,[],2019-07-02 02:05:19,1039.924,0.00730000,0.00000075150434,7786379,2019-07-02 02:05:19,btc,0.374000830075,120617.45,0.00730000,btc,23.7132,0.0,0.268011296,1
0,[],2,[],2019-01-20 23:28:45,0.0,0,0,6477011,2019-01-20 23:28:45,,0.0,0.0,0,,0.0,0.0,0.0,1
1,[],5,[],2019-06-17 14:29:02,0.0,0,0,7740076,2019-06-17 14:29:02,btc,0.0,2.72e-05,0,btc,0.0,0.0,0.0,2
1,[],22,[],2019-06-17 14:29:06,11550.3,0.0000002,0.0000000000185828,7740077,2019-06-17 14:29:06,BTC,21.00897301,0.0,0.0000002,"BTC,XMR",20678.87287795317,1.754e-05,0.00143681,2
1,[],5,[],2019-06-03 14:48:58,0.0,0,0,7731126,2019-06-03 14:48:58,btc,0.0,0.05905545,0,btc,0.0,0.0,0.0,3
1,[],12,[],2019-06-03 14:48:59,3468623.70302,0.000000116,0.000000000009823402000000002,7731127,2019-06-03 14:48:59,btc,169531.0336573751,0.0,0.000000116,btc,2361209.62379607,0.041350953071,0.33764769154428,3
0,[],28,[],2019-06-03 14:49:00,0.0,0,0,7731128,2019-06-03 14:49:00,,0.0,0.0,0,,0.0,0.0,0.0,3
0,[],2,[],2019-01-20 23:31:32,0.0,0,0,6477077,2019-01-20 23:31:32,,0.0,0.0,0,,0.0,0.0,0.0,4
1,[],4,[],2019-05-18 21:29:50,562734.9206932,0.00000010,0.000000000007298720000000001,7650946,2019-05-18 21:29:50,btc,41.9347137769675,0.0,0.00000010,btc,1123702.32192634,0.00052462,0.029254593370966,4
0,[],12,[],2019-06-02 05:03:43,0.0,0,0,7724919,2019-06-02 05:03:43,btc,625.901992874995,0.0,0,btc,1211362.4995005,0.0,0.0,5
0,[],2,[],2019-01-20 23:31:51,0.0,0,0,6477087,2019-01-20 23:31:51,,0.0,0.0,0,,0.0,0.0,0.0,6
1,[],11,[],2019-07-02 02:05:21,4305910.27673599,0.00000001,0.000000000001029458,7786380,2019-07-02 02:05:21,btc,9583.606959622211,3293000.0,0.00000001,btc,77903670.53970686,0.0,0.0430591027673599,6
1,[],3,[],2019-07-02 02:05:22,12622.756790970318,0.000060120000000000000371126740450478109778487123548984527587890625,0.000000006189101496,7786381,2019-07-02 02:05:22,btc,1026.3051029327457,627.29874475,0.000060120000000000000371126740450478109778487123548984527587890625,btc,413.767671504402,0.0,0.020711749165835652,7
1,[],4,[],2019-07-02 02:05:22,318664.16765084,0.00008136,0.000000008375670288,7786382,2019-07-02 02:05:22,btc,8.463194844517274,0.0,0.00008136,btc,56771.03564132,1.75785801,2.2453000000643333,7
1,[],5,[],2019-07-02 02:05:23,0.0,0,0,7786383,2019-07-02 02:05:23,btc,0.0,0.10621891,0,btc,0.0,0.0,0.0,7
1,[],20,[],2019-04-07 22:06:50,3201475.0482,0.000000001,0.000000000000051590000000000004,7213932,2019-04-07 22:06:50,btc,30.8005781811902,0.0,0.000000001,btc,23077405.3926,0.0,0.0032014750482,8
0,[],2,[],2019-01-20 23:22:42,0.0,0,0,6476876,2019-01-20 23:22:42,,0.0,0.0,0,,0.0,0.0,0.0,9
0,[],23,[],2019-01-20 23:22:48,0.0,0,0,6476878,2019-01-20 23:22:48,,0.0,0.0,0,,0.0,0.0,0.0,9
1,[],4,[],2019-07-02 02:05:25,1930552.10097219,0.00000041,0.000000000042207778,7786384,2019-07-02 02:05:25,btc,2.811434877257482,0.0,0.00000041,btc,2973462.84328901,0.32882158,0.3380343056570494,9
1,[],28,[],2019-07-02 02:05:37,20043.809,0.00000042,0.000000000043237236,7786385,2019-07-02 02:05:37,btc,2708.79361505485,129570.0,0.00000042,btc,55180.794,0.0,0.00270157978,9
1,[],1,[],2019-02-17 23:31:42,1822507.21,0.00000181000000000000003456111265232042484285557293333113193511962890625,0.000000000066086901,6701244,2019-02-17 23:31:42,btc,3.6990969245,17153386.5,0.00000181000000000000003456111265232042484285557293333113193511962890625,btc,1997391.71,31.11772986,3.2610482446,9
1,[],4,[],2019-02-17 11:22:43,4341674.27126056,0.00000002,0.0000000000007272960000000001,6696112,2019-02-17 11:22:43,btc,0.1997230937751353,0.0,0.00000002,btc,4109766.79808031,0.00215132,0.0479381022052112,10
0,[],2,[],2019-01-20 23:23:08,0.0,0,0,6476890,2019-01-20 23:23:08,,0.0,0.0,0,,0.0,0.0,0.0,12
1,[],4,[],2019-07-02 02:05:38,6634270.7771907,0.00000027,0.000000000027795366,7786386,2019-07-02 02:05:38,btc,7.557820413514913,0.0,0.00000027,btc,8767486.0475298,0.38293651,0.717074256752057,12
1,[],5,[],2019-07-02 02:05:40,0.0,0,0,7786387,2019-07-02 02:05:40,btc,0.0,0.0001778,0,btc,0.0,0.0,0.0,12
0.0,[],25,[],2019-07-02 02:05:42,0.0,0,0,7786388,2019-07-02 02:05:42,,0.0,0.0,0.0,btc,0.0,0.0,0.0,12
1,[],4,[],2019-07-02 02:05:43,566175.63680564,0.00000258,0.000000000265600164,7786389,2019-07-02 02:05:43,btc,2.105455886506663,0.0,0.00000258,btc,384547.37724266,0.28389756,0.3228714973352792,13
1,[],10,[],2019-07-02 02:05:45,617062.18216919,0.00000251,0.000000000258393958,7786390,2019-07-02 02:05:45,btc,666797.6671703527,9622.99727721,0.00000251,btc,876571.00073996,0.0,0.2780979502401798,13
1,[],21,[],2019-07-02 02:05:47,7517472.57495803,0.000002690000000000000079442745785,0.000000000276924202,7786391,2019-07-02 02:05:47,btc,2.45723366562927,1229366.28004828,0.00000269000000000000007944274578453036639302808907814323902130126953125,btc,679308.43764158,3.09977486,3.8169573470338127,13
1,[],4,[],2019-07-02 02:05:49,1044852.93443897,0.00000039,0.000000000040148862,7786392,2019-07-02 02:05:49,btc,2.7308806981590723,0.0,0.00000039,btc,758484.27262491,0.00262399,0.1099282868108719,14
1,[],12,[],2019-07-02 02:05:50,200174.78260869,0.00000032,0.000000000032942656,7786393,2019-07-02 02:05:50,btc,191.4892535952959,0.0,0.00000032,btc,39279.06442848,0.001018677292,0.0079645799999987,14
1,[],26,[],2019-07-02 02:07:50,0.0,0.00000050,0.0000000000514729,7786394,2019-07-02 02:07:50,btc,0.0,0.0,0.00000050,btc,0.0,0.0,0.0,14
0,[],17,[],2019-05-03 00:53:32,0.0,0,0,7558876,2019-05-03 00:53:32,btc,0.0,0.0,0,btc,0.0,0.0,0.0,14
0,[],4,[],2019-07-02 02:07:51,0.0,0,0,7786395,2019-07-02 02:07:51,,0.0,0.0,0,,0.0,0.0,0.0,15
,[],12,[],2018-12-01 15:15:48,204241.84496,0.00000489,0.000000000202473384,5260204,2018-12-01 15:15:48,btc,49.5475654835,0.0,,btc,35763.2193806,0.0163153972027625,0.0203389899998,15
0,[],2,[],2019-01-20 23:23:38,0.0,0,0,6476906,2019-01-20 23:23:38,,0.0,0.0,0,,0.0,0.0,0.0,18
1,[],4,[],2019-07-02 02:07:52,33111.37023449,0.00000808,0.000000000831802064,7786396,2019-07-02 02:07:52,btc,2.3661712389182754,0.0,0.00000808,btc,17033.15623364,0.03967461,0.0553853813257136,18
1,[],10,[],2019-07-02 02:07:54,427211.49217364,0.00000802,0.0000000008256253159999999,7786397,2019-07-02 02:07:54,btc,15.054617494575544,3109.80226258,0.00000802,btc,18151.52420472,0.0,0.4000286929433575,18
1,[],12,[],2019-07-02 02:07:55,2155.26056332,0.00000800999999999999954224116915924014392658136785030364990234375,0.000000000824595858,7786398,2019-07-02 02:07:55,btc,0.529409439915353,0.0,0.00000800999999999999954224116915924014392658136785030364990234375,btc,1922.07839621,4.803e-07,0.0043848570279432,18
0,[],17,[],2019-05-03 00:53:39,0.0,0,0,7558882,2019-05-03 00:53:39,btc,0.0,0.0,0,btc,0.0,0.0,0.0,18
0,[],2,[],2019-01-20 23:24:19,0.0,0,0,6476924,2019-01-20 23:24:19,,0.0,0.0,0,,0.0,0.0,0.0,19
1,[],3,[],2019-07-02 02:09:57,162160.21578162,0.00000798999999999999973372862005493999504324165172874927520751953125,0.0000000008225369419999999,7786399,2019-07-02 02:09:57,btc,190.33644000364416,15936.0573282,0.00000798999999999999973372862005493999504324165172874927520751953125,btc,18745.900526850633,0.0,0.11049430911710151,19
1,[],4,[],2019-07-02 02:09:59,293250.19521408,0.00000653,0.000000000672236074,7786400,2019-07-02 02:09:59,btc,2.7789611635156914,0.0,0.00000653,btc,196159.66841726,0.82336081,1.1795818391565522,19
1,[],5,[],2019-07-02 02:10:01,0.0,0,0,7786401,2019-07-02 02:10:01,btc,0.0,0.0,0,btc,0.0,0.0,0.0,19
1,[],12,[],2019-07-02 02:10:03,107406.78643514,0.000005800000000000000372813759030865554677802720107138156890869140625,0.0000000005970856400000001,7786402,2019-07-02 02:10:03,btc,0.370168295038092,0.0,0.000005800000000000000372813759030865554677802720107138156890869140625,btc,2991.38421058,0.001959266353,0.0101768599998162,19
0,[],27,[],2019-07-02 02:10:10,0.0,0,0,7786403,2019-07-02 02:10:10,,0.0,0.0,0,btc,0.0,0.0,0.0,19
1,[],4,[],2019-07-02 02:10:11,9925191.09278478,0.00000005,0.00000000000514729,7786404,2019-07-02 02:10:11,btc,5.162858526649613,0.0,0.00000005,btc,2244806.83713707,0.0,0.1102994166205056,20
0,[],4,[],2019-07-02 02:10:11,0.0,0,0,7786405,2019-07-02 02:10:11,,13630.873913937572,0.0,0,,166213653.47370672,0.0,0.0,21
0,[],12,[],2019-07-02 02:10:14,0.0,0,0,7786406,2019-07-02 02:10:14,btc,2602.9596942474627,0.0,0,btc,9905032.54445551,0.0,0.0,21
0,[],17,[],2019-05-03 00:53:51,0.0,0,0,7558891,2019-05-03 00:53:51,btc,0.0,0.0,0,btc,0.0,0.0,0.0,21
1,[],12,[],2019-07-02 02:12:15,6208400920.864567,0.0000000006,0.00000000000006176748,7786407,2019-07-02 02:12:15,btc,1426620312880.191,0.0,0.0000000006,btc,3052373233.1509814,0.197890587535,1.9516143907454833,23
0.0000000002803604,[],27,[],2019-07-02 02:12:21,37652727.01298692,1.0934055600000001e-16,1.1256151009864801e-20,7786408,2019-07-02 02:12:21,eth,1279.83743891,13162622.61538462,0.00000039,eth,4133233.466,1.2177917866728654e-08,8.541801602685986e-10,23
1,[],4,[],2019-06-22 05:45:29,6100414.07522138,0.00000017,0.00000000001823352,7751732,2019-06-22 05:45:29,btc,10.22685272773715,0.0,0.00000017,btc,1790815.48208265,0.0,0.1345450262400025,24
0,[],22,[],2019-06-22 05:45:31,0.0,0,0,7751733,2019-06-22 05:45:31,,6.22e-05,0.0,0,,517.4264705882352,0.0,0.0,24
0.0,[],25,[],2019-06-22 05:45:32,0.0,0,0,7751734,2019-06-22 05:45:32,,0.0,0.0,0.0,btc,0.0,0.0,0.0,24
1,[],4,[],2019-07-02 02:12:22,26943798.89717762,0.00000358,0.000000000368545964,7786409,2019-07-02 02:12:22,btc,7.3478814953977585,0.0,0.00000358,btc,203221.42259759,0.07240332,0.3963835579676081,26
1,[],10,[],2019-07-02 02:12:24,128773.32101577,0.00000464,0.0000000004776685119999999,7786410,2019-07-02 02:12:24,btc,26.15785550111192,5890.72576943,0.00000464,btc,19876.51847206,0.0,0.0478726145650516,26
0,[],2,[],2019-01-20 23:25:56,0.0,0,0,6476976,2019-01-20 23:25:56,,0.0,0.0,0,,0.0,0.0,0.0,26
1,[],5,[],2019-04-26 09:47:06,0.0,0,0,7465326,2019-04-26 09:47:06,btc,0.0,0.0,0,btc,0.0,0.0,0.0,27
1,[],3,[],2019-06-17 14:30:26,13571825.64059417,0.00000001,0.00000000000092914,7740112,2019-06-17 14:30:26,btc,3.485049956644059,4264730.43754,0.00000001,btc,23500048.28518193,0.0,0.1357182564059417,27
1,[],11,[],2019-06-17 14:30:28,2031833.58157834,0.00000001,0.00000000000092914,7740113,2019-06-17 14:30:28,btc,67502.92060589766,32677.9652116,0.00000001,btc,6487362.95640949,0.0,0.0203183358157834,27
0.0000000001159386,[],4,[],2019-07-02 02:12:25,471210909.7912713,8.8113336e-17,9.0708978651888e-21,7786411,2019-07-02 02:12:25,ltc,10.538052580974085,0.0,0.00000076,ltc,671553198.1690661,0.00813429,7.425461569133866e-09,29
1,[],7,[],2019-07-02 02:12:27,0.0,0,0,7786412,2019-07-02 02:12:27,btc,46548272.69376791,232195.0,0,btc,54736922.12386811,0.00232195,0.0,29
0,[],17,[],2019-05-03 01:11:25,0.0,0,0,7559066,2019-05-03 01:11:25,btc,0.0,0.0,0,btc,0.0,0.0,0.0,30
1,[],4,[],2019-07-02 02:12:28,15247247.18640204,0.00000004,0.000000000004117832,7786413,2019-07-02 02:12:28,btc,2.574271176878842,0.0,0.00000004,btc,2263873.01112021,0.0,0.1669783403867238,30
1,[],4,[],2019-07-02 02:14:28,235698.75255934,0.00003100,0.0000000031913198,7786414,2019-07-02 02:14:28,btc,4.2400000910890565,0.0,0.00003100,btc,66953.92228586,0.26085483,0.6827144837100788,31
1,[],21,[],2019-07-02 02:14:29,247767.24816494,0.00003229999999999999906775960401,0.0000000033251493399999998,7786415,2019-07-02 02:14:29,btc,5.167801438265013,194224.31347073,0.00003229999999999999906775960401006386746303178369998931884765625,btc,126461.24331604,6.11210944,3.380873083753648,31
0,[],2,[],2019-01-20 23:28:43,0.0,0,0,6477009,2019-01-20 23:28:43,,0.0,0.0,0,,0.0,0.0,0.0,32
0,[],4,[],2019-07-02 02:14:30,0.0,0,0,7786416,2019-07-02 02:14:30,,0.0,0.0,0,,0.0,0.0,0.0,33
1,[],12,[],2019-03-30 07:55:10,40641173.964,0.00000003,0.000000000001228359,7108785,2019-03-30 07:55:10,btc,4233210.82356125,0.0,0.00000003,btc,28378394.68333462,0.0126927883965248,0.90752895892,33
0.0000000001159386,[],4,[],2019-07-02 02:14:32,148094043.0716857,5.6809914e-17,5.8483420446612e-21,7786417,2019-07-02 02:14:32,ltc,4.569281506760151,0.0,0.00000049,ltc,167617573.3082324,0.0,6.626007780377731e-10,34
1,[],5,[],2019-07-02 02:14:34,0.0,0,0,7786418,2019-07-02 02:14:34,btc,0.0,0.0,0,btc,0.0,0.0,0.0,34
0.0000000002926451,[],17,[],2019-05-02 18:17:47,200000.0,2.9264510000000002e-18,1.596703856561e-22,7556430,2019-05-02 18:17:47,eth,0.20942468735267253,0.0,0.00000001,"btc,eth",1018272.20243647,0.0,5.852902e-13,36
0.0000000001311821,[],4,[],2019-05-31 13:28:19,2417517744.0607657,1.311821e-18,1.105058333085e-22,7717483,2019-05-31 13:28:19,ltc,5.019900492391546e-08,0.0,0.00000001,ltc,7102398142.262129,0.0,3.171350544531538e-09,36
1,[],5,[],2019-05-31 13:28:21,0.0,0,0,7717484,2019-05-31 13:28:21,btc,0.0,0.0,0,btc,0.0,0.0,0.0,36
0.0000000003108179,[],27,[],2019-05-31 13:30:34,10388811.226876,6.216358000000001e-18,5.236566733830001e-22,7717485,2019-05-31 13:30:34,eth,1569.8708019850988,761866.634299,0.00000002,"ltc,eth",5084024.2511555,4.736034912207001e-12,3.3251980286483705e-11,36
1,[],4,[],2019-06-25 10:05:55,10747826.61931615,0.00000014,0.000000000015920562,7762320,2019-06-25 10:05:55,btc,19773.05513423956,0.0,0.00000014,btc,682946.14349671,0.0006293,0.1362851255028938,37
1,[],12,[],2019-06-25 10:05:57,4167862.54235103,0.00000013,0.000000000014783379,7762321,2019-06-25 10:05:57,btc,7.381091518261743,0.0,0.00000013,btc,1713444.53926904,0.016313049979,0.1478110147956336,37
1,[],27,[],2019-06-25 10:08:02,10970.0,0.00000019,0.000000000021606477,7762322,2019-06-25 10:08:02,btc,22.62970013895233,0.0,0.00000019,btc,4298.824295,0.0,0.00167419,37
1,[],17,[],2019-05-03 01:11:36,211752.74075282,0.00000025,0.000000000013700074999999998,7559074,2019-05-03 01:11:36,btc,0.055484923955058496,0.0,0.00000025,"btc,eth",1387.19918473,0.0,0.0005381851887916605,37
1,[],5,[],2019-07-02 02:14:36,0.0,0,0,7786419,2019-07-02 02:14:36,btc,0.0,0.17481029,0,btc,0.0,0.0,0.0,42
1,[],12,[],2019-07-02 02:14:38,190022.64958369,0.000001300000000000000047051663780439678674838432925753295421600341796875,0.00000000013382954,7786420,2019-07-02 02:14:38,btc,525.2801963350411,0.0,0.000001300000000000000047051663780439678674838432925753295421600341796875,btc,142382.26588071,0.015681915861,0.0429822900624396,42
1,[],27,[],2019-07-02 02:14:44,10300.0,0.00000003,0.000000000003088374,7786421,2019-07-02 02:14:44,btc,0.07600425,0.0,0.00000003,"btc,eth",18.0,0.0,0.000306,42
1,[],12,[],2019-03-13 09:13:29,1112112.0,0.00000001,0.000000000000386531,6919902,2019-03-13 09:13:29,btc,29058.00478931866,0.0,0.00000001,btc,5967681.93306694,9.99000999e-07,0.01112112,43
1,[],5,[],2019-04-26 22:38:52,0.0,0,0,7474154,2019-04-26 22:38:52,btc,0.0,0.02638891,0,btc,0.0,0.0,0.0,43
0,[],17,[],2019-04-26 22:38:53,0.0,0,0,7474155,2019-04-26 22:38:53,btc,0.0,0.0,0,btc,0.0,0.0,0.0,43
1,[],12,[],2019-03-05 01:54:08,639326.02,0.00000004,0.000000000001486676,6845775,2019-03-05 01:54:08,btc,11116042.728239931,0.0,0.00000004,btc,1103841.4595604,0.0003330765234764,0.014975410599999999,44
0.0000000001159386,[],4,[],2019-07-02 02:14:45,109619962.71248811,4.9853597999999996e-17,5.1322185289884e-21,7786422,2019-07-02 02:14:45,ltc,2762.2198093734687,0.0,0.00000043,ltc,28092617.03540467,0.0,5.258738494583531e-10,49
0.0000000001159386,[],4,[],2019-07-02 02:14:46,316867668.7466907,2.4347106e-17,2.5064323048548e-21,7786423,2019-07-02 02:14:46,ltc,28254.246318587917,0.0,0.00000021,ltc,195840066.734211,0.0,2.1176141021373716e-09,52
0,[],22,[],2019-07-02 02:14:50,0.0,0,0,7786424,2019-07-02 02:14:50,,10289.80784133,0.0,0,,287058287.4566013,0.0,0.0,57
0,[],27,[],2019-07-02 02:14:57,0.0,0,0,7786425,2019-07-02 02:14:57,,0.0,0.0,0,"btc,eth",0.0,0.0,0.0,57
1,[],17,[],2019-05-03 01:12:09,1200000.0,0.0000000001,0.00000000000000548003,7559085,2019-05-03 01:12:09,btc,1e+24,0.0,0.0000000001,"btc,eth",39516342.31952568,0.0,0.00010000000058666061,58
0,[],4,[],2019-07-02 02:14:59,0.0,0,0,7786426,2019-07-02 02:14:59,,19.71886684058885,0.0,0,,6083278550.982692,0.000499,0.0,58
0,[],12,[],2019-07-02 02:15:00,0.0,0,0,7786427,2019-07-02 02:15:00,btc,654721345.9377238,0.0,0,btc,3658027760.469487,0.000969592007,0.0,58
0.00000000008381140000000001,[],22,[],2019-07-02 02:17:04,126877.0,8.381140000000001e-19,8.628031622120001e-23,7786428,2019-07-02 02:17:04,XMR,68.17454206,0.0,0.00000001,XMR,9626402.6,0.0,0.00126877,58
1,[],5,[],2019-06-17 14:31:27,0.0,0,0,7740135,2019-06-17 14:31:27,btc,0.0,0.00079154,0,btc,0.0,0.0,0.0,61
1,[],22,[],2019-06-17 14:31:30,13612.833333333334,0.00000012,0.00000000001114968,7740136,2019-06-17 14:31:30,BTC,1002.29123003,0.0,0.00000012,BTC,15014.200177125656,0.0,0.00153257,61
1,[],26,[],2019-06-17 14:31:30,0.0,0.00000050,0.000000000046457,7740137,2019-06-17 14:31:30,btc,0.0,0.0,0.00000050,btc,0.0,0.0,0.0,61
1,[],27,[],2019-06-17 14:31:36,8400.0,0.00000018,0.00000000001672452,7740138,2019-06-17 14:31:36,btc,1.9742539297246655,0.0,0.00000018,"btc,eth",10953.51663696,0.0,0.001512,61
0,[],28,[],2019-06-17 14:31:38,0.0,0,0,7740139,2019-06-17 14:31:38,,0.0,0.0,0,,0.0,0.0,0.0,61
1,[],4,[],2019-07-02 02:17:05,1630604.10584462,0.00000043,0.000000000044266694000000004,7786429,2019-07-02 02:17:05,btc,3.290850278109689,0.0,0.00000043,btc,1165864.8200146,0.03283902,0.1460978595749148,67
0.0,[],25,[],2019-07-02 02:17:07,0.0,0,0,7786430,2019-07-02 02:17:07,,0.0,0.0,0.0,btc,0.0,0.0,0.0,67
1,[],12,[],2019-06-02 06:23:14,910048.355,0.00000006,0.000000000005154929999999999,7725270,2019-06-02 06:23:14,btc,5.167005424215783,0.0,0.00000006,btc,738530.60239759,0.003159757462,0.0187188113,71
,[],5,[],2018-11-20 23:02:39,1.5e-07,0.00000005,0.000000000002128045,4862160,2018-11-20 23:02:39,btc,2.84511358,0.0,,btc,0.00036572,0.0,0.07381892,74
1,[],5,[],2019-07-02 02:17:09,0.0,0,0,7786431,2019-07-02 02:17:09,btc,0.0,0.00305104,0,btc,0.0,0.0,0.0,75
1,[],4,[],2019-06-04 03:25:15,715281.46076168,0.00000001,0.000000000000803619,7734085,2019-06-04 03:25:15,btc,581089.6218469425,0.0,0.00000001,btc,37692563.61091116,0.0,0.0071528146076168,81
0,[],20,[],2019-01-25 09:30:31,0.0,0,0,6495923,2019-01-25 09:30:31,btc,0.0,0.0,0,btc,0.0,0.0,0.0,81
1,[],4,[],2019-07-02 02:17:10,1040305.19251492,0.00006151,0.000000006332196158,7786432,2019-07-02 02:17:10,btc,59.33003498826657,0.0,0.00006151,btc,130208.53749013,0.32177466,0.239079725302057,82
1,[],21,[],2019-07-02 02:17:11,327179.70477094,0.00007020999999999999355120017253,0.000000007227824617999999,7786433,2019-07-02 02:17:11,btc,4.577610798827358,4639.23879743,0.00007020999999999999355120017252573916266555897891521453857421875,btc,48599.12920833,0.32402037,3.626033425457731,82
0,[],17,[],2019-03-25 22:42:34,0.0,0,0,7038780,2019-03-25 22:42:34,btc,0.0445064681804024,0.0,0,btc,995513.18476001,0.0,0.0,84
0.0000000001161485,[],4,[],2019-05-20 13:09:39,216715621.0206096,1.161485e-18,9.0533806701e-23,7657228,2019-05-20 13:09:39,ltc,1.6511566870244727,0.0,0.00000001,ltc,471032407.9048656,0.0,2.5171194308112273e-10,85
,[],22,[],2018-11-20 23:09:34,3408.1,0.0000001,0.0000000000041895,4862324,2018-11-20 23:09:34,BTC,0.04624735,0.0,,BTC,4990.0,0.0,0.00033081,86
1,[],22,[],2019-06-26 09:07:19,62694.0,0.00000005,0.0000000000063518149999999994,7766682,2019-06-26 09:07:19,BTC,1.85249053,0.0,0.00000005,BTC,287024.94736842107,0.0003,0.00062846,87
1,[],27,[],2019-06-26 09:07:25,361781.0,0.0000002,0.000000000025407259999999998,7766683,2019-06-26 09:07:25,btc,19.86923154858,99950.0,0.0000002,btc,548343.482,0.01999,0.01237888,87
,[],2,[],2018-11-20 23:10:47,0.0,0,0,4862359,2018-11-20 23:10:47,,0.0,0.0,,,0.0,0.0,0.0,88
1,[],11,[],2019-06-17 14:31:59,193715.3529613,0.000073310000000000001140094962881477158589405007660388946533203125,0.00000000681152534,7740147,2019-06-17 14:31:59,btc,168.35454702024953,5791.70569014,0.000073310000000000001140094962881477158589405007660388946533203125,btc,196971.41170107,0.0,1.1996165759440112,89
0,[],2,[],2019-01-20 23:31:45,0.0,0,0,6477083,2019-01-20 23:31:45,,0.0,0.0,0,,0.0,0.0,0.0,91
0,[],17,[],2019-05-03 01:12:26,0.0,0,0,7559096,2019-05-03 01:12:26,btc,0.0,0.0,0,btc,0.0,0.0,0.0,91
1,[],12,[],2019-07-02 02:17:13,399009.23655268,0.00000028,0.000000000028824824000000003,7786434,2019-07-02 02:17:13,btc,122.14785676370914,0.0,0.00000028,btc,294056.97528392,1.29627e-05,0.0262648129538392,91
1,[],22,[],2019-07-02 02:19:17,75900.0,0.00000001,0.000000000001029458,7786435,2019-07-02 02:19:17,BTC,0.495,0.0,0.00000001,"BTC,LTC",4.95,0.0,0.001659,91
1,[],22,[],2019-07-02 02:19:24,94060.0,0.00000002,0.000000000002058916,7786436,2019-07-02 02:19:24,BTC,11.46037324,0.0,0.00000002,"BTC,LTC",339169.4683191416,0.0,0.0662712,95
0,[],17,[],2019-05-03 01:12:32,0.0,0,0,7559100,2019-05-03 01:12:32,btc,0.0,0.0,0,btc,0.0,0.0,0.0,96
0.0000000001159386,[],4,[],2019-07-02 02:19:25,537835460.8799856,2.898465e-17,2.98384798197e-21,7786437,2019-07-02 02:19:25,ltc,10.916282497541014,0.0,0.00000025,ltc,154119370.60553408,0.0,7.705943265917913e-10,96
0,[],12,[],2019-07-02 02:19:26,0.0,0,0,7786438,2019-07-02 02:19:26,btc,36.53971723649351,0.0,0,btc,9958981.649350641,0.0,0.0,96
1,[],4,[],2019-04-14 03:32:46,1039404.33283278,0.00000038,0.000000000019245518,7293458,2019-04-14 03:32:46,btc,4.170086055365747,0.0,0.00000038,btc,3097704.34561074,0.06260606,0.1859928211030784,99
0,[],2,[],2019-01-20 23:23:55,0.0,0,0,6476914,2019-01-20 23:23:55,,0.0,0.0,0,,0.0,0.0,0.0,100
1,[],4,[],2019-07-02 02:21:27,191420.80502039,0.00001365,0.00000000140521017,7786439,2019-07-02 02:21:27,btc,8.240376846045978,0.0,0.00001365,btc,167729.48997958,0.16913744,0.5609061369981438,100
1,[],22,[],2019-06-05 06:30:35,150000.0,0.00000002,0.000000000001558192,7740007,2019-06-05 06:30:35,BTC,28.56386409,0.0,0.00000002,BTC,12787.719,0.0,0.0017,101
1,[],4,[],2019-07-02 02:21:28,453114.82366788,0.00000151,0.000000000155448158,7786440,2019-07-02 02:21:28,btc,882.638159063836,0.0,0.00000151,btc,749853.03371272,0.00926751,0.0702000056674571,103
1,[],12,[],2019-06-17 14:32:14,179201505.10870332,0.000000005,0.00000000000046457,7740154,2019-06-17 14:32:14,btc,113577.79366343976,0.0,0.000000005,btc,79148141.67831126,0.019059029059,0.27280986350611003,105
1,[],27,[],2019-06-17 14:32:19,18306828.03496503,0.00000002,0.00000000000185828,7740155,2019-06-17 14:32:19,btc,180.7198218385489,1083.96503497,0.00000002,btc,276513.60142659,7.588e-05,0.3661365606993006,105
1,[],22,[],2019-04-21 00:17:26,21333.0,0.00000001,0.000000000000532493,7385819,2019-04-21 00:17:26,BTC,51.38182867,0.0,0.00000001,BTC,470435.0,0.0,0.00021333,107
1,[],26,[],2019-04-21 00:17:26,0.0,0.00000000,0,7385820,2019-04-21 00:17:26,btc,0.0,0.0,0.00000000,btc,0.0,0.0,0.0,107
1,[],5,[],2019-07-02 02:21:31,0.0,0,0,7786441,2019-07-02 02:21:31,btc,0.0,0.0,0,btc,0.0,0.0,0.0,112
0,[],22,[],2019-07-02 02:21:35,0.0,0,0,7786442,2019-07-02 02:21:35,,6.79500102,0.0,0,,3375892.0833333335,0.0,0.0,112
1,[],27,[],2019-07-02 02:21:44,1.0,0.00000001,0.000000000001029458,7786443,2019-07-02 02:21:44,btc,0.0,0.0,0.00000001,"btc,eth",0.0,0.0,1e-08,112
1,[],4,[],2019-07-02 02:21:46,1010775.6757277,0.00000038,0.000000000039119404,7786444,2019-07-02 02:21:46,btc,6.553295165180264,0.0,0.00000038,btc,1005918.96697699,0.00315606,0.1243649949560112,113
1,[],5,[],2019-07-02 02:21:47,0.0,0,0,7786445,2019-07-02 02:21:47,btc,0.0,0.00252136,0,btc,0.0,0.0,0.0,113
1,[],17,[],2019-04-26 02:17:47,162738.278,0.00000004,0.0000000000021069000000000002,7461287,2019-04-26 02:17:47,btc,1.3331140273775473,0.0,0.00000004,btc,51796.221,0.0,0.00230953112,116
1,[],27,[],2019-05-22 05:13:01,210000.0,0.00000001,0.00000000000079145,7666372,2019-05-22 05:13:01,btc,3919.0005001478,0.0,0.00000001,btc,128660.871,0.0,0.0021,116
1,[],4,[],2019-05-21 22:31:11,138169.03963019,0.00000701,0.000000000558364025,7664793,2019-05-21 22:31:11,btc,150.95388250938234,0.0,0.00000701,btc,344631.17141974,0.07552974,0.4288357684941946,120
1,[],7,[],2019-05-21 22:31:12,3901.07750076,0.000010679999999999999389654892212320191902108490467071533203125,0.0000000008506887,7664794,2019-05-21 22:31:12,btc,231188.94669936574,0.0,0.000010679999999999999389654892212320191902108490467071533203125,btc,4133.83151364,0.0,0.0113888422364489,120
1,[],20,[],2019-04-07 18:42:29,1914137.0852,0.000000035,0.0000000000017871910000000002,7211992,2019-04-07 18:42:29,btc,32.2497668025648,25528.85,0.000000035,btc,1001975.4986,0.00089350975,0.0152723574729,125
1,[],22,[],2019-06-17 14:32:38,10000.0,0.00000001,0.00000000000092914,7740161,2019-06-17 14:32:38,BTC,0.032061,0.0,0.00000001,BTC,299316.7611111111,0.0,0.0001,126
0,[],2,[],2019-01-20 23:25:46,0.0,0,0,6476969,2019-01-20 23:25:46,,0.0,0.0,0,,0.0,0.0,0.0,131
1,[],17,[],2019-05-03 01:13:10,10000.0,0.00000001,0.000000000000548003,7559115,2019-05-03 01:13:10,btc,0.0953976503951408,0.0,0.00000001,btc,5037.62507334,0.0,0.0001,131
1,[],4,[],2019-07-01 04:28:32,590754.62293327,0.00000338,0.000000000376936248,7782890,2019-07-01 04:28:32,btc,2.8525130367360445,0.0,0.00000338,btc,192252.70961539,0.09127328,0.5629290691005338,131
1,[],4,[],2019-06-17 14:32:42,4848.49465417,0.00007919,0.00000000735785966,7740163,2019-06-17 14:32:42,btc,0.9905723729472744,0.0,0.00007919,btc,202.13055914,0.0,0.0061509344290166,135
1,[],3,[],2019-06-05 06:33:11,40600.27748212,0.00000001,0.000000000000779096,7740019,2019-06-05 06:33:11,btc,0.2308097808993716,2146378.52189,0.00000001,btc,2477992.76904676,0.0,0.0004060027748212,136
1,[],4,[],2019-07-02 02:21:49,427828.55524442,0.00000136,0.000000000140006288,7786446,2019-07-02 02:21:49,btc,112.551594751255,0.0,0.00000136,btc,525887.36660812,0.00794473,0.3979945032617987,137
1,[],12,[],2019-07-02 02:21:51,67731.94779084,0.00000141999999999999995691814247411599581027985550463199615478515625,0.000000000146183036,7786447,2019-07-02 02:21:51,btc,57.90259668678278,0.0,0.00000141999999999999995691814247411599581027985550463199615478515625,btc,82371.41598678,1.552e-05,0.0148608899999431,137
1,[],4,[],2019-07-02 02:21:52,468743.80033804,0.00000876,0.000000000901805208,7786448,2019-07-02 02:21:52,btc,3.44882006762716,0.0,0.00000876,btc,134931.19771355,0.07062366,0.3447371370688474,142
1,[],5,[],2019-07-02 02:21:53,0.0,0,0,7786449,2019-07-02 02:21:53,btc,0.0,0.00194438,0,btc,0.0,0.0,0.0,142
1,[],17,[],2019-05-03 01:13:16,32967.38636364,0.00000088,0.000000000048224264,7559122,2019-05-03 01:13:16,btc,20.06976206696776,0.0,0.00000088,btc,2746.079105,0.0,0.0105613000000032,142
1,[],20,[],2019-07-02 02:23:55,112986.9131,0.000005948,0.0000000006123216184,7786450,2019-07-02 02:23:55,btc,1.5733757207743,24.4656,0.000005948,btc,10390.9333,0.0002478924498,0.0064036828674,142
1,[],22,[],2019-07-02 02:23:58,10820.0,0.00000600,0.0000000006176748,7786451,2019-07-02 02:23:58,BTC,2.99759384,0.0,0.00000600,BTC,835.7198755539798,0.0,0.0053672,142
0.0,[],25,[],2019-07-02 02:24:00,0.0,0,0,7786452,2019-07-02 02:24:00,,0.0,0.0,0.0,btc,0.0,0.0,0.0,142
1,[],28,[],2019-07-02 02:24:02,76110.0,0.00001110,0.00000000114269838,7786453,2019-07-02 02:24:02,btc,0.438587390411,2185.0,0.00001110,btc,1381.1951,0.0,0.0042182,142
0,[],22,[],2019-07-02 02:24:05,0.0,0,0,7786454,2019-07-02 02:24:05,,67.34180998,0.0,0,,707007055.7744589,0.0,0.0,143
0,[],22,[],2019-02-25 15:42:22,0.0,0,0,6783783,2019-02-25 15:42:22,,4.2131946,0.0,0,,2322156.0,0.0,0.0,146
,[],22,[],2018-11-20 23:01:11,0.0,0,0,4862114,2018-11-20 23:01:11,,2.56807021,0.0,,,61828.4988236,0.0,0.0,147
1,[],12,[],2019-04-21 06:38:04,193091.5971266,0.00000071,0.000000000037635183,7388679,2019-04-21 06:38:04,btc,2.301232411611175,0.0,0.00000071,btc,9957.48302385,0.00023528,0.0313308199999888,148
1,[],4,[],2019-03-19 21:31:25,255810.0415942,0.00000029,0.000000000011615747,6982695,2019-03-19 21:31:25,btc,218.94922712414143,0.0,0.00000029,btc,793529.37642722,0.00117,0.0608347789473395,152
0,[],22,[],2019-03-19 21:31:27,0.0,0,0,6982696,2019-03-19 21:31:27,,0.0,0.0,0,,0.0,0.0,0.0,152
1,[],5,[],2019-04-26 09:36:59,0.0,0,0,7465040,2019-04-26 09:36:59,btc,0.0,0.0,0,btc,0.0,0.0,0.0,153
,[],16,[],2019-01-11 15:38:59,0.0,0,0,6366141,2019-01-11 15:38:59,btc,0.0,0.0,,btc,0.0,0.0,0.0,155
0,[],23,[],2019-01-20 23:24:29,0.0,0,0,6476932,2019-01-20 23:24:29,,0.0,0.0,0,,0.0,0.0,0.0,156
0,[],22,[],2019-06-04 06:02:09,0.0,0,0,7734688,2019-06-04 06:02:09,,7.43375324,0.0,0,,5955762.942592593,0.0,0.0,156
1,[],22,[],2019-07-02 02:24:11,6996.0,0.00000001,0.000000000001029458,7786455,2019-07-02 02:24:11,BTC,1.7543039,0.0,0.00000001,BTC,57.0,0.0,6.996e-05,157
0,[],22,[],2019-05-21 23:40:32,0.0,0,0,7665049,2019-05-21 23:40:32,,50234.60468402,0.0,0,,54786159.03179465,0.0,0.0,158
,[],17,[],2018-11-20 22:56:10,0.0,0,0,4861976,2018-11-20 22:56:10,btc,1.1265625,0.0,,btc,1000.0,0.0,0.0,159
,[],20,[],2018-11-20 22:56:12,0.0,0,0,4861977,2018-11-20 22:56:12,btc,11912.7940471,0.0,,btc,34413894.3617,0.0,0.0,159
1,[],12,[],2019-05-24 02:51:20,9178.522006449999,0.00000191999999999999982841307998027158276954651228152215480804443359375,0.000000000151222656,7676256,2019-05-24 02:51:20,btc,149.80414728631675,0.0,0.00000191999999999999982841307998027158276954651228152215480804443359375,btc,1115.7451448499999,0.01783167678326,0.0120075778999181,168
1,[],17,[],2019-05-03 01:13:36,42852.0,0.00000002,0.000000000001096006,7559132,2019-05-03 01:13:36,btc,0.04279856251542,0.0,0.00000002,btc,274.46171372,0.0,0.00052852,168
1,[],22,[],2019-05-17 03:01:52,10.0,0.00000001,0.000000000000778341,7642059,2019-05-17 03:01:52,BTC,41.95893009,0.0,0.00000001,BTC,1753972.7737547632,0.0,1e-07,169
1,[],22,[],2019-05-30 08:38:18,202834.0,0.00000002,0.0000000000017416160000000001,7711049,2019-05-30 08:38:18,BTC,27.87002826,0.0,0.00000002,BTC,462189.5410507793,0.0,0.00211768,171
1,[],22,[],2019-05-29 08:05:18,349870.0,0.00000002,0.000000000001705894,7705265,2019-05-29 08:05:18,BTC,24.05907723,0.0,0.00000002,"BTC,LTC",1224285.4355616204,0.0,0.0039847,173
1,[],5,[],2019-07-02 02:24:12,0.0,0,0,7786456,2019-07-02 02:24:12,btc,0.0,0.00186702,0,btc,0.0,0.0,0.0,175
1,[],22,[],2019-06-17 14:33:12,90671.0,0.00000001,0.00000000000092914,7740175,2019-06-17 14:33:12,BTC,394.35459412,0.0,0.00000001,BTC,136275.61833431243,0.0,0.00090671,176
1,[],7,[],2019-07-01 10:15:32,0.0,0,0,7783526,2019-07-01 10:15:32,btc,521516.2326888725,0.0,0,btc,26809253.73522063,0.0,0.0,178
0,[],2,[],2019-01-20 23:28:34,0.0,0,0,6477001,2019-01-20 23:28:34,,0.0,0.0,0,,0.0,0.0,0.0,178
1,[],22,[],2019-07-02 02:24:17,30.0,0.00000001,0.000000000001029458,7786457,2019-07-02 02:24:17,BTC,1.00242428,0.0,0.00000001,BTC,57512.0,0.0,3e-07,178
0,[],23,[],2019-01-20 23:25:08,0.0,0,0,6476952,2019-01-20 23:25:08,,0.0,0.0,0,,0.0,0.0,0.0,179
1,[],5,[],2019-07-02 02:24:18,0.0,0,0,7786458,2019-07-02 02:24:18,btc,0.0,0.0,0,btc,0.0,0.0,0.0,179
0,[],22,[],2019-07-02 02:24:21,0.0,0,0,7786459,2019-07-02 02:24:21,,9.36109742,0.0,0,,14660694.311946675,0.0,0.0,179
1,[],22,[],2019-07-02 01:41:26,706393.0769041769,0.00000037,0.000000000038653271,7786277,2019-07-02 01:41:26,BTC,40.64467817,0.0,0.00000037,"BTC,LTC",197650.411571008,0.00141309,0.57673358,180
1,[],26,[],2019-07-02 01:41:26,0.0,0.00000010,0.00000000001044683,7786278,2019-07-02 01:41:26,btc,0.0,0.0,0.00000010,btc,0.0,0.0,0.0,180
1,[],17,[],2019-05-03 01:13:56,20504.725000000002,0.0000001,0.00000000000548003,7559141,2019-05-03 01:13:56,btc,5.2010695838400265,0.0,0.0000001,btc,5033.45945,0.0,0.0011504725,180
,[],7,[],2018-11-20 22:58:01,562227.975654,0.00000085,0.000000000036176765,4862015,2018-11-20 22:58:01,btc,21836.6059674,2491.87645172,,btc,749999.041456,0.00211021,0.127565380455,183
,[],5,[],2019-01-10 08:11:41,0.0,0,0,6347036,2019-01-10 08:11:41,btc,82.15055501,0.00261,,btc,1.19002445,0.0,0.0,187
,[],17,[],2018-11-16 20:58:10,4062536.27273,0.00000001,0.000000000000550501,4708775,2018-11-16 20:58:10,btc,3.36492563466,0.195460381006,,"btc,eth",110697919.549,0.0,0.0157628953496,187
1,[],24,[],2019-05-22 21:04:52,0.0,0.000000000014,0.0000000000000010960978,7670219,2019-05-22 21:04:52,btc,0.0,0.0,0.000000000014,btc,0.0,0.0,0.0,187
0,[],22,[],2019-04-25 02:54:07,0.0,0,0,7447896,2019-04-25 02:54:07,,7.54794454,0.0,0,,76361.7243344055,0.0,0.0,191
0,[],22,[],2019-06-17 14:33:34,0.0,0,0,7740182,2019-06-17 14:33:34,,0.0,0.0,0,,0.0,0.0,0.0,197
0,[],23,[],2019-01-20 23:31:41,0.0,0,0,6477079,2019-01-20 23:31:41,,0.0,0.0,0,,0.0,0.0,0.0,199
0,[],22,[],2019-07-02 01:41:29,0.0,0,0,7786279,2019-07-02 01:41:29,,10.58263174,0.0,0,,84280969.0,0.0,0.0,199
1,[],26,[],2019-07-02 01:41:29,0.0,0.00000000,0,7786280,2019-07-02 01:41:29,btc,0.0,0.0,0.00000000,btc,0.0,0.0,0.0,199
0,[],2,[],2019-01-20 23:30:49,0.0,0,0,6477059,2019-01-20 23:30:49,,0.0,0.0,0,,0.0,0.0,0.0,201
1,[],4,[],2019-01-25 15:51:35,2084389.58565343,0.00000936,0.000000000333526752,6499557,2019-01-25 15:51:35,btc,2.0092503037378524,0.0,0.00000936,btc,160195.80207885,0.19272417,1.242687955921835,211
1,[],7,[],2019-07-01 02:21:28,1170054124.6898527,0.00000018,0.000000000019815389999999997,7782694,2019-07-01 02:21:28,btc,1346735.6331920293,0.0,0.00000018,btc,5516233.71348162,0.0,11.954344045954047,212
1,[],12,[],2019-01-25 02:44:32,207462.42853209,0.000001080000000000000035831255497387193287295303889550268650054931640625,0.000000000038610756000000006,6493050,2019-01-25 02:44:32,btc,85023.03793723314,0.0,0.000001080000000000000035831255497387193287295303889550268650054931640625,btc,43675.73520027,0.000146250909087,0.0348620860622024,213
1,[],5,[],2019-05-30 00:07:46,0.0,0,0,7709357,2019-05-30 00:07:46,btc,0.0,0.06425239,0,btc,0.0,0.0,0.0,213
1,[],24,[],2019-05-30 00:07:46,0.0,0.000000399202,0.0000000000344859829346,7709358,2019-05-30 00:07:46,btc,0.0,0.0,0.000000399202,btc,0.0,0.0,0.0,213
1,[],26,[],2019-05-30 00:07:47,0.0,0.00000040,0.000000000034554919999999996,7709359,2019-05-30 00:07:47,btc,0.0,0.0,0.00000040,btc,0.0,0.0,0.0,213
0,[],22,[],2019-07-02 01:41:35,0.0,0,0,7786281,2019-07-02 01:41:35,,9.54523049,0.0,0,,3658586.2040649247,0.0,0.0,216
0,[],27,[],2019-07-02 01:41:41,0.0,0,0,7786282,2019-07-02 01:41:41,,1998.8186641893976,0.0,0,"btc,ltc",546928.29534794,0.0,0.0,216
1,[],22,[],2019-07-02 01:41:45,1025547.1904761905,0.00000021,0.000000000021938343,7786283,2019-07-02 01:41:45,BTC,12055.86582239,0.0,0.00000021,BTC,593206.099660349,0.00059962,0.04694028,217
0,[],27,[],2019-07-02 01:41:51,0.0,0,0,7786284,2019-07-02 01:41:51,,250.20642758069673,0.0,0,btc,46772.535837,0.0,0.0,219
0.000000000000003056,[],28,[],2019-07-02 01:42:00,3312820234.054,6.900448e-19,7.208780717984e-23,7786285,2019-07-02 01:42:00,doge,125846.04510800431,6892.0,0.00022580,"btc,doge",120666781.230909,0.0,2.677326640899145e-11,219
1,[],7,[],2019-06-27 19:02:35,0.0,0,0,7772298,2019-06-27 19:02:35,btc,2123800.2774640615,0.0,0,btc,82333746.4752352,0.0,0.0,219
0,[],22,[],2019-06-26 23:36:41,0.0,0,0,7769178,2019-06-26 23:36:41,,56.75439223,0.0,0,,184664.6482738741,0.0,0.0,221
1,[],24,[],2019-06-26 23:36:41,0.0,0.000000030000,0.000000000003835668,7769179,2019-06-26 23:36:41,btc,0.0,0.0,0.000000030000,btc,0.0,0.0,0.0,221
1,[],20,[],2019-06-17 14:34:11,26882155.8301,0.000000003,0.000000000000278742,7740192,2019-06-17 14:34:11,btc,100050.81956632523,233521.3529,0.000000003,btc,38769742.8604,0.0007925640587,0.0306863532672,224
0,[],22,[],2019-06-17 14:34:13,0.0,0,0,7740193,2019-06-17 14:34:13,,0.0,0.0,0,,0.0,0.0,0.0,224
1,[],26,[],2019-07-02 01:42:00,0.0,0.00000022,0.000000000022983026,7786286,2019-07-02 01:42:00,btc,0.0,0.0,0.00000022,btc,0.0,0.0,0.0,231
1,[],26,[],2019-07-02 01:42:00,0.0,0.00000005,0.000000000005223415,7786287,2019-07-02 01:42:00,btc,0.0,0.0,0.00000005,btc,0.0,0.0,0.0,234
0.0000000002804254,[],27,[],2019-07-02 01:42:08,100.0,2.8042540000000003e-18,2.9295564814820004e-22,7786288,2019-07-02 01:42:08,eth,0.0,0.0,0.00000001,"btc,eth",0.0,0.0,2.8042540000000004e-16,234
1,[],4,[],2019-05-22 17:06:12,91780.56053785,0.00000078,0.000000000061977552,7669277,2019-05-22 17:06:12,btc,5.573372450018177,0.0,0.00000078,btc,729173.93529783,0.0,0.0307060663355679,236
1,[],24,[],2019-05-22 17:06:12,0.0,0.000000010000,0.000000000000794584,7669278,2019-05-22 17:06:12,btc,0.0,0.0,0.000000010000,btc,0.0,0.0,0.0,236
1,[],5,[],2019-07-02 01:42:10,0.0,0,0,7786289,2019-07-02 01:42:10,btc,0.0,0.3666074,0,btc,0.0,0.0,0.0,237
1,[],20,[],2019-07-02 01:42:13,127526666.0749,0.000000053,0.0000000000055368199,7786290,2019-07-02 01:42:13,btc,548.9255430487274,7373882.1536,0.000000053,btc,43615353.1433,0.4246842581516,0.7924714817167,237
1,[],22,[],2019-07-02 01:42:17,2099376.0,0.00000004,0.000000000004178732,7786291,2019-07-02 01:42:17,BTC,1.20112178,0.0,0.00000004,"BTC,LTC",14506.148717948718,0.0025999,0.02735071,237
1,[],4,[],2019-07-02 01:42:19,26280667.04904488,0.00000005,0.000000000005223415,7786292,2019-07-02 01:42:19,btc,2.8410650674669817,0.0,0.00000005,btc,14147770.39319584,0.15752793,0.4179838948522434,238
1,[],5,[],2019-07-02 01:42:20,0.0,0,0,7786293,2019-07-02 01:42:20,btc,0.0,0.01931919,0,btc,0.0,0.0,0.0,238
0,[],22,[],2019-03-12 16:49:32,0.0,0,0,6914458,2019-03-12 16:49:32,,0.40415746,0.0,0,,526736.5639027493,0.0,0.0,249
0,[],22,[],2019-05-28 23:53:45,0.0,0,0,7703643,2019-05-28 23:53:45,,13.44714864,0.0,0,,43777534.3426455,0.0,0.0,252
1,[],28,[],2019-07-02 01:42:27,1008604.859,0.00000005,0.000000000005223415,7786294,2019-07-02 01:42:27,btc,3.69282021808,116800.12,0.00000005,btc,5076303.4534,0.0,0.03224743795,256
1,[],22,[],2019-07-02 01:42:32,496444.0,0.00000001,0.000000000001044683,7786295,2019-07-02 01:42:32,BTC,31471.48537874,0.0,0.00000001,"BTC,LTC",1164536.0289488921,5.1e-05,0.00736444,258
1,[],22,[],2019-05-19 18:12:02,400.0,0.00000001,0.0000000000007957800000000001,7653905,2019-05-19 18:12:02,BTC,2.415167,0.0,0.00000001,BTC,157.0,0.0,4e-06,259
1,[],5,[],2019-07-02 01:42:33,0.0,0,0,7786296,2019-07-02 01:42:33,btc,0.0,0.02737112,0,btc,0.0,0.0,0.0,264
1,[],20,[],2019-07-02 01:42:35,953376.4113,0.000000178,0.0000000000185953574,7786297,2019-07-02 01:42:35,btc,1.1508992366826,21745.0762,0.000000178,btc,65721.866,0.0069951285516,0.0049563259115,264
0,[],22,[],2019-04-12 17:57:27,0.0,0,0,7278186,2019-04-12 17:57:27,,66.37522201,0.0,0,,677842.4169881374,0.0,0.0,271
0,[],22,[],2019-07-02 01:42:38,0.0,0,0,7786298,2019-07-02 01:42:38,,33050469.74148113,0.0,0,,14261527780.7,0.0,0.0,272
0.000000000000003056,[],28,[],2019-07-02 01:42:46,382107684394.712,5.5008e-22,5.7465922464e-26,7786299,2019-07-02 01:42:46,doge,282951254.4912692,14610879974.4749,0.00000018,doge,328125884852.3654,0.0,8.954373964034105e-11,272
1,[],22,[],2019-05-23 07:12:29,219930.0,0.00000004,0.000000000003048688,7671985,2019-05-23 07:12:29,BTC,426.77835217,0.0,0.00000004,BTC,248664.3325962929,0.0,0.00739728,281
1,[],22,[],2019-07-02 01:42:51,1369237.9,0.00000002,0.000000000002089366,7786300,2019-07-02 01:42:51,BTC,7.8760603,0.0,0.00000002,"BTC,LTC",1133024.797623037,0.006713130000116646,0.02394859,286
0,[],22,[],2019-06-17 14:34:53,0.0,0,0,7740207,2019-06-17 14:34:53,,7337915.80475575,0.0,0,,2078527309.6797826,0.0,0.0,294
