pairValue,buyBook,exchangeId,sellBook,updated,buyTotal,satoshiPrice,usdPrice,exchangeLogId,created,bestPair,sellTotalBtc,volume,pairPrice,activePairs,sellTotal,volumeBtc,buyTotalBtc,coinId
1,[],3,[],2019-06-02 13:27:12,69.337867412586,0.0106945500000000005835776306639672839082777500152587890625,0.0000009269233848750001,7726689,2019-06-02 13:27:12,btc,33.77024492430459,41.3779488665,0.0106945500000000005835776306639672839082777500152587890625,btc,23.195923730524,0.0,0.2923592643926046,1
1,[],4,[],2019-06-02 13:27:12,207700.93959675,0.01080604,0.0000009365865019,7726690,2019-06-02 13:27:12,btc,7.709294918709062,0.0,0.01080604,btc,309.42952963,0.57098238,0.7299578545814824,1
1,[],5,[],2019-06-02 13:27:15,0.0,0,0,7726691,2019-06-02 13:27:15,btc,0.0,0.00871248,0,btc,0.0,0.0,0.0,1
1,[],10,[],2019-06-02 13:27:17,312502.63527736,0.00731722,0.00000063420175045,7726692,2019-06-02 13:27:17,btc,6520.247785732431,1690.3098805,0.00731722,btc,1220.96669677,0.0,2.5143714613948123,1
1,[],12,[],2019-06-02 13:27:20,91.4122073,0.0108800000000000007815970093361102044582366943359375,0.0000009429968,7726693,2019-06-02 13:27:20,btc,0.1336860596835,0.0,0.0108800000000000007815970093361102044582366943359375,btc,11.51616315,0.097104714452,0.4643000401126,1
1,[],20,[],2019-06-02 13:27:22,934.143,0.009209025,0.0000007981692193125,7726694,2019-06-02 13:27:22,btc,0.2226895461424,0.0945,0.009209025,btc,17.2598,0.001020599055,0.0995705922991,1
1,[],21,[],2019-06-02 13:27:23,1998.75359656,0.01092627000000000007939870983,0.000000947007136575,7726695,2019-06-02 13:27:23,btc,9.217856789243708,5964.74149966,0.01092627000000000007939870982909269514493644237518310546875,"btc,eth",1176.03297789,63.37758722599922,17.89281534431989,1
1,[],22,[],2019-06-02 13:27:27,0.0025666666666666667,0.00900000,0.0000007800525,7726696,2019-06-02 13:27:27,BTC,0.31629903,0.0,0.00900000,BTC,0.2505752479991019,0.0,2.31e-05,1
1,[],24,[],2019-06-02 13:27:27,0.0,0.000000000000,0,7726697,2019-06-02 13:27:27,btc,0.0,0.0,0.000000000000,btc,0.0,0.0,0.0,1
0.0,[],25,[],2019-06-02 13:27:28,0.0,0,0,7726698,2019-06-02 13:27:28,btc,47.414999998099944,8412.62115666,0.0,btc,4248.26709392,92.4888,0.0,1
1,[],26,[],2019-06-02 13:27:33,0.0,0,0,7726699,2019-06-02 13:27:33,,0.0,0.0,0,,0.0,0.0,0.0,1
0,[],28,[],2019-06-02 13:28:35,0.0,0,0,7726700,2019-06-02 13:28:35,,0.0,294469.1,0,,0.0,0.0,0.0,1
0,[],2,[],2019-01-20 23:28:45,0.0,0,0,6477011,2019-01-20 23:28:45,,0.0,0.0,0,,0.0,0.0,0.0,1
1,[],5,[],2019-06-02 13:28:36,0.0,0,0,7726701,2019-06-02 13:28:36,btc,0.0,0.01482823,0,btc,0.0,0.0,0.0,2
1,[],22,[],2019-06-02 13:28:39,11638.0,0.0000002,0.0000000000173345,7726702,2019-06-02 13:28:39,BTC,21.00897301,0.0,0.0000002,"BTC,XMR",20678.87287795317,0.0,0.00145435,2
1,[],5,[],2019-06-02 13:28:41,0.0,0,0,7726703,2019-06-02 13:28:41,btc,0.0,0.04601571,0,btc,0.0,0.0,0.0,3
1,[],12,[],2019-06-02 13:28:43,3379456.51372,0.000000115,0.0000000000099673375,7726704,2019-06-02 13:28:43,btc,169531.08537736323,0.0,0.000000115,btc,2632457.04508389,0.055645476508,0.32680996772128,3
0,[],28,[],2019-06-02 13:28:44,0.0,0,0,7726705,2019-06-02 13:28:44,,0.0,0.0,0,,0.0,0.0,0.0,3
0,[],2,[],2019-01-20 23:31:32,0.0,0,0,6477077,2019-01-20 23:31:32,,0.0,0.0,0,,0.0,0.0,0.0,4
1,[],4,[],2019-05-18 21:29:50,562734.9206932,0.00000010,0.000000000007298720000000001,7650946,2019-05-18 21:29:50,btc,41.9347137769675,0.0,0.00000010,btc,1123702.32192634,0.00052462,0.029254593370966,4
0,[],12,[],2019-06-02 05:03:43,0.0,0,0,7724919,2019-06-02 05:03:43,btc,625.901992874995,0.0,0,btc,1211362.4995005,0.0,0.0,5
0,[],2,[],2019-01-20 23:31:51,0.0,0,0,6477087,2019-01-20 23:31:51,,0.0,0.0,0,,0.0,0.0,0.0,6
1,[],11,[],2019-06-02 13:28:46,9165012.776736,0.00000003,0.000000000002600175,7726706,2019-06-02 13:28:46,btc,9582.823696002944,56335.0,0.00000003,btc,67435595.46260394,0.0,0.13989205276736,6
1,[],3,[],2019-06-02 13:28:47,12996.625946824115,0.0000888800000000000028389790518446034184307791292667388916015625,0.0000000077034518,7726707,2019-06-02 13:28:47,btc,0.09504279894187287,362.367019599,0.0000888800000000000028389790518446034184307791292667388916015625,btc,239.428437120151,0.0,0.02148662687468758,7
1,[],4,[],2019-06-02 13:28:48,321694.70010091,0.00008286,0.00000000718168335,7726708,2019-06-02 13:28:48,btc,9.344014231614082,0.0,0.00008286,btc,59301.68800606,0.98595952,1.9120715083935302,7
1,[],5,[],2019-06-02 13:28:49,0.0,0,0,7726709,2019-06-02 13:28:49,btc,0.0,0.34702267,0,btc,0.0,0.0,0.0,7
1,[],20,[],2019-04-07 22:06:50,3201475.0482,0.000000001,0.000000000000051590000000000004,7213932,2019-04-07 22:06:50,btc,30.8005781811902,0.0,0.000000001,btc,23077405.3926,0.0,0.0032014750482,8
0,[],2,[],2019-01-20 23:22:42,0.0,0,0,6476876,2019-01-20 23:22:42,,0.0,0.0,0,,0.0,0.0,0.0,9
0,[],23,[],2019-01-20 23:22:48,0.0,0,0,6476878,2019-01-20 23:22:48,,0.0,0.0,0,,0.0,0.0,0.0,9
1,[],4,[],2019-06-02 13:28:51,3209726.83363867,0.00000048,0.0000000000416028,7726710,2019-06-02 13:28:51,btc,3.274442472006833,0.0,0.00000048,btc,3207409.55148441,0.20312553,0.4347136264200235,9
0,[],28,[],2019-06-02 13:29:46,0.0,0,0,7726711,2019-06-02 13:29:46,,0.0,3394132.0,0,,0.0,0.0,0.0,9
1,[],1,[],2019-02-17 23:31:42,1822507.21,0.00000181000000000000003456111265232042484285557293333113193511962890625,0.000000000066086901,6701244,2019-02-17 23:31:42,btc,3.6990969245,17153386.5,0.00000181000000000000003456111265232042484285557293333113193511962890625,btc,1997391.71,31.11772986,3.2610482446,9
1,[],4,[],2019-02-17 11:22:43,4341674.27126056,0.00000002,0.0000000000007272960000000001,6696112,2019-02-17 11:22:43,btc,0.1997230937751353,0.0,0.00000002,btc,4109766.79808031,0.00215132,0.0479381022052112,10
0,[],2,[],2019-01-20 23:23:08,0.0,0,0,6476890,2019-01-20 23:23:08,,0.0,0.0,0,,0.0,0.0,0.0,12
1,[],4,[],2019-06-02 13:29:47,8601164.85344695,0.00000043,0.000000000037269175,7726712,2019-06-02 13:29:47,btc,4.426036488247606,0.0,0.00000043,btc,4760313.98154091,0.7185188,1.3301247342022413,12
1,[],5,[],2019-06-02 13:29:48,0.0,0,0,7726713,2019-06-02 13:29:48,btc,0.0,0.29189166,0,btc,0.0,0.0,0.0,12
0.0,[],25,[],2019-06-02 13:29:49,0.0,0,0,7726714,2019-06-02 13:29:49,,0.0,0.0,0.0,btc,0.0,0.0,0.0,12
1,[],4,[],2019-06-02 13:29:50,342161.3532407,0.00000585,0.000000000507034125,7726715,2019-06-02 13:29:50,btc,1.8238506992373782,0.0,0.00000585,btc,233383.97797876,0.66755257,0.5091430798803567,13
1,[],21,[],2019-06-02 13:29:53,1566336.07949992,0.000005920000000000000070922000911,0.0000000005131012,7726716,2019-06-02 13:29:53,btc,4.667490712393494,1795441.72717028,0.0000059200000000000000709220009109667870461635175161063671112060546875,btc,721683.953682,10.5724123,6.522809826666092,13
1,[],10,[],2019-06-02 12:07:57,650076.38863246,0.00000585,0.000000000512376345,7726315,2019-06-02 12:07:57,btc,666803.2854791658,9462.7096111,0.00000585,btc,869628.80217011,0.0,0.2222918928685126,13
1,[],4,[],2019-06-02 13:29:54,920054.13710668,0.00000075,0.00000000006500437500000001,7726717,2019-06-02 13:29:54,btc,4.235713365407313,0.0,0.00000075,btc,846219.51321643,0.00097116,0.0872633636340792,14
1,[],12,[],2019-06-02 13:29:55,136005.39424429,0.00000073,0.000000000063270925,7726718,2019-06-02 13:29:55,btc,14.140013367461071,0.0,0.00000073,btc,22125.64975891,5.154845e-06,0.0160728299999562,14
1,[],26,[],2019-06-02 13:31:55,0.0,0,0,7726719,2019-06-02 13:31:55,,0.0,0.0,0,,0.0,0.0,0.0,14
0,[],17,[],2019-05-03 00:53:32,0.0,0,0,7558876,2019-05-03 00:53:32,btc,0.0,0.0,0,btc,0.0,0.0,0.0,14
0,[],4,[],2019-06-02 13:31:56,0.0,0,0,7726720,2019-06-02 13:31:56,,0.0,0.0,0,,0.0,0.0,0.0,15
,[],12,[],2018-12-01 15:15:48,204241.84496,0.00000489,0.000000000202473384,5260204,2018-12-01 15:15:48,btc,49.5475654835,0.0,,btc,35763.2193806,0.0163153972027625,0.0203389899998,15
0,[],2,[],2019-01-20 23:23:38,0.0,0,0,6476906,2019-01-20 23:23:38,,0.0,0.0,0,,0.0,0.0,0.0,18
1,[],4,[],2019-06-02 13:31:57,34125.07249035,0.00001043,0.000000000903994175,7726721,2019-06-02 13:31:57,btc,0.9984071734901186,0.0,0.00001043,btc,13470.79864318,0.05351965,0.0770931439705399,18
1,[],10,[],2019-06-02 13:31:59,495380.38305438,0.00001191,0.000000001032269475,7726722,2019-06-02 13:31:59,btc,15.190553320632715,4837.12563566,0.00001191,btc,12844.40692922,0.0,0.1556145989629631,18
1,[],12,[],2019-06-02 13:32:00,3176.38849527,0.0000120399999999999999210353873735357410623691976070404052734375,0.0000000010435369,7726723,2019-06-02 13:32:00,btc,0.4008150019298131,0.0,0.0000120399999999999999210353873735357410623691976070404052734375,btc,1475.46762187,0.000192388353,0.0131565331984928,18
0,[],17,[],2019-05-03 00:53:39,0.0,0,0,7558882,2019-05-03 00:53:39,btc,0.0,0.0,0,btc,0.0,0.0,0.0,18
0,[],2,[],2019-01-20 23:24:19,0.0,0,0,6476924,2019-01-20 23:24:19,,0.0,0.0,0,,0.0,0.0,0.0,19
1,[],3,[],2019-06-02 13:34:01,150793.4401869554,0.0000055300000000000004167955043599125275477490504272282123565673828125,0.0000000004792989250000001,7726724,2019-06-02 13:34:01,btc,0.21508851345342098,5449.68204435,0.0000055300000000000004167955043599125275477490504272282123565673828125,btc,5881.469686421002,0.0,0.054563091653448595,19
1,[],4,[],2019-06-02 13:34:02,518834.38310987,0.00000802,0.0000000006951134500000001,7726725,2019-06-02 13:34:02,btc,4.087934789622241,0.0,0.00000802,btc,170351.17273978,0.1548723,0.4528530712618109,19
1,[],5,[],2019-06-02 13:34:03,0.0,0,0,7726726,2019-06-02 13:34:03,btc,0.0,0.0,0,btc,0.0,0.0,0.0,19
1,[],12,[],2019-06-02 13:34:04,14488.5323351,0.000007089999999999999880334437818429904609729419462382793426513671875,0.000000000614508025,7726727,2019-06-02 13:34:04,btc,0.0516923083235817,0.0,0.000007089999999999999880334437818429904609729419462382793426513671875,btc,1949.0831785,0.00413586,0.022139359999765,19
0,[],27,[],2019-06-02 13:34:10,0.0,0,0,7726728,2019-06-02 13:34:10,,0.0,0.0,0,btc,0.0,0.0,0.0,19
1,[],4,[],2019-06-02 13:34:10,10062076.88478525,0.00000007,0.000000000006067075,7726729,2019-06-02 13:34:10,btc,6.4029639466023385,0.0,0.00000007,btc,2322306.93095912,0.0,0.1174938176872809,20
1,[],4,[],2019-06-02 13:34:11,7269692.248,0.00000001,0.000000000000866725,7726730,2019-06-02 13:34:11,btc,39225.758907820375,0.0,0.00000001,btc,71059368.46759267,0.01320655,0.07269692248,21
1,[],12,[],2019-06-02 13:34:12,2396017.0,0.00000001,0.000000000000866725,7726731,2019-06-02 13:34:12,btc,2566.6275873153545,0.0,0.00000001,btc,5034205.76723275,0.0,0.02396017,21
0,[],17,[],2019-05-03 00:53:51,0.0,0,0,7558891,2019-05-03 00:53:51,btc,0.0,0.0,0,btc,0.0,0.0,0.0,21
1,[],12,[],2019-06-02 13:36:13,5173657733.0,0.0000000003,0.00000000000002600175,7726732,2019-06-02 13:36:13,btc,709129858.9539543,0.0,0.0000000003,btc,3097702524.8188243,0.057073294838,1.1573270592,23
0.00000000030917940000000003,[],27,[],2019-06-02 13:36:20,37016639.53462002,6.1835880000000004e-18,5.3594703093e-22,7726733,2019-06-02 13:36:20,eth,105073.045730832,595847981.7072815,0.00000002,eth,26455296.82,3.6844784282276223e-09,1.2651691253131395e-10,23
1,[],4,[],2019-06-02 13:36:20,1869448.67819737,0.00000023,0.000000000019934675,7726734,2019-06-02 13:36:20,btc,10.666041188830922,0.0,0.00000023,btc,1729220.41368444,0.00087118,0.0631691533800114,24
1,[],22,[],2019-06-02 13:36:23,21.76,0.00000100,0.0000000000866725,7726735,2019-06-02 13:36:23,BTC,7.415e-05,0.0,0.00000100,BTC,23.919354838709676,0.0,1.186e-05,24
0.0,[],25,[],2019-06-02 13:36:25,0.0,0,0,7726736,2019-06-02 13:36:25,,0.0,0.0,0.0,btc,0.0,0.0,0.0,24
1,[],4,[],2019-06-02 13:36:26,26938056.67406035,0.00000474,0.00000000041082765,7726737,2019-06-02 13:36:26,btc,14.27365208730514,0.0,0.00000474,btc,241071.65654783,0.18784091,0.4589795271002904,26
1,[],10,[],2019-06-02 13:36:29,150842.72095412,0.00000421,0.00000000036489122500000005,7726738,2019-06-02 13:36:29,btc,25.586863383857047,7084.59952819,0.00000421,btc,23342.59301459,0.0,0.0359497705676043,26
0,[],2,[],2019-01-20 23:25:56,0.0,0,0,6476976,2019-01-20 23:25:56,,0.0,0.0,0,,0.0,0.0,0.0,26
1,[],5,[],2019-04-26 09:47:06,0.0,0,0,7465326,2019-04-26 09:47:06,btc,0.0,0.0,0,btc,0.0,0.0,0.0,27
1,[],3,[],2019-06-02 13:36:30,21332367.685043,0.00000001,0.000000000000866725,7726739,2019-06-02 13:36:30,btc,3.764840829645092,3686317.48668,0.00000001,btc,26149941.98553088,0.0,0.21332367685043,27
1,[],11,[],2019-06-02 13:36:31,2071589.08157834,0.00000002,0.00000000000173345,7726740,2019-06-02 13:36:31,btc,67503.04527066177,19676.5543251,0.00000002,btc,6588861.32608848,0.0,0.0211134458157834,27
1,[],4,[],2019-06-02 13:36:32,1188746554.138686,0.00000001,0.000000000000866725,7726741,2019-06-02 13:36:32,btc,4.839976079350451,0.0,0.00000001,"btc,ltc",300159167.3255899,0.06473132,8.623138313527509,29
1,[],7,[],2019-06-02 13:36:33,85451021.33155985,0.00000001,0.000000000000866725,7726742,2019-06-02 13:36:33,btc,46548272.13357518,0.0,0.00000001,btc,35322890.12009385,0.0,0.8545102133155985,29
1,[],4,[],2019-06-02 13:36:34,15244677.86822977,0.00000006,0.00000000000520035,7726743,2019-06-02 13:36:34,btc,2.562666443401238,0.0,0.00000006,btc,2020880.51679651,0.0,0.168853139229436,30
0,[],17,[],2019-05-03 01:11:25,0.0,0,0,7559066,2019-05-03 01:11:25,btc,0.0,0.0,0,btc,0.0,0.0,0.0,30
1,[],4,[],2019-06-02 13:38:34,108410.22961991,0.00004371,0.0000000037884549750000004,7726744,2019-06-02 13:38:34,btc,3.0088613382922698,0.0,0.00004371,btc,39804.42786445,0.66755539,0.5518551007783989,31
1,[],21,[],2019-06-02 13:38:35,169461.01364119,0.00004542000000000000220099979908,0.000000003936664950000001,7726745,2019-06-02 13:38:35,btc,5.48786348628068,240104.99575652,0.0000454200000000000022009997990846130733189056627452373504638671875,btc,109523.33336419,11.35131766,6.343202334078348,31
0,[],2,[],2019-01-20 23:28:43,0.0,0,0,6477009,2019-01-20 23:28:43,,0.0,0.0,0,,0.0,0.0,0.0,32
0,[],4,[],2019-06-02 13:38:37,0.0,0,0,7726746,2019-06-02 13:38:37,,0.0,0.0,0,,0.0,0.0,0.0,33
1,[],12,[],2019-03-30 07:55:10,40641173.964,0.00000003,0.000000000001228359,7108785,2019-03-30 07:55:10,btc,4233210.82356125,0.0,0.00000003,btc,28378394.68333462,0.0126927883965248,0.90752895892,33
0.0000000001314606,[],4,[],2019-06-02 13:38:38,466492182.4490105,5.915727e-17,5.127308484075e-21,7726747,2019-06-02 13:38:38,ltc,3.713335428747903,0.0,0.00000045,ltc,155857391.5457885,0.00768519,1.7977808514186243e-09,34
1,[],5,[],2019-06-02 13:38:39,0.0,0,0,7726748,2019-06-02 13:38:39,btc,0.0,0.0,0,btc,0.0,0.0,0.0,34
0.0000000002926451,[],17,[],2019-05-02 18:17:47,200000.0,2.9264510000000002e-18,1.596703856561e-22,7556430,2019-05-02 18:17:47,eth,0.20942468735267253,0.0,0.00000001,"btc,eth",1018272.20243647,0.0,5.852902e-13,36
0.0000000001311821,[],4,[],2019-05-31 13:28:19,2417517744.0607657,1.311821e-18,1.105058333085e-22,7717483,2019-05-31 13:28:19,ltc,5.019900492391546e-08,0.0,0.00000001,ltc,7102398142.262129,0.0,3.171350544531538e-09,36
1,[],5,[],2019-05-31 13:28:21,0.0,0,0,7717484,2019-05-31 13:28:21,btc,0.0,0.0,0,btc,0.0,0.0,0.0,36
0.0000000003108179,[],27,[],2019-05-31 13:30:34,10388811.226876,6.216358000000001e-18,5.236566733830001e-22,7717485,2019-05-31 13:30:34,eth,1569.8708019850988,761866.634299,0.00000002,"ltc,eth",5084024.2511555,4.736034912207001e-12,3.3251980286483705e-11,36
1,[],4,[],2019-06-02 13:38:40,9978821.3463178,0.00000016,0.0000000000138676,7726749,2019-06-02 13:38:40,btc,19772.502191411786,0.0,0.00000016,btc,731858.59183135,0.00095194,0.12829775784137,37
1,[],12,[],2019-06-02 13:38:41,3617580.74028571,0.00000018,0.000000000015601050000000002,7726750,2019-06-02 13:38:41,btc,9.37091726836965,0.0,0.00000018,btc,1037418.46933904,0.011571075444,0.1584604832514278,37
1,[],27,[],2019-06-02 13:40:46,11126.0,0.00000018,0.000000000015601050000000002,7726751,2019-06-02 13:40:46,btc,22.62970013895233,0.0,0.00000018,btc,4298.824295,0.0,0.00165394,37
1,[],17,[],2019-05-03 01:11:36,211752.74075282,0.00000025,0.000000000013700074999999998,7559074,2019-05-03 01:11:36,btc,0.055484923955058496,0.0,0.00000025,"btc,eth",1387.19918473,0.0,0.0005381851887916605,37
1,[],5,[],2019-06-02 13:40:49,0.0,0,0,7726752,2019-06-02 13:40:49,btc,0.0,0.00137056,0,btc,0.0,0.0,0.0,42
1,[],12,[],2019-06-02 13:40:50,148760.17568839,0.00000110999999999999996035831596741250137938550324179232120513916015625,0.000000000096206475,7726753,2019-06-02 13:40:50,btc,24.791557318728202,0.0,0.00000110999999999999996035831596741250137938550324179232120513916015625,btc,73450.66345662,0.024552061915,0.0599826214579547,42
1,[],27,[],2019-06-02 13:40:57,506.0,0.00000002,0.00000000000173345,7726754,2019-06-02 13:40:57,btc,0.07600425,0.0,0.00000002,"btc,eth",18.0,0.0,6.000000324823878e-06,42
1,[],12,[],2019-03-13 09:13:29,1112112.0,0.00000001,0.000000000000386531,6919902,2019-03-13 09:13:29,btc,29058.00478931866,0.0,0.00000001,btc,5967681.93306694,9.99000999e-07,0.01112112,43
1,[],5,[],2019-04-26 22:38:52,0.0,0,0,7474154,2019-04-26 22:38:52,btc,0.0,0.02638891,0,btc,0.0,0.0,0.0,43
0,[],17,[],2019-04-26 22:38:53,0.0,0,0,7474155,2019-04-26 22:38:53,btc,0.0,0.0,0,btc,0.0,0.0,0.0,43
1,[],12,[],2019-03-05 01:54:08,639326.02,0.00000004,0.000000000001486676,6845775,2019-03-05 01:54:08,btc,11116042.728239931,0.0,0.00000004,btc,1103841.4595604,0.0003330765234764,0.014975410599999999,44
1,[],4,[],2019-06-02 13:40:58,105133476.84087455,0.00000001,0.000000000000866725,7726755,2019-06-02 13:40:58,btc,2660396.605437401,0.0,0.00000001,"btc,ltc",28289085.90928054,0.00147428,0.03271190095641134,49
0.0000000001314606,[],4,[],2019-06-02 13:40:59,134174132.4849754,4.601121e-17,3.987906598725e-21,7726756,2019-06-02 13:40:59,ltc,194920.22225562143,0.0,0.00000035,ltc,196104930.51688135,0.0,1.4032669971064684e-09,52
0,[],22,[],2019-06-02 13:41:01,0.0,0,0,7726757,2019-06-02 13:41:01,,10289.52569349,0.0,0,,305146396.4566013,0.0,0.0,57
1,[],27,[],2019-06-02 13:41:10,2297.0,0.0000003,0.00000000002600175,7726758,2019-06-02 13:41:10,btc,0.0,0.0,0.0000003,"btc,eth",0.0,0.0,0.0003891,57
0.0000000001314606,[],4,[],2019-06-02 13:41:11,3421440497.0161414,1.3146059999999999e-18,1.13940188535e-22,7726759,2019-06-02 13:41:11,ltc,19.341013464474248,0.0,0.00000001,ltc,5851927500.768803,0.0,4.497846206020401e-09,58
1,[],12,[],2019-06-02 13:41:12,705251627.0,0.0000000001,0.00000000000000866725,7726760,2019-06-02 13:41:12,btc,2302584.928443477,0.0,0.0000000001,btc,3424703800.81614,0.001502624754,0.0705251627,58
0.00000000010894380000000001,[],22,[],2019-06-02 13:43:15,126877.0,1.089438e-18,9.442431505500001e-23,7726761,2019-06-02 13:43:15,XMR,68.17454206,0.0,0.00000001,XMR,9626402.6,0.0,0.00126877,58
1,[],17,[],2019-05-03 01:12:09,1200000.0,0.0000000001,0.00000000000000548003,7559085,2019-05-03 01:12:09,btc,1e+24,0.0,0.0000000001,"btc,eth",39516342.31952568,0.0,0.00010000000058666061,58
1,[],5,[],2019-06-02 13:43:17,0.0,0,0,7726762,2019-06-02 13:43:17,btc,0.0,0.00980938,0,btc,0.0,0.0,0.0,61
1,[],22,[],2019-06-02 13:43:20,13613.833333333334,0.00000012,0.0000000000104007,7726763,2019-06-02 13:43:20,BTC,1002.29123003,0.0,0.00000012,BTC,15014.200177125656,0.0,0.00153269,61
1,[],26,[],2019-06-02 13:43:21,0.0,0,0,7726764,2019-06-02 13:43:21,,0.0,0.0,0,,0.0,0.0,0.0,61
1,[],27,[],2019-06-02 13:43:26,8450.0,0.0000002,0.0000000000173345,7726765,2019-06-02 13:43:26,btc,1.9582485601246655,0.0,0.0000002,"btc,eth",11379.41563696,0.0,0.001522,61
0,[],28,[],2019-06-02 13:44:04,0.0,0,0,7726766,2019-06-02 13:44:04,,0.0,774.0,0,,0.0,0.0,0.0,61
1,[],4,[],2019-06-02 13:44:06,807566.50310404,0.00000068,0.0000000000589373,7726767,2019-06-02 13:44:06,btc,2.96133023075562,0.0,0.00000068,btc,958686.65846275,0.05445408,0.4031552420086051,67
0.0,[],25,[],2019-06-02 13:44:07,0.0,0,0,7726768,2019-06-02 13:44:07,,0.0,0.0,0.0,btc,0.0,0.0,0.0,67
1,[],12,[],2019-06-02 06:23:14,910048.355,0.00000006,0.000000000005154929999999999,7725270,2019-06-02 06:23:14,btc,5.167005424215783,0.0,0.00000006,btc,738530.60239759,0.003159757462,0.0187188113,71
,[],5,[],2018-11-20 23:02:39,1.5e-07,0.00000005,0.000000000002128045,4862160,2018-11-20 23:02:39,btc,2.84511358,0.0,,btc,0.00036572,0.0,0.07381892,74
1,[],5,[],2019-06-02 13:44:08,0.0,0,0,7726769,2019-06-02 13:44:08,btc,0.0,0.05794034,0,btc,0.0,0.0,0.0,75
0,[],4,[],2019-05-25 21:33:44,0.0,0,0,7686249,2019-05-25 21:33:44,,133656.37989170782,0.0,0,,33439209.5909442,0.0,0.0,81
0,[],20,[],2019-01-25 09:30:31,0.0,0,0,6495923,2019-01-25 09:30:31,btc,0.0,0.0,0,btc,0.0,0.0,0.0,81
1,[],4,[],2019-06-02 13:44:10,29428.12444078,0.00010360,0.000000008979271000000001,7726770,2019-06-02 13:44:10,btc,55.80259431026109,0.0,0.00010360,btc,121829.45848288,0.26590692,0.5878568394956464,82
1,[],21,[],2019-06-02 13:44:12,94667.67725395,0.0001151199999999999955529322859,0.0000000099777382,7726771,2019-06-02 13:44:12,btc,15.881344109635736,27784.10805647,0.00011511999999999999555293228592489640504936687648296356201171875,btc,96332.67488935,3.05451298,7.77549548955464,82
0,[],17,[],2019-03-25 22:42:34,0.0,0,0,7038780,2019-03-25 22:42:34,btc,0.0445064681804024,0.0,0,btc,995513.18476001,0.0,0.0,84
0.0000000001161485,[],4,[],2019-05-20 13:09:39,216715621.0206096,1.161485e-18,9.0533806701e-23,7657228,2019-05-20 13:09:39,ltc,1.6511566870244727,0.0,0.00000001,ltc,471032407.9048656,0.0,2.5171194308112273e-10,85
,[],22,[],2018-11-20 23:09:34,3408.1,0.0000001,0.0000000000041895,4862324,2018-11-20 23:09:34,BTC,0.04624735,0.0,,BTC,4990.0,0.0,0.00033081,86
1,[],22,[],2019-06-02 13:44:16,138656.0,0.00000002,0.00000000000173345,7726772,2019-06-02 13:44:16,BTC,1.46327546,0.0,0.00000002,BTC,411805.21403508773,0.00019064,0.00214656,87
1,[],27,[],2019-06-02 13:44:22,128632.0,0.00000008,0.0000000000069338,7726773,2019-06-02 13:44:22,btc,5.088224818036,81140.0,0.00000008,btc,56823.67341,0.0089254,0.00262364,87
,[],2,[],2018-11-20 23:10:47,0.0,0,0,4862359,2018-11-20 23:10:47,,0.0,0.0,,,0.0,0.0,0.0,88
1,[],11,[],2019-06-02 13:44:24,131913.36166336,0.00007804999999999999980328235782423007549368776381015777587890625,0.000000006764788625,7726774,2019-06-02 13:44:24,btc,167.42093285645458,231.0,0.00007804999999999999980328235782423007549368776381015777587890625,btc,201020.61163851,0.0,1.8899576819684658,89
0,[],2,[],2019-01-20 23:31:45,0.0,0,0,6477083,2019-01-20 23:31:45,,0.0,0.0,0,,0.0,0.0,0.0,91
1,[],12,[],2019-06-02 13:14:26,389631.76996847,0.00000034,0.000000000029932341999999995,7726627,2019-06-02 13:14:26,btc,88.58153983814242,0.0,0.00000034,btc,166775.184995,0.017164696018,0.0234248548999899,91
1,[],22,[],2019-06-02 13:16:30,75910.55,0.0000002,0.00000000001760726,7726628,2019-06-02 13:16:30,BTC,0.497,0.0,0.0000002,"BTC,LTC",6.95,0.0,0.00165931,91
0,[],17,[],2019-05-03 01:12:26,0.0,0,0,7559096,2019-05-03 01:12:26,btc,0.0,0.0,0,btc,0.0,0.0,0.0,91
1,[],22,[],2019-04-09 20:17:52,374949.73333333334,0.00000015,0.000000000007771935,7235704,2019-04-09 20:17:52,BTC,6.87372503,0.0,0.00000015,"BTC,LTC",159980.01196797504,1.1e-05,0.80510266,95
0.0000000001314606,[],4,[],2019-06-02 13:44:25,543429902.4500628,2.8921332e-17,2.50668414777e-21,7726775,2019-06-02 13:44:25,ltc,11.302987465565009,0.0,0.00000022,ltc,153290272.48804346,0.0,8.769896486296018e-10,96
0,[],12,[],2019-06-02 13:44:26,0.0,0,0,7726776,2019-06-02 13:44:26,btc,22.31415682046953,0.0,0,btc,9676394.04695305,1.998002e-05,0.0,96
0,[],17,[],2019-05-03 01:12:32,0.0,0,0,7559100,2019-05-03 01:12:32,btc,0.0,0.0,0,btc,0.0,0.0,0.0,96
1,[],4,[],2019-04-14 03:32:46,1039404.33283278,0.00000038,0.000000000019245518,7293458,2019-04-14 03:32:46,btc,4.170086055365747,0.0,0.00000038,btc,3097704.34561074,0.06260606,0.1859928211030784,99
0,[],2,[],2019-01-20 23:23:55,0.0,0,0,6476914,2019-01-20 23:23:55,,0.0,0.0,0,,0.0,0.0,0.0,100
1,[],4,[],2019-06-02 13:46:27,241719.10293881,0.00001708,0.0000000014803663,7726777,2019-06-02 13:46:27,btc,7.431775042265453,0.0,0.00001708,btc,157561.14134383,0.45317951,0.3640807361679028,100
1,[],22,[],2019-06-02 13:46:31,150000.0,0.00000002,0.00000000000173345,7726778,2019-06-02 13:46:31,BTC,24.83526409,0.0,0.00000002,BTC,11187.719,0.0,0.0017,101
1,[],4,[],2019-06-02 13:46:31,556890.55568107,0.00000153,0.00000000013260892500000001,7726779,2019-06-02 13:46:31,btc,549.174448280039,0.0,0.00000153,btc,669265.84361255,0.02330739,0.2033784460050794,103
1,[],12,[],2019-06-02 13:46:34,176794883.0,0.000000003,0.0000000000002600175,7726780,2019-06-02 13:46:34,btc,2404.6904660098726,0.0,0.000000003,btc,70454463.99899384,0.000708262436,0.234954823,105
0,[],27,[],2019-06-02 13:46:39,0.0,0,0,7726781,2019-06-02 13:46:39,,0.3188435,377744.0,0,btc,1868885.0,0.00377744,0.0,105
1,[],22,[],2019-04-21 00:17:26,21333.0,0.00000001,0.000000000000532493,7385819,2019-04-21 00:17:26,BTC,51.38182867,0.0,0.00000001,BTC,470435.0,0.0,0.00021333,107
1,[],26,[],2019-04-21 00:17:26,0.0,0.00000000,0,7385820,2019-04-21 00:17:26,btc,0.0,0.0,0.00000000,btc,0.0,0.0,0.0,107
1,[],5,[],2019-06-02 13:46:40,0.0,0,0,7726782,2019-06-02 13:46:40,btc,0.0,0.0,0,btc,0.0,0.0,0.0,112
0,[],22,[],2019-06-02 13:46:42,0.0,0,0,7726783,2019-06-02 13:46:42,,6.79500102,0.0,0,,3375892.0833333335,0.0,0.0,112
1,[],27,[],2019-06-02 13:47:00,10001.0,0.00000001,0.000000000000866725,7726784,2019-06-02 13:47:00,btc,1.15032588,0.0,0.00000001,"btc,eth",1818.0,0.0,1.000003091794e-08,112
1,[],4,[],2019-06-02 13:47:01,259889.00107553,0.00000083,0.000000000071938175,7726785,2019-06-02 13:47:01,btc,5.5618941934321064,0.0,0.00000083,btc,628454.96453535,0.04544565,0.1568585137079242,113
1,[],5,[],2019-06-02 13:47:02,0.0,0,0,7726786,2019-06-02 13:47:02,btc,0.0,0.0,0,btc,0.0,0.0,0.0,113
1,[],17,[],2019-04-26 02:17:47,162738.278,0.00000004,0.0000000000021069000000000002,7461287,2019-04-26 02:17:47,btc,1.3331140273775473,0.0,0.00000004,btc,51796.221,0.0,0.00230953112,116
1,[],27,[],2019-05-22 05:13:01,210000.0,0.00000001,0.00000000000079145,7666372,2019-05-22 05:13:01,btc,3919.0005001478,0.0,0.00000001,btc,128660.871,0.0,0.0021,116
1,[],4,[],2019-05-21 22:31:11,138169.03963019,0.00000701,0.000000000558364025,7664793,2019-05-21 22:31:11,btc,150.95388250938234,0.0,0.00000701,btc,344631.17141974,0.07552974,0.4288357684941946,120
1,[],7,[],2019-05-21 22:31:12,3901.07750076,0.000010679999999999999389654892212320191902108490467071533203125,0.0000000008506887,7664794,2019-05-21 22:31:12,btc,231188.94669936574,0.0,0.000010679999999999999389654892212320191902108490467071533203125,btc,4133.83151364,0.0,0.0113888422364489,120
1,[],20,[],2019-04-07 18:42:29,1914137.0852,0.000000035,0.0000000000017871910000000002,7211992,2019-04-07 18:42:29,btc,32.2497668025648,25528.85,0.000000035,btc,1001975.4986,0.00089350975,0.0152723574729,125
1,[],22,[],2019-06-02 13:47:05,10000.0,0.00000001,0.000000000000866725,7726787,2019-06-02 13:47:05,BTC,0.032061,0.0,0.00000001,BTC,299316.7611111111,0.0,0.0001,126
0,[],2,[],2019-01-20 23:25:46,0.0,0,0,6476969,2019-01-20 23:25:46,,0.0,0.0,0,,0.0,0.0,0.0,131
1,[],4,[],2019-06-02 13:47:06,259040.54232939,0.00000720,0.000000000624042,7726788,2019-06-02 13:47:06,btc,3.98306863487691,0.0,0.00000720,btc,183822.85233734,0.35358699,0.9560324237274264,131
1,[],17,[],2019-05-03 01:13:10,10000.0,0.00000001,0.000000000000548003,7559115,2019-05-03 01:13:10,btc,0.0953976503951408,0.0,0.00000001,btc,5037.62507334,0.0,0.0001,131
1,[],4,[],2019-06-01 22:22:37,4877.33287432,0.00010000,0.000000008588780000000001,7724055,2019-06-01 22:22:37,btc,5.03221070889025,0.0,0.00010000,btc,202.13055914,0.0,0.0067319517514342,135
1,[],3,[],2019-06-02 13:49:07,529157.22392675,0.00000001,0.000000000000866725,7726789,2019-06-02 13:49:07,btc,0.2210404157401997,1672649.79937,0.00000001,btc,1903983.22115819,0.0,0.0052915722392675,136
1,[],4,[],2019-06-02 13:49:07,2172971.93828437,0.00000181,0.000000000156877225,7726790,2019-06-02 13:49:07,btc,109.26721409405556,0.0,0.00000181,btc,533408.69361895,0.01951656,0.48348960228676,137
1,[],12,[],2019-06-02 13:49:09,88740.93304758,0.0000017799999999999998982758153687200319836847484111785888671875,0.00000000015427705,7726791,2019-06-02 13:49:09,btc,57.79520060297476,0.0,0.0000017799999999999998982758153687200319836847484111785888671875,btc,50822.49064291,8.129048e-05,0.0183972999999384,137
1,[],4,[],2019-06-02 13:49:09,100018.02854617,0.00001604,0.0000000013902269000000001,7726792,2019-06-02 13:49:09,btc,7.693295184195189,0.0,0.00001604,btc,127467.07921329,0.24801674,0.8815257523528748,142
1,[],5,[],2019-06-02 13:49:11,0.0,0,0,7726793,2019-06-02 13:49:11,btc,0.0,0.02932915,0,btc,0.0,0.0,0.0,142
1,[],20,[],2019-06-02 13:51:13,209207.8475,0.000016061,0.0000000013920470225,7726794,2019-06-02 13:51:13,btc,1.6087041711546,0.02,0.000016061,btc,9872.8163,3.2122e-07,0.0213528158257,142
1,[],22,[],2019-06-02 13:51:16,11028.645,0.00001000,0.000000000866725,7726795,2019-06-02 13:51:16,BTC,3.27323936,0.0,0.00001000,BTC,1114.1496937357979,0.0,0.00745365,142
0.0,[],25,[],2019-06-02 13:51:17,0.0,0,0,7726796,2019-06-02 13:51:17,,0.0,0.0,0.0,btc,0.0,0.0,0.0,142
0,[],28,[],2019-06-02 13:51:18,0.0,0,0,7726797,2019-06-02 13:51:18,,0.0,0.0,0,,0.0,0.0,0.0,142
1,[],17,[],2019-05-03 01:13:16,32967.38636364,0.00000088,0.000000000048224264,7559122,2019-05-03 01:13:16,btc,20.06976206696776,0.0,0.00000088,btc,2746.079105,0.0,0.0105613000000032,142
0,[],22,[],2019-06-02 13:51:21,0.0,0,0,7726798,2019-06-02 13:51:21,,64.98618676,0.0,0,,787024755.3,0.0,0.0,143
0,[],22,[],2019-02-25 15:42:22,0.0,0,0,6783783,2019-02-25 15:42:22,,4.2131946,0.0,0,,2322156.0,0.0,0.0,146
,[],22,[],2018-11-20 23:01:11,0.0,0,0,4862114,2018-11-20 23:01:11,,2.56807021,0.0,,,61828.4988236,0.0,0.0,147
1,[],12,[],2019-04-21 06:38:04,193091.5971266,0.00000071,0.000000000037635183,7388679,2019-04-21 06:38:04,btc,2.301232411611175,0.0,0.00000071,btc,9957.48302385,0.00023528,0.0313308199999888,148
1,[],4,[],2019-03-19 21:31:25,255810.0415942,0.00000029,0.000000000011615747,6982695,2019-03-19 21:31:25,btc,218.94922712414143,0.0,0.00000029,btc,793529.37642722,0.00117,0.0608347789473395,152
0,[],22,[],2019-03-19 21:31:27,0.0,0,0,6982696,2019-03-19 21:31:27,,0.0,0.0,0,,0.0,0.0,0.0,152
1,[],5,[],2019-04-26 09:36:59,0.0,0,0,7465040,2019-04-26 09:36:59,btc,0.0,0.0,0,btc,0.0,0.0,0.0,153
,[],16,[],2019-01-11 15:38:59,0.0,0,0,6366141,2019-01-11 15:38:59,btc,0.0,0.0,,btc,0.0,0.0,0.0,155
0,[],23,[],2019-01-20 23:24:29,0.0,0,0,6476932,2019-01-20 23:24:29,,0.0,0.0,0,,0.0,0.0,0.0,156
0,[],22,[],2019-06-02 13:51:24,0.0,0,0,7726799,2019-06-02 13:51:24,,7.44455324,0.0,0,,5955762.942592593,0.0,0.0,156
1,[],22,[],2019-06-02 13:51:28,6996.0,0.00000001,0.000000000000866725,7726800,2019-06-02 13:51:28,BTC,1.7543039,0.0,0.00000001,BTC,57.0,0.0,6.996e-05,157
0,[],22,[],2019-05-21 23:40:32,0.0,0,0,7665049,2019-05-21 23:40:32,,50234.60468402,0.0,0,,54786159.03179465,0.0,0.0,158
,[],17,[],2018-11-20 22:56:10,0.0,0,0,4861976,2018-11-20 22:56:10,btc,1.1265625,0.0,,btc,1000.0,0.0,0.0,159
,[],20,[],2018-11-20 22:56:12,0.0,0,0,4861977,2018-11-20 22:56:12,btc,11912.7940471,0.0,,btc,34413894.3617,0.0,0.0,159
1,[],12,[],2019-05-24 02:51:20,9178.522006449999,0.00000191999999999999982841307998027158276954651228152215480804443359375,0.000000000151222656,7676256,2019-05-24 02:51:20,btc,149.80414728631675,0.0,0.00000191999999999999982841307998027158276954651228152215480804443359375,btc,1115.7451448499999,0.01783167678326,0.0120075778999181,168
1,[],17,[],2019-05-03 01:13:36,42852.0,0.00000002,0.000000000001096006,7559132,2019-05-03 01:13:36,btc,0.04279856251542,0.0,0.00000002,btc,274.46171372,0.0,0.00052852,168
1,[],22,[],2019-05-17 03:01:52,10.0,0.00000001,0.000000000000778341,7642059,2019-05-17 03:01:52,BTC,41.95893009,0.0,0.00000001,BTC,1753972.7737547632,0.0,1e-07,169
1,[],22,[],2019-05-30 08:38:18,202834.0,0.00000002,0.0000000000017416160000000001,7711049,2019-05-30 08:38:18,BTC,27.87002826,0.0,0.00000002,BTC,462189.5410507793,0.0,0.00211768,171
1,[],22,[],2019-05-29 08:05:18,349870.0,0.00000002,0.000000000001705894,7705265,2019-05-29 08:05:18,BTC,24.05907723,0.0,0.00000002,"BTC,LTC",1224285.4355616204,0.0,0.0039847,173
1,[],5,[],2019-06-02 13:51:29,0.0,0,0,7726801,2019-06-02 13:51:29,btc,0.0,0.00051119,0,btc,0.0,0.0,0.0,175
1,[],22,[],2019-06-02 13:51:33,90671.0,0.00000001,0.000000000000866725,7726802,2019-06-02 13:51:33,BTC,394.35459412,0.0,0.00000001,BTC,136275.61833431243,0.0,0.00090671,176
0,[],2,[],2019-01-20 23:28:34,0.0,0,0,6477001,2019-01-20 23:28:34,,0.0,0.0,0,,0.0,0.0,0.0,178
1,[],7,[],2019-06-02 13:51:34,0.0,0,0,7726803,2019-06-02 13:51:34,btc,522272.5137934946,2548.45154845,0,btc,21477346.91829112,2.548e-05,0.0,178
0,[],22,[],2019-06-02 13:51:36,0.0,0,0,7726804,2019-06-02 13:51:36,,1.00242428,0.0,0,,57512.0,0.0,0.0,178
1,[],5,[],2019-06-02 13:23:37,0.0,0,0,7726659,2019-06-02 13:23:37,btc,0.0,0.034155,0,btc,0.0,0.0,0.0,179
0,[],22,[],2019-06-02 13:23:40,0.0,0,0,7726660,2019-06-02 13:23:40,,5.3132485,0.0,0,,13258002.811946675,0.0,0.0,179
0,[],23,[],2019-01-20 23:25:08,0.0,0,0,6476952,2019-01-20 23:25:08,,0.0,0.0,0,,0.0,0.0,0.0,179
1,[],22,[],2019-06-02 13:53:40,681424.6642749348,0.00000107,0.000000000092739575,7726805,2019-06-02 13:53:40,BTC,39.19152827,0.0,0.00000107,"BTC,LTC",146539.44521066116,0.0016857,0.58087573,180
1,[],26,[],2019-06-02 13:53:40,0.0,0,0,7726806,2019-06-02 13:53:40,,0.0,0.0,0,,0.0,0.0,0.0,180
1,[],17,[],2019-05-03 01:13:56,20504.725000000002,0.0000001,0.00000000000548003,7559141,2019-05-03 01:13:56,btc,5.2010695838400265,0.0,0.0000001,btc,5033.45945,0.0,0.0011504725,180
,[],7,[],2018-11-20 22:58:01,562227.975654,0.00000085,0.000000000036176765,4862015,2018-11-20 22:58:01,btc,21836.6059674,2491.87645172,,btc,749999.041456,0.00211021,0.127565380455,183
,[],5,[],2019-01-10 08:11:41,0.0,0,0,6347036,2019-01-10 08:11:41,btc,82.15055501,0.00261,,btc,1.19002445,0.0,0.0,187
,[],17,[],2018-11-16 20:58:10,4062536.27273,0.00000001,0.000000000000550501,4708775,2018-11-16 20:58:10,btc,3.36492563466,0.195460381006,,"btc,eth",110697919.549,0.0,0.0157628953496,187
1,[],24,[],2019-05-22 21:04:52,0.0,0.000000000014,0.0000000000000010960978,7670219,2019-05-22 21:04:52,btc,0.0,0.0,0.000000000014,btc,0.0,0.0,0.0,187
0,[],22,[],2019-04-25 02:54:07,0.0,0,0,7447896,2019-04-25 02:54:07,,7.54794454,0.0,0,,76361.7243344055,0.0,0.0,191
0,[],22,[],2019-06-02 13:53:46,0.0,0,0,7726807,2019-06-02 13:53:46,,0.0,0.0,0,,0.0,0.0,0.0,197
0,[],23,[],2019-01-20 23:31:41,0.0,0,0,6477079,2019-01-20 23:31:41,,0.0,0.0,0,,0.0,0.0,0.0,199
0,[],22,[],2019-06-02 13:53:48,0.0,0,0,7726808,2019-06-02 13:53:48,,10.92270994,0.0,0,,98749032.0,0.0,0.0,199
1,[],26,[],2019-06-02 13:53:48,0.0,0,0,7726809,2019-06-02 13:53:48,,0.0,0.0,0,,0.0,0.0,0.0,199
0,[],2,[],2019-01-20 23:30:49,0.0,0,0,6477059,2019-01-20 23:30:49,,0.0,0.0,0,,0.0,0.0,0.0,201
1,[],4,[],2019-01-25 15:51:35,2084389.58565343,0.00000936,0.000000000333526752,6499557,2019-01-25 15:51:35,btc,2.0092503037378524,0.0,0.00000936,btc,160195.80207885,0.19272417,1.242687955921835,211
1,[],7,[],2019-06-02 13:54:11,1170196356.7039578,0.00000037,0.000000000032068825,7726810,2019-06-02 13:54:11,btc,15201832.890649451,0.0,0.00000037,btc,6674239.80091838,0.0,11.977918348061934,212
1,[],12,[],2019-01-25 02:44:32,207462.42853209,0.000001080000000000000035831255497387193287295303889550268650054931640625,0.000000000038610756000000006,6493050,2019-01-25 02:44:32,btc,85023.03793723314,0.0,0.000001080000000000000035831255497387193287295303889550268650054931640625,btc,43675.73520027,0.000146250909087,0.0348620860622024,213
1,[],5,[],2019-05-30 00:07:46,0.0,0,0,7709357,2019-05-30 00:07:46,btc,0.0,0.06425239,0,btc,0.0,0.0,0.0,213
1,[],24,[],2019-05-30 00:07:46,0.0,0.000000399202,0.0000000000344859829346,7709358,2019-05-30 00:07:46,btc,0.0,0.0,0.000000399202,btc,0.0,0.0,0.0,213
1,[],26,[],2019-05-30 00:07:47,0.0,0.00000040,0.000000000034554919999999996,7709359,2019-05-30 00:07:47,btc,0.0,0.0,0.00000040,btc,0.0,0.0,0.0,213
0,[],22,[],2019-06-02 13:25:56,0.0,0,0,7726667,2019-06-02 13:25:56,,9.61445386,0.0,0,,3661587.094064925,0.0,0.0,216
1,[],27,[],2019-06-02 13:26:01,193550.0,0.00000001,0.0000000000008803629999999999,7726668,2019-06-02 13:26:01,btc,88.91593967917753,1000.0,0.00000001,"btc,ltc",383585.407688,1e-05,0.001925500000001318,216
1,[],22,[],2019-06-02 13:54:14,721451.0,0.00000028,0.0000000000242683,7726811,2019-06-02 13:54:14,BTC,12056.47460377,0.0,0.00000028,BTC,516928.6446520223,0.00105972,0.05452579,217
1,[],7,[],2019-06-02 13:54:16,0.0,0,0,7726812,2019-06-02 13:54:16,btc,1234864.1040716618,0.0,0,btc,164001712.13147992,0.0,0.0,219
0,[],27,[],2019-06-02 13:54:22,0.0,0,0,7726813,2019-06-02 13:54:22,,261.4083746267132,0.0,0,btc,15454258.74381025,0.0,0.0,219
0,[],28,[],2019-06-02 13:55:39,0.0,0,0,7726814,2019-06-02 13:55:39,,0.0,12152.0,0,,0.0,0.0,0.0,219
1,[],22,[],2019-05-23 16:41:05,172069.0,0.00000004,0.0000000000031167080000000004,7674065,2019-05-23 16:41:05,BTC,56.76466137,0.0,0.00000004,BTC,127061.6482738741,0.0,0.00393676,221
1,[],24,[],2019-05-23 16:41:05,0.0,0.000000010000,0.0000000000007791770000000001,7674066,2019-05-23 16:41:05,btc,0.0,0.0,0.000000010000,btc,0.0,0.0,0.0,221
1,[],20,[],2019-06-02 13:55:40,8067115.7425,0.000000001,0.0000000000000866725,7726815,2019-06-02 13:55:40,btc,100052.67496391124,3122457.415,0.000000001,btc,45763007.2757,0.0035894945725,0.0080671157425,224
0,[],22,[],2019-06-02 13:55:43,0.0,0,0,7726816,2019-06-02 13:55:43,,0.0,0.0,0,,0.0,0.0,0.0,224
1,[],26,[],2019-06-02 13:26:18,0.0,0,0,7726675,2019-06-02 13:26:18,,0.0,0.0,0,,0.0,0.0,0.0,231
1,[],26,[],2019-06-02 13:55:43,0.0,0,0,7726817,2019-06-02 13:55:43,,0.0,0.0,0,,0.0,0.0,0.0,234
0.00000000030917940000000003,[],27,[],2019-06-02 13:55:51,100.0,3.0917940000000002e-18,2.67973515465e-22,7726818,2019-06-02 13:55:51,eth,0.01134836604,0.0,0.00000001,"btc,eth",11462.996,0.0,3.0917940000000004e-16,234
1,[],4,[],2019-05-22 17:06:12,91780.56053785,0.00000078,0.000000000061977552,7669277,2019-05-22 17:06:12,btc,5.573372450018177,0.0,0.00000078,btc,729173.93529783,0.0,0.0307060663355679,236
1,[],24,[],2019-05-22 17:06:12,0.0,0.000000010000,0.000000000000794584,7669278,2019-05-22 17:06:12,btc,0.0,0.0,0.000000010000,btc,0.0,0.0,0.0,236
1,[],5,[],2019-06-02 13:26:27,0.0,0,0,7726678,2019-06-02 13:26:27,btc,0.0,0.25514952,0,btc,0.0,0.0,0.0,237
1,[],20,[],2019-06-02 13:26:29,117845017.0719,0.000000043,0.0000000000037855608999999996,7726679,2019-06-02 13:26:29,btc,522.7597767140254,14290888.3637,0.000000043,btc,43389945.7404,0.6263693045729,0.4205651474747,237
1,[],22,[],2019-06-02 13:26:33,288100.0,0.00000003,0.000000000002641089,7726680,2019-06-02 13:26:33,BTC,1.20267422,0.0,0.00000003,"BTC,LTC",17930.94871794872,0.0,0.007541,237
1,[],4,[],2019-06-02 13:55:51,26960305.09865743,0.00000011,0.000000000009533975,7726819,2019-06-02 13:55:51,btc,2.8019543216654523,0.0,0.00000011,btc,9544274.55636637,0.05082355,0.5333500347512768,238
1,[],5,[],2019-06-02 13:55:54,0.0,0,0,7726820,2019-06-02 13:55:54,btc,0.0,0.00057941,0,btc,0.0,0.0,0.0,238
0,[],22,[],2019-03-12 16:49:32,0.0,0,0,6914458,2019-03-12 16:49:32,,0.40415746,0.0,0,,526736.5639027493,0.0,0.0,249
0,[],22,[],2019-05-28 23:53:45,0.0,0,0,7703643,2019-05-28 23:53:45,,13.44714864,0.0,0,,43777534.3426455,0.0,0.0,252
0,[],28,[],2019-06-02 13:26:38,0.0,0,0,7726683,2019-06-02 13:26:38,,0.0,655050.6115,0,,0.0,0.0,0.0,256
1,[],22,[],2019-06-02 13:55:59,1021960.0,0.00000001,0.000000000000866725,7726821,2019-06-02 13:55:59,BTC,31464.5506333,0.0,0.00000001,BTC,584951.6675322719,0.0,0.0102196,258
1,[],22,[],2019-05-19 18:12:02,400.0,0.00000001,0.0000000000007957800000000001,7653905,2019-05-19 18:12:02,BTC,2.415167,0.0,0.00000001,BTC,157.0,0.0,4e-06,259
1,[],20,[],2019-06-02 13:26:44,958646.4834,0.000000165,0.000000000014525989499999999,7726686,2019-06-02 13:26:44,btc,0.9760774832195,7655.6255,0.000000165,btc,51736.5911,0.00444026279,0.0080637772285,264
1,[],5,[],2019-06-02 13:56:00,0.0,0,0,7726822,2019-06-02 13:56:00,btc,0.0,0.05934894,0,btc,0.0,0.0,0.0,264
0,[],22,[],2019-04-12 17:57:27,0.0,0,0,7278186,2019-04-12 17:57:27,,66.37522201,0.0,0,,677842.4169881374,0.0,0.0,271
0,[],22,[],2019-05-29 08:10:20,0.0,0,0,7705301,2019-05-29 08:10:20,,33050470.74998113,0.0,0,,14361377780.7,0.0,0.0,272
0,[],28,[],2019-05-29 08:10:54,0.0,0,0,7705302,2019-05-29 08:10:54,,0.0,22189957216.5758,0,,0.0,0.0,0.0,272
1,[],22,[],2019-05-23 07:12:29,219930.0,0.00000004,0.000000000003048688,7671985,2019-05-23 07:12:29,BTC,426.77835217,0.0,0.00000004,BTC,248664.3325962929,0.0,0.00739728,281
1,[],22,[],2019-06-02 13:56:06,376252.68333333335,0.00000004,0.0000000000034669,7726823,2019-06-02 13:56:06,BTC,31.67387605,0.0,0.00000004,"BTC,LTC",1521207.4569583754,0.00189544,0.01579378,286
0,[],22,[],2019-06-02 13:56:09,0.0,0,0,7726824,2019-06-02 13:56:09,,7337904.96568486,0.0,0,,2004620112.6797826,0.0,0.0,294
