pairValue,buyBook,exchangeId,sellBook,updated,buyTotal,satoshiPrice,usdPrice,exchangeLogId,created,bestPair,sellTotalBtc,volume,pairPrice,activePairs,sellTotal,volumeBtc,buyTotalBtc,coinId
1,[],3,[],2019-07-03 11:31:06,31393.748385469735,0.0080505100000000003046540797413399559445679187774658203125,0.0000009103750172790002,7791470,2019-07-03 11:31:06,btc,9.264029620045985,75.5455456677,0.0080505100000000003046540797413399559445679187774658203125,btc,36.786372711284,0.0,0.2480076057420415,1
1,[],4,[],2019-07-03 11:31:07,208230.28417897,0.00792000,0.0000008956165680000001,7791471,2019-07-03 11:31:07,btc,9.160884458134417,0.0,0.00792000,btc,414.66486922,9.89921712,0.4703901445306573,1
1,[],5,[],2019-07-03 11:31:10,0.0,0,0,7791472,2019-07-03 11:31:10,btc,0.0,0.02689177,0,btc,0.0,0.0,0.0,1
1,[],10,[],2019-07-03 11:31:12,246818.33736004,0.00292294,0.00000033053453172600005,7791473,2019-07-03 11:31:12,btc,6525.488542292707,1750.78250912,0.00292294,btc,1892.52372608,0.0,1.857695058149889,1
1,[],12,[],2019-07-03 11:31:16,102.9851677,0.0079100000000000003641531520770513452589511871337890625,0.0000008944857390000001,7791474,2019-07-03 11:31:16,btc,0.6280864587509,0.0,0.0079100000000000003641531520770513452589511871337890625,btc,26.458598849999998,1.924232523578,0.18581011916429999,1
1,[],20,[],2019-07-03 11:31:18,928.2366,0.008250174,0.0000009329536014246001,7791475,2019-07-03 11:31:18,btc,0.1419239906936,1.0409,0.008250174,btc,10.4022,0.0111639097599,0.1273407366705,1
1,[],21,[],2019-07-03 11:31:19,2588.14382204,0.007900950000000000333910676886,0.0000008934623387550001,7791476,2019-07-03 11:31:19,btc,6.772099445026363,6733.1109675,0.0079009500000000003339106768862620810978114604949951171875,"btc,eth",1104.13378909,50.49527568535639,15.01892436296967,1
1,[],22,[],2019-07-03 11:31:24,0.5199,0.00150000,0.00000016962435,7791477,2019-07-03 11:31:24,BTC,0.01681976,0.0,0.00150000,BTC,0.2717810146658512,0.0,0.00077189,1
1,[],24,[],2019-07-03 11:31:25,0.0,0.000000000000,0,7791478,2019-07-03 11:31:25,btc,0.0,0.0,0.000000000000,btc,0.0,0.0,0.0,1
0.0,[],25,[],2019-07-03 11:31:26,0.0,0,0,7791479,2019-07-03 11:31:26,btc,45.177099998764916,17770.9538494,0.0,btc,5509.49056954,142.0439,0.0,1
1,[],26,[],2019-07-03 11:31:30,0.0,0,0,7791480,2019-07-03 11:31:30,,0.0,0.0,0,,0.0,0.0,0.0,1
1,[],28,[],2019-07-03 11:31:32,1039.924,0.00730000,0.0000008255051700000001,7791481,2019-07-03 11:31:32,btc,0.373339197,122670.0549,0.00730000,btc,23.6711,0.0,0.268011296,1
0,[],2,[],2019-01-20 23:28:45,0.0,0,0,6477011,2019-01-20 23:28:45,,0.0,0.0,0,,0.0,0.0,0.0,1
1,[],5,[],2019-06-17 14:29:02,0.0,0,0,7740076,2019-06-17 14:29:02,btc,0.0,2.72e-05,0,btc,0.0,0.0,0.0,2
1,[],22,[],2019-06-17 14:29:06,11550.3,0.0000002,0.0000000000185828,7740077,2019-06-17 14:29:06,BTC,21.00897301,0.0,0.0000002,"BTC,XMR",20678.87287795317,1.754e-05,0.00143681,2
1,[],5,[],2019-06-03 14:48:58,0.0,0,0,7731126,2019-06-03 14:48:58,btc,0.0,0.05905545,0,btc,0.0,0.0,0.0,3
1,[],12,[],2019-06-03 14:48:59,3468623.70302,0.000000116,0.000000000009823402000000002,7731127,2019-06-03 14:48:59,btc,169531.0336573751,0.0,0.000000116,btc,2361209.62379607,0.041350953071,0.33764769154428,3
0,[],28,[],2019-06-03 14:49:00,0.0,0,0,7731128,2019-06-03 14:49:00,,0.0,0.0,0,,0.0,0.0,0.0,3
0,[],2,[],2019-01-20 23:31:32,0.0,0,0,6477077,2019-01-20 23:31:32,,0.0,0.0,0,,0.0,0.0,0.0,4
1,[],4,[],2019-05-18 21:29:50,562734.9206932,0.00000010,0.000000000007298720000000001,7650946,2019-05-18 21:29:50,btc,41.9347137769675,0.0,0.00000010,btc,1123702.32192634,0.00052462,0.029254593370966,4
0,[],12,[],2019-06-02 05:03:43,0.0,0,0,7724919,2019-06-02 05:03:43,btc,625.901992874995,0.0,0,btc,1211362.4995005,0.0,0.0,5
0,[],2,[],2019-01-20 23:31:51,0.0,0,0,6477087,2019-01-20 23:31:51,,0.0,0.0,0,,0.0,0.0,0.0,6
1,[],11,[],2019-07-03 09:34:02,4305910.27673599,0.00000001,0.000000000001114197,7791170,2019-07-03 09:34:02,btc,9583.61440324221,317319.0,0.00000001,btc,78212351.53970686,0.0,0.0430591027673599,6
1,[],3,[],2019-07-03 11:31:32,11630.058975888742,0.000062379999999999995673703734322401714962325058877468109130859375,0.000000007054111302,7791482,2019-07-03 11:31:32,btc,1026.2900269883478,627.29874475,0.000062379999999999995673703734322401714962325058877468109130859375,btc,387.980196704402,0.0,0.01880761481966355,7
1,[],4,[],2019-07-03 11:31:34,318321.25768893,0.00007153,0.000000008088819837000002,7791483,2019-07-03 11:31:34,btc,7.318501745605801,0.0,0.00007153,btc,52510.23727984,2.73282093,2.1986214715812507,7
1,[],5,[],2019-07-03 11:31:36,0.0,0,0,7791484,2019-07-03 11:31:36,btc,0.0,0.15290743,0,btc,0.0,0.0,0.0,7
1,[],20,[],2019-04-07 22:06:50,3201475.0482,0.000000001,0.000000000000051590000000000004,7213932,2019-04-07 22:06:50,btc,30.8005781811902,0.0,0.000000001,btc,23077405.3926,0.0,0.0032014750482,8
0,[],2,[],2019-01-20 23:22:42,0.0,0,0,6476876,2019-01-20 23:22:42,,0.0,0.0,0,,0.0,0.0,0.0,9
0,[],23,[],2019-01-20 23:22:48,0.0,0,0,6476878,2019-01-20 23:22:48,,0.0,0.0,0,,0.0,0.0,0.0,9
1,[],4,[],2019-07-03 11:31:38,1982602.30238103,0.00000041,0.000000000046363989000000004,7791485,2019-07-03 11:31:38,btc,2.788963263646248,0.0,0.00000041,btc,3015239.1470332,0.08111014,0.3610522078026767,9
1,[],28,[],2019-07-03 11:31:49,20043.809,0.00000042,0.000000000047494818000000005,7791486,2019-07-03 11:31:49,btc,2708.79281520645,111772.0,0.00000042,btc,55180.794,0.0,0.00270157978,9
1,[],1,[],2019-02-17 23:31:42,1822507.21,0.00000181000000000000003456111265232042484285557293333113193511962890625,0.000000000066086901,6701244,2019-02-17 23:31:42,btc,3.6990969245,17153386.5,0.00000181000000000000003456111265232042484285557293333113193511962890625,btc,1997391.71,31.11772986,3.2610482446,9
1,[],4,[],2019-02-17 11:22:43,4341674.27126056,0.00000002,0.0000000000007272960000000001,6696112,2019-02-17 11:22:43,btc,0.1997230937751353,0.0,0.00000002,btc,4109766.79808031,0.00215132,0.0479381022052112,10
0,[],2,[],2019-01-20 23:23:08,0.0,0,0,6476890,2019-01-20 23:23:08,,0.0,0.0,0,,0.0,0.0,0.0,12
1,[],4,[],2019-07-03 11:31:50,7543733.16621018,0.00000024,0.000000000027139896000000004,7791487,2019-07-03 11:31:50,btc,7.606896730926966,0.0,0.00000024,btc,9382690.41504914,0.46767434,0.7503331212920176,12
1,[],5,[],2019-07-03 11:31:51,0.0,0,0,7791488,2019-07-03 11:31:51,btc,0.0,0.1096127,0,btc,0.0,0.0,0.0,12
0.0,[],25,[],2019-07-03 11:31:53,0.0,0,0,7791489,2019-07-03 11:31:53,,0.0,0.0,0.0,btc,0.0,0.0,0.0,12
1,[],4,[],2019-07-03 05:13:15,584689.47355813,0.00000244,0.0000000002788066,7790600,2019-07-03 05:13:15,btc,2.1849123684917955,0.0,0.00000244,btc,410884.35721095,0.22629225,0.257981043015862,13
1,[],21,[],2019-07-03 05:13:19,5464503.61926811,0.000002560000000000000053561755725,0.0000000002925184,7790601,2019-07-03 05:13:19,btc,2.210907882880977,615243.9733135,0.0000025600000000000000535617557251288900488361832685768604278564453125,btc,645862.4277429,1.61860588,2.668924574171489,13
1,[],10,[],2019-07-03 04:50:28,599111.48051128,0.00000253,0.000000000286717816,7790504,2019-07-03 04:50:28,btc,666798.5185763352,11564.1307772,0.00000253,btc,1070197.84077692,0.0,0.2329213413435623,13
1,[],4,[],2019-07-03 11:31:54,1093875.49868999,0.00000034,0.000000000038448186000000007,7791490,2019-07-03 11:31:54,btc,2.696637311772472,0.0,0.00000034,btc,730632.78470464,0.04846463,0.0971799572138057,14
1,[],12,[],2019-07-03 11:31:55,226823.45393372,0.00000035,0.000000000039579015,7791491,2019-07-03 11:31:55,btc,186.35564532558453,0.0,0.00000035,btc,38137.13063194,0.001687635684,0.0147517299999926,14
1,[],26,[],2019-07-03 11:33:56,0.0,0.00000050,0.00000000005654145,7791492,2019-07-03 11:33:56,btc,0.0,0.0,0.00000050,btc,0.0,0.0,0.0,14
0,[],17,[],2019-05-03 00:53:32,0.0,0,0,7558876,2019-05-03 00:53:32,btc,0.0,0.0,0,btc,0.0,0.0,0.0,14
0,[],4,[],2019-07-03 11:33:57,0.0,0,0,7791493,2019-07-03 11:33:57,,0.0,0.0,0,,0.0,0.0,0.0,15
,[],12,[],2018-12-01 15:15:48,204241.84496,0.00000489,0.000000000202473384,5260204,2018-12-01 15:15:48,btc,49.5475654835,0.0,,btc,35763.2193806,0.0163153972027625,0.0203389899998,15
0,[],2,[],2019-01-20 23:23:38,0.0,0,0,6476906,2019-01-20 23:23:38,,0.0,0.0,0,,0.0,0.0,0.0,18
1,[],4,[],2019-07-03 11:33:58,33756.66370992,0.00000828,0.000000000936326412,7791494,2019-07-03 11:33:58,btc,2.3730321490032127,0.0,0.00000828,btc,17777.28432614,0.02967513,0.0609752291379883,18
1,[],10,[],2019-07-03 11:34:00,408383.71619194,0.00000821,0.000000000928410609,7791495,2019-07-03 11:34:00,btc,15.056777296299689,2596.06651662,0.00000821,btc,18381.26728984,0.0,0.3259636259163418,18
1,[],12,[],2019-07-03 11:34:02,2172.64314286,0.00000812000000000000018312608374149164092159480787813663482666015625,0.0000000009182331480000001,7791496,2019-07-03 11:34:02,btc,0.5283934923573415,0.0,0.00000812000000000000018312608374149164092159480787813663482666015625,btc,1921.14093677,1.2684824e-05,0.0045389214559535,18
0,[],17,[],2019-05-03 00:53:39,0.0,0,0,7558882,2019-05-03 00:53:39,btc,0.0,0.0,0,btc,0.0,0.0,0.0,18
1,[],3,[],2019-07-03 11:15:16,161896.06812464,0.0000080499999999999991592662673678404416932608000934123992919921875,0.00000000091309218,7791393,2019-07-03 11:15:16,btc,190.31077580650302,15936.0573282,0.0000080499999999999991592662673678404416932608000934123992919921875,btc,18260.166367950635,0.0,0.1100863741342715,19
1,[],4,[],2019-07-03 11:15:17,280894.88089182,0.00000626,0.0000000007100567760000001,7791394,2019-07-03 11:15:17,btc,2.839220356342664,0.0,0.00000626,btc,210146.46494684,0.09690942,1.1134191882181943,19
1,[],5,[],2019-07-03 11:15:19,0.0,0,0,7791395,2019-07-03 11:15:19,btc,0.0,0.0,0,btc,0.0,0.0,0.0,19
1,[],12,[],2019-07-03 11:15:20,107443.79519601,0.000005800000000000000372813759030865554677802720107138156890869140625,0.0000000006578800800000001,7791396,2019-07-03 11:15:20,btc,0.366011444800221,0.0,0.000005800000000000000372813759030865554677802720107138156890869140625,btc,3013.18297673,0.0,0.0103633579998375,19
0,[],27,[],2019-07-03 11:15:25,0.0,0,0,7791397,2019-07-03 11:15:25,,0.0,0.0,0,btc,0.0,0.0,0.0,19
0,[],2,[],2019-01-20 23:24:19,0.0,0,0,6476924,2019-01-20 23:24:19,,0.0,0.0,0,,0.0,0.0,0.0,19
1,[],4,[],2019-07-03 11:15:26,9925191.09278478,0.00000005,0.00000000000567138,7791398,2019-07-03 11:15:26,btc,5.162858526649613,0.0,0.00000005,btc,2244806.83713707,0.0,0.1102994166205056,20
0,[],4,[],2019-07-03 05:17:38,0.0,0,0,7790614,2019-07-03 05:17:38,,13630.874493644571,0.0,0,,166276624.1737067,0.0,0.0,21
0,[],12,[],2019-07-03 05:17:41,0.0,0,0,7790615,2019-07-03 05:17:41,btc,2602.9596941675427,0.0,0,btc,9905024.55244751,3.996e-08,0.0,21
0,[],17,[],2019-05-03 00:53:51,0.0,0,0,7558891,2019-05-03 00:53:51,btc,0.0,0.0,0,btc,0.0,0.0,0.0,21
1,[],12,[],2019-07-03 11:15:27,6798964799.864567,0.0000000007,0.00000000000007939932,7791399,2019-07-03 11:15:27,btc,1426620312754.36,0.0,0.0000000007,btc,3003791031.103896,0.19277323838,2.3115913530454835,23
0.00000000025951120000000004,[],27,[],2019-07-03 11:15:33,34702173.60039952,8.0448472e-17,9.125077102627201e-21,7791400,2019-07-03 11:15:33,eth,1360.4829160192228,54556.7062937,0.00000031,eth,6217563.5506114,4.389003930896e-12,5.50550494928353e-10,23
1,[],4,[],2019-06-22 05:45:29,6100414.07522138,0.00000017,0.00000000001823352,7751732,2019-06-22 05:45:29,btc,10.22685272773715,0.0,0.00000017,btc,1790815.48208265,0.0,0.1345450262400025,24
0,[],22,[],2019-06-22 05:45:31,0.0,0,0,7751733,2019-06-22 05:45:31,,6.22e-05,0.0,0,,517.4264705882352,0.0,0.0,24
0.0,[],25,[],2019-06-22 05:45:32,0.0,0,0,7751734,2019-06-22 05:45:32,,0.0,0.0,0.0,btc,0.0,0.0,0.0,24
1,[],4,[],2019-07-03 11:15:33,26951454.00512779,0.00000336,0.000000000381116736,7791401,2019-07-03 11:15:33,btc,7.078491401375875,0.0,0.00000336,btc,201660.75631111,0.16405602,0.415287094236501,26
1,[],10,[],2019-07-03 11:15:36,129309.92541459,0.00000339,0.000000000384519564,7791402,2019-07-03 11:15:36,btc,26.160566119038144,5919.43364717,0.00000339,btc,20683.22686803,0.0,0.0519565165805144,26
0,[],2,[],2019-01-20 23:25:56,0.0,0,0,6476976,2019-01-20 23:25:56,,0.0,0.0,0,,0.0,0.0,0.0,26
1,[],5,[],2019-04-26 09:47:06,0.0,0,0,7465326,2019-04-26 09:47:06,btc,0.0,0.0,0,btc,0.0,0.0,0.0,27
1,[],3,[],2019-06-17 14:30:26,13571825.64059417,0.00000001,0.00000000000092914,7740112,2019-06-17 14:30:26,btc,3.485049956644059,4264730.43754,0.00000001,btc,23500048.28518193,0.0,0.1357182564059417,27
1,[],11,[],2019-06-17 14:30:28,2031833.58157834,0.00000001,0.00000000000092914,7740113,2019-06-17 14:30:28,btc,67502.92060589766,32677.9652116,0.00000001,btc,6487362.95640949,0.0,0.0203183358157834,27
0.0000000001058481,[],4,[],2019-07-03 11:15:36,482764820.17221844,8.044455600000001e-17,9.124632920145601e-21,7791403,2019-07-03 11:15:36,ltc,10.637697166874952,0.0,0.00000076,ltc,679847429.7932247,0.00106428,7.50815809074316e-09,29
1,[],7,[],2019-07-03 11:15:37,0.0,0,0,7791404,2019-07-03 11:15:37,btc,46548272.66202747,0.0,0,btc,50840028.20551066,0.0,0.0,29
1,[],4,[],2019-07-03 11:15:38,15293815.6760687,0.00000004,0.000000000004537104,7791405,2019-07-03 11:15:38,btc,2.573393984778842,0.0,0.00000004,btc,2249253.14278687,0.00146198,0.1682291963933902,30
0,[],17,[],2019-05-03 01:11:25,0.0,0,0,7559066,2019-05-03 01:11:25,btc,0.0,0.0,0,btc,0.0,0.0,0.0,30
1,[],4,[],2019-07-03 11:17:39,237288.27973049,0.00003061,0.000000003472018836,7791406,2019-07-03 11:17:39,btc,3.4738895136161534,0.0,0.00003061,btc,55647.28257131,0.51882824,0.7226794671458716,31
1,[],21,[],2019-07-03 11:17:40,235579.78786893,0.00003334999999999999748499790453,0.00000000378281046,7791407,2019-07-03 11:17:40,btc,4.674993422021516,208723.55806035,0.00003334999999999999748499790452882507452159188687801361083984375,btc,108367.5707262,7.32401114,2.848081293794345,31
0,[],2,[],2019-01-20 23:28:43,0.0,0,0,6477009,2019-01-20 23:28:43,,0.0,0.0,0,,0.0,0.0,0.0,32
0,[],4,[],2019-07-03 11:17:42,0.0,0,0,7791408,2019-07-03 11:17:42,,0.0,0.0,0,,0.0,0.0,0.0,33
1,[],12,[],2019-03-30 07:55:10,40641173.964,0.00000003,0.000000000001228359,7108785,2019-03-30 07:55:10,btc,4233210.82356125,0.0,0.00000003,btc,28378394.68333462,0.0126927883965248,0.90752895892,33
0.0000000001058481,[],4,[],2019-07-03 11:17:44,147452996.46540877,4.4456202e-17,5.0425602979752005e-21,7791409,2019-07-03 11:17:44,ltc,4.56928150622736,0.0,0.00000042,ltc,169376944.47344762,0.0,5.681733057890185e-10,34
1,[],5,[],2019-07-03 11:17:45,0.0,0,0,7791410,2019-07-03 11:17:45,btc,0.0,0.00161471,0,btc,0.0,0.0,0.0,34
0.0000000002926451,[],17,[],2019-05-02 18:17:47,200000.0,2.9264510000000002e-18,1.596703856561e-22,7556430,2019-05-02 18:17:47,eth,0.20942468735267253,0.0,0.00000001,"btc,eth",1018272.20243647,0.0,5.852902e-13,36
0.0000000001311821,[],4,[],2019-05-31 13:28:19,2417517744.0607657,1.311821e-18,1.105058333085e-22,7717483,2019-05-31 13:28:19,ltc,5.019900492391546e-08,0.0,0.00000001,ltc,7102398142.262129,0.0,3.171350544531538e-09,36
1,[],5,[],2019-05-31 13:28:21,0.0,0,0,7717484,2019-05-31 13:28:21,btc,0.0,0.0,0,btc,0.0,0.0,0.0,36
0.0000000003108179,[],27,[],2019-05-31 13:30:34,10388811.226876,6.216358000000001e-18,5.236566733830001e-22,7717485,2019-05-31 13:30:34,eth,1569.8708019850988,761866.634299,0.00000002,"ltc,eth",5084024.2511555,4.736034912207001e-12,3.3251980286483705e-11,36
1,[],4,[],2019-06-25 10:05:55,10747826.61931615,0.00000014,0.000000000015920562,7762320,2019-06-25 10:05:55,btc,19773.05513423956,0.0,0.00000014,btc,682946.14349671,0.0006293,0.1362851255028938,37
1,[],12,[],2019-06-25 10:05:57,4167862.54235103,0.00000013,0.000000000014783379,7762321,2019-06-25 10:05:57,btc,7.381091518261743,0.0,0.00000013,btc,1713444.53926904,0.016313049979,0.1478110147956336,37
1,[],27,[],2019-06-25 10:08:02,10970.0,0.00000019,0.000000000021606477,7762322,2019-06-25 10:08:02,btc,22.62970013895233,0.0,0.00000019,btc,4298.824295,0.0,0.00167419,37
1,[],17,[],2019-05-03 01:11:36,211752.74075282,0.00000025,0.000000000013700074999999998,7559074,2019-05-03 01:11:36,btc,0.055484923955058496,0.0,0.00000025,"btc,eth",1387.19918473,0.0,0.0005381851887916605,37
1,[],5,[],2019-07-03 11:17:46,0.0,0,0,7791411,2019-07-03 11:17:46,btc,0.0,0.18425712,0,btc,0.0,0.0,0.0,42
1,[],12,[],2019-07-03 11:17:47,191201.40850929,0.000001309999999999999951307938332589753116508290986530482769012451171875,0.00000000014859015600000001,7791412,2019-07-03 11:17:47,btc,525.2783952062593,0.0,0.000001309999999999999951307938332589753116508290986530482769012451171875,btc,146644.8663605,0.095742886633,0.0439197733728926,42
1,[],27,[],2019-07-03 11:17:53,10300.0,0.00000003,0.000000000003402828,7791413,2019-07-03 11:17:53,btc,0.07600425,0.0,0.00000003,"btc,eth",18.0,0.0,0.000306,42
1,[],12,[],2019-03-13 09:13:29,1112112.0,0.00000001,0.000000000000386531,6919902,2019-03-13 09:13:29,btc,29058.00478931866,0.0,0.00000001,btc,5967681.93306694,9.99000999e-07,0.01112112,43
1,[],5,[],2019-04-26 22:38:52,0.0,0,0,7474154,2019-04-26 22:38:52,btc,0.0,0.02638891,0,btc,0.0,0.0,0.0,43
0,[],17,[],2019-04-26 22:38:53,0.0,0,0,7474155,2019-04-26 22:38:53,btc,0.0,0.0,0,btc,0.0,0.0,0.0,43
1,[],12,[],2019-03-05 01:54:08,639326.02,0.00000004,0.000000000001486676,6845775,2019-03-05 01:54:08,btc,11116042.728239931,0.0,0.00000004,btc,1103841.4595604,0.0003330765234764,0.014975410599999999,44
0.00000000010623240000000001,[],4,[],2019-07-03 10:17:38,109752091.17477863,4.5679932000000006e-17,5.1864949112868006e-21,7791311,2019-07-03 10:17:38,ltc,2762.2289518454163,0.0,0.00000043,ltc,28387701.80683322,0.0,4.787011934263413e-10,49
0.0000000001058481,[],4,[],2019-07-03 11:17:54,320097442.73736566,2.5403544000000002e-17,2.8814630274144004e-21,7791414,2019-07-03 11:17:54,ltc,28254.19212765503,0.0,0.00000024,ltc,195161429.3183768,0.0,1.9991087709578324e-09,52
0,[],22,[],2019-07-02 14:32:00,0.0,0,0,7788319,2019-07-02 14:32:00,,10289.80784133,0.0,0,,287058287.4566013,0.0,0.0,57
0,[],27,[],2019-07-02 14:32:07,0.0,0,0,7788320,2019-07-02 14:32:07,,0.0,0.0,0,"btc,eth",0.0,0.0,0.0,57
0,[],4,[],2019-07-03 11:17:55,0.0,0,0,7791415,2019-07-03 11:17:55,,19.719115865656374,0.0,0,,6107901353.982692,0.0,0.0,58
0,[],12,[],2019-07-03 11:17:56,0.0,0,0,7791416,2019-07-03 11:17:56,btc,654781713.5346618,0.0,0,btc,3783429524.212744,3.7799499e-05,0.0,58
0.0000000000784027,[],22,[],2019-07-03 11:19:59,126877.0,7.84027e-19,8.89303009452e-23,7791417,2019-07-03 11:19:59,XMR,68.17454206,0.0,0.00000001,XMR,9626402.6,0.0,0.00126877,58
1,[],17,[],2019-05-03 01:12:09,1200000.0,0.0000000001,0.00000000000000548003,7559085,2019-05-03 01:12:09,btc,1e+24,0.0,0.0000000001,"btc,eth",39516342.31952568,0.0,0.00010000000058666061,58
1,[],5,[],2019-06-17 14:31:27,0.0,0,0,7740135,2019-06-17 14:31:27,btc,0.0,0.00079154,0,btc,0.0,0.0,0.0,61
1,[],22,[],2019-06-17 14:31:30,13612.833333333334,0.00000012,0.00000000001114968,7740136,2019-06-17 14:31:30,BTC,1002.29123003,0.0,0.00000012,BTC,15014.200177125656,0.0,0.00153257,61
1,[],26,[],2019-06-17 14:31:30,0.0,0.00000050,0.000000000046457,7740137,2019-06-17 14:31:30,btc,0.0,0.0,0.00000050,btc,0.0,0.0,0.0,61
1,[],27,[],2019-06-17 14:31:36,8400.0,0.00000018,0.00000000001672452,7740138,2019-06-17 14:31:36,btc,1.9742539297246655,0.0,0.00000018,"btc,eth",10953.51663696,0.0,0.001512,61
0,[],28,[],2019-06-17 14:31:38,0.0,0,0,7740139,2019-06-17 14:31:38,,0.0,0.0,0,,0.0,0.0,0.0,61
1,[],4,[],2019-07-03 11:20:00,2103544.71275843,0.00000040,0.00000000004537104,7791418,2019-07-03 11:20:00,btc,3.171123913899948,0.0,0.00000040,btc,1222115.21842933,0.05116105,0.2506733277133505,67
0.0,[],25,[],2019-07-03 11:20:04,0.0,0,0,7791419,2019-07-03 11:20:04,,0.0,0.0,0.0,btc,0.0,0.0,0.0,67
1,[],12,[],2019-06-02 06:23:14,910048.355,0.00000006,0.000000000005154929999999999,7725270,2019-06-02 06:23:14,btc,5.167005424215783,0.0,0.00000006,btc,738530.60239759,0.003159757462,0.0187188113,71
,[],5,[],2018-11-20 23:02:39,1.5e-07,0.00000005,0.000000000002128045,4862160,2018-11-20 23:02:39,btc,2.84511358,0.0,,btc,0.00036572,0.0,0.07381892,74
1,[],5,[],2019-07-03 11:20:06,0.0,0,0,7791420,2019-07-03 11:20:06,btc,0.0,0.00568542,0,btc,0.0,0.0,0.0,75
1,[],4,[],2019-06-04 03:25:15,715281.46076168,0.00000001,0.000000000000803619,7734085,2019-06-04 03:25:15,btc,581089.6218469425,0.0,0.00000001,btc,37692563.61091116,0.0,0.0071528146076168,81
0,[],20,[],2019-01-25 09:30:31,0.0,0,0,6495923,2019-01-25 09:30:31,btc,0.0,0.0,0,btc,0.0,0.0,0.0,81
1,[],4,[],2019-07-03 11:20:07,186642.89652954,0.00006898,0.000000007824235848,7791421,2019-07-03 11:20:07,btc,59.07809882515421,0.0,0.00006898,btc,126948.10417288,0.3662695,0.4391304536443125,82
1,[],21,[],2019-07-03 11:20:08,288447.02243784,0.00006885000000000000657234683343,0.00000000780949026,7791422,2019-07-03 11:20:08,btc,4.939837149401253,7478.60638334,0.000068850000000000006572346833433329038598458282649517059326171875,btc,51115.34191357,0.53637275,2.8677157345323514,82
0,[],17,[],2019-03-25 22:42:34,0.0,0,0,7038780,2019-03-25 22:42:34,btc,0.0445064681804024,0.0,0,btc,995513.18476001,0.0,0.0,84
0.0000000001161485,[],4,[],2019-05-20 13:09:39,216715621.0206096,1.161485e-18,9.0533806701e-23,7657228,2019-05-20 13:09:39,ltc,1.6511566870244727,0.0,0.00000001,ltc,471032407.9048656,0.0,2.5171194308112273e-10,85
,[],22,[],2018-11-20 23:09:34,3408.1,0.0000001,0.0000000000041895,4862324,2018-11-20 23:09:34,BTC,0.04624735,0.0,,BTC,4990.0,0.0,0.00033081,86
1,[],22,[],2019-06-26 09:07:19,62694.0,0.00000005,0.0000000000063518149999999994,7766682,2019-06-26 09:07:19,BTC,1.85249053,0.0,0.00000005,BTC,287024.94736842107,0.0003,0.00062846,87
1,[],27,[],2019-06-26 09:07:25,361781.0,0.0000002,0.000000000025407259999999998,7766683,2019-06-26 09:07:25,btc,19.86923154858,99950.0,0.0000002,btc,548343.482,0.01999,0.01237888,87
,[],2,[],2018-11-20 23:10:47,0.0,0,0,4862359,2018-11-20 23:10:47,,0.0,0.0,,,0.0,0.0,0.0,88
1,[],11,[],2019-06-17 14:31:59,193715.3529613,0.000073310000000000001140094962881477158589405007660388946533203125,0.00000000681152534,7740147,2019-06-17 14:31:59,btc,168.35454702024953,5791.70569014,0.000073310000000000001140094962881477158589405007660388946533203125,btc,196971.41170107,0.0,1.1996165759440112,89
0,[],2,[],2019-01-20 23:31:45,0.0,0,0,6477083,2019-01-20 23:31:45,,0.0,0.0,0,,0.0,0.0,0.0,91
1,[],12,[],2019-07-03 11:20:09,398076.10838418,0.00000028,0.000000000031759728000000007,7791423,2019-07-03 11:20:09,btc,122.1742286955017,0.0,0.00000028,btc,295681.41982937,2.788654e-06,0.0261258619538386,91
1,[],22,[],2019-07-03 11:22:13,75900.0,0.00000001,0.000000000001134276,7791424,2019-07-03 11:22:13,BTC,0.495,0.0,0.00000001,"BTC,LTC",4.95,0.0,0.001659,91
0,[],17,[],2019-05-03 01:12:26,0.0,0,0,7559096,2019-05-03 01:12:26,btc,0.0,0.0,0,btc,0.0,0.0,0.0,91
1,[],22,[],2019-07-03 11:22:17,94060.0,0.00000002,0.000000000002268552,7791425,2019-07-03 11:22:17,BTC,11.46046694,0.0,0.00000002,"BTC,LTC",341043.4683191416,0.0,0.0662712,95
0.0000000001058481,[],4,[],2019-07-03 11:22:18,536882997.5275123,2.4345063e-17,2.7614020679388002e-21,7791426,2019-07-03 11:22:18,ltc,10.915072851259481,0.0,0.00000023,ltc,153497518.0782274,0.0,6.859483521992658e-10,96
0,[],12,[],2019-07-03 11:22:19,0.0,0,0,7791427,2019-07-03 11:22:19,btc,36.53971721651349,0.0,0,btc,9958979.65134864,0.0,0.0,96
0,[],17,[],2019-05-03 01:12:32,0.0,0,0,7559100,2019-05-03 01:12:32,btc,0.0,0.0,0,btc,0.0,0.0,0.0,96
1,[],4,[],2019-04-14 03:32:46,1039404.33283278,0.00000038,0.000000000019245518,7293458,2019-04-14 03:32:46,btc,4.170086055365747,0.0,0.00000038,btc,3097704.34561074,0.06260606,0.1859928211030784,99
1,[],4,[],2019-07-03 11:24:21,175669.27394715,0.00001242,0.000000001408770792,7791428,2019-07-03 11:24:21,btc,13.040869955252344,0.0,0.00001242,btc,286885.68798526,0.1885038,0.378917056611372,100
0,[],2,[],2019-01-20 23:23:55,0.0,0,0,6476914,2019-01-20 23:23:55,,0.0,0.0,0,,0.0,0.0,0.0,100
1,[],22,[],2019-06-05 06:30:35,150000.0,0.00000002,0.000000000001558192,7740007,2019-06-05 06:30:35,BTC,28.56386409,0.0,0.00000002,BTC,12787.719,0.0,0.0017,101
1,[],4,[],2019-07-03 11:24:22,448197.02721942,0.00000140,0.00000000015879864,7791429,2019-07-03 11:24:22,btc,882.5835666505694,0.0,0.00000140,btc,756493.0235263,0.01690043,0.0587875637729788,103
1,[],12,[],2019-06-17 14:32:14,179201505.10870332,0.000000005,0.00000000000046457,7740154,2019-06-17 14:32:14,btc,113577.79366343976,0.0,0.000000005,btc,79148141.67831126,0.019059029059,0.27280986350611003,105
1,[],27,[],2019-06-17 14:32:19,18306828.03496503,0.00000002,0.00000000000185828,7740155,2019-06-17 14:32:19,btc,180.7198218385489,1083.96503497,0.00000002,btc,276513.60142659,7.588e-05,0.3661365606993006,105
1,[],22,[],2019-04-21 00:17:26,21333.0,0.00000001,0.000000000000532493,7385819,2019-04-21 00:17:26,BTC,51.38182867,0.0,0.00000001,BTC,470435.0,0.0,0.00021333,107
1,[],26,[],2019-04-21 00:17:26,0.0,0.00000000,0,7385820,2019-04-21 00:17:26,btc,0.0,0.0,0.00000000,btc,0.0,0.0,0.0,107
1,[],5,[],2019-07-03 11:24:25,0.0,0,0,7791430,2019-07-03 11:24:25,btc,0.0,0.0,0,btc,0.0,0.0,0.0,112
0,[],22,[],2019-07-03 11:24:27,0.0,0,0,7791431,2019-07-03 11:24:27,,6.79500102,0.0,0,,3375892.0833333335,0.0,0.0,112
1,[],27,[],2019-07-03 11:24:34,1.0,0.00000001,0.000000000001134276,7791432,2019-07-03 11:24:34,btc,0.0,0.0,0.00000001,"btc,eth",0.0,0.0,1e-08,112
1,[],4,[],2019-07-03 11:24:35,990277.23665293,0.00000037,0.000000000041968212,7791433,2019-07-03 11:24:35,btc,6.406137627240138,0.0,0.00000037,btc,972253.14535642,0.0209671,0.1175996259571914,113
1,[],5,[],2019-07-03 11:24:36,0.0,0,0,7791434,2019-07-03 11:24:36,btc,0.0,2.1e-07,0,btc,0.0,0.0,0.0,113
1,[],17,[],2019-04-26 02:17:47,162738.278,0.00000004,0.0000000000021069000000000002,7461287,2019-04-26 02:17:47,btc,1.3331140273775473,0.0,0.00000004,btc,51796.221,0.0,0.00230953112,116
1,[],27,[],2019-05-22 05:13:01,210000.0,0.00000001,0.00000000000079145,7666372,2019-05-22 05:13:01,btc,3919.0005001478,0.0,0.00000001,btc,128660.871,0.0,0.0021,116
1,[],4,[],2019-05-21 22:31:11,138169.03963019,0.00000701,0.000000000558364025,7664793,2019-05-21 22:31:11,btc,150.95388250938234,0.0,0.00000701,btc,344631.17141974,0.07552974,0.4288357684941946,120
1,[],7,[],2019-05-21 22:31:12,3901.07750076,0.000010679999999999999389654892212320191902108490467071533203125,0.0000000008506887,7664794,2019-05-21 22:31:12,btc,231188.94669936574,0.0,0.000010679999999999999389654892212320191902108490467071533203125,btc,4133.83151364,0.0,0.0113888422364489,120
1,[],20,[],2019-04-07 18:42:29,1914137.0852,0.000000035,0.0000000000017871910000000002,7211992,2019-04-07 18:42:29,btc,32.2497668025648,25528.85,0.000000035,btc,1001975.4986,0.00089350975,0.0152723574729,125
1,[],22,[],2019-06-17 14:32:38,10000.0,0.00000001,0.00000000000092914,7740161,2019-06-17 14:32:38,BTC,0.032061,0.0,0.00000001,BTC,299316.7611111111,0.0,0.0001,126
0,[],2,[],2019-01-20 23:25:46,0.0,0,0,6476969,2019-01-20 23:25:46,,0.0,0.0,0,,0.0,0.0,0.0,131
1,[],17,[],2019-05-03 01:13:10,10000.0,0.00000001,0.000000000000548003,7559115,2019-05-03 01:13:10,btc,0.0953976503951408,0.0,0.00000001,btc,5037.62507334,0.0,0.0001,131
1,[],4,[],2019-07-01 04:28:32,590754.62293327,0.00000338,0.000000000376936248,7782890,2019-07-01 04:28:32,btc,2.8525130367360445,0.0,0.00000338,btc,192252.70961539,0.09127328,0.5629290691005338,131
1,[],4,[],2019-06-17 14:32:42,4848.49465417,0.00007919,0.00000000735785966,7740163,2019-06-17 14:32:42,btc,0.9905723729472744,0.0,0.00007919,btc,202.13055914,0.0,0.0061509344290166,135
1,[],3,[],2019-06-05 06:33:11,40600.27748212,0.00000001,0.000000000000779096,7740019,2019-06-05 06:33:11,btc,0.2308097808993716,2146378.52189,0.00000001,btc,2477992.76904676,0.0,0.0004060027748212,136
1,[],4,[],2019-07-03 11:24:38,240951.03816159,0.00000137,0.00000000015539581200000001,7791435,2019-07-03 11:24:38,btc,112.56183057019855,0.0,0.00000137,btc,531172.79749449,0.00710921,0.2001814927711738,137
1,[],12,[],2019-07-03 11:24:39,67815.54304746,0.00000141999999999999995691814247411599581027985550463199615478515625,0.000000000161067192,7791436,2019-07-03 11:24:39,btc,57.90143305450754,0.0,0.00000141999999999999995691814247411599581027985550463199615478515625,btc,82347.41598677001,9.103e-05,0.0150219619999508,137
1,[],4,[],2019-07-03 11:24:40,380768.01604565,0.00001168,0.000000001324834368,7791437,2019-07-03 11:24:40,btc,11.851973408054084,0.0,0.00001168,btc,187400.31021746,1.02103747,0.4430241489008843,142
1,[],5,[],2019-07-03 11:24:41,0.0,0,0,7791438,2019-07-03 11:24:41,btc,0.0,0.03277996,0,btc,0.0,0.0,0.0,142
1,[],20,[],2019-07-03 11:26:43,112995.3473,0.000005948,0.0000000006746673648,7791439,2019-07-03 11:26:43,btc,1.5681364282173,0.0,0.000005948,btc,9882.1432,0.0,0.0064536821229,142
1,[],22,[],2019-07-03 11:26:47,10820.0,0.00000600,0.0000000006805656,7791440,2019-07-03 11:26:47,BTC,2.99759384,0.0,0.00000600,BTC,835.7198755539798,0.0,0.0053672,142
0.0,[],25,[],2019-07-03 11:26:49,0.0,0,0,7791441,2019-07-03 11:26:49,,0.0,0.0,0.0,btc,0.0,0.0,0.0,142
1,[],28,[],2019-07-03 11:27:04,76110.0,0.00001110,0.00000000125904636,7791442,2019-07-03 11:27:04,btc,0.438587390411,3215.0,0.00001110,btc,1381.1951,0.0,0.0042182,142
1,[],17,[],2019-05-03 01:13:16,32967.38636364,0.00000088,0.000000000048224264,7559122,2019-05-03 01:13:16,btc,20.06976206696776,0.0,0.00000088,btc,2746.079105,0.0,0.0105613000000032,142
0,[],22,[],2019-07-03 11:27:07,0.0,0,0,7791443,2019-07-03 11:27:07,,67.43964479,0.0,0,,716790536.7744589,0.0,0.0,143
0,[],22,[],2019-02-25 15:42:22,0.0,0,0,6783783,2019-02-25 15:42:22,,4.2131946,0.0,0,,2322156.0,0.0,0.0,146
,[],22,[],2018-11-20 23:01:11,0.0,0,0,4862114,2018-11-20 23:01:11,,2.56807021,0.0,,,61828.4988236,0.0,0.0,147
1,[],12,[],2019-04-21 06:38:04,193091.5971266,0.00000071,0.000000000037635183,7388679,2019-04-21 06:38:04,btc,2.301232411611175,0.0,0.00000071,btc,9957.48302385,0.00023528,0.0313308199999888,148
1,[],4,[],2019-03-19 21:31:25,255810.0415942,0.00000029,0.000000000011615747,6982695,2019-03-19 21:31:25,btc,218.94922712414143,0.0,0.00000029,btc,793529.37642722,0.00117,0.0608347789473395,152
0,[],22,[],2019-03-19 21:31:27,0.0,0,0,6982696,2019-03-19 21:31:27,,0.0,0.0,0,,0.0,0.0,0.0,152
1,[],5,[],2019-04-26 09:36:59,0.0,0,0,7465040,2019-04-26 09:36:59,btc,0.0,0.0,0,btc,0.0,0.0,0.0,153
,[],16,[],2019-01-11 15:38:59,0.0,0,0,6366141,2019-01-11 15:38:59,btc,0.0,0.0,,btc,0.0,0.0,0.0,155
0,[],23,[],2019-01-20 23:24:29,0.0,0,0,6476932,2019-01-20 23:24:29,,0.0,0.0,0,,0.0,0.0,0.0,156
0,[],22,[],2019-06-04 06:02:09,0.0,0,0,7734688,2019-06-04 06:02:09,,7.43375324,0.0,0,,5955762.942592593,0.0,0.0,156
1,[],22,[],2019-07-03 11:27:11,6996.0,0.00000001,0.000000000001134276,7791444,2019-07-03 11:27:11,BTC,1.7543039,0.0,0.00000001,BTC,57.0,0.0,6.996e-05,157
0,[],22,[],2019-05-21 23:40:32,0.0,0,0,7665049,2019-05-21 23:40:32,,50234.60468402,0.0,0,,54786159.03179465,0.0,0.0,158
,[],17,[],2018-11-20 22:56:10,0.0,0,0,4861976,2018-11-20 22:56:10,btc,1.1265625,0.0,,btc,1000.0,0.0,0.0,159
,[],20,[],2018-11-20 22:56:12,0.0,0,0,4861977,2018-11-20 22:56:12,btc,11912.7940471,0.0,,btc,34413894.3617,0.0,0.0,159
1,[],12,[],2019-05-24 02:51:20,9178.522006449999,0.00000191999999999999982841307998027158276954651228152215480804443359375,0.000000000151222656,7676256,2019-05-24 02:51:20,btc,149.80414728631675,0.0,0.00000191999999999999982841307998027158276954651228152215480804443359375,btc,1115.7451448499999,0.01783167678326,0.0120075778999181,168
1,[],17,[],2019-05-03 01:13:36,42852.0,0.00000002,0.000000000001096006,7559132,2019-05-03 01:13:36,btc,0.04279856251542,0.0,0.00000002,btc,274.46171372,0.0,0.00052852,168
1,[],22,[],2019-05-17 03:01:52,10.0,0.00000001,0.000000000000778341,7642059,2019-05-17 03:01:52,BTC,41.95893009,0.0,0.00000001,BTC,1753972.7737547632,0.0,1e-07,169
1,[],22,[],2019-05-30 08:38:18,202834.0,0.00000002,0.0000000000017416160000000001,7711049,2019-05-30 08:38:18,BTC,27.87002826,0.0,0.00000002,BTC,462189.5410507793,0.0,0.00211768,171
1,[],22,[],2019-05-29 08:05:18,349870.0,0.00000002,0.000000000001705894,7705265,2019-05-29 08:05:18,BTC,24.05907723,0.0,0.00000002,"BTC,LTC",1224285.4355616204,0.0,0.0039847,173
1,[],5,[],2019-07-03 11:27:12,0.0,0,0,7791445,2019-07-03 11:27:12,btc,0.0,0.02316576,0,btc,0.0,0.0,0.0,175
1,[],22,[],2019-06-17 14:33:12,90671.0,0.00000001,0.00000000000092914,7740175,2019-06-17 14:33:12,BTC,394.35459412,0.0,0.00000001,BTC,136275.61833431243,0.0,0.00090671,176
1,[],22,[],2019-07-03 11:27:16,30.0,0.00000001,0.000000000001134276,7791446,2019-07-03 11:27:16,BTC,1.00242428,0.0,0.00000001,BTC,57512.0,0.0,3e-07,178
1,[],7,[],2019-07-01 10:15:32,0.0,0,0,7783526,2019-07-01 10:15:32,btc,521516.2326888725,0.0,0,btc,26809253.73522063,0.0,0.0,178
0,[],2,[],2019-01-20 23:28:34,0.0,0,0,6477001,2019-01-20 23:28:34,,0.0,0.0,0,,0.0,0.0,0.0,178
1,[],5,[],2019-07-03 11:27:18,0.0,0,0,7791447,2019-07-03 11:27:18,btc,0.0,0.0,0,btc,0.0,0.0,0.0,179
0,[],22,[],2019-07-03 11:27:21,0.0,0,0,7791448,2019-07-03 11:27:21,,9.36109844,0.0,0,,14660796.311946675,0.0,0.0,179
0,[],23,[],2019-01-20 23:25:08,0.0,0,0,6476952,2019-01-20 23:25:08,,0.0,0.0,0,,0.0,0.0,0.0,179
1,[],22,[],2019-07-03 11:29:25,749700.9958230958,0.00000037,0.000000000041968212,7791449,2019-07-03 11:29:25,BTC,40.64466107,0.0,0.00000037,"BTC,LTC",197605.411571008,0.00152736,0.58750751,180
1,[],26,[],2019-07-03 11:29:25,0.0,0.00000010,0.00000000001134276,7791450,2019-07-03 11:29:25,btc,0.0,0.0,0.00000010,btc,0.0,0.0,0.0,180
1,[],17,[],2019-05-03 01:13:56,20504.725000000002,0.0000001,0.00000000000548003,7559141,2019-05-03 01:13:56,btc,5.2010695838400265,0.0,0.0000001,btc,5033.45945,0.0,0.0011504725,180
,[],7,[],2018-11-20 22:58:01,562227.975654,0.00000085,0.000000000036176765,4862015,2018-11-20 22:58:01,btc,21836.6059674,2491.87645172,,btc,749999.041456,0.00211021,0.127565380455,183
,[],5,[],2019-01-10 08:11:41,0.0,0,0,6347036,2019-01-10 08:11:41,btc,82.15055501,0.00261,,btc,1.19002445,0.0,0.0,187
,[],17,[],2018-11-16 20:58:10,4062536.27273,0.00000001,0.000000000000550501,4708775,2018-11-16 20:58:10,btc,3.36492563466,0.195460381006,,"btc,eth",110697919.549,0.0,0.0157628953496,187
1,[],24,[],2019-05-22 21:04:52,0.0,0.000000000014,0.0000000000000010960978,7670219,2019-05-22 21:04:52,btc,0.0,0.0,0.000000000014,btc,0.0,0.0,0.0,187
0,[],22,[],2019-04-25 02:54:07,0.0,0,0,7447896,2019-04-25 02:54:07,,7.54794454,0.0,0,,76361.7243344055,0.0,0.0,191
0,[],22,[],2019-06-17 14:33:34,0.0,0,0,7740182,2019-06-17 14:33:34,,0.0,0.0,0,,0.0,0.0,0.0,197
0,[],23,[],2019-01-20 23:31:41,0.0,0,0,6477079,2019-01-20 23:31:41,,0.0,0.0,0,,0.0,0.0,0.0,199
0,[],22,[],2019-07-03 11:29:29,0.0,0,0,7791451,2019-07-03 11:29:29,,10.58263174,0.0,0,,84280969.0,0.0,0.0,199
1,[],26,[],2019-07-03 11:29:29,0.0,0.00000000,0,7791452,2019-07-03 11:29:29,btc,0.0,0.0,0.00000000,btc,0.0,0.0,0.0,199
0,[],2,[],2019-01-20 23:30:49,0.0,0,0,6477059,2019-01-20 23:30:49,,0.0,0.0,0,,0.0,0.0,0.0,201
1,[],4,[],2019-01-25 15:51:35,2084389.58565343,0.00000936,0.000000000333526752,6499557,2019-01-25 15:51:35,btc,2.0092503037378524,0.0,0.00000936,btc,160195.80207885,0.19272417,1.242687955921835,211
1,[],7,[],2019-07-01 02:21:28,1170054124.6898527,0.00000018,0.000000000019815389999999997,7782694,2019-07-01 02:21:28,btc,1346735.6331920293,0.0,0.00000018,btc,5516233.71348162,0.0,11.954344045954047,212
1,[],12,[],2019-01-25 02:44:32,207462.42853209,0.000001080000000000000035831255497387193287295303889550268650054931640625,0.000000000038610756000000006,6493050,2019-01-25 02:44:32,btc,85023.03793723314,0.0,0.000001080000000000000035831255497387193287295303889550268650054931640625,btc,43675.73520027,0.000146250909087,0.0348620860622024,213
1,[],5,[],2019-05-30 00:07:46,0.0,0,0,7709357,2019-05-30 00:07:46,btc,0.0,0.06425239,0,btc,0.0,0.0,0.0,213
1,[],24,[],2019-05-30 00:07:46,0.0,0.000000399202,0.0000000000344859829346,7709358,2019-05-30 00:07:46,btc,0.0,0.0,0.000000399202,btc,0.0,0.0,0.0,213
1,[],26,[],2019-05-30 00:07:47,0.0,0.00000040,0.000000000034554919999999996,7709359,2019-05-30 00:07:47,btc,0.0,0.0,0.00000040,btc,0.0,0.0,0.0,213
0,[],22,[],2019-07-03 11:29:35,0.0,0,0,7791453,2019-07-03 11:29:35,,9.54523049,0.0,0,,3658586.2040649247,0.0,0.0,216
0,[],27,[],2019-07-03 11:29:41,0.0,0,0,7791454,2019-07-03 11:29:41,,1998.7946791893976,0.0,0,"btc,ltc",546678.29534794,0.0,0.0,216
1,[],22,[],2019-07-03 11:29:45,527913.3,0.0000002,0.00000000002268552,7791455,2019-07-03 11:29:45,BTC,12055.865307,0.0,0.0000002,BTC,590916.1352334714,0.00192488,0.03757044,217
0,[],27,[],2019-07-03 11:29:50,0.0,0,0,7791456,2019-07-03 11:29:50,,250.20642758069673,0.0,0,btc,46772.535837,0.0,0.0,219
0.000000000000002936,[],28,[],2019-07-03 11:30:00,3312820234.054,6.629488e-19,7.519669130688e-23,7791457,2019-07-03 11:30:00,doge,125846.04510800431,7347.0,0.00022580,"btc,doge",120666781.230909,0.0,2.5721960136387074e-11,219
1,[],7,[],2019-06-27 19:02:35,0.0,0,0,7772298,2019-06-27 19:02:35,btc,2123800.2774640615,0.0,0,btc,82333746.4752352,0.0,0.0,219
0,[],22,[],2019-06-26 23:36:41,0.0,0,0,7769178,2019-06-26 23:36:41,,56.75439223,0.0,0,,184664.6482738741,0.0,0.0,221
1,[],24,[],2019-06-26 23:36:41,0.0,0.000000030000,0.000000000003835668,7769179,2019-06-26 23:36:41,btc,0.0,0.0,0.000000030000,btc,0.0,0.0,0.0,221
1,[],20,[],2019-06-17 14:34:11,26882155.8301,0.000000003,0.000000000000278742,7740192,2019-06-17 14:34:11,btc,100050.81956632523,233521.3529,0.000000003,btc,38769742.8604,0.0007925640587,0.0306863532672,224
0,[],22,[],2019-06-17 14:34:13,0.0,0,0,7740193,2019-06-17 14:34:13,,0.0,0.0,0,,0.0,0.0,0.0,224
1,[],26,[],2019-07-03 11:30:01,0.0,0.00000022,0.000000000024954072,7791458,2019-07-03 11:30:01,btc,0.0,0.0,0.00000022,btc,0.0,0.0,0.0,231
1,[],26,[],2019-07-03 11:30:01,0.0,0.00000005,0.00000000000567138,7791459,2019-07-03 11:30:01,btc,0.0,0.0,0.00000005,btc,0.0,0.0,0.0,234
0.00000000025951120000000004,[],27,[],2019-07-03 11:30:09,100.0,2.595112e-18,2.943573258912e-22,7791460,2019-07-03 11:30:09,eth,0.0,0.0,0.00000001,"btc,eth",0.0,0.0,2.5951120000000003e-16,234
1,[],4,[],2019-05-22 17:06:12,91780.56053785,0.00000078,0.000000000061977552,7669277,2019-05-22 17:06:12,btc,5.573372450018177,0.0,0.00000078,btc,729173.93529783,0.0,0.0307060663355679,236
1,[],24,[],2019-05-22 17:06:12,0.0,0.000000010000,0.000000000000794584,7669278,2019-05-22 17:06:12,btc,0.0,0.0,0.000000010000,btc,0.0,0.0,0.0,236
1,[],5,[],2019-07-03 11:30:11,0.0,0,0,7791461,2019-07-03 11:30:11,btc,0.0,0.23162532,0,btc,0.0,0.0,0.0,237
1,[],20,[],2019-07-03 11:30:13,127852102.6804,0.000000058,0.000000000006578800800000001,7791462,2019-07-03 11:30:13,btc,549.2169065152445,13039342.5586,0.000000058,btc,43494770.0744,0.7682085165064,0.8373168843804,237
1,[],22,[],2019-07-03 11:30:17,2092139.0,0.00000004,0.000000000004537104,7791463,2019-07-03 11:30:17,BTC,1.20532722,0.0,0.00000004,"BTC,LTC",74830.94871794872,0.00091591,0.02706123,237
1,[],4,[],2019-07-03 11:30:19,29381881.05634216,0.00000005,0.00000000000567138,7791464,2019-07-03 11:30:19,btc,3.0081040067820477,0.0,0.00000005,btc,14794628.99284206,0.229147,0.5182658270890708,238
1,[],5,[],2019-07-03 11:30:21,0.0,0,0,7791465,2019-07-03 11:30:21,btc,0.0,0.0136156,0,btc,0.0,0.0,0.0,238
0,[],22,[],2019-03-12 16:49:32,0.0,0,0,6914458,2019-03-12 16:49:32,,0.40415746,0.0,0,,526736.5639027493,0.0,0.0,249
0,[],22,[],2019-05-28 23:53:45,0.0,0,0,7703643,2019-05-28 23:53:45,,13.44714864,0.0,0,,43777534.3426455,0.0,0.0,252
1,[],28,[],2019-07-03 11:30:29,1008583.88,0.00000005,0.00000000000567138,7791466,2019-07-03 11:30:29,btc,3.54428370352,212189.9,0.00000005,btc,4970725.5854,0.0,0.032246389,256
1,[],22,[],2019-07-03 11:30:34,476305.0,0.00000001,0.000000000001134276,7791467,2019-07-03 11:30:34,BTC,31471.48545886,0.0,0.00000001,"BTC,LTC",1168542.0289488921,5.138e-05,0.00716305,258
1,[],22,[],2019-05-19 18:12:02,400.0,0.00000001,0.0000000000007957800000000001,7653905,2019-05-19 18:12:02,BTC,2.415167,0.0,0.00000001,BTC,157.0,0.0,4e-06,259
1,[],5,[],2019-07-02 14:44:15,0.0,0,0,7788374,2019-07-02 14:44:15,btc,0.0,0.02775788,0,btc,0.0,0.0,0.0,264
1,[],20,[],2019-07-02 14:44:17,953070.9962,0.000000178,0.000000000017956461999999998,7788375,2019-07-02 14:44:17,btc,1.1507330656826,14313.4023,0.000000178,btc,65222.866,0.0046947959544,0.0049363258649,264
0,[],22,[],2019-04-12 17:57:27,0.0,0,0,7278186,2019-04-12 17:57:27,,66.37522201,0.0,0,,677842.4169881374,0.0,0.0,271
0,[],22,[],2019-07-03 11:30:37,0.0,0,0,7791468,2019-07-03 11:30:37,,33050469.74148113,0.0,0,,14261527780.7,0.0,0.0,272
0.000000000000002936,[],28,[],2019-07-03 11:30:45,304408095501.712,5.284799999999999e-22,5.9944218048e-26,7791469,2019-07-03 11:30:45,doge,70642685.44105321,150011111.0,0.00000018,doge,227839107792.3654,0.0,6.65444456482632e-11,272
1,[],22,[],2019-05-23 07:12:29,219930.0,0.00000004,0.000000000003048688,7671985,2019-05-23 07:12:29,BTC,426.77835217,0.0,0.00000004,BTC,248664.3325962929,0.0,0.00739728,281
1,[],22,[],2019-07-02 18:15:29,1409605.9,0.00000002,0.000000000002147082,7789011,2019-07-02 18:15:29,BTC,7.87630805,0.0,0.00000002,"BTC,LTC",1137979.797623037,0.00674692,0.02432534,286
0,[],22,[],2019-06-17 14:34:53,0.0,0,0,7740207,2019-06-17 14:34:53,,7337915.80475575,0.0,0,,2078527309.6797826,0.0,0.0,294
