pairValue,buyBook,exchangeId,sellBook,updated,buyTotal,satoshiPrice,usdPrice,exchangeLogId,created,bestPair,sellTotalBtc,volume,pairPrice,activePairs,sellTotal,volumeBtc,buyTotalBtc,coinId
1,[],5,[],2019-02-14 22:50:07,0.27205952,0.01291979,0.000000464067228989,6670080,2019-02-14 22:50:07,btc,14578.74614952,0.88506253,0.01291979,btc,35555556.21867315,0.0,2.29662705,1
1,[],10,[],2019-02-14 22:50:09,414345.38252591,0.01110002,0.000000398702728382,6670081,2019-02-14 22:50:09,btc,6525.734075923485,1506.61098563,0.01110002,btc,1091.81861442,0.0,5.24079684806192,1
1,[],12,[],2019-02-14 22:50:11,10454.57276234,0.01307000000000000002053912595556539599783718585968017578125,0.000000469462637,6670082,2019-02-14 22:50:11,btc,0.338897181512,0.0,0.01307000000000000002053912595556539599783718585968017578125,btc,18.74278579,2.9654855314153,0.4503404553061,1
1,[],20,[],2019-02-14 22:50:13,1152.1903,0.010500212,0.0000003771581648492,6670083,2019-02-14 22:50:13,btc,0.0573537536243,0.0,0.010500212,btc,2.5253,0.0,0.1009221821981,1
1,[],21,[],2019-02-14 22:50:13,2466.83343367,0.01301789000000000071088912534,0.000000467590892699,6670084,2019-02-14 22:50:13,btc,28.800531498438385,5176.504654509999,0.0130178900000000007108891253437832347117364406585693359375,"btc,eth",2713.70451401,59.31503185713185,22.59476562753399,1
1,[],22,[],2019-02-14 22:50:21,0.0280576,0.01350000,0.00000048490785,6670085,2019-02-14 22:50:21,BTC,0.3139634,0.0,0.01350000,BTC,0.10070366666666666,0.0,0.00036518,1
1,[],24,[],2019-02-14 22:50:21,0.0,0.000000000000,0,6670086,2019-02-14 22:50:21,btc,0.0,0.0,0.000000000000,btc,0.0,0.0,0.0,1
0.0,[],25,[],2019-02-14 22:50:22,0.0,0,0,6670087,2019-02-14 22:50:22,btc,25.58999999719599,544.18868729,0.0,btc,1917.94134577,7.1793,0.0,1
1,[],26,[],2019-02-14 22:50:32,0.0,0,0,6670088,2019-02-14 22:50:32,,0.0,0.0,0,,0.0,0.0,0.0,1
1,[],28,[],2019-02-14 22:50:35,992.968,0.01231000,0.000000442164121,6670089,2019-02-14 22:50:35,btc,0.162839806,17806.35,0.01231000,btc,8.9,0.0,0.086870176,1
0,[],2,[],2019-01-20 23:28:45,0.0,0,0,6477011,2019-01-20 23:28:45,,0.0,0.0,0,,0.0,0.0,0.0,1
1,[],3,[],2019-02-14 22:50:04,139.484662664091,0.0130091100000000008118927752320814761333167552947998046875,0.00000046727552300100003,6670078,2019-02-14 22:50:04,btc,107.06967327331634,0.96346156,0.0130091100000000008118927752320814761333167552947998046875,btc,21.734381207751,0.0,0.39838690128897564,1
1,[],4,[],2019-02-14 22:50:05,145.43841999,0.01320001,0.00000047413247919099996,6670079,2019-02-14 22:50:05,btc,0.9034649895184454,0.0,0.01320001,btc,64.91238825,1.08011878,1.8217729052902734,1
1,[],5,[],2019-02-14 22:50:36,1.838e-05,0.00000071,0.000000000025502561,6670090,2019-02-14 22:50:36,btc,0.1271207,0.00989068,0.00000071,btc,6.37e-05,0.0,0.27547064,2
0,[],22,[],2019-02-14 22:50:45,0.0,0,0,6670091,2019-02-14 22:50:45,,0.0,0.0,0,,0.0,0.0,0.0,2
1,[],5,[],2019-02-14 22:50:47,1.29e-06,0.00000017,0.000000000006106247,6670092,2019-02-14 22:50:47,btc,4.31646634,0.02640696,0.00000017,btc,2.278e-05,0.0,3.60431909,3
1,[],12,[],2019-02-14 22:50:48,12375875.05064995,0.00000017,0.000000000006106247,6670093,2019-02-14 22:50:48,btc,924229.9948664521,0.0,0.00000017,btc,7926305.1438688,0.04476103222925951,0.5353261425197248,3
0,[],28,[],2019-02-14 22:50:50,0.0,0,0,6670094,2019-02-14 22:50:50,,0.0,0.0,0,,0.0,0.0,0.0,3
0,[],2,[],2019-01-20 23:31:32,0.0,0,0,6477077,2019-01-20 23:31:32,,0.0,0.0,0,,0.0,0.0,0.0,4
1,[],4,[],2019-02-14 22:31:47,370698.91903058,0.00000034,0.000000000012234492000000001,6669699,2019-02-14 22:31:47,btc,0.3453561111398395,0.0,0.00000034,btc,323829.14969384,0.00060629,0.0452380200652495,4
1,[],12,[],2019-02-14 17:26:54,1405077.5219999999,0.00000004,0.000000000001441592,6666503,2019-02-14 17:26:54,btc,11113878.38315974,0.0,0.00000004,btc,1084186.13790569,0.0004039437362635,0.02355927044,5
1,[],11,[],2019-02-14 22:50:52,2564085.5,0.00000002,0.000000000000718382,6670095,2019-02-14 22:50:52,btc,9433.275211330583,658096.333333,0.00000002,btc,39464987.81962851,0.0,0.042791405,6
0,[],2,[],2019-01-20 23:31:51,0.0,0,0,6477087,2019-01-20 23:31:51,,0.0,0.0,0,,0.0,0.0,0.0,6
1,[],3,[],2019-02-14 22:50:52,1074.273146428111,0.00014521000000000000053346216333238771767355501651763916015625,0.000000005215812511,6670096,2019-02-14 22:50:52,btc,28.399990609446498,0.0,0.00014521000000000000053346216333238771767355501651763916015625,btc,235.145665820227,0.0,0.031531977816658056,7
1,[],4,[],2019-02-14 22:50:53,26900.4714706,0.00022502,0.000000008082515882,6670097,2019-02-14 22:50:53,btc,1.7349144145262294,0.0,0.00022502,btc,6776.69863405,9.50339962,5.446062232645074,7
1,[],5,[],2019-02-14 22:50:55,0.00617535,0.00021243,0.000000007630294413,6670098,2019-02-14 22:50:55,btc,1.88590722,0.5014881,0.00021243,btc,0.01319057,0.0,2.0607709,7
1,[],20,[],2019-02-14 22:40:16,43516494.8418,0.000000001,0.0000000000000359582,6669905,2019-02-14 22:40:16,btc,116.5827776391263,20000.0,0.000000001,btc,29035064.8892,2e-05,0.0435164948418,8
1,[],1,[],2019-02-14 22:50:56,1563347.14,0.000001799999999999999918546601286595265634105089702643454074859619140625,0.00000000006465438,6670099,2019-02-14 22:50:56,btc,1.5551914234,21221539.41,0.000001799999999999999918546601286595265634105089702643454074859619140625,btc,851849.64,38.56840394,2.7751032762,9
1,[],4,[],2019-02-14 22:50:57,235777.1804776,0.00000183,0.000000000065731953,6670100,2019-02-14 22:50:57,btc,0.6337577915475573,0.0,0.00000183,btc,330549.50788803,1.38849355,0.4022683428784762,9
1,[],28,[],2019-02-14 22:50:58,43335.0,0.00000167,0.000000000059984897,6670101,2019-02-14 22:50:58,btc,2708.76119522,3622114.0,0.00000167,btc,11732.68,0.0,0.04320645,9
0,[],2,[],2019-01-20 23:22:42,0.0,0,0,6476876,2019-01-20 23:22:42,,0.0,0.0,0,,0.0,0.0,0.0,9
0,[],23,[],2019-01-20 23:22:48,0.0,0,0,6476878,2019-01-20 23:22:48,,0.0,0.0,0,,0.0,0.0,0.0,9
1,[],4,[],2019-02-10 09:54:02,5828483.02026053,0.00000002,0.000000000000726692,6623074,2019-02-10 09:54:02,btc,0.2014004865591215,0.0,0.00000002,btc,4198675.28035349,0.00021932,0.0653957035452106,10
1,[],4,[],2019-02-14 22:51:00,1632333.45106992,0.00000177,0.000000000063576807,6670102,2019-02-14 22:51:00,btc,1.175093554252292,0.0,0.00000177,btc,617503.19997288,6.93301561,2.5955000971490034,12
1,[],5,[],2019-02-14 22:51:03,3.252e-05,0.00000153,0.000000000054956223,6670103,2019-02-14 22:51:03,btc,0.4201028,0.68508602,0.00000153,btc,0.00012317,0.0,0.18728864,12
0.0,[],25,[],2019-02-14 22:51:04,0.0,0,0,6670104,2019-02-14 22:51:04,,0.0,0.0,0.0,btc,0.0,0.0,0.0,12
0,[],2,[],2019-01-20 23:23:08,0.0,0,0,6476890,2019-01-20 23:23:08,,0.0,0.0,0,,0.0,0.0,0.0,12
1,[],4,[],2019-02-14 22:51:05,1352723.92130661,0.00000662,0.000000000237784442,6670105,2019-02-14 22:51:05,btc,0.952882179700062,0.0,0.00000662,btc,133914.7912286,0.76706448,1.6124738535683378,13
1,[],21,[],2019-02-14 22:51:08,970169.440686,0.000006710000000000000130464215820,0.000000000241017161,6670106,2019-02-14 22:51:08,btc,9.04706863069661,2505431.54119194,0.000006710000000000000130464215819525719552984810434281826019287109375,btc,1136360.89571754,17.32939649,5.921539212454272,13
1,[],10,[],2019-02-14 21:39:58,452013.28563076,0.00000611,0.000000000219502361,6669136,2019-02-14 21:39:58,btc,666805.4430007756,8280.53556538,0.00000611,btc,724656.88246115,0.0,0.4080345061773576,13
1,[],4,[],2019-02-14 22:51:09,1001387.57266826,0.00000144,0.000000000051723504,6670107,2019-02-14 22:51:09,btc,0.1530326024182426,0.0,0.00000144,btc,77414.60241446,0.03129709,0.4303236725436072,14
1,[],12,[],2019-02-14 22:51:10,85552.2231405,0.000001260000000000000006510091944689211373997750342823565006256103515625,0.000000000045258066,6670108,2019-02-14 22:51:10,btc,2.776466693906632,0.0,0.000001260000000000000006510091944689211373997750342823565006256103515625,btc,30207.37033352,7.06270129932e-05,0.009355660000005,14
1,[],26,[],2019-02-14 22:51:21,0.0,0.00000050,0.00000000001795955,6670109,2019-02-14 22:51:21,btc,0.0,0.0,0.00000050,btc,0.0,0.0,0.0,14
0,[],17,[],2019-02-14 22:40:32,0.0,0,0,6669916,2019-02-14 22:40:32,btc,0.0,0.0,0,btc,0.0,0.0,0.0,14
0,[],4,[],2019-02-14 22:51:21,0.0,0,0,6670110,2019-02-14 22:51:21,,0.0,0.0,0,,0.0,0.0,0.0,15
,[],12,[],2018-12-01 15:15:48,204241.84496,0.00000489,0.000000000202473384,5260204,2018-12-01 15:15:48,btc,49.5475654835,0.0,,btc,35763.2193806,0.0163153972027625,0.0203389899998,15
1,[],4,[],2019-02-14 22:51:23,27268.20763676,0.00001816,0.000000000652290856,6670111,2019-02-14 22:51:23,btc,2.2119120439791713,0.0,0.00001816,btc,7359.65610066,0.0103347,0.1065442393620387,18
1,[],10,[],2019-02-14 22:51:24,790736.9322476,0.00001769,0.0000000006354088789999999,6670112,2019-02-14 22:51:24,btc,15.534651342856288,7931.12005423,0.00001769,btc,10380.70076343,0.0,0.3123284708520774,18
1,[],12,[],2019-02-14 22:51:26,204661.22442168,0.0000180099999999999986662058137909525612485595047473907470703125,0.0000000006469029909999999,6670113,2019-02-14 22:51:26,btc,22.612015797544554,0.0,0.0000180099999999999986662058137909525612485595047473907470703125,btc,1865.92947713,0.0024090010624812,0.0403902242753698,18
0,[],17,[],2019-02-14 22:51:29,0.0,0,0,6670114,2019-02-14 22:51:29,btc,0.0,0.0,0,btc,0.0,0.0,0.0,18
0,[],2,[],2019-01-20 23:23:38,0.0,0,0,6476906,2019-01-20 23:23:38,,0.0,0.0,0,,0.0,0.0,0.0,18
1,[],3,[],2019-02-14 22:51:30,132670.31553729682,0.00002623000000000000128002643207114630286014289595186710357666015625,0.000000000942157993,6670115,2019-02-14 22:51:30,btc,0.5557920841850755,25.2229796154,0.00002623000000000000128002643207114630286014289595186710357666015625,btc,5750.707121982506,0.0,0.17838505512241606,19
1,[],4,[],2019-02-14 22:51:32,264038.86898098,0.00002817,0.000000001011841047,6670116,2019-02-14 22:51:32,btc,0.291835314082409,0.0,0.00002817,btc,9312.44907022,1.51174396,2.2797751777134527,19
1,[],5,[],2019-02-14 22:51:33,0.00022675,0.00002405,0.000000000863854355,6670117,2019-02-14 22:51:33,btc,0.23821343,3.995e-05,0.00002405,btc,0.00298085,0.0,0.07709546,19
1,[],12,[],2019-02-14 22:51:34,134949.7937555,0.00002275000000000000071752499775090683442613226361572742462158203125,0.0000000008171595250000001,6670118,2019-02-14 22:51:34,btc,0.029516112355662802,0.0,0.00002275000000000000071752499775090683442613226361572742462158203125,btc,294.66393647,2.312e-05,0.03257791000007,19
0,[],27,[],2019-02-14 22:51:36,0.0,0,0,6670119,2019-02-14 22:51:36,,0.0,0.0,0,btc,0.0,0.0,0.0,19
0,[],2,[],2019-01-20 23:24:19,0.0,0,0,6476924,2019-01-20 23:24:19,,0.0,0.0,0,,0.0,0.0,0.0,19
1,[],4,[],2019-02-14 22:51:37,8105964.88270166,0.00000014,0.000000000005028674,6670120,2019-02-14 22:51:37,btc,0.7661869636079469,0.0,0.00000014,btc,1592129.81470972,0.00115096,0.2633208437753649,20
1,[],4,[],2019-02-14 22:51:38,112550122.70223545,0.00000002,0.000000000000718382,6670121,2019-02-14 22:51:38,btc,0.5333931577140325,0.0,0.00000002,btc,15205243.25737738,0.02025835,1.2888428979253495,21
1,[],12,[],2019-02-14 22:51:39,17376826.0,0.00000002,0.000000000000718382,6670122,2019-02-14 22:51:39,btc,669.7041376091021,0.0,0.00000002,btc,8561386.84915352,0.00616771994006,0.2197768,21
0,[],17,[],2019-02-14 22:42:49,0.0,0,0,6669930,2019-02-14 22:42:49,btc,0.0,0.0,0,btc,0.0,0.0,0.0,21
1,[],12,[],2019-02-14 22:51:51,2951306853.043896,0.0000000002,0.000000000000007183820000000001,6670123,2019-02-14 22:51:51,btc,830864729347.1504,0.0,0.0000000002,btc,4236630736.055146,0.004469185213786488,0.3409444108555898,23
0,[],27,[],2019-02-14 22:51:53,0.0,0,0,6670124,2019-02-14 22:51:53,,0.7240921565934114,0.0,0,eth,727098.85514486,0.0,0.0,23
1,[],4,[],2019-02-14 22:51:54,380738.75101325,0.00000064,0.000000000022988224,6670125,2019-02-14 22:51:54,btc,0.1980295063936077,0.0,0.00000064,btc,190335.26282898,0.0,0.1915544977729006,24
1,[],22,[],2019-02-14 22:52:05,11.76,0.00000100,0.0000000000359191,6670126,2019-02-14 22:52:05,BTC,7.415e-05,0.0,0.00000100,BTC,23.919354838709676,0.0,1.176e-05,24
0.0,[],25,[],2019-02-14 22:52:06,0.0,0,0,6670127,2019-02-14 22:52:06,,0.0,0.0,0.0,btc,0.0,0.0,0.0,24
1,[],4,[],2019-02-14 22:52:07,26995173.21590958,0.00000604,0.000000000216951364,6670128,2019-02-14 22:52:07,btc,0.5104448872427375,0.0,0.00000604,btc,41964.38149306,0.07106395,0.4225524578137596,26
1,[],10,[],2019-02-14 22:52:10,736961.09396857,0.0000054,0.00000000019396314,6670129,2019-02-14 22:52:10,btc,25.93587368743286,0.0,0.0000054,btc,15824.17466294,0.0,0.2264879136744379,26
0,[],2,[],2019-01-20 23:25:56,0.0,0,0,6476976,2019-01-20 23:25:56,,0.0,0.0,0,,0.0,0.0,0.0,26
1,[],3,[],2019-02-14 22:43:11,5689817.95913569,0.00000001,0.000000000000359582,6669936,2019-02-14 22:43:11,btc,2.465110833115142,927920.026732,0.00000001,btc,16342109.50389399,0.0,0.0568981795913569,27
1,[],5,[],2019-02-14 22:43:13,1e-08,0.00000001,0.000000000000359582,6669937,2019-02-14 22:43:13,btc,1.5983649,0.00015547,0.00000001,btc,4.345e-05,0.0,0.09881521,27
1,[],11,[],2019-02-14 22:43:14,10063976.7912115,0.00000005,0.00000000000179791,6669938,2019-02-14 22:43:14,btc,370.6338154222541,8080.0,0.00000005,btc,8170841.5693934,0.0,0.4660996184459823,27
1,[],4,[],2019-02-14 22:52:12,572293532.9855806,0.00000002,0.000000000000718382,6670130,2019-02-14 22:52:12,btc,0.2966589906619755,0.0,0.00000002,"btc,ltc",22154340.39261608,0.24208176,8.65344188693478,29
1,[],7,[],2019-02-14 22:52:13,28994923.22404746,0.00000002,0.000000000000718382,6670131,2019-02-14 22:52:13,btc,44465226.10141032,75224.2470436,0.00000002,btc,55559193.57204453,0.0,0.4250735280447115,29
1,[],4,[],2019-02-14 22:43:18,1526804.7510279,0.00000027,0.000000000009708714,6669941,2019-02-14 22:43:18,btc,0.1656058820851426,0.0,0.00000027,btc,369004.98141685,0.00479513,0.1194540886166476,30
0,[],17,[],2019-02-14 22:33:06,0.0,0,0,6669744,2019-02-14 22:33:06,btc,0.0,0.0,0,btc,0.0,0.0,0.0,30
1,[],4,[],2019-02-14 22:52:14,35917.20299679,0.00007481,0.000000002687107871,6670132,2019-02-14 22:52:14,btc,1.7209548246680182,0.0,0.00007481,btc,21421.50864359,1.40455684,2.2565076909035984,31
1,[],21,[],2019-02-14 22:52:15,63654.66195746,0.00007370000000000000248828735394,0.0000000026472376700000002,6670133,2019-02-14 22:52:15,btc,3.697047740591961,154289.083956,0.000073700000000000002488287353941132096224464476108551025390625,btc,45590.07470942,11.16922236,4.425553540652837,31
0,[],2,[],2019-01-20 23:28:43,0.0,0,0,6477009,2019-01-20 23:28:43,,0.0,0.0,0,,0.0,0.0,0.0,32
1,[],4,[],2019-02-14 22:52:16,147369056.74944687,0.00000005,0.0000000000017959549999999999,6670134,2019-02-14 22:52:16,btc,2.1937775517597404,0.0,0.00000005,"btc,ltc",46165123.8297796,0.65194751,2.6088164114281756,33
1,[],12,[],2019-02-14 22:52:17,12134706.0,0.00000005,0.0000000000017959549999999999,6670135,2019-02-14 22:52:17,btc,34509922.11288259,0.0,0.00000005,btc,89082635.07892089,0.0018361199795714,0.37099933,33
1,[],4,[],2019-02-14 22:52:19,134811518.37513936,0.00000001,0.000000000000359191,6670136,2019-02-14 22:52:19,btc,1.0402712026403031,0.0,0.00000001,btc,41639911.23332942,0.00555472,1.3481151837513936,34
1,[],5,[],2019-02-14 22:52:20,1e-08,0.00000001,0.000000000000359191,6670137,2019-02-14 22:52:20,btc,5.08065836,0.00254099,0.00000001,btc,1.343e-05,0.0,0.85476575,34
0.00000000011561709999999999,[],4,[],2019-02-14 22:52:21,1060942158.7767,2.312342e-18,8.305724353219999e-23,6670138,2019-02-14 22:52:21,ltc,1.1097804047351094e-08,0.0,0.00000002,ltc,2275167877.0760617,0.0,1.8264116188754718e-09,36
1,[],5,[],2019-02-14 22:52:23,0.0,0,0,6670139,2019-02-14 22:52:23,btc,197.5385629,0.0,0,btc,1.325e-05,0.0,0.0,36
0,[],27,[],2019-02-14 22:52:37,0.0,0,0,6670140,2019-02-14 22:52:37,,230.02189618271,48.0,0,"ltc,eth",3708919.3029,8.1057552624e-14,0.0,36
0,[],17,[],2019-02-14 22:43:39,0.0,0,0,6669950,2019-02-14 22:43:39,btc,0.14155809872070943,0.0,0,btc,10796613.27743647,0.0,0.0,36
1,[],4,[],2019-02-14 22:43:42,233666.87816356,0.00000107,0.000000000038475274000000005,6669952,2019-02-14 22:43:42,btc,0.4119883400963135,0.0,0.00000107,btc,245457.60133811,0.03584122,0.1152604509210277,37
1,[],12,[],2019-02-14 22:43:43,408602.79153227,0.00000119999999999999994569773419106351042273672646842896938323974609375,0.00000000004314984,6669953,2019-02-14 22:43:43,btc,1364.036163626133,0.0,0.00000119999999999999994569773419106351042273672646842896938323974609375,btc,681334.78001679,0.1416518029449555,0.1790545977686158,37
1,[],27,[],2019-02-14 22:43:56,14852.0,0.0000005,0.0000000000179791,6669954,2019-02-14 22:43:56,btc,26.73595537911233,0.0,0.0000005,btc,6579.81438508,0.0,0.00488022,37
1,[],17,[],2019-02-14 22:33:46,1752.74075282,0.00000025,0.00000000000899595,6669756,2019-02-14 22:33:46,btc,0.055484923777095005,0.0,0.00000025,btc,1319.19918473,0.0,0.00043818518820499993,37
1,[],5,[],2019-02-14 22:52:38,1.474e-05,0.00000096,0.000000000034482336,6670141,2019-02-14 22:52:38,btc,0.09645121,0.118015,0.00000096,btc,9.972e-05,0.0,0.0438156,42
1,[],12,[],2019-02-14 22:52:39,125710.78996865,0.00000089,0.000000000031967998999999996,6670142,2019-02-14 22:52:39,btc,92.91256436712335,0.0,0.00000089,btc,93272.75753696,0.0100335804769684,0.0436401364367801,42
0,[],27,[],2019-02-14 22:52:42,0.0,0,0,6670143,2019-02-14 22:52:42,,0.00315028,0.0,0,"btc,eth",11.007,0.0,0.0,42
1,[],5,[],2019-02-14 22:44:03,3e-08,0.00000002,0.000000000000719164,6669958,2019-02-14 22:44:03,btc,6.16328141,0.0502192,0.00000002,btc,1.375e-05,0.0,0.5744076,43
1,[],12,[],2019-02-14 22:44:04,3873669.0,0.00000001,0.000000000000359582,6669959,2019-02-14 22:44:04,btc,20007457.492715273,0.0,0.00000001,btc,38975764.459940016,4.9150849154e-06,0.038736690000000004,43
0,[],17,[],2019-02-14 22:33:55,0.0,0,0,6669763,2019-02-14 22:33:55,btc,0.0,0.0,0,btc,0.0,0.0,0.0,43
1,[],12,[],2019-02-14 22:44:16,757185.335,0.00000006,0.000000000002157492,6669960,2019-02-14 22:44:16,btc,11115166.86774579,0.0,0.00000006,btc,1020575.14385612,0.0010983935064942,0.0213062001,44
1,[],4,[],2019-02-14 22:52:43,225345901.45256406,0.00000002,0.000000000000718382,6670144,2019-02-14 22:52:43,btc,0.17703390607489225,0.0,0.00000002,"btc,ltc",4432601.13877993,0.00299403,0.4308451450313286,49
0.0000000001155916,[],4,[],2019-02-14 22:44:17,1707038651.6184578,1.155916e-18,4.1564658711200007e-23,6669962,2019-02-14 22:44:17,ltc,4.64517350857719,0.0,0.00000001,ltc,3769439558.9474792,0.0,1.9731932900242015e-09,52
0,[],22,[],2019-02-14 22:52:46,0.0,0,0,6670145,2019-02-14 22:52:46,,8108.82526305,0.0,0,,262741443.67882353,0.0,0.0,57
0,[],27,[],2019-02-14 22:52:49,0.0,0,0,6670146,2019-02-14 22:52:49,,0.0,0.0,0,"btc,eth",0.0,0.0,0.0,57
0.00000000011561709999999999,[],4,[],2019-02-14 22:52:50,1143858999.174188,4.624684e-18,1.6611448706439998e-22,6670147,2019-02-14 22:52:50,ltc,3.2722090018310355,0.0,0.00000004,ltc,800377028.4358559,0.005,3.3003574034362956e-09,58
1,[],12,[],2019-02-14 22:52:51,1882960310.843957,0.0000000005,0.000000000000017959550000000002,6670148,2019-02-14 22:52:51,btc,724045490484.4823,0.0,0.0000000005,btc,3700337499.5377674,0.002254322835164838,0.6565380485011392,58
0,[],17,[],2019-02-14 22:52:53,0.0,0,0,6670149,2019-02-14 22:52:53,btc,1e+24,0.0,0,btc,41401875.8285055,0.0,0.0,58
0.000000000130493,[],22,[],2019-02-14 22:52:56,137438.0,1.30493e-18,4.6871911163e-23,6670150,2019-02-14 22:52:56,XMR,69.8835922,0.0,0.00000001,XMR,9887963.0,0.0,0.00137438,58
1,[],5,[],2019-02-14 22:52:58,7.52e-06,0.00000073,0.000000000026220943,6670151,2019-02-14 22:52:58,btc,0.17648789,0.12474693,0.00000073,btc,6.843e-05,0.0,0.19707388,61
1,[],22,[],2019-02-14 22:53:02,5149.5,0.00000011,0.000000000003951101,6670152,2019-02-14 22:53:02,BTC,1002.29598212,0.0,0.00000011,BTC,14957.700278135757,0.0,0.00051596,61
1,[],26,[],2019-02-14 22:53:02,0.0,0.00000800,0.0000000002873528,6670153,2019-02-14 22:53:02,btc,0.0,0.0,0.00000800,btc,0.0,0.0,0.0,61
1,[],27,[],2019-02-14 22:53:04,10403.8823,0.00000034,0.000000000012212494,6670154,2019-02-14 22:53:04,btc,9.940816276931693,600.57125583,0.00000034,"btc,eth",15657.09679279,2.4088003933878002e-11,0.0006378899836970271,61
1,[],28,[],2019-02-14 22:53:06,19894.304,0.00000091,0.000000000032686381,6670155,2019-02-14 22:53:06,btc,2.056370093700105,811.89,0.00000091,btc,9767.52450005,0.0,0.00993521304,61
1,[],4,[],2019-02-14 16:29:13,423586.62355624,0.00000280,0.00000000010071712000000001,6665987,2019-02-14 16:29:13,btc,1.198498264941767,0.0,0.00000280,btc,292634.72753987,0.06799725,0.8161931156508594,67
0.0,[],25,[],2019-02-14 16:29:15,0.0,0,0,6665988,2019-02-14 16:29:15,,0.0,0.0,0.0,btc,0.0,0.0,0.0,67
1,[],12,[],2019-02-14 22:53:07,3876606.99677777,0.00000017,0.000000000006106247,6670156,2019-02-14 22:53:07,btc,11116066.452336792,0.0,0.00000017,btc,1952068.25999196,0.006449008671333,0.1848002064411104,71
,[],5,[],2018-11-20 23:02:39,1.5e-07,0.00000005,0.000000000002128045,4862160,2018-11-20 23:02:39,btc,2.84511358,0.0,,btc,0.00036572,0.0,0.07381892,74
1,[],5,[],2019-02-14 22:45:24,3.049e-05,0.00000156,0.000000000056094792000000004,6669974,2019-02-14 22:45:24,btc,1.5424315,0.0,0.00000156,btc,0.00016981,0.0,0.30484564,75
1,[],4,[],2019-02-14 22:53:08,29738604.75692337,0.00000001,0.000000000000359191,6670157,2019-02-14 22:53:08,btc,0.7668881456247842,0.0,0.00000001,btc,14615939.68425178,0.0,0.2973860475692337,81
0,[],20,[],2019-01-25 09:30:31,0.0,0,0,6495923,2019-01-25 09:30:31,btc,0.0,0.0,0,btc,0.0,0.0,0.0,81
1,[],4,[],2019-02-14 22:53:10,24019.40752668,0.00007693,0.0000000027632563629999998,6670158,2019-02-14 22:53:10,btc,1.3365114852010052,0.0,0.00007693,btc,11401.96805439,0.02498148,0.1068528023601113,82
1,[],21,[],2019-02-14 22:53:11,139168.27911126,0.00007530000000000000072181843835,0.00000000270470823,6670159,2019-02-14 22:53:11,btc,2.920448957068117,21408.64200539,0.000075300000000000000721818438353949431984801776707172393798828125,btc,32441.92771727,1.64596889,2.545965187005292,82
0,[],17,[],2019-02-14 21:59:31,0.0,0,0,6669579,2019-02-14 21:59:31,btc,0.0447233088476774,0.0,0,btc,999127.19588126,0.0,0.0,84
0.00000000011561709999999999,[],4,[],2019-02-14 22:53:12,153919869.11428636,8.093197e-18,2.907003523627e-22,6670160,2019-02-14 22:53:12,ltc,0.19569063269089962,0.0,0.00000007,ltc,104330765.39226724,0.0,7.054274271922779e-10,85
,[],22,[],2018-11-20 23:09:34,3408.1,0.0000001,0.0000000000041895,4862324,2018-11-20 23:09:34,BTC,0.04624735,0.0,,BTC,4990.0,0.0,0.00033081,86
0,[],22,[],2019-02-14 22:53:15,0.0,0,0,6670161,2019-02-14 22:53:15,,2.0760781,0.0,0,,140622.94736842104,0.0,0.0,87
0,[],27,[],2019-02-14 22:53:17,0.0,0,0,6670162,2019-02-14 22:53:17,,0.0,0.0,0,btc,0.0,0.0,0.0,87
,[],2,[],2018-11-20 23:10:47,0.0,0,0,4862359,2018-11-20 23:10:47,,0.0,0.0,,,0.0,0.0,0.0,88
1,[],11,[],2019-02-14 22:53:19,96720.25279756,0.0001469999999999999952537965697274557896889746189117431640625,0.0000000052801076999999996,6670163,2019-02-14 22:53:19,btc,609.4744125995086,2037.20461263,0.0001469999999999999952537965697274557896889746189117431640625,btc,91301.28908273,0.0,6.529190621337238,89
0,[],2,[],2019-01-20 23:31:45,0.0,0,0,6477083,2019-01-20 23:31:45,,0.0,0.0,0,,0.0,0.0,0.0,91
0,[],17,[],2019-02-14 21:42:44,0.0,0,0,6669205,2019-02-14 21:42:44,btc,0.0,0.0,0,btc,0.0,0.0,0.0,91
1,[],12,[],2019-02-14 22:45:37,437782.60559613997,0.00000207000000000000008632309277112337753123938455246388912200927734375,0.00000000007443347400000001,6669982,2019-02-14 22:45:37,btc,4.198985893189162,0.0,0.00000207000000000000008632309277112337753123938455246388912200927734375,btc,46196.91813847,0.0056508451033971,0.061532121800002504,91
0.00000000011561709999999999,[],22,[],2019-02-14 22:53:23,4525000.0,4.624684e-18,1.6611448706439998e-22,6670164,2019-02-14 22:53:23,LTC,8.12129807,0.0,0.00000004,LTC,66745238.1,6.5901747e-16,0.14575,95
0.00000000011561709999999999,[],4,[],2019-02-14 22:53:24,138139612.11587644,9.4806022e-17,3.4053469848202e-21,6670165,2019-02-14 22:53:24,ltc,0.5988937994676748,0.0,0.00000082,ltc,35571292.37765522,0.00281929,1.2514184249603405e-09,96
1,[],12,[],2019-02-14 22:53:26,518219.0,0.00000001,0.000000000000359191,6670166,2019-02-14 22:53:26,btc,255061.99737593989,0.0,0.00000001,btc,8743218.54676297,0.00054169,0.00518219,96
0,[],17,[],2019-02-14 22:45:44,0.0,0,0,6669986,2019-02-14 22:45:44,btc,0.0,0.0,0,btc,0.0,0.0,0.0,96
1,[],4,[],2019-02-14 22:53:27,1719820.29223015,0.00000036,0.000000000012930876,6670167,2019-02-14 22:53:27,btc,0.2973511431895915,0.0,0.00000036,btc,572059.44006557,0.04383836,0.1958113469741275,99
1,[],4,[],2019-02-14 22:53:28,201783.0915707,0.00003989,0.0000000014328128989999999,6670168,2019-02-14 22:53:28,btc,1.0379144962964273,0.0,0.00003989,btc,22530.8528621,1.01629321,1.446376711710403,100
0,[],2,[],2019-01-20 23:23:55,0.0,0,0,6476914,2019-01-20 23:23:55,,0.0,0.0,0,,0.0,0.0,0.0,100
1,[],22,[],2019-02-14 22:45:50,50000.0,0.00000001,0.000000000000359582,6669989,2019-02-14 22:45:50,BTC,23.49896609,0.0,0.00000001,BTC,10277.22,0.0,0.0005,101
1,[],4,[],2019-02-14 22:53:29,318094.95195531,0.00000106,0.000000000038074246,6670169,2019-02-14 22:53:29,btc,0.4066298393061707,0.0,0.00000106,btc,144470.67859586,0.02502388,0.1602691490059794,103
1,[],12,[],2019-02-14 22:53:31,49553972.4663887,0.000000016,0.0000000000005747056000000001,6670170,2019-02-14 22:53:31,btc,137278864.51314366,0.0,0.000000016,btc,121511530.05313471,0.05482523131786534,0.2605471314622192,105
1,[],27,[],2019-02-14 22:53:33,4009342.89,0.00000001,0.000000000000359191,6670171,2019-02-14 22:53:33,btc,0.3614577513692299,0.0,0.00000001,btc,323444.42860553,0.0,0.0400934289,105
0,[],22,[],2019-02-14 22:53:43,0.0,0,0,6670172,2019-02-14 22:53:43,,51.10825004,0.0,0,,468935.0,0.0,0.0,107
1,[],26,[],2019-02-14 22:53:43,0.0,0.00000000,0,6670173,2019-02-14 22:53:43,btc,0.0,0.0,0.00000000,btc,0.0,0.0,0.0,107
1,[],5,[],2019-02-14 22:53:45,1e-08,0.00000001,0.000000000000359191,6670174,2019-02-14 22:53:45,btc,2.89710565,0.00306457,0.00000001,btc,1.571e-05,0.0,0.08590255,112
1,[],22,[],2019-02-14 22:53:49,167093.0,0.00000001,0.000000000000359191,6670175,2019-02-14 22:53:49,BTC,2.81183288,0.0,0.00000001,BTC,808524.0833333334,0.0,0.00167093,112
0,[],27,[],2019-02-14 22:53:53,0.0,0,0,6670176,2019-02-14 22:53:53,,1.35132491849924,0.0,0,"btc,eth",1328.641654,0.0,0.0,112
1,[],4,[],2019-02-14 22:53:54,450356.17585957,0.00000318,0.000000000114222738,6670177,2019-02-14 22:53:54,btc,0.2448169410497276,0.0,0.00000318,btc,57961.25453994,0.10259223,0.2080075948243972,113
1,[],5,[],2019-02-14 22:53:56,1.549e-05,0.00000320,0.00000000011494111999999999,6670178,2019-02-14 22:53:56,btc,0.81321556,0.00074537,0.00000320,btc,0.00141482,0.0,0.21473762,113
1,[],17,[],2019-02-14 22:53:57,152738.278,0.00000004,0.000000000001436764,6670179,2019-02-14 22:53:57,btc,1.3368030274621543,0.0,0.00000004,btc,51896.221,0.0,0.0022095311199999998,116
0,[],27,[],2019-02-14 22:53:59,0.0,0,0,6670180,2019-02-14 22:53:59,,0.0,0.0,0,btc,0.0,0.0,0.0,116
1,[],4,[],2019-02-14 22:54:00,25235.86432568,0.00002976,0.000000001068952416,6670181,2019-02-14 22:54:00,btc,0.6074931397903437,0.0,0.00002976,btc,18143.1919678,4.17092463,0.6417350621120756,120
1,[],7,[],2019-02-14 22:54:03,18836.63970516,0.0000301900000000000006349608339117907007675967179238796234130859375,0.000000001084397629,6670182,2019-02-14 22:54:03,btc,115647.29378777594,190.01469852,0.0000301900000000000006349608339117907007675967179238796234130859375,btc,29544.38626924,0.00615504,0.0859268296131933,120
1,[],20,[],2019-02-14 22:46:27,1093445.8166,0.000000014,0.0000000000005034148,6670003,2019-02-14 22:46:27,btc,33.8691165036599,0.0,0.000000014,btc,1150552.4764,0.0,0.0052654043171,125
1,[],22,[],2019-02-14 22:46:31,3053.0,0.00000001,0.000000000000359582,6670004,2019-02-14 22:46:31,BTC,0.01444889,0.0,0.00000001,BTC,296264.5111111111,0.0,3.053e-05,126
0,[],2,[],2019-01-20 23:25:46,0.0,0,0,6476969,2019-01-20 23:25:46,,0.0,0.0,0,,0.0,0.0,0.0,131
1,[],4,[],2019-02-14 22:46:31,135323.97224693,0.00001612,0.0000000005796461840000001,6670005,2019-02-14 22:46:31,btc,0.7686205514397054,0.0,0.00001612,btc,37480.84687441,0.64909187,0.8733193786563177,131
0,[],17,[],2019-02-14 22:46:43,0.0,0,0,6670006,2019-02-14 22:46:43,btc,0.0009561751951600001,0.0,0,btc,35.42829368,0.0,0.0,131
1,[],4,[],2019-02-14 22:46:44,4623.18100805,0.00016112,0.000000005793585184000001,6670007,2019-02-14 22:46:44,btc,1.6422155393819826,0.0,0.00016112,btc,308.40189166,0.0,0.0089821053202622,135
1,[],3,[],2019-02-14 22:46:45,1934872.20571841,0.00000005,0.00000000000179791,6670008,2019-02-14 22:46:45,btc,0.12044643471173849,58921.4532222,0.00000005,btc,423865.42080471996,0.0,0.073089765113701,136
1,[],4,[],2019-02-14 22:54:05,46579.54595463,0.00000174,0.000000000062499234,6670183,2019-02-14 22:54:05,btc,0.047611674966789,0.0,0.00000174,btc,23669.7773258,0.09710312,0.0479228788713961,137
1,[],12,[],2019-02-14 22:54:07,296838.32517958,0.000001769999999999999994019540816569957542014890350401401519775390625,0.000000000063576807,6670184,2019-02-14 22:54:07,btc,11982.948295832695,0.0,0.000001769999999999999994019540816569957542014890350401401519775390625,btc,159267.89225448,0.0428810194335975,0.0274296302397242,137
1,[],4,[],2019-02-14 22:54:09,722658.61561347,0.00004801,0.0000000017244759909999999,6670185,2019-02-14 22:54:09,btc,0.5993311962252783,0.0,0.00004801,btc,11187.67911727,0.30651718,0.454816947993455,142
1,[],5,[],2019-02-14 22:54:10,0.00130835,0.00004830,0.0000000017348925299999999,6670186,2019-02-14 22:54:10,btc,1.07693887,0.44684953,0.00004830,btc,0.00290291,0.0,0.66943794,142
1,[],20,[],2019-02-14 22:54:22,134029.6378,0.000032817,0.0000000011787571047,6670187,2019-02-14 22:54:22,btc,0.4484270857166,170.6263,0.000032817,btc,4422.8599,0.007799350191,0.2563493857709,142
1,[],22,[],2019-02-14 22:54:26,1610.354305200341,0.00003220,0.00000000115659502,6670188,2019-02-14 22:54:26,BTC,3.00917232,0.0,0.00003220,BTC,917.9383601288407,1.322e-05,0.0019657,142
0.0,[],25,[],2019-02-14 22:54:27,0.0,0,0,6670189,2019-02-14 22:54:27,,0.0,0.0,0.0,btc,0.0,0.0,0.0,142
1,[],28,[],2019-02-14 22:54:34,77943.0,0.00004501,0.0000000016167186909999999,6670190,2019-02-14 22:54:34,btc,0.057261322,650.0,0.00004501,btc,356.4989,0.0,0.0609377,142
1,[],17,[],2019-02-14 22:46:51,22967.386363640002,0.00000088,0.000000000031643216,6670013,2019-02-14 22:46:51,btc,20.06991335261099,0.0,0.00000088,btc,2746.079105,0.0,0.0104613000000032,142
0,[],22,[],2019-02-14 22:54:37,0.0,0,0,6670191,2019-02-14 22:54:37,,67.4285069,0.0,0,,834770972.3,0.0,0.0,143
1,[],21,[],2019-02-14 22:54:38,39334843.44515905,0.00000028,0.000000000010057348000000001,6670192,2019-02-14 22:54:38,btc,39.86296097803092,4411009.03377511,0.00000028,btc,77377554.73060143,1.25086038,6.57949908272329,145
0,[],22,[],2019-02-14 22:47:13,0.0,0,0,6670020,2019-02-14 22:47:13,,4.24982284,0.0,0,,1814156.0,0.0,0.0,146
,[],22,[],2018-11-20 23:01:11,0.0,0,0,4862114,2018-11-20 23:01:11,,2.56807021,0.0,,,61828.4988236,0.0,0.0,147
1,[],12,[],2019-02-14 22:47:14,8679075.8949743,0.00000302999999999999978877139594768408414893201552331447601318359375,0.000000000108953346,6670021,2019-02-14 22:47:14,btc,16.584178032698745,0.0,0.00000302999999999999978877139594768408414893201552331447601318359375,btc,122519.66449333,0.0003209073,0.1087482227000099,148
1,[],4,[],2019-02-14 22:54:39,272480.51634341,0.00000036,0.000000000012930876,6670193,2019-02-14 22:54:39,btc,0.7784454426405332,0.0,0.00000036,btc,591310.33703653,0.00161398,0.0647157791438774,152
0,[],22,[],2019-02-14 22:54:42,0.0,0,0,6670194,2019-02-14 22:54:42,,0.0,0.0,0,,0.0,0.0,0.0,152
1,[],5,[],2019-02-14 22:54:45,0.0,0,0,6670195,2019-02-14 22:54:45,btc,4.35601725,0.0,0,btc,0.0021126,0.0,0.0,153
,[],16,[],2019-01-11 15:38:59,0.0,0,0,6366141,2019-01-11 15:38:59,btc,0.0,0.0,,btc,0.0,0.0,0.0,155
0,[],22,[],2019-02-14 22:54:55,0.0,0,0,6670196,2019-02-14 22:54:55,,6.74608761,0.0,0,,4644402.242592593,0.0,0.0,156
0,[],23,[],2019-01-20 23:24:29,0.0,0,0,6476932,2019-01-20 23:24:29,,0.0,0.0,0,,0.0,0.0,0.0,156
1,[],22,[],2019-02-14 22:54:58,7063.8,0.00005300,0.0000000019037123,6670197,2019-02-14 22:54:58,BTC,43.78801181,0.0,0.00005300,BTC,1067.5805334758436,0.0,0.00104326,157
0,[],22,[],2019-02-14 22:47:29,0.0,0,0,6670027,2019-02-14 22:47:29,,50175.67558609,0.0,0,,54029136.04179466,0.0,0.0,158
,[],17,[],2018-11-20 22:56:10,0.0,0,0,4861976,2018-11-20 22:56:10,btc,1.1265625,0.0,,btc,1000.0,0.0,0.0,159
,[],20,[],2018-11-20 22:56:12,0.0,0,0,4861977,2018-11-20 22:56:12,btc,11912.7940471,0.0,,btc,34413894.3617,0.0,0.0,159
1,[],12,[],2019-02-14 22:54:59,179289.97841524,0.00000770000000000000081623076353398715809817076660692691802978515625,0.00000000027657707,6670198,2019-02-14 22:54:59,btc,6.661943568076001,0.0,0.00000770000000000000081623076353398715809817076660692691802978515625,btc,14831.956970340001,0.0033123576564686,0.0868924029116525,168
1,[],17,[],2019-02-14 22:55:11,29784.95,0.000001,0.000000000035919099999999995,6670199,2019-02-14 22:55:11,btc,0.03026736251542,0.0,0.000001,btc,144.46171372,0.0,0.00716147,168
0,[],22,[],2019-02-14 22:55:22,0.0,0,0,6670200,2019-02-14 22:55:22,,1.14776715,0.0,0,,721548.0900917595,0.0,0.0,169
1,[],22,[],2019-02-14 22:55:26,236276.0,0.00000011,0.000000000003951101,6670201,2019-02-14 22:55:26,BTC,11.32641449,0.0,0.00000011,BTC,122417.33368472014,0.00095976,0.02144036,171
1,[],22,[],2019-02-14 22:55:29,218916.0,0.00000017,0.000000000006106247,6670202,2019-02-14 22:55:29,BTC,2.65094263,0.0,0.00000017,BTC,248846.574080494,0.0,0.01634888,173
1,[],5,[],2019-02-14 22:47:53,2.526e-05,0.00000190,0.00000000006832058,6670032,2019-02-14 22:47:53,btc,0.25885624,0.00129149,0.00000190,btc,0.00025662,0.0,0.24136405,175
1,[],22,[],2019-02-14 22:55:41,37015.0,0.00000042,0.000000000015086022,6670203,2019-02-14 22:55:41,BTC,0.53291232,0.0,0.00000042,BTC,140958.47031396697,0.02654293,0.00995175,176
1,[],7,[],2019-02-14 22:55:42,0.0,0,0,6670204,2019-02-14 22:55:42,btc,410973.9169089935,0.0,0,btc,115465110.28145695,0.0,0.0,178
0,[],22,[],2019-02-14 22:55:45,0.0,0,0,6670205,2019-02-14 22:55:45,,1.00242428,0.0,0,,57512.0,0.0,0.0,178
0,[],2,[],2019-01-20 23:28:34,0.0,0,0,6477001,2019-01-20 23:28:34,,0.0,0.0,0,,0.0,0.0,0.0,178
1,[],5,[],2019-02-14 22:55:46,6e-08,0.00000003,0.000000000001077573,6670206,2019-02-14 22:55:46,btc,30.20179199,0.48857913,0.00000003,btc,2.285e-05,0.0,0.7491948,179
1,[],22,[],2019-02-14 22:55:50,8148785.0,0.00000002,0.000000000000718382,6670207,2019-02-14 22:55:50,BTC,5.48629708,0.0,0.00000002,"BTC,LTC",17843614.676989965,0.00073976,0.39023554,179
0,[],23,[],2019-01-20 23:25:08,0.0,0,0,6476952,2019-01-20 23:25:08,,0.0,0.0,0,,0.0,0.0,0.0,179
1,[],17,[],2019-02-14 22:55:52,10504.725,0.0000001,0.0000000000035919099999999998,6670208,2019-02-14 22:55:52,btc,5.201913593507951,0.0,0.0000001,btc,5427.1328087,0.0,0.0010504725,180
1,[],22,[],2019-02-14 22:55:56,129206.04571428572,0.00000175,0.000000000062858425,6670209,2019-02-14 22:55:56,BTC,0.11453991,0.0,0.00000175,"BTC,LTC",17838.93196841273,0.00017387,0.00160657,180
1,[],26,[],2019-02-14 22:55:56,0.0,0.00000300,0.0000000001077573,6670210,2019-02-14 22:55:56,btc,0.0,766.00139996,0.00000300,btc,0.0,0.0,0.0,180
,[],7,[],2018-11-20 22:58:01,562227.975654,0.00000085,0.000000000036176765,4862015,2018-11-20 22:58:01,btc,21836.6059674,2491.87645172,,btc,749999.041456,0.00211021,0.127565380455,183
,[],5,[],2019-01-10 08:11:41,0.0,0,0,6347036,2019-01-10 08:11:41,btc,82.15055501,0.00261,,btc,1.19002445,0.0,0.0,187
1,[],24,[],2019-02-14 22:55:56,0.0,0.000000000001,3.59191e-17,6670211,2019-02-14 22:55:56,btc,0.0,0.0,0.000000000001,btc,0.0,0.0,0.0,187
,[],17,[],2018-11-16 20:58:10,4062536.27273,0.00000001,0.000000000000550501,4708775,2018-11-16 20:58:10,btc,3.36492563466,0.195460381006,,"btc,eth",110697919.549,0.0,0.0157628953496,187
0,[],22,[],2019-02-14 22:48:17,0.0,0,0,6670041,2019-02-14 22:48:17,,1.19377283,0.0,0,,16434.10286773884,0.0,0.0,191
0,[],22,[],2019-02-14 22:56:02,0.0,0,0,6670212,2019-02-14 22:56:02,,0.0,0.0,0,,0.0,0.0,0.0,197
0,[],23,[],2019-01-20 23:31:41,0.0,0,0,6477079,2019-01-20 23:31:41,,0.0,0.0,0,,0.0,0.0,0.0,199
0,[],22,[],2019-02-14 22:56:06,0.0,0,0,6670213,2019-02-14 22:56:06,,5.15195517,0.0,0,,19804684.0,0.0,0.0,199
1,[],26,[],2019-02-14 22:56:06,0.0,0.00000000,0,6670214,2019-02-14 22:56:06,btc,0.0,763507.0,0.00000000,btc,0.0,0.0,0.0,199
0,[],17,[],2019-01-30 16:32:01,0.0,0,0,6540827,2019-01-30 16:32:01,btc,6.802544163788159,0.0,0,btc,105897.55575295,0.0,0.0,200
0,[],2,[],2019-01-20 23:30:49,0.0,0,0,6477059,2019-01-20 23:30:49,,0.0,0.0,0,,0.0,0.0,0.0,201
1,[],4,[],2019-01-25 15:51:35,2084389.58565343,0.00000936,0.000000000333526752,6499557,2019-01-25 15:51:35,btc,2.0092503037378524,0.0,0.00000936,btc,160195.80207885,0.19272417,1.242687955921835,211
1,[],7,[],2019-02-14 22:56:11,5602819.63200143,0.000001349999999999999991849510168340220417348973569460213184356689453125,0.000000000048490785,6670215,2019-02-14 22:56:11,btc,15450814.362519223,248459.681047,0.000001349999999999999991849510168340220417348973569460213184356689453125,btc,11087029.16827275,0.0,3.930893702310339,212
1,[],12,[],2019-01-25 02:44:32,207462.42853209,0.000001080000000000000035831255497387193287295303889550268650054931640625,0.000000000038610756000000006,6493050,2019-01-25 02:44:32,btc,85023.03793723314,0.0,0.000001080000000000000035831255497387193287295303889550268650054931640625,btc,43675.73520027,0.000146250909087,0.0348620860622024,213
1,[],5,[],2019-02-14 22:56:13,3.32e-06,0.00000030,0.00000000001077573,6670216,2019-02-14 22:56:13,btc,1.02879631,0.14167647,0.00000030,btc,3.006e-05,0.0,0.14420872,213
1,[],24,[],2019-02-14 22:56:13,0.0,0.000000050000,0.0000000000017959549999999999,6670217,2019-02-14 22:56:13,btc,0.0,0.0,0.000000050000,btc,0.0,0.0,0.0,213
1,[],26,[],2019-02-14 22:56:13,0.0,0.00000009,0.000000000003232719,6670218,2019-02-14 22:56:13,btc,0.0,0.0,0.00000009,btc,0.0,0.0,0.0,213
1,[],22,[],2019-02-14 22:56:18,84099.0,0.00000002,0.000000000000718382,6670219,2019-02-14 22:56:18,BTC,2.19180044,0.0,0.00000002,BTC,147809.63137942314,0.00073976,0.00086798,216
1,[],27,[],2019-02-14 22:56:21,5203657.5615,0.00000004,0.000000000001436764,6670220,2019-02-14 22:56:21,btc,257.4737088006,3940.334,0.00000004,"btc,ltc",272841.575,0.00015761,0.05469726246,216
1,[],22,[],2019-02-14 22:56:25,239697.07925832886,0.00000208,0.000000000074711728,6670221,2019-02-14 22:56:25,BTC,12677.07394544,0.0,0.00000208,BTC,430542.2281818062,0.01539808,0.28949723,217
1,[],7,[],2019-02-14 22:56:25,0.0,0,0,6670222,2019-02-14 22:56:25,btc,77970.05589791511,0.0,0,btc,137100858.32140028,0.0,0.0,219
0,[],27,[],2019-02-14 22:56:27,0.0,0,0,6670223,2019-02-14 22:56:27,,5.341893788316972,0.0,0,btc,1605140.99226595,0.0,0.0,219
0.0000000000000053,[],28,[],2019-02-14 22:56:34,169952566.853,6.915705e-18,2.484058994655e-22,6670224,2019-02-14 22:56:34,doge,88712.3748390675,14485.0,0.00130485,"btc,doge",4987338.69631,0.0,1.614555083715278e-11,219
1,[],22,[],2019-02-14 22:56:38,376436.6,0.0000008,0.000000000028735279999999998,6670225,2019-02-14 22:56:38,BTC,3.07034106,0.0,0.0000008,BTC,110086.97041875875,0.000498,0.04741106,221
1,[],24,[],2019-02-14 22:56:38,0.0,0.000000210000,0.000000000007543011,6670226,2019-02-14 22:56:38,btc,0.0,326.57505,0.000000210000,btc,0.0,0.00032373,0.0,221
1,[],20,[],2019-02-14 22:56:41,51927227.288,0.000000003,0.00000000000010775729999999999,6670227,2019-02-14 22:56:41,btc,49.8567892589503,222241.8138,0.000000003,btc,10281277.1359,0.0006667254414,0.0539913140806,224
0,[],22,[],2019-02-14 22:56:43,0.0,0,0,6670228,2019-02-14 22:56:43,,0.0,0.0,0,,0.0,0.0,0.0,224
1,[],26,[],2019-02-14 22:56:43,0.0,0.00000033,0.000000000011853303,6670229,2019-02-14 22:56:43,btc,0.0,16646.5099998,0.00000033,btc,0.0,0.0,0.0,231
1,[],26,[],2019-02-14 22:56:43,0.0,0.00000005,0.0000000000017959549999999999,6670230,2019-02-14 22:56:43,btc,0.0,100.0,0.00000005,btc,0.0,0.0,0.0,234
0,[],27,[],2019-02-14 22:56:46,0.0,0,0,6670231,2019-02-14 22:56:46,,0.0113483662182,0.0,0,"btc,eth",11462.99618,0.0,0.0,234
0,[],22,[],2019-02-14 22:56:57,0.0,0,0,6670232,2019-02-14 22:56:57,,2.80242205,0.0,0,,93486896.06349206,0.0,0.0,235
1,[],4,[],2019-02-14 22:56:58,1192466.51343306,0.00000133,0.000000000047772403,6670233,2019-02-14 22:56:58,btc,0.4862769574054738,0.0,0.00000133,btc,243317.85627368,0.42196533,0.5514934306163471,236
1,[],24,[],2019-02-14 22:56:58,0.0,0.000000020010,0.000000000000718741191,6670234,2019-02-14 22:56:58,btc,0.0,0.0,0.000000020010,btc,0.0,0.0,0.0,236
1,[],20,[],2019-02-14 22:57:01,72184295.1823,0.000000075,0.0000000000026939325,6670235,2019-02-14 22:57:01,btc,14.9388884785446,22527032.9641,0.000000075,btc,26258768.1071,1.6263326447163,0.7669415880609,237
1,[],22,[],2019-02-14 22:57:06,136267.0,0.00000004,0.000000000001436764,6670236,2019-02-14 22:57:06,BTC,0.04209605,0.0,0.00000004,"BTC,LTC",22179.0,0.0,0.00541601,237
1,[],4,[],2019-02-14 22:57:07,4299169.47028437,0.00000033,0.000000000011853303,6670237,2019-02-14 22:57:07,btc,0.655045341716189,0.0,0.00000033,btc,1742332.83588303,0.15569297,1.2969409898148394,238
1,[],5,[],2019-02-14 22:57:08,4.25e-06,0.00000033,0.000000000011853303,6670238,2019-02-14 22:57:08,btc,0.75555557,0.00641028,0.00000033,btc,2.957e-05,0.0,0.25960684,238
0,[],22,[],2019-02-14 22:57:12,0.0,0,0,6670239,2019-02-14 22:57:12,,6404.65978688,0.0,0,,370860.0639027493,0.0,0.0,249
0.00000000011561709999999999,[],22,[],2019-02-14 22:57:15,7025765.666666667,3.468513e-18,1.245858652983e-22,6670240,2019-02-14 22:57:15,LTC,0.53185688,0.0,0.00000003,LTC,14450581.09,0.0,0.20977599,252
1,[],28,[],2019-02-14 22:57:21,3309218.286,0.00000011,0.000000000003951101,6670241,2019-02-14 22:57:21,btc,164693.68465852007,30588.707,0.00000011,btc,982884.2751,0.0,0.1899703563,256
1,[],22,[],2019-02-14 22:57:24,1126102.6666666667,0.00000003,0.000000000001077573,6670242,2019-02-14 22:57:24,BTC,30.16346558,0.0,0.00000003,BTC,471788.92423192423,0.000202,0.03149104,258
1,[],22,[],2019-01-26 20:58:41,368451.0,0.00000001,0.000000000000356135,6510120,2019-01-26 20:58:41,BTC,2.642917,0.0,0.00000001,"BTC,LTC",1862.0,0.0,0.02488451,259
1,[],22,[],2019-02-14 22:57:29,9832.824734726793,0.00001511,0.000000000542737601,6670243,2019-02-14 22:57:29,BTC,1292.99897284,0.0,0.00001511,"BTC,LTC",4891.790804739494,0.03686724,0.00724666,262
1,[],5,[],2019-02-14 22:57:31,1.259e-05,0.00000199,0.000000000071479009,6670244,2019-02-14 22:57:31,btc,0.83161475,0.25528143,0.00000199,btc,0.00031214,0.0,0.14773775,264
1,[],20,[],2019-02-14 22:57:33,1263059.723,0.000001801,0.00000000006469029909999999,6670245,2019-02-14 22:57:33,btc,4.969128226581,58467.989,0.000001801,btc,99076.1742,0.179276377104,0.0215452803009,264
1,[],22,[],2019-02-14 22:57:37,95356.5,0.00000002,0.000000000000718382,6670246,2019-02-14 22:57:37,BTC,8.3934754,0.0,0.00000002,BTC,377286.0417119935,0.0,0.0014095,271
0,[],22,[],2019-02-14 22:57:40,0.0,0,0,6670247,2019-02-14 22:57:40,,385.44178703,0.0,0,,15173097515.9,0.0,0.0,272
0.0000000000000053,[],28,[],2019-02-14 22:57:44,183442197117.206,3.71e-21,1.33259861e-25,6670248,2019-02-14 22:57:44,doge,440782501.31437373,23762839739.3868,0.0000007,doge,238503712394.8661,0.0,4.516369299838656e-10,272
1,[],22,[],2019-02-14 22:57:50,13336.0,0.00002000,0.000000000718382,6670249,2019-02-14 22:57:50,BTC,74.09108527,0.0,0.00002000,"BTC,LTC",1486.4875854920265,0.06181519,0.04847133,281
