pairValue,buyBook,exchangeId,sellBook,updated,buyTotal,satoshiPrice,usdPrice,exchangeLogId,created,bestPair,sellTotalBtc,volume,pairPrice,activePairs,sellTotal,volumeBtc,buyTotalBtc,coinId
1,[],3,[],2019-01-29 16:01:22,102.737199940961,0.0126968099999999993465760184108148678205907344818115234375,0.00000043387158227699997,6529465,2019-01-29 16:01:22,btc,107.00520448101405,0.03788713,0.0126968099999999993465760184108148678205907344818115234375,btc,13.891650716723001,0.0,0.1103683295848962,1
1,[],4,[],2019-01-29 16:01:23,25075.8883802,0.01263204,0.000000431658281268,6529466,2019-01-29 16:01:23,btc,1.1275785855238318,0.0,0.01263204,btc,81.43777137,0.39670116,1.2118589284549157,1
1,[],5,[],2019-01-29 16:01:25,0.23971038,0.01252328,0.000000427941767176,6529467,2019-01-29 16:01:25,btc,14578.44797989,0.00385465,0.01252328,btc,35555556.29113319,0.0,1.42507276,1
1,[],10,[],2019-01-29 16:01:27,272453.82848633,0.01235899,0.00000042232769858300003,6529468,2019-01-29 16:01:27,btc,6536.7067684807835,1611.72072608,0.01235899,btc,946.98748709,0.0,4.464348032002381,1
1,[],12,[],2019-01-29 16:01:29,10413.69153993,0.01257999999999999916899806606807032949291169643402099609375,0.000000429879986,6529469,2019-01-29 16:01:29,btc,0.5341219934198,0.0,0.01257999999999999916899806606807032949291169643402099609375,btc,36.24539564,0.0381151346907,0.0731434860642,1
1,[],20,[],2019-01-29 16:01:31,1352.3226,0.010500101,0.0000003588063013417,6529470,2019-01-29 16:01:31,btc,0.0564711704203,0.0,0.010500101,btc,2.4781,0.0,0.1065417742299,1
1,[],21,[],2019-01-29 16:01:32,2368.73170311,0.01260414999999999972890574185,0.000000430705232555,6529471,2019-01-29 16:01:32,btc,17.85449355938442,3594.41454828,0.01260414999999999972890574184702927595935761928558349609375,"btc,eth",1903.37579835,40.532373065447764,23.99131582758347,1
1,[],22,[],2019-01-29 16:01:36,0.03636045714285714,0.01400000,0.0000004784038000000001,6529472,2019-01-29 16:01:36,BTC,0.31380731,0.0,0.01400000,BTC,0.09124366666666667,6.261e-05,0.00048448,1
1,[],24,[],2019-01-29 16:01:37,0.0,0.000000000000,0,6529473,2019-01-29 16:01:37,btc,0.0,0.0,0.000000000000,btc,0.0,0.0,0.0,1
0.0,[],25,[],2019-01-29 16:01:38,0.0,0,0,6529474,2019-01-29 16:01:38,btc,31.5761999972237,471.12039515,0.0,btc,2411.08925256,5.9723,0.0,1
1,[],26,[],2019-01-29 16:01:47,0.0,0,0,6529475,2019-01-29 16:01:47,,0.0,0.0,0,,0.0,0.0,0.0,1
1,[],28,[],2019-01-29 16:02:55,987.9,0.01131000,0.000000386481927,6529476,2019-01-29 16:02:55,btc,0.162839806,10647.35,0.01131000,btc,8.9,0.0,0.024551096,1
0,[],2,[],2019-01-20 23:28:45,0.0,0,0,6477011,2019-01-20 23:28:45,,0.0,0.0,0,,0.0,0.0,0.0,1
1,[],5,[],2019-01-29 16:02:57,2.13e-05,0.00000080,0.00000000002733736,6529477,2019-01-29 16:02:57,btc,0.13573291,0.11892584,0.00000080,btc,7.548e-05,0.0,0.46218679,2
1,[],22,[],2019-01-29 16:03:14,1754.625335862178,0.0000004,0.00000000001366868,6529478,2019-01-29 16:03:14,BTC,0.0231601,0.0,0.0000004,"BTC,XMR",14562.72385,0.0,0.00111682,2
1,[],5,[],2019-01-29 16:03:15,1.42e-06,0.00000017,0.000000000005809189,6529479,2019-01-29 16:03:15,btc,3.87944183,0.04760321,0.00000017,btc,2.267e-05,0.0,3.76995586,3
1,[],12,[],2019-01-29 16:03:16,12369393.82913696,0.000000171,0.000000000005843360700000001,6529480,2019-01-29 16:03:16,btc,921359.5582985808,0.0,0.000000171,btc,7969050.54385099,0.04458006638771981,0.530273781317694,3
0,[],28,[],2019-01-29 16:03:20,0.0,0,0,6529481,2019-01-29 16:03:20,,0.0,0.0,0,,0.0,0.0,0.0,3
0,[],2,[],2019-01-20 23:31:32,0.0,0,0,6477077,2019-01-20 23:31:32,,0.0,0.0,0,,0.0,0.0,0.0,4
1,[],4,[],2019-01-29 16:03:22,267236.55587267,0.00000042,0.000000000014352114,6529482,2019-01-29 16:03:22,btc,0.4106005463580376,0.0,0.00000042,btc,322505.97081654,0.00066555,0.0233613579485915,4
1,[],12,[],2019-01-25 15:53:49,1222127.5219999999,0.00000003,0.000000000001069017,6499609,2019-01-25 15:53:49,btc,11013867.817925906,0.0,0.00000003,btc,969763.77092902,0.0,0.01617509044,5
0,[],2,[],2019-01-20 23:31:51,0.0,0,0,6477087,2019-01-20 23:31:51,,0.0,0.0,0,,0.0,0.0,0.0,6
1,[],11,[],2019-01-29 16:03:23,3797151.54,0.00000002,0.000000000000683434,6529483,2019-01-29 16:03:23,btc,9432.52948991705,23799.96,0.00000002,btc,41801268.13837939,0.0,0.0409712308,6
1,[],3,[],2019-01-29 16:03:24,1056.379415503993,0.00015054000000000000540623101841219977359287440776824951171875,0.000000005144207718000001,6529484,2019-01-29 16:03:24,btc,29.308530157485784,0.0,0.00015054000000000000540623101841219977359287440776824951171875,btc,230.077492617847,0.0,0.028994113718921508,7
1,[],4,[],2019-01-29 16:03:25,16265.32582302,0.00016161,0.0000000055224884370000005,6529485,2019-01-29 16:03:25,btc,2.1404855533422036,0.0,0.00016161,btc,11847.29499237,3.08333327,2.349115376434755,7
1,[],5,[],2019-01-29 16:03:26,0.00507756,0.00015622,0.0000000053383029740000004,6529486,2019-01-29 16:03:26,btc,1.54479598,0.17480529,0.00015622,btc,0.01078855,0.0,1.43599766,7
1,[],20,[],2019-01-29 16:03:28,62771509.8802,0.000000001,0.000000000000034171700000000004,6529487,2019-01-29 16:03:28,btc,121.1972869211072,28537.5,0.000000001,btc,28005456.1818,5.7075e-05,0.0627715098802,8
0,[],2,[],2019-01-20 23:22:42,0.0,0,0,6476876,2019-01-20 23:22:42,,0.0,0.0,0,,0.0,0.0,0.0,9
0,[],23,[],2019-01-20 23:22:48,0.0,0,0,6476878,2019-01-20 23:22:48,,0.0,0.0,0,,0.0,0.0,0.0,9
1,[],1,[],2019-01-29 16:03:30,3859182.37,0.00000181000000000000003456111265232042484285557293333113193511962890625,0.000000000061850777,6529488,2019-01-29 16:03:30,btc,4.0313082637,25318279.4,0.00000181000000000000003456111265232042484285557293333113193511962890625,btc,2185033.86,46.2397289,6.8787183733,9
1,[],4,[],2019-01-29 16:03:31,1405060.91554372,0.00000180,0.00000000006150906,6529489,2019-01-29 16:03:31,btc,1.0280678650471822,0.0,0.00000180,btc,532359.38336472,0.78172909,0.5898557359245051,9
1,[],28,[],2019-01-29 16:03:35,49500.0,0.00000190,0.00000000006492623,6529490,2019-01-29 16:03:35,btc,2708.75001072,2034865.0,0.00000190,btc,7762.68,0.0,0.05704,9
1,[],4,[],2019-01-29 16:03:36,7405546.16126053,0.00000002,0.000000000000683434,6529491,2019-01-29 16:03:36,btc,0.208529857257948,0.0,0.00000002,btc,4265975.57665305,0.00077764,0.0768234138452106,10
0,[],2,[],2019-01-20 23:23:08,0.0,0,0,6476890,2019-01-20 23:23:08,,0.0,0.0,0,,0.0,0.0,0.0,12
1,[],4,[],2019-01-29 16:03:37,2810737.22301564,0.00000135,0.000000000046131795,6529492,2019-01-29 16:03:37,btc,1.5266838434246341,0.0,0.00000135,btc,1061455.27938234,3.41204377,1.7817990736676987,12
1,[],5,[],2019-01-29 16:03:38,1.723e-05,0.00000138,0.000000000047156946,6529493,2019-01-29 16:03:38,btc,0.36104069,0.83196306,0.00000138,btc,0.00011488,0.0,0.21078544,12
0.0,[],25,[],2019-01-29 16:03:39,0.0,0,0,6529494,2019-01-29 16:03:39,,0.0,0.0,0.0,btc,0.0,0.0,0.0,12
1,[],10,[],2019-01-29 10:14:54,570220.98490412,0.00000681,0.00000000023062814100000002,6527514,2019-01-29 10:14:54,btc,666807.8685174425,5809.9217837,0.00000681,btc,835045.7419896,0.0,0.8101269378991778,13
1,[],4,[],2019-01-29 16:03:41,369243.75992321,0.00000671,0.000000000229292107,6529495,2019-01-29 16:03:41,btc,0.6808809129085461,0.0,0.00000671,btc,96811.58717433,0.44401705,1.7513273556828772,13
1,[],21,[],2019-01-29 16:03:44,1528649.61174064,0.000006800000000000000115803634043,0.00000000023236756,6529496,2019-01-29 16:03:44,btc,6.448365956910835,373975.86458103,0.0000068000000000000001158036340431767285963360336609184741973876953125,btc,851525.50049605,2.55097457,9.135866411710616,13
1,[],4,[],2019-01-29 16:03:45,859752.52112998,0.00000142,0.000000000048523814,6529497,2019-01-29 16:03:45,btc,0.159424220499985,0.0,0.00000142,btc,74876.23292496,0.00722604,0.1683798885274869,14
1,[],12,[],2019-01-29 16:03:46,85883.42857143,0.0000011500000000000000008998878031629686802261858247220516204833984375,0.000000000039297455,6529498,2019-01-29 16:03:46,btc,1.786952696651691,0.0,0.0000011500000000000000008998878031629686802261858247220516204833984375,btc,38507.61958427,0.0017939233201288,0.0092552800000016,14
0,[],17,[],2019-01-29 16:03:48,0.0,0,0,6529499,2019-01-29 16:03:48,btc,0.0,0.0,0,btc,0.0,0.0,0.0,14
1,[],26,[],2019-01-29 16:03:48,0.0,0.00000020,0.00000000000683434,6529500,2019-01-29 16:03:48,btc,0.0,0.0,0.00000020,btc,0.0,0.0,0.0,14
,[],12,[],2018-12-01 15:15:48,204241.84496,0.00000489,0.000000000202473384,5260204,2018-12-01 15:15:48,btc,49.5475654835,0.0,,btc,35763.2193806,0.0163153972027625,0.0203389899998,15
0,[],4,[],2019-01-29 16:03:49,0.0,0,0,6529501,2019-01-29 16:03:49,,0.0,0.0,0,,0.0,0.0,0.0,15
0,[],2,[],2019-01-20 23:23:38,0.0,0,0,6476906,2019-01-20 23:23:38,,0.0,0.0,0,,0.0,0.0,0.0,18
1,[],4,[],2019-01-29 16:03:51,24393.83202505,0.00001835,0.000000000627050695,6529502,2019-01-29 16:03:51,btc,1.2291505916990306,0.0,0.00001835,btc,7498.07451661,0.01640369,0.0702647110739679,18
1,[],10,[],2019-01-29 16:03:53,391019.55768411,0.00001792,0.0000000006123568640000001,6529503,2019-01-29 16:03:53,btc,15.569811419215752,2504.35501156,0.00001792,btc,11324.53004875,0.0,0.2030321486954611,18
1,[],12,[],2019-01-29 16:03:54,200811.1530707,0.0000180999999999999994985781792689039093602332286536693572998046875,0.00000000061850777,6529504,2019-01-29 16:03:54,btc,0.1960180155132772,0.0,0.0000180999999999999994985781792689039093602332286536693572998046875,btc,2000.26081061,0.0076717518118323,0.0172669687594496,18
0,[],17,[],2019-01-29 16:03:56,0.0,0,0,6529505,2019-01-29 16:03:56,btc,0.0,0.0,0,btc,0.0,0.0,0.0,18
0,[],2,[],2019-01-20 23:24:19,0.0,0,0,6476924,2019-01-20 23:24:19,,0.0,0.0,0,,0.0,0.0,0.0,19
1,[],3,[],2019-01-29 16:03:56,108847.38970198091,0.000038080000000000001326126708445229951394139789044857025146484375,0.0000000013012583360000002,6529506,2019-01-29 16:03:56,btc,1.1939096911847706,21.3389447236,0.000038080000000000001326126708445229951394139789044857025146484375,btc,8294.84560202841,0.0,0.10398332493169819,19
1,[],4,[],2019-01-29 16:03:57,64550.52081883,0.00003651,0.000000001247608767,6529507,2019-01-29 16:03:57,btc,0.6070451114105768,0.0,0.00003651,btc,14978.35056029,0.40755703,1.3526357603495727,19
1,[],5,[],2019-01-29 16:03:59,0.00035287,0.00003152,0.000000001077091984,6529508,2019-01-29 16:03:59,btc,0.3089876,0.00031762,0.00003152,btc,0.00345974,0.0,0.19304106,19
1,[],12,[],2019-01-29 16:04:00,133619.89668094,0.0000373600000000000014434113626560218790473300032317638397216796875,0.0000000012766547120000001,6529509,2019-01-29 16:04:00,btc,1.993083439833269,0.0,0.0000373600000000000014434113626560218790473300032317638397216796875,btc,438.49251023,0.00029338,0.0324388499999184,19
0,[],27,[],2019-01-29 16:04:02,0.0,0,0,6529510,2019-01-29 16:04:02,,0.0,0.0,0,btc,0.0,0.0,0.0,19
1,[],4,[],2019-01-29 16:04:02,9444496.12922804,0.00000013,0.000000000004442321,6529511,2019-01-29 16:04:02,btc,0.810961884877746,0.0,0.00000013,btc,1591908.38687793,0.00239938,0.39521100822114,20
1,[],4,[],2019-01-29 16:04:03,119572044.57023025,0.00000002,0.000000000000683434,6529512,2019-01-29 16:04:03,btc,0.6344428424754742,0.0,0.00000002,btc,14856879.27904538,0.1172072,1.4012204756144453,21
1,[],12,[],2019-01-29 16:04:04,19406794.0,0.00000002,0.000000000000683434,6529513,2019-01-29 16:04:04,btc,668.032249692189,0.0,0.00000002,btc,8135390.95205063,0.002222047112888,0.2610724,21
0,[],17,[],2019-01-29 16:04:06,0.0,0,0,6529514,2019-01-29 16:04:06,btc,0.0,0.0,0,btc,0.0,0.0,0.0,21
1,[],12,[],2019-01-29 16:04:07,4524382727.531896,0.0000000001,0.0000000000000034171700000000003,6529515,2019-01-29 16:04:07,btc,1721704713908.0247,0.0,0.0000000001,btc,6897569591.805427,6.0767841358642e-05,0.4524382727531896,23
0,[],27,[],2019-01-29 16:04:09,0.0,0,0,6529516,2019-01-29 16:04:09,,0.424699,0.0,0,eth,424699.0,0.0,0.0,23
1,[],4,[],2019-01-29 16:04:10,951953.50176093,0.00000088,0.000000000030071096,6529517,2019-01-29 16:04:10,btc,0.0939542410750084,0.0,0.00000088,btc,75881.14338793,0.00508523,0.4083328257672604,24
1,[],22,[],2019-01-29 16:04:14,11.76,0.00000100,0.0000000000341717,6529518,2019-01-29 16:04:14,BTC,7.415e-05,0.0,0.00000100,BTC,23.919354838709676,0.0,1.176e-05,24
0.0,[],25,[],2019-01-29 16:04:15,0.0,0,0,6529519,2019-01-29 16:04:15,,0.0,0.0,0.0,btc,0.0,0.0,0.0,24
0,[],2,[],2019-01-20 23:25:56,0.0,0,0,6476976,2019-01-20 23:25:56,,0.0,0.0,0,,0.0,0.0,0.0,26
1,[],4,[],2019-01-29 16:04:16,28206522.68338639,0.00000625,0.000000000213573125,6529520,2019-01-29 16:04:16,btc,0.2756389686147965,0.0,0.00000625,btc,28425.02610662,0.10785853,0.3745924161182892,26
1,[],10,[],2019-01-29 16:04:18,727084.56496074,0.00000722,0.000000000246719674,6529521,2019-01-29 16:04:18,btc,27.970686315298245,1445.32137705,0.00000722,btc,12090.73698977,0.0,0.1962667816733395,26
1,[],3,[],2019-01-29 16:04:19,8442149.03885143,0.00000001,0.000000000000341717,6529522,2019-01-29 16:04:19,btc,2.95464073540808,789182.0,0.00000001,btc,17464263.23411028,0.0,0.0844214903885143,27
1,[],5,[],2019-01-29 16:04:20,3e-08,0.00000002,0.000000000000683434,6529523,2019-01-29 16:04:20,btc,1.46598129,0.1656144,0.00000002,btc,5.219e-05,0.0,0.08746784,27
1,[],11,[],2019-01-29 16:04:22,10597882.41182718,0.00000005,0.000000000001708585,6529524,2019-01-29 16:04:22,btc,370.53275036350783,1000.0,0.00000005,btc,8220964.80991447,0.0,0.4932896594767663,27
1,[],4,[],2019-01-29 16:04:24,176285160.68948567,0.00000003,0.0000000000010251510000000001,6529525,2019-01-29 16:04:24,btc,3.9628010384623704,0.0,0.00000003,"btc,ltc",151774087.22324184,0.10708452,1.948343320520691,29
1,[],7,[],2019-01-29 16:04:25,39630860.683126144,0.00000003,0.000000000001025151,6529526,2019-01-29 16:04:25,btc,44465206.1528563,2760.23976023,0.00000003,btc,39444409.3887605,0.00011041,0.7211312405111893,29
1,[],4,[],2019-01-29 16:04:27,500776.85457387,0.00000035,0.000000000011960095,6529527,2019-01-29 16:04:27,btc,0.2740186173833142,0.0,0.00000035,btc,485428.06077426,0.00929607,0.1030372722719999,30
0,[],17,[],2019-01-29 16:04:28,0.0,0,0,6529528,2019-01-29 16:04:28,btc,0.0,0.0,0,btc,0.0,0.0,0.0,30
1,[],4,[],2019-01-29 16:04:30,130710.68211404,0.00008251,0.0000000028195069670000002,6529529,2019-01-29 16:04:30,btc,1.149761026294003,0.0,0.00008251,btc,12137.17991571,1.13511811,2.3909974574637585,31
1,[],21,[],2019-01-29 16:04:30,66353.87338647,0.00008401000000000000372639419322,0.0000000028707645170000004,6529530,2019-01-29 16:04:30,btc,3.6806746152394636,225414.86337622,0.00008401000000000000372639419321529885564814321696758270263671875,btc,40598.4732525,18.85153115,5.291480770631584,31
0,[],2,[],2019-01-20 23:28:43,0.0,0,0,6477009,2019-01-20 23:28:43,,0.0,0.0,0,,0.0,0.0,0.0,32
1,[],4,[],2019-01-29 16:04:32,141172816.7212905,0.00000006,0.0000000000020503020000000002,6529531,2019-01-29 16:04:32,btc,3.3310574460602798,0.0,0.00000006,"btc,ltc",52595257.92353265,0.97539152,2.1326360111184446,33
1,[],12,[],2019-01-29 16:04:33,21218019.0,0.00000006,0.000000000002050302,6529532,2019-01-29 16:04:33,btc,17261783.118256357,0.0,0.00000006,btc,88721821.60039945,0.0164150060139862,0.84604063,33
1,[],4,[],2019-01-29 16:04:34,108885882.00213857,0.00000002,0.000000000000683434,6529533,2019-01-29 16:04:34,btc,0.8477882719107684,0.0,0.00000002,btc,28259609.06369228,0.00844637,1.132796740021192,34
1,[],5,[],2019-01-29 16:04:35,3e-08,0.00000002,0.000000000000683434,6529534,2019-01-29 16:04:35,btc,3.79415106,4.19905534,0.00000002,btc,1.394e-05,0.0,0.79812891,34
1,[],5,[],2019-01-29 16:04:37,0.0,0,0,6529536,2019-01-29 16:04:37,btc,202.46915736,0.0,0,btc,1.295e-05,0.0,0.0,36
0,[],17,[],2019-01-29 16:04:39,0.0,0,0,6529537,2019-01-29 16:04:39,btc,0.14892131547751705,0.0,0,btc,12533924.99083647,0.0,0.0,36
0.00000000009086820000000001,[],27,[],2019-01-29 16:04:42,2000000.0,1.8173640000000003e-18,6.21024173988e-23,6529538,2019-01-29 16:04:42,ltc,448.586156645,0.0,0.00000002,"ltc,eth",3710972.58,0.0,2.726046e-12,36
0.00000000009086820000000001,[],4,[],2019-01-29 16:04:36,2250202059.4804263,3.6347280000000006e-18,1.242048347976e-22,6529535,2019-01-29 16:04:36,ltc,5.94764183641314e-09,0.0,0.00000004,ltc,1218885734.088983,0.0,5.211391945194441e-09,36
1,[],4,[],2019-01-29 16:04:43,462920.53097216,0.00000142,0.000000000048523814,6529539,2019-01-29 16:04:43,btc,0.4673052564034789,0.0,0.00000142,btc,250883.06157226,0.05264881,0.4316938224076608,37
1,[],12,[],2019-01-29 16:04:44,424103.2168584,0.000001410000000000000052661867921965921368609997443854808807373046875,0.000000000048182097000000004,6529540,2019-01-29 16:04:44,btc,1335.9744796227442,0.0,0.000001410000000000000052661867921965921368609997443854808807373046875,btc,808990.9543423,0.1218025031137498,0.290849813098589,37
1,[],17,[],2019-01-29 16:04:46,1752.74075282,0.00000025,0.000000000008542925,6529541,2019-01-29 16:04:46,btc,0.05548731396409964,0.0,0.00000025,btc,1388.79251806,0.0,0.00043818518820499993,37
1,[],27,[],2019-01-29 16:04:47,3640.0,0.00000001,0.000000000000341717,6529542,2019-01-29 16:04:47,btc,26.22219764371233,0.0619024,0.00000001,btc,3719.711875,0.00031007,3.64e-05,37
1,[],5,[],2019-01-29 16:04:50,8.33e-06,0.00000071,0.000000000024261907,6529543,2019-01-29 16:04:50,btc,0.10399256,0.04265691,0.00000071,btc,0.00010135,0.0,0.03931003,42
1,[],12,[],2019-01-29 16:04:50,126557.8176291,0.00000094,0.000000000032121398,6529544,2019-01-29 16:04:50,btc,109.3522945628553,0.0,0.00000094,btc,105926.7655439,0.060329689477743,0.0309593799999247,42
0,[],27,[],2019-01-29 16:04:53,0.0,0,0,6529545,2019-01-29 16:04:53,,0.00315028,0.0,0,"btc,eth",11.007,0.0,0.0,42
1,[],5,[],2019-01-29 16:04:54,3e-08,0.00000002,0.000000000000683434,6529546,2019-01-29 16:04:54,btc,6.16293358,0.0,0.00000002,btc,1.425e-05,0.0,0.52020855,43
1,[],12,[],2019-01-29 16:04:55,6479720.0,0.00000002,0.000000000000683434,6529547,2019-01-29 16:04:55,btc,20007433.359969333,0.0,0.00000002,btc,39909576.74765234,0.0,0.06526906,43
0,[],17,[],2019-01-29 16:04:57,0.0,0,0,6529548,2019-01-29 16:04:57,btc,0.0,0.0,0,btc,0.0,0.0,0.0,43
1,[],12,[],2019-01-29 16:04:58,996468.0,0.00000011,0.000000000003758887000000001,6529549,2019-01-29 16:04:58,btc,11114794.39607989,0.0,0.00000011,btc,873782.93706292,0.08848909695814,0.03924816,44
1,[],4,[],2019-01-29 16:04:59,261120702.51427352,0.00000003,0.0000000000010251510000000001,6529550,2019-01-29 16:04:59,btc,0.2044983629002655,0.0,0.00000003,"btc,ltc",3971988.78022566,0.00120025,0.5511251832585311,49
0.00000000009086820000000001,[],4,[],2019-01-29 16:05:00,3477741510.3231897,9.086820000000001e-19,3.10512086994e-23,6529551,2019-01-29 16:05:00,ltc,4.994394634389949,0.0,0.00000001,ltc,2165470310.1067634,0.0,3.1601611110834967e-09,52
0,[],22,[],2019-01-29 16:05:05,0.0,0,0,6529552,2019-01-29 16:05:05,,3693.79765476,0.0,0,,264395955.90882352,0.0,0.0,57
0,[],27,[],2019-01-29 16:05:08,0.0,0,0,6529553,2019-01-29 16:05:08,,0.0,0.0,0,"btc,eth",0.0,0.0,0.0,57
0.00000000009086820000000001,[],4,[],2019-01-29 16:05:08,1594167255.879148,6.3607740000000004e-18,2.1735846089580005e-22,6529554,2019-01-29 16:05:08,ltc,3.336677014731246,0.0,0.00000007,ltc,1201609670.7390692,0.0,8.017847195984943e-09,58
1,[],12,[],2019-01-29 16:05:10,2503965672.932997,0.0000000007,0.00000000000002392019,6529555,2019-01-29 16:05:10,btc,684074799657.4065,0.0,0.0000000007,btc,3183811432.154945,0.01073037824545456,1.0254479366195632,58
0,[],17,[],2019-01-29 16:05:11,0.0,0,0,6529556,2019-01-29 16:05:11,btc,1e+24,0.0,0,btc,41616695.95832568,0.0,0.0,58
0.0000000001258358,[],22,[],2019-01-29 16:05:15,137438.0,1.258358e-18,4.3000232068600006e-23,6529557,2019-01-29 16:05:15,XMR,69.8835922,0.0,0.00000001,XMR,9887963.0,0.0,0.00137438,58
1,[],5,[],2019-01-29 16:05:16,1.89e-06,0.00000030,0.000000000010251510000000001,6529558,2019-01-29 16:05:16,btc,0.4341,0.0299477,0.00000030,btc,7.664e-05,0.0,0.01253095,61
1,[],22,[],2019-01-29 16:05:20,5111.5,0.00000011,0.000000000003758887,6529559,2019-01-29 16:05:20,BTC,1002.29606732,0.0,0.00000011,BTC,15028.700278135757,0.0,0.00051178,61
1,[],26,[],2019-01-29 16:05:20,0.0,0.00000800,0.0000000002733736,6529560,2019-01-29 16:05:20,btc,0.0,0.0,0.00000800,btc,0.0,0.0,0.0,61
0,[],27,[],2019-01-29 16:05:22,0.0,0,0,6529561,2019-01-29 16:05:22,,0.0,0.0,0,"btc,eth",0.0,0.0,0.0,61
1,[],28,[],2019-01-29 16:05:27,6900.304,0.00000210,0.00000000007176057,6529562,2019-01-29 16:05:27,btc,2.064440110600106,502.0,0.00000210,btc,11198.17500005,0.0,0.00218431304,61
1,[],4,[],2019-01-29 16:05:29,1302411.68732521,0.00000165,0.000000000056383305000000005,6529563,2019-01-29 16:05:29,btc,0.5391845735583685,0.0,0.00000165,btc,196272.61877762,0.11337465,0.951036114370378,67
0.0,[],25,[],2019-01-29 16:05:30,0.0,0,0,6529564,2019-01-29 16:05:30,,0.0,0.0,0.0,btc,0.0,0.0,0.0,67
1,[],12,[],2019-01-29 16:05:31,3028867.96825398,0.00000009,0.000000000003075453,6529565,2019-01-29 16:05:31,btc,16893709.12942207,0.0,0.00000009,btc,2008188.10780326,0.004888490759241,0.07789332888888979,71
,[],5,[],2018-11-20 23:02:39,1.5e-07,0.00000005,0.000000000002128045,4862160,2018-11-20 23:02:39,btc,2.84511358,0.0,,btc,0.00036572,0.0,0.07381892,74
1,[],5,[],2019-01-25 15:53:51,3.303e-05,0.00000156,0.000000000055588884,6499610,2019-01-25 15:53:51,btc,1.42844212,0.0,0.00000156,btc,0.00015937,0.0,0.49487621,75
1,[],4,[],2019-01-29 16:05:33,71730246.09787337,0.00000001,0.000000000000341717,6529566,2019-01-29 16:05:33,btc,0.8144650091483037,0.0,0.00000001,btc,15000789.10300357,0.00010516,0.7173024609787337,81
0,[],20,[],2019-01-25 09:30:31,0.0,0,0,6495923,2019-01-25 09:30:31,btc,0.0,0.0,0,btc,0.0,0.0,0.0,81
1,[],4,[],2019-01-29 16:05:35,23625.48617342,0.00007360,0.00000000251503712,6529567,2019-01-29 16:05:35,btc,1.231559211980413,0.0,0.00007360,btc,10946.12718519,0.02313238,0.0779429555971424,82
1,[],21,[],2019-01-29 16:05:36,95006.53718775,0.00008084000000000000527803495354,0.0000000027624402280000003,6529568,2019-01-29 16:05:36,btc,4.408721734424783,1087.21603548,0.000080840000000000005278034953537513729315833188593387603759765625,btc,46961.57930912,0.08756183,5.3053414714378455,82
0,[],17,[],2019-01-29 16:05:38,0.0,0,0,6529569,2019-01-29 16:05:38,btc,0.0447233088476774,0.0,0,btc,999127.19588126,0.0,0.0,84
0.00000000009086820000000001,[],4,[],2019-01-29 16:05:40,183506075.00435603,1.2721548000000001e-17,4.347169217916001e-22,6529570,2019-01-29 16:05:40,ltc,0.1975418250508051,0.0,0.00000014,ltc,74786162.22964728,0.0,1.312023977260984e-09,85
,[],22,[],2018-11-20 23:09:34,3408.1,0.0000001,0.0000000000041895,4862324,2018-11-20 23:09:34,BTC,0.04624735,0.0,,BTC,4990.0,0.0,0.00033081,86
0,[],22,[],2019-01-29 16:05:43,0.0,0,0,6529571,2019-01-29 16:05:43,,2.07810912,0.0,0,,154826.94736842104,0.0,0.0,87
0,[],27,[],2019-01-29 16:05:45,0.0,0,0,6529572,2019-01-29 16:05:45,,0.0,0.0,0,btc,0.0,0.0,0.0,87
,[],2,[],2018-11-20 23:10:47,0.0,0,0,4862359,2018-11-20 23:10:47,,0.0,0.0,,,0.0,0.0,0.0,88
1,[],11,[],2019-01-29 16:05:48,99320.70324485,0.00019300000000000000206605565988837724944460205733776092529296875,0.000000006595138100000001,6529573,2019-01-29 16:05:48,btc,235.53471292402676,6148.69138226,0.00019300000000000000206605565988837724944460205733776092529296875,btc,185183.22958153,0.0,7.21590100050479,89
0,[],2,[],2019-01-20 23:31:45,0.0,0,0,6477083,2019-01-20 23:31:45,,0.0,0.0,0,,0.0,0.0,0.0,91
1,[],12,[],2019-01-29 16:05:50,507080.17595549,0.000007659999999999999505139770816786182194846333004534244537353515625,0.000000000261755222,6529574,2019-01-29 16:05:50,btc,2.7896944131429127,0.0,0.000007659999999999999505139770816786182194846333004534244537353515625,btc,10652.23268667,0.022271761756407,0.09518548339992,91
0,[],17,[],2019-01-29 16:05:52,0.0,0,0,6529575,2019-01-29 16:05:52,btc,0.0,0.0,0,btc,0.0,0.0,0.0,91
0.00000000009086820000000001,[],22,[],2019-01-29 16:05:57,39057501.0,5.4520920000000005e-18,1.8630725219640001e-22,6529576,2019-01-29 16:05:57,LTC,8.48431395,0.0,0.00000006,LTC,73790734.1,4.8679912104000005e-14,1.47543645,95
1,[],4,[],2019-01-29 16:05:58,133725852.42434867,0.00000001,0.000000000000341717,6529577,2019-01-29 16:05:58,btc,1.4300930839921402,0.0,0.00000001,"btc,ltc",70121683.12937064,0.00253373,0.008827287017350718,96
1,[],12,[],2019-01-29 16:06:00,1221111.0,0.00000001,0.000000000000341717,6529578,2019-01-29 16:06:00,btc,255060.8716200856,0.0,0.00000001,btc,7913743.33297676,0.0006880012287712,0.01221111,96
0,[],17,[],2019-01-29 16:06:01,0.0,0,0,6529579,2019-01-29 16:06:01,btc,0.0,0.0,0,btc,0.0,0.0,0.0,96
1,[],4,[],2019-01-28 01:29:03,1472892.19429314,0.00000039,0.000000000013841295,6517118,2019-01-28 01:29:03,btc,0.30363706505258,0.0,0.00000039,btc,473598.41813208,0.02260545,0.1322524391209234,99
1,[],4,[],2019-01-29 16:06:02,136228.99281361,0.00004101,0.000000001401381417,6529580,2019-01-29 16:06:02,btc,1.5890153759396262,0.0,0.00004101,btc,31900.28911392,2.35557979,3.1630488193298096,100
0,[],2,[],2019-01-20 23:23:55,0.0,0,0,6476914,2019-01-20 23:23:55,,0.0,0.0,0,,0.0,0.0,0.0,100
1,[],22,[],2019-01-29 16:06:08,50000.0,0.00000001,0.000000000000341717,6529581,2019-01-29 16:06:08,BTC,23.50383609,0.0,0.00000001,BTC,11277.22,0.0,0.0005,101
1,[],4,[],2019-01-29 16:06:09,151468.84966019,0.00000089,0.000000000030412813000000003,6529582,2019-01-29 16:06:09,btc,0.3995039394851899,0.0,0.00000089,btc,158403.00685897,0.00746156,0.0641851219244811,103
1,[],12,[],2019-01-29 16:06:12,72390864.77474426,0.000000019,0.0000000000006492623000000001,6529583,2019-01-29 16:06:12,btc,9138279201.227285,0.0,0.000000019,btc,147751705.3127909,0.03954519375139333,0.4808351829453967,105
1,[],27,[],2019-01-29 16:06:13,463254.46811249,0.00000001,0.000000000000341717,6529584,2019-01-29 16:06:13,btc,0.5565305755148419,14478.0,0.00000001,btc,635722.67435029,0.00028956,0.0046325446811249,105
0,[],22,[],2019-01-29 16:06:16,0.0,0,0,6529585,2019-01-29 16:06:16,,1.07253299,0.0,0,,94300.0,0.0,0.0,107
1,[],26,[],2019-01-29 16:06:16,0.0,0.00000000,0,6529586,2019-01-29 16:06:16,btc,0.0,0.0,0.00000000,btc,0.0,0.0,0.0,107
1,[],5,[],2019-01-29 16:06:18,1e-08,0.00000001,0.000000000000341717,6529587,2019-01-29 16:06:18,btc,3.28439813,0.00631126,0.00000001,btc,1.512e-05,0.0,0.04423784,112
1,[],22,[],2019-01-29 16:06:22,1966.0,0.00000001,0.000000000000341717,6529588,2019-01-29 16:06:22,BTC,2.84243449,0.0,0.00000001,BTC,977103.5833333334,0.0,1.966e-05,112
0,[],27,[],2019-01-29 16:06:25,0.0,0,0,6529589,2019-01-29 16:06:25,,1.25356065,0.0,0,"btc,eth",1328.0,0.0,0.0,112
1,[],4,[],2019-01-29 16:06:26,454372.845216,0.00000438,0.00000000014967204600000002,6529590,2019-01-29 16:06:26,btc,0.6133498642730492,0.0,0.00000438,btc,96342.91401962,0.76810333,0.4484805133765689,113
1,[],5,[],2019-01-29 16:06:28,2.467e-05,0.00000367,0.000000000125410139,6529591,2019-01-29 16:06:28,btc,2.15928215,0.00464198,0.00000367,btc,0.00309454,0.0,0.2021008,113
1,[],17,[],2019-01-29 16:06:30,233369.0,0.00000004,0.000000000001366868,6529592,2019-01-29 16:06:30,btc,1.3376290575638545,0.0,0.00000004,btc,72546.975,0.0,0.00543476,116
0,[],27,[],2019-01-29 16:06:33,0.0,0,0,6529593,2019-01-29 16:06:33,,0.0,0.0,0,btc,0.0,0.0,0.0,116
1,[],4,[],2019-01-29 16:06:34,49910.6525879,0.00001819,0.000000000621583223,6529594,2019-01-29 16:06:34,btc,0.4854211254264974,0.0,0.00001819,btc,22615.51327473,0.16538189,0.5228246396748303,120
1,[],7,[],2019-01-29 16:06:35,2397.06923256,0.00002108999999999999967032447700798769574248581193387508392333984375,0.000000000720681153,6529595,2019-01-29 16:06:35,btc,95.15202048137645,0.0,0.00002108999999999999967032447700798769574248581193387508392333984375,btc,25638.59615529,0.0,0.023031683832456698,120
1,[],20,[],2019-01-29 16:06:37,1165301.6608,0.000000013,0.0000000000004442321,6529596,2019-01-29 16:06:37,btc,33.7489442370083,12543.5,0.000000013,btc,1074422.3317,0.0001630655,0.0061929111866,125
1,[],22,[],2019-01-29 16:06:41,68433.0,0.00000001,0.000000000000341717,6529597,2019-01-29 16:06:41,BTC,0.01415863,0.0,0.00000001,BTC,293039.4,0.0,0.00068433,126
1,[],4,[],2019-01-29 16:06:42,76001.77083482,0.00001588,0.0000000005426465960000001,6529598,2019-01-29 16:06:42,btc,0.9062465336671913,0.0,0.00001588,btc,44829.26962284,0.40574251,0.3320699513439115,131
0,[],17,[],2019-01-29 16:06:44,0.0,0,0,6529599,2019-01-29 16:06:44,btc,0.0008451375975800001,0.0,0,btc,30.89614684,0.0,0.0,131
0,[],2,[],2019-01-20 23:25:46,0.0,0,0,6476969,2019-01-20 23:25:46,,0.0,0.0,0,,0.0,0.0,0.0,131
1,[],4,[],2019-01-29 16:06:44,6059.58403739,0.00018451,0.000000006305020367,6529600,2019-01-29 16:06:44,btc,1.6368549883892751,0.0,0.00018451,btc,284.34476376,0.00135757,0.0097158818715714,135
1,[],3,[],2019-01-29 16:06:45,1836666.2582704,0.00000008,0.000000000002733736,6529601,2019-01-29 16:06:45,btc,0.1565471852557681,23593.2973514,0.00000008,btc,311496.14141683,0.0,0.0653381072363403,136
1,[],4,[],2019-01-29 16:06:47,129430.15855257,0.00000190,0.00000000006492623,6529602,2019-01-29 16:06:47,btc,0.4882350888844306,0.0,0.00000190,btc,188292.33896913,0.13365663,0.1982387891928184,137
1,[],12,[],2019-01-29 16:06:48,322687.21010028,0.00000176000000000000008976326626441988310034503228962421417236328125,0.00000000006014219200000001,6529603,2019-01-29 16:06:48,btc,11972.819816416752,0.0,0.00000176000000000000008976326626441988310034503228962421417236328125,btc,131653.26663232,0.0742998601044547,0.0724553804409452,137
1,[],5,[],2019-01-29 16:06:50,0.00098194,0.00003171,0.0000000010835846070000001,6529604,2019-01-29 16:06:50,btc,2.2562942,1.18638815,0.00003171,btc,0.00204568,0.0,1.1579544,142
1,[],17,[],2019-01-29 16:06:51,12500.0,0.0000001,0.00000000000341717,6529605,2019-01-29 16:06:51,btc,0.68095000384894,0.0,0.0000001,btc,5932.0,0.0,0.00125,142
1,[],20,[],2019-01-29 16:06:53,152184.8018,0.00003233,0.000000001104771061,6529606,2019-01-29 16:06:53,btc,3.0638956971146,13203.0952,0.00003233,btc,18205.2222,0.5411296717551,0.2825212512783,142
1,[],22,[],2019-01-29 16:06:56,990.0,0.00001880,0.00000000064242796,6529607,2019-01-29 16:06:56,BTC,0.00073414,0.0,0.00001880,BTC,10.000500375281462,0.0,0.00022106,142
0.0,[],25,[],2019-01-29 16:06:58,0.0,0,0,6529608,2019-01-29 16:06:58,,0.0,0.0,0.0,btc,0.0,0.0,0.0,142
1,[],28,[],2019-01-29 16:07:02,78710.0,0.00002500,0.0000000008542925,6529609,2019-01-29 16:07:02,btc,0.143072340044,1774.7228,0.00002500,btc,2814.9968,0.0,0.0312247,142
0,[],22,[],2019-01-28 18:33:43,0.0,0,0,6521842,2019-01-28 18:33:43,,61.27958297,0.0,0,,815366265.8,0.0,0.0,143
1,[],21,[],2019-01-29 16:07:03,37339670.297673084,0.00000028,0.000000000009568076000000001,6529610,2019-01-29 16:07:03,btc,48.839261997169494,8478720.82529665,0.00000028,btc,80791589.8224598,2.47294106,5.686512105771531,145
0,[],22,[],2019-01-28 15:47:49,0.0,0,0,6520545,2019-01-28 15:47:49,,4.31668284,0.0,0,,1427838.5,0.0,0.0,146
,[],22,[],2018-11-20 23:01:11,0.0,0,0,4862114,2018-11-20 23:01:11,,2.56807021,0.0,,,61828.4988236,0.0,0.0,147
1,[],12,[],2019-01-29 15:08:33,8694889.62945311,0.0000030900000000000000613419905148848698672736645676195621490478515625,0.00000000010561929,6529204,2019-01-29 15:08:33,btc,17.076888002043397,0.0,0.0000030900000000000000613419905148848698672736645676195621490478515625,btc,111834.72407238,0.001266116187101,0.1308071800000181,148
1,[],4,[],2019-01-29 16:07:06,242858.90093403,0.00000031,0.000000000010593227,6529611,2019-01-29 16:07:06,btc,0.6886685604872061,0.0,0.00000031,btc,504193.68314126,0.0,0.0504325589092134,152
0,[],22,[],2019-01-29 16:07:09,0.0,0,0,6529612,2019-01-29 16:07:09,,0.0,0.0,0,,0.0,0.0,0.0,152
1,[],5,[],2019-01-29 16:07:11,0.0,0,0,6529613,2019-01-29 16:07:11,btc,4.37024355,0.0,0,btc,0.00161275,0.0,0.0,153
,[],16,[],2019-01-11 15:38:59,0.0,0,0,6366141,2019-01-11 15:38:59,btc,0.0,0.0,,btc,0.0,0.0,0.0,155
0,[],22,[],2019-01-29 16:07:17,0.0,0,0,6529614,2019-01-29 16:07:17,,6.73308927,0.0,0,,4561867.742592593,0.0,0.0,156
0,[],23,[],2019-01-20 23:24:29,0.0,0,0,6476932,2019-01-20 23:24:29,,0.0,0.0,0,,0.0,0.0,0.0,156
1,[],22,[],2019-01-29 16:07:21,7906.0,0.00000801,0.000000000273715317,6529615,2019-01-29 16:07:21,BTC,43.78801181,0.0,0.00000801,BTC,1067.5805334758436,0.0,0.00743836,157
0,[],22,[],2019-01-29 16:07:23,0.0,0,0,6529616,2019-01-29 16:07:23,,50175.6753658,0.0,0,,54007107.04179466,0.0,0.0,158
,[],17,[],2018-11-20 22:56:10,0.0,0,0,4861976,2018-11-20 22:56:10,btc,1.1265625,0.0,,btc,1000.0,0.0,0.0,159
,[],20,[],2018-11-20 22:56:12,0.0,0,0,4861977,2018-11-20 22:56:12,btc,11912.7940471,0.0,,btc,34413894.3617,0.0,0.0,159
1,[],12,[],2019-01-29 16:07:25,195140.19713487,0.000009989999999999999219708370079562342880308278836309909820556640625,0.000000000341375283,6529617,2019-01-29 16:07:25,btc,6.653801121948334,0.0,0.000009989999999999999219708370079562342880308278836309909820556640625,btc,14146.54908934,0.0012382274,0.1017179942000155,168
1,[],17,[],2019-01-29 16:07:26,29784.95,0.000001,0.0000000000341717,6529618,2019-01-29 16:07:26,btc,0.0353989844335,0.0,0.000001,btc,196.82520268,0.0,0.00716147,168
1,[],22,[],2019-01-29 16:07:30,1433447.0,0.00000001,0.000000000000341717,6529619,2019-01-29 16:07:30,BTC,1.13380276,0.0,0.00000001,BTC,689102.5537281231,0.0,0.01433447,169
1,[],22,[],2019-01-29 16:07:34,49726.93214285714,0.0000004,0.00000000001366868,6529620,2019-01-29 16:07:34,BTC,2.4640808,0.0,0.0000004,BTC,55222.205822391494,0.00071339,0.01578505,171
1,[],22,[],2019-01-29 16:07:38,183669.8245614035,0.0000003,0.000000000010251510000000001,6529621,2019-01-29 16:07:38,BTC,2.84941497,0.0,0.0000003,BTC,248722.88009479616,0.0,0.01009653,173
1,[],5,[],2019-01-29 16:07:41,8.098e-05,0.00000451,0.00000000015411436700000002,6529622,2019-01-29 16:07:41,btc,0.41984423,0.01571033,0.00000451,btc,0.00036943,0.0,0.84853035,175
1,[],22,[],2019-01-29 16:07:45,40554.0,0.0000007,0.00000000002392019,6529623,2019-01-29 16:07:45,BTC,0.63402739,0.0,0.0000007,BTC,152826.57822767255,0.00576128,0.01480313,176
1,[],7,[],2019-01-29 16:07:45,0.0,0,0,6529624,2019-01-29 16:07:45,btc,10965.679379442512,1249.0,0,btc,122500128.45418899,1.249e-05,0.0,178
0,[],22,[],2019-01-29 16:07:48,0.0,0,0,6529625,2019-01-29 16:07:48,,1.00242428,0.0,0,,57512.0,0.0,0.0,178
0,[],2,[],2019-01-20 23:28:34,0.0,0,0,6477001,2019-01-20 23:28:34,,0.0,0.0,0,,0.0,0.0,0.0,178
1,[],5,[],2019-01-29 16:07:50,1e-07,0.00000004,0.000000000001366868,6529626,2019-01-29 16:07:50,btc,15.75248669,1.28477754,0.00000004,btc,2.498e-05,0.0,1.61248715,179
1,[],22,[],2019-01-29 16:07:55,8023225.038095238,0.00000003,0.0000000000010251510000000001,6529627,2019-01-29 16:07:55,BTC,5.47045387,0.0,0.00000003,"BTC,LTC",16489330.651989967,0.0070545,0.39522065,179
0,[],23,[],2019-01-20 23:25:08,0.0,0,0,6476952,2019-01-20 23:25:08,,0.0,0.0,0,,0.0,0.0,0.0,179
1,[],17,[],2019-01-29 16:07:57,10504.725,0.0000001,0.00000000000341717,6529628,2019-01-29 16:07:57,btc,5.206877489877147,0.0,0.0000001,btc,7465.6174587,0.0,0.0010504725,180
1,[],22,[],2019-01-29 16:08:01,5785.4,0.00000001,0.000000000000341717,6529629,2019-01-29 16:08:01,BTC,0.09613315,0.0,0.00000001,"BTC,LTC",16616.37037600151,0.0004240900000002608,7.724e-05,180
1,[],26,[],2019-01-29 16:08:01,0.0,0.00000020,0.00000000000683434,6529630,2019-01-29 16:08:01,btc,0.0,3188.0,0.00000020,btc,0.0,0.0,0.0,180
,[],7,[],2018-11-20 22:58:01,562227.975654,0.00000085,0.000000000036176765,4862015,2018-11-20 22:58:01,btc,21836.6059674,2491.87645172,,btc,749999.041456,0.00211021,0.127565380455,183
,[],5,[],2019-01-10 08:11:41,0.0,0,0,6347036,2019-01-10 08:11:41,btc,82.15055501,0.00261,,btc,1.19002445,0.0,0.0,187
1,[],24,[],2019-01-29 16:08:01,0.0,0.000000000001,3.4171700000000004e-17,6529631,2019-01-29 16:08:01,btc,0.0,0.0,0.000000000001,btc,0.0,0.0,0.0,187
,[],17,[],2018-11-16 20:58:10,4062536.27273,0.00000001,0.000000000000550501,4708775,2018-11-16 20:58:10,btc,3.36492563466,0.195460381006,,"btc,eth",110697919.549,0.0,0.0157628953496,187
0,[],22,[],2019-01-29 16:08:04,0.0,0,0,6529632,2019-01-29 16:08:04,,1.19382741,0.0,0,,13380.036201072173,0.0,0.0,191
0,[],22,[],2019-01-29 02:57:02,0.0,0,0,6524994,2019-01-29 02:57:02,,0.0,0.0,0,,0.0,0.0,0.0,197
0,[],23,[],2019-01-20 23:31:41,0.0,0,0,6477079,2019-01-20 23:31:41,,0.0,0.0,0,,0.0,0.0,0.0,199
1,[],26,[],2019-01-29 16:08:06,0.0,0.00000000,0,6529633,2019-01-29 16:08:06,btc,0.0,757122.0,0.00000000,btc,0.0,0.0,0.0,199
0,[],17,[],2019-01-29 16:08:07,0.0,0,0,6529634,2019-01-29 16:08:07,btc,6.802544163760307,0.0,0,btc,105897.55575295,0.0,0.0,200
0,[],2,[],2019-01-20 23:30:49,0.0,0,0,6477059,2019-01-20 23:30:49,,0.0,0.0,0,,0.0,0.0,0.0,201
1,[],4,[],2019-01-25 15:51:35,2084389.58565343,0.00000936,0.000000000333526752,6499557,2019-01-25 15:51:35,btc,2.0092503037378524,0.0,0.00000936,btc,160195.80207885,0.19272417,1.242687955921835,211
1,[],7,[],2019-01-29 16:08:10,19654474.113094497,0.000001230000000000000081983031474663903281907550990581512451171875,0.000000000042031191000000005,6529635,2019-01-29 16:08:10,btc,16567814.380272865,743640.122368,0.000001230000000000000081983031474663903281907550990581512451171875,btc,12054556.09597508,0.0,7.63496194068435,212
1,[],5,[],2019-01-29 16:08:12,5.24e-06,0.00000036,0.000000000012301812000000001,6529636,2019-01-29 16:08:12,btc,0.96904593,0.02650781,0.00000036,btc,3.24e-05,0.0,0.34400178,213
1,[],24,[],2019-01-29 16:08:12,0.0,0.000000050000,0.000000000001708585,6529637,2019-01-29 16:08:12,btc,0.0,0.0,0.000000050000,btc,0.0,0.0,0.0,213
1,[],26,[],2019-01-29 16:08:12,0.0,0.00000003,0.0000000000010251510000000001,6529638,2019-01-29 16:08:12,btc,0.0,0.0,0.00000003,btc,0.0,0.0,0.0,213
1,[],12,[],2019-01-25 02:44:32,207462.42853209,0.000001080000000000000035831255497387193287295303889550268650054931640625,0.000000000038610756000000006,6493050,2019-01-25 02:44:32,btc,85023.03793723314,0.0,0.000001080000000000000035831255497387193287295303889550268650054931640625,btc,43675.73520027,0.000146250909087,0.0348620860622024,213
1,[],22,[],2019-01-29 16:08:16,276400.0,0.00000002,0.000000000000683434,6529639,2019-01-29 16:08:16,BTC,70.22563965,0.0,0.00000002,BTC,269624.63907173084,0.0001,0.004714,216
1,[],27,[],2019-01-29 16:08:18,5077845.0,0.00000011,0.000000000003758887,6529640,2019-01-29 16:08:18,btc,698.85574826316,42830.041,0.00000011,"btc,ltc",267561.13311,0.02141502000000091,0.0524925,216
1,[],22,[],2019-01-29 16:08:22,271474.482503991,0.00000231,0.000000000078936627,6529641,2019-01-29 16:08:22,BTC,12677.83318205,0.0,0.00000231,BTC,377648.25183781894,0.06399463,0.369381,217
1,[],7,[],2019-01-29 16:08:23,0.0,0,0,6529642,2019-01-29 16:08:23,btc,302.63931663911063,0.0,0,btc,140340320.6214003,0.0,0.0,219
0,[],27,[],2019-01-29 16:08:24,0.0,0,0,6529643,2019-01-29 16:08:24,,0.0747309448198,0.0,0,btc,1605140.29226592,0.0,0.0,219
0.0000000000000056,[],28,[],2019-01-29 16:08:30,202434013.575,2.3520000000000003e-18,8.037183840000001e-23,6529644,2019-01-29 16:08:30,doge,84554.0293717675,29892.997,0.00042000,"btc,doge",4419437.84751,0.0,1.4338664446603786e-11,219
1,[],22,[],2019-01-29 16:08:34,203718.0,0.00000055,0.000000000018794435,6529645,2019-01-29 16:08:34,BTC,2.38898712,0.0,0.00000055,BTC,30954.905658528754,0.00370021,0.02094473,221
1,[],24,[],2019-01-29 16:08:34,0.0,0.000000550000,0.000000000018794435,6529646,2019-01-29 16:08:34,btc,0.0,0.0,0.000000550000,btc,0.0,0.0,0.0,221
1,[],26,[],2019-01-29 16:08:35,0.0,0.00000002,0.000000000000683434,6529647,2019-01-29 16:08:35,btc,0.0,11042.0,0.00000002,btc,0.0,0.0,0.0,231
1,[],26,[],2019-01-29 16:08:35,0.0,0.00000004,0.000000000001366868,6529648,2019-01-29 16:08:35,btc,0.0,273.0,0.00000004,btc,0.0,0.0,0.0,234
0,[],27,[],2019-01-29 16:08:38,0.0,0,0,6529649,2019-01-29 16:08:38,,0.0113483662182,0.0,0,"btc,eth",11462.99618,0.0,0.0,234
0.00000000009086820000000001,[],22,[],2019-01-29 16:08:41,7995864.0,9.086820000000001e-19,3.10512086994e-23,6529650,2019-01-29 16:08:41,LTC,3.49577391,0.0,0.00000001,LTC,93681532.71349207,9.997751896632e-12,0.07995864,235
1,[],4,[],2019-01-29 16:08:42,2265248.5521429,0.00000078,0.000000000026653926,6529651,2019-01-29 16:08:42,btc,0.1410786337071496,0.0,0.00000078,btc,121764.72260235,0.02102248,0.2085184844258858,236
1,[],24,[],2019-01-29 16:08:42,0.0,0.000000010000,0.000000000000341717,6529652,2019-01-29 16:08:42,btc,0.0,0.0,0.000000010000,btc,0.0,0.0,0.0,236
1,[],20,[],2019-01-29 16:08:44,183284026.125,0.000000064,0.0000000000021869888000000003,6529653,2019-01-29 16:08:44,btc,14.2391717898975,21810350.951,0.000000064,btc,23950723.7965,1.4307142510249,0.4377256048834,237
1,[],22,[],2019-01-29 16:08:48,10000.0,0.00000001,0.000000000000341717,6529654,2019-01-29 16:08:48,BTC,0.04134357,0.0,0.00000001,BTC,9254.2,0.0,0.0001,237
1,[],4,[],2019-01-29 16:08:49,4264994.68534467,0.00000032,0.000000000010934944,6529655,2019-01-29 16:08:49,btc,0.4133338552512476,0.0,0.00000032,btc,1181280.95962777,0.24111023,1.242685493246401,238
1,[],5,[],2019-01-29 16:08:50,3.64e-06,0.00000031,0.000000000010593227,6529656,2019-01-29 16:08:50,btc,0.75896337,0.00247343,0.00000031,btc,2.855e-05,0.0,0.31000704,238
1,[],22,[],2019-01-29 16:08:54,261262.85,0.00000005,0.000000000001708585,6529657,2019-01-29 16:08:54,BTC,15.41033376,0.0,0.00000005,BTC,242173.34828947368,0.0,0.00866469,249
0.00000000009086820000000001,[],22,[],2019-01-29 16:08:58,1803042.0,9.086820000000001e-19,3.10512086994e-23,6529658,2019-01-29 16:08:58,LTC,0.67522372,0.0,0.00000001,LTC,15272245.015,1.3730148672720001e-12,0.01803042,252
1,[],28,[],2019-01-29 16:09:03,2048897.319,0.00000008,0.000000000002733736,6529659,2019-01-29 16:09:03,btc,164692.84104679496,12704.1,0.00000008,btc,1291178.2807,0.0,0.07545856627,256
0,[],27,[],2019-01-29 16:09:06,0.0,0,0,6529660,2019-01-29 16:09:06,,4.96668,0.0,0,"btc,eth",90.59,0.0,0.0,257
1,[],22,[],2019-01-29 16:09:09,189785.0,0.00000004,0.000000000001366868,6529661,2019-01-29 16:09:09,BTC,35605.55895951,0.0,0.00000004,BTC,478174.1102695752,0.001205,0.00238085,258
1,[],22,[],2019-01-26 20:58:41,368451.0,0.00000001,0.000000000000356135,6510120,2019-01-26 20:58:41,BTC,2.642917,0.0,0.00000001,"BTC,LTC",1862.0,0.0,0.02488451,259
1,[],22,[],2019-01-29 16:09:13,3440.8449032258063,0.00000775,0.000000000264830675,6529662,2019-01-29 16:09:13,BTC,4.68663743,0.0,0.00000775,BTC,6070.145866142444,0.00016149,0.02375359,262
1,[],5,[],2019-01-29 16:09:15,0.0001732,0.00002312,0.0000000007900497040000001,6529663,2019-01-29 16:09:15,btc,67811.70749283,1.65010771,0.00002312,btc,11111.11546526,0.0,0.45585163,264
1,[],20,[],2019-01-29 16:09:17,1201277.2098,0.000002112,0.0000000000721706304,6529664,2019-01-29 16:09:17,btc,5.6967973877644,41617.2847,0.000002112,btc,95307.9157,0.2848634908406,0.0392320059618,264
1,[],22,[],2019-01-29 16:09:21,164704.0,0.00000003,0.0000000000010251510000000001,6529665,2019-01-29 16:09:21,BTC,2094.98883571,0.0,0.00000003,BTC,242010.0959888626,1.5e-06,0.00394586,271
0,[],22,[],2019-01-29 16:09:24,0.0,0,0,6529666,2019-01-29 16:09:24,,242.59396368,0.0,0,,12792025291.9,0.0,0.0,272
0.0000000000000056,[],28,[],2019-01-29 16:09:29,214797489646.683,5.3200000000000004e-21,1.8179344400000002e-25,6529667,2019-01-29 16:09:29,doge,51991903.72514868,36800581697.0552,0.00000095,doge,150152149886.56198,0.0,5.805294736240074e-10,272
