pairValue,buyBook,exchangeId,sellBook,updated,buyTotal,satoshiPrice,usdPrice,exchangeLogId,created,bestPair,sellTotalBtc,volume,pairPrice,activePairs,sellTotal,volumeBtc,buyTotalBtc,coinId
1,[],3,[],2019-08-21 15:13:08,963.865074823205,0.008000000000000000166533453693773481063544750213623046875,0.0000008052,7922467,2019-08-21 15:13:08,btc,9.377842732910711,2.66362145152,0.008000000000000000166533453693773481063544750213623046875,btc,40.138444119999,0.0,0.28884503224299474,1
1,[],4,[],2019-08-21 15:13:09,25018.37898736,0.00792905,0.0000007980588825,7922468,2019-08-21 15:13:09,btc,12.837340731201374,0.0,0.00792905,btc,586.85033602,0.79228778,0.8877653174352094,1
1,[],12,[],2019-08-21 15:13:16,190.41340012,0.0079399999999999991417976019647539942525327205657958984375,0.0000007991609999999999,7922469,2019-08-21 15:13:16,btc,0.8732826535288,0.0,0.0079399999999999991417976019647539942525327205657958984375,btc,100.49343952,0.802040122828,0.1989753621675,1
1,[],20,[],2019-08-21 15:13:18,932.4566,0.00790434,0.000000795571821,7922470,2019-08-21 15:13:18,btc,0.236190845317,1.3513,0.00790434,btc,20.2427,0.0110119273914,0.130589732027,1
1,[],21,[],2019-08-21 15:13:18,1915.96015927,0.007958049999999999499222802513,0.0000008009777325,7922471,2019-08-21 15:13:18,btc,16.488917914033472,809.81514248,0.00795804999999999949922280251257689087651669979095458984375,"btc,eth",2448.87142214,6.110375243646516,12.906522632240119,1
1,[],22,[],2019-08-21 15:13:22,0.5198816666666667,0.00600000,0.0000006039000000000001,7922472,2019-08-21 15:13:22,BTC,0.01700334,0.0,0.00600000,BTC,0.283670650841137,0.0,0.00302178,1
1,[],24,[],2019-08-21 15:13:22,0.0,0.000000000000,0,7922473,2019-08-21 15:13:22,btc,0.0,0.0,0.000000000000,btc,0.0,0.0,0.0,1
0.0,[],25,[],2019-08-21 15:13:23,0.0,0,0,7922474,2019-08-21 15:13:23,btc,51.47709999849025,18747.94562256,0.0,btc,6267.50834409,152.1942,0.0,1
1,[],26,[],2019-08-21 15:13:28,0.0,0,0,7922475,2019-08-21 15:13:28,,0.0,0.0,0,,0.0,0.0,0.0,1
0,[],28,[],2019-08-21 15:15:29,0.0,0,0,7922476,2019-08-21 15:15:29,,0.0,2612.0,0,,0.0,0.0,0.0,1
1,[],10,[],2019-07-13 08:58:05,251434.9725798,0.00271069,0.00000031407274150500003,7812232,2019-07-13 08:58:05,btc,6515.317158446701,1686.04548878,0.00271069,btc,2002.66956917,0.0,1.2639712180673435,1
1,[],5,[],2019-07-06 00:27:44,0.0,0,0,7800775,2019-07-06 00:27:44,btc,0.0,0.00190933,0,btc,0.0,0.0,0.0,1
0,[],2,[],2019-01-20 23:28:45,0.0,0,0,6477011,2019-01-20 23:28:45,,0.0,0.0,0,,0.0,0.0,0.0,1
0,[],22,[],2019-08-21 15:06:25,0.0,0,0,7922366,2019-08-21 15:06:25,,0.0,0.0,0,,0.0,0.0,0.0,2
1,[],5,[],2019-07-06 00:28:14,0.0,0,0,7800785,2019-07-06 00:28:14,btc,0.0,0.00208797,0,btc,0.0,0.0,0.0,2
1,[],12,[],2019-08-21 15:15:31,5983524.40728197,0.000000061,0.000000000006139650000000001,7922477,2019-08-21 15:15:31,btc,43032.80124559056,0.0,0.000000061,btc,9276621.48343087,0.065902216688,0.2612990808410236,3
0,[],28,[],2019-08-21 15:15:33,0.0,0,0,7922478,2019-08-21 15:15:33,,0.0,0.0,0,,0.0,0.0,0.0,3
1,[],5,[],2019-06-03 14:48:58,0.0,0,0,7731126,2019-06-03 14:48:58,btc,0.0,0.05905545,0,btc,0.0,0.0,0.0,3
0,[],2,[],2019-01-20 23:31:32,0.0,0,0,6477077,2019-01-20 23:31:32,,0.0,0.0,0,,0.0,0.0,0.0,4
1,[],4,[],2019-08-19 07:13:39,5576051.9095195,0.00000012,0.000000000012681852,7911861,2019-08-19 07:13:39,btc,25.86361324985451,0.0,0.00000012,btc,1094878.27526979,0.00024951,0.0793524101309535,4
0,[],2,[],2019-01-20 23:31:51,0.0,0,0,6477087,2019-01-20 23:31:51,,0.0,0.0,0,,0.0,0.0,0.0,6
1,[],11,[],2019-08-15 15:27:29,324074.0,0.00000001,0.0000000000010065590000000001,7900084,2019-08-15 15:27:29,btc,9583.47119397936,4910218.0,0.00000001,btc,78345418.50750598,0.0,0.00324074,6
1,[],3,[],2019-08-21 15:15:35,11403.600251043403,0.00006941000000000000121069820835373320733197033405303955078125,0.0000000069861165,7922479,2019-08-21 15:15:35,btc,1026.302809873739,0.0,0.00006941000000000000121069820835373320733197033405303955078125,btc,439.414759279976,0.0,0.0196619984003352,7
1,[],4,[],2019-08-21 15:15:36,48891.67882551,0.00008251,0.0000000083046315,7922480,2019-08-21 15:15:36,btc,12.123424265999638,0.0,0.00008251,btc,70493.31209445,0.67695194,2.2360550298763706,7
1,[],5,[],2019-07-06 00:28:21,0.0,0,0,7800789,2019-07-06 00:28:21,btc,0.0,0.38662001,0,btc,0.0,0.0,0.0,7
1,[],4,[],2019-08-21 15:15:37,23628575.82631409,0.00000021,0.0000000000211365,7922481,2019-08-21 15:15:37,btc,5.8208482612081385,0.0,0.00000021,btc,11412708.222359,0.29328171,1.6616948606087845,12
0.0,[],25,[],2019-08-21 15:15:39,0.0,0,0,7922482,2019-08-21 15:15:39,,0.0,0.0,0.0,btc,0.0,0.0,0.0,12
1,[],5,[],2019-07-05 17:50:59,0.0,0,0,7799863,2019-07-05 17:50:59,btc,0.0,0.04857279,0,btc,0.0,0.0,0.0,12
0,[],2,[],2019-01-20 23:23:08,0.0,0,0,6476890,2019-01-20 23:23:08,,0.0,0.0,0,,0.0,0.0,0.0,12
1,[],4,[],2019-08-21 15:15:41,981375.42429269,0.00000117,0.0000000001177605,7922483,2019-08-21 15:15:41,btc,3.3992868035504453,0.0,0.00000117,btc,907382.56768751,0.17602961,0.3212316320879654,13
1,[],10,[],2019-08-21 15:15:43,781673.25099098,0.0000012,0.00000000012078,7922484,2019-08-21 15:15:43,btc,666797.3188811581,16695.0209303,0.0000012,btc,1006872.03169482,0.0,0.0799065307414843,13
1,[],21,[],2019-08-21 15:15:44,5149674.7864802005,0.000001170000000000000021170673721,0.0000000001177605,7922485,2019-08-21 15:15:44,btc,3.7016179332198673,538599.99106819,0.000001170000000000000021170673721038202330646527116186916828155517578125,btc,2024949.34673724,0.6743608,1.3983383287403224,13
1,[],4,[],2019-08-21 15:06:44,1233029.99553283,0.00000076,0.000000000076253384,7922375,2019-08-21 15:06:44,btc,2.583015854503734,0.0,0.00000076,btc,869557.6429223,0.06269427,0.1806910279827539,14
1,[],12,[],2019-08-21 15:06:45,213557.06745186,0.00000075,0.00000000007525005,7922376,2019-08-21 15:06:45,btc,181.98328394976727,0.0,0.00000075,btc,31566.5760854,0.000216375,0.0179194028434867,14
0,[],17,[],2019-08-21 15:06:46,0.0,0,0,7922377,2019-08-21 15:06:46,btc,0.0,0.0,0,btc,0.0,0.0,0.0,14
1,[],26,[],2019-08-21 15:06:46,0.0,0,0,7922378,2019-08-21 15:06:46,,0.0,0.0,0,,0.0,0.0,0.0,14
0,[],4,[],2019-08-21 15:15:45,0.0,0,0,7922486,2019-08-21 15:15:45,,0.0,0.0,0,,0.0,0.0,0.0,15
,[],12,[],2018-12-01 15:15:48,204241.84496,0.00000489,0.000000000202473384,5260204,2018-12-01 15:15:48,btc,49.5475654835,0.0,,btc,35763.2193806,0.0163153972027625,0.0203389899998,15
0,[],2,[],2019-01-20 23:23:38,0.0,0,0,6476906,2019-01-20 23:23:38,,0.0,0.0,0,,0.0,0.0,0.0,18
1,[],4,[],2019-08-21 15:06:48,33161.12780896,0.00000693,0.000000000695310462,7922380,2019-08-21 15:06:48,btc,2.431749524611452,0.0,0.00000693,btc,23445.65883112,0.01732321,0.0352768668036965,18
1,[],10,[],2019-08-21 15:06:50,398339.59446812,0.00000701,0.000000000703337134,7922381,2019-08-21 15:06:50,btc,14.910506733428091,3354.03791742,0.00000701,btc,14031.11329039,0.0,0.2708480213568799,18
1,[],12,[],2019-08-21 15:06:51,4852.60595104,0.000007240000000000000138244450609281699371422291733324527740478515625,0.0000000007264138160000001,7922382,2019-08-21 15:06:51,btc,0.565743802904201,0.0,0.000007240000000000000138244450609281699371422291733324527740478515625,btc,1901.90897517,3.62e-07,0.0123501016196973,18
0,[],17,[],2019-08-21 15:06:54,0.0,0,0,7922383,2019-08-21 15:06:54,btc,0.0,0.0,0,btc,0.0,0.0,0.0,18
1,[],3,[],2019-08-21 15:15:46,215996.00130523113,0.0000053999999999999999673980406733608816693958942778408527374267578125,0.00000000054351,7922487,2019-08-21 15:15:46,btc,190.6635636873254,511.43,0.0000053999999999999999673980406733608816693958942778408527374267578125,btc,56520.92501685089,0.0,0.36564802706633004,19
1,[],4,[],2019-08-21 15:15:46,562337.8990503,0.00000524,0.000000000527406,7922488,2019-08-21 15:15:46,btc,3.072870434222906,0.0,0.00000524,btc,270749.06651169,0.08464054,1.5232776387354496,19
1,[],12,[],2019-08-21 15:15:48,130085.3842485,0.00000566000000000000001916002079216383435777970589697360992431640625,0.000000000569679,7922489,2019-08-21 15:15:48,btc,0.3396710820564031,0.0,0.00000566000000000000001916002079216383435777970589697360992431640625,btc,3212.8622266,0.000710012415,0.0199074499998764,19
0,[],27,[],2019-08-12 16:48:42,0.0,0,0,7891818,2019-08-12 16:48:42,,0.0,0.0,0,btc,0.0,0.0,0.0,19
0,[],2,[],2019-01-20 23:24:19,0.0,0,0,6476924,2019-01-20 23:24:19,,0.0,0.0,0,,0.0,0.0,0.0,19
1,[],5,[],2019-07-06 02:01:19,0.0,0,0,7800799,2019-07-06 02:01:19,btc,0.0,0.0,0,btc,0.0,0.0,0.0,19
1,[],4,[],2019-08-19 09:56:57,10479102.32813501,0.00000006,0.00000000000640596,7912317,2019-08-19 09:56:57,btc,4.984292824562718,0.0,0.00000006,btc,2305413.8842246,0.0,0.1263090499480169,20
0,[],4,[],2019-08-21 15:15:50,0.0,0,0,7922490,2019-08-21 15:15:50,,58251.863524241395,0.0,0,,172988063.31614378,0.0001,0.0,21
0,[],12,[],2019-08-21 15:15:51,0.0,0,0,7922491,2019-08-21 15:15:51,btc,2617.972049630909,0.0,0,btc,8226239.88911087,0.0,0.0,21
0,[],17,[],2019-08-21 15:15:53,0.0,0,0,7922492,2019-08-21 15:15:53,btc,0.0,0.0,0,btc,0.0,0.0,0.0,21
1,[],12,[],2019-08-21 15:15:54,5850590396.509668,0.0000000019,0.00000000000019123500000000002,7922493,2019-08-21 15:15:54,btc,167285693956.21158,0.0,0.0000000019,btc,1753900474.250706,0.282181992674,4.943494743708569,23
0.0000000002204393,[],27,[],2019-07-29 17:24:02,79794022.5,8.5971327e-17,8.21370058158e-21,7852364,2019-07-29 17:24:02,eth,1253.5830452782222,787155.0,0.00000039,eth,2317982.66147653,6.7672759904685e-11,2.1948587434632156e-09,23
1,[],4,[],2019-08-21 15:15:55,6129155.52101957,0.00000040,0.00000000004026,7922494,2019-08-21 15:15:55,btc,5.389812523341231,0.0,0.00000040,btc,1698929.8913496,0.02202457,0.2123424783856037,24
0,[],22,[],2019-08-21 15:15:57,0.0,0,0,7922495,2019-08-21 15:15:57,,0.0,0.0,0,,0.0,0.0,0.0,24
0.0,[],25,[],2019-08-21 15:15:59,0.0,0,0,7922496,2019-08-21 15:15:59,,0.0,0.0,0.0,btc,0.0,0.0,0.0,24
1,[],4,[],2019-08-21 15:16:00,26962817.89846311,0.00000350,0.000000000352275,7922497,2019-08-21 15:16:00,btc,3.691905929463737,0.0,0.00000350,btc,207605.99589151,0.07642143,0.4592793718645044,26
1,[],10,[],2019-08-21 15:16:02,222042.4753643,0.00000386,0.00000000038850900000000003,7922498,2019-08-21 15:16:02,btc,25.709800759301608,6993.34265122,0.00000386,btc,18672.5174904,0.0,0.0368329123499448,26
0,[],2,[],2019-01-20 23:25:56,0.0,0,0,6476976,2019-01-20 23:25:56,,0.0,0.0,0,,0.0,0.0,0.0,26
0.0000000000712601,[],4,[],2019-08-21 15:16:03,819588075.781516,5.1307272e-17,5.1640769268e-21,7922499,2019-08-21 15:16:03,ltc,11.934246712845017,0.0,0.00000072,ltc,972127639.0602429,0.00013101,7.254045449588205e-09,29
1,[],7,[],2019-08-21 15:16:04,0.0,0,0,7922500,2019-08-21 15:16:04,btc,1236880.8088493831,0.0,0,btc,61714851.72113844,0.0,0.0,29
1,[],4,[],2019-08-21 15:07:14,15036556.83756628,0.00000007,0.000000000007023338,7922398,2019-08-21 15:07:14,btc,2.6080203473237753,0.0,0.00000007,btc,2006655.85044338,0.0,0.1720253123988888,30
0,[],17,[],2019-08-21 15:07:16,0.0,0,0,7922399,2019-08-21 15:07:16,btc,0.0,0.0,0,btc,0.0,0.0,0.0,30
1,[],4,[],2019-08-21 15:16:05,214672.2820798,0.00002737,0.0000000027547905,7922501,2019-08-21 15:16:05,btc,2.206732230437462,0.0,0.00002737,btc,47802.88598159,0.25733952,0.5456922549311309,31
1,[],21,[],2019-08-21 15:16:05,6285252.36646149,0.00002841999999999999894687539859,0.000000002860473,7922502,2019-08-21 15:16:05,btc,6.091451652154382,36890.93572304,0.00002841999999999999894687539858662006508893682621419429779052734375,btc,166437.05696185,1.04823499,5.22455398642559,31
0,[],2,[],2019-01-20 23:28:43,0.0,0,0,6477009,2019-01-20 23:28:43,,0.0,0.0,0,,0.0,0.0,0.0,32
0,[],4,[],2019-08-21 15:16:07,0.0,0,0,7922503,2019-08-21 15:16:07,,0.0,0.0,0,,0.0,0.0,0.0,33
1,[],12,[],2019-03-30 07:55:10,40641173.964,0.00000003,0.000000000001228359,7108785,2019-03-30 07:55:10,btc,4233210.82356125,0.0,0.00000003,btc,28378394.68333462,0.0126927883965248,0.90752895892,33
0.0000000000712601,[],4,[],2019-08-21 15:16:08,36814672.90933994,2.9929242000000004e-17,3.0123782073e-21,7922504,2019-08-21 15:16:08,ltc,6.046915463750885,0.0,0.00000042,ltc,163877309.11467034,0.0001,4.1293768327045886e-10,34
1,[],5,[],2019-07-06 02:03:46,0.0,0,0,7800811,2019-07-06 02:03:46,btc,0.0,0.0,0,btc,0.0,0.0,0.0,34
1,[],27,[],2019-08-12 16:26:17,6255.0,0.00000019,0.000000000021630303,7891745,2019-08-12 16:26:17,btc,22.61101824371233,0.0,0.00000019,btc,4198.924835,0.0,0.00091445,37
1,[],4,[],2019-08-21 15:16:09,10593522.60568866,0.00000014,0.000000000014091,7922505,2019-08-21 15:16:09,btc,19774.67281221563,0.0,0.00000014,btc,2328619.58068623,0.00274834,0.1435639469359417,37
1,[],12,[],2019-08-21 15:16:10,8334337.45664074,0.00000015,0.0000000000150975,7922506,2019-08-21 15:16:10,btc,1729.328319473481,0.0,0.00000015,btc,2078985.43232482,0.020271515606,0.2792784148378391,37
1,[],17,[],2019-08-21 15:16:12,210000.45146899,0.00000025,0.0000000000251625,7922507,2019-08-21 15:16:12,btc,0.003138923777095,0.0,0.00000025,"btc,eth",803.94918473,0.0,0.0001001128676152974,37
0,[],27,[],2019-08-12 16:26:27,0.0,0,0,7891747,2019-08-12 16:26:27,,0.001005,0.0,0,"btc,eth",3.0,0.0,0.0,42
1,[],12,[],2019-08-21 15:16:14,215852.79598054,0.000001039999999999999995289683661636725986454621306620538234710693359375,0.000000000104676,7922508,2019-08-21 15:16:14,btc,522.2365682746287,0.0,0.000001039999999999999995289683661636725986454621306620538234710693359375,btc,151032.70207019,0.002611619942,0.0542236074759198,42
1,[],5,[],2019-07-06 02:03:47,0.0,0,0,7800812,2019-07-06 02:03:47,btc,0.0,0.14382058,0,btc,0.0,0.0,0.0,42
1,[],12,[],2019-03-13 09:13:29,1112112.0,0.00000001,0.000000000000386531,6919902,2019-03-13 09:13:29,btc,29058.00478931866,0.0,0.00000001,btc,5967681.93306694,9.99000999e-07,0.01112112,43
1,[],5,[],2019-04-26 22:38:52,0.0,0,0,7474154,2019-04-26 22:38:52,btc,0.0,0.02638891,0,btc,0.0,0.0,0.0,43
0,[],17,[],2019-04-26 22:38:53,0.0,0,0,7474155,2019-04-26 22:38:53,btc,0.0,0.0,0,btc,0.0,0.0,0.0,43
0.0000000000712601,[],4,[],2019-08-21 15:16:17,107313898.42054984,7.3397903e-17,7.38749893695e-21,7922509,2019-08-21 15:16:17,ltc,1922.8515590210843,0.0,0.00000103,ltc,24921700.12998427,0.0,3.901527651011853e-10,49
0.0000000000712601,[],4,[],2019-08-21 15:16:19,314926613.5647785,1.6389823e-17,1.64963568495e-21,7922510,2019-08-21 15:16:19,ltc,31188.649247221834,0.0,0.00000023,ltc,232177530.47930357,0.0,5.754976627406461e-10,52
0,[],27,[],2019-08-12 16:26:37,0.0,0,0,7891750,2019-08-12 16:26:37,,0.0,0.0,0,"btc,eth",0.0,0.0,0.0,57
0,[],22,[],2019-08-21 15:16:21,0.0,0,0,7922511,2019-08-21 15:16:21,,10290.04779686,0.0,0,,283696231.3316013,0.0,0.0,57
0.0000000000712601,[],4,[],2019-08-21 15:16:22,1043928416.7552229,7.126010000000001e-19,7.172329065e-23,7922512,2019-08-21 15:16:22,ltc,19.786857988510988,0.0,0.00000001,ltc,5497257796.274327,0.0,7.439044337081886e-10,58
1,[],12,[],2019-08-21 15:16:23,1210845082.2145119,0.0000000001,0.000000000000010065000000000001,7922513,2019-08-21 15:16:23,btc,52870546.27254276,0.0,0.0000000001,btc,4396522764.662374,0.014169410445,0.1210845082214512,58
1,[],17,[],2019-08-21 15:16:24,1200000.0,0.0000000001,0.000000000000010065000000000001,7922514,2019-08-21 15:16:24,btc,1e+24,0.0,0.0000000001,"btc,eth",39506342.31952568,0.0,0.0001000000003677974,58
0.0000000000797452,[],22,[],2019-08-21 15:18:26,0.0,7.97452e-19,8.026354380000001e-23,7922515,2019-08-21 15:18:26,XMR,0.0,0.0,0.00000001,XMR,0.0,0.0,0.0,58
0,[],22,[],2019-08-21 15:18:29,0.0,0,0,7922516,2019-08-21 15:18:29,,1000.95212109,0.0,0,,9656.689066014545,0.0,0.0,61
1,[],26,[],2019-08-21 15:18:29,0.0,0,0,7922517,2019-08-21 15:18:29,,0.0,0.0,0,,0.0,0.0,0.0,61
1,[],28,[],2019-08-21 15:20:59,40000.0,0.00000004,0.000000000004026,7922518,2019-08-21 15:20:59,btc,0.242343945415105,396.0,0.00000004,btc,8016.46650005,0.0,0.001,61
0,[],27,[],2019-07-29 19:34:56,0.0,0,0,7852673,2019-07-29 19:34:56,,1.97314195,0.0,0,"btc,eth",10936.9,0.0,0.0,61
1,[],5,[],2019-06-17 14:31:27,0.0,0,0,7740135,2019-06-17 14:31:27,btc,0.0,0.00079154,0,btc,0.0,0.0,0.0,61
1,[],4,[],2019-08-21 15:08:10,1755132.46531455,0.00000075,0.00000000007525005,7922417,2019-08-21 15:08:10,btc,2.779008165243604,0.0,0.00000075,btc,1169956.76434862,0.09750562,0.7955928354153795,67
0.0,[],25,[],2019-08-21 15:08:12,0.0,0,0,7922418,2019-08-21 15:08:12,,0.0,0.0,0.0,btc,0.0,0.0,0.0,67
1,[],12,[],2019-06-02 06:23:14,910048.355,0.00000006,0.000000000005154929999999999,7725270,2019-06-02 06:23:14,btc,5.167005424215783,0.0,0.00000006,btc,738530.60239759,0.003159757462,0.0187188113,71
,[],5,[],2018-11-20 23:02:39,1.5e-07,0.00000005,0.000000000002128045,4862160,2018-11-20 23:02:39,btc,2.84511358,0.0,,btc,0.00036572,0.0,0.07381892,74
1,[],5,[],2019-07-06 00:15:01,0.0,0,0,7800749,2019-07-06 00:15:01,btc,0.0,0.01883861,0,btc,0.0,0.0,0.0,75
1,[],4,[],2019-08-21 15:21:04,173679.6275414,0.00006625,0.0000000066680625,7922519,2019-08-21 15:21:04,btc,55.808188207184024,0.0,0.00006625,btc,113087.10916758,0.11108361,0.497367462172515,82
1,[],21,[],2019-08-21 15:21:05,837998.94309188,0.00006608000000000000429423857584,0.000000006650952000000001,7922520,2019-08-21 15:21:05,btc,5.578930848100735,2924.4658053,0.000066080000000000004294238575841546889932942576706409454345703125,btc,64712.30543042,0.19891614,1.958179749095875,82
0,[],4,[],2019-07-23 20:51:52,0.0,0,0,7830376,2019-07-23 20:51:52,,1.6413985531662756,0.0,0,,620289065.5915176,0.0,0.0,85
,[],22,[],2018-11-20 23:09:34,3408.1,0.0000001,0.0000000000041895,4862324,2018-11-20 23:09:34,BTC,0.04624735,0.0,,BTC,4990.0,0.0,0.00033081,86
1,[],22,[],2019-08-21 15:21:10,188880.0,0.00000002,0.000000000002013,7922521,2019-08-21 15:21:10,BTC,1.8208034,0.0,0.00000002,BTC,775828.347368421,0.0,0.00192702,87
1,[],27,[],2019-08-06 12:06:36,100155.0,0.00000003,0.000000000003516594,7875448,2019-08-06 12:06:36,btc,7.177196150774,345.0,0.00000003,btc,287406.89336,1.035e-05,0.00300465,87
,[],2,[],2018-11-20 23:10:47,0.0,0,0,4862359,2018-11-20 23:10:47,,0.0,0.0,,,0.0,0.0,0.0,88
0,[],2,[],2019-01-20 23:31:45,0.0,0,0,6477083,2019-01-20 23:31:45,,0.0,0.0,0,,0.0,0.0,0.0,91
1,[],12,[],2019-08-21 08:36:52,425737.18747014,0.00000027,0.00000000002755863,7920587,2019-08-21 08:36:52,btc,589.0196553122464,0.0,0.00000027,btc,329461.8088511,0.000457377432,0.0207804367963476,91
0,[],17,[],2019-08-21 08:36:53,0.0,0,0,7920588,2019-08-21 08:36:53,btc,0.0,0.0,0,btc,0.0,0.0,0.0,91
1,[],22,[],2019-08-21 08:36:57,54200.0,0.00000003,0.00000000000306207,7920589,2019-08-21 08:36:57,BTC,1.05335,0.0,0.00000003,"BTC,LTC",1839.95,0.0,0.002326,91
0.0000000000712601,[],4,[],2019-08-21 15:21:11,568133893.2826959,9.976414000000001e-18,1.0041260691e-21,7922522,2019-08-21 15:21:11,ltc,11.472990414081726,0.0,0.00000014,ltc,205269005.49579614,0.0,6.842992218665683e-10,96
0,[],12,[],2019-08-21 15:21:12,0.0,0,0,7922523,2019-08-21 15:21:12,btc,108.8732695656943,0.0,0,btc,11657510.56943056,0.0,0.0,96
0,[],17,[],2019-08-21 15:21:13,0.0,0,0,7922524,2019-08-21 15:21:13,btc,0.0,0.0,0,btc,0.0,0.0,0.0,96
0,[],2,[],2019-01-20 23:23:55,0.0,0,0,6476914,2019-01-20 23:23:55,,0.0,0.0,0,,0.0,0.0,0.0,100
1,[],4,[],2019-08-21 15:08:28,124147.16413053,0.00001320,0.00000000132440088,7922425,2019-08-21 15:08:28,btc,7.681821967159523,0.0,0.00001320,btc,193158.38862746,0.04916794,0.4036749456804348,100
1,[],22,[],2019-08-21 15:08:31,146000.0,0.00000002,0.000000000002006668,7922426,2019-08-21 15:08:31,BTC,26.50623849,0.0,0.00000002,BTC,10383.92,0.0,0.00162,101
1,[],27,[],2019-08-12 16:30:59,2050161.9,0.00000005,0.0000000000056921850000000005,7891762,2019-08-12 16:30:59,btc,261.32824567561846,0.0,0.00000005,btc,285690.80442935,0.0,0.060251537,105
1,[],12,[],2019-08-21 15:08:32,27248984.0,0.000000003,0.0000000000003010002,7922427,2019-08-21 15:08:32,btc,339290.236741581,0.0,0.000000003,btc,115042986.73104078,0.00793223478,0.028901027000000003,105
1,[],27,[],2019-08-12 16:31:06,1.0,0.00000001,0.000000000001138437,7891764,2019-08-12 16:31:06,btc,0.0,0.0,0.00000001,"btc,eth",0.0,0.0,1e-08,112
0,[],22,[],2019-08-21 15:21:16,0.0,0,0,7922525,2019-08-21 15:21:16,,6.79499982,0.0,0,,3375772.0833333335,0.0,0.0,112
1,[],5,[],2019-07-06 00:19:31,0.0,0,0,7800761,2019-07-06 00:19:31,btc,0.0,0.0,0,btc,0.0,0.0,0.0,112
1,[],5,[],2019-07-06 00:19:43,0.0,0,0,7800765,2019-07-06 00:19:43,btc,0.0,0.0,0,btc,0.0,0.0,0.0,113
1,[],4,[],2019-08-21 15:08:39,395567.28488979,0.00000092,0.000000000092306728,7922429,2019-08-21 15:08:39,btc,5.998250307515636,0.0,0.00000092,btc,950462.55423206,0.0286033,0.1298771271288391,113
1,[],17,[],2019-08-21 15:21:18,210000.0,0.00000001,0.0000000000010065,7922526,2019-08-21 15:21:18,btc,1.3333541043634272,0.0,0.00000001,btc,53396.73574154,0.0,0.0021,116
1,[],27,[],2019-08-02 18:48:59,95525.16595526,0.00000001,0.000000000001045936,7866367,2019-08-02 18:48:59,btc,3918.96487209,0.0,0.00000001,btc,88497.69,0.0,0.0009552516595526,116
1,[],7,[],2019-08-21 15:08:43,3464.49628433,0.0000073400000000000000278401433850827828564433730207383632659912109375,0.0000000007364471560000001,7922432,2019-08-21 15:08:43,btc,115616.30054876526,0.0,0.0000073400000000000000278401433850827828564433730207383632659912109375,btc,3150.27387341,0.0,0.0085261100651894,120
1,[],4,[],2019-08-21 15:08:42,19376238.32800351,0.00000086,0.000000000086286724,7922431,2019-08-21 15:08:42,btc,126.91762572652198,0.0,0.00000086,btc,1312198.95695816,0.01245697,1.7926762730619583,120
1,[],4,[],2019-08-21 15:08:45,941295.06298355,0.00000275,0.00000000027591685,7922433,2019-08-21 15:08:45,btc,2.4352118136731975,0.0,0.00000275,btc,310509.82393537,0.03784703,0.1951143124692215,131
1,[],17,[],2019-08-21 15:08:46,10000.0,0.00000001,0.000000000001003334,7922434,2019-08-21 15:08:46,btc,0.0953976503951408,0.0,0.00000001,btc,5037.62507334,0.0,0.0001,131
0,[],2,[],2019-01-20 23:25:46,0.0,0,0,6476969,2019-01-20 23:25:46,,0.0,0.0,0,,0.0,0.0,0.0,131
1,[],4,[],2019-08-20 14:43:19,8549.6097675,0.00005121,0.0000000054409242329999995,7915998,2019-08-20 14:43:19,btc,0.2921428325204394,0.0,0.00005121,btc,235.83446249,0.0,0.0027602632940558,135
1,[],3,[],2019-07-13 16:51:20,187.26592867,0.00000001,0.000000000001140965,7813490,2019-07-13 16:51:20,btc,419.77407087449336,1935513.62324,0.00000001,btc,3179086.72005867,0.0,1.8726592866999999e-06,136
1,[],4,[],2019-08-21 15:21:20,823080.1422451,0.00000382,0.000000000384483,7922527,2019-08-21 15:21:20,btc,23.40074641995195,0.0,0.00000382,btc,525208.71463752,0.04475696,1.9284949347299742,137
1,[],12,[],2019-08-21 15:21:21,138248.46434877,0.0000036200000000000000691222253046408496857111458666622638702392578125,0.000000000364353,7922528,2019-08-21 15:21:21,btc,39.95317362639996,0.0,0.0000036200000000000000691222253046408496857111458666622638702392578125,btc,56859.94029573,7.26e-06,0.0133174799998354,137
1,[],4,[],2019-08-21 15:21:22,613193.07909719,0.00003264,0.000000003285216,7922529,2019-08-21 15:21:22,btc,5.812828786797625,0.0,0.00003264,btc,105537.32621423,0.89760382,1.5484010601118223,142
1,[],17,[],2019-08-21 15:21:24,32967.38636364,0.00000088,0.000000000088572,7922530,2019-08-21 15:21:24,btc,20.069762065601306,0.0,0.00000088,btc,2746.079105,0.0,0.0105613000000032,142
1,[],20,[],2019-08-21 15:21:26,110171.2292,0.000034,0.0000000034221,7922531,2019-08-21 15:21:26,btc,1.264560755201,19.9,0.000034,btc,3210.2892,0.0006766,0.0158902485747,142
1,[],22,[],2019-08-21 15:21:29,10619.88,0.00000200,0.0000000002013,7922532,2019-08-21 15:21:29,BTC,1.55898515,0.0,0.00000200,BTC,835.8398331062671,0.0,0.00416696,142
0.0,[],25,[],2019-08-21 15:21:32,0.0,0,0,7922533,2019-08-21 15:21:32,,0.0,0.0,0.0,btc,0.0,0.0,0.0,142
1,[],28,[],2019-08-21 15:21:34,10093636.0,0.000035010000,0.0000000035237565,7922534,2019-08-21 15:21:34,btc,0.51474502,4999.0,0.000035010000,btc,2808.485,0.0,1.39650526,142
1,[],5,[],2019-07-06 02:06:10,0.0,0,0,7800822,2019-07-06 02:06:10,btc,0.0,0.00140707,0,btc,0.0,0.0,0.0,142
0,[],22,[],2019-08-21 15:01:35,0.0,0,0,7922332,2019-08-21 15:01:35,,68.14027224,0.0,0,,718000153.5744588,0.0,0.0,143
0,[],22,[],2019-02-25 15:42:22,0.0,0,0,6783783,2019-02-25 15:42:22,,4.2131946,0.0,0,,2322156.0,0.0,0.0,146
,[],22,[],2018-11-20 23:01:11,0.0,0,0,4862114,2018-11-20 23:01:11,,2.56807021,0.0,,,61828.4988236,0.0,0.0,147
1,[],12,[],2019-04-21 06:38:04,193091.5971266,0.00000071,0.000000000037635183,7388679,2019-04-21 06:38:04,btc,2.301232411611175,0.0,0.00000071,btc,9957.48302385,0.00023528,0.0313308199999888,148
1,[],5,[],2019-04-26 09:36:59,0.0,0,0,7465040,2019-04-26 09:36:59,btc,0.0,0.0,0,btc,0.0,0.0,0.0,153
0,[],22,[],2019-08-21 15:11:05,0.0,0,0,7922443,2019-08-21 15:11:05,,6.78813965,0.0,0,,4560228.592592592,0.0,0.0,156
0,[],23,[],2019-01-20 23:24:29,0.0,0,0,6476932,2019-01-20 23:24:29,,0.0,0.0,0,,0.0,0.0,0.0,156
1,[],22,[],2019-08-21 15:11:10,6996.0,0.00000001,0.000000000001003334,7922444,2019-08-21 15:11:10,BTC,1.7547719,0.0,0.00000001,BTC,64.8,0.0,6.996e-05,157
0,[],22,[],2019-08-17 00:05:41,0.0,0,0,7905012,2019-08-17 00:05:41,,50234.60468402,0.0,0,,54786159.03179465,0.0,0.0,158
,[],17,[],2018-11-20 22:56:10,0.0,0,0,4861976,2018-11-20 22:56:10,btc,1.1265625,0.0,,btc,1000.0,0.0,0.0,159
,[],20,[],2018-11-20 22:56:12,0.0,0,0,4861977,2018-11-20 22:56:12,btc,11912.7940471,0.0,,btc,34413894.3617,0.0,0.0,159
1,[],22,[],2019-08-21 15:11:14,92548.0,0.00000001,0.000000000001003334,7922445,2019-08-21 15:11:14,BTC,12.8379022,0.0,0.00000001,"BTC,LTC",202164.1828070517,0.0,0.03674548,171
0.0000000000711821,[],22,[],2019-08-21 15:11:17,144000.0,3.559105e-18,3.57097105607e-22,7922446,2019-08-21 15:11:17,LTC,1.7468213,0.0,0.00000005,LTC,1318220.8536050986,0.0,0.00344,173
1,[],5,[],2019-07-06 02:08:45,0.0,0,0,7800830,2019-07-06 02:08:45,btc,0.0,0.00700197,0,btc,0.0,0.0,0.0,175
0,[],22,[],2019-08-19 04:17:22,0.0,0,0,7911532,2019-08-19 04:17:22,,393.97295672,0.0,0,,135375.61833431243,0.0,0.0,176
0,[],22,[],2019-08-21 15:11:22,0.0,0,0,7922447,2019-08-21 15:11:22,,1.00255534,0.0,0,,112828.0,0.0,0.0,178
1,[],7,[],2019-07-01 10:15:32,0.0,0,0,7783526,2019-07-01 10:15:32,btc,521516.2326888725,0.0,0,btc,26809253.73522063,0.0,0.0,178
0,[],2,[],2019-01-20 23:28:34,0.0,0,0,6477001,2019-01-20 23:28:34,,0.0,0.0,0,,0.0,0.0,0.0,178
1,[],5,[],2019-07-06 02:08:50,0.0,0,0,7800832,2019-07-06 02:08:50,btc,0.0,6.904e-05,0,btc,0.0,0.0,0.0,179
0,[],22,[],2019-08-21 15:11:25,0.0,0,0,7922448,2019-08-21 15:11:25,,10.33080644,0.0,0,,14921836.231946677,0.0,0.0,179
0,[],23,[],2019-01-20 23:25:08,0.0,0,0,6476952,2019-01-20 23:25:08,,0.0,0.0,0,,0.0,0.0,0.0,179
1,[],17,[],2019-08-21 15:11:26,20504.725000000002,0.0000001,0.00000000001003334,7922449,2019-08-21 15:11:26,btc,5.201612863967427,0.0,0.0000001,btc,5019.40125,0.0,0.0011504725,180
1,[],22,[],2019-08-21 15:11:30,761854.2863636364,0.00000041,0.000000000041136694000000004,7922450,2019-08-21 15:11:30,BTC,2.96188822,0.0,0.00000041,"BTC,LTC",237603.78606975678,0.00011312,0.60862899,180
1,[],26,[],2019-08-21 15:11:30,0.0,0,0,7922451,2019-08-21 15:11:30,,0.0,0.0,0,,0.0,0.0,0.0,180
,[],7,[],2018-11-20 22:58:01,562227.975654,0.00000085,0.000000000036176765,4862015,2018-11-20 22:58:01,btc,21836.6059674,2491.87645172,,btc,749999.041456,0.00211021,0.127565380455,183
,[],5,[],2019-01-10 08:11:41,0.0,0,0,6347036,2019-01-10 08:11:41,btc,82.15055501,0.00261,,btc,1.19002445,0.0,0.0,187
,[],17,[],2018-11-16 20:58:10,4062536.27273,0.00000001,0.000000000000550501,4708775,2018-11-16 20:58:10,btc,3.36492563466,0.195460381006,,"btc,eth",110697919.549,0.0,0.0157628953496,187
1,[],24,[],2019-05-22 21:04:52,0.0,0.000000000014,0.0000000000000010960978,7670219,2019-05-22 21:04:52,btc,0.0,0.0,0.000000000014,btc,0.0,0.0,0.0,187
0,[],22,[],2019-08-21 15:11:33,0.0,0,0,7922452,2019-08-21 15:11:33,,6.22011878,0.0,0,,40771826.0,0.0,0.0,199
1,[],26,[],2019-08-21 15:11:33,0.0,0,0,7922453,2019-08-21 15:11:33,,0.0,0.0,0,,0.0,0.0,0.0,199
0,[],23,[],2019-01-20 23:31:41,0.0,0,0,6477079,2019-01-20 23:31:41,,0.0,0.0,0,,0.0,0.0,0.0,199
1,[],4,[],2019-01-25 15:51:35,2084389.58565343,0.00000936,0.000000000333526752,6499557,2019-01-25 15:51:35,btc,2.0092503037378524,0.0,0.00000936,btc,160195.80207885,0.19272417,1.242687955921835,211
1,[],7,[],2019-07-01 02:21:28,1170054124.6898527,0.00000018,0.000000000019815389999999997,7782694,2019-07-01 02:21:28,btc,1346735.6331920293,0.0,0.00000018,btc,5516233.71348162,0.0,11.954344045954047,212
0,[],22,[],2019-08-19 07:38:07,0.0,0,0,7911940,2019-08-19 07:38:07,,6.8412543,0.0,0,,3272264.174064925,0.0,0.0,216
1,[],27,[],2019-08-12 16:37:52,320029.088,0.00000001,0.000000000001138437,7891783,2019-08-12 16:37:52,btc,176.0318120012664,0.0,0.00000001,"btc,ltc",485496.05456794,0.0,0.00320029088,216
1,[],22,[],2019-08-21 15:11:41,484558.7923076923,0.00000015,0.000000000015050010000000002,7922454,2019-08-21 15:11:41,BTC,12055.76572191,0.0,0.00000015,BTC,459230.55092048226,0.0005406,0.01875488,217
0,[],22,[],2019-08-21 15:11:44,0.0,0,0,7922455,2019-08-21 15:11:44,,4.14997484,0.0,0,,126244.70709740352,0.0,0.0,221
1,[],24,[],2019-08-21 15:11:44,0.0,0.000000010000,0.000000000001003334,7922456,2019-08-21 15:11:44,btc,0.0,0.0,0.000000010000,btc,0.0,0.0,0.0,221
1,[],26,[],2019-08-21 15:11:44,0.0,0,0,7922457,2019-08-21 15:11:44,,0.0,0.0,0,,0.0,0.0,0.0,231
1,[],26,[],2019-08-21 15:11:44,0.0,0,0,7922458,2019-08-21 15:11:44,,0.0,0.0,0,,0.0,0.0,0.0,234
0.0000000001859265,[],27,[],2019-08-12 16:38:10,100.0,1.859265e-18,2.1166560688050002e-22,7891787,2019-08-12 16:38:10,eth,0.0,0.0,0.00000001,"btc,eth",0.0,0.0,1.8592649999999999e-16,234
1,[],5,[],2019-07-06 02:11:21,0.0,0,0,7800842,2019-07-06 02:11:21,btc,0.0,0.10652887,0,btc,0.0,0.0,0.0,237
1,[],20,[],2019-08-21 15:11:47,93202231.3455,0.000000036,0.0000000000036120024,7922459,2019-08-21 15:11:47,btc,514.7397215189035,1247089.7999,0.000000036,btc,29226060.2541,0.0480674796059,0.4440940926225,237
1,[],22,[],2019-08-21 15:11:52,1839335.0,0.00000001,0.000000000001003334,7922460,2019-08-21 15:11:52,BTC,1.2037398,0.0,0.00000001,"BTC,LTC",41039.44871794872,0.0,0.01839335,237
1,[],5,[],2019-07-06 02:11:32,0.0,0,0,7800846,2019-07-06 02:11:32,btc,0.0,0.05525444,0,btc,0.0,0.0,0.0,238
1,[],4,[],2019-08-18 21:55:28,28766182.9187235,0.00000006,0.0000000000062177580000000004,7910606,2019-08-18 21:55:28,btc,2.1262004590211685,0.0,0.00000006,btc,15667280.40051822,0.02567584,0.5811165339764514,238
0.0000000000711565,[],22,[],2019-08-17 13:20:25,419253.0,7.115650000000001e-19,7.3700771814e-23,7906682,2019-08-17 13:20:25,LTC,0.40427224,0.0,0.00000001,LTC,496363.0639027493,0.0,0.00419253,249
0,[],22,[],2019-08-21 15:11:57,0.0,0,0,7922461,2019-08-21 15:11:57,,13.4488406,0.0,0,,43819581.3426455,0.0,0.0,252
1,[],28,[],2019-08-21 15:12:16,2492555.468,0.00000013,0.000000000013043342000000001,7922462,2019-08-21 15:12:16,btc,164699.10136694103,915540.003,0.00000013,btc,3115894.5653,0.0,0.12134362841,256
0.0000000000916764,[],22,[],2019-07-23 20:12:22,1517.0,9.16764e-19,9.31930943616e-23,7830286,2019-07-23 20:12:22,LTC,31474.63788373,0.0,0.00000001,LTC,1024398.9185893413,0.0,1.517e-05,258
1,[],20,[],2019-08-21 15:12:19,983026.3871,0.000000143,0.0000000000143476762,7922463,2019-08-21 15:12:19,btc,0.535503964084,5375.3307,0.000000143,btc,110216.0538,0.0011308172928,0.0066808748005,264
1,[],5,[],2019-07-02 14:44:15,0.0,0,0,7788374,2019-07-02 14:44:15,btc,0.0,0.02775788,0,btc,0.0,0.0,0.0,264
0,[],22,[],2019-08-21 15:12:22,0.0,0,0,7922464,2019-08-21 15:12:22,,33050469.74148113,0.0,0,,14261527780.7,0.0,0.0,272
0.0000000000000026240000000000004,[],28,[],2019-08-21 15:12:43,90143298702.448,3.1488000000000005e-22,3.1592980992000006e-26,7922465,2019-08-21 15:12:43,doge,1708945265972337.8,157166144.3,0.00000012,doge,67377490218.889,0.0,1.668016556449768e-11,272
0,[],22,[],2019-08-21 15:12:46,0.0,0,0,7922466,2019-08-21 15:12:46,,73.46372129,0.0,0,,1350777.6287135023,0.0,0.0,286
