pairValue,buyBook,exchangeId,sellBook,updated,buyTotal,satoshiPrice,usdPrice,exchangeLogId,created,bestPair,sellTotalBtc,volume,pairPrice,activePairs,sellTotal,volumeBtc,buyTotalBtc,coinId
1,[],3,[],2019-02-06 11:36:13,118.547635738721,0.0124962700000000002942268650940604857169091701507568359375,0.000000425812899504,6600323,2019-02-06 11:36:13,btc,107.06633382537798,0.01001001,0.0124962700000000002942268650940604857169091701507568359375,btc,21.855376676472,0.0,0.3680454475476198,1
1,[],4,[],2019-02-06 11:36:13,120133.5066173,0.01269132,0.000000432459267264,6600324,2019-02-06 11:36:13,btc,0.9531631317281299,0.0,0.01269132,btc,72.35478472,1.91979415,1.3474838218277234,1
1,[],5,[],2019-02-06 11:36:16,0.20547715,0.01220000,0.00000041571744,6600325,2019-02-06 11:36:16,btc,14578.01956847,0.01028124,0.01220000,btc,35555556.11358351,0.0,1.43734251,1
1,[],10,[],2019-02-06 11:36:18,414794.20802831,0.01152502,0.000000392717361504,6600326,2019-02-06 11:36:18,btc,6534.419672766644,2345.96387019,0.01152502,btc,1144.12213182,0.0,4.325223811121347,1
1,[],12,[],2019-02-06 11:36:20,10434.14990986,0.01254000000000000079880546621780013083480298519134521484375,0.00000042730300800000003,6600327,2019-02-06 11:36:20,btc,0.4066247440898,0.0,0.01254000000000000079880546621780013083480298519134521484375,btc,26.38656031,0.8702705210106,0.3262252257492,1
1,[],20,[],2019-02-06 11:36:22,1149.2576,0.01200001,0.000000408902740752,6600328,2019-02-06 11:36:22,btc,0.0580330504203,0.0,0.01200001,btc,2.5989,0.0,0.0851527389985,1
1,[],21,[],2019-02-06 11:36:23,2480.75876751,0.01254141999999999930459626540,0.000000427351394784,6600329,2019-02-06 11:36:23,btc,20.826034020074854,11282.000810129999,0.01254141999999999930459626540368844871409237384796142578125,"btc,eth",2271.72853041,138.72177638015916,23.642302210159727,1
1,[],22,[],2019-02-06 11:36:28,0.0263776,0.01350000,0.0000004600152,6600330,2019-02-06 11:36:28,BTC,0.31397231,0.0,0.01350000,BTC,0.10124366666666666,0.0,0.00034472,1
1,[],24,[],2019-02-06 11:36:28,0.0,0.000000000000,0,6600331,2019-02-06 11:36:28,btc,0.0,0.0,0.000000000000,btc,0.0,0.0,0.0,1
0.0,[],25,[],2019-02-06 11:36:29,0.0,0,0,6600332,2019-02-06 11:36:29,btc,10.876299998759443,848.33846991,0.0,btc,828.99997706,10.8185,0.0,1
1,[],26,[],2019-02-06 11:36:39,0.0,0,0,6600333,2019-02-06 11:36:39,,0.0,0.0,0,,0.0,0.0,0.0,1
1,[],28,[],2019-02-06 11:36:44,987.9,0.01131000,0.000000385390512,6600334,2019-02-06 11:36:44,btc,0.162839806,17591.25,0.01131000,btc,8.9,0.0,0.024551096,1
0,[],2,[],2019-01-20 23:28:45,0.0,0,0,6477011,2019-01-20 23:28:45,,0.0,0.0,0,,0.0,0.0,0.0,1
1,[],5,[],2019-02-06 11:36:45,2.074e-05,0.00000073,0.000000000024874896,6600335,2019-02-06 11:36:45,btc,0.14508231,0.02945005,0.00000073,btc,7.265e-05,0.0,0.47286143,2
1,[],22,[],2019-02-06 11:36:51,1648.0,0.0000004,0.00000000001363008,6600336,2019-02-06 11:36:51,BTC,4.22135011,0.0,0.0000004,"BTC,XMR",14604.712016896552,0.0,0.00107635,2
1,[],5,[],2019-02-06 11:36:52,1.25e-06,0.00000016,0.000000000005452032,6600337,2019-02-06 11:36:52,btc,3.47645255,0.12201202,0.00000016,btc,2.204e-05,0.0,3.03131549,3
1,[],12,[],2019-02-06 11:36:53,12227888.74631415,0.000000165,0.0000000000056224080000000005,6600338,2019-02-06 11:36:53,btc,921361.5025685013,0.0,0.000000165,btc,8007337.07870557,0.08215610683067152,0.504374427643981,3
0,[],28,[],2019-02-06 11:36:57,0.0,0,0,6600339,2019-02-06 11:36:57,,0.0,0.0,0,,0.0,0.0,0.0,3
0,[],2,[],2019-01-20 23:31:32,0.0,0,0,6477077,2019-01-20 23:31:32,,0.0,0.0,0,,0.0,0.0,0.0,4
1,[],4,[],2019-02-06 11:36:59,520345.42775463,0.00000034,0.000000000011585568,6600340,2019-02-06 11:36:59,btc,0.359542318155654,0.0,0.00000034,btc,344082.23008056,0.00108,0.0858262231998988,4
1,[],12,[],2019-02-06 11:36:59,1534985.5219999999,0.00000004,0.0000000000013630080000000001,6600341,2019-02-06 11:36:59,btc,11013878.267090406,0.0,0.00000004,btc,964694.46224798,8.25849650351e-05,0.02558219044,5
0,[],2,[],2019-01-20 23:31:51,0.0,0,0,6477087,2019-01-20 23:31:51,,0.0,0.0,0,,0.0,0.0,0.0,6
1,[],11,[],2019-02-06 11:37:01,10373109.4999525,0.00000002,0.0000000000006815040000000001,6600342,2019-02-06 11:37:01,btc,9433.355435300417,149561.333333,0.00000002,btc,41564498.3956934,0.0,0.17113367499905,6
1,[],3,[],2019-02-06 11:37:01,1066.558051320279,0.000150559999999999995050348200464895853656344115734100341796875,0.000000005130362112,6600343,2019-02-06 11:37:01,btc,27.600142753279105,0.0,0.000150559999999999995050348200464895853656344115734100341796875,btc,234.145665820227,0.0,0.03053197781660925,7
1,[],4,[],2019-02-06 11:37:02,21259.57310165,0.00019952,0.000000006798683904,6600344,2019-02-06 11:37:02,btc,2.081744206126167,0.0,0.00019952,btc,9360.72673261,2.30716646,3.518603262959394,7
1,[],5,[],2019-02-06 11:37:03,0.00677022,0.00019501,0.000000006645004752,6600345,2019-02-06 11:37:03,btc,1.11003344,0.28000948,0.00019501,btc,0.01190649,0.0,1.85966342,7
1,[],20,[],2019-02-06 11:37:05,66461509.91,0.000000001,0.0000000000000340752,6600346,2019-02-06 11:37:05,btc,116.1315013062774,0.0,0.000000001,btc,28812144.5195,0.0,0.06646150991,8
0,[],2,[],2019-01-20 23:22:42,0.0,0,0,6476876,2019-01-20 23:22:42,,0.0,0.0,0,,0.0,0.0,0.0,9
0,[],23,[],2019-01-20 23:22:48,0.0,0,0,6476878,2019-01-20 23:22:48,,0.0,0.0,0,,0.0,0.0,0.0,9
1,[],1,[],2019-02-06 11:37:07,1717905.95,0.0000018599999999999999793589590402209665853661135770380496978759765625,0.000000000063379872,6600347,2019-02-06 11:37:07,btc,2.1588361725,11992127.85,0.0000018599999999999999793589590402209665853661135770380496978759765625,btc,1136942.4,22.73110184,3.1448041141000003,9
1,[],4,[],2019-02-06 11:37:07,310983.7190458,0.00000188,0.000000000064061376,6600348,2019-02-06 11:37:07,btc,0.9088509739528547,0.0,0.00000188,btc,457878.27848805,1.52387152,0.5448394011004969,9
1,[],28,[],2019-02-06 11:37:09,34500.0,0.00000165,0.000000000056224080000000004,6600349,2019-02-06 11:37:09,btc,2708.7727397804,3689976.0,0.00000165,btc,15437.14,0.0,0.02854,9
1,[],4,[],2019-02-04 22:10:59,7341799.37826053,0.00000002,0.000000000000693444,6584299,2019-02-04 22:10:59,btc,0.1999615409270056,0.0,0.00000002,btc,4135980.29534268,0.00062922,0.0786653918652106,10
0,[],2,[],2019-01-20 23:23:08,0.0,0,0,6476890,2019-01-20 23:23:08,,0.0,0.0,0,,0.0,0.0,0.0,12
1,[],4,[],2019-02-06 11:37:10,2317385.207638,0.00000150,0.0000000000511128,6600350,2019-02-06 11:37:10,btc,1.1101912451151121,0.0,0.00000150,btc,700502.5859743,1.76385379,3.246484429685032,12
1,[],5,[],2019-02-06 11:37:12,2.993e-05,0.00000154,0.000000000052475808,6600351,2019-02-06 11:37:12,btc,0.5750734,0.92258079,0.00000154,btc,0.00012893,0.0,0.20653546,12
0.0,[],25,[],2019-02-06 11:37:13,0.0,0,0,6600352,2019-02-06 11:37:13,,0.0,0.0,0.0,btc,0.0,0.0,0.0,12
1,[],4,[],2019-02-06 11:37:15,1252531.3314306,0.00000583,0.000000000198658416,6600353,2019-02-06 11:37:15,btc,0.4449656119744949,0.0,0.00000583,btc,70375.63412309,0.62696375,0.9431962041297391,13
1,[],10,[],2019-02-06 11:37:17,590307.82911613,0.00000581,0.00000000019797691200000002,6600354,2019-02-06 11:37:17,btc,666810.6136134516,15107.2908752,0.00000581,btc,755874.18150022,0.0,0.8172820943983337,13
1,[],21,[],2019-02-06 11:37:18,1619005.29096407,0.000005859999999999999798351406344,0.000000000199680672,6600355,2019-02-06 11:37:18,btc,3.527208538930814,1701270.44227577,0.000005859999999999999798351406343766001327821868471801280975341796875,btc,515363.10507163,10.32377511,8.318441513738328,13
1,[],4,[],2019-02-06 11:37:19,1210664.90434976,0.00000179,0.000000000060994608,6600356,2019-02-06 11:37:19,btc,0.1277352812170406,0.0,0.00000179,btc,55592.13947492,0.11434303,0.5291512402378639,14
1,[],12,[],2019-02-06 11:37:20,89231.67938931,0.000001560000000000000098813643899242631363222244544886052608489990234375,0.000000000053157312000000006,6600357,2019-02-06 11:37:20,btc,1.7638904531737392,0.0,0.000001560000000000000098813643899242631363222244544886052608489990234375,btc,28150.00592497,0.0027282892584408,0.0108678399999961,14
0,[],17,[],2019-02-06 11:37:22,0.0,0,0,6600358,2019-02-06 11:37:22,btc,0.0,0.0,0,btc,0.0,0.0,0.0,14
1,[],26,[],2019-02-06 11:37:23,0.0,0.00000049,0.000000000016696848,6600359,2019-02-06 11:37:23,btc,0.0,0.0,0.00000049,btc,0.0,0.0,0.0,14
0,[],4,[],2019-02-06 11:37:24,0.0,0,0,6600360,2019-02-06 11:37:24,,0.0,0.0,0,,0.0,0.0,0.0,15
,[],12,[],2018-12-01 15:15:48,204241.84496,0.00000489,0.000000000202473384,5260204,2018-12-01 15:15:48,btc,49.5475654835,0.0,,btc,35763.2193806,0.0163153972027625,0.0203389899998,15
0,[],2,[],2019-01-20 23:23:38,0.0,0,0,6476906,2019-01-20 23:23:38,,0.0,0.0,0,,0.0,0.0,0.0,18
1,[],4,[],2019-02-06 11:37:25,24830.00452985,0.00001835,0.00000000062527992,6600361,2019-02-06 11:37:25,btc,2.242583524744384,0.0,0.00001835,btc,8870.33169358,0.01327964,0.0783888562345212,18
1,[],10,[],2019-02-06 11:37:27,789738.82527911,0.00001716,0.0000000005847304319999999,6600362,2019-02-06 11:37:27,btc,15.59572933574726,5370.59084343,0.00001716,btc,12927.17776709,0.0,0.2951891658830864,18
1,[],12,[],2019-02-06 11:37:28,201092.84986814,0.00001711000000000000050687752606304314895169227384030818939208984375,0.000000000583026672,6600363,2019-02-06 11:37:28,btc,0.1856897512466319,0.0,0.00001711000000000000050687752606304314895169227384030818939208984375,btc,1708.32700711,1.701e-07,0.0217650386719524,18
0,[],17,[],2019-02-06 11:37:30,0.0,0,0,6600364,2019-02-06 11:37:30,btc,0.0,0.0,0,btc,0.0,0.0,0.0,18
0,[],2,[],2019-01-20 23:24:19,0.0,0,0,6476924,2019-01-20 23:24:19,,0.0,0.0,0,,0.0,0.0,0.0,19
1,[],3,[],2019-02-06 11:37:31,127772.70038774086,0.000022010000000000001026297102857398613195982761681079864501953125,0.0000000007499951520000001,6600365,2019-02-06 11:37:31,btc,0.45108056351261505,48.994676855,0.000022010000000000001026297102857398613195982761681079864501953125,btc,5278.103086604395,0.0,0.16749356122654283,19
1,[],4,[],2019-02-06 11:37:33,264087.1202653,0.00002431,0.0000000008283681120000001,6600366,2019-02-06 11:37:33,btc,0.6461054263035905,0.0,0.00002431,btc,20948.26481586,0.67548164,2.669926190939435,19
1,[],5,[],2019-02-06 11:37:34,0.00017278,0.00002505,0.0000000008535837600000001,6600367,2019-02-06 11:37:34,btc,0.27683697,0.00166882,0.00002505,btc,0.00312781,0.0,0.17626242,19
1,[],12,[],2019-02-06 11:37:35,134784.28060715,0.00002248999999999999981873007037780354266942595131695270538330078125,0.000000000766351248,6600368,2019-02-06 11:37:35,btc,0.0296189940033169,0.0,0.00002248999999999999981873007037780354266942595131695270538330078125,btc,302.85784386,0.0003062937062934,0.0318738808548035,19
0,[],27,[],2019-02-06 11:37:38,0.0,0,0,6600369,2019-02-06 11:37:38,,0.0,0.0,0,btc,0.0,0.0,0.0,19
1,[],4,[],2019-02-06 11:37:39,8057697.45959016,0.00000013,0.000000000004429776,6600370,2019-02-06 11:37:39,btc,0.8115519375916198,0.0,0.00000013,btc,1594753.31171721,0.0,0.256911126491571,20
1,[],4,[],2019-02-06 11:37:40,122275144.04242225,0.00000002,0.000000000000681504,6600371,2019-02-06 11:37:40,btc,0.6405082319861828,0.0,0.00000002,btc,16378721.35502453,0.00573947,1.4550804650582854,21
1,[],12,[],2019-02-06 11:37:41,19032664.0,0.00000002,0.0000000000006815040000000001,6600372,2019-02-06 11:37:41,btc,669.7788089732579,0.0,0.00000002,btc,8561851.65434831,0.0015174614985015,0.25358563,21
0,[],17,[],2019-02-06 11:37:43,0.0,0,0,6600373,2019-02-06 11:37:43,btc,0.0,0.0,0,btc,0.0,0.0,0.0,21
1,[],12,[],2019-02-06 11:37:44,2183972388.531895,0.0000000002,0.00000000000000681504,6600374,2019-02-06 11:37:44,btc,1729404717709.4143,0.0,0.0000000002,btc,4274569775.9382744,0.007018246816384278,0.22095194795318954,23
0,[],27,[],2019-02-06 11:37:46,0.0,0,0,6600375,2019-02-06 11:37:46,,0.424699,0.0,0,eth,424699.0,0.0,0.0,23
1,[],4,[],2019-02-06 11:37:48,390549.96215971,0.00000080,0.00000000002726016,6600376,2019-02-06 11:37:48,btc,0.0721705274872157,0.0,0.00000080,btc,65446.24852336,0.01959503,0.2035914442696476,24
1,[],22,[],2019-02-06 11:37:52,11.76,0.00000100,0.0000000000340752,6600377,2019-02-06 11:37:52,BTC,7.415e-05,0.0,0.00000100,BTC,23.919354838709676,0.0,1.176e-05,24
0.0,[],25,[],2019-02-06 11:37:53,0.0,0,0,6600378,2019-02-06 11:37:53,,0.0,0.0,0.0,btc,0.0,0.0,0.0,24
0,[],2,[],2019-01-20 23:25:56,0.0,0,0,6476976,2019-01-20 23:25:56,,0.0,0.0,0,,0.0,0.0,0.0,26
1,[],4,[],2019-02-06 11:37:55,27840569.55778138,0.00000653,0.000000000222511056,6600379,2019-02-06 11:37:55,btc,0.2656237577837255,0.0,0.00000653,btc,27485.24851034,0.0784705,0.4599765293815484,26
1,[],10,[],2019-02-06 11:37:56,731231.25121789,0.00000593,0.000000000202065936,6600380,2019-02-06 11:37:56,btc,25.975785009560454,0.0,0.00000593,btc,13126.03488096,0.0,0.20937508332376,26
1,[],3,[],2019-02-06 11:37:59,5900958.03885143,0.00000002,0.0000000000006815040000000001,6600381,2019-02-06 11:37:59,btc,2.512977308157026,1241669.59237,0.00000002,btc,16145243.5829197,0.0,0.0625593803885143,27
1,[],5,[],2019-02-06 11:38:01,3e-08,0.00000002,0.000000000000681504,6600382,2019-02-06 11:38:01,btc,1.51475804,0.00025563,0.00000002,btc,4.69e-05,0.0,0.10978384,27
1,[],11,[],2019-02-06 11:38:01,10064996.7912115,0.00000005,0.00000000000170376,6600383,2019-02-06 11:38:01,btc,370.63310344475406,219.9,0.00000005,btc,8170877.7193934005,0.0,0.4661206184459823,27
1,[],4,[],2019-02-06 11:38:02,614010929.3088789,0.00000002,0.000000000000681504,6600384,2019-02-06 11:38:02,btc,2.924253373222411,0.0,0.00000002,"btc,ltc",89902802.6561353,1.22772332,7.372475995497043,29
1,[],7,[],2019-02-06 11:38:03,39430817.656814,0.00000003,0.0000000000010222559999999998,6600385,2019-02-06 11:38:03,btc,44465206.31794909,1110136.82636,0.00000003,btc,43095460.59465123,0.0,0.7153683313464305,29
1,[],4,[],2019-02-06 11:38:04,1562042.56354024,0.00000031,0.000000000010563312000000001,6600386,2019-02-06 11:38:04,btc,0.2646809397929713,0.0,0.00000031,btc,545468.76125496,0.01690639,0.1287595108407701,30
0,[],17,[],2019-02-06 11:38:06,0.0,0,0,6600387,2019-02-06 11:38:06,btc,0.0,0.0,0,btc,0.0,0.0,0.0,30
1,[],4,[],2019-02-06 11:38:08,1142288.62194144,0.00006654,0.000000002267363808,6600388,2019-02-06 11:38:08,btc,1.5127551703967133,0.0,0.00006654,btc,18474.13898992,1.15584756,2.420286336661262,31
1,[],21,[],2019-02-06 11:38:09,63555.51979784,0.00006792999999999999505197884053,0.0000000023147283359999998,6600389,2019-02-06 11:38:09,btc,4.369045252823228,235975.95576364,0.000067929999999999995051978840532314052325091324746608734130859375,btc,58339.79363092,16.43738384,4.008004183036007,31
0,[],2,[],2019-01-20 23:28:43,0.0,0,0,6477009,2019-01-20 23:28:43,,0.0,0.0,0,,0.0,0.0,0.0,32
1,[],4,[],2019-02-06 11:31:15,148501829.0115326,0.00000005,0.00000000000170328,6600181,2019-02-06 11:31:15,btc,2.38306080010734,0.0,0.00000005,"btc,ltc",46671777.53072598,1.40440905,2.5723087299790097,33
1,[],12,[],2019-02-06 11:31:16,16837704.0,0.00000005,0.00000000000170328,6600182,2019-02-06 11:31:16,btc,17261782.269794468,0.0,0.00000005,btc,89713419.73426555,0.0223725120379624,0.61111468,33
1,[],4,[],2019-02-06 11:38:11,126591376.50715794,0.00000001,0.000000000000340752,6600390,2019-02-06 11:38:11,btc,0.8365254602635267,0.0,0.00000001,btc,29549903.39880159,0.16904953,1.2659137650715793,34
1,[],5,[],2019-02-06 11:38:12,3e-08,0.00000002,0.000000000000681504,6600391,2019-02-06 11:38:12,btc,3.66720715,0.12408274,0.00000002,btc,1.394e-05,0.0,0.85381375,34
0.00000000009550130000000001,[],4,[],2019-02-06 11:38:13,1266892671.4936666,2.865039e-18,9.762677693280001e-23,6600392,2019-02-06 11:38:13,ltc,7.674193483196266e-09,0.0,0.00000003,ltc,1608735741.2500186,0.0,2.3807625961176348e-09,36
1,[],5,[],2019-02-06 11:38:15,0.0,0,0,6600393,2019-02-06 11:38:15,btc,193.19395419,0.0,0,btc,1.295e-05,0.0,0.0,36
0,[],17,[],2019-02-06 11:38:16,0.0,0,0,6600394,2019-02-06 11:38:16,btc,0.14185270823207993,0.0,0,btc,10826074.27743647,0.0,0.0,36
0.00000000009550130000000001,[],27,[],2019-02-06 11:38:19,1000000.0,1.9100260000000003e-18,6.508451795520001e-23,6600395,2019-02-06 11:38:19,ltc,447.7307980744,6.0,0.00000002,"ltc,eth",3711879.06,8.595117000000001e-17,1.9100260000000002e-12,36
1,[],4,[],2019-02-06 11:38:20,333481.64078149,0.00000137,0.000000000046683024,6600396,2019-02-06 11:38:20,btc,0.4227756402328567,0.0,0.00000137,btc,232713.91475441,0.15879562,0.2519039344021723,37
1,[],12,[],2019-02-06 11:38:21,389229.50185239,0.000001359999999999999896105784720490294859018831630237400531768798828125,0.000000000046342272,6600397,2019-02-06 11:38:21,btc,1337.8914166920922,0.0,0.000001359999999999999896105784720490294859018831630237400531768798828125,btc,845871.36525431,0.3221037189601301,0.2429329200000124,37
1,[],17,[],2019-02-06 11:38:22,1752.74075282,0.00000025,0.0000000000085188,6600398,2019-02-06 11:38:22,btc,0.05548492396030724,0.0,0.00000025,btc,1387.19918473,0.0,0.00043818518820499993,37
1,[],27,[],2019-02-06 11:38:25,16833.0,0.00000052,0.000000000017719104,6600399,2019-02-06 11:38:25,btc,32.34621317030353,0.0,0.00000052,btc,19579.81438508,0.0,0.00570484,37
1,[],5,[],2019-02-06 11:31:31,1.672e-05,0.00000106,0.000000000036109536,6600193,2019-02-06 11:31:31,btc,0.10316225,0.01436856,0.00000106,btc,0.00011549,0.0,0.04039658,42
1,[],12,[],2019-02-06 11:31:32,144377.10139573,0.00000110999999999999996035831596741250137938550324179232120513916015625,0.000000000037812816,6600194,2019-02-06 11:31:32,btc,85.0696432427505,0.0,0.00000110999999999999996035831596741250137938550324179232120513916015625,btc,98943.42743482,0.0119044981289386,0.049260779999999,42
0,[],27,[],2019-02-06 11:31:34,0.0,0,0,6600195,2019-02-06 11:31:34,,0.00315028,0.0,0,"btc,eth",11.007,0.0,0.0,42
1,[],5,[],2019-02-06 11:31:35,6e-08,0.00000003,0.000000000001021968,6600196,2019-02-06 11:31:35,btc,6.02533621,0.01668796,0.00000003,btc,1.425e-05,0.0,0.52806125,43
1,[],12,[],2019-02-06 11:31:36,6518950.0,0.00000002,0.000000000000681312,6600197,2019-02-06 11:31:36,btc,20007456.464672454,0.0,0.00000002,btc,38833161.74765234,2e-05,0.06535785,43
0,[],17,[],2019-02-06 11:31:37,0.0,0,0,6600198,2019-02-06 11:31:37,btc,0.0,0.0,0,btc,0.0,0.0,0.0,43
1,[],12,[],2019-02-06 11:31:38,839867.0,0.00000006,0.000000000002043936,6600199,2019-02-06 11:31:38,btc,11115166.920885859,0.0,0.00000006,btc,976980.75224775,0.0028988994505487,0.024027879999999998,44
1,[],4,[],2019-02-06 11:38:26,234635780.56600085,0.00000002,0.000000000000681504,6600400,2019-02-06 11:38:26,btc,0.1882632411460397,0.0,0.00000002,"btc,ltc",4445262.71947867,0.0,0.534724578865069,49
0.00000000009550019999999999,[],4,[],2019-02-06 11:31:40,4656703774.300897,1.910004e-18,6.50654322624e-23,6600201,2019-02-06 11:31:40,ltc,4.645173503852157,0.0,0.00000002,ltc,1719588967.8399172,0.0,4.775163595814913e-09,52
0,[],22,[],2019-02-06 11:31:43,0.0,0,0,6600202,2019-02-06 11:31:43,,3693.16111,0.0,0,,247825727.90882352,0.0,0.0,57
0,[],27,[],2019-02-06 11:31:45,0.0,0,0,6600203,2019-02-06 11:31:45,,0.0,0.0,0,"btc,eth",0.0,0.0,0.0,57
0.00000000009550130000000001,[],4,[],2019-02-06 11:38:27,1608690207.9059076,4.775065e-18,1.6271129488800001e-22,6600401,2019-02-06 11:38:27,ltc,3.281629827020629,0.0,0.00000005,ltc,1148830316.8992732,0.00644491,5.0169906407529685e-09,58
1,[],12,[],2019-02-06 11:38:28,2131879583.175957,0.0000000006,0.00000000000002044512,6600402,2019-02-06 11:38:28,btc,625181485533.3073,0.0,0.0000000006,btc,3379502649.240859,0.014213063965134883,0.7849451236003392,58
0,[],17,[],2019-02-06 11:38:30,0.0,0,0,6600403,2019-02-06 11:38:30,btc,1e+24,0.0,0,btc,41616695.95832568,0.0,0.0,58
0.00000000012518750000000001,[],22,[],2019-02-06 11:38:34,137438.0,1.2518750000000001e-18,4.2657891000000004e-23,6600404,2019-02-06 11:38:34,XMR,69.8835922,0.0,0.00000001,XMR,9887963.0,0.0,0.00137438,58
1,[],28,[],2019-02-06 11:32:00,6884.304,0.0000006,0.00000000002043936,6600212,2019-02-06 11:32:00,btc,2.064613633700105,709.0,0.0000006,btc,11345.10450005,0.0,0.00216611304,61
1,[],5,[],2019-02-06 11:38:35,6.42e-06,0.00000061,0.000000000020785872000000002,6600405,2019-02-06 11:38:35,btc,0.28724302,0.00178655,0.00000061,btc,0.00013875,0.0,0.04465424,61
1,[],22,[],2019-02-06 11:38:39,5111.5,0.00000011,0.000000000003748272,6600406,2019-02-06 11:38:39,BTC,1002.29606732,0.0,0.00000011,BTC,15028.700278135757,0.0,0.00051178,61
1,[],26,[],2019-02-06 11:38:40,0.0,0.00000800,0.0000000002726016,6600407,2019-02-06 11:38:40,btc,0.0,0.0,0.00000800,btc,0.0,0.0,0.0,61
1,[],27,[],2019-02-06 11:38:42,100.0,0.00000032,0.000000000010904064,6600408,2019-02-06 11:38:42,btc,0.077778,0.0,0.00000032,"btc,eth",154.84,0.0,3.1e-05,61
1,[],4,[],2019-02-06 11:32:01,998272.65108863,0.00000187,0.000000000063702672,6600213,2019-02-06 11:32:01,btc,0.7038151901616411,0.0,0.00000187,btc,216464.97609357,0.14321992,0.9240629812649752,67
0.0,[],25,[],2019-02-06 11:32:02,0.0,0,0,6600214,2019-02-06 11:32:02,,0.0,0.0,0.0,btc,0.0,0.0,0.0,67
1,[],12,[],2019-02-06 11:38:44,2535103.66344444,0.00000022,0.000000000007496544,6600410,2019-02-06 11:38:44,btc,11115995.620814173,0.0,0.00000022,btc,2262919.34825174,0.0444688766489331,0.0765019464411108,71
,[],5,[],2018-11-20 23:02:39,1.5e-07,0.00000005,0.000000000002128045,4862160,2018-11-20 23:02:39,btc,2.84511358,0.0,,btc,0.00036572,0.0,0.07381892,74
1,[],5,[],2019-01-25 15:53:51,3.303e-05,0.00000156,0.000000000055588884,6499610,2019-01-25 15:53:51,btc,1.42844212,0.0,0.00000156,btc,0.00015937,0.0,0.49487621,75
1,[],4,[],2019-02-06 11:32:05,71027956.82492337,0.00000001,0.000000000000340656,6600216,2019-02-06 11:32:05,btc,0.8136579323105091,0.0,0.00000001,btc,15170595.69973608,0.00040318,0.7102795682492337,81
0,[],20,[],2019-01-25 09:30:31,0.0,0,0,6495923,2019-01-25 09:30:31,btc,0.0,0.0,0,btc,0.0,0.0,0.0,81
1,[],4,[],2019-02-06 11:38:46,23865.19803377,0.00007318,0.000000002493623136,6600411,2019-02-06 11:38:46,btc,0.9612876851121923,0.0,0.00007318,btc,8577.3622405,0.04012061,0.0925286705374838,82
1,[],21,[],2019-02-06 11:38:46,78547.3549113,0.00007551999999999999522732468948,0.0000000025733591039999998,6600412,2019-02-06 11:38:46,btc,3.2871342647124178,2789.70764258,0.000075519999999999995227324689484049713428248651325702667236328125,btc,37500.45422474,0.20979477,3.8495866333520943,82
0,[],17,[],2019-02-06 11:32:09,0.0,0,0,6600219,2019-02-06 11:32:09,btc,0.0447233088476774,0.0,0,btc,999127.19588126,0.0,0.0,84
0.00000000009550130000000001,[],4,[],2019-02-06 11:38:47,333667478.8393261,1.1460156e-17,3.9050710773120004e-22,6600413,2019-02-06 11:38:47,ltc,0.19569063221673705,0.0,0.00000012,ltc,68426754.22685795,0.0,1.2731037286374048e-09,85
,[],22,[],2018-11-20 23:09:34,3408.1,0.0000001,0.0000000000041895,4862324,2018-11-20 23:09:34,BTC,0.04624735,0.0,,BTC,4990.0,0.0,0.00033081,86
1,[],22,[],2019-02-06 11:38:52,740.0,0.00000005,0.00000000000170376,6600414,2019-02-06 11:38:52,BTC,2.07746772,0.0,0.00000005,BTC,141362.94736842104,0.0006732,3.7e-05,87
0,[],27,[],2019-02-06 11:38:54,0.0,0,0,6600415,2019-02-06 11:38:54,,0.0,0.0,0,btc,0.0,0.0,0.0,87
,[],2,[],2018-11-20 23:10:47,0.0,0,0,4862359,2018-11-20 23:10:47,,0.0,0.0,,,0.0,0.0,0.0,88
1,[],11,[],2019-02-06 11:38:56,97802.57484906,0.00017721999999999998713119675475269332309835590422153472900390625,0.000000006038806944,6600416,2019-02-06 11:38:56,btc,246.2654248498491,211.81,0.00017721999999999998713119675475269332309835590422153472900390625,btc,186336.01815036,0.0,6.854155791697146,89
0,[],2,[],2019-01-20 23:31:45,0.0,0,0,6477083,2019-01-20 23:31:45,,0.0,0.0,0,,0.0,0.0,0.0,91
1,[],12,[],2019-02-06 11:38:57,450064.09835349,0.00000375000000000000009500321536404232602990305167622864246368408203125,0.00000000012778200000000001,6600417,2019-02-06 11:38:57,btc,1115.5314344452083,0.0,0.00000375000000000000009500321536404232602990305167622864246368408203125,btc,37365.56598806,0.0115615263863579,0.1013919191998827,91
0,[],17,[],2019-02-06 11:38:58,0.0,0,0,6600418,2019-02-06 11:38:58,btc,0.0,0.0,0,btc,0.0,0.0,0.0,91
0.00000000009550130000000001,[],22,[],2019-02-06 11:39:03,28845304.0,5.730078e-18,1.9525355386560002e-22,6600419,2019-02-06 11:39:03,LTC,8.80758359,0.0,0.00000006,LTC,76429729.6,1.5422122931800001e-12,1.18962528,95
1,[],4,[],2019-02-06 11:39:04,131919821.84770133,0.00000001,0.000000000000340752,6600420,2019-02-06 11:39:04,btc,0.8850909059128919,0.0,0.00000001,"btc,ltc",45196652.26423047,0.01370418,0.0004167654616871875,96
0,[],12,[],2019-02-06 11:39:05,0.0,0,0,6600421,2019-02-06 11:39:05,btc,255063.47420352563,0.0,0,btc,8850700.33497476,0.00222816998002,0.0,96
0,[],17,[],2019-02-06 11:39:07,0.0,0,0,6600422,2019-02-06 11:39:07,btc,0.0,0.0,0,btc,0.0,0.0,0.0,96
1,[],4,[],2019-02-06 11:39:08,1477382.63536877,0.00000029,0.000000000009881808,6600423,2019-02-06 11:39:08,btc,0.2097348868882411,0.0,0.00000029,btc,417589.26108449,0.08160778,0.1258426892151494,99
0,[],2,[],2019-01-20 23:23:55,0.0,0,0,6476914,2019-01-20 23:23:55,,0.0,0.0,0,,0.0,0.0,0.0,100
1,[],4,[],2019-02-06 11:39:09,67201.23792459,0.00004260,0.00000000145160352,6600424,2019-02-06 11:39:09,btc,1.203052509954457,0.0,0.00004260,btc,25749.90882974,0.76569391,2.6311678832801095,100
1,[],22,[],2019-02-06 11:32:31,50000.0,0.00000001,0.000000000000340656,6600232,2019-02-06 11:32:31,BTC,23.50383609,0.0,0.00000001,BTC,11277.22,0.0,0.0005,101
1,[],4,[],2019-02-06 11:39:10,156713.40620425,0.00000100,0.0000000000340752,6600425,2019-02-06 11:39:10,btc,0.3937962171069702,0.0,0.00000100,btc,149674.3873533,0.01279927,0.1056492160085454,103
1,[],12,[],2019-02-06 11:39:12,66750084.5223887,0.000000017,0.0000000000005792784,6600426,2019-02-06 11:39:12,btc,138278919.8023987,0.0,0.000000017,btc,130518075.73701014,0.08685508859183054,0.4328559273502192,105
1,[],27,[],2019-02-06 11:39:14,10161405.89,0.00000001,0.000000000000340752,6600427,2019-02-06 11:39:14,btc,0.620832568896094,0.0,0.00000001,btc,708411.74181977,0.0,0.1016140589,105
0,[],22,[],2019-02-06 11:39:17,0.0,0,0,6600428,2019-02-06 11:39:17,,1.07253299,0.0,0,,94300.0,0.0,0.0,107
1,[],26,[],2019-02-06 11:39:17,0.0,0.00000000,0,6600429,2019-02-06 11:39:17,btc,0.0,0.0,0.00000000,btc,0.0,0.0,0.0,107
1,[],5,[],2019-02-06 11:39:19,3e-08,0.00000002,0.000000000000681504,6600430,2019-02-06 11:39:19,btc,2.8442227,0.03562345,0.00000002,btc,1.649e-05,0.0,0.11379848,112
1,[],22,[],2019-02-06 11:39:24,16833.0,0.00000001,0.000000000000340752,6600431,2019-02-06 11:39:24,BTC,2.81683288,0.0,0.00000001,BTC,808529.0833333334,0.0,0.00016833,112
0.0000000003019816,[],27,[],2019-02-06 11:39:26,500000.0,3.019816e-18,1.029008341632e-22,6600432,2019-02-06 11:39:26,eth,1.25132491849924,0.0,0.00000001,"btc,eth",1327.641654,0.0,1.509908e-12,112
1,[],4,[],2019-02-06 11:39:27,478839.15072203,0.00000425,0.0000000001448196,6600433,2019-02-06 11:39:27,btc,0.3888933647815148,0.0,0.00000425,btc,70035.90822069,0.07589588,0.3349171830282591,113
1,[],5,[],2019-02-06 11:39:29,2.885e-05,0.00000400,0.0000000001363008,6600434,2019-02-06 11:39:29,btc,2.16249256,0.0002807,0.00000400,btc,0.00299825,0.0,0.28311944,113
0,[],27,[],2019-02-06 11:32:52,0.0,0,0,6600244,2019-02-06 11:32:52,,0.0,0.0,0,btc,0.0,0.0,0.0,116
1,[],17,[],2019-02-06 11:39:30,174538.724,0.00000004,0.0000000000013630080000000001,6600435,2019-02-06 11:39:30,btc,1.3368030273911866,0.0,0.00000004,btc,51896.221,0.0,0.00308154896,116
1,[],4,[],2019-02-06 11:39:34,39785.30673975,0.00002728,0.000000000929571456,6600437,2019-02-06 11:39:34,btc,0.4935779554587742,0.0,0.00002728,btc,15168.06464943,1.17681294,0.7090246879150331,120
1,[],7,[],2019-02-06 11:39:35,14769.39781646,0.00001815999999999999892411582658180435601025237701833248138427734375,0.000000000618805632,6600438,2019-02-06 11:39:35,btc,88979.71319294669,0.0,0.00001815999999999999892411582658180435601025237701833248138427734375,btc,29620.75504803,0.0,0.1285947220080656,120
1,[],20,[],2019-02-06 11:39:37,1624519.8906,0.000000014,0.0000000000004770528,6600439,2019-02-06 11:39:37,btc,33.7483191531607,2508.3,0.000000014,btc,1052781.1766,3.51162e-05,0.0090170970172,125
1,[],22,[],2019-02-06 11:33:00,3053.0,0.00000001,0.000000000000340656,6600248,2019-02-06 11:33:00,BTC,0.01444889,0.0,0.00000001,BTC,296264.5111111111,0.0,3.053e-05,126
1,[],4,[],2019-02-06 11:33:01,149046.068387,0.00001680,0.00000000057230208,6600249,2019-02-06 11:33:01,btc,0.4586856171348305,0.0,0.00001680,btc,22966.45003763,0.37131007,0.7890192106371053,131
0,[],17,[],2019-02-06 11:33:02,0.0,0,0,6600250,2019-02-06 11:33:02,btc,0.0009561751951600001,0.0,0,btc,35.42829368,0.0,0.0,131
0,[],2,[],2019-01-20 23:25:46,0.0,0,0,6476969,2019-01-20 23:25:46,,0.0,0.0,0,,0.0,0.0,0.0,131
1,[],4,[],2019-02-06 11:39:42,4720.54680559,0.00016037,0.000000005464639824,6600441,2019-02-06 11:39:42,btc,1.6396283323113323,0.0,0.00016037,btc,296.13066201,0.00107493,0.0202821872842373,135
1,[],3,[],2019-02-06 11:39:44,1839934.52562326,0.00000005,0.00000000000170376,6600442,2019-02-06 11:39:44,btc,0.1358972621634616,45446.3118333,0.00000005,btc,444433.99912586,0.0,0.0678642611089435,136
1,[],4,[],2019-02-06 11:39:45,83305.86147897,0.00000174,0.000000000059290848,6600443,2019-02-06 11:39:45,btc,0.0715571012267126,0.0,0.00000174,btc,33196.14871361,0.02833159,0.1112054277222415,137
1,[],12,[],2019-02-06 11:39:45,315103.00330879,0.00000172999999999999995347796898081949024117420776747167110443115234375,0.000000000058950096,6600444,2019-02-06 11:39:45,btc,11982.945972457952,0.0,0.00000172999999999999995347796898081949024117420776747167110443115234375,btc,157804.09469216,0.0008446402304298,0.0578109143349936,137
1,[],22,[],2019-02-06 11:33:13,960.0,0.00000025,0.0000000000085164,6600258,2019-02-06 11:33:13,BTC,3.00449528,0.0,0.00000025,BTC,899.098,0.0,0.0001282,142
0.0,[],25,[],2019-02-06 11:33:14,0.0,0,0,6600259,2019-02-06 11:33:14,,0.0,0.0,0.0,btc,0.0,0.0,0.0,142
1,[],28,[],2019-02-06 11:33:16,79265.0,0.00004400,0.0000000014988864,6600260,2019-02-06 11:33:16,btc,0.04594154168,1059.0,0.00004400,btc,931.772,0.0,0.0585837,142
1,[],5,[],2019-02-06 11:39:47,0.00191292,0.00004473,0.000000001524183696,6600445,2019-02-06 11:39:47,btc,2.28214659,2.0986332,0.00004473,btc,0.00255768,0.0,1.89769717,142
1,[],17,[],2019-02-06 11:39:49,12500.0,0.0000001,0.00000000000340752,6600446,2019-02-06 11:39:49,btc,20.26102157890044,0.0,0.0000001,btc,5931.99821453,0.0,0.00125,142
1,[],20,[],2019-02-06 11:39:50,149884.9393,0.000040555,0.000000001381919736,6600447,2019-02-06 11:39:50,btc,3.117606365767,50.0001,0.000040555,btc,6014.3882,0.002030803044,0.2560331045843,142
0,[],22,[],2019-02-06 11:33:19,0.0,0,0,6600261,2019-02-06 11:33:19,,60.29951435,0.0,0,,812190579.8,0.0,0.0,143
1,[],21,[],2019-02-06 11:33:20,31540489.92781043,0.00000026,0.000000000008857056,6600262,2019-02-06 11:33:20,btc,53.813068860188885,1977589.21127395,0.00000026,btc,94784166.24552953,0.52707795,4.4338720265868075,145
0,[],22,[],2019-02-06 11:33:22,0.0,0,0,6600263,2019-02-06 11:33:22,,3.33248929,0.0,0,,1970827.5,0.0,0.0,146
,[],22,[],2018-11-20 23:01:11,0.0,0,0,4862114,2018-11-20 23:01:11,,2.56807021,0.0,,,61828.4988236,0.0,0.0,147
1,[],12,[],2019-02-06 10:33:52,8688297.08846542,0.000003360000000000000017360245185837896997327334247529506683349609375,0.000000000114411024,6599716,2019-02-06 10:33:52,btc,16.53434633465585,0.0,0.000003360000000000000017360245185837896997327334247529506683349609375,btc,116735.22421239,6.05063736226e-05,0.1251454100000126,148
1,[],4,[],2019-02-06 11:40:02,308508.84203134,0.00000028,0.000000000009541056,6600453,2019-02-06 11:40:02,btc,0.9213102108322636,0.0,0.00000028,btc,819380.83819925,0.0,0.0682596103656023,152
0,[],22,[],2019-02-06 11:33:26,0.0,0,0,6600265,2019-02-06 11:33:26,,0.0,0.0,0,,0.0,0.0,0.0,152
1,[],5,[],2019-02-06 11:33:27,0.0,0,0,6600266,2019-02-06 11:33:27,btc,4.41894381,0.0,0,btc,0.00161275,0.0,0.0,153
,[],16,[],2019-01-11 15:38:59,0.0,0,0,6366141,2019-01-11 15:38:59,btc,0.0,0.0,,btc,0.0,0.0,0.0,155
0,[],22,[],2019-02-06 11:33:30,0.0,0,0,6600267,2019-02-06 11:33:30,,6.74512347,0.0,0,,4576272.742592593,0.0,0.0,156
0,[],23,[],2019-01-20 23:24:29,0.0,0,0,6476932,2019-01-20 23:24:29,,0.0,0.0,0,,0.0,0.0,0.0,156
1,[],22,[],2019-02-06 11:33:33,8106.0,0.00002000,0.000000000681312,6600268,2019-02-06 11:33:33,BTC,43.78801181,0.0,0.00002000,BTC,1067.5805334758436,0.0,0.01043836,157
0,[],22,[],2019-02-06 11:33:36,0.0,0,0,6600269,2019-02-06 11:33:36,,50175.6753658,0.0,0,,54007107.04179466,0.0,0.0,158
,[],17,[],2018-11-20 22:56:10,0.0,0,0,4861976,2018-11-20 22:56:10,btc,1.1265625,0.0,,btc,1000.0,0.0,0.0,159
,[],20,[],2018-11-20 22:56:12,0.0,0,0,4861977,2018-11-20 22:56:12,btc,11912.7940471,0.0,,btc,34413894.3617,0.0,0.0,159
1,[],12,[],2019-02-06 11:33:37,193723.43757755,0.0000075100000000000000942627052802347265014759614132344722747802734375,0.000000000255832656,6600270,2019-02-06 11:33:37,btc,6.68649668799299,0.0,0.0000075100000000000000942627052802347265014759614132344722747802734375,btc,14810.16457607,0.0057206213679738,0.0889520016999441,168
1,[],17,[],2019-02-06 11:33:38,29784.95,0.000001,0.0000000000340656,6600271,2019-02-06 11:33:38,btc,0.03026736251542,0.0,0.000001,btc,144.46171372,0.0,0.00716147,168
0,[],22,[],2019-02-06 11:33:41,0.0,0,0,6600272,2019-02-06 11:33:41,,1.14688224,0.0,0,,677302.5900917595,0.0,0.0,169
1,[],22,[],2019-02-06 11:33:56,182622.53333333333,0.0000003,0.00000000001021968,6600273,2019-02-06 11:33:56,BTC,10.32281866,0.0,0.0000003,BTC,113610.89382234351,0.00388257,0.01953676,171
1,[],22,[],2019-02-06 11:40:20,255092.31547619047,0.00000024,0.000000000008178048,6600458,2019-02-06 11:40:20,BTC,2.65581894,0.0,0.00000024,BTC,232438.90063751178,7.798e-05,0.02462075,173
1,[],5,[],2019-02-06 11:40:22,2.724e-05,0.00000334,0.00000000011381116800000001,6600459,2019-02-06 11:40:22,btc,0.3602146,0.02378189,0.00000334,btc,0.00029445,0.0,0.7338885,175
1,[],22,[],2019-02-06 11:40:25,54449.25714285715,0.00000052,0.000000000017719104,6600460,2019-02-06 11:40:25,BTC,0.63358303,0.0,0.00000052,BTC,155090.40184992214,0.0,0.01917957,176
1,[],7,[],2019-02-06 11:40:26,0.0,0,0,6600461,2019-02-06 11:40:26,btc,233187.7209713411,0.0,0,btc,115003345.8074238,0.0,0.0,178
0,[],22,[],2019-02-06 11:34:09,0.0,0,0,6600278,2019-02-06 11:34:09,,1.00242428,0.0,0,,57512.0,0.0,0.0,178
0,[],2,[],2019-01-20 23:28:34,0.0,0,0,6477001,2019-01-20 23:28:34,,0.0,0.0,0,,0.0,0.0,0.0,178
1,[],5,[],2019-02-06 11:40:30,3e-08,0.00000002,0.000000000000681504,6600463,2019-02-06 11:40:30,btc,17.1559318,0.02135971,0.00000002,btc,2.088e-05,0.0,1.0472874,179
1,[],22,[],2019-02-06 11:34:15,8340773.0,0.00000002,0.000000000000681312,6600280,2019-02-06 11:34:15,BTC,5.51808792,0.0,0.00000002,"BTC,LTC",18728053.068656635,0.0,0.3940753,179
0,[],23,[],2019-01-20 23:25:08,0.0,0,0,6476952,2019-01-20 23:25:08,,0.0,0.0,0,,0.0,0.0,0.0,179
1,[],17,[],2019-02-06 11:34:17,10504.725,0.0000001,0.00000000000340656,6600281,2019-02-06 11:34:17,btc,5.206166879876651,0.0,0.0000001,btc,6755.0074587,0.0,0.0010504725,180
1,[],22,[],2019-02-06 11:34:21,39271.94545454546,0.00000011,0.000000000003747216,6600282,2019-02-06 11:34:21,BTC,0.09645713,0.0,0.00000011,"BTC,LTC",17090.39315481,2.75e-05,0.00410637,180
1,[],26,[],2019-02-06 11:34:21,0.0,0.00000010,0.00000000000340656,6600283,2019-02-06 11:34:21,btc,0.0,0.0,0.00000010,btc,0.0,0.0,0.0,180
,[],7,[],2018-11-20 22:58:01,562227.975654,0.00000085,0.000000000036176765,4862015,2018-11-20 22:58:01,btc,21836.6059674,2491.87645172,,btc,749999.041456,0.00211021,0.127565380455,183
,[],5,[],2019-01-10 08:11:41,0.0,0,0,6347036,2019-01-10 08:11:41,btc,82.15055501,0.00261,,btc,1.19002445,0.0,0.0,187
1,[],24,[],2019-02-06 11:34:21,0.0,0.000000000001,3.40656e-17,6600284,2019-02-06 11:34:21,btc,0.0,0.0,0.000000000001,btc,0.0,0.0,0.0,187
,[],17,[],2018-11-16 20:58:10,4062536.27273,0.00000001,0.000000000000550501,4708775,2018-11-16 20:58:10,btc,3.36492563466,0.195460381006,,"btc,eth",110697919.549,0.0,0.0157628953496,187
0,[],22,[],2019-02-06 11:34:23,0.0,0,0,6600285,2019-02-06 11:34:23,,1.19383767,0.0,0,,14406.036201072173,0.0,0.0,191
0,[],22,[],2019-02-06 11:34:28,0.0,0,0,6600286,2019-02-06 11:34:28,,0.0,0.0,0,,0.0,0.0,0.0,197
1,[],26,[],2019-02-06 11:40:45,0.0,0.00000000,0,6600470,2019-02-06 11:40:45,btc,0.0,770168.0,0.00000000,btc,0.0,0.0,0.0,199
0,[],23,[],2019-01-20 23:31:41,0.0,0,0,6477079,2019-01-20 23:31:41,,0.0,0.0,0,,0.0,0.0,0.0,199
0,[],17,[],2019-01-30 16:32:01,0.0,0,0,6540827,2019-01-30 16:32:01,btc,6.802544163788159,0.0,0,btc,105897.55575295,0.0,0.0,200
0,[],2,[],2019-01-20 23:30:49,0.0,0,0,6477059,2019-01-20 23:30:49,,0.0,0.0,0,,0.0,0.0,0.0,201
1,[],4,[],2019-01-25 15:51:35,2084389.58565343,0.00000936,0.000000000333526752,6499557,2019-01-25 15:51:35,btc,2.0092503037378524,0.0,0.00000936,btc,160195.80207885,0.19272417,1.242687955921835,211
1,[],7,[],2019-02-06 11:40:50,12108543.58359534,0.000001390000000000000032391082004090687718189656152389943599700927734375,0.000000000047364528,6600471,2019-02-06 11:40:50,btc,16567793.758084308,716911.783742,0.000001390000000000000032391082004090687718189656152389943599700927734375,btc,13002298.06615751,0.98532239,4.389082485362444,212
1,[],5,[],2019-02-06 11:40:51,4.66e-06,0.00000034,0.000000000011585568,6600472,2019-02-06 11:40:51,btc,1.19660442,0.12506637,0.00000034,btc,3.151e-05,0.0,0.3408785,213
1,[],24,[],2019-02-06 11:40:52,0.0,0.000000050000,0.00000000000170376,6600473,2019-02-06 11:40:52,btc,0.0,0.0,0.000000050000,btc,0.0,0.0,0.0,213
1,[],26,[],2019-02-06 11:40:52,0.0,0.00000009,0.000000000003066768,6600474,2019-02-06 11:40:52,btc,0.0,0.0,0.00000009,btc,0.0,0.0,0.0,213
1,[],12,[],2019-01-25 02:44:32,207462.42853209,0.000001080000000000000035831255497387193287295303889550268650054931640625,0.000000000038610756000000006,6493050,2019-01-25 02:44:32,btc,85023.03793723314,0.0,0.000001080000000000000035831255497387193287295303889550268650054931640625,btc,43675.73520027,0.000146250909087,0.0348620860622024,213
1,[],22,[],2019-02-06 11:40:55,298200.0,0.00000003,0.000000000001022256,6600475,2019-02-06 11:40:55,BTC,70.20553958,0.0,0.00000003,BTC,305800.83137942315,0.0,0.007318,216
1,[],27,[],2019-02-06 11:40:58,5049502.0,0.00000002,0.000000000000681504,6600476,2019-02-06 11:40:58,btc,313.98514254952,7398.0,0.00000002,"btc,ltc",289778.48811,0.0011097,0.05099104,216
1,[],22,[],2019-02-06 11:34:45,269454.8247499803,0.00000205,0.00000000006983448,6600294,2019-02-06 11:34:45,BTC,12677.55521802,0.0,0.00000205,BTC,472092.6194149394,0.03313841,0.34952255,217
1,[],7,[],2019-02-06 11:34:46,0.0,0,0,6600295,2019-02-06 11:34:46,btc,77970.02600413912,0.0,0,btc,134531561.1214003,0.0,0.0,219
0,[],27,[],2019-02-06 11:34:48,0.0,0,0,6600296,2019-02-06 11:34:48,,5.3418937883169715,0.0,0,btc,1605140.99226592,0.0,0.0,219
0.0000000000000054,[],28,[],2019-02-06 11:34:50,205435180.397,6.0210000000000005e-18,2.051089776e-22,6600297,2019-02-06 11:34:50,doge,88554.0318717675,13772.0,0.00111500,"btc,doge",4969437.84751,0.0,2.8148107900920895e-11,219
1,[],22,[],2019-02-06 11:34:54,215657.0,0.00000066,0.000000000022483296,6600298,2019-02-06 11:34:54,BTC,3.02962869,0.0,0.00000066,BTC,35815.73901117396,0.00720624,0.02760037,221
1,[],24,[],2019-02-06 11:34:55,0.0,0.000000020000,0.000000000000681312,6600299,2019-02-06 11:34:55,btc,0.0,27703.36235,0.000000020000,btc,0.0,0.10480794,0.0,221
1,[],20,[],2019-02-06 11:34:57,6286635.3322,0.000000008,0.0000000000002725248,6600300,2019-02-06 11:34:57,btc,5.9929239422122,492182.9703,0.000000008,btc,7542625.2928,0.0043616051838,0.0150308362404,224
0,[],22,[],2019-02-06 11:35:01,0.0,0,0,6600301,2019-02-06 11:35:01,,0.0,0.0,0,,0.0,0.0,0.0,224
1,[],26,[],2019-02-06 11:35:01,0.0,0.00000022,0.000000000007494432,6600302,2019-02-06 11:35:01,btc,0.0,0.0,0.00000022,btc,0.0,0.0,0.0,231
1,[],26,[],2019-02-06 11:35:02,0.0,0.00000005,0.00000000000170328,6600303,2019-02-06 11:35:02,btc,0.0,100.0,0.00000005,btc,0.0,0.0,0.0,234
0,[],27,[],2019-02-06 11:35:04,0.0,0,0,6600304,2019-02-06 11:35:04,,0.0113483662182,0.0,0,"btc,eth",11462.99618,0.0,0.0,234
0,[],22,[],2019-02-06 11:35:07,0.0,0,0,6600305,2019-02-06 11:35:07,,3.02439477,0.0,0,,99242433.81349206,0.0,0.0,235
1,[],4,[],2019-02-06 11:35:08,1025415.9202995,0.00000058,0.000000000019758048,6600306,2019-02-06 11:35:08,btc,0.136797953866421,0.0,0.00000058,btc,127624.97741917,0.05466116,0.1708030668079625,236
1,[],24,[],2019-02-06 11:35:09,0.0,0.000000010000,0.000000000000340656,6600307,2019-02-06 11:35:09,btc,0.0,0.0,0.000000010000,btc,0.0,0.0,0.0,236
1,[],20,[],2019-02-06 11:35:10,20023512.8214,0.000000058,0.0000000000019758048,6600308,2019-02-06 11:35:10,btc,16.2967183042115,18181477.7789,0.000000058,btc,26684248.3662,1.0765610766611,0.3501140363629,237
1,[],22,[],2019-02-06 11:35:15,10000.0,0.00000001,0.000000000000340656,6600309,2019-02-06 11:35:15,BTC,0.04083605,0.0,0.00000001,BTC,4179.0,0.0,0.0001,237
1,[],4,[],2019-02-06 11:35:16,4455504.15197466,0.00000033,0.000000000011241648,6600310,2019-02-06 11:35:16,btc,0.5327245410388706,0.0,0.00000033,btc,1376672.96018985,0.02980004,1.377965493958764,238
1,[],5,[],2019-02-06 11:35:17,3.92e-06,0.00000032,0.000000000010900992,6600311,2019-02-06 11:35:17,btc,0.72747035,0.00395578,0.00000032,btc,2.957e-05,0.0,0.32004675,238
1,[],22,[],2019-02-06 11:35:22,143322.66666666666,0.00000003,0.000000000001021968,6600312,2019-02-06 11:35:22,BTC,15.41456983,0.0,0.00000003,BTC,316933.8139027493,0.00083249,0.00429968,249
0.00000000009550019999999999,[],22,[],2019-02-06 11:35:26,1258373.0,2.865006e-18,9.75981483936e-23,6600313,2019-02-06 11:35:26,LTC,4.03395063,0.0,0.00000003,LTC,14505871.09,1.50917056056e-13,0.03675421,252
1,[],28,[],2019-02-06 11:35:28,2372141.346,0.0000001,0.00000000000340656,6600314,2019-02-06 11:35:28,btc,164692.29823242893,70956.94,0.0000001,btc,666769.1485,0.0,0.0835146423,256
1,[],22,[],2019-02-06 11:35:32,117807.0,0.00000002,0.000000000000681312,6600315,2019-02-06 11:35:32,BTC,30.2066262,0.0,0.00000002,BTC,458846.02135702135,0.0,0.00119172,258
1,[],22,[],2019-01-26 20:58:41,368451.0,0.00000001,0.000000000000356135,6510120,2019-01-26 20:58:41,BTC,2.642917,0.0,0.00000001,"BTC,LTC",1862.0,0.0,0.02488451,259
1,[],22,[],2019-02-06 11:35:36,5366.601333333333,0.00000750,0.000000000255492,6600316,2019-02-06 11:35:36,BTC,111115.78354377,0.0,0.00000750,BTC,5791.542661517651,0.02703022,0.03432441,262
1,[],5,[],2019-02-06 11:35:38,5.439e-05,0.00000242,0.000000000082438752,6600317,2019-02-06 11:35:38,btc,0.83190064,0.04563396,0.00000242,btc,0.00049735,0.0,0.2174465,264
1,[],20,[],2019-02-06 11:35:40,1167173.2539,0.00000256,0.000000000087207936,6600318,2019-02-06 11:35:40,btc,5.0453788197053,7868.9163,0.00000256,btc,95818.9408,0.0326902441624,0.023988667949,264
1,[],22,[],2019-02-06 11:35:44,122796.0,0.00000002,0.000000000000681312,6600319,2019-02-06 11:35:44,BTC,8.53178956,0.0,0.00000002,BTC,344537.1584647885,8.842e-05,0.00195829,271
0,[],22,[],2019-02-06 11:35:47,0.0,0,0,6600320,2019-02-06 11:35:47,,369.95049049,0.0,0,,14650343738.9,0.0,0.0,272
0.0000000000000054,[],28,[],2019-02-06 11:35:49,249785688417.792,6.102e-21,2.078682912e-25,6600321,2019-02-06 11:35:49,doge,298871902.0224884,3217223203.3897,0.00000113,doge,168539404534.7433,0.0,8.648616591518875e-10,272
1,[],22,[],2019-02-06 11:35:54,10017.0,0.00022000,0.000000007494432,6600322,2019-02-06 11:35:54,BTC,22.876582,0.0,0.00022000,BTC,533.5,0.000936,0.00093,281
