pairValue,buyBook,exchangeId,sellBook,updated,buyTotal,satoshiPrice,usdPrice,exchangeLogId,created,bestPair,sellTotalBtc,volume,pairPrice,activePairs,sellTotal,volumeBtc,buyTotalBtc,coinId
1,[],3,[],2019-08-21 09:41:23,961.702326548915,0.008000000000000000166533453693773481063544750213623046875,0.000000819844,7920748,2019-08-21 09:41:23,btc,9.3788181838864,2.66362145152,0.008000000000000000166533453693773481063544750213623046875,btc,40.234176743599,0.0,0.2723957966705821,1
1,[],4,[],2019-08-21 09:41:23,25010.15981959,0.00794277,0.000000813979040985,7920749,2019-08-21 09:41:23,btc,12.789820891940627,0.0,0.00794277,btc,580.88569872,1.01689151,0.8229181454151945,1
1,[],12,[],2019-08-21 09:41:29,123.19381211,0.00796999999999999965416552782926373765803873538970947265625,0.000000816769585,7920750,2019-08-21 09:41:29,btc,0.8746921565311,0.0,0.00796999999999999965416552782926373765803873538970947265625,btc,100.40159527,0.781706711918,0.23313734671179998,1
1,[],20,[],2019-08-21 09:41:30,932.484,0.0079032,0.0000008099238875999999,7920751,2019-08-21 09:41:30,btc,0.2368853918643,3.2001,0.0079032,btc,20.3238,0.0256039228523,0.1308354275897,1
1,[],21,[],2019-08-21 09:41:31,2107.79020905,0.007998029999999999722914978406,0.0000008196421134149999,7920752,2019-08-21 09:41:31,btc,9.036281293022082,859.8915800699999,0.0079980299999999997229149784061519312672317028045654296875,"btc,eth",1724.96464322,6.510108903988709,14.29877853359268,1
1,[],22,[],2019-08-21 09:41:35,0.5198816666666667,0.00600000,0.000000614883,7920753,2019-08-21 09:41:35,BTC,0.01700334,0.0,0.00600000,BTC,0.283670650841137,0.0,0.00302178,1
1,[],24,[],2019-08-21 09:41:35,0.0,0.000000000000,0,7920754,2019-08-21 09:41:35,btc,0.0,0.0,0.000000000000,btc,0.0,0.0,0.0,1
0.0,[],25,[],2019-08-21 09:41:36,0.0,0,0,7920755,2019-08-21 09:41:36,btc,43.59439999857475,17248.81311845,0.0,btc,5274.88847013,140.1942,0.0,1
1,[],26,[],2019-08-21 09:41:40,0.0,0,0,7920756,2019-08-21 09:41:40,,0.0,0.0,0,,0.0,0.0,0.0,1
1,[],28,[],2019-08-21 09:41:42,1040.4,0.008020000000,0.0000008218936099999999,7920757,2019-08-21 09:41:42,btc,0.38023024096,2615.0,0.008020000000,btc,23.7255,0.0,0.274306096,1
1,[],10,[],2019-07-13 08:58:05,251434.9725798,0.00271069,0.00000031407274150500003,7812232,2019-07-13 08:58:05,btc,6515.317158446701,1686.04548878,0.00271069,btc,2002.66956917,0.0,1.2639712180673435,1
1,[],5,[],2019-07-06 00:27:44,0.0,0,0,7800775,2019-07-06 00:27:44,btc,0.0,0.00190933,0,btc,0.0,0.0,0.0,1
0,[],2,[],2019-01-20 23:28:45,0.0,0,0,6477011,2019-01-20 23:28:45,,0.0,0.0,0,,0.0,0.0,0.0,1
0,[],22,[],2019-08-21 09:35:33,0.0,0,0,7920645,2019-08-21 09:35:33,,0.0,0.0,0,,0.0,0.0,0.0,2
1,[],5,[],2019-07-06 00:28:14,0.0,0,0,7800785,2019-07-06 00:28:14,btc,0.0,0.00208797,0,btc,0.0,0.0,0.0,2
1,[],12,[],2019-08-21 09:35:35,6748433.11247662,0.00000006,0.000000000006104322,7920646,2019-08-21 09:35:35,btc,43032.80136227331,0.0,0.00000006,btc,9305880.19444431,0.011797211517,0.29262999009525725,3
0,[],28,[],2019-08-21 09:35:36,0.0,0,0,7920647,2019-08-21 09:35:36,,0.0,0.0,0,,0.0,0.0,0.0,3
1,[],5,[],2019-06-03 14:48:58,0.0,0,0,7731126,2019-06-03 14:48:58,btc,0.0,0.05905545,0,btc,0.0,0.0,0.0,3
0,[],2,[],2019-01-20 23:31:32,0.0,0,0,6477077,2019-01-20 23:31:32,,0.0,0.0,0,,0.0,0.0,0.0,4
1,[],4,[],2019-08-19 07:13:39,5576051.9095195,0.00000012,0.000000000012681852,7911861,2019-08-19 07:13:39,btc,25.86361324985451,0.0,0.00000012,btc,1094878.27526979,0.00024951,0.0793524101309535,4
0,[],2,[],2019-01-20 23:31:51,0.0,0,0,6477087,2019-01-20 23:31:51,,0.0,0.0,0,,0.0,0.0,0.0,6
1,[],11,[],2019-08-15 15:27:29,324074.0,0.00000001,0.0000000000010065590000000001,7900084,2019-08-15 15:27:29,btc,9583.47119397936,4910218.0,0.00000001,btc,78345418.50750598,0.0,0.00324074,6
1,[],3,[],2019-08-21 09:35:39,11388.653896083402,0.00006935000000000000517329235005803411695524118840694427490234375,0.000000007055578845000001,7920648,2019-08-21 09:35:39,btc,1026.302816489997,0.0,0.00006935000000000000517329235005803411695524118840694427490234375,btc,439.414759279976,0.0,0.0188643881004329,7
1,[],4,[],2019-08-21 09:35:41,48876.70058259,0.00008384,0.000000008529772608,7920649,2019-08-21 09:35:41,btc,12.317187419616486,0.0,0.00008384,btc,72492.72847225,0.78521321,2.235518506989422,7
1,[],5,[],2019-07-06 00:28:21,0.0,0,0,7800789,2019-07-06 00:28:21,btc,0.0,0.38662001,0,btc,0.0,0.0,0.0,7
1,[],4,[],2019-08-21 09:35:42,22990127.71536689,0.00000021,0.000000000021365127,7920650,2019-08-21 09:35:42,btc,5.844086381135045,0.0,0.00000021,btc,11585795.19402565,0.28106815,1.5340122247578727,12
0.0,[],25,[],2019-08-21 09:35:48,0.0,0,0,7920651,2019-08-21 09:35:48,,0.0,0.0,0.0,btc,0.0,0.0,0.0,12
1,[],5,[],2019-07-05 17:50:59,0.0,0,0,7799863,2019-07-05 17:50:59,btc,0.0,0.04857279,0,btc,0.0,0.0,0.0,12
0,[],2,[],2019-01-20 23:23:08,0.0,0,0,6476890,2019-01-20 23:23:08,,0.0,0.0,0,,0.0,0.0,0.0,12
1,[],4,[],2019-08-21 09:35:49,1036315.45354288,0.00000118,0.000000000120051666,7920652,2019-08-21 09:35:49,btc,3.413204681437419,0.0,0.00000118,btc,909026.26897221,0.14589166,0.3633805820820305,13
1,[],21,[],2019-08-21 09:35:54,5486103.09070713,0.000001250000000000000102253817393,0.00000000012717337500000003,7920653,2019-08-21 09:35:54,btc,3.9451783598664907,797145.59902835,0.000001250000000000000102253817392539136932327892282046377658843994140625,btc,2098800.43380801,1.03824006,1.830740650447737,13
1,[],10,[],2019-08-21 04:59:30,787427.53170675,0.00000125,0.000000000128125,7919469,2019-08-21 04:59:30,btc,666797.3190169301,16920.4011439,0.00000125,btc,1006872.03169482,0.0,0.0866174627826718,13
1,[],4,[],2019-08-21 09:35:55,1475984.96631586,0.00000073,0.000000000074269251,7920654,2019-08-21 09:35:55,btc,2.545855188484686,0.0,0.00000073,btc,880999.94937085,0.05797571,0.2412178618066884,14
1,[],12,[],2019-08-21 09:35:56,213805.83128652,0.00000075,0.00000000007630402500000001,7920655,2019-08-21 09:35:56,btc,181.98211786799698,0.0,0.00000075,btc,31566.5760854,2.1379131e-05,0.0181136278434794,14
0,[],17,[],2019-08-21 09:35:57,0.0,0,0,7920656,2019-08-21 09:35:57,btc,0.0,0.0,0,btc,0.0,0.0,0.0,14
1,[],26,[],2019-08-21 09:35:57,0.0,0,0,7920657,2019-08-21 09:35:57,,0.0,0.0,0,,0.0,0.0,0.0,14
0,[],4,[],2019-08-21 09:35:58,0.0,0,0,7920658,2019-08-21 09:35:58,,0.0,0.0,0,,0.0,0.0,0.0,15
,[],12,[],2018-12-01 15:15:48,204241.84496,0.00000489,0.000000000202473384,5260204,2018-12-01 15:15:48,btc,49.5475654835,0.0,,btc,35763.2193806,0.0163153972027625,0.0203389899998,15
1,[],4,[],2019-08-21 09:36:00,34624.67512989,0.00000710,0.0000000007223447700000001,7920659,2019-08-21 09:36:00,btc,2.4314851964809243,0.0,0.00000710,btc,23415.75245838,0.02128032,0.0456034570829585,18
1,[],10,[],2019-08-21 09:36:02,399052.96247597,0.00000701,0.0000000007131882870000001,7920660,2019-08-21 09:36:02,btc,15.271790734696657,3977.1433866,0.00000701,btc,27092.46072934,0.0,0.271842359064941,18
1,[],12,[],2019-08-21 09:36:03,4689.64835048,0.00000723000000000000023398817605713162492975243367254734039306640625,0.0000000007355708010000001,7920661,2019-08-21 09:36:03,btc,0.5659446860976098,0.0,0.00000723000000000000023398817605713162492975243367254734039306640625,btc,1901.90897517,0.000100255036,0.0112478506135773,18
0,[],17,[],2019-08-21 09:36:05,0.0,0,0,7920662,2019-08-21 09:36:05,btc,0.0,0.0,0,btc,0.0,0.0,0.0,18
0,[],2,[],2019-01-20 23:23:38,0.0,0,0,6476906,2019-01-20 23:23:38,,0.0,0.0,0,,0.0,0.0,0.0,18
1,[],3,[],2019-08-21 09:36:06,215778.85754894113,0.0000053000000000000000778023478975597981843748129904270172119140625,0.0000000005392151100000001,7920663,2019-08-21 09:36:06,btc,190.6633323445084,631.444025226,0.0000053000000000000000778023478975597981843748129904270172119140625,btc,56520.92501685089,0.0,0.3643205593359952,19
1,[],4,[],2019-08-21 09:36:06,559995.73494002,0.00000524,0.000000000533110788,7920664,2019-08-21 09:36:06,btc,3.0707849103970304,0.0,0.00000524,btc,270195.27022206,0.08335833,1.512204139361096,19
1,[],12,[],2019-08-21 09:36:08,134115.47700055,0.0000055300000000000004167955043599125275477490504272282123565673828125,0.0000000005626150110000001,7920665,2019-08-21 09:36:08,btc,0.3391727218456258,0.0,0.0000055300000000000004167955043599125275477490504272282123565673828125,btc,3212.8622265999998,0.002387942415,0.0249802139999267,19
0,[],27,[],2019-08-12 16:48:42,0.0,0,0,7891818,2019-08-12 16:48:42,,0.0,0.0,0,btc,0.0,0.0,0.0,19
0,[],2,[],2019-01-20 23:24:19,0.0,0,0,6476924,2019-01-20 23:24:19,,0.0,0.0,0,,0.0,0.0,0.0,19
1,[],5,[],2019-07-06 02:01:19,0.0,0,0,7800799,2019-07-06 02:01:19,btc,0.0,0.0,0,btc,0.0,0.0,0.0,19
1,[],4,[],2019-08-19 09:56:57,10479102.32813501,0.00000006,0.00000000000640596,7912317,2019-08-19 09:56:57,btc,4.984292824562718,0.0,0.00000006,btc,2305413.8842246,0.0,0.1263090499480169,20
0,[],4,[],2019-08-21 09:36:09,0.0,0,0,7920666,2019-08-21 09:36:09,,58251.863524241395,0.0,0,,172988063.31614378,0.0001,0.0,21
0,[],12,[],2019-08-21 09:36:10,0.0,0,0,7920667,2019-08-21 09:36:10,btc,2617.972049630909,0.0,0,btc,8226239.88911087,0.0,0.0,21
0,[],17,[],2019-08-21 09:36:11,0.0,0,0,7920668,2019-08-21 09:36:11,btc,0.0,0.0,0,btc,0.0,0.0,0.0,21
1,[],12,[],2019-08-21 09:36:12,5904557005.972669,0.0000000019,0.00000000000019330353000000003,7920669,2019-08-21 09:36:12,btc,167285804790.5849,0.0,0.0000000019,btc,1785877566.7252314,0.204208337811,5.026928186588269,23
0.0000000002204393,[],27,[],2019-07-29 17:24:02,79794022.5,8.5971327e-17,8.21370058158e-21,7852364,2019-07-29 17:24:02,eth,1253.5830452782222,787155.0,0.00000039,eth,2317982.66147653,6.7672759904685e-11,2.1948587434632156e-09,23
1,[],4,[],2019-08-21 09:36:13,6124200.94489401,0.00000040,0.00000000004069548000000001,7920670,2019-08-21 09:36:13,btc,5.10230011608203,0.0,0.00000040,btc,1737333.75952201,0.0281989,0.2129278307335848,24
0,[],22,[],2019-08-21 09:36:17,0.0,0,0,7920671,2019-08-21 09:36:17,,0.0,0.0,0,,0.0,0.0,0.0,24
0.0,[],25,[],2019-08-21 09:36:21,0.0,0,0,7920672,2019-08-21 09:36:21,,0.0,0.0,0.0,btc,0.0,0.0,0.0,24
1,[],4,[],2019-08-21 09:36:23,26963397.70833815,0.00000349,0.000000000355068063,7920673,2019-08-21 09:36:23,btc,4.24888476396714,0.0,0.00000349,btc,208492.11636848,0.09913705,0.4605317526887285,26
1,[],10,[],2019-08-21 09:36:25,221762.04992177,0.00000386,0.00000000039271138200000007,7920674,2019-08-21 09:36:25,btc,25.709789953395767,7796.46849772,0.00000386,btc,18672.5174904,0.0,0.0358029180177853,26
0,[],2,[],2019-01-20 23:25:56,0.0,0,0,6476976,2019-01-20 23:25:56,,0.0,0.0,0,,0.0,0.0,0.0,26
0.0000000000710564,[],4,[],2019-08-21 09:36:26,827458654.5632557,5.1871172e-17,5.277305606756401e-21,7920675,2019-08-21 09:36:26,ltc,12.371678140577302,0.0,0.00000073,ltc,986160327.4336365,0.00013101,7.592308994419837e-09,29
1,[],7,[],2019-08-21 09:36:26,0.0,0,0,7920676,2019-08-21 09:36:26,btc,1236880.7347809474,0.0,0,btc,60541502.30730051,0.0,0.0,29
1,[],4,[],2019-08-21 09:36:27,15036556.83756628,0.00000007,0.0000000000071217090000000006,7920677,2019-08-21 09:36:27,btc,2.6080203473237753,0.0,0.00000007,btc,2006655.85044338,0.0,0.1720253123988888,30
0,[],17,[],2019-08-21 09:36:28,0.0,0,0,7920678,2019-08-21 09:36:28,btc,0.0,0.0,0,btc,0.0,0.0,0.0,30
1,[],4,[],2019-08-21 09:36:29,213380.11779497,0.00002780,0.0000000028283358600000004,7920679,2019-08-21 09:36:29,btc,2.230710870577683,0.0,0.00002780,btc,48076.42704377,0.35783375,0.505697025331978,31
1,[],21,[],2019-08-21 09:36:30,6263082.03267038,0.00002862999999999999863032305869,0.000000002912778981,7920680,2019-08-21 09:36:30,btc,5.961115906563036,33182.11265958,0.00002862999999999999863032305869037230650064884684979915618896484375,btc,166927.41468765,0.941382,4.640621012754633,31
0,[],2,[],2019-01-20 23:28:43,0.0,0,0,6477009,2019-01-20 23:28:43,,0.0,0.0,0,,0.0,0.0,0.0,32
0,[],4,[],2019-08-21 09:36:31,0.0,0,0,7920681,2019-08-21 09:36:31,,0.0,0.0,0,,0.0,0.0,0.0,33
1,[],12,[],2019-03-30 07:55:10,40641173.964,0.00000003,0.000000000001228359,7108785,2019-03-30 07:55:10,btc,4233210.82356125,0.0,0.00000003,btc,28378394.68333462,0.0126927883965248,0.90752895892,33
0.0000000000710564,[],4,[],2019-08-21 09:36:33,36714672.90933994,2.9843688e-17,3.0362580203256003e-21,7920682,2019-08-21 09:36:33,ltc,6.046915463725951,0.0,0.00000042,ltc,164720654.82781035,0.0001,4.088439710943963e-10,34
1,[],5,[],2019-07-06 02:03:46,0.0,0,0,7800811,2019-07-06 02:03:46,btc,0.0,0.0,0,btc,0.0,0.0,0.0,34
1,[],27,[],2019-08-12 16:26:17,6255.0,0.00000019,0.000000000021630303,7891745,2019-08-12 16:26:17,btc,22.61101824371233,0.0,0.00000019,btc,4198.924835,0.0,0.00091445,37
1,[],4,[],2019-08-21 09:36:34,10580168.25953481,0.00000014,0.000000000014243418000000001,7920683,2019-08-21 09:36:34,btc,19774.671923390957,0.0,0.00000014,btc,2320489.49374586,0.00246841,0.1418478769359412,37
1,[],12,[],2019-08-21 09:36:39,8343346.78997408,0.00000015,0.000000000015260805,7920684,2019-08-21 09:36:39,btc,1729.3203122522025,0.0,0.00000015,btc,2028959.42433282,0.021561736885,0.28065074483784,37
1,[],17,[],2019-08-21 09:36:41,210000.45146899,0.00000025,0.000000000025434675,7920685,2019-08-21 09:36:41,btc,0.003138923777095,0.0,0.00000025,"btc,eth",803.94918473,0.0,0.00010011286761809821,37
0,[],27,[],2019-08-12 16:26:27,0.0,0,0,7891747,2019-08-12 16:26:27,,0.001005,0.0,0,"btc,eth",3.0,0.0,0.0,42
1,[],12,[],2019-08-21 09:36:43,207848.99271565,0.000001039999999999999995289683661636725986454621306620538234710693359375,0.000000000105808248,7920686,2019-08-21 09:36:43,btc,522.2366283930569,0.0,0.000001039999999999999995289683661636725986454621306620538234710693359375,btc,151032.70207019,0.01513021587,0.0499847584057855,42
1,[],5,[],2019-07-06 02:03:47,0.0,0,0,7800812,2019-07-06 02:03:47,btc,0.0,0.14382058,0,btc,0.0,0.0,0.0,42
1,[],12,[],2019-03-13 09:13:29,1112112.0,0.00000001,0.000000000000386531,6919902,2019-03-13 09:13:29,btc,29058.00478931866,0.0,0.00000001,btc,5967681.93306694,9.99000999e-07,0.01112112,43
1,[],5,[],2019-04-26 22:38:52,0.0,0,0,7474154,2019-04-26 22:38:52,btc,0.0,0.02638891,0,btc,0.0,0.0,0.0,43
0,[],17,[],2019-04-26 22:38:53,0.0,0,0,7474155,2019-04-26 22:38:53,btc,0.0,0.0,0,btc,0.0,0.0,0.0,43
0.0000000000710564,[],4,[],2019-08-21 09:36:44,107359152.08310875,7.3188092e-17,7.446061335560401e-21,7920687,2019-08-21 09:36:44,ltc,3637.193023620467,0.0,0.00000103,ltc,24954292.65220427,0.0,3.92349526192964e-10,49
0.0000000000710564,[],4,[],2019-08-21 09:36:45,314918594.3404965,1.5632408e-17,1.5904208677896002e-21,7920688,2019-08-21 09:36:45,ltc,31188.649247219568,0.0,0.00000022,ltc,232177530.47930357,0.0,5.735707437585212e-10,52
0,[],27,[],2019-08-12 16:26:37,0.0,0,0,7891750,2019-08-12 16:26:37,,0.0,0.0,0,"btc,eth",0.0,0.0,0.0,57
0,[],22,[],2019-08-21 09:36:48,0.0,0,0,7920689,2019-08-21 09:36:48,,10290.02779686,0.0,0,,282696231.3316013,0.0,0.0,57
0.0000000000710564,[],4,[],2019-08-21 09:36:49,1043928416.7552229,7.10564e-19,7.229185762680001e-23,7920690,2019-08-21 09:36:49,ltc,19.78685745275898,0.0,0.00000001,ltc,5497257796.274327,0.0006986,7.417779515232581e-10,58
1,[],12,[],2019-08-21 09:36:50,1337601988.2145119,0.0000000001,0.000000000000010173870000000001,7920691,2019-08-21 09:36:50,btc,52870546.095190845,0.0,0.0000000001,btc,4360263949.032004,0.000970264221,0.13376019882145118,58
1,[],17,[],2019-08-21 09:36:51,1200000.0,0.0000000001,0.000000000000010173870000000001,7920692,2019-08-21 09:36:51,btc,1e+24,0.0,0.0000000001,"btc,eth",39506342.31952568,0.0,0.00010000000037059821,58
0.0000000000800149,[],22,[],2019-08-21 09:36:55,626877.0,8.00149e-19,8.140611906630001e-23,7920693,2019-08-21 09:36:55,XMR,68.17454206,0.0,0.00000001,XMR,9626402.6,0.0,0.00626877,58
0,[],22,[],2019-08-21 09:37:00,0.0,0,0,7920694,2019-08-21 09:37:00,,1000.95212109,0.0,0,,9656.689066014545,0.0,0.0,61
1,[],26,[],2019-08-21 09:37:00,0.0,0,0,7920695,2019-08-21 09:37:00,,0.0,0.0,0,,0.0,0.0,0.0,61
1,[],28,[],2019-08-21 09:37:21,40000.0,0.00000004,0.000000000004069548,7920696,2019-08-21 09:37:21,btc,0.242343945415105,416.0,0.00000004,btc,8016.46650005,0.0,0.001,61
0,[],27,[],2019-07-29 19:34:56,0.0,0,0,7852673,2019-07-29 19:34:56,,1.97314195,0.0,0,"btc,eth",10936.9,0.0,0.0,61
1,[],5,[],2019-06-17 14:31:27,0.0,0,0,7740135,2019-06-17 14:31:27,btc,0.0,0.00079154,0,btc,0.0,0.0,0.0,61
1,[],4,[],2019-08-21 09:37:22,1817262.54409472,0.00000080,0.00000000008139096000000001,7920697,2019-08-21 09:37:22,btc,2.814113903088112,0.0,0.00000080,btc,1170918.28678721,0.05281113,0.8414317261273444,67
0.0,[],25,[],2019-08-21 09:37:29,0.0,0,0,7920698,2019-08-21 09:37:29,,0.0,0.0,0.0,btc,0.0,0.0,0.0,67
1,[],12,[],2019-06-02 06:23:14,910048.355,0.00000006,0.000000000005154929999999999,7725270,2019-06-02 06:23:14,btc,5.167005424215783,0.0,0.00000006,btc,738530.60239759,0.003159757462,0.0187188113,71
,[],5,[],2018-11-20 23:02:39,1.5e-07,0.00000005,0.000000000002128045,4862160,2018-11-20 23:02:39,btc,2.84511358,0.0,,btc,0.00036572,0.0,0.07381892,74
1,[],5,[],2019-07-06 00:15:01,0.0,0,0,7800749,2019-07-06 00:15:01,btc,0.0,0.01883861,0,btc,0.0,0.0,0.0,75
1,[],4,[],2019-08-21 09:37:32,173223.47972991,0.00006880,0.000000006999622560000001,7920699,2019-08-21 09:37:32,btc,55.807744311467296,0.0,0.00006880,btc,113084.03399451,0.12046897,0.4693758468525346,82
1,[],21,[],2019-08-21 09:37:33,837863.06152666,0.00006593999999999999547025536506,0.000000006708649878,7920700,2019-08-21 09:37:33,btc,5.654375084437982,3557.44716088,0.000065939999999999995470255365059841778929694555699825286865234375,btc,65322.28979488,0.2416496,1.920576418378609,82
0,[],4,[],2019-07-23 20:51:52,0.0,0,0,7830376,2019-07-23 20:51:52,,1.6413985531662756,0.0,0,,620289065.5915176,0.0,0.0,85
,[],22,[],2018-11-20 23:09:34,3408.1,0.0000001,0.0000000000041895,4862324,2018-11-20 23:09:34,BTC,0.04624735,0.0,,BTC,4990.0,0.0,0.00033081,86
1,[],22,[],2019-08-21 09:37:39,188880.0,0.00000002,0.000000000002034774,7920701,2019-08-21 09:37:39,BTC,1.8208034,0.0,0.00000002,BTC,775828.347368421,0.0,0.00192702,87
1,[],27,[],2019-08-06 12:06:36,100155.0,0.00000003,0.000000000003516594,7875448,2019-08-06 12:06:36,btc,7.177196150774,345.0,0.00000003,btc,287406.89336,1.035e-05,0.00300465,87
,[],2,[],2018-11-20 23:10:47,0.0,0,0,4862359,2018-11-20 23:10:47,,0.0,0.0,,,0.0,0.0,0.0,88
0,[],2,[],2019-01-20 23:31:45,0.0,0,0,6477083,2019-01-20 23:31:45,,0.0,0.0,0,,0.0,0.0,0.0,91
1,[],12,[],2019-08-21 08:36:52,425737.18747014,0.00000027,0.00000000002755863,7920587,2019-08-21 08:36:52,btc,589.0196553122464,0.0,0.00000027,btc,329461.8088511,0.000457377432,0.0207804367963476,91
0,[],17,[],2019-08-21 08:36:53,0.0,0,0,7920588,2019-08-21 08:36:53,btc,0.0,0.0,0,btc,0.0,0.0,0.0,91
1,[],22,[],2019-08-21 08:36:57,54200.0,0.00000003,0.00000000000306207,7920589,2019-08-21 08:36:57,BTC,1.05335,0.0,0.00000003,"BTC,LTC",1839.95,0.0,0.002326,91
0.0000000000710564,[],4,[],2019-08-21 09:37:40,568133893.2826959,9.947896e-18,1.0120860067752e-21,7920702,2019-08-21 09:37:40,ltc,11.472990413994546,0.0,0.00000014,ltc,205219341.99579614,0.0,6.823431236924958e-10,96
0,[],12,[],2019-08-21 09:37:42,0.0,0,0,7920703,2019-08-21 09:37:42,btc,108.8725195656943,0.0,0,btc,11657485.56943056,0.0,0.0,96
0,[],17,[],2019-08-21 09:37:44,0.0,0,0,7920704,2019-08-21 09:37:44,btc,0.0,0.0,0,btc,0.0,0.0,0.0,96
1,[],4,[],2019-08-21 09:37:45,125175.47086371,0.00001315,0.000000001337863905,7920705,2019-08-21 09:37:45,btc,7.7172409414401875,0.0,0.00001315,btc,195239.75849764,0.06498943,0.4163615902684339,100
0,[],2,[],2019-01-20 23:23:55,0.0,0,0,6476914,2019-01-20 23:23:55,,0.0,0.0,0,,0.0,0.0,0.0,100
1,[],22,[],2019-08-21 09:37:48,146000.0,0.00000002,0.000000000002034774,7920706,2019-08-21 09:37:48,BTC,26.50623849,0.0,0.00000002,BTC,10383.92,0.0,0.00162,101
1,[],27,[],2019-08-12 16:30:59,2050161.9,0.00000005,0.0000000000056921850000000005,7891762,2019-08-12 16:30:59,btc,261.32824567561846,0.0,0.00000005,btc,285690.80442935,0.0,0.060251537,105
1,[],12,[],2019-08-21 09:37:49,27300228.0,0.000000003,0.0000000000003052161,7920707,2019-08-21 09:37:49,btc,339288.33715095604,0.0,0.000000003,btc,115138271.23298521,0.008135278764,0.029054759000000003,105
1,[],27,[],2019-08-12 16:31:06,1.0,0.00000001,0.000000000001138437,7891764,2019-08-12 16:31:06,btc,0.0,0.0,0.00000001,"btc,eth",0.0,0.0,1e-08,112
0,[],22,[],2019-08-21 09:37:52,0.0,0,0,7920708,2019-08-21 09:37:52,,6.79500102,0.0,0,,3375892.0833333335,0.0,0.0,112
1,[],5,[],2019-07-06 00:19:31,0.0,0,0,7800761,2019-07-06 00:19:31,btc,0.0,0.0,0,btc,0.0,0.0,0.0,112
1,[],4,[],2019-08-21 09:37:53,564916.58911484,0.00000096,0.00000000009766915200000001,7920709,2019-08-21 09:37:53,btc,6.024092472285725,0.0,0.00000096,btc,948228.21997383,0.02628061,0.2442149348664195,113
1,[],5,[],2019-07-06 00:19:43,0.0,0,0,7800765,2019-07-06 00:19:43,btc,0.0,0.0,0,btc,0.0,0.0,0.0,113
1,[],17,[],2019-08-21 09:37:55,210000.0,0.00000001,0.000000000001017387,7920710,2019-08-21 09:37:55,btc,1.3333541043662616,0.0,0.00000001,btc,53396.73574154,0.0,0.0021,116
1,[],27,[],2019-08-02 18:48:59,95525.16595526,0.00000001,0.000000000001045936,7866367,2019-08-02 18:48:59,btc,3918.96487209,0.0,0.00000001,btc,88497.69,0.0,0.0009552516595526,116
1,[],4,[],2019-08-21 09:37:55,19376761.30076653,0.00000086,0.00000000008749528200000001,7920711,2019-08-21 09:37:55,btc,126.92002501626072,0.0,0.00000086,btc,1313888.30833711,0.01519283,1.793133754703681,120
1,[],7,[],2019-08-21 09:37:56,3463.89054642,0.000007639999999999999696627221712486033311506616882979869842529296875,0.0000000007772836680000001,7920712,2019-08-21 09:37:56,btc,115616.30054502479,0.0,0.000007639999999999999696627221712486033311506616882979869842529296875,btc,3150.27387341,0.0,0.0086067319755431,120
1,[],4,[],2019-08-21 09:38:01,947597.56536391,0.00000269,0.000000000273677103,7920713,2019-08-21 09:38:01,btc,2.381847655846927,0.0,0.00000269,btc,308521.08756333,0.04532094,0.2091903314592318,131
1,[],17,[],2019-08-21 09:38:03,10000.0,0.00000001,0.000000000001017387,7920714,2019-08-21 09:38:03,btc,0.0953976503951408,0.0,0.00000001,btc,5037.62507334,0.0,0.0001,131
0,[],2,[],2019-01-20 23:25:46,0.0,0,0,6476969,2019-01-20 23:25:46,,0.0,0.0,0,,0.0,0.0,0.0,131
1,[],4,[],2019-08-20 14:43:19,8549.6097675,0.00005121,0.0000000054409242329999995,7915998,2019-08-20 14:43:19,btc,0.2921428325204394,0.0,0.00005121,btc,235.83446249,0.0,0.0027602632940558,135
1,[],3,[],2019-07-13 16:51:20,187.26592867,0.00000001,0.000000000001140965,7813490,2019-07-13 16:51:20,btc,419.77407087449336,1935513.62324,0.00000001,btc,3179086.72005867,0.0,1.8726592866999999e-06,136
1,[],4,[],2019-08-21 09:38:05,800533.34105035,0.00000408,0.00000000041509389600000004,7920715,2019-08-21 09:38:05,btc,23.388890753667937,0.0,0.00000408,btc,525097.25987293,0.0870838,1.8438346072267213,137
1,[],12,[],2019-08-21 09:38:06,134303.85214143,0.00000375999999999999999925948991619240047157290973700582981109619140625,0.000000000382537512,7920716,2019-08-21 09:38:06,btc,39.95323899126919,0.0,0.00000375999999999999999925948991619240047157290973700582981109619140625,btc,56784.50652922,0.00208660569,0.0158930099999008,137
1,[],4,[],2019-08-21 09:38:07,616670.4945692,0.00003404,0.000000003463185348,7920717,2019-08-21 09:38:07,btc,5.663891763738176,0.0,0.00003404,btc,100976.3905602,0.86107554,1.6617829891362281,142
1,[],17,[],2019-08-21 09:38:08,32967.38636364,0.00000088,0.00000000008953005600000002,7920718,2019-08-21 09:38:08,btc,20.069762065618793,0.0,0.00000088,btc,2746.079105,0.0,0.0105613000000032,142
1,[],20,[],2019-08-21 09:38:10,110170.7233,0.000034,0.0000000034591158000000003,7920719,2019-08-21 09:38:10,btc,1.2641880000968,19.9,0.000034,btc,3210.2892,0.0006766,0.0158402475019,142
1,[],22,[],2019-08-21 09:38:15,10619.88,0.00000200,0.00000000020347740000000003,7920720,2019-08-21 09:38:15,BTC,1.55898515,0.0,0.00000200,BTC,835.8398331062671,0.0,0.00416696,142
0.0,[],25,[],2019-08-21 09:38:20,0.0,0,0,7920721,2019-08-21 09:38:20,,0.0,0.0,0.0,btc,0.0,0.0,0.0,142
1,[],28,[],2019-08-21 09:38:44,10093636.0,0.000035010000,0.0000000035618718870000006,7920722,2019-08-21 09:38:44,btc,0.51474502,3597.0,0.000035010000,btc,2808.485,0.0,1.39650526,142
1,[],5,[],2019-07-06 02:06:10,0.0,0,0,7800822,2019-07-06 02:06:10,btc,0.0,0.00140707,0,btc,0.0,0.0,0.0,142
0,[],22,[],2019-08-21 09:38:48,0.0,0,0,7920723,2019-08-21 09:38:48,,68.14027224,0.0,0,,718000153.5744588,0.0,0.0,143
0,[],22,[],2019-02-25 15:42:22,0.0,0,0,6783783,2019-02-25 15:42:22,,4.2131946,0.0,0,,2322156.0,0.0,0.0,146
,[],22,[],2018-11-20 23:01:11,0.0,0,0,4862114,2018-11-20 23:01:11,,2.56807021,0.0,,,61828.4988236,0.0,0.0,147
1,[],12,[],2019-04-21 06:38:04,193091.5971266,0.00000071,0.000000000037635183,7388679,2019-04-21 06:38:04,btc,2.301232411611175,0.0,0.00000071,btc,9957.48302385,0.00023528,0.0313308199999888,148
1,[],5,[],2019-04-26 09:36:59,0.0,0,0,7465040,2019-04-26 09:36:59,btc,0.0,0.0,0,btc,0.0,0.0,0.0,153
0,[],22,[],2019-08-21 09:38:52,0.0,0,0,7920724,2019-08-21 09:38:52,,6.78813965,0.0,0,,4560228.592592592,0.0,0.0,156
0,[],23,[],2019-01-20 23:24:29,0.0,0,0,6476932,2019-01-20 23:24:29,,0.0,0.0,0,,0.0,0.0,0.0,156
1,[],22,[],2019-08-21 09:38:56,6996.0,0.00000001,0.000000000001017387,7920725,2019-08-21 09:38:56,BTC,1.7547719,0.0,0.00000001,BTC,64.8,0.0,6.996e-05,157
0,[],22,[],2019-08-17 00:05:41,0.0,0,0,7905012,2019-08-17 00:05:41,,50234.60468402,0.0,0,,54786159.03179465,0.0,0.0,158
,[],17,[],2018-11-20 22:56:10,0.0,0,0,4861976,2018-11-20 22:56:10,btc,1.1265625,0.0,,btc,1000.0,0.0,0.0,159
,[],20,[],2018-11-20 22:56:12,0.0,0,0,4861977,2018-11-20 22:56:12,btc,11912.7940471,0.0,,btc,34413894.3617,0.0,0.0,159
1,[],22,[],2019-08-21 09:39:01,92548.0,0.00000001,0.000000000001017387,7920726,2019-08-21 09:39:01,BTC,12.83810136,0.0,0.00000001,"BTC,LTC",202674.84947371835,0.0,0.03674548,171
0.0000000000710564,[],22,[],2019-08-21 09:39:05,144000.0,3.55282e-18,3.6145928813400005e-22,7920727,2019-08-21 09:39:05,LTC,1.7468213,0.0,0.00000005,LTC,1318220.8536050986,0.0,0.00344,173
1,[],5,[],2019-07-06 02:08:45,0.0,0,0,7800830,2019-07-06 02:08:45,btc,0.0,0.00700197,0,btc,0.0,0.0,0.0,175
0,[],22,[],2019-08-19 04:17:22,0.0,0,0,7911532,2019-08-19 04:17:22,,393.97295672,0.0,0,,135375.61833431243,0.0,0.0,176
0,[],22,[],2019-08-21 09:39:09,0.0,0,0,7920728,2019-08-21 09:39:09,,1.00255534,0.0,0,,112828.0,0.0,0.0,178
1,[],7,[],2019-07-01 10:15:32,0.0,0,0,7783526,2019-07-01 10:15:32,btc,521516.2326888725,0.0,0,btc,26809253.73522063,0.0,0.0,178
0,[],2,[],2019-01-20 23:28:34,0.0,0,0,6477001,2019-01-20 23:28:34,,0.0,0.0,0,,0.0,0.0,0.0,178
1,[],5,[],2019-07-06 02:08:50,0.0,0,0,7800832,2019-07-06 02:08:50,btc,0.0,6.904e-05,0,btc,0.0,0.0,0.0,179
0,[],22,[],2019-08-21 09:39:14,0.0,0,0,7920729,2019-08-21 09:39:14,,10.33080644,0.0,0,,14921836.231946677,0.0,0.0,179
0,[],23,[],2019-01-20 23:25:08,0.0,0,0,6476952,2019-01-20 23:25:08,,0.0,0.0,0,,0.0,0.0,0.0,179
1,[],17,[],2019-08-21 09:39:15,20504.725000000002,0.0000001,0.00000000001017387,7920730,2019-08-21 09:39:15,btc,5.201612863967546,0.0,0.0000001,btc,5019.40125,0.0,0.0011504725,180
1,[],22,[],2019-08-21 09:39:19,761854.2863636364,0.00000041,0.000000000041712867000000004,7920731,2019-08-21 09:39:19,BTC,2.96188822,0.0,0.00000041,"BTC,LTC",237603.78606975678,0.00011312,0.60862899,180
1,[],26,[],2019-08-21 09:39:19,0.0,0,0,7920732,2019-08-21 09:39:19,,0.0,0.0,0,,0.0,0.0,0.0,180
,[],7,[],2018-11-20 22:58:01,562227.975654,0.00000085,0.000000000036176765,4862015,2018-11-20 22:58:01,btc,21836.6059674,2491.87645172,,btc,749999.041456,0.00211021,0.127565380455,183
,[],5,[],2019-01-10 08:11:41,0.0,0,0,6347036,2019-01-10 08:11:41,btc,82.15055501,0.00261,,btc,1.19002445,0.0,0.0,187
,[],17,[],2018-11-16 20:58:10,4062536.27273,0.00000001,0.000000000000550501,4708775,2018-11-16 20:58:10,btc,3.36492563466,0.195460381006,,"btc,eth",110697919.549,0.0,0.0157628953496,187
1,[],24,[],2019-05-22 21:04:52,0.0,0.000000000014,0.0000000000000010960978,7670219,2019-05-22 21:04:52,btc,0.0,0.0,0.000000000014,btc,0.0,0.0,0.0,187
0,[],23,[],2019-01-20 23:31:41,0.0,0,0,6477079,2019-01-20 23:31:41,,0.0,0.0,0,,0.0,0.0,0.0,199
0,[],22,[],2019-08-21 09:39:22,0.0,0,0,7920733,2019-08-21 09:39:22,,6.22011878,0.0,0,,40771826.0,0.0,0.0,199
1,[],26,[],2019-08-21 09:39:22,0.0,0,0,7920734,2019-08-21 09:39:22,,0.0,0.0,0,,0.0,0.0,0.0,199
1,[],4,[],2019-01-25 15:51:35,2084389.58565343,0.00000936,0.000000000333526752,6499557,2019-01-25 15:51:35,btc,2.0092503037378524,0.0,0.00000936,btc,160195.80207885,0.19272417,1.242687955921835,211
1,[],7,[],2019-07-01 02:21:28,1170054124.6898527,0.00000018,0.000000000019815389999999997,7782694,2019-07-01 02:21:28,btc,1346735.6331920293,0.0,0.00000018,btc,5516233.71348162,0.0,11.954344045954047,212
0,[],22,[],2019-08-19 07:38:07,0.0,0,0,7911940,2019-08-19 07:38:07,,6.8412543,0.0,0,,3272264.174064925,0.0,0.0,216
1,[],27,[],2019-08-12 16:37:52,320029.088,0.00000001,0.000000000001138437,7891783,2019-08-12 16:37:52,btc,176.0318120012664,0.0,0.00000001,"btc,ltc",485496.05456794,0.0,0.00320029088,216
1,[],22,[],2019-08-21 09:39:28,484958.7923076923,0.00000015,0.000000000015260805,7920735,2019-08-21 09:39:28,BTC,12055.76517791,0.0,0.00000015,BTC,456030.55092048226,0.0005406,0.01881488,217
0,[],22,[],2019-08-21 09:39:32,0.0,0,0,7920736,2019-08-21 09:39:32,,4.14997484,0.0,0,,126244.70709740352,0.0,0.0,221
1,[],24,[],2019-08-21 09:39:32,0.0,0.000000010000,0.000000000001017387,7920737,2019-08-21 09:39:32,btc,0.0,0.0,0.000000010000,btc,0.0,0.0,0.0,221
1,[],26,[],2019-08-21 09:39:33,0.0,0,0,7920738,2019-08-21 09:39:33,,0.0,0.0,0,,0.0,0.0,0.0,231
0.0000000001859265,[],27,[],2019-08-12 16:38:10,100.0,1.859265e-18,2.1166560688050002e-22,7891787,2019-08-12 16:38:10,eth,0.0,0.0,0.00000001,"btc,eth",0.0,0.0,1.8592649999999999e-16,234
1,[],26,[],2019-08-21 09:39:33,0.0,0,0,7920739,2019-08-21 09:39:33,,0.0,0.0,0,,0.0,0.0,0.0,234
1,[],5,[],2019-07-06 02:11:21,0.0,0,0,7800842,2019-07-06 02:11:21,btc,0.0,0.10652887,0,btc,0.0,0.0,0.0,237
1,[],20,[],2019-08-21 09:39:36,93851140.7254,0.000000039,0.000000000003967809300000001,7920740,2019-08-21 09:39:36,btc,514.73917149541,1455876.3638,0.000000039,btc,29210893.3777,0.0568376565382,0.4683952999924,237
1,[],22,[],2019-08-21 09:39:39,1839335.0,0.00000001,0.000000000001017387,7920741,2019-08-21 09:39:39,BTC,1.2037398,0.0,0.00000001,"BTC,LTC",41039.44871794872,0.0,0.01839335,237
1,[],5,[],2019-07-06 02:11:32,0.0,0,0,7800846,2019-07-06 02:11:32,btc,0.0,0.05525444,0,btc,0.0,0.0,0.0,238
1,[],4,[],2019-08-18 21:55:28,28766182.9187235,0.00000006,0.0000000000062177580000000004,7910606,2019-08-18 21:55:28,btc,2.1262004590211685,0.0,0.00000006,btc,15667280.40051822,0.02567584,0.5811165339764514,238
0.0000000000711565,[],22,[],2019-08-17 13:20:25,419253.0,7.115650000000001e-19,7.3700771814e-23,7906682,2019-08-17 13:20:25,LTC,0.40427224,0.0,0.00000001,LTC,496363.0639027493,0.0,0.00419253,249
0,[],22,[],2019-08-21 09:39:44,0.0,0,0,7920742,2019-08-21 09:39:44,,13.4488406,0.0,0,,43819581.3426455,0.0,0.0,252
1,[],28,[],2019-08-21 09:40:12,2547035.686,0.00000018,0.000000000018312966000000002,7920743,2019-08-21 09:40:12,btc,164699.0846066577,696345.733,0.00000018,btc,3003649.7712,0.0,0.12999267839,256
0.0000000000916764,[],22,[],2019-07-23 20:12:22,1517.0,9.16764e-19,9.31930943616e-23,7830286,2019-07-23 20:12:22,LTC,31474.63788373,0.0,0.00000001,LTC,1024398.9185893413,0.0,1.517e-05,258
1,[],5,[],2019-07-02 14:44:15,0.0,0,0,7788374,2019-07-02 14:44:15,btc,0.0,0.02775788,0,btc,0.0,0.0,0.0,264
1,[],20,[],2019-08-21 09:40:15,982582.1869,0.000000139,0.0000000000141416793,7920744,2019-08-21 09:40:15,btc,0.535503964084,11534.7409,0.000000139,btc,110216.0538,0.0022098214446,0.0066108748299,264
0,[],22,[],2019-08-21 09:40:17,0.0,0,0,7920745,2019-08-21 09:40:17,,33050469.74148113,0.0,0,,14261527780.7,0.0,0.0,272
0.0000000000000026189999999999998,[],28,[],2019-08-21 09:40:59,90943227723.576,3.1427999999999996e-22,3.1974438636e-26,7920746,2019-08-21 09:40:59,doge,1708945265972337.8,157166144.3,0.00000012,doge,67377490218.889,0.0,1.687884783844328e-11,272
0,[],22,[],2019-08-21 09:41:02,0.0,0,0,7920747,2019-08-21 09:41:02,,73.46372129,0.0,0,,1350777.6287135023,0.0,0.0,286
