pairValue,buyBook,exchangeId,sellBook,updated,buyTotal,satoshiPrice,usdPrice,exchangeLogId,created,bestPair,sellTotalBtc,volume,pairPrice,activePairs,sellTotal,volumeBtc,buyTotalBtc,coinId
1,[],26,[],2019-09-11 19:25:51,0.0,0,0,8009094,2019-09-11 19:25:51,,0.0,0.0,0,,0.0,0.0,0.0,1
1,[],28,[],2019-09-11 19:25:55,1037.3,0.007000000000,0.0000007047054,8009095,2019-09-11 19:25:55,btc,0.380458033,2552.0039,0.007000000000,btc,23.8751,0.0,0.248706096,1
1,[],10,[],2019-07-13 08:58:05,251434.9725798,0.00271069,0.00000031407274150500003,7812232,2019-07-13 08:58:05,btc,6515.317158446701,1686.04548878,0.00271069,btc,2002.66956917,0.0,1.2639712180673435,1
1,[],5,[],2019-07-06 00:27:44,0.0,0,0,7800775,2019-07-06 00:27:44,btc,0.0,0.00190933,0,btc,0.0,0.0,0.0,1
0,[],2,[],2019-01-20 23:28:45,0.0,0,0,6477011,2019-01-20 23:28:45,,0.0,0.0,0,,0.0,0.0,0.0,1
1,[],3,[],2019-09-11 19:29:23,960.665539890331,0.007206790000000000244451126008016217383556067943572998046875,0.0000007261230091660001,8009173,2019-09-11 19:29:23,btc,9.368994275270447,0.0116689671063,0.007206790000000000244451126008016217383556067943572998046875,btc,39.864038730521,0.0,0.2532938835384134,1
1,[],4,[],2019-09-11 19:29:25,24419.90603012,0.00730100,0.0000007356151754000001,8009174,2019-09-11 19:29:25,btc,7.294907739666887,0.0,0.00730100,btc,444.29088045,1.14601308,0.3185472221924755,1
1,[],12,[],2019-09-11 19:29:31,229.55923596,0.007219999999999999855393451042573360609821975231170654296875,0.0000007274539880000001,8009175,2019-09-11 19:29:31,btc,0.3492044334561,0.0,0.007219999999999999855393451042573360609821975231170654296875,btc,36.66781985,0.547842653638,0.30749001029490003,1
1,[],20,[],2019-09-11 19:29:32,1930.4563,0.00725,0.00000073047665,8009176,2019-09-11 19:29:32,btc,0.2304896960862,1.0435,0.00725,btc,19.6987,0.0076220249646,0.1164671560482,1
1,[],21,[],2019-09-11 19:29:33,2550.05260746,0.007230849999999999604127776109,0.0000007285471840900001,8009177,2019-09-11 19:29:33,btc,7.241270702975282,1702.56947238,0.007230849999999999604127776109407932381145656108856201171875,"btc,eth",1278.88770099,10.960586282024817,15.020072634137863,1
1,[],22,[],2019-09-11 19:29:36,0.5199,0.00111000,0.00000011183849400000002,8009178,2019-09-11 19:29:36,BTC,0.01700334,0.0,0.00111000,BTC,0.283670650841137,0.0,0.00057689,1
1,[],24,[],2019-09-11 19:29:38,0.0,0.000000000000,0,8009179,2019-09-11 19:29:38,btc,0.0,0.0,0.000000000000,btc,0.0,0.0,0.0,1
0.0,[],25,[],2019-09-11 19:29:39,0.0,0,0,8009180,2019-09-11 19:29:39,btc,51.81299999834122,3199.32911697,0.0,btc,6951.26059052,23.305,0.0,1
1,[],22,[],2019-09-11 19:26:00,9495.2,0.0000002,0.00000000002013444,8009096,2019-09-11 19:26:00,BTC,21.00878619,0.0,0.0000002,"BTC,XMR",19931.59287795317,0.0,0.00102579,2
1,[],5,[],2019-07-06 00:28:14,0.0,0,0,7800785,2019-07-06 00:28:14,btc,0.0,0.00208797,0,btc,0.0,0.0,0.0,2
1,[],12,[],2019-08-28 21:17:40,5010914.74249396,0.000000058,0.000000000005696249600000001,7978048,2019-08-28 21:17:40,btc,43110.2619967908,0.0,0.000000058,btc,9228654.41588682,0.002779447687,0.20908922188989368,3
0,[],28,[],2019-08-28 21:17:42,0.0,0,0,7978049,2019-08-28 21:17:42,,0.0,0.0,0,,0.0,0.0,0.0,3
1,[],5,[],2019-06-03 14:48:58,0.0,0,0,7731126,2019-06-03 14:48:58,btc,0.0,0.05905545,0,btc,0.0,0.0,0.0,3
0,[],2,[],2019-01-20 23:31:32,0.0,0,0,6477077,2019-01-20 23:31:32,,0.0,0.0,0,,0.0,0.0,0.0,4
1,[],4,[],2019-08-19 07:13:39,5576051.9095195,0.00000012,0.000000000012681852,7911861,2019-08-19 07:13:39,btc,25.86361324985451,0.0,0.00000012,btc,1094878.27526979,0.00024951,0.0793524101309535,4
0,[],2,[],2019-01-20 23:31:51,0.0,0,0,6477087,2019-01-20 23:31:51,,0.0,0.0,0,,0.0,0.0,0.0,6
1,[],11,[],2019-08-15 15:27:29,324074.0,0.00000001,0.0000000000010065590000000001,7900084,2019-08-15 15:27:29,btc,9583.47119397936,4910218.0,0.00000001,btc,78345418.50750598,0.0,0.00324074,6
1,[],3,[],2019-09-11 19:26:02,11411.763158060052,0.0000525699999999999998128059897073427464420092292129993438720703125,0.000000005292337553999999,8009097,2019-09-11 19:26:02,btc,1026.3006833063312,0.0,0.0000525699999999999998128059897073427464420092292129993438720703125,btc,506.53545585207,0.0,0.018624535155366172,7
1,[],4,[],2019-09-11 19:26:04,90778.76059637,0.00005192,0.0000000052269006239999994,8009098,2019-09-11 19:26:04,btc,10.899915973114792,0.0,0.00005192,btc,71400.57638392,4.60126264,1.6916466904237535,7
1,[],5,[],2019-07-06 00:28:21,0.0,0,0,7800789,2019-07-06 00:28:21,btc,0.0,0.38662001,0,btc,0.0,0.0,0.0,7
1,[],5,[],2019-07-05 17:50:59,0.0,0,0,7799863,2019-07-05 17:50:59,btc,0.0,0.04857279,0,btc,0.0,0.0,0.0,12
0,[],2,[],2019-01-20 23:23:08,0.0,0,0,6476890,2019-01-20 23:23:08,,0.0,0.0,0,,0.0,0.0,0.0,12
1,[],4,[],2019-09-11 19:26:06,8626392.00139269,0.00000013,0.000000000013087386,8009099,2019-09-11 19:26:06,btc,4.814056739315073,0.0,0.00000013,btc,12347038.97521019,0.07841634,0.5999675287368724,12
0.0,[],25,[],2019-09-11 19:26:11,0.0,0,0,8009100,2019-09-11 19:26:11,,0.0,0.0,0.0,btc,0.0,0.0,0.0,12
1,[],4,[],2019-09-11 19:26:11,918996.91668379,0.00000100,0.00000000010067219999999999,8009101,2019-09-11 19:26:11,btc,2.4523832065584243,0.0,0.00000100,btc,817422.79574984,0.07144177,0.3286969992203929,13
1,[],10,[],2019-09-11 19:26:13,730008.95880441,0.00000096,0.00000000009664531199999999,8009102,2019-09-11 19:26:13,btc,666827.9137424587,33535.6890997,0.00000096,btc,1003478.79337031,0.0,0.1135356809292187,13
1,[],21,[],2019-09-11 19:26:14,9001899.68235138,0.000001,0.00000000010067219999999999,8009103,2019-09-11 19:26:14,btc,4.049927089395016,749876.56295448,0.000001,btc,2385123.28351649,0.77036208,0.9740500012857689,13
0,[],17,[],2019-08-21 20:54:35,0.0,0,0,7923253,2019-08-21 20:54:35,btc,0.0,0.0,0,btc,0.0,0.0,0.0,14
1,[],4,[],2019-09-11 19:26:15,1102169.18436159,0.00000047,0.000000000047315933999999997,8009104,2019-09-11 19:26:15,btc,2.276318137626846,0.0,0.00000047,btc,968835.84353536,0.0202411,0.1648579183641575,14
1,[],12,[],2019-09-11 19:26:16,210085.49247591,0.00000044,0.000000000044295768,8009105,2019-09-11 19:26:16,btc,182.0004756711067,0.0,0.00000044,btc,37048.15502901,3.98e-06,0.0125997787058834,14
1,[],26,[],2019-09-11 19:26:17,0.0,0,0,8009106,2019-09-11 19:26:17,,0.0,0.0,0,,0.0,0.0,0.0,14
0,[],4,[],2019-09-11 19:26:18,0.0,0,0,8009107,2019-09-11 19:26:18,,0.0,0.0,0,,0.0,0.0,0.0,15
,[],12,[],2018-12-01 15:15:48,204241.84496,0.00000489,0.000000000202473384,5260204,2018-12-01 15:15:48,btc,49.5475654835,0.0,,btc,35763.2193806,0.0163153972027625,0.0203389899998,15
0,[],17,[],2019-08-21 20:54:42,0.0,0,0,7923259,2019-08-21 20:54:42,btc,0.0,0.0,0,btc,0.0,0.0,0.0,18
0,[],2,[],2019-01-20 23:23:38,0.0,0,0,6476906,2019-01-20 23:23:38,,0.0,0.0,0,,0.0,0.0,0.0,18
1,[],4,[],2019-09-11 19:26:20,29186.65447768,0.00000622,0.0000000006261810839999999,8009108,2019-09-11 19:26:20,btc,2.4323767865271835,0.0,0.00000622,btc,24619.28166877,0.0716624,0.0346041762589309,18
1,[],10,[],2019-09-11 19:26:23,377411.85817457,0.00000608,0.000000000612086976,8009109,2019-09-11 19:26:23,btc,14.888596469092148,4519.16172949,0.00000608,btc,10652.97080379,0.0,0.1567610664148623,18
1,[],12,[],2019-09-11 19:26:24,13920.63529183,0.0000056099999999999996508457007771131230811079149134457111358642578125,0.000000000564771042,8009110,2019-09-11 19:26:24,btc,0.5661324849287578,0.0,0.0000056099999999999996508457007771131230811079149134457111358642578125,btc,2114.15351364,2.244e-07,0.007514478644898,18
0,[],27,[],2019-08-12 16:48:42,0.0,0,0,7891818,2019-08-12 16:48:42,,0.0,0.0,0,btc,0.0,0.0,0.0,19
0,[],2,[],2019-01-20 23:24:19,0.0,0,0,6476924,2019-01-20 23:24:19,,0.0,0.0,0,,0.0,0.0,0.0,19
1,[],3,[],2019-09-11 19:26:25,155710.7792175979,0.0000039500000000000002977110745427946625341064645908772945404052734375,0.00000000039765519000000003,8009111,2019-09-11 19:26:25,btc,190.44447079968705,0.0,0.0000039500000000000002977110745427946625341064645908772945404052734375,btc,36306.663773179214,0.0,0.0535644433801933,19
1,[],4,[],2019-09-11 19:26:27,291541.29154211,0.00000462,0.00000000046510556399999996,8009112,2019-09-11 19:26:27,btc,2.886128788369829,0.0,0.00000462,btc,279093.09269835,0.0869531,0.5844606620447925,19
1,[],12,[],2019-09-11 19:26:28,181016.44059801,0.00001103999999999999933101256510692422807551338337361812591552734375,0.0000000011114210879999999,8009113,2019-09-11 19:26:28,btc,0.2280445374866091,0.0,0.00001103999999999999933101256510692422807551338337361812591552734375,btc,1719.45499987,0.001718615698,0.0286332647253394,19
1,[],5,[],2019-07-06 02:01:19,0.0,0,0,7800799,2019-07-06 02:01:19,btc,0.0,0.0,0,btc,0.0,0.0,0.0,19
1,[],4,[],2019-08-19 09:56:57,10479102.32813501,0.00000006,0.00000000000640596,7912317,2019-08-19 09:56:57,btc,4.984292824562718,0.0,0.00000006,btc,2305413.8842246,0.0,0.1263090499480169,20
0,[],17,[],2019-08-21 20:54:51,0.0,0,0,7923265,2019-08-21 20:54:51,btc,0.0,0.0,0,btc,0.0,0.0,0.0,21
0,[],4,[],2019-09-11 19:26:29,0.0,0,0,8009114,2019-09-11 19:26:29,,73673.99662976719,0.0,0,,177774987.18443185,0.0,0.0,21
0,[],12,[],2019-09-11 19:26:30,0.0,0,0,8009115,2019-09-11 19:26:30,btc,2617.1395219195206,0.0,0,btc,8988401.75024973,0.000108571428,0.0,21
0.0000000002204393,[],27,[],2019-07-29 17:24:02,79794022.5,8.5971327e-17,8.21370058158e-21,7852364,2019-07-29 17:24:02,eth,1253.5830452782222,787155.0,0.00000039,eth,2317982.66147653,6.7672759904685e-11,2.1948587434632156e-09,23
1,[],12,[],2019-09-11 19:26:34,4174998868.573,0.0000000017,0.00000000000017114273999999998,8009116,2019-09-11 19:26:34,btc,167285668061.4033,0.0,0.0000000017,btc,1960637239.6563005,0.220528992621,0.9391860342168,23
1,[],4,[],2019-09-11 19:26:36,7145194.60023726,0.00000014,0.000000000014094108,8009117,2019-09-11 19:26:36,btc,4.3750638001819775,0.0,0.00000014,btc,2131352.41734187,0.00108608,0.1197478397142298,24
0,[],22,[],2019-09-11 19:26:39,0.0,0,0,8009118,2019-09-11 19:26:39,,2.9367775,0.0,0,,2936.7775,0.0,0.0,24
0.0,[],25,[],2019-09-11 19:26:49,0.0,0,0,8009119,2019-09-11 19:26:49,,0.0,0.0,0.0,btc,0.0,0.0,0.0,24
1,[],4,[],2019-09-11 19:26:52,27518993.64142301,0.00000329,0.000000000331211538,8009120,2019-09-11 19:26:52,btc,106.93669914215491,0.0,0.00000329,btc,1043181.56227635,0.04223715,0.4990259564107496,26
1,[],10,[],2019-09-11 19:26:54,214345.26946408,0.00000355,0.00000000035738631,8009121,2019-09-11 19:26:54,btc,25.712758045254418,6428.29798184,0.00000355,btc,19354.59376253,0.0,0.0336083577694924,26
0,[],2,[],2019-01-20 23:25:56,0.0,0,0,6476976,2019-01-20 23:25:56,,0.0,0.0,0,,0.0,0.0,0.0,26
0.00000000006833250000000001,[],4,[],2019-09-11 19:26:55,805083642.0918365,3.00663e-17,3.02684056686e-21,8009122,2019-09-11 19:26:55,ltc,12.119899760518695,0.0,0.00000044,ltc,1036426656.3956128,0.00223,4.5741698518357575e-09,29
1,[],7,[],2019-09-11 19:26:56,0.0,0,0,8009123,2019-09-11 19:26:56,btc,13538.461260161346,0.0,0,btc,41532721.98135258,0.0,0.0,29
0,[],17,[],2019-08-21 20:55:05,0.0,0,0,7923275,2019-08-21 20:55:05,btc,0.0,0.0,0,btc,0.0,0.0,0.0,30
1,[],4,[],2019-09-11 19:26:58,14017695.0219094,0.00000007,0.000000000007047054,8009124,2019-09-11 19:26:58,btc,2.267875069258429,0.0,0.00000007,btc,2019941.42348753,0.0,0.1610797354949072,30
1,[],4,[],2019-09-11 19:26:59,185700.1059766,0.00001301,0.0000000013097453219999999,8009125,2019-09-11 19:26:59,btc,1.6211328906471645,0.0,0.00001301,btc,54206.71099415,0.16107449,0.1433600485282542,31
1,[],21,[],2019-09-11 19:26:59,4429696.91589988,0.00001340000000000000045241588253,0.00000000134900748,8009126,2019-09-11 19:26:59,btc,7.031780070719572,526432.22613827,0.00001340000000000000045241588253475129022262990474700927734375,btc,380019.79139564,6.77351657,4.357209154011716,31
0,[],2,[],2019-01-20 23:28:43,0.0,0,0,6477009,2019-01-20 23:28:43,,0.0,0.0,0,,0.0,0.0,0.0,32
0,[],4,[],2019-09-11 19:27:00,0.0,0,0,8009127,2019-09-11 19:27:00,,0.0,0.0,0,,0.0,0.0,0.0,33
1,[],12,[],2019-03-30 07:55:10,40641173.964,0.00000003,0.000000000001228359,7108785,2019-03-30 07:55:10,btc,4233210.82356125,0.0,0.00000003,btc,28378394.68333462,0.0126927883965248,0.90752895892,33
0.00000000006833250000000001,[],4,[],2019-09-11 19:27:02,65993607.21786645,2.6649675e-17,2.682881411535e-21,8009128,2019-09-11 19:27:02,ltc,6.143162304564784,0.0,0.00000039,ltc,164659137.7244902,0.0,6.282075340570902e-10,34
1,[],5,[],2019-07-06 02:03:46,0.0,0,0,7800811,2019-07-06 02:03:46,btc,0.0,0.0,0,btc,0.0,0.0,0.0,34
1,[],27,[],2019-08-12 16:26:17,6255.0,0.00000019,0.000000000021630303,7891745,2019-08-12 16:26:17,btc,22.61101824371233,0.0,0.00000019,btc,4198.924835,0.0,0.00091445,37
1,[],17,[],2019-08-21 20:55:15,210000.45146899,0.00000025,0.000000000025489949999999998,7923282,2019-08-21 20:55:15,btc,0.003138923777095,0.0,0.00000025,"btc,eth",803.94918473,0.0,0.0001001128676138302,37
1,[],4,[],2019-09-11 19:27:04,11024283.21910218,0.00000012,0.000000000012080663999999999,8009129,2019-09-11 19:27:04,btc,19773.301279158066,0.0,0.00000012,btc,2410391.62730806,0.01604963,0.1720460506122393,37
1,[],12,[],2019-09-11 19:27:05,8097949.07619315,0.00000011,0.000000000011073942,8009130,2019-09-11 19:27:05,btc,1680.6545328688835,0.0,0.00000011,btc,2452493.83090222,0.02719489052,0.235963197619315,37
0,[],27,[],2019-08-12 16:26:27,0.0,0,0,7891747,2019-08-12 16:26:27,,0.001005,0.0,0,"btc,eth",3.0,0.0,0.0,42
1,[],12,[],2019-09-11 19:27:07,245348.98990138,0.00000088,0.000000000088591536,8009131,2019-09-11 19:27:07,btc,486.78085449993176,0.0,0.00000088,btc,159106.02219671,0.020413875307,0.0464350719318984,42
1,[],5,[],2019-07-06 02:03:47,0.0,0,0,7800812,2019-07-06 02:03:47,btc,0.0,0.14382058,0,btc,0.0,0.0,0.0,42
1,[],12,[],2019-03-13 09:13:29,1112112.0,0.00000001,0.000000000000386531,6919902,2019-03-13 09:13:29,btc,29058.00478931866,0.0,0.00000001,btc,5967681.93306694,9.99000999e-07,0.01112112,43
1,[],5,[],2019-04-26 22:38:52,0.0,0,0,7474154,2019-04-26 22:38:52,btc,0.0,0.02638891,0,btc,0.0,0.0,0.0,43
0,[],17,[],2019-04-26 22:38:53,0.0,0,0,7474155,2019-04-26 22:38:53,btc,0.0,0.0,0,btc,0.0,0.0,0.0,43
0.00000000006833250000000001,[],4,[],2019-09-11 19:27:08,109725555.32833257,3.963285e-17,3.98992620177e-21,8009132,2019-09-11 19:27:08,ltc,8614.741115480341,0.0,0.00000058,ltc,27320199.80971169,0.0,4.4826676954160667e-10,49
0.0000000000673771,[],4,[],2019-09-01 13:37:52,277776288.3690458,1.4149191e-17,1.3535738675004002e-21,7981780,2019-09-01 13:37:52,ltc,31254.223411918138,0.0,0.00000021,ltc,165508145.920071,0.0,2.8136254903293817e-10,52
0,[],27,[],2019-08-12 16:26:37,0.0,0,0,7891750,2019-08-12 16:26:37,,0.0,0.0,0,"btc,eth",0.0,0.0,0.0,57
0,[],22,[],2019-09-11 19:27:11,0.0,0,0,8009133,2019-09-11 19:27:11,,10290.06395626,0.0,0,,285312171.3316013,0.0,0.0,57
1,[],17,[],2019-08-21 20:55:25,1200000.0,0.0000000001,0.00000000000001019598,7923289,2019-08-21 20:55:25,btc,1e+24,0.0,0.0000000001,"btc,eth",39506342.31952568,0.0,0.00010000000036633021,58
0.00000000006833250000000001,[],4,[],2019-09-11 19:27:12,865154086.9249024,6.83325e-19,6.8791831065e-23,8009134,2019-09-11 19:27:12,ltc,19.713034113103436,0.0,0.00000001,ltc,5344579925.550812,0.0,5.91181416447959e-10,58
0,[],12,[],2019-09-11 19:27:14,0.0,0,0,8009135,2019-09-11 19:27:14,btc,71898808.26737964,0.0,0,btc,5052897765.652384,0.002690639261,0.0,58
0.0000000000724863,[],22,[],2019-09-11 19:27:21,626877.0,7.2486299999999995e-19,7.29735529086e-23,8009136,2019-09-11 19:27:21,XMR,68.17454206,0.0,0.00000001,XMR,9626402.6,0.0,0.00626877,58
0,[],27,[],2019-07-29 19:34:56,0.0,0,0,7852673,2019-07-29 19:34:56,,1.97314195,0.0,0,"btc,eth",10936.9,0.0,0.0,61
0,[],22,[],2019-09-11 12:21:52,0.0,0,0,8008326,2019-09-11 12:21:52,,1000.95218688,0.0,0,,16235.689066014545,0.0,0.0,61
1,[],26,[],2019-09-11 12:21:53,0.0,0,0,8008327,2019-09-11 12:21:53,,0.0,0.0,0,,0.0,0.0,0.0,61
1,[],28,[],2019-09-11 12:22:04,40000.0,0.00000004,0.000000000004032648000000001,8008328,2019-09-11 12:22:04,btc,0.242343945415105,404.0,0.00000004,btc,8016.46650005,0.0,0.001,61
1,[],5,[],2019-06-17 14:31:27,0.0,0,0,7740135,2019-06-17 14:31:27,btc,0.0,0.00079154,0,btc,0.0,0.0,0.0,61
1,[],4,[],2019-09-11 19:27:21,1829678.90656982,0.00000068,0.00000000006845709599999999,8009137,2019-09-11 19:27:21,btc,3.1142099751060393,0.0,0.00000068,btc,1329599.30662745,0.00847803,0.8149147860747017,67
0.0,[],25,[],2019-09-11 19:27:34,0.0,0,0,8009138,2019-09-11 19:27:34,,0.0,0.0,0.0,btc,0.0,0.0,0.0,67
1,[],12,[],2019-06-02 06:23:14,910048.355,0.00000006,0.000000000005154929999999999,7725270,2019-06-02 06:23:14,btc,5.167005424215783,0.0,0.00000006,btc,738530.60239759,0.003159757462,0.0187188113,71
,[],5,[],2018-11-20 23:02:39,1.5e-07,0.00000005,0.000000000002128045,4862160,2018-11-20 23:02:39,btc,2.84511358,0.0,,btc,0.00036572,0.0,0.07381892,74
1,[],5,[],2019-07-06 00:15:01,0.0,0,0,7800749,2019-07-06 00:15:01,btc,0.0,0.01883861,0,btc,0.0,0.0,0.0,75
1,[],4,[],2019-09-11 19:27:35,132537.94279993,0.00005173,0.000000005207772906,8009139,2019-09-11 19:27:35,btc,55.054444116413066,0.0,0.00005173,btc,117299.96378493,0.85262696,0.3829002541326393,82
1,[],21,[],2019-09-11 19:27:36,806122.33747222,0.00005445999999999999696383493064,0.0000000054826080119999994,8009140,2019-09-11 19:27:36,btc,3.609510928950109,7750.34634485,0.0000544599999999999969638349306411129191474174149334430694580078125,btc,48204.89089063,0.4140442,2.4147686864371023,82
0,[],4,[],2019-07-23 20:51:52,0.0,0,0,7830376,2019-07-23 20:51:52,,1.6413985531662756,0.0,0,,620289065.5915176,0.0,0.0,85
,[],22,[],2018-11-20 23:09:34,3408.1,0.0000001,0.0000000000041895,4862324,2018-11-20 23:09:34,BTC,0.04624735,0.0,,BTC,4990.0,0.0,0.00033081,86
1,[],27,[],2019-08-06 12:06:36,100155.0,0.00000003,0.000000000003516594,7875448,2019-08-06 12:06:36,btc,7.177196150774,345.0,0.00000003,btc,287406.89336,1.035e-05,0.00300465,87
1,[],22,[],2019-09-11 19:27:39,617988.0,0.00000001,0.000000000001006722,8009141,2019-09-11 19:27:39,BTC,1.80179439,0.0,0.00000001,BTC,1205663.347368421,0.00077625,0.00617988,87
,[],2,[],2018-11-20 23:10:47,0.0,0,0,4862359,2018-11-20 23:10:47,,0.0,0.0,,,0.0,0.0,0.0,88
0,[],2,[],2019-01-20 23:31:45,0.0,0,0,6477083,2019-01-20 23:31:45,,0.0,0.0,0,,0.0,0.0,0.0,91
1,[],12,[],2019-08-21 08:36:52,425737.18747014,0.00000027,0.00000000002755863,7920587,2019-08-21 08:36:52,btc,589.0196553122464,0.0,0.00000027,btc,329461.8088511,0.000457377432,0.0207804367963476,91
0,[],17,[],2019-08-21 08:36:53,0.0,0,0,7920588,2019-08-21 08:36:53,btc,0.0,0.0,0,btc,0.0,0.0,0.0,91
1,[],22,[],2019-08-21 08:36:57,54200.0,0.00000003,0.00000000000306207,7920589,2019-08-21 08:36:57,BTC,1.05335,0.0,0.00000003,"BTC,LTC",1839.95,0.0,0.002326,91
0,[],17,[],2019-08-21 20:55:48,0.0,0,0,7923301,2019-08-21 20:55:48,btc,0.0,0.0,0,btc,0.0,0.0,0.0,96
0.00000000006833250000000001,[],4,[],2019-09-11 19:27:40,549514034.9340912,8.883225e-18,8.94293803845e-22,8009142,2019-09-11 19:27:40,ltc,18.359139291122727,0.0,0.00000013,ltc,214030691.43116456,0.0,5.018375929375724e-10,96
0,[],12,[],2019-09-11 19:27:42,0.0,0,0,8009143,2019-09-11 19:27:42,btc,121.88125850274726,0.0,0,btc,11910949.27472527,0.000108181818,0.0,96
0,[],2,[],2019-01-20 23:23:55,0.0,0,0,6476914,2019-01-20 23:23:55,,0.0,0.0,0,,0.0,0.0,0.0,100
1,[],4,[],2019-09-11 19:27:44,128867.04288339,0.00001241,0.0000000012493420019999998,8009144,2019-09-11 19:27:44,btc,8.3723429321092,0.0,0.00001241,btc,201848.84173918,0.10755969,0.5076599680511585,100
1,[],22,[],2019-09-02 01:52:50,146000.0,0.00000002,0.0000000000019461180000000003,7985214,2019-09-02 01:52:50,BTC,26.50623849,0.0,0.00000002,BTC,10383.92,0.0,0.00162,101
1,[],27,[],2019-08-12 16:30:59,2050161.9,0.00000005,0.0000000000056921850000000005,7891762,2019-08-12 16:30:59,btc,261.32824567561846,0.0,0.00000005,btc,285690.80442935,0.0,0.060251537,105
1,[],12,[],2019-08-26 10:09:37,94297270.0,0.000000001,0.00000000000010357180000000001,7965278,2019-08-26 10:09:37,btc,339276.63475285517,0.0,0.000000001,btc,137493066.90169865,0.002908079082,0.09429727,105
1,[],27,[],2019-08-12 16:31:06,1.0,0.00000001,0.000000000001138437,7891764,2019-08-12 16:31:06,btc,0.0,0.0,0.00000001,"btc,eth",0.0,0.0,1e-08,112
1,[],5,[],2019-07-06 00:19:31,0.0,0,0,7800761,2019-07-06 00:19:31,btc,0.0,0.0,0,btc,0.0,0.0,0.0,112
0,[],22,[],2019-09-11 19:27:47,0.0,0,0,8009145,2019-09-11 19:27:47,,6.75980973,0.0,0,,1869738.0833333333,0.0,0.0,112
1,[],5,[],2019-07-06 00:19:43,0.0,0,0,7800765,2019-07-06 00:19:43,btc,0.0,0.0,0,btc,0.0,0.0,0.0,113
1,[],4,[],2019-08-23 18:16:44,371097.09099114,0.00000094,0.000000000097689594,7938037,2019-08-23 18:16:44,btc,6.337079582375524,0.0,0.00000094,btc,946945.41992512,0.00337055,0.1031406582583925,113
1,[],17,[],2019-08-21 20:55:59,212000.0,0.00000004,0.000000000004078392,7923307,2019-08-21 20:55:59,btc,1.3335225243619424,1.12e-06,0.00000004,btc,55804.73574154,0.0,0.00218,116
1,[],27,[],2019-08-02 18:48:59,95525.16595526,0.00000001,0.000000000001045936,7866367,2019-08-02 18:48:59,btc,3918.96487209,0.0,0.00000001,btc,88497.69,0.0,0.0009552516595526,116
1,[],4,[],2019-09-11 19:27:48,28889963.56961363,0.00000051,0.000000000051342821999999995,8009146,2019-09-11 19:27:48,btc,157.0176222336498,0.0,0.00000051,btc,2205385.58235322,0.09698308,2.0446884876852716,120
1,[],7,[],2019-09-11 19:27:50,15335.24205064,0.0000077600000000000002417684108468876047481899149715900421142578125,0.000000000781216272,8009147,2019-09-11 19:27:50,btc,60.760422077044446,0.0,0.0000077600000000000002417684108468876047481899149715900421142578125,btc,4537.13059959,0.0,0.0047559255286252,120
1,[],17,[],2019-08-21 20:56:04,10000.0,0.00000001,0.000000000001019598,7923311,2019-08-21 20:56:04,btc,0.0953976503951408,0.0,0.00000001,btc,5037.62507334,0.0,0.0001,131
0,[],2,[],2019-01-20 23:25:46,0.0,0,0,6476969,2019-01-20 23:25:46,,0.0,0.0,0,,0.0,0.0,0.0,131
1,[],4,[],2019-09-11 19:27:53,201019.12888101,0.00000186,0.000000000187250292,8009148,2019-09-11 19:27:53,btc,2.244784539374449,0.0,0.00000186,btc,341454.94040417,0.00951115,0.1445072888526784,131
1,[],4,[],2019-08-20 14:43:19,8549.6097675,0.00005121,0.0000000054409242329999995,7915998,2019-08-20 14:43:19,btc,0.2921428325204394,0.0,0.00005121,btc,235.83446249,0.0,0.0027602632940558,135
1,[],3,[],2019-07-13 16:51:20,187.26592867,0.00000001,0.000000000001140965,7813490,2019-07-13 16:51:20,btc,419.77407087449336,1935513.62324,0.00000001,btc,3179086.72005867,0.0,1.8726592866999999e-06,136
1,[],4,[],2019-09-11 19:27:54,377600.55174743,0.00000282,0.000000000283895604,8009149,2019-09-11 19:27:54,btc,19.171097638365236,0.0,0.00000282,btc,418198.08658642,0.11399087,0.7299514186734809,137
1,[],12,[],2019-09-11 19:27:56,103081.23619161,0.00000278000000000000006478216400818137543637931230477988719940185546875,0.000000000279868716,8009150,2019-09-11 19:27:56,btc,38.5464294151095,0.0,0.00000278000000000000006478216400818137543637931230477988719940185546875,btc,40821.63670465,0.001223907866,0.0251757619951857,137
1,[],17,[],2019-08-21 20:56:08,32967.38636364,0.00000088,0.00000000008972462400000001,7923315,2019-08-21 20:56:08,btc,20.069762065592148,0.0,0.00000088,btc,2746.079105,0.0,0.0105613000000032,142
1,[],4,[],2019-09-11 19:27:57,321971.45620281,0.00002005,0.0000000020184776099999997,8009151,2019-09-11 19:27:57,btc,2.935479961064059,0.0,0.00002005,btc,71837.38247322,0.4913194,0.7528945329609354,142
1,[],20,[],2019-09-11 19:27:59,108801.5767,0.000018561,0.0000000018685767042,8009152,2019-09-11 19:27:59,btc,1.2781677584616,2.6827,0.000018561,btc,3652.0277,4.97935947e-05,0.0093219145152,142
1,[],22,[],2019-09-11 19:28:03,10619.88,0.00000200,0.00000000020134439999999998,8009153,2019-09-11 19:28:03,BTC,1.55898515,0.0,0.00000200,BTC,835.8398331062671,0.0,0.00416696,142
0.0,[],25,[],2019-09-11 19:28:10,0.0,0,0,8009154,2019-09-11 19:28:10,,0.0,0.0,0.0,btc,0.0,0.0,0.0,142
1,[],28,[],2019-09-11 19:28:14,10109310.0,0.000019030000,0.0000000019157919659999998,8009155,2019-09-11 19:28:14,btc,0.43355649,766.0,0.000019030000,btc,2473.485,0.0,1.5558882,142
1,[],5,[],2019-07-06 02:06:10,0.0,0,0,7800822,2019-07-06 02:06:10,btc,0.0,0.00140707,0,btc,0.0,0.0,0.0,142
0,[],22,[],2019-08-21 15:01:35,0.0,0,0,7922332,2019-08-21 15:01:35,,68.14027224,0.0,0,,718000153.5744588,0.0,0.0,143
0,[],22,[],2019-02-25 15:42:22,0.0,0,0,6783783,2019-02-25 15:42:22,,4.2131946,0.0,0,,2322156.0,0.0,0.0,146
,[],22,[],2018-11-20 23:01:11,0.0,0,0,4862114,2018-11-20 23:01:11,,2.56807021,0.0,,,61828.4988236,0.0,0.0,147
1,[],12,[],2019-04-21 06:38:04,193091.5971266,0.00000071,0.000000000037635183,7388679,2019-04-21 06:38:04,btc,2.301232411611175,0.0,0.00000071,btc,9957.48302385,0.00023528,0.0313308199999888,148
1,[],5,[],2019-04-26 09:36:59,0.0,0,0,7465040,2019-04-26 09:36:59,btc,0.0,0.0,0,btc,0.0,0.0,0.0,153
0,[],23,[],2019-01-20 23:24:29,0.0,0,0,6476932,2019-01-20 23:24:29,,0.0,0.0,0,,0.0,0.0,0.0,156
0,[],22,[],2019-09-11 19:28:17,0.0,0,0,8009156,2019-09-11 19:28:17,,6.87813965,0.0,0,,4570228.592592592,0.0,0.0,156
1,[],22,[],2019-09-11 19:28:20,6996.0,0.00000001,0.000000000001006722,8009157,2019-09-11 19:28:20,BTC,1.7547719,0.0,0.00000001,BTC,64.8,0.0,6.996e-05,157
0,[],22,[],2019-08-17 00:05:41,0.0,0,0,7905012,2019-08-17 00:05:41,,50234.60468402,0.0,0,,54786159.03179465,0.0,0.0,158
,[],17,[],2018-11-20 22:56:10,0.0,0,0,4861976,2018-11-20 22:56:10,btc,1.1265625,0.0,,btc,1000.0,0.0,0.0,159
,[],20,[],2018-11-20 22:56:12,0.0,0,0,4861977,2018-11-20 22:56:12,btc,11912.7940471,0.0,,btc,34413894.3617,0.0,0.0,159
0,[],22,[],2019-09-11 19:28:23,0.0,0,0,8009158,2019-09-11 19:28:23,,22.83533305,0.0,0,,316441.3604070517,0.0,0.0,171
0.0000000000644549,[],22,[],2019-09-03 05:10:10,94000.0,6.44549e-19,6.64851004402e-23,7989885,2019-09-03 05:10:10,LTC,17.607944,0.0,0.00000001,LTC,1473441.0846050987,0.0,0.00094,173
1,[],5,[],2019-07-06 02:08:45,0.0,0,0,7800830,2019-07-06 02:08:45,btc,0.0,0.00700197,0,btc,0.0,0.0,0.0,175
0,[],22,[],2019-08-19 04:17:22,0.0,0,0,7911532,2019-08-19 04:17:22,,393.97295672,0.0,0,,135375.61833431243,0.0,0.0,176
1,[],7,[],2019-07-01 10:15:32,0.0,0,0,7783526,2019-07-01 10:15:32,btc,521516.2326888725,0.0,0,btc,26809253.73522063,0.0,0.0,178
0,[],22,[],2019-09-11 19:28:28,0.0,0,0,8009159,2019-09-11 19:28:28,,1.00205534,0.0,0,,62828.0,0.0,0.0,178
0,[],2,[],2019-01-20 23:28:34,0.0,0,0,6477001,2019-01-20 23:28:34,,0.0,0.0,0,,0.0,0.0,0.0,178
1,[],5,[],2019-07-06 02:08:50,0.0,0,0,7800832,2019-07-06 02:08:50,btc,0.0,6.904e-05,0,btc,0.0,0.0,0.0,179
0,[],23,[],2019-01-20 23:25:08,0.0,0,0,6476952,2019-01-20 23:25:08,,0.0,0.0,0,,0.0,0.0,0.0,179
0.00000000006833250000000001,[],22,[],2019-09-11 19:28:33,250000.0,2.049975e-17,2.06375493195e-21,8009160,2019-09-11 19:28:33,LTC,10.20937509,0.0,0.0000003,LTC,14612218.811946675,0.0,0.075,179
1,[],17,[],2019-08-21 20:57:03,32504.725000000002,0.00000015,0.00000000001529397,7923326,2019-08-21 20:57:03,btc,5.201614863967379,8e-06,0.00000015,btc,5020.40125,0.0,0.0029504724999999997,180
1,[],22,[],2019-09-11 19:28:38,760894.1450252999,0.00000043,0.000000000043289046,8009161,2019-09-11 19:28:38,BTC,2.96062197,0.0,0.00000043,"BTC,LTC",237520.05802533453,0.00017458,0.60879336,180
1,[],26,[],2019-09-11 19:28:38,0.0,0,0,8009162,2019-09-11 19:28:38,,0.0,0.0,0,,0.0,0.0,0.0,180
,[],7,[],2018-11-20 22:58:01,562227.975654,0.00000085,0.000000000036176765,4862015,2018-11-20 22:58:01,btc,21836.6059674,2491.87645172,,btc,749999.041456,0.00211021,0.127565380455,183
,[],5,[],2019-01-10 08:11:41,0.0,0,0,6347036,2019-01-10 08:11:41,btc,82.15055501,0.00261,,btc,1.19002445,0.0,0.0,187
,[],17,[],2018-11-16 20:58:10,4062536.27273,0.00000001,0.000000000000550501,4708775,2018-11-16 20:58:10,btc,3.36492563466,0.195460381006,,"btc,eth",110697919.549,0.0,0.0157628953496,187
1,[],24,[],2019-05-22 21:04:52,0.0,0.000000000014,0.0000000000000010960978,7670219,2019-05-22 21:04:52,btc,0.0,0.0,0.000000000014,btc,0.0,0.0,0.0,187
0,[],23,[],2019-01-20 23:31:41,0.0,0,0,6477079,2019-01-20 23:31:41,,0.0,0.0,0,,0.0,0.0,0.0,199
0,[],22,[],2019-09-11 19:28:41,0.0,0,0,8009163,2019-09-11 19:28:41,,6.97417052,0.0,0,,108405779.0,0.0,0.0,199
1,[],26,[],2019-09-11 19:28:41,0.0,0,0,8009164,2019-09-11 19:28:41,,0.0,0.0,0,,0.0,0.0,0.0,199
1,[],4,[],2019-01-25 15:51:35,2084389.58565343,0.00000936,0.000000000333526752,6499557,2019-01-25 15:51:35,btc,2.0092503037378524,0.0,0.00000936,btc,160195.80207885,0.19272417,1.242687955921835,211
1,[],7,[],2019-07-01 02:21:28,1170054124.6898527,0.00000018,0.000000000019815389999999997,7782694,2019-07-01 02:21:28,btc,1346735.6331920293,0.0,0.00000018,btc,5516233.71348162,0.0,11.954344045954047,212
0,[],22,[],2019-08-19 07:38:07,0.0,0,0,7911940,2019-08-19 07:38:07,,6.8412543,0.0,0,,3272264.174064925,0.0,0.0,216
1,[],27,[],2019-08-12 16:37:52,320029.088,0.00000001,0.000000000001138437,7891783,2019-08-12 16:37:52,btc,176.0318120012664,0.0,0.00000001,"btc,ltc",485496.05456794,0.0,0.00320029088,216
1,[],22,[],2019-09-11 19:28:47,743030.4904761905,0.0000001,0.00000000001006722,8009165,2019-09-11 19:28:47,BTC,12055.80526106,0.0,0.0000001,BTC,684109.634389795,0.00169791,0.02849847,217
0,[],22,[],2019-08-29 16:52:21,0.0,0,0,7978120,2019-08-29 16:52:21,,4.69007484,0.0,0,,180254.70709740353,0.0,0.0,221
1,[],24,[],2019-08-29 16:52:22,0.0,0.000000010000,0.000000000000950592,7978121,2019-08-29 16:52:22,btc,0.0,0.0,0.000000010000,btc,0.0,0.0,0.0,221
1,[],26,[],2019-09-11 19:28:47,0.0,0,0,8009166,2019-09-11 19:28:47,,0.0,0.0,0,,0.0,0.0,0.0,231
0.0000000001859265,[],27,[],2019-08-12 16:38:10,100.0,1.859265e-18,2.1166560688050002e-22,7891787,2019-08-12 16:38:10,eth,0.0,0.0,0.00000001,"btc,eth",0.0,0.0,1.8592649999999999e-16,234
1,[],26,[],2019-09-11 19:28:47,0.0,0,0,8009167,2019-09-11 19:28:47,,0.0,0.0,0,,0.0,0.0,0.0,234
1,[],5,[],2019-07-06 02:11:21,0.0,0,0,7800842,2019-07-06 02:11:21,btc,0.0,0.10652887,0,btc,0.0,0.0,0.0,237
1,[],20,[],2019-09-11 19:28:49,42863965.4568,0.00000003,0.0000000000030201659999999998,8009168,2019-09-11 19:28:49,btc,522.6933291290175,12500529.9382,0.00000003,btc,32436323.7952,0.3880554920904,0.2576850060031,237
1,[],22,[],2019-09-11 19:28:55,1837861.0,0.00000001,0.000000000001006722,8009169,2019-09-11 19:28:55,BTC,1.20569942,0.0,0.00000001,"BTC,LTC",60432.94871794872,0.0,0.01837861,237
1,[],5,[],2019-07-06 02:11:32,0.0,0,0,7800846,2019-07-06 02:11:32,btc,0.0,0.05525444,0,btc,0.0,0.0,0.0,238
1,[],4,[],2019-08-18 21:55:28,28766182.9187235,0.00000006,0.0000000000062177580000000004,7910606,2019-08-18 21:55:28,btc,2.1262004590211685,0.0,0.00000006,btc,15667280.40051822,0.02567584,0.5811165339764514,238
0.0000000000711565,[],22,[],2019-08-17 13:20:25,419253.0,7.115650000000001e-19,7.3700771814e-23,7906682,2019-08-17 13:20:25,LTC,0.40427224,0.0,0.00000001,LTC,496363.0639027493,0.0,0.00419253,249
0,[],22,[],2019-09-07 11:54:30,0.0,0,0,7999199,2019-09-07 11:54:30,,13.4488406,0.0,0,,43819581.3426455,0.0,0.0,252
1,[],28,[],2019-09-11 19:28:57,1882646.0,0.00000041,0.000000000041275602,8009170,2019-09-11 19:28:57,btc,164695.74556065348,340050.125,0.00000041,btc,1561502.9245,0.0,0.25319928,256
0.0000000000916764,[],22,[],2019-07-23 20:12:22,1517.0,9.16764e-19,9.31930943616e-23,7830286,2019-07-23 20:12:22,LTC,31474.63788373,0.0,0.00000001,LTC,1024398.9185893413,0.0,1.517e-05,258
1,[],5,[],2019-07-02 14:44:15,0.0,0,0,7788374,2019-07-02 14:44:15,btc,0.0,0.02775788,0,btc,0.0,0.0,0.0,264
1,[],20,[],2019-09-11 19:28:59,904603.2365,0.00000032,0.000000000032215104,8009171,2019-09-11 19:28:59,btc,0.4715196517196,441.0,0.00000032,btc,53046.5629,0.00013671,0.0104304150599,264
0,[],22,[],2019-08-27 11:47:19,0.0,0,0,7977618,2019-08-27 11:47:19,,33050469.74148113,0.0,0,,14261527780.7,0.0,0.0,272
0.0000000000000025860000000000002,[],28,[],2019-08-27 11:47:30,139196263259.852,3.1032000000000002e-22,3.1535059752e-26,7977619,2019-08-27 11:47:30,doge,1708945031879160.8,7392150085.764,0.00000012,doge,49126229218.319,0.0,3.124217329408538e-11,272
0,[],22,[],2019-09-11 19:29:03,0.0,0,0,8009172,2019-09-11 19:29:03,,73.4668573,0.0,0,,1523613.3487135023,0.0,0.0,286
