pairValue,buyBook,exchangeId,sellBook,updated,buyTotal,satoshiPrice,usdPrice,exchangeLogId,created,bestPair,sellTotalBtc,volume,pairPrice,activePairs,sellTotal,volumeBtc,buyTotalBtc,coinId
1,[],3,[],2019-02-25 20:40:29,30549.539737434192,0.01250517999999999942117856477352688671089708805084228515625,0.0000004784269279939999,6785977,2019-02-25 20:40:29,btc,61.13574066699014,1.51911095774,0.01250517999999999942117856477352688671089708805084228515625,btc,27.166138828376003,0.0,0.42527032051276525,1
1,[],4,[],2019-02-25 20:40:30,302963.16818713,0.01254005,0.000000479760994915,6785978,2019-02-25 20:40:30,btc,9.037386594314167,0.0,0.01254005,btc,249.85213858,1.17931133,1.262297674877513,1
1,[],5,[],2019-02-25 20:40:33,0.0,0,0,6785979,2019-02-25 20:40:33,btc,0.0,0.29362635,0,btc,0.0,0.0,0.0,1
1,[],10,[],2019-02-25 20:40:36,414695.82227379,0.01145979,0.000000438432083757,6785980,2019-02-25 20:40:36,btc,6522.542256049102,1403.87137246,0.01145979,btc,1032.22943959,0.0,5.538896762272065,1
1,[],12,[],2019-02-25 20:40:38,10431.33589662,0.012689999999999999891198143586734659038484096527099609375,0.000000485497827,6785981,2019-02-25 20:40:38,btc,0.34787065312300003,0.0,0.012689999999999999891198143586734659038484096527099609375,btc,18.62169966,0.131314124556,0.29189574483930003,1
1,[],20,[],2019-02-25 20:40:40,1150.428,0.010500214,0.0000004017203372762,6785982,2019-02-25 20:40:40,btc,0.0653458314468,0.143,0.010500214,btc,3.1363,0.001647920366,0.0915544251227,1
1,[],21,[],2019-02-25 20:40:41,2279.67279055,0.01252220000000000069140249082,0.0000004790780842600001,6785983,2019-02-25 20:40:41,btc,22.632059879484615,1834.20240887,0.0125222000000000006914024908155624871142208576202392578125,"btc,eth",2059.3482523,21.547783966311012,22.38807345651004,1
1,[],22,[],2019-02-25 20:40:45,0.0163776,0.01300000,0.0000004973579,6785984,2019-02-25 20:40:45,BTC,0.31423927,0.0,0.01300000,BTC,0.11751954901960784,0.0,0.00020972,1
1,[],24,[],2019-02-25 20:40:46,0.0,0.000000000000,0,6785985,2019-02-25 20:40:46,btc,0.0,0.0,0.000000000000,btc,0.0,0.0,0.0,1
0.0,[],25,[],2019-02-25 20:40:53,0.0,0,0,6785986,2019-02-25 20:40:53,btc,8.490099998315669,0.0,0.0,btc,654.46748462,0.0,0.0,1
1,[],26,[],2019-02-25 20:40:53,0.0,0,0,6785987,2019-02-25 20:40:53,,0.0,0.0,0,,0.0,0.0,0.0,1
1,[],28,[],2019-02-25 20:41:00,993.21,0.01323000,0.000000506157309,6785988,2019-02-25 20:41:00,btc,0.162839806,18763.6,0.01323000,btc,8.9,0.0,0.090071836,1
0,[],2,[],2019-01-20 23:28:45,0.0,0,0,6477011,2019-01-20 23:28:45,,0.0,0.0,0,,0.0,0.0,0.0,1
1,[],5,[],2019-02-25 20:41:02,0.0,0,0,6785989,2019-02-25 20:41:02,btc,0.0,0.01177109,0,btc,0.0,0.0,0.0,2
0.0000000001246143,[],22,[],2019-02-25 20:41:06,1148.0,1.3707573e-16,5.244284401059e-21,6785990,2019-02-25 20:41:06,XMR,21.01373823,0.0,0.00000110,XMR,14319.12581,0.0,0.00087635,2
1,[],5,[],2019-02-25 20:41:07,0.0,0,0,6785991,2019-02-25 20:41:07,btc,0.0,0.01550947,0,btc,0.0,0.0,0.0,3
1,[],12,[],2019-02-25 20:41:08,13342246.5407,0.000000174,0.0000000000066569442,6785992,2019-02-25 20:41:08,btc,924396.4967510999,0.0,0.000000174,btc,7968825.88441448,0.2320768779126418,0.6766077019719,3
0,[],28,[],2019-02-25 20:41:15,0.0,0,0,6785993,2019-02-25 20:41:15,,0.0,0.0,0,,0.0,0.0,0.0,3
0,[],2,[],2019-01-20 23:31:32,0.0,0,0,6477077,2019-01-20 23:31:32,,0.0,0.0,0,,0.0,0.0,0.0,4
1,[],4,[],2019-02-25 20:41:15,413324.47432847,0.00000032,0.000000000012242656,6785994,2019-02-25 20:41:15,btc,31.59748132384581,0.0,0.00000032,btc,688180.6997793,0.00116851,0.0588997307735309,4
1,[],12,[],2019-02-22 14:50:14,1367032.5219999999,0.00000003,0.000000000001190475,6759350,2019-02-22 14:50:14,btc,11013869.583570713,0.0,0.00000003,btc,1211697.32371984,0.00024567976024,0.02065290044,5
0,[],2,[],2019-01-20 23:31:51,0.0,0,0,6477087,2019-01-20 23:31:51,,0.0,0.0,0,,0.0,0.0,0.0,6
1,[],11,[],2019-02-25 20:41:17,3351329.5,0.00000002,0.000000000000765166,6785995,2019-02-25 20:41:17,btc,9432.728135181234,10000.0,0.00000002,btc,41452686.95347657,0.0,0.034501425,6
1,[],3,[],2019-02-25 20:41:18,1091.857220066689,0.00015102999999999999563259078794175138682476244866847991943359375,0.000000005778151049,6785996,2019-02-25 20:41:18,btc,27.605796873748474,0.0,0.00015102999999999999563259078794175138682476244866847991943359375,btc,249.144760639695,0.0,0.03419745781762677,7
1,[],4,[],2019-02-25 20:41:19,95620.08471172,0.00023530,0.00000000900217799,6785997,2019-02-25 20:41:19,btc,12.412240785679394,0.0,0.00023530,btc,40879.35563373,3.09998259,5.160470239426856,7
1,[],5,[],2019-02-25 20:41:20,0.0,0,0,6785998,2019-02-25 20:41:20,btc,0.0,0.64866803,0,btc,0.0,0.0,0.0,7
1,[],20,[],2019-02-20 02:16:17,39399275.8418,0.000000001,0.0000000000000390183,6728586,2019-02-20 02:16:17,btc,116.9737569154545,525.0,0.000000001,btc,56932965.8895,5.25e-07,0.0393992758418,8
0,[],2,[],2019-01-20 23:22:42,0.0,0,0,6476876,2019-01-20 23:22:42,,0.0,0.0,0,,0.0,0.0,0.0,9
0,[],23,[],2019-01-20 23:22:48,0.0,0,0,6476878,2019-01-20 23:22:48,,0.0,0.0,0,,0.0,0.0,0.0,9
1,[],1,[],2019-02-17 23:31:42,1822507.21,0.00000181000000000000003456111265232042484285557293333113193511962890625,0.000000000066086901,6701244,2019-02-17 23:31:42,btc,3.6990969245,17153386.5,0.00000181000000000000003456111265232042484285557293333113193511962890625,btc,1997391.71,31.11772986,3.2610482446,9
1,[],4,[],2019-02-25 20:41:23,2270465.08338262,0.00000193,0.000000000073838519,6785999,2019-02-25 20:41:23,btc,5.422853345749383,0.0,0.00000193,btc,2012011.57465584,6.43235358,1.3427623550400505,9
1,[],28,[],2019-02-25 20:41:28,50365.0,0.00000185,0.000000000070777855,6786000,2019-02-25 20:41:28,btc,2708.762408285,3618985.81,0.00000185,btc,12077.33,0.0,0.05600435,9
1,[],4,[],2019-02-17 11:22:43,4341674.27126056,0.00000002,0.0000000000007272960000000001,6696112,2019-02-17 11:22:43,btc,0.1997230937751353,0.0,0.00000002,btc,4109766.79808031,0.00215132,0.0479381022052112,10
0,[],2,[],2019-01-20 23:23:08,0.0,0,0,6476890,2019-01-20 23:23:08,,0.0,0.0,0,,0.0,0.0,0.0,12
1,[],4,[],2019-02-25 20:41:29,3264085.92450565,0.00000129,0.000000000049353207,6786001,2019-02-25 20:41:29,btc,11.726961968418046,0.0,0.00000129,btc,6104716.53506304,2.03741863,1.659718470667179,12
1,[],5,[],2019-02-25 20:41:30,0.0,0,0,6786002,2019-02-25 20:41:30,btc,0.0,0.34072471,0,btc,0.0,0.0,0.0,12
0.0,[],25,[],2019-02-25 20:42:27,0.0,0,0,6786003,2019-02-25 20:42:27,,0.0,0.0,0.0,btc,0.0,0.0,0.0,12
1,[],10,[],2019-02-25 15:46:39,472242.93449942,0.00000528,0.000000000200715504,6783871,2019-02-25 15:46:39,btc,666802.605542483,9069.34359562,0.00000528,btc,745135.79500729,0.0,0.2755721298744565,13
1,[],4,[],2019-02-25 20:42:27,1164098.79206459,0.00000550,0.00000000021042065,6786004,2019-02-25 20:42:27,btc,3.1537516512741215,0.0,0.00000550,btc,443621.50671902,0.59046981,0.4211874518485208,13
1,[],21,[],2019-02-25 20:42:31,552812.55896668,0.000005499999999999999856993733449,0.00000000021042064999999998,6786005,2019-02-25 20:42:31,btc,5.368787354693252,347873.81714649,0.000005499999999999999856993733449161965154416975565254688262939453125,btc,858391.80919824,1.93108134,2.7992035947307388,13
0,[],17,[],2019-02-25 19:48:11,0.0,0,0,6785817,2019-02-25 19:48:11,btc,0.0,0.0,0,btc,0.0,0.0,0.0,14
1,[],4,[],2019-02-25 20:42:32,647230.47501456,0.00000116,0.000000000044379628,6786006,2019-02-25 20:42:32,btc,6.26335210667237,0.0,0.00000116,btc,856296.29194366,0.04366265,0.103430427655053,14
1,[],12,[],2019-02-25 20:42:33,217242.91304348,0.000001129999999999999980629101885287735029805844533257186412811279296875,0.000000000043231879,6786007,2019-02-25 20:42:33,btc,5.294481267879774,0.0,0.000001129999999999999980629101885287735029805844533257186412811279296875,btc,33971.19873547,5.88863137e-06,0.0232130000000004,14
1,[],26,[],2019-02-25 20:42:43,0.0,0.00000050,0.00000000001912915,6786008,2019-02-25 20:42:43,btc,0.0,0.0,0.00000050,btc,0.0,0.0,0.0,14
,[],12,[],2018-12-01 15:15:48,204241.84496,0.00000489,0.000000000202473384,5260204,2018-12-01 15:15:48,btc,49.5475654835,0.0,,btc,35763.2193806,0.0163153972027625,0.0203389899998,15
0,[],4,[],2019-02-25 20:42:44,0.0,0,0,6786009,2019-02-25 20:42:44,,0.0,0.0,0,,0.0,0.0,0.0,15
0,[],2,[],2019-01-20 23:23:38,0.0,0,0,6476906,2019-01-20 23:23:38,,0.0,0.0,0,,0.0,0.0,0.0,18
1,[],4,[],2019-02-25 20:42:45,25834.18714854,0.00001781,0.000000000681380323,6786010,2019-02-25 20:42:45,btc,1.233993236400587,0.0,0.00001781,btc,9600.97237087,0.09631386,0.0809039064118454,18
1,[],10,[],2019-02-25 20:42:47,783959.12364307,0.00001745,0.0000000006676073350000001,6786011,2019-02-25 20:42:47,btc,16.67382114443906,2691.74842277,0.00001745,btc,17190.84434936,0.0,0.147412477403076,18
1,[],12,[],2019-02-25 20:42:48,193701.27586279,0.0000187000000000000005302182304323110884070047177374362945556640625,0.00000000071543021,6786012,2019-02-25 20:42:48,btc,23.668454688520207,0.0,0.0000187000000000000005302182304323110884070047177374362945556640625,btc,1890.23919731,0.0077013889203906,0.034581699049971,18
0,[],17,[],2019-02-25 20:42:50,0.0,0,0,6786013,2019-02-25 20:42:50,btc,0.0,0.0,0,btc,0.0,0.0,0.0,18
0,[],2,[],2019-01-20 23:24:19,0.0,0,0,6476924,2019-01-20 23:24:19,,0.0,0.0,0,,0.0,0.0,0.0,19
1,[],3,[],2019-02-25 20:42:51,118417.5551164618,0.0000153500000000000004171142597986232658513472415506839752197265625,0.000000000587264905,6786014,2019-02-25 20:42:51,btc,0.5526635399813092,2537.07975899,0.0000153500000000000004171142597986232658513472415506839752197265625,btc,9052.306301703742,0.0,0.03186419659869559,19
1,[],4,[],2019-02-25 20:42:52,384661.09532225,0.00001977,0.000000000756366591,6786015,2019-02-25 20:42:52,btc,2.2023804398142577,0.0,0.00001977,btc,73113.08162764,0.94697908,2.4330702215945093,19
1,[],5,[],2019-02-25 20:42:52,0.0,0,0,6786016,2019-02-25 20:42:52,btc,0.0,0.00121924,0,btc,0.0,0.0,0.0,19
1,[],12,[],2019-02-25 20:42:53,135121.30919695,0.0000189600000000000014290131578054143801637110300362110137939453125,0.000000000725377368,6786017,2019-02-25 20:42:53,btc,1.3578843759465034,0.0,0.0000189600000000000014290131578054143801637110300362110137939453125,btc,382.27457877,0.0,0.10559043000005999,19
0,[],27,[],2019-02-25 20:42:55,0.0,0,0,6786018,2019-02-25 20:42:55,,0.0,0.0,0,btc,0.0,0.0,0.0,19
1,[],4,[],2019-02-25 20:42:56,8069160.95424551,0.00000013,0.000000000004973579,6786019,2019-02-25 20:42:56,btc,7.376194659582633,0.0,0.00000013,btc,2844149.4360639,0.00013,0.2582725451781454,20
1,[],4,[],2019-02-25 20:42:57,104180473.05737025,0.00000002,0.000000000000765166,6786020,2019-02-25 20:42:57,btc,1811.60026432983,0.0,0.00000002,btc,54972143.23372669,0.02286247,1.1713499050280451,21
1,[],12,[],2019-02-25 20:42:58,18647376.0,0.00000002,0.000000000000765166,6786021,2019-02-25 20:42:58,btc,670.3899289734848,0.0,0.00000002,btc,8544410.32857329,0.0,0.24518776,21
0,[],17,[],2019-02-25 20:42:59,0.0,0,0,6786022,2019-02-25 20:42:59,btc,0.0,0.0,0,btc,0.0,0.0,0.0,21
1,[],12,[],2019-02-25 20:43:01,3320941445.6808996,0.0000000002,0.00000000000000765166,6786023,2019-02-25 20:43:01,btc,875865842910.2706,0.0,0.0000000002,btc,4963719209.747691,0.022184941014985974,0.37047175138299043,23
0.00000000035755490000000003,[],27,[],2019-02-25 20:43:03,2000.0,3.575549e-18,1.367944263067e-22,6786024,2019-02-25 20:43:03,eth,1.3429826565934113,0.0,0.00000001,eth,1964879.85514486,0.0,7.151098000000001e-15,23
1,[],4,[],2019-02-25 20:43:03,411095.01905155,0.00000055,0.000000000021042065,6786025,2019-02-25 20:43:03,btc,8.340487078127492,0.0,0.00000055,btc,1478539.05539311,0.00482148,0.1332551878063138,24
1,[],22,[],2019-02-25 20:43:06,11.76,0.00000100,0.0000000000382583,6786026,2019-02-25 20:43:06,BTC,7.415e-05,0.0,0.00000100,BTC,23.919354838709676,0.0,1.176e-05,24
0.0,[],25,[],2019-02-25 20:43:08,0.0,0,0,6786027,2019-02-25 20:43:08,,0.0,0.0,0.0,btc,0.0,0.0,0.0,24
0,[],2,[],2019-01-20 23:25:56,0.0,0,0,6476976,2019-01-20 23:25:56,,0.0,0.0,0,,0.0,0.0,0.0,26
1,[],4,[],2019-02-25 20:43:09,28278244.37695946,0.00000702,0.000000000268573266,6786028,2019-02-25 20:43:09,btc,167.6610545221407,0.0,0.00000702,btc,264517.93177143,0.21771631,0.4566781333064664,26
1,[],10,[],2019-02-25 20:43:11,699095.98977118,0.00000643,0.00000000024600086900000003,6786029,2019-02-25 20:43:11,btc,26.125554481264015,5701.54719128,0.00000643,btc,14071.92039774,0.0,0.2650231336082706,26
1,[],3,[],2019-02-25 20:43:11,6199666.70213569,0.00000001,0.000000000000382583,6786030,2019-02-25 20:43:11,btc,2.305240402908978,5387.5,0.00000001,btc,17463523.90982035,0.0,0.061996667021356894,27
1,[],5,[],2019-02-25 20:43:12,0.0,0,0,6786031,2019-02-25 20:43:12,btc,0.0,0.00485837,0,btc,0.0,0.0,0.0,27
1,[],11,[],2019-02-25 20:43:13,9661469.607065821,0.00000005,0.000000000001912915,6786032,2019-02-25 20:43:13,btc,67506.53157702075,146281.413934,0.00000005,btc,8171781.9763934,0.0,0.4509737746429231,27
1,[],4,[],2019-02-25 20:43:14,1448910400.302707,0.00000002,0.000000000000765166,6786033,2019-02-25 20:43:14,btc,4.709489362676068,0.0,0.00000002,"btc,ltc",393592232.97696877,0.42480948,11.035676489184127,29
1,[],7,[],2019-02-25 20:43:15,47450151.257984236,0.00000002,0.000000000000765166,6786034,2019-02-25 20:43:15,btc,44463896.8415103,4501880.84337,0.00000002,btc,60140259.70175314,0.0,0.6186609276639676,29
1,[],4,[],2019-02-25 20:43:16,1434937.2956282,0.00000029,0.000000000011094907,6786035,2019-02-25 20:43:16,btc,2.3338939110281185,0.0,0.00000029,btc,1569562.05724863,0.00128998,0.0992348901031418,30
0,[],17,[],2019-02-25 20:43:18,0.0,0,0,6786036,2019-02-25 20:43:18,btc,0.0,0.0,0,btc,0.0,0.0,0.0,30
1,[],4,[],2019-02-25 20:43:19,1111748.81409964,0.00005317,0.000000002034193811,6786037,2019-02-25 20:43:19,btc,5.001996988075012,0.0,0.00005317,btc,65137.08648928,0.97156342,0.8454328932637472,31
1,[],21,[],2019-02-25 20:43:20,27186.73968528,0.00005300000000000000077802347898,0.0000000020276899,6786038,2019-02-25 20:43:20,btc,1.8919063300233054,158932.02887908,0.000053000000000000000778023478975597981843748129904270172119140625,btc,32983.10909848,8.6965101,1.110832812030347,31
0,[],2,[],2019-01-20 23:28:43,0.0,0,0,6477009,2019-01-20 23:28:43,,0.0,0.0,0,,0.0,0.0,0.0,32
1,[],4,[],2019-02-25 20:43:21,392392641.4798019,0.00000004,0.000000000001530332,6786039,2019-02-25 20:43:21,btc,9.715079688325519,0.0,0.00000004,"btc,ltc",173073891.91635135,0.53770975,9.258332740573705,33
1,[],12,[],2019-02-25 20:43:23,17886730.0,0.00000004,0.000000000001530332,6786040,2019-02-25 20:43:23,btc,35620540.73032169,0.0,0.00000004,btc,90067791.5894692,0.0572597633936572,0.58249093,33
1,[],4,[],2019-02-25 20:43:24,126125622.08362757,0.00000001,0.000000000000382583,6786041,2019-02-25 20:43:24,btc,4.18227145997747,0.0,0.00000001,btc,100030637.75205578,0.01643785,1.2612562208362756,34
1,[],5,[],2019-02-25 20:43:25,0.0,0,0,6786042,2019-02-25 20:43:25,btc,0.0,0.16747219,0,btc,0.0,0.0,0.0,34
0,[],17,[],2019-02-25 19:49:08,0.0,0,0,6785854,2019-02-25 19:49:08,btc,0.07464582831683347,0.0,0,btc,4105386.20243647,0.0,0.0,36
0.0000000001185898,[],4,[],2019-02-25 20:43:26,2689272614.8829165,3.557694e-18,1.361113243602e-22,6786043,2019-02-25 20:43:26,ltc,2.594294650188397e-08,0.0,0.00000003,ltc,2927329926.233744,0.0,4.783224923665609e-09,36
1,[],5,[],2019-02-25 20:43:27,0.0,0,0,6786044,2019-02-25 20:43:27,btc,0.0,0.0,0,btc,0.0,0.0,0.0,36
0.00000000035755490000000003,[],27,[],2019-02-25 20:43:41,1000000.0,3.575549e-18,1.367944263067e-22,6786045,2019-02-25 20:43:41,eth,214.7591162012634,0.0,0.00000001,"ltc,eth",4157587.78751039,0.0,1.190677302e-12,36
1,[],27,[],2019-02-25 20:43:55,14685.567,0.00000045,0.000000000017216235,6786048,2019-02-25 20:43:55,btc,25.82477206349233,0.0,0.00000045,btc,6823.34738508,0.0,0.00480032515,37
1,[],17,[],2019-02-25 19:49:25,1752.74075282,0.00000025,0.000000000009645325,6785858,2019-02-25 19:49:25,btc,0.055484923777095005,0.0,0.00000025,btc,1319.19918473,0.0,0.00043818518820499993,37
1,[],4,[],2019-02-25 20:43:41,211288.85400405,0.00000057,0.000000000021807231,6786046,2019-02-25 20:43:41,btc,19772.49543272935,0.0,0.00000057,btc,571512.57291807,0.02995489,0.0879866657692003,37
1,[],12,[],2019-02-25 20:43:43,404740.20601184,0.00000058,0.000000000022189814,6786047,2019-02-25 20:43:43,btc,1347.0441140501991,0.0,0.00000058,btc,955621.38314508,0.1901601591965892,0.0821673021379141,37
1,[],5,[],2019-02-25 20:43:56,0.0,0,0,6786049,2019-02-25 20:43:56,btc,0.0,0.00016845,0,btc,0.0,0.0,0.0,42
1,[],12,[],2019-02-25 20:43:57,236642.62491382,0.00000095,0.000000000036345385,6786050,2019-02-25 20:43:57,btc,94.6989113899665,0.0,0.00000095,btc,109864.29424217,0.009947243899228,0.0431970579650274,42
0.00000000035755490000000003,[],27,[],2019-02-25 20:44:07,2000.0,3.575549e-18,1.367944263067e-22,6786051,2019-02-25 20:44:07,eth,0.00315028,0.0,0.00000001,"btc,eth",11.007,0.0,7.151098000000001e-15,42
1,[],5,[],2019-02-25 20:44:07,0.0,0,0,6786052,2019-02-25 20:44:07,btc,0.0,0.0,0,btc,0.0,0.0,0.0,43
1,[],12,[],2019-02-25 20:44:08,1796368.0,0.00000001,0.000000000000382583,6786053,2019-02-25 20:44:08,btc,3569.5040086325275,0.0,0.00000001,btc,12096736.97242756,1.566e-05,0.01796368,43
0,[],17,[],2019-02-25 20:44:20,0.0,0,0,6786054,2019-02-25 20:44:20,btc,0.0,0.0,0,btc,0.0,0.0,0.0,43
1,[],12,[],2019-02-25 20:44:21,671727.0,0.00000005,0.000000000001912915,6786055,2019-02-25 20:44:21,btc,11115177.731148178,0.0,0.00000005,btc,1112314.40161834,0.00062435,0.01690541,44
1,[],4,[],2019-02-25 20:44:23,302929985.0548907,0.00000002,0.000000000000765166,6786056,2019-02-25 20:44:23,btc,473.57632993461317,0.0,0.00000002,"btc,ltc",11894810.93165541,0.02300458,0.19406406664263964,49
0.0000000001185898,[],4,[],2019-02-25 20:44:26,275885539.9058563,1.185898e-18,4.53704414534e-23,6786057,2019-02-25 20:44:26,ltc,25.475336667290062,0.0,0.00000001,ltc,10194645384.209696,0.0,3.271721100032752e-10,52
0.0000000001246143,[],22,[],2019-02-25 20:44:30,80845862.0,1.246143e-18,4.7675312736900004e-23,6786058,2019-02-25 20:44:30,XMR,4366.96886713,0.0,0.00000001,XMR,255240310.67882353,1.2461430000000001e-17,0.80845862,57
0.00000000035755490000000003,[],27,[],2019-02-25 20:44:34,2000.0,3.575549e-18,1.367944263067e-22,6786059,2019-02-25 20:44:34,eth,0.0,0.0,0.00000001,"btc,eth",0.0,0.0,7.151098000000001e-15,57
0.0000000001185898,[],4,[],2019-02-25 20:44:35,1152324934.797965,3.557694e-18,1.361113243602e-22,6786060,2019-02-25 20:44:35,ltc,18.80917025713763,0.0,0.00000003,ltc,4075703464.4611516,0.00212891,2.939426827791923e-09,58
1,[],12,[],2019-02-25 20:44:37,1615422624.843957,0.0000000004,0.00000000000001530332,6786061,2019-02-25 20:44:37,btc,224005479638.4754,0.0,0.0000000004,btc,3797135235.7908344,0.0372725532605864,0.5215493107011392,58
0.0000000001246143,[],22,[],2019-02-25 20:44:51,137438.0,1.246143e-18,4.7675312736900004e-23,6786062,2019-02-25 20:44:51,XMR,69.8835922,0.0,0.00000001,XMR,9887963.0,0.0,0.00137438,58
0,[],17,[],2019-02-25 19:42:23,0.0,0,0,6785671,2019-02-25 19:42:23,btc,1e+24,0.0,0,btc,49226522.0897055,0.0,0.0,58
1,[],5,[],2019-02-25 20:44:53,0.0,0,0,6786063,2019-02-25 20:44:53,btc,0.0,0.00224581,0,btc,0.0,0.0,0.0,61
1,[],22,[],2019-02-25 20:44:56,5149.5,0.00000011,0.000000000004208413,6786064,2019-02-25 20:44:56,BTC,1002.29597012,0.0,0.00000011,BTC,14947.700278135757,0.0,0.00051596,61
1,[],26,[],2019-02-25 20:44:56,0.0,0.00000800,0.0000000003060664,6786065,2019-02-25 20:44:56,btc,0.0,0.0,0.00000800,btc,0.0,0.0,0.0,61
1,[],27,[],2019-02-25 20:44:59,2493.55,0.00000045,0.000000000017216235,6786066,2019-02-25 20:44:59,btc,7.845304881030758,0.0,0.00000045,"btc,eth",20831.38399471,0.0,0.000215597503504038,61
1,[],28,[],2019-02-25 20:45:14,13882.304,0.0000005,0.00000000001912915,6786067,2019-02-25 20:45:14,btc,2.056328285685105,792.0,0.0000005,btc,9746.52450005,0.0,0.00566491304,61
1,[],4,[],2019-02-25 20:45:14,1469258.37783853,0.00000282,0.000000000107888406,6786068,2019-02-25 20:45:14,btc,11.2833930383846,0.0,0.00000282,btc,790932.67452319,0.15829753,1.4496139629787195,67
0.0,[],25,[],2019-02-25 20:45:54,0.0,0,0,6786069,2019-02-25 20:45:54,,0.0,0.0,0.0,btc,0.0,0.0,0.0,67
1,[],12,[],2019-02-25 20:45:55,2980594.47390196,0.00000019,0.000000000007269077000000001,6786070,2019-02-25 20:45:55,btc,11115997.971665505,0.0,0.00000019,btc,2113274.66643284,0.000194916023976,0.1011565564411115,71
,[],5,[],2018-11-20 23:02:39,1.5e-07,0.00000005,0.000000000002128045,4862160,2018-11-20 23:02:39,btc,2.84511358,0.0,,btc,0.00036572,0.0,0.07381892,74
1,[],5,[],2019-02-25 20:45:56,0.0,0,0,6786071,2019-02-25 20:45:56,btc,0.0,0.0,0,btc,0.0,0.0,0.0,75
1,[],4,[],2019-02-25 20:45:57,17233280.92031862,0.00000001,0.000000000000382583,6786072,2019-02-25 20:45:57,btc,11388.638595673243,0.0,0.00000001,btc,34444270.17624532,0.0,0.1723328092031862,81
0,[],20,[],2019-01-25 09:30:31,0.0,0,0,6495923,2019-01-25 09:30:31,btc,0.0,0.0,0,btc,0.0,0.0,0.0,81
1,[],4,[],2019-02-25 20:45:59,28532.5168809,0.00007547,0.000000002887353901,6786073,2019-02-25 20:45:59,btc,17.77849340795414,0.0,0.00007547,btc,12808.91616994,0.01267777,0.1323310806513152,82
1,[],21,[],2019-02-25 20:46:00,66078.38489459999,0.00007598000000000000098750868593,0.000000002906865634,6786074,2019-02-25 20:46:00,btc,2.370868489235485,11907.23169682,0.000075980000000000000987508685934557206564932130277156829833984375,btc,25199.48127586,0.90523144,2.1431652150136222,82
0,[],17,[],2019-02-25 19:50:16,0.0,0,0,6785878,2019-02-25 19:50:16,btc,0.0447233088476774,0.0,0,btc,999127.19588126,0.0,0.0,84
0.0000000001185898,[],4,[],2019-02-25 20:46:12,117311167.80280703,4.743592e-18,1.814817658136e-22,6786075,2019-02-25 20:46:12,ltc,1.7828321241698168,0.0,0.00000004,ltc,404603452.6648808,0.0,2.2952302887587975e-10,85
,[],22,[],2018-11-20 23:09:34,3408.1,0.0000001,0.0000000000041895,4862324,2018-11-20 23:09:34,BTC,0.04624735,0.0,,BTC,4990.0,0.0,0.00033081,86
0,[],22,[],2019-02-22 12:52:35,0.0,0,0,6758847,2019-02-22 12:52:35,,2.0760781,0.0,0,,140622.94736842104,0.0,0.0,87
0,[],27,[],2019-02-22 12:52:37,0.0,0,0,6758848,2019-02-22 12:52:37,,0.0,0.0,0,btc,0.0,0.0,0.0,87
,[],2,[],2018-11-20 23:10:47,0.0,0,0,4862359,2018-11-20 23:10:47,,0.0,0.0,,,0.0,0.0,0.0,88
1,[],11,[],2019-02-25 20:48:14,89892.48148961,0.00014779999999999998759429853389946174502256326377391815185546875,0.000000005654576739999999,6786076,2019-02-25 20:48:14,btc,610.0449064185502,0.0,0.00014779999999999998759429853389946174502256326377391815185546875,btc,101573.15269364,0.0,5.8305228812789025,89
0,[],2,[],2019-01-20 23:31:45,0.0,0,0,6477083,2019-01-20 23:31:45,,0.0,0.0,0,,0.0,0.0,0.0,91
1,[],12,[],2019-02-25 20:48:15,511596.98940081,0.000001430000000000000072932653839841155019030338735319674015045166015625,0.000000000054709369,6786077,2019-02-25 20:48:15,btc,4.328962398626064,0.0,0.000001430000000000000072932653839841155019030338735319674015045166015625,btc,57128.65114169,0.0011556295529945,0.1173246465938244,91
0,[],22,[],2019-02-25 20:48:22,0.0,0,0,6786078,2019-02-25 20:48:22,,3.1e-06,0.0,0,,2.0,0.0,0.0,91
0,[],17,[],2019-02-25 19:50:32,0.0,0,0,6785882,2019-02-25 19:50:32,btc,0.0,0.0,0,btc,0.0,0.0,0.0,91
0.0000000001185898,[],22,[],2019-02-25 20:48:26,2791021.0,4.743592e-18,1.814817658136e-22,6786079,2019-02-25 20:48:26,LTC,8.53161599,0.0,0.00000004,LTC,71994962.1,0.0,0.09164084,95
0.0000000001185898,[],4,[],2019-02-25 20:48:26,637425930.7615747,7.826926800000001e-17,2.9944491359244e-21,6786080,2019-02-25 20:48:26,ltc,11.90707618331281,0.0,0.00000066,ltc,136387872.57707965,0.0,1.7342650271084405e-09,96
0,[],12,[],2019-02-25 20:48:29,0.0,0,0,6786081,2019-02-25 20:48:29,btc,255075.86232679957,0.0,0,btc,8739492.11519454,1.6883116883e-06,0.0,96
0,[],17,[],2019-02-25 20:48:31,0.0,0,0,6786082,2019-02-25 20:48:31,btc,0.0,0.0,0,btc,0.0,0.0,0.0,96
1,[],4,[],2019-02-25 20:48:31,1467175.83833541,0.00000031,0.000000000011860073,6786083,2019-02-25 20:48:31,btc,3.0258426853845255,0.0,0.00000031,btc,2468449.82808054,0.01233155,0.1264815056967012,99
1,[],4,[],2019-02-25 20:48:32,145379.74147245,0.00004301,0.000000001645489483,6786084,2019-02-25 20:48:32,btc,11.9489437272386,0.0,0.00004301,btc,158603.91294814,5.83412471,2.7478064341068102,100
0,[],2,[],2019-01-20 23:23:55,0.0,0,0,6476914,2019-01-20 23:23:55,,0.0,0.0,0,,0.0,0.0,0.0,100
1,[],22,[],2019-02-25 20:48:35,50000.0,0.00000001,0.000000000000382583,6786085,2019-02-25 20:48:35,BTC,23.49896609,0.0,0.00000001,BTC,10277.22,0.0,0.0005,101
1,[],4,[],2019-02-25 20:48:36,482301.86763444,0.00000086,0.000000000032902138,6786086,2019-02-25 20:48:36,btc,256.30189134192443,0.0,0.00000086,btc,488592.33696397,0.00818579,0.2511735650078672,103
1,[],12,[],2019-02-25 20:48:39,61444417.0,0.000000011,0.0000000000004208413,6786087,2019-02-25 20:48:39,btc,137279276.14102483,0.0,0.000000011,btc,123496931.39258796,0.04061958715720451,0.210471713,105
1,[],27,[],2019-02-25 20:48:41,125810.89,0.00000001,0.000000000000382583,6786088,2019-02-25 20:48:41,btc,26.557578245556094,0.0,0.00000001,btc,574707.68391977,0.0,0.0012581089,105
1,[],22,[],2019-02-25 20:48:44,9328.0,0.00000001,0.000000000000382583,6786089,2019-02-25 20:48:44,BTC,51.10837004,0.0,0.00000001,BTC,470435.0,0.0,9.328e-05,107
1,[],26,[],2019-02-25 20:48:44,0.0,0.00000000,0,6786090,2019-02-25 20:48:44,btc,0.0,0.0,0.00000000,btc,0.0,0.0,0.0,107
1,[],5,[],2019-02-25 20:48:46,0.0,0,0,6786091,2019-02-25 20:48:46,btc,0.0,0.02834307,0,btc,0.0,0.0,0.0,112
1,[],22,[],2019-02-25 20:48:49,1966.0,0.00000001,0.000000000000382583,6786092,2019-02-25 20:48:49,BTC,2.81183288,0.0,0.00000001,BTC,808524.0833333334,0.0,1.966e-05,112
0.00000000035755490000000003,[],27,[],2019-02-25 20:48:51,2000.0,3.575549e-18,1.367944263067e-22,6786093,2019-02-25 20:48:51,eth,1.35132491849924,0.0,0.00000001,"btc,eth",1328.641654,0.0,7.151098000000001e-15,112
1,[],4,[],2019-02-25 20:48:52,378384.02928689,0.00000297,0.000000000113627151,6786094,2019-02-25 20:48:52,btc,69.85237030779504,0.0,0.00000297,btc,356641.29288288,0.07670929,0.1796572437204562,113
1,[],5,[],2019-02-25 20:48:53,0.0,0,0,6786095,2019-02-25 20:48:53,btc,0.0,0.00373607,0,btc,0.0,0.0,0.0,113
1,[],17,[],2019-02-25 20:49:05,152738.278,0.00000004,0.000000000001530332,6786096,2019-02-25 20:49:05,btc,1.33680302678,0.0,0.00000004,btc,50696.221,0.0,0.0022095311199999998,116
0,[],27,[],2019-02-25 20:49:07,0.0,0,0,6786097,2019-02-25 20:49:07,,0.0,0.0,0,btc,0.0,0.0,0.0,116
1,[],4,[],2019-02-25 20:49:09,391114.04050238,0.00002015,0.000000000770904745,6786098,2019-02-25 20:49:09,btc,29.328166270702173,0.0,0.00002015,btc,92588.29775013,4.31041246,1.099517140155851,120
1,[],7,[],2019-02-25 20:49:10,211334.69902589,0.00001718999999999999974092772248024374448505113832652568817138671875,0.000000000657660177,6786099,2019-02-25 20:49:10,btc,115646.85211475272,311.15203766,0.00001718999999999999974092772248024374448505113832652568817138671875,btc,31721.28479335,0.00626261,0.0650162639034049,120
1,[],20,[],2019-02-25 20:49:13,1389423.9854,0.000000044,0.0000000000016833652,6786100,2019-02-25 20:49:13,btc,32.328679420354,273404.6927,0.000000044,btc,855801.5318,0.0099741435455,0.0092366395184,125
1,[],22,[],2019-02-25 20:49:17,3053.0,0.00000001,0.000000000000382583,6786101,2019-02-25 20:49:17,BTC,0.01444887,0.0,0.00000001,BTC,296263.5111111111,0.0,3.053e-05,126
1,[],4,[],2019-02-25 20:49:19,105950.80191408,0.00001433,0.000000000548241439,6786102,2019-02-25 20:49:19,btc,23.245939674597523,0.0,0.00001433,btc,134114.0410304,0.15638939,0.574306814609713,131
0,[],17,[],2019-02-25 20:49:30,0.0,0,0,6786103,2019-02-25 20:49:30,btc,0.0009561751951600001,0.0,0,btc,35.42829368,0.0,0.0,131
0,[],2,[],2019-01-20 23:25:46,0.0,0,0,6476969,2019-01-20 23:25:46,,0.0,0.0,0,,0.0,0.0,0.0,131
1,[],4,[],2019-02-25 20:49:32,4558.88664889,0.00016001,0.000000006121710583,6786104,2019-02-25 20:49:32,btc,1.6432534536767671,0.0,0.00016001,btc,320.0767349,0.0,0.0087097550733931,135
1,[],3,[],2019-02-25 20:49:33,1226190.95018509,0.00000004,0.000000000001530332,6786105,2019-02-25 20:49:33,btc,0.6748493114442654,87465.0241667,0.00000004,btc,2369205.28264165,0.0,0.040252027337035,136
1,[],4,[],2019-02-25 20:49:34,262139.90254021,0.00000153,0.000000000058535199,6786106,2019-02-25 20:49:34,btc,38.57736606453208,0.0,0.00000153,btc,654903.3370643,0.03533702,0.0729329282671612,137
1,[],12,[],2019-02-25 20:49:35,293635.42624109,0.000001529999999999999962528346615642238504051420022733509540557861328125,0.000000000058535199,6786107,2019-02-25 20:49:35,btc,11807.601148469934,0.0,0.000001529999999999999962528346615642238504051420022733509540557861328125,btc,125530.06109106,0.0052926075024668,0.0182721000000036,137
1,[],4,[],2019-02-25 20:49:36,206443.12576997,0.00004000,0.000000001530332,6786108,2019-02-25 20:49:36,btc,29.247674246584207,0.0,0.00004000,btc,46813.32224825,0.73659292,0.5982985939608083,142
1,[],5,[],2019-02-25 20:49:38,0.0,0,0,6786109,2019-02-25 20:49:38,btc,0.0,0.18768396,0,btc,0.0,0.0,0.0,142
1,[],17,[],2019-02-25 20:49:49,22967.386363640002,0.00000088,0.000000000033667304,6786110,2019-02-25 20:49:49,btc,20.0699133484,0.0,0.00000088,btc,405.079105,0.0,0.0104613000000032,142
1,[],20,[],2019-02-25 20:49:51,133310.9826,0.000045043,0.0000000017232686069,6786111,2019-02-25 20:49:51,btc,0.5019588885584,0.0,0.000045043,btc,3876.6846,0.0,0.2356579130972,142
1,[],22,[],2019-02-25 20:49:55,1685.8988921568628,0.00004000,0.000000001530332,6786112,2019-02-25 20:49:55,BTC,3.00385504,0.0,0.00004000,BTC,891.218,0.0,0.00174536,142
0.0,[],25,[],2019-02-25 20:51:27,0.0,0,0,6786113,2019-02-25 20:51:27,,0.0,0.0,0.0,btc,0.0,0.0,0.0,142
1,[],28,[],2019-02-25 20:51:33,76772.0,0.00004500,0.0000000017216235,6786114,2019-02-25 20:51:33,btc,0.0866109227,769.0,0.00004500,btc,790.5355,0.0,0.0338472,142
0,[],22,[],2019-02-25 20:51:39,0.0,0,0,6786115,2019-02-25 20:51:39,,60.80280694,0.0,0,,704341446.3,0.0,0.0,143
0,[],22,[],2019-02-25 15:42:22,0.0,0,0,6783783,2019-02-25 15:42:22,,4.2131946,0.0,0,,2322156.0,0.0,0.0,146
,[],22,[],2018-11-20 23:01:11,0.0,0,0,4862114,2018-11-20 23:01:11,,2.56807021,0.0,,,61828.4988236,0.0,0.0,147
1,[],12,[],2019-02-25 20:51:41,219495.21359764,0.00000252000000000000001302018388937842274799550068564713001251220703125,0.000000000096410916,6786116,2019-02-25 20:51:41,btc,16.285149705456558,0.0,0.00000252000000000000001302018388937842274799550068564713001251220703125,btc,116871.95764188,0.0006826757029434,0.0284103199999945,148
1,[],4,[],2019-02-25 20:51:42,251505.57134223,0.00000036,0.000000000013772988,6786117,2019-02-25 20:51:42,btc,219.96360412859246,0.0,0.00000036,btc,790084.43190714,0.00181388,0.0603773038136833,152
0,[],22,[],2019-02-25 20:51:45,0.0,0,0,6786118,2019-02-25 20:51:45,,0.0,0.0,0,,0.0,0.0,0.0,152
1,[],5,[],2019-02-25 20:51:46,0.0,0,0,6786119,2019-02-25 20:51:46,btc,0.0,0.0,0,btc,0.0,0.0,0.0,153
,[],16,[],2019-01-11 15:38:59,0.0,0,0,6366141,2019-01-11 15:38:59,btc,0.0,0.0,,btc,0.0,0.0,0.0,155
0,[],22,[],2019-02-25 20:51:48,0.0,0,0,6786120,2019-02-25 20:51:48,,6.74832201,0.0,0,,4646626.742592593,0.0,0.0,156
0,[],23,[],2019-01-20 23:24:29,0.0,0,0,6476932,2019-01-20 23:24:29,,0.0,0.0,0,,0.0,0.0,0.0,156
1,[],22,[],2019-02-25 20:51:52,7073.8,0.00005300,0.0000000020276899,6786121,2019-02-25 20:51:52,BTC,1.80343699,0.0,0.00005300,BTC,899.6422341958436,0.0,0.00104336,157
0,[],22,[],2019-02-25 20:51:54,0.0,0,0,6786122,2019-02-25 20:51:54,,50175.68008609,0.0,0,,54479136.04179466,0.0,0.0,158
,[],17,[],2018-11-20 22:56:10,0.0,0,0,4861976,2018-11-20 22:56:10,btc,1.1265625,0.0,,btc,1000.0,0.0,0.0,159
,[],20,[],2018-11-20 22:56:12,0.0,0,0,4861977,2018-11-20 22:56:12,btc,11912.7940471,0.0,,btc,34413894.3617,0.0,0.0,159
1,[],12,[],2019-02-25 20:51:56,182028.88691275,0.000008450000000000000411714932979645453769990126602351665496826171875,0.000000000323282635,6786123,2019-02-25 20:51:56,btc,6.64176326033441,0.0,0.000008450000000000000411714932979645453769990126602351665496826171875,btc,13563.75286293,0.0034581162573758,0.0937813098757778,168
1,[],17,[],2019-02-25 19:44:53,29784.95,0.000001,0.000000000038617399999999997,6785733,2019-02-25 19:44:53,btc,0.03026736251542,0.0,0.000001,btc,144.46171372,0.0,0.00716147,168
1,[],22,[],2019-02-25 20:52:10,262482.0,0.00000001,0.000000000000382583,6786124,2019-02-25 20:52:10,BTC,1.14695792,0.0,0.00000001,BTC,779972.8900917594,0.0,0.00262482,169
1,[],22,[],2019-02-25 20:52:14,234995.5,0.00000018,0.000000000006886494,6786125,2019-02-25 20:52:14,BTC,13.2557958,0.0,0.00000018,BTC,151006.2939341018,1.6e-05,0.00829919,171
1,[],22,[],2019-02-25 20:52:18,41597.0,0.00000008,0.000000000003060664,6786126,2019-02-25 20:52:18,BTC,2.19965126,0.0,0.00000008,BTC,241653.108041078,0.0,0.00096143,173
1,[],5,[],2019-02-25 20:52:19,0.0,0,0,6786127,2019-02-25 20:52:19,btc,0.0,0.04287233,0,btc,0.0,0.0,0.0,175
1,[],22,[],2019-02-25 20:52:22,45904.0,0.0000003,0.00000000001147749,6786128,2019-02-25 20:52:22,BTC,0.52955903,0.0,0.0000003,BTC,143368.41384013777,0.0,0.0052148,176
1,[],7,[],2019-02-25 20:52:24,0.0,0,0,6786129,2019-02-25 20:52:24,btc,410932.5281358376,0.0,0,btc,117881559.31901672,0.0,0.0,178
0,[],22,[],2019-02-25 20:52:27,0.0,0,0,6786130,2019-02-25 20:52:27,,1.00242428,0.0,0,,57512.0,0.0,0.0,178
0,[],2,[],2019-01-20 23:28:34,0.0,0,0,6477001,2019-01-20 23:28:34,,0.0,0.0,0,,0.0,0.0,0.0,178
1,[],5,[],2019-02-25 20:52:29,0.0,0,0,6786131,2019-02-25 20:52:29,btc,0.0,0.30781592,0,btc,0.0,0.0,0.0,179
1,[],22,[],2019-02-25 20:52:33,7061490.0,0.00000003,0.000000000001147749,6786132,2019-02-25 20:52:33,BTC,5.63524981,0.0,0.00000003,"BTC,LTC",17162072.301989965,0.00227333,0.38172614,179
0,[],23,[],2019-01-20 23:25:08,0.0,0,0,6476952,2019-01-20 23:25:08,,0.0,0.0,0,,0.0,0.0,0.0,179
0.0000000001185898,[],22,[],2019-02-25 20:52:49,128605.4,1.185898e-17,4.53704414534e-22,6786133,2019-02-25 20:52:49,LTC,0.19836066,0.0,0.0000001,LTC,59391.07953717361,0.0,0.00130544,180
1,[],26,[],2019-02-25 20:52:49,0.0,0.00000100,0.0000000000382583,6786134,2019-02-25 20:52:49,btc,0.0,0.0,0.00000100,btc,0.0,0.0,0.0,180
1,[],17,[],2019-02-25 19:54:41,10504.725,0.0000001,0.00000000000385813,6785935,2019-02-25 19:54:41,btc,5.2010695838170005,0.0,0.0000001,btc,4994.45945,0.0,0.0010504725,180
,[],7,[],2018-11-20 22:58:01,562227.975654,0.00000085,0.000000000036176765,4862015,2018-11-20 22:58:01,btc,21836.6059674,2491.87645172,,btc,749999.041456,0.00211021,0.127565380455,183
,[],5,[],2019-01-10 08:11:41,0.0,0,0,6347036,2019-01-10 08:11:41,btc,82.15055501,0.00261,,btc,1.19002445,0.0,0.0,187
1,[],24,[],2019-02-25 20:52:49,0.0,0.000000000001,3.82583e-17,6786135,2019-02-25 20:52:49,btc,0.0,0.0,0.000000000001,btc,0.0,0.0,0.0,187
,[],17,[],2018-11-16 20:58:10,4062536.27273,0.00000001,0.000000000000550501,4708775,2018-11-16 20:58:10,btc,3.36492563466,0.195460381006,,"btc,eth",110697919.549,0.0,0.0157628953496,187
0,[],22,[],2019-02-25 10:59:45,0.0,0,0,6781186,2019-02-25 10:59:45,,1.19374396,0.0,0,,16308.869534405507,0.0,0.0,191
0,[],22,[],2019-02-25 20:52:54,0.0,0,0,6786136,2019-02-25 20:52:54,,0.0,0.0,0,,0.0,0.0,0.0,197
0,[],23,[],2019-01-20 23:31:41,0.0,0,0,6477079,2019-01-20 23:31:41,,0.0,0.0,0,,0.0,0.0,0.0,199
0,[],22,[],2019-02-25 20:52:58,0.0,0,0,6786137,2019-02-25 20:52:58,,5.19477622,0.0,0,,21058553.0,0.0,0.0,199
1,[],26,[],2019-02-25 20:52:58,0.0,0.00000000,0,6786138,2019-02-25 20:52:58,btc,0.0,0.0,0.00000000,btc,0.0,0.0,0.0,199
0,[],17,[],2019-01-30 16:32:01,0.0,0,0,6540827,2019-01-30 16:32:01,btc,6.802544163788159,0.0,0,btc,105897.55575295,0.0,0.0,200
0,[],2,[],2019-01-20 23:30:49,0.0,0,0,6477059,2019-01-20 23:30:49,,0.0,0.0,0,,0.0,0.0,0.0,201
1,[],4,[],2019-01-25 15:51:35,2084389.58565343,0.00000936,0.000000000333526752,6499557,2019-01-25 15:51:35,btc,2.0092503037378524,0.0,0.00000936,btc,160195.80207885,0.19272417,1.242687955921835,211
1,[],7,[],2019-02-25 20:53:02,4419997.80033328,0.000001309999999999999951307938332589753116508290986530482769012451171875,0.000000000050118372999999995,6786139,2019-02-25 20:53:02,btc,15476655.401341463,242289.101436,0.000001309999999999999951307938332589753116508290986530482769012451171875,btc,13166929.80301795,0.32415841,3.443102591297405,212
1,[],5,[],2019-02-25 20:53:03,0.0,0,0,6786140,2019-02-25 20:53:03,btc,0.0,0.39029232,0,btc,0.0,0.0,0.0,213
1,[],24,[],2019-02-25 20:53:03,0.0,0.000000100000,0.00000000000382583,6786141,2019-02-25 20:53:03,btc,0.0,0.0,0.000000100000,btc,0.0,0.0,0.0,213
1,[],26,[],2019-02-25 20:53:03,0.0,0.00000009,0.000000000003443247,6786142,2019-02-25 20:53:03,btc,0.0,0.0,0.00000009,btc,0.0,0.0,0.0,213
1,[],12,[],2019-01-25 02:44:32,207462.42853209,0.000001080000000000000035831255497387193287295303889550268650054931640625,0.000000000038610756000000006,6493050,2019-01-25 02:44:32,btc,85023.03793723314,0.0,0.000001080000000000000035831255497387193287295303889550268650054931640625,btc,43675.73520027,0.000146250909087,0.0348620860622024,213
1,[],22,[],2019-02-25 20:53:07,104891.0,0.00000001,0.000000000000382583,6786143,2019-02-25 20:53:07,BTC,2.22001282,0.0,0.00000001,BTC,449232.1963726171,9.6e-07,0.00104891,216
1,[],27,[],2019-02-25 20:53:10,1303102.005988,0.00000008,0.000000000003060664,6786144,2019-02-25 20:53:10,btc,311.82590671644,10.0,0.00000008,"btc,ltc",218537.901,9.487184000000001e-13,0.034105550419373465,216
1,[],22,[],2019-02-25 20:53:14,251736.4667325441,0.00000215,0.000000000082255345,6786145,2019-02-25 20:53:14,BTC,12673.58466803,0.0,0.00000215,BTC,379782.3367062892,0.0052675,0.35683514,217
1,[],7,[],2019-02-25 20:53:16,0.0,0,0,6786146,2019-02-25 20:53:16,btc,77969.77488735563,0.0,0,btc,137043486.5550253,0.0,0.0,219
0,[],27,[],2019-02-25 20:53:17,0.0,0,0,6786147,2019-02-25 20:53:17,,0.0740438339680921,0.0,0,btc,1536429.20709513,0.0,0.0,219
0.0000000000000052,[],28,[],2019-02-25 20:53:19,168298810.197,5.200104e-18,1.989471388632e-22,6786148,2019-02-25 20:53:19,doge,83883.3352434475,15067.0,0.00100002,"btc,doge",4823713.77951,0.0,1.128533954447588e-11,219
1,[],22,[],2019-02-25 20:53:23,40665.0,0.00000001,0.000000000000382583,6786149,2019-02-25 20:53:23,BTC,3.01261816,0.0,0.00000001,BTC,128714.27041875875,0.01215006,0.00040665,221
1,[],24,[],2019-02-25 20:53:23,0.0,0.000000200000,0.00000000000765166,6786150,2019-02-25 20:53:23,btc,0.0,0.0,0.000000200000,btc,0.0,0.0,0.0,221
1,[],20,[],2019-02-25 20:53:25,42838652.0989,0.000000001,0.0000000000000382583,6786151,2019-02-25 20:53:25,btc,48.0248708379449,744234.6233,0.000000001,btc,10968756.3145,0.0013842346232,0.0428386520989,224
0,[],22,[],2019-02-25 20:53:27,0.0,0,0,6786152,2019-02-25 20:53:27,,0.0,0.0,0,,0.0,0.0,0.0,224
1,[],26,[],2019-02-25 20:53:28,0.0,0.00000035,0.000000000013390405,6786153,2019-02-25 20:53:28,btc,0.0,0.0,0.00000035,btc,0.0,0.0,0.0,231
1,[],26,[],2019-02-25 20:53:28,0.0,0.00000006,0.000000000002295498,6786154,2019-02-25 20:53:28,btc,0.0,100.0,0.00000006,btc,0.0,0.0,0.0,234
0.00000000035755490000000003,[],27,[],2019-02-25 20:53:30,2000.0,3.575549e-18,1.367944263067e-22,6786155,2019-02-25 20:53:30,eth,0.0113483662182,0.0,0.00000001,"btc,eth",11462.99618,0.0,7.151098000000001e-15,234
1,[],4,[],2019-02-25 20:53:31,921540.48708618,0.00000089,0.000000000034049887,6786156,2019-02-25 20:53:31,btc,4.446249853881244,0.0,0.00000089,btc,1044315.99456914,0.07986433,0.3263762102147532,236
1,[],24,[],2019-02-25 20:53:31,0.0,0.000000300000,0.00000000001147749,6786157,2019-02-25 20:53:31,btc,0.0,0.0,0.000000300000,btc,0.0,0.0,0.0,236
1,[],20,[],2019-02-25 20:53:33,68685787.1185,0.000000052,0.0000000000019894316,6786158,2019-02-25 20:53:33,btc,10.1468240996696,30933478.087,0.000000052,btc,45817736.4675,1.7981213077099,0.3643485990794,237
0.0000000001185898,[],22,[],2019-02-25 20:53:36,14400.0,1.185898e-17,4.53704414534e-22,6786159,2019-02-25 20:53:36,LTC,0.0405823,0.0,0.0000001,LTC,3164.0,0.0,0.00144,237
1,[],4,[],2019-02-25 20:53:37,6736283.21328858,0.00000032,0.000000000012242656,6786160,2019-02-25 20:53:37,btc,5.900337289266349,0.0,0.00000032,btc,9355628.09767437,0.25207656,1.413557242774223,238
1,[],5,[],2019-02-25 20:53:37,0.0,0,0,6786161,2019-02-25 20:53:37,btc,0.0,0.08775357,0,btc,0.0,0.0,0.0,238
0,[],22,[],2019-02-25 20:53:41,0.0,0,0,6786162,2019-02-25 20:53:41,,0.41356282,0.0,0,,316008.5639027493,0.0,0.0,249
0.0000000001185898,[],22,[],2019-02-25 20:53:44,7121097.666666667,3.557694e-18,1.361113243602e-22,6786163,2019-02-25 20:53:44,LTC,0.52925409,0.0,0.00000003,LTC,19096234.09,4.65019067352e-12,0.21263595,252
1,[],28,[],2019-02-25 20:53:46,3829503.592,0.00000013,0.000000000004973579,6786164,2019-02-25 20:53:46,btc,164693.6756861124,250711.46,0.00000013,btc,896721.7684,0.0,0.24118444114,256
1,[],22,[],2019-02-25 20:53:50,1057264.0,0.00000001,0.000000000000382583,6786165,2019-02-25 20:53:50,BTC,31.43605766,0.0,0.00000001,BTC,552637.8076914564,4.5e-06,0.01057264,258
1,[],22,[],2019-02-25 20:53:57,48751.0,0.00000001,0.000000000000382583,6786166,2019-02-25 20:53:57,BTC,2.4175745,0.0,0.00000001,BTC,1762.0,0.0,0.00048751,259
1,[],5,[],2019-02-25 20:53:58,0.0,0,0,6786167,2019-02-25 20:53:58,btc,0.0,0.29811708,0,btc,0.0,0.0,0.0,264
1,[],20,[],2019-02-25 20:54:00,1227090.3088,0.000002052,0.0000000000785060316,6786168,2019-02-25 20:54:00,btc,7.3588594755028,114433.1447,0.000002052,btc,98280.9586,0.3417169137794,0.0296769219968,264
1,[],22,[],2019-02-25 20:54:03,5321.0,0.00000001,0.000000000000382583,6786169,2019-02-25 20:54:03,BTC,8.43386745,0.0,0.00000001,BTC,422962.8107878143,0.00012843,5.321e-05,271
0,[],22,[],2019-02-25 20:54:06,0.0,0,0,6786170,2019-02-25 20:54:06,,259.53594233,0.0,0,,14416281437.9,0.0,0.0,272
0.0000000000000052,[],28,[],2019-02-25 20:54:07,197633605161.991,4.108e-21,1.5716509640000001e-25,6786171,2019-02-25 20:54:07,doge,21973859.39352253,59026880655.058,0.00000079,doge,226110215044.8808,0.0,4.878750565063555e-10,272
1,[],22,[],2019-02-25 20:54:12,114621.74,0.00000111,0.000000000042466713,6786172,2019-02-25 20:54:12,BTC,74.32224932,0.0,0.00000111,"BTC,LTC",8370.487639773188,1.108e-05,0.04331897,281
1,[],22,[],2019-02-25 20:54:17,864113.5,0.00000002,0.000000000000765166,6786173,2019-02-25 20:54:17,BTC,1.33136171,0.0,0.00000002,BTC,128490.66554551729,0.00116274,0.01715015,286
0,[],22,[],2019-02-25 20:54:19,0.0,0,0,6786174,2019-02-25 20:54:19,,43634.52001853,0.0,0,,419066696.0,0.0,0.0,294
