pairValue,buyBook,exchangeId,sellBook,updated,buyTotal,satoshiPrice,usdPrice,exchangeLogId,created,bestPair,sellTotalBtc,volume,pairPrice,activePairs,sellTotal,volumeBtc,buyTotalBtc,coinId
1,[],3,[],2019-03-20 06:44:08,31045.04322846665,0.01320644999999999978645970344359739101491868495941162109375,0.0000005283689341800001,6986007,2019-03-20 06:44:08,btc,60.15026136803154,6.9856872e-05,0.01320644999999999978645970344359739101491868495941162109375,btc,24.602620021684,0.0,0.39466654583723987,1
1,[],4,[],2019-03-20 06:44:09,207753.72466529,0.01311144,0.000000524567736096,6986008,2019-03-20 06:44:09,btc,13.635981642281521,0.0,0.01311144,btc,261.65637643,1.36033003,1.1630981143858248,1
1,[],5,[],2019-03-20 06:44:12,0.0,0,0,6986009,2019-03-20 06:44:12,btc,0.0,0.00495191,0,btc,0.0,0.0,0.0,1
1,[],10,[],2019-03-20 06:44:14,413701.44082326,0.01131001,0.00000045249540408400006,6986010,2019-03-20 06:44:14,btc,6521.976975377839,1798.98114121,0.01131001,btc,907.84904191,0.0,4.828706156095433,1
1,[],12,[],2019-03-20 06:44:17,51.3989422,0.013209999999999999520383653361932374536991119384765625,0.000000528510964,6986011,2019-03-20 06:44:17,btc,0.1827041057188,0.0,0.013209999999999999520383653361932374536991119384765625,btc,13.24998839,0.0381102163928,0.3801072114716,1
1,[],20,[],2019-03-20 06:44:20,1152.6081,0.01070001,0.000000428090280084,6986012,2019-03-20 06:44:20,btc,0.0423738248054,0.0,0.01070001,btc,1.8879,0.0,0.0974182203341,1
1,[],21,[],2019-03-20 06:44:21,2628.49096917,0.01325957999999999997742250457,0.0000005304945804720001,6986013,2019-03-20 06:44:21,btc,46.93275813961445,10666.76812191,0.013259579999999999977422504571222816593945026397705078125,"btc,eth",4489.46868778,123.76593696109815,28.06792818981372,1
1,[],22,[],2019-03-20 06:44:25,0.07686088253968254,0.01260000,0.00000050410584,6986014,2019-03-20 06:44:25,BTC,0.31439419,0.0,0.01260000,BTC,0.12751438772928525,0.0,0.00096785,1
1,[],24,[],2019-03-20 06:44:25,0.0,0.000000000000,0,6986015,2019-03-20 06:44:25,btc,0.0,0.0,0.000000000000,btc,0.0,0.0,0.0,1
0.0,[],25,[],2019-03-20 06:46:26,0.0,0,0,6986016,2019-03-20 06:46:26,btc,36.49119999788274,0.0,0.0,btc,2686.86592767,0.0,0.0,1
1,[],26,[],2019-03-20 06:46:27,0.0,0,0,6986017,2019-03-20 06:46:27,,0.0,0.0,0,,0.0,0.0,0.0,1
1,[],28,[],2019-03-20 06:46:35,992.9,0.01231000,0.000000492503404,6986018,2019-03-20 06:46:35,btc,0.151703079,18219.16,0.01231000,btc,8.184,0.0,0.086101096,1
0,[],2,[],2019-01-20 23:28:45,0.0,0,0,6477011,2019-01-20 23:28:45,,0.0,0.0,0,,0.0,0.0,0.0,1
1,[],5,[],2019-03-20 06:46:37,0.0,0,0,6986019,2019-03-20 06:46:37,btc,0.0,0.01042585,0,btc,0.0,0.0,0.0,2
0.0000000001319687,[],22,[],2019-03-20 06:46:40,1148.0,1.4516557e-16,5.8078421907880006e-21,6986020,2019-03-20 06:46:40,XMR,21.02425527,0.0,0.00000110,XMR,24942.398537272726,0.0,0.00087635,2
1,[],5,[],2019-03-20 06:46:42,0.0,0,0,6986021,2019-03-20 06:46:42,btc,0.0,0.13447096,0,btc,0.0,0.0,0.0,3
1,[],12,[],2019-03-20 06:46:44,2351225.84180666,0.000000192,0.0000000000076816128,6986022,2019-03-20 06:46:44,btc,23469.01277801757,0.0,0.000000192,btc,1747535.6054354,0.07368389662320685,0.3249610739063188,3
0,[],28,[],2019-03-20 06:46:50,0.0,0,0,6986023,2019-03-20 06:46:50,,0.0,0.0,0,,0.0,0.0,0.0,3
0,[],2,[],2019-01-20 23:31:32,0.0,0,0,6477077,2019-01-20 23:31:32,,0.0,0.0,0,,0.0,0.0,0.0,4
1,[],4,[],2019-03-20 06:46:51,350272.09879278,0.00000030,0.000000000012002520000000001,6986024,2019-03-20 06:46:51,btc,32.066716819740336,0.0,0.00000030,btc,696508.86156696,0.00640155,0.0338555554037948,4
1,[],12,[],2019-03-20 06:46:52,354222.0,0.00000001,0.00000000000040008400000000003,6986025,2019-03-20 06:46:52,btc,1111853.28764215,0.0,0.00000001,btc,767598.0,0.0008211998001998,0.00354222,5
0,[],2,[],2019-01-20 23:31:51,0.0,0,0,6477087,2019-01-20 23:31:51,,0.0,0.0,0,,0.0,0.0,0.0,6
1,[],11,[],2019-03-20 06:46:54,3387507.66422,0.00000001,0.00000000000040008400000000003,6986026,2019-03-20 06:46:54,btc,9574.354910298487,882000.0,0.00000001,btc,43549534.90528502,0.0,0.0338750766422,6
1,[],3,[],2019-03-20 06:46:56,1124.411030973246,0.00016002999999999999755466439932405364743317477405071258544921875,0.000000006402544252,6986027,2019-03-20 06:46:56,btc,29.634654231634162,0.0,0.00016002999999999999755466439932405364743317477405071258544921875,btc,241.020514578101,0.0,0.04031204318425566,7
1,[],4,[],2019-03-20 06:46:57,104791.06355785,0.00023550,0.000000009421978200000001,6986028,2019-03-20 06:46:57,btc,12.999951912141437,0.0,0.00023550,btc,46434.46968198,3.10366636,11.066540252649528,7
1,[],5,[],2019-03-20 06:46:58,0.0,0,0,6986029,2019-03-20 06:46:58,btc,0.0,0.24396985,0,btc,0.0,0.0,0.0,7
1,[],20,[],2019-02-20 02:16:17,39399275.8418,0.000000001,0.0000000000000390183,6728586,2019-02-20 02:16:17,btc,116.9737569154545,525.0,0.000000001,btc,56932965.8895,5.25e-07,0.0393992758418,8
1,[],4,[],2019-03-20 06:47:00,2361254.44385138,0.00000157,0.000000000062813188,6986030,2019-03-20 06:47:00,btc,6.932129980022328,0.0,0.00000157,btc,3171179.82616241,0.93226089,2.5749971775969165,9
1,[],28,[],2019-03-20 06:47:06,26837.0,0.00000160,0.00000000006401344,6986031,2019-03-20 06:47:06,btc,2708.775595772023,3563740.13,0.00000160,btc,20316.2673,0.0,0.0155039,9
0,[],2,[],2019-01-20 23:22:42,0.0,0,0,6476876,2019-01-20 23:22:42,,0.0,0.0,0,,0.0,0.0,0.0,9
0,[],23,[],2019-01-20 23:22:48,0.0,0,0,6476878,2019-01-20 23:22:48,,0.0,0.0,0,,0.0,0.0,0.0,9
1,[],1,[],2019-02-17 23:31:42,1822507.21,0.00000181000000000000003456111265232042484285557293333113193511962890625,0.000000000066086901,6701244,2019-02-17 23:31:42,btc,3.6990969245,17153386.5,0.00000181000000000000003456111265232042484285557293333113193511962890625,btc,1997391.71,31.11772986,3.2610482446,9
1,[],4,[],2019-02-17 11:22:43,4341674.27126056,0.00000002,0.0000000000007272960000000001,6696112,2019-02-17 11:22:43,btc,0.1997230937751353,0.0,0.00000002,btc,4109766.79808031,0.00215132,0.0479381022052112,10
1,[],4,[],2019-03-20 06:47:08,5285066.72399324,0.00000175,0.0000000000700147,6986032,2019-03-20 06:47:08,btc,13.159198709036968,0.0,0.00000175,btc,5271771.74882767,3.64418245,5.9627517715428855,12
1,[],5,[],2019-03-20 06:47:10,0.0,0,0,6986033,2019-03-20 06:47:10,btc,0.0,0.20405255,0,btc,0.0,0.0,0.0,12
0.0,[],25,[],2019-03-20 06:47:12,0.0,0,0,6986034,2019-03-20 06:47:12,,0.0,0.0,0.0,btc,0.0,0.0,0.0,12
0,[],2,[],2019-01-20 23:23:08,0.0,0,0,6476890,2019-01-20 23:23:08,,0.0,0.0,0,,0.0,0.0,0.0,12
1,[],4,[],2019-03-20 06:47:13,32922891.57507749,0.00001077,0.00000000043089046800000004,6986035,2019-03-20 06:47:13,btc,3.5767618416691573,0.0,0.00001077,btc,262806.62821977,2.35472135,1.3878389591195213,13
1,[],10,[],2019-03-20 06:47:15,481484.86696143,0.00001088,0.000000000435291392,6986036,2019-03-20 06:47:15,btc,666776.2722085138,25743.5007071,0.00001088,btc,633848.36782307,0.0,0.651361635880447,13
1,[],21,[],2019-03-20 06:47:16,1293255.88184819,0.00001109000000000000054635983238,0.00000000044369315600000003,6986037,2019-03-20 06:47:16,btc,13.45099302450047,2035973.69129176,0.00001109000000000000054635983237627527842050767503678798675537109375,btc,1054655.56079627,22.94714241,13.073516738048749,13
1,[],4,[],2019-03-20 06:47:18,1172605.15203335,0.00000098,0.000000000039208232,6986038,2019-03-20 06:47:18,btc,5.64982868002151,0.0,0.00000098,btc,971552.09792813,0.05172057,0.2261004160722033,14
1,[],12,[],2019-03-20 06:47:18,303561.0,0.00000069,0.000000000027605796,6986039,2019-03-20 06:47:18,btc,0.0560460472702452,0.0,0.00000069,btc,13799.95186185,0.0,0.032130399999999996,14
0,[],17,[],2019-03-20 06:47:20,0.0,0,0,6986040,2019-03-20 06:47:20,btc,0.0,0.0,0,btc,0.0,0.0,0.0,14
1,[],26,[],2019-03-20 06:47:21,0.0,0.00000050,0.0000000000200042,6986041,2019-03-20 06:47:21,btc,0.0,0.0,0.00000050,btc,0.0,0.0,0.0,14
0,[],4,[],2019-03-20 06:47:21,0.0,0,0,6986042,2019-03-20 06:47:21,,0.0,0.0,0,,0.0,0.0,0.0,15
,[],12,[],2018-12-01 15:15:48,204241.84496,0.00000489,0.000000000202473384,5260204,2018-12-01 15:15:48,btc,49.5475654835,0.0,,btc,35763.2193806,0.0163153972027625,0.0203389899998,15
1,[],4,[],2019-03-20 06:47:23,74204.04025559,0.00001562,0.0000000006249312080000001,6986043,2019-03-20 06:47:23,btc,1.1045452565983103,0.0,0.00001562,btc,18244.91900231,0.04907694,0.0473231928989942,18
1,[],10,[],2019-03-20 06:47:25,786490.38646794,0.0000162,0.0000000006481360800000001,6986044,2019-03-20 06:47:25,btc,15.401787160404494,28280.5380487,0.0000162,btc,13150.8809709,0.0,0.1745977969263547,18
1,[],12,[],2019-03-20 06:47:26,338415.25664597,0.00001544000000000000124948662527657461396302096545696258544921875,0.0000000006177296960000001,6986045,2019-03-20 06:47:26,btc,33214.73027148059,0.0,0.00001544000000000000124948662527657461396302096545696258544921875,btc,954.9500686,0.0104841598302963,0.0601812981983011,18
0,[],17,[],2019-03-20 06:47:28,0.0,0,0,6986046,2019-03-20 06:47:28,btc,0.0,0.0,0,btc,0.0,0.0,0.0,18
0,[],2,[],2019-01-20 23:23:38,0.0,0,0,6476906,2019-01-20 23:23:38,,0.0,0.0,0,,0.0,0.0,0.0,18
1,[],3,[],2019-03-20 06:47:30,119980.69962392277,0.0000222899999999999983454727903176006975627387873828411102294921875,0.000000000891787236,6986047,2019-03-20 06:47:30,btc,0.6663200906237937,236.56026303,0.0000222899999999999983454727903176006975627387873828411102294921875,btc,13147.466810408645,0.0,0.05043739258486836,19
1,[],4,[],2019-03-20 06:47:31,218700.03215718,0.00002173,0.000000000869382532,6986048,2019-03-20 06:47:31,btc,4.375434184995112,0.0,0.00002173,btc,105257.39311966,1.3752518,2.3424332487928625,19
1,[],5,[],2019-03-20 06:47:33,0.0,0,0,6986049,2019-03-20 06:47:33,btc,0.0,0.00280585,0,btc,0.0,0.0,0.0,19
1,[],12,[],2019-03-20 06:47:33,388949.56978918,0.00002197999999999999961946238469234771173432818613946437835693359375,0.0000000008793846320000001,6986050,2019-03-20 06:47:33,btc,0.2045777629526313,0.0,0.00002197999999999999961946238469234771173432818613946437835693359375,btc,1911.41543537,0.0078303940401993,0.1129661178260473,19
0,[],27,[],2019-03-20 06:47:37,0.0,0,0,6986051,2019-03-20 06:47:37,,0.0,0.0,0,btc,0.0,0.0,0.0,19
0,[],2,[],2019-01-20 23:24:19,0.0,0,0,6476924,2019-01-20 23:24:19,,0.0,0.0,0,,0.0,0.0,0.0,19
1,[],4,[],2019-03-20 06:47:38,2798182.56801651,0.00000013,0.000000000005201092,6986052,2019-03-20 06:47:38,btc,7.379342187426975,0.0,0.00000013,btc,2861180.63183601,0.0,0.080730943248759,20
1,[],4,[],2019-03-20 06:47:38,90970723.59893596,0.00000001,0.00000000000040008400000000003,6986053,2019-03-20 06:47:38,btc,39561.39720713604,0.0,0.00000001,btc,59151614.10891303,0.00194465,0.9097072359893597,21
1,[],12,[],2019-03-20 06:47:40,2149385.0,0.00000001,0.00000000000040008400000000003,6986054,2019-03-20 06:47:40,btc,2870.5387463704897,0.0,0.00000001,btc,2983683.52447552,0.0002112600999,0.021493850000000002,21
0,[],17,[],2019-03-20 06:47:51,0.0,0,0,6986055,2019-03-20 06:47:51,btc,0.0,0.0,0,btc,0.0,0.0,0.0,21
1,[],12,[],2019-03-20 06:47:52,2487617788.0,0.0000000002,0.000000000000008001680000000001,6986056,2019-03-20 06:47:52,btc,3161697.722254809,0.0,0.0000000002,btc,1450285545.973027,0.07233936424475525,0.2712845284,23
0,[],27,[],2019-03-20 06:47:55,0.0,0,0,6986057,2019-03-20 06:47:55,,13.9750273112066,0.0,0,eth,6313324.08723636,0.0,0.0,23
1,[],4,[],2019-03-20 06:47:56,654465.70238516,0.00000046,0.000000000018403864,6986058,2019-03-20 06:47:56,btc,10.582158991611076,0.0,0.00000046,btc,1640294.10542552,0.0043414,0.1640880973245249,24
1,[],22,[],2019-03-20 06:47:59,11.76,0.00000100,0.0000000000400084,6986059,2019-03-20 06:47:59,BTC,7.415e-05,0.0,0.00000100,BTC,23.919354838709676,0.0,1.176e-05,24
0.0,[],25,[],2019-03-20 06:48:01,0.0,0,0,6986060,2019-03-20 06:48:01,,0.0,0.0,0.0,btc,0.0,0.0,0.0,24
1,[],4,[],2019-03-20 06:48:02,26783461.35334839,0.00000636,0.000000000254453424,6986061,2019-03-20 06:48:02,btc,15.553400197963908,0.0,0.00000636,btc,218484.96572307,0.27866365,0.5843980254908739,26
1,[],10,[],2019-03-20 06:48:04,602754.03789547,0.00000577,0.000000000230848468,6986062,2019-03-20 06:48:04,btc,25.236339000051956,3557.71396485,0.00000577,btc,14702.66420715,0.0,0.1446055141276608,26
0,[],2,[],2019-01-20 23:25:56,0.0,0,0,6476976,2019-01-20 23:25:56,,0.0,0.0,0,,0.0,0.0,0.0,26
1,[],3,[],2019-03-20 06:48:04,10182793.48184747,0.00000001,0.00000000000040008400000000003,6986063,2019-03-20 06:48:04,btc,2.068475478539065,740.0,0.00000001,btc,16314851.26485314,0.0,0.10182793481847471,27
1,[],5,[],2019-03-20 06:48:06,0.0,0,0,6986064,2019-03-20 06:48:06,btc,0.0,5.56e-06,0,btc,0.0,0.0,0.0,27
1,[],11,[],2019-03-20 06:48:08,8317265.91256781,0.00000006,0.000000000002400504,6986065,2019-03-20 06:48:08,btc,67506.08434655161,166333.333333,0.00000006,btc,7789783.7503637,0.0,0.45855516491802245,27
1,[],4,[],2019-03-20 06:48:09,2205425221.421142,0.00000001,0.00000000000040008400000000003,6986066,2019-03-20 06:48:09,btc,3.6173819061200727,0.0,0.00000001,"btc,ltc",283143705.8914662,0.13083962,10.041716765767228,29
1,[],7,[],2019-03-20 06:48:10,35609430.88543586,0.00000001,0.00000000000040008400000000003,6986067,2019-03-20 06:48:10,btc,44461604.31816474,16391.6963037,0.00000001,btc,53448570.76232952,0.00032783,0.35609430885435855,29
1,[],4,[],2019-03-20 06:48:11,4116453.79933822,0.00000018,0.0000000000072015120000000004,6986068,2019-03-20 06:48:11,btc,2.764615880683574,0.0,0.00000018,btc,2197743.65520199,0.00998059,0.1136840637574285,30
0,[],17,[],2019-03-20 05:45:49,0.0,0,0,6985651,2019-03-20 05:45:49,btc,0.0,0.0,0,btc,0.0,0.0,0.0,30
1,[],4,[],2019-03-20 06:48:22,212208.62884962,0.00006266,0.000000002506926344,6986069,2019-03-20 06:48:22,btc,6.672371354987638,0.0,0.00006266,btc,63434.37622285,0.87807093,3.5310407512151722,31
1,[],21,[],2019-03-20 06:48:23,69463.81124842,0.00006284000000000000143388773077,0.000000002514127856,6986070,2019-03-20 06:48:23,btc,5.568783340309791,141436.75700827,0.000062840000000000001433887730772909208099008537828922271728515625,btc,80661.55590889,8.76294853,4.093793028437936,31
0,[],2,[],2019-01-20 23:28:43,0.0,0,0,6477009,2019-01-20 23:28:43,,0.0,0.0,0,,0.0,0.0,0.0,32
1,[],4,[],2019-03-20 06:48:23,393033159.281223,0.00000004,0.0000000000016003360000000001,6986071,2019-03-20 06:48:23,btc,8.693503799303842,0.0,0.00000004,"btc,ltc",172233204.55313882,0.80426711,8.155642274264967,33
1,[],12,[],2019-03-20 06:48:24,30951753.99233333,0.00000004,0.0000000000016003360000000001,6986072,2019-03-20 06:48:24,btc,4233126.536186058,0.0,0.00000004,btc,21845090.64135863,0.000662815704296,0.7384060567199998,33
1,[],4,[],2019-03-20 06:48:24,89453065.08517008,0.00000001,0.00000000000040008400000000003,6986073,2019-03-20 06:48:24,btc,3.2809839056105345,0.0,0.00000001,btc,103627772.14533833,0.02494029,0.8945306508517007,34
1,[],5,[],2019-03-20 06:48:26,0.0,0,0,6986074,2019-03-20 06:48:26,btc,0.0,0.01902457,0,btc,0.0,0.0,0.0,34
0.0000000001471752,[],4,[],2019-03-20 06:48:27,5101680883.826218,1.471752e-18,5.88824427168e-23,6986075,2019-03-20 06:48:27,ltc,4.9996554237851164e-08,0.0,0.00000001,ltc,6317268895.752047,0.0,7.508409044133004e-09,36
1,[],5,[],2019-03-20 06:48:29,0.0,0,0,6986076,2019-03-20 06:48:29,btc,0.0,0.0,0,btc,0.0,0.0,0.0,36
0,[],17,[],2019-03-20 06:48:31,0.0,0,0,6986077,2019-03-20 06:48:31,btc,0.14155809881642087,0.0,0,btc,10796613.27743647,0.0,0.0,36
0.0000000003441407,[],27,[],2019-03-20 06:48:35,992184.46325,3.4414069999999997e-18,1.376851878188e-22,6986078,2019-03-20 06:48:35,eth,223.74951049924783,0.0,0.00000001,"ltc,eth",12177368.61058689,0.0,1.4602497897032927e-12,36
1,[],4,[],2019-03-20 06:48:35,268947.47717323,0.00000061,0.000000000024405124000000002,6986079,2019-03-20 06:48:35,btc,19772.462362820257,0.0,0.00000061,btc,575458.73353679,0.02199001,0.1191170609463859,37
1,[],12,[],2019-03-20 06:48:37,1044152.77888679,0.0000006,0.00000000002400504,6986080,2019-03-20 06:48:37,btc,21.677743830360562,0.0,0.0000006,btc,433767.4905518,0.0863469397552082,0.20049903675599529,37
1,[],17,[],2019-03-20 06:48:38,1752.74075282,0.00000025,0.0000000000100021,6986081,2019-03-20 06:48:38,btc,0.055484923985885164,0.0,0.00000025,btc,1387.19918473,0.0,0.00043818518820499993,37
1,[],27,[],2019-03-20 06:48:42,16356.567,0.00000045,0.00000000001800378,6986082,2019-03-20 06:48:42,btc,24.23826413611233,0.0,0.00000045,btc,6515.38138508,0.0,0.00555227515,37
1,[],5,[],2019-03-20 06:48:43,0.0,0,0,6986083,2019-03-20 06:48:43,btc,0.0,0.0036649,0,btc,0.0,0.0,0.0,42
1,[],12,[],2019-03-20 06:48:44,258695.26320159,0.0000009,0.00000000003600756,6986084,2019-03-20 06:48:44,btc,5.583003452304492,0.0,0.0000009,btc,31780.76361049,0.0132701257021411,0.0189152302685312,42
0.0000000003441407,[],27,[],2019-03-20 06:48:49,2000.0,3.4414069999999997e-18,1.376851878188e-22,6986085,2019-03-20 06:48:49,eth,0.00315028,0.0,0.00000001,"btc,eth",11.007,0.0,6.8828139999999996e-15,42
1,[],5,[],2019-03-20 06:48:50,0.0,0,0,6986086,2019-03-20 06:48:50,btc,0.0,2.57e-05,0,btc,0.0,0.0,0.0,43
0,[],17,[],2019-03-20 06:49:02,0.0,0,0,6986087,2019-03-20 06:49:02,btc,0.0,0.0,0,btc,0.0,0.0,0.0,43
1,[],12,[],2019-03-13 09:13:29,1112112.0,0.00000001,0.000000000000386531,6919902,2019-03-13 09:13:29,btc,29058.00478931866,0.0,0.00000001,btc,5967681.93306694,9.99000999e-07,0.01112112,43
1,[],12,[],2019-03-05 01:54:08,639326.02,0.00000004,0.000000000001486676,6845775,2019-03-05 01:54:08,btc,11116042.728239931,0.0,0.00000004,btc,1103841.4595604,0.0003330765234764,0.014975410599999999,44
1,[],4,[],2019-03-20 06:49:03,298068897.21383953,0.00000002,0.0000000000008001680000000001,6986088,2019-03-20 06:49:03,btc,473.7889244536455,0.0,0.00000002,"btc,ltc",12243262.5310386,0.001796,0.2836136636730353,49
0,[],4,[],2019-03-20 06:49:04,0.0,0,0,6986089,2019-03-20 06:49:04,,25.90165466728814,0.0,0,,8025605271.722058,0.0,0.0,52
0,[],22,[],2019-03-20 06:49:06,0.0,0,0,6986090,2019-03-20 06:49:06,,4428.59026215,0.0,0,,305937213.5359664,0.0,0.0,57
0.0000000003441407,[],27,[],2019-03-20 06:49:17,2000.0,3.4414069999999997e-18,1.376851878188e-22,6986091,2019-03-20 06:49:17,eth,0.0,0.0,0.00000001,eth,0.0,0.0,6.8828139999999996e-15,57
0.0000000001471752,[],4,[],2019-03-20 06:49:18,718114529.6688182,2.943504e-18,1.177648854336e-22,6986092,2019-03-20 06:49:18,ltc,18.6576171993293,0.0,0.00000002,ltc,4663921416.967522,0.0,1.6149108611486801e-09,58
1,[],12,[],2019-03-20 06:49:19,1414891686.0,0.0000000003,0.00000000000001200252,6986093,2019-03-20 06:49:19,btc,5376425.008260859,0.0,0.0000000003,btc,1791062121.2897103,0.002990187678221784,0.3632162059,58
0,[],17,[],2019-03-20 06:49:21,0.0,0,0,6986094,2019-03-20 06:49:21,btc,1e+24,0.0,0,btc,49226522.0897055,0.0,0.0,58
0.0000000001319687,[],22,[],2019-03-20 06:49:24,137438.0,1.319687e-18,5.2798565370800003e-23,6986095,2019-03-20 06:49:24,XMR,69.1795942,0.0,0.00000001,XMR,9887963.0,0.0,0.00137438,58
1,[],5,[],2019-03-20 06:49:26,0.0,0,0,6986096,2019-03-20 06:49:26,btc,0.0,0.02444432,0,btc,0.0,0.0,0.0,61
1,[],22,[],2019-03-20 06:49:28,13656.0,0.00000012,0.000000000004801008,6986097,2019-03-20 06:49:28,BTC,1002.2960049,0.0,0.00000012,BTC,14976.68361146909,0.0,0.00153775,61
1,[],26,[],2019-03-20 06:49:28,0.0,0.00000800,0.0000000003200672,6986098,2019-03-20 06:49:28,btc,0.0,0.0,0.00000800,btc,0.0,0.0,0.0,61
1,[],27,[],2019-03-20 06:49:37,2058.72798,0.00000047,0.000000000018803948,6986099,2019-03-20 06:49:37,btc,2.884958570314132,0.0,0.00000047,"btc,eth",19782.59257617,0.0,0.00016081519349463047,61
1,[],28,[],2019-03-20 06:49:44,13880.304,0.0000005,0.0000000000200042,6986100,2019-03-20 06:49:44,btc,2.056812978300105,846.0,0.0000005,btc,10230.59500005,0.0,0.00566391304,61
1,[],4,[],2019-03-20 06:49:45,1403157.5558162,0.00000234,0.000000000093619656,6986101,2019-03-20 06:49:45,btc,8.90197527454289,0.0,0.00000234,btc,768900.68352954,0.32803935,1.271542309926502,67
0.0,[],25,[],2019-03-20 06:49:47,0.0,0,0,6986102,2019-03-20 06:49:47,,0.0,0.0,0.0,btc,0.0,0.0,0.0,67
1,[],12,[],2019-03-20 06:49:50,760882.7686581,0.00000016,0.0000000000064013440000000006,6986103,2019-03-20 06:49:50,btc,1111615.2272687592,0.0,0.00000016,btc,990624.14297853,0.0098940253696639,0.0563889041918171,71
,[],5,[],2018-11-20 23:02:39,1.5e-07,0.00000005,0.000000000002128045,4862160,2018-11-20 23:02:39,btc,2.84511358,0.0,,btc,0.00036572,0.0,0.07381892,74
1,[],5,[],2019-03-20 06:49:52,0.0,0,0,6986104,2019-03-20 06:49:52,btc,0.0,0.0,0,btc,0.0,0.0,0.0,75
1,[],4,[],2019-03-20 06:49:53,13601665.94081309,0.00000001,0.00000000000040008400000000003,6986105,2019-03-20 06:49:53,btc,11370.017332820591,0.0,0.00000001,btc,39841845.35132191,0.00148983,0.1360166594081309,81
0,[],20,[],2019-01-25 09:30:31,0.0,0,0,6495923,2019-01-25 09:30:31,btc,0.0,0.0,0,btc,0.0,0.0,0.0,81
1,[],4,[],2019-03-20 06:49:54,23302.70605426,0.00007969,0.0000000031882693960000002,6986106,2019-03-20 06:49:54,btc,17.8142043020165,0.0,0.00007969,btc,11214.38716806,0.17229111,0.0549586554595959,82
1,[],21,[],2019-03-20 06:49:55,942351.75184592,0.00007433999999999999636068892528,0.000000002974224456,6986107,2019-03-20 06:49:55,btc,2.4609583876808996,3396.70311752,0.000074339999999999996360688925278736860491335391998291015625,btc,27986.46106275,0.25609905,3.178795509508584,82
0,[],17,[],2019-03-20 06:49:57,0.0,0,0,6986108,2019-03-20 06:49:57,btc,0.0447233088476774,0.0,0,btc,999127.19588126,0.0,0.0,84
0.0000000001471752,[],4,[],2019-03-20 06:49:58,147889140.09334978,4.415256e-18,1.7664732815040002e-22,6986109,2019-03-20 06:49:58,ltc,1.6750569351979405,0.0,0.00000003,ltc,373608195.04711604,0.0,3.137288768022481e-10,85
,[],22,[],2018-11-20 23:09:34,3408.1,0.0000001,0.0000000000041895,4862324,2018-11-20 23:09:34,BTC,0.04624735,0.0,,BTC,4990.0,0.0,0.00033081,86
1,[],22,[],2019-03-20 06:50:01,110870.0,0.00000005,0.00000000000200042,6986110,2019-03-20 06:50:01,BTC,2.83246841,0.0,0.00000005,BTC,194278.94736842104,6e-05,0.0017035,87
1,[],27,[],2019-03-20 06:50:09,50.0,0.00000001,0.00000000000040008400000000003,6986111,2019-03-20 06:50:09,btc,5.061790002021791,0.0,0.00000001,btc,27725.90385964,0.0,5e-07,87
,[],2,[],2018-11-20 23:10:47,0.0,0,0,4862359,2018-11-20 23:10:47,,0.0,0.0,,,0.0,0.0,0.0,88
1,[],11,[],2019-03-20 06:50:11,106250.67413846,0.0001502200000000000084700302327433973914594389498233795166015625,0.000000006010061848000001,6986112,2019-03-20 06:50:11,btc,613.5414163037068,101.61468015,0.0001502200000000000084700302327433973914594389498233795166015625,btc,106707.60119252,0.0,8.254608423321773,89
0,[],2,[],2019-01-20 23:31:45,0.0,0,0,6477083,2019-01-20 23:31:45,,0.0,0.0,0,,0.0,0.0,0.0,91
1,[],12,[],2019-03-20 06:50:12,316915.59917512,0.00000061,0.000000000024405124,6986113,2019-03-20 06:50:12,btc,58.4397103544699,0.0,0.00000061,btc,86191.18029419,0.0012956555100577,0.0311637226999751,91
0,[],17,[],2019-03-20 06:50:14,0.0,0,0,6986114,2019-03-20 06:50:14,btc,0.0,0.0,0,btc,0.0,0.0,0.0,91
1,[],22,[],2019-03-20 06:50:17,65900.0,0.00000001,0.00000000000040008400000000003,6986115,2019-03-20 06:50:17,BTC,3e-06,0.0,0.00000001,BTC,1.0,0.0,0.000659,91
0,[],22,[],2019-03-20 01:44:57,0.0,0,0,6984399,2019-03-20 01:44:57,,3.44097116,0.0,0,,46768900.1,0.0,0.0,95
0.0000000001471752,[],4,[],2019-03-20 06:50:17,543263354.5024052,6.9172344e-17,2.7674748076896e-21,6986116,2019-03-20 06:50:17,ltc,11.887660047947772,0.0,0.00000047,ltc,134568758.15667292,0.0,1.2935878754250395e-09,96
0,[],12,[],2019-03-20 06:50:18,0.0,0,0,6986117,2019-03-20 06:50:18,btc,20.929224016543458,0.0,0,btc,3213544.65434562,7.8921078921e-06,0.0,96
0,[],17,[],2019-03-20 06:50:20,0.0,0,0,6986118,2019-03-20 06:50:20,btc,0.0,0.0,0,btc,0.0,0.0,0.0,96
1,[],4,[],2019-03-20 04:44:53,2495421.30014804,0.00000047,0.000000000018756760000000002,6985339,2019-03-20 04:44:53,btc,5.77571861196082,0.0,0.00000047,btc,3086916.07214179,0.11040638,0.5515486017087559,99
0,[],2,[],2019-01-20 23:23:55,0.0,0,0,6476914,2019-01-20 23:23:55,,0.0,0.0,0,,0.0,0.0,0.0,100
1,[],4,[],2019-03-20 06:50:21,288468.34642343,0.00003512,0.000000001405095008,6986119,2019-03-20 06:50:21,btc,11.183919820156477,0.0,0.00003512,btc,173434.24900501,0.37738073,1.2791195478325983,100
1,[],22,[],2019-03-20 06:50:24,120000.0,0.00000002,0.0000000000008001680000000001,6986120,2019-03-20 06:50:24,BTC,24.82891609,0.0,0.00000002,BTC,11877.22,0.0,0.0014,101
1,[],4,[],2019-03-20 06:50:25,1270186.37683218,0.00000090,0.00000000003600756,6986121,2019-03-20 06:50:25,btc,292.5587224798338,0.0,0.00000090,btc,561034.40584001,0.00467829,0.2212478928321699,103
1,[],12,[],2019-03-20 06:50:28,34503194.0,0.000000007,0.0000000000002800588,6986122,2019-03-20 06:50:28,btc,3219028.8310304782,0.0,0.000000007,btc,68912947.08106612,0.0157121941968032,0.056089991000000006,105
0,[],27,[],2019-03-20 06:50:33,0.0,0,0,6986123,2019-03-20 06:50:33,,36.610186235370406,207322.0,0,btc,1432769.78561724,0.00207322,0.0,105
1,[],22,[],2019-03-20 06:50:36,9328.0,0.00000001,0.00000000000040008400000000003,6986124,2019-03-20 06:50:36,BTC,51.10837004,0.0,0.00000001,BTC,470435.0,0.0,9.328e-05,107
1,[],26,[],2019-03-20 06:50:36,0.0,0.00000000,0,6986125,2019-03-20 06:50:36,btc,0.0,0.0,0.00000000,btc,0.0,0.0,0.0,107
1,[],5,[],2019-03-20 06:50:38,0.0,0,0,6986126,2019-03-20 06:50:38,btc,0.0,0.00630677,0,btc,0.0,0.0,0.0,112
0,[],22,[],2019-03-20 06:50:40,0.0,0,0,6986127,2019-03-20 06:50:40,,2.7812366,0.0,0,,926409.0833333334,0.0,0.0,112
0.0000000003441407,[],27,[],2019-03-20 06:50:45,2000.0,3.4414069999999997e-18,1.376851878188e-22,6986128,2019-03-20 06:50:45,eth,1.24996908,0.0,0.00000001,"btc,eth",1289.0,0.0,6.8828139999999996e-15,112
1,[],4,[],2019-03-20 06:50:46,850108.48227345,0.00000200,0.0000000000800168,6986129,2019-03-20 06:50:46,btc,4.052398717090728,0.0,0.00000200,btc,419007.78951466,0.03683268,0.9104467340140179,113
1,[],5,[],2019-03-20 06:50:47,0.0,0,0,6986130,2019-03-20 06:50:47,btc,0.0,0.00118915,0,btc,0.0,0.0,0.0,113
0,[],27,[],2019-03-20 06:51:08,0.0,0,0,6986131,2019-03-20 06:51:08,,0.0,0.0,0,btc,0.0,0.0,0.0,116
1,[],17,[],2019-03-20 05:57:38,152738.278,0.00000004,0.0000000000016000600000000002,6985895,2019-03-20 05:57:38,btc,1.3368030274766602,0.0,0.00000004,btc,51896.221,0.0,0.0022095311199999998,116
1,[],4,[],2019-03-20 06:51:09,60004.62418863,0.00004318,0.0000000017275627120000001,6986132,2019-03-20 06:51:09,btc,185.33788705607137,0.0,0.00004318,btc,68338.72570848,1.2851047,1.1421439452444684,120
1,[],7,[],2019-03-20 06:51:10,23192.32962686,0.0000311099999999999986028016707440002619478036649525165557861328125,0.000000001244661324,6986133,2019-03-20 06:51:10,btc,115651.27322625306,0.0,0.0000311099999999999986028016707440002619478036649525165557861328125,btc,27786.46884297,0.0,0.0583135165918883,120
1,[],20,[],2019-03-20 06:51:13,1562127.0982,0.000000034,0.0000000000013602856000000001,6986134,2019-03-20 06:51:13,btc,32.3019190406648,9355.159,0.000000034,btc,1028084.0986,0.000318075406,0.0117960626506,125
1,[],22,[],2019-03-20 06:51:16,3053.0,0.00000001,0.00000000000040008400000000003,6986135,2019-03-20 06:51:16,BTC,0.01444887,0.0,0.00000001,BTC,296263.5111111111,0.0,3.053e-05,126
1,[],4,[],2019-03-20 06:51:16,1323340.93818692,0.00001081,0.00000000043249080400000005,6986136,2019-03-20 06:51:16,btc,2.9777053639594717,0.0,0.00001081,btc,125607.87970205,0.24445948,0.2755991282363977,131
0,[],17,[],2019-03-20 06:51:28,0.0,0,0,6986137,2019-03-20 06:51:28,btc,0.0953976503951408,0.0,0,btc,5037.62507334,0.0,0.0,131
0,[],2,[],2019-01-20 23:25:46,0.0,0,0,6476969,2019-01-20 23:25:46,,0.0,0.0,0,,0.0,0.0,0.0,131
1,[],4,[],2019-03-20 06:51:29,4845.40050538,0.00010445,0.00000000417887738,6986138,2019-03-20 06:51:29,btc,7.849998433050613,0.0,0.00010445,btc,230.36418663,0.00856899,0.0205318030308183,135
1,[],3,[],2019-03-07 00:20:44,877702.73244099,0.00000004,0.00000000000154846,6863392,2019-03-07 00:20:44,btc,0.119366241821405,0.0,0.00000004,btc,760637.99421222,0.0,0.023771231960604298,136
1,[],4,[],2019-03-20 06:51:29,104540.74742484,0.00000127,0.000000000050810668,6986139,2019-03-20 06:51:29,btc,38.93624923336562,0.0,0.00000127,btc,614529.6218758,0.73768371,0.0637667974034689,137
1,[],12,[],2019-03-20 06:51:31,150914.708696,0.000001269999999999999910766366496839285815667608403600752353668212890625,0.000000000050810668,6986140,2019-03-20 06:51:31,btc,37.49797206035993,0.0,0.000001269999999999999910766366496839285815667608403600752353668212890625,btc,4278.92795149,0.0047189093691442,0.0115479914311378,137
1,[],4,[],2019-03-20 06:51:32,34322.91371261,0.00003377,0.0000000013510836680000002,6986141,2019-03-20 06:51:32,btc,29.52540245411116,0.0,0.00003377,btc,64614.00774231,1.3176695,0.2206240374298415,142
1,[],5,[],2019-03-20 06:51:34,0.0,0,0,6986142,2019-03-20 06:51:34,btc,0.0,0.02200292,0,btc,0.0,0.0,0.0,142
1,[],17,[],2019-03-20 06:51:36,22967.386363640002,0.00000088,0.000000000035207392,6986143,2019-03-20 06:51:36,btc,20.069913352697217,0.0,0.00000088,btc,2746.079105,0.0,0.0104613000000032,142
1,[],20,[],2019-03-20 06:51:38,141972.7607,0.000036001,0.0000000014403424084,6986144,2019-03-20 06:51:38,btc,0.3357914473812,3.1126,0.000036001,btc,2239.1774,0.0001149636929,0.312191792559,142
1,[],22,[],2019-03-20 06:51:41,1470.2803921568627,0.00001020,0.00000000040808568,6986145,2019-03-20 06:51:41,BTC,3.28105582,0.0,0.00001020,BTC,1189.029318181818,0.0,0.00121106,142
0.0,[],25,[],2019-03-20 06:51:42,0.0,0,0,6986146,2019-03-20 06:51:42,,0.0,0.0,0.0,btc,0.0,0.0,0.0,142
1,[],28,[],2019-03-20 06:51:49,82320.0,0.00001450,0.0000000005801218,6986147,2019-03-20 06:51:49,btc,0.0725844444,47.0,0.00001450,btc,479.55993,0.0,0.0718054,142
0,[],22,[],2019-03-20 06:51:52,0.0,0,0,6986148,2019-03-20 06:51:52,,65.73454167,0.0,0,,1043215670.8,0.0,0.0,143
0,[],22,[],2019-02-25 15:42:22,0.0,0,0,6783783,2019-02-25 15:42:22,,4.2131946,0.0,0,,2322156.0,0.0,0.0,146
,[],22,[],2018-11-20 23:01:11,0.0,0,0,4862114,2018-11-20 23:01:11,,2.56807021,0.0,,,61828.4988236,0.0,0.0,147
1,[],12,[],2019-03-20 05:58:30,356755.67257011,0.00000216000000000000007166251099477438657459060777910053730010986328125,0.00000000008640324,6985913,2019-03-20 05:58:30,btc,9.689384850801146,0.0,0.00000216000000000000007166251099477438657459060777910053730010986328125,btc,107766.52426484,0.0,0.1732499156851286,148
1,[],4,[],2019-03-19 21:31:25,255810.0415942,0.00000029,0.000000000011615747,6982695,2019-03-19 21:31:25,btc,218.94922712414143,0.0,0.00000029,btc,793529.37642722,0.00117,0.0608347789473395,152
0,[],22,[],2019-03-19 21:31:27,0.0,0,0,6982696,2019-03-19 21:31:27,,0.0,0.0,0,,0.0,0.0,0.0,152
1,[],5,[],2019-03-20 06:51:54,0.0,0,0,6986149,2019-03-20 06:51:54,btc,0.0,0.0,0,btc,0.0,0.0,0.0,153
,[],16,[],2019-01-11 15:38:59,0.0,0,0,6366141,2019-01-11 15:38:59,btc,0.0,0.0,,btc,0.0,0.0,0.0,155
0,[],23,[],2019-01-20 23:24:29,0.0,0,0,6476932,2019-01-20 23:24:29,,0.0,0.0,0,,0.0,0.0,0.0,156
0,[],22,[],2019-03-20 06:51:56,0.0,0,0,6986150,2019-03-20 06:51:56,,6.74640151,0.0,0,,4675792.242592593,0.0,0.0,156
1,[],22,[],2019-03-20 06:52:11,7073.8,0.00005300,0.0000000021204452,6986151,2019-03-20 06:52:11,BTC,1.79802465,0.0,0.00005300,BTC,802.6461988741639,0.0,0.00104336,157
0,[],22,[],2019-03-20 06:52:13,0.0,0,0,6986152,2019-03-20 06:52:13,,50175.67608608,0.0,0,,54079135.04179466,0.0,0.0,158
,[],17,[],2018-11-20 22:56:10,0.0,0,0,4861976,2018-11-20 22:56:10,btc,1.1265625,0.0,,btc,1000.0,0.0,0.0,159
,[],20,[],2018-11-20 22:56:12,0.0,0,0,4861977,2018-11-20 22:56:12,btc,11912.7940471,0.0,,btc,34413894.3617,0.0,0.0,159
1,[],12,[],2019-03-20 06:52:14,247438.91723348,0.000007459999999999999725948385265184015224804170429706573486328125,0.000000000298462664,6986153,2019-03-20 06:52:14,btc,12.665227026030689,0.0,0.000007459999999999999725948385265184015224804170429706573486328125,btc,7637.64100875,0.0004928175,0.1214757471321359,168
1,[],17,[],2019-03-20 06:52:20,29784.95,0.000001,0.0000000000400084,6986154,2019-03-20 06:52:20,btc,0.03026736251542,0.0,0.000001,btc,144.46171372,0.0,0.00716147,168
0,[],22,[],2019-03-20 06:52:22,0.0,0,0,6986155,2019-03-20 06:52:22,,45.65709131,0.0,0,,516897.19471078104,0.0,0.0,169
1,[],22,[],2019-03-20 06:52:25,216521.0,0.00000003,0.000000000001200252,6986156,2019-03-20 06:52:25,BTC,14.35315165,0.0,0.00000003,BTC,171077.10365968585,0.0,0.00260443,171
1,[],22,[],2019-03-20 06:52:36,188990.0,0.0000001,0.00000000000400084,6986157,2019-03-20 06:52:36,BTC,1.95435493,0.0,0.0000001,"BTC,LTC",307733.79286585643,0.00058459,0.008339,173
1,[],5,[],2019-03-20 06:52:38,0.0,0,0,6986158,2019-03-20 06:52:38,btc,0.0,0.0001514,0,btc,0.0,0.0,0.0,175
1,[],22,[],2019-03-20 06:52:40,146836.7,0.00000012,0.000000000004801008,6986159,2019-03-20 06:52:40,BTC,0.5287795,0.0,0.00000012,BTC,126421.20308941447,0.00081098,0.01500068,176
1,[],7,[],2019-03-20 06:52:42,0.0,0,0,6986160,2019-03-20 06:52:42,btc,410194.12602742447,4322905.61992,0,btc,44324866.08615756,0.04344707,0.0,178
0,[],22,[],2019-03-20 06:52:51,0.0,0,0,6986161,2019-03-20 06:52:51,,1.00242438,0.0,0,,57522.0,0.0,0.0,178
0,[],2,[],2019-01-20 23:28:34,0.0,0,0,6477001,2019-01-20 23:28:34,,0.0,0.0,0,,0.0,0.0,0.0,178
0,[],23,[],2019-01-20 23:25:08,0.0,0,0,6476952,2019-01-20 23:25:08,,0.0,0.0,0,,0.0,0.0,0.0,179
1,[],5,[],2019-03-20 06:52:53,0.0,0,0,6986162,2019-03-20 06:52:53,btc,0.0,0.0424983,0,btc,0.0,0.0,0.0,179
1,[],22,[],2019-03-20 06:52:56,2505928.0,0.00000001,0.00000000000040008400000000003,6986163,2019-03-20 06:52:56,BTC,5.64119724,0.0,0.00000001,BTC,17665669.489868753,0.00212725,0.02505928,179
1,[],17,[],2019-03-20 04:57:35,10504.725,0.0000001,0.0000000000039923099999999996,6985573,2019-03-20 04:57:35,btc,5.201069583844001,0.0,0.0000001,btc,5033.45945,0.0,0.0010504725,180
1,[],22,[],2019-03-20 06:53:11,665405.7090909091,0.00000160,0.00000000006401344,6986164,2019-03-20 06:53:11,BTC,38.01030714,0.0,0.00000160,"BTC,LTC",109445.09613087121,0.0027144,0.57055398,180
1,[],26,[],2019-03-20 06:53:11,0.0,0.00000125,0.0000000000500105,6986165,2019-03-20 06:53:11,btc,0.0,0.0,0.00000125,btc,0.0,0.0,0.0,180
,[],7,[],2018-11-20 22:58:01,562227.975654,0.00000085,0.000000000036176765,4862015,2018-11-20 22:58:01,btc,21836.6059674,2491.87645172,,btc,749999.041456,0.00211021,0.127565380455,183
,[],5,[],2019-01-10 08:11:41,0.0,0,0,6347036,2019-01-10 08:11:41,btc,82.15055501,0.00261,,btc,1.19002445,0.0,0.0,187
,[],17,[],2018-11-16 20:58:10,4062536.27273,0.00000001,0.000000000000550501,4708775,2018-11-16 20:58:10,btc,3.36492563466,0.195460381006,,"btc,eth",110697919.549,0.0,0.0157628953496,187
1,[],24,[],2019-03-20 06:53:12,0.0,0.000000000001,4.00084e-17,6986166,2019-03-20 06:53:12,btc,0.0,0.0,0.000000000001,btc,0.0,0.0,0.0,187
1,[],22,[],2019-03-18 18:17:00,13812.0,0.00000001,0.00000000000039819,6968124,2019-03-18 18:17:00,BTC,7.56699454,0.0,0.00000001,BTC,79361.7243344055,0.0,0.00013812,191
0,[],22,[],2019-03-20 06:53:16,0.0,0,0,6986167,2019-03-20 06:53:16,,0.0,0.0,0,,0.0,0.0,0.0,197
0,[],23,[],2019-01-20 23:31:41,0.0,0,0,6477079,2019-01-20 23:31:41,,0.0,0.0,0,,0.0,0.0,0.0,199
0,[],22,[],2019-03-20 06:53:19,0.0,0,0,6986168,2019-03-20 06:53:19,,5.29620025,0.0,0,,24238764.0,0.0,0.0,199
1,[],26,[],2019-03-20 06:53:19,0.0,0.00000000,0,6986169,2019-03-20 06:53:19,btc,0.0,131343.0,0.00000000,btc,0.0,0.0,0.0,199
0,[],2,[],2019-01-20 23:30:49,0.0,0,0,6477059,2019-01-20 23:30:49,,0.0,0.0,0,,0.0,0.0,0.0,201
1,[],4,[],2019-01-25 15:51:35,2084389.58565343,0.00000936,0.000000000333526752,6499557,2019-01-25 15:51:35,btc,2.0092503037378524,0.0,0.00000936,btc,160195.80207885,0.19272417,1.242687955921835,211
1,[],7,[],2019-03-20 06:53:22,4387561.85121649,0.000001080000000000000035831255497387193287295303889550268650054931640625,0.000000000043209072000000006,6986170,2019-03-20 06:53:22,btc,15476707.349979177,309791.907441,0.000001080000000000000035831255497387193287295303889550268650054931640625,btc,13352705.05562461,0.0,3.5464787181564095,212
1,[],12,[],2019-01-25 02:44:32,207462.42853209,0.000001080000000000000035831255497387193287295303889550268650054931640625,0.000000000038610756000000006,6493050,2019-01-25 02:44:32,btc,85023.03793723314,0.0,0.000001080000000000000035831255497387193287295303889550268650054931640625,btc,43675.73520027,0.000146250909087,0.0348620860622024,213
1,[],5,[],2019-03-20 06:53:23,0.0,0,0,6986171,2019-03-20 06:53:23,btc,0.0,0.05186831,0,btc,0.0,0.0,0.0,213
1,[],24,[],2019-03-20 06:53:24,0.0,0.000000220000,0.000000000008801848,6986172,2019-03-20 06:53:24,btc,0.0,0.0,0.000000220000,btc,0.0,0.0,0.0,213
1,[],26,[],2019-03-20 06:53:24,0.0,0.00000040,0.00000000001600336,6986173,2019-03-20 06:53:24,btc,0.0,0.0,0.00000040,btc,0.0,0.0,0.0,213
1,[],22,[],2019-03-20 06:53:28,74456.0,0.00000001,0.00000000000040008400000000003,6986174,2019-03-20 06:53:28,BTC,2.32470803,0.0,0.00000001,BTC,750573.3373982582,0.00025049,0.00074456,216
1,[],27,[],2019-03-20 06:53:33,1233122.0,0.00000003,0.000000000001200252,6986175,2019-03-20 06:53:33,btc,316.9730370247724,0.0,0.00000003,"btc,ltc",239308.924324,0.0,0.033757640000073585,216
1,[],22,[],2019-03-20 06:53:37,221472.0,0.00000170,0.00000000006801428000000001,6986176,2019-03-20 06:53:37,BTC,12543.57755998,0.0,0.00000170,BTC,410066.08593835315,0.1229102,0.22387477,217
1,[],7,[],2019-03-20 06:53:38,0.0,0,0,6986177,2019-03-20 06:53:38,btc,77969.38155952141,1450.0,0,btc,136810478.93791,1.45e-05,0.0,219
0,[],27,[],2019-03-20 06:53:42,0.0,0,0,6986178,2019-03-20 06:53:42,,0.03518746,0.0,0,btc,1767962.0,0.0,0.0,219
0.0000000000000051,[],28,[],2019-03-20 06:53:50,170813849.72,2.55102e-18,1.02062228568e-22,6986179,2019-03-20 06:53:50,doge,138448.82116912503,13858.0,0.00050020,"btc,doge",8953520.83261,0.0,1.725253976517327e-11,219
1,[],22,[],2019-03-20 06:53:53,400460.0,0.00000007,0.0000000000028005880000000003,6986180,2019-03-20 06:53:53,BTC,18.12634446,0.0,0.00000007,BTC,101836.76959740352,3.235e-05,0.0187923,221
1,[],24,[],2019-03-20 06:53:53,0.0,0.000000200000,0.00000000000800168,6986181,2019-03-20 06:53:53,btc,0.0,0.0,0.000000200000,btc,0.0,0.0,0.0,221
1,[],20,[],2019-03-20 06:53:56,47550604.2169,0.000000006,0.0000000000002400504,6986182,2019-03-20 06:53:56,btc,506.0561329385528,697342.7063,0.000000006,btc,18473169.4065,0.0087780791392,0.0670884705351,224
0,[],22,[],2019-03-20 06:53:58,0.0,0,0,6986183,2019-03-20 06:53:58,,0.0,0.0,0,,0.0,0.0,0.0,224
1,[],26,[],2019-03-20 06:53:58,0.0,0.00000022,0.000000000008801848,6986184,2019-03-20 06:53:58,btc,0.0,0.0,0.00000022,btc,0.0,0.0,0.0,231
1,[],26,[],2019-03-20 06:53:58,0.0,0.00000005,0.00000000000200042,6986185,2019-03-20 06:53:58,btc,0.0,100.0,0.00000005,btc,0.0,0.0,0.0,234
0.0000000003441407,[],27,[],2019-03-20 06:54:02,2000.0,3.4414069999999997e-18,1.376851878188e-22,6986186,2019-03-20 06:54:02,eth,0.01134836604,0.0,0.00000001,"btc,eth",11462.996,0.0,6.8828139999999996e-15,234
1,[],4,[],2019-03-20 06:54:03,899743.19876048,0.00000109,0.000000000043609156,6986187,2019-03-20 06:54:03,btc,4.506877452856074,0.0,0.00000109,btc,1045907.42366457,0.10904729,0.3436289519992563,236
1,[],24,[],2019-03-20 06:54:03,0.0,0.000000500000,0.0000000000200042,6986188,2019-03-20 06:54:03,btc,0.0,0.0,0.000000500000,btc,0.0,0.0,0.0,236
1,[],20,[],2019-03-20 06:54:06,229563336.084,0.000000037,0.0000000000014803108,6986189,2019-03-20 06:54:06,btc,94.3481219702753,43458234.6069,0.000000037,btc,32623597.9361,1.6856979274741,0.6765879854518,237
0.0000000001471752,[],22,[],2019-03-20 06:54:08,751594.9,2.5019784e-17,1.0010015261856001e-21,6986190,2019-03-20 06:54:08,LTC,1.20377519,0.0,0.00000017,LTC,18869.0,0.0,0.12541949,237
1,[],4,[],2019-03-20 06:54:09,10386325.06397688,0.00000038,0.000000000015203192,6986191,2019-03-20 06:54:09,btc,5.23653786533167,0.0,0.00000038,btc,7749916.75218456,0.27081419,2.9687102747141383,238
1,[],5,[],2019-03-20 06:54:11,0.0,0,0,6986192,2019-03-20 06:54:11,btc,0.0,0.04328147,0,btc,0.0,0.0,0.0,238
0,[],22,[],2019-03-12 16:49:32,0.0,0,0,6914458,2019-03-12 16:49:32,,0.40415746,0.0,0,,526736.5639027493,0.0,0.0,249
0.0000000001471752,[],22,[],2019-03-20 06:54:14,48086691.666666664,4.415256e-18,1.7664732815040002e-22,6986193,2019-03-20 06:54:14,LTC,1.01521324,0.0,0.00000003,LTC,19395111.353636365,0.0,1.04160377,252
1,[],28,[],2019-03-20 06:54:22,1733557.438,0.00000069,0.000000000027605796000000002,6986194,2019-03-20 06:54:22,btc,164730.21379296176,115463.364,0.00000069,btc,482857.8574,0.0,0.477170685,256
1,[],22,[],2019-03-20 06:54:24,1275354.0,0.00000002,0.0000000000008001680000000001,6986195,2019-03-20 06:54:24,BTC,33.99507208,0.0,0.00000002,BTC,742071.2688697886,0.00140648,0.01497354,258
1,[],22,[],2019-03-13 00:07:30,47146.0,0.00000001,0.000000000000387233,6917028,2019-03-13 00:07:30,BTC,2.415167,0.0,0.00000001,BTC,157.0,0.0,0.00047146,259
1,[],5,[],2019-03-20 06:54:26,0.0,0,0,6986196,2019-03-20 06:54:26,btc,0.0,0.41715465,0,btc,0.0,0.0,0.0,264
1,[],20,[],2019-03-20 06:54:28,1274425.4839,0.00000167,0.000000000066814028,6986197,2019-03-20 06:54:28,btc,4.7935087605545,71396.5896,0.00000167,btc,96313.403,0.147809400934,0.028399848898,264
0,[],22,[],2019-03-20 06:54:31,0.0,0,0,6986198,2019-03-20 06:54:31,,8.75641439,0.0,0,,455745.2241309945,0.0,0.0,271
0,[],22,[],2019-03-20 06:54:33,0.0,0,0,6986199,2019-03-20 06:54:33,,111841.37121834,0.0,0,,14248217297.692,0.0,0.0,272
0.0000000000000051,[],28,[],2019-03-20 06:54:38,197006973790.671,3.672e-21,1.4691084480000001e-25,6986200,2019-03-20 06:54:38,doge,146093421.90702343,929094713.4498,0.00000072,doge,245928329667.0246,0.0,4.869565237380784e-10,272
1,[],22,[],2019-03-20 06:54:42,189445.74,0.0000006,0.000000000024005040000000002,6986201,2019-03-20 06:54:42,BTC,276.1961879,0.0,0.0000006,"BTC,LTC",193137.27372169192,0.0,0.04811946,281
1,[],22,[],2019-03-20 06:54:45,312724.0,0.00000005,0.00000000000200042,6986202,2019-03-20 06:54:45,BTC,1.32520791,0.0,0.00000005,BTC,429674.9105343139,0.0005143,0.00990918,286
0,[],22,[],2019-03-20 06:54:48,0.0,0,0,6986203,2019-03-20 06:54:48,,1044639.47241442,0.0,0,,766976285.0,0.0,0.0,294
