pairValue,buyBook,exchangeId,sellBook,updated,buyTotal,satoshiPrice,usdPrice,exchangeLogId,created,bestPair,sellTotalBtc,volume,pairPrice,activePairs,sellTotal,volumeBtc,buyTotalBtc,coinId
1,[],24,[],2019-02-18 01:47:56,0.0,0.000000000000,0,6702336,2019-02-18 01:47:56,btc,0.0,0.0,0.000000000000,btc,0.0,0.0,0.0,1
0.0,[],25,[],2019-02-18 01:47:57,0.0,0,0,6702337,2019-02-18 01:47:57,btc,31.556199996974147,1618.09156342,0.0,btc,2375.55244161,21.0758,0.0,1
1,[],26,[],2019-02-18 01:48:06,0.0,0,0,6702338,2019-02-18 01:48:06,,0.0,0.0,0,,0.0,0.0,0.0,1
1,[],28,[],2019-02-18 01:48:08,992.968,0.01231000,0.00000045495298000000004,6702339,2019-02-18 01:48:08,btc,0.162839806,17918.05,0.01231000,btc,8.9,0.0,0.086870176,1
0,[],2,[],2019-01-20 23:28:45,0.0,0,0,6477011,2019-01-20 23:28:45,,0.0,0.0,0,,0.0,0.0,0.0,1
1,[],3,[],2019-02-18 01:47:38,30558.40811891482,0.0129312799999999998579180982005709665827453136444091796875,0.00000047791424624,6702328,2019-02-18 01:47:38,btc,107.0876146653094,0.006176402402,0.0129312799999999998579180982005709665827453136444091796875,btc,23.098766883751,0.0,0.28063085019396744,1
1,[],4,[],2019-02-18 01:47:39,73.92380957,0.01308047,0.00000048342801026,6702329,2019-02-18 01:47:39,btc,0.7861266850703126,0.0,0.01308047,btc,55.21705191,0.62858296,0.8855422078147765,1
1,[],5,[],2019-02-18 01:47:41,0.30820544,0.01300001,0.00000048045436958,6702330,2019-02-18 01:47:41,btc,147.75803856,0.33754919,0.01300001,btc,355556.37514087,0.0,1.98106993,1
1,[],10,[],2019-02-18 01:47:43,415330.10438031,0.00943886,0.00000034884138788000005,6702331,2019-02-18 01:47:43,btc,6527.007140210915,1553.9234832,0.00943886,btc,1193.42654381,0.0,3.8303366012193356,1
1,[],12,[],2019-02-18 01:47:45,10449.39982685,0.0128400000000000007183142969324762816540896892547607421875,0.0000004745407200000001,6702332,2019-02-18 01:47:45,btc,0.2901126408517,0.0,0.0128400000000000007183142969324762816540896892547607421875,btc,15.259333100000001,1.4320884960946,0.5106676320168,1
1,[],20,[],2019-02-18 01:47:47,1151.749,0.010500212,0.00000038806683509600003,6702333,2019-02-18 01:47:47,btc,0.0588401269655,0.0,0.010500212,btc,2.6354,0.0,0.0962885350319,1
1,[],21,[],2019-02-18 01:47:48,2445.74675726,0.01301000000000000073052675020,0.0000004808235800000001,6702334,2019-02-18 01:47:48,btc,25.1156582749624,3448.58455541,0.013010000000000000730526750203353003598749637603759765625,"btc,eth",2375.53182765,41.65045841262949,26.654131318119195,1
1,[],22,[],2019-02-18 01:47:52,0.0163776,0.01300000,0.000000480454,6702335,2019-02-18 01:47:52,BTC,0.31407927,0.0,0.01300000,BTC,0.10751954901960785,0.0,0.00020972,1
1,[],5,[],2019-02-18 01:48:09,1.58e-05,0.00000066,0.00000000002439228,6702340,2019-02-18 01:48:09,btc,0.12690282,0.00154146,0.00000066,btc,6.166e-05,0.0,0.25300755,2
0,[],22,[],2019-02-18 01:48:12,0.0,0,0,6702341,2019-02-18 01:48:12,,0.0,0.0,0,,0.0,0.0,0.0,2
1,[],5,[],2019-02-18 01:48:13,1.29e-06,0.00000017,0.0000000000062828600000000006,6702342,2019-02-18 01:48:13,btc,3.54481632,0.0273268,0.00000017,btc,2.345e-05,0.0,3.39005902,3
1,[],12,[],2019-02-18 01:48:14,13129028.02890522,0.00000017,0.00000000000628286,6702343,2019-02-18 01:48:14,btc,923761.8621380405,0.0,0.00000017,btc,9052895.94883495,0.20651328613655423,0.6056473333893775,3
0,[],28,[],2019-02-18 01:48:16,0.0,0,0,6702344,2019-02-18 01:48:16,,0.0,0.0,0,,0.0,0.0,0.0,3
1,[],4,[],2019-02-18 01:48:16,451383.06629443,0.00000032,0.000000000011826560000000001,6702345,2019-02-18 01:48:16,btc,0.3842698469936974,0.0,0.00000032,btc,337830.34099658,0.0,0.0625366396340431,4
0,[],2,[],2019-01-20 23:31:32,0.0,0,0,6477077,2019-01-20 23:31:32,,0.0,0.0,0,,0.0,0.0,0.0,4
1,[],12,[],2019-02-18 01:48:18,1364161.18866667,0.00000003,0.00000000000110874,6702346,2019-02-18 01:48:18,btc,11113878.262303187,0.0,0.00000003,btc,1200436.19484872,0.00187444,0.0220505104400001,5
1,[],11,[],2019-02-18 01:48:20,1401309.5,0.00000002,0.0000000000007391600000000001,6702347,2019-02-18 01:48:20,btc,9433.292073620638,10000.0,0.00000002,btc,40118064.15478057,0.0,0.019535885,6
0,[],2,[],2019-01-20 23:31:51,0.0,0,0,6477087,2019-01-20 23:31:51,,0.0,0.0,0,,0.0,0.0,0.0,6
1,[],3,[],2019-02-18 01:48:22,1099.053526681048,0.00014955999999999999784845716721548569694277830421924591064453125,0.00000000552743848,6702348,2019-02-18 01:48:22,btc,27.605796873748474,0.0,0.00014955999999999999784845716721548569694277830421924591064453125,btc,249.144760639695,0.0,0.03520186488563898,7
1,[],4,[],2019-02-18 01:48:22,14248.65417273,0.00023980,0.0000000088625284,6702349,2019-02-18 01:48:22,btc,3.161802736851017,0.0,0.00023980,btc,12174.75168823,4.60253384,2.8909627353080145,7
1,[],5,[],2019-02-18 01:48:24,0.00830988,0.00023000,0.000000008500340000000001,6702350,2019-02-18 01:48:24,btc,1.65864131,0.56015043,0.00023000,btc,0.0143336,0.0,1.76616984,7
1,[],20,[],2019-02-17 23:31:40,39399800.8418,0.000000001,0.0000000000000365121,6701243,2019-02-17 23:31:40,btc,116.9737581404545,0.0,0.000000001,btc,56932990.8895,0.0,0.0393998008418,8
1,[],4,[],2019-02-18 01:48:25,187199.36454488,0.00000179,0.00000000006615482,6702351,2019-02-18 01:48:25,btc,0.8521734529945518,0.0,0.00000179,btc,451269.69005461,1.78482691,0.3133076458802544,9
1,[],28,[],2019-02-18 01:48:26,43336.934,0.00000167,0.00000000006171986,6702352,2019-02-18 01:48:26,btc,2708.76126858,3643025.0,0.00000167,btc,11769.36,0.0,0.04320967978,9
0,[],2,[],2019-01-20 23:22:42,0.0,0,0,6476876,2019-01-20 23:22:42,,0.0,0.0,0,,0.0,0.0,0.0,9
0,[],23,[],2019-01-20 23:22:48,0.0,0,0,6476878,2019-01-20 23:22:48,,0.0,0.0,0,,0.0,0.0,0.0,9
1,[],1,[],2019-02-17 23:31:42,1822507.21,0.00000181000000000000003456111265232042484285557293333113193511962890625,0.000000000066086901,6701244,2019-02-17 23:31:42,btc,3.6990969245,17153386.5,0.00000181000000000000003456111265232042484285557293333113193511962890625,btc,1997391.71,31.11772986,3.2610482446,9
1,[],4,[],2019-02-17 11:22:43,4341674.27126056,0.00000002,0.0000000000007272960000000001,6696112,2019-02-17 11:22:43,btc,0.1997230937751353,0.0,0.00000002,btc,4109766.79808031,0.00215132,0.0479381022052112,10
1,[],4,[],2019-02-18 01:48:28,1298139.69687169,0.00000165,0.00000000006098070000000001,6702353,2019-02-18 01:48:28,btc,1.347630259454127,0.0,0.00000165,btc,756791.03013645,8.00638901,2.057640066639829,12
1,[],5,[],2019-02-18 01:48:29,3.412e-05,0.00000162,0.00000000005987196,6702354,2019-02-18 01:48:29,btc,0.45941531,0.66984849,0.00000162,btc,0.00012523,0.0,0.57684063,12
0.0,[],25,[],2019-02-18 01:48:30,0.0,0,0,6702355,2019-02-18 01:48:30,,0.0,0.0,0.0,btc,0.0,0.0,0.0,12
0,[],2,[],2019-01-20 23:23:08,0.0,0,0,6476890,2019-01-20 23:23:08,,0.0,0.0,0,,0.0,0.0,0.0,12
1,[],4,[],2019-02-18 01:48:32,1394736.36657632,0.00000617,0.00000000022803086000000002,6702356,2019-02-18 01:48:32,btc,0.7839151635315376,0.0,0.00000617,btc,114222.3056675,0.25639119,1.8577896049253768,13
1,[],21,[],2019-02-18 01:48:35,889892.96974538,0.000006270000000000000108023399253,0.00000000023172666000000002,6702357,2019-02-18 01:48:35,btc,12.316886442923675,1585827.7924494,0.0000062700000000000001080233992534207487778985523618757724761962890625,btc,1723854.28245701,9.77380671,5.089587000471412,13
1,[],10,[],2019-02-17 22:32:10,452095.93266161,0.00000611,0.00000000022181621800000002,6700851,2019-02-17 22:32:10,btc,666805.4485956667,7822.35351575,0.00000611,btc,724707.04260914,0.0,0.4082765391279381,13
1,[],4,[],2019-02-18 01:48:36,982856.74877848,0.00000138,0.000000000051002040000000006,6702358,2019-02-18 01:48:36,btc,0.1145821770321259,0.0,0.00000138,btc,63141.04922673,0.01331177,0.4075799841383977,14
1,[],12,[],2019-02-18 01:48:36,86061.2231405,0.000001269999999999999910766366496839285815667608403600752353668212890625,0.00000000004693666,6702359,2019-02-18 01:48:36,btc,3.746993608284559,0.0,0.000001269999999999999910766366496839285815667608403600752353668212890625,btc,29721.22909905,5.67432568e-06,0.009995180000005,14
0,[],17,[],2019-02-18 01:48:38,0.0,0,0,6702360,2019-02-18 01:48:38,btc,0.0,0.0,0,btc,0.0,0.0,0.0,14
1,[],26,[],2019-02-18 01:48:39,0.0,0.00000050,0.000000000018479,6702361,2019-02-18 01:48:39,btc,0.0,0.0,0.00000050,btc,0.0,0.0,0.0,14
0,[],4,[],2019-02-18 01:48:40,0.0,0,0,6702362,2019-02-18 01:48:40,,0.0,0.0,0,,0.0,0.0,0.0,15
,[],12,[],2018-12-01 15:15:48,204241.84496,0.00000489,0.000000000202473384,5260204,2018-12-01 15:15:48,btc,49.5475654835,0.0,,btc,35763.2193806,0.0163153972027625,0.0203389899998,15
1,[],4,[],2019-02-18 01:48:41,28815.52944209,0.00001949,0.0000000007203114200000001,6702363,2019-02-18 01:48:41,btc,2.2377289514625742,0.0,0.00001949,btc,8553.97913432,0.01544689,0.1343604238050338,18
1,[],10,[],2019-02-18 01:48:44,787491.75404303,0.00001893,0.00000000069961494,6702364,2019-02-18 01:48:44,btc,15.534436778572562,3680.79724604,0.00001893,btc,10438.43404906,0.0,0.2800937461116352,18
1,[],12,[],2019-02-18 01:48:45,204288.82480415,0.00001800000000000000045601543374740316494353464804589748382568359375,0.0000000006652440000000001,6702365,2019-02-18 01:48:45,btc,22.612063549207367,0.0,0.00001800000000000000045601543374740316494353464804589748382568359375,btc,1866.93517713,0.0004576022169895,0.0336327114988828,18
0,[],17,[],2019-02-18 01:48:56,0.0,0,0,6702366,2019-02-18 01:48:56,btc,0.0,0.0,0,btc,0.0,0.0,0.0,18
0,[],2,[],2019-01-20 23:23:38,0.0,0,0,6476906,2019-01-20 23:23:38,,0.0,0.0,0,,0.0,0.0,0.0,18
1,[],3,[],2019-02-18 01:48:59,120797.6160436336,0.00002273999999999999911920282869015608184781740419566631317138671875,0.00000000084042492,6702367,2019-02-18 01:48:59,btc,0.5152308202729743,29.8912871105,0.00002273999999999999911920282869015608184781740419566631317138671875,btc,7110.107464235501,0.0,0.08028179925936502,19
1,[],4,[],2019-02-18 01:48:59,248143.62540642,0.00002420,0.0000000008943836000000001,6702368,2019-02-18 01:48:59,btc,0.1270748537410383,0.0,0.00002420,btc,4572.07361732,0.39311309,2.1495324803805933,19
1,[],5,[],2019-02-18 01:49:01,0.00015129,0.00002101,0.00000000077648758,6702369,2019-02-18 01:49:01,btc,0.25410734,0.00168327,0.00002101,btc,0.00305886,0.0,0.06692384,19
1,[],12,[],2019-02-18 01:49:02,134811.6354573,0.0000230700000000000010418575724369105728328577242791652679443359375,0.0000000008526210600000001,6702370,2019-02-18 01:49:02,btc,0.029524916781354802,0.0,0.0000230700000000000010418575724369105728328577242791652679443359375,btc,292.66393647,0.0,0.032702139999911,19
0,[],27,[],2019-02-18 01:49:53,0.0,0,0,6702371,2019-02-18 01:49:53,,0.0,0.0,0,btc,0.0,0.0,0.0,19
0,[],2,[],2019-01-20 23:24:19,0.0,0,0,6476924,2019-01-20 23:24:19,,0.0,0.0,0,,0.0,0.0,0.0,19
1,[],4,[],2019-02-18 01:49:54,8073815.96800667,0.00000014,0.00000000000517412,6702372,2019-02-18 01:49:54,btc,0.7460851574177544,0.0,0.00000014,btc,1583096.66497752,0.00194132,0.2590475804358234,20
1,[],4,[],2019-02-18 01:49:55,111414306.5486164,0.00000002,0.0000000000007391600000000001,6702373,2019-02-18 01:49:55,btc,0.4408008187206992,0.0,0.00000002,btc,12807883.52271071,0.00490671,1.2661265748529682,21
1,[],12,[],2019-02-18 01:49:56,18409113.0,0.00000002,0.0000000000007391600000000001,6702374,2019-02-18 01:49:56,btc,669.7079376317495,0.0,0.00000002,btc,8590952.27073194,0.00016114997003,0.24040254,21
0,[],17,[],2019-02-18 01:33:00,0.0,0,0,6702175,2019-02-18 01:33:00,btc,0.0,0.0,0,btc,0.0,0.0,0.0,21
1,[],12,[],2019-02-18 01:50:09,2565738560.043896,0.0000000002,0.000000000000007391600000000001,6702375,2019-02-18 01:50:09,btc,880864730542.5763,0.0,0.0000000002,btc,4235557351.0843673,0.007714394470529471,0.26016708075558975,23
0,[],27,[],2019-02-18 01:50:13,0.0,0,0,6702376,2019-02-18 01:50:13,,1.3429826565934113,0.0,0,eth,1964879.85514486,0.0,0.0,23
1,[],4,[],2019-02-18 01:50:14,308779.9601103,0.00000065,0.000000000024022700000000003,6702377,2019-02-18 01:50:14,btc,0.1683757354620784,0.0,0.00000065,btc,175292.13234841,0.03774581,0.1555820121668013,24
1,[],22,[],2019-02-18 01:50:18,11.76,0.00000100,0.000000000036958,6702378,2019-02-18 01:50:18,BTC,7.415e-05,0.0,0.00000100,BTC,23.919354838709676,0.0,1.176e-05,24
0.0,[],25,[],2019-02-18 01:50:19,0.0,0,0,6702379,2019-02-18 01:50:19,,0.0,0.0,0.0,btc,0.0,0.0,0.0,24
1,[],4,[],2019-02-18 01:50:20,26859881.83896803,0.00000600,0.00000000022174800000000002,6702380,2019-02-18 01:50:20,btc,0.586863820406887,0.0,0.00000600,btc,54363.91127558,0.1170462,0.4393026519090779,26
1,[],10,[],2019-02-18 01:50:22,682874.19163166,0.0000054,0.0000000001995732,6702381,2019-02-18 01:50:22,btc,25.927272136924913,275.07855722,0.0000054,btc,14351.41452713,0.0,0.2128385226438311,26
0,[],2,[],2019-01-20 23:25:56,0.0,0,0,6476976,2019-01-20 23:25:56,,0.0,0.0,0,,0.0,0.0,0.0,26
1,[],3,[],2019-02-18 01:50:23,5844313.95913569,0.00000001,0.00000000000036958000000000003,6702382,2019-02-18 01:50:23,btc,2.692702696209302,165235.0,0.00000001,btc,16912524.61059958,0.0,0.0584431395913569,27
1,[],5,[],2019-02-18 01:50:24,1e-08,0.00000001,0.00000000000036958000000000003,6702383,2019-02-18 01:50:24,btc,1.59810511,0.0,0.00000001,btc,4.345e-05,0.0,0.09866515,27
1,[],11,[],2019-02-18 01:50:26,9803584.35433359,0.00000005,0.0000000000018479000000000002,6702384,2019-02-18 01:50:26,btc,67506.53097482225,8080.0,0.00000005,btc,8171781.9463934,0.0,0.458287845339645,27
1,[],4,[],2019-02-18 01:50:27,605098875.5203242,0.00000002,0.0000000000007391600000000001,6702385,2019-02-18 01:50:27,btc,0.2208884845585808,0.0,0.00000002,"btc,ltc",16314483.43199324,0.16431141,8.266570698498716,29
1,[],7,[],2019-02-18 01:50:32,28336090.63491832,0.00000002,0.0000000000007391600000000001,6702386,2019-02-18 01:50:32,btc,44465227.260457814,1182.0,0.00000002,btc,56312664.01797909,3.546e-05,0.41187488825014074,29
1,[],4,[],2019-02-18 01:50:33,1519325.13806258,0.00000030,0.0000000000110874,6702387,2019-02-18 01:50:33,btc,0.2786776582347811,0.0,0.00000030,btc,551143.93827204,0.11046821,0.1254339515560834,30
0,[],17,[],2019-02-18 01:50:34,0.0,0,0,6702388,2019-02-18 01:50:34,btc,0.0,0.0,0,btc,0.0,0.0,0.0,30
1,[],4,[],2019-02-18 01:50:35,1144105.14498052,0.00006387,0.00000000236050746,6702389,2019-02-18 01:50:35,btc,0.6815045375936157,0.0,0.00006387,btc,9832.61835793,1.14875538,1.9891347306345386,31
1,[],21,[],2019-02-18 01:50:36,74483.82202905,0.00006328000000000000399742738910,0.0000000023387022400000003,6702390,2019-02-18 01:50:36,btc,2.761111746044485,115769.31190132,0.00006328000000000000399742738910191519607906229794025421142578125,btc,41580.61935082,7.16660692,4.329120703031915,31
0,[],2,[],2019-01-20 23:28:43,0.0,0,0,6477009,2019-01-20 23:28:43,,0.0,0.0,0,,0.0,0.0,0.0,32
1,[],4,[],2019-02-18 01:33:34,136543429.0994542,0.00000005,0.00000000000184179,6702192,2019-02-18 01:33:34,btc,2.9653592398872073,0.0,0.00000005,"btc,ltc",59560231.68448672,2.70499831,2.3007636043675874,33
1,[],12,[],2019-02-18 01:33:34,14623536.225,0.00000005,0.00000000000184179,6702193,2019-02-18 01:33:34,btc,34508971.09123722,0.0,0.00000005,btc,88935106.37062912,0.0023463653646372,0.47445623125,33
1,[],4,[],2019-02-18 01:50:36,134356053.54263937,0.00000001,0.00000000000036958000000000003,6702391,2019-02-18 01:50:36,btc,1.016743277756579,0.0,0.00000001,btc,42623291.93578488,0.03509634,1.3435605354263935,34
1,[],5,[],2019-02-18 01:50:38,1e-08,0.00000001,0.00000000000036958000000000003,6702392,2019-02-18 01:50:38,btc,5.08749371,0.00549424,0.00000001,btc,1.343e-05,0.0,0.85129013,34
0.0000000001194252,[],4,[],2019-02-18 01:50:38,1016037899.9017467,2.388504e-18,8.8274330832e-23,6702393,2019-02-18 01:50:38,ltc,9.695416836990644e-09,0.0,0.00000002,ltc,1925997319.5879488,0.0,1.773355128210524e-09,36
1,[],5,[],2019-02-18 01:50:40,0.0,0,0,6702394,2019-02-18 01:50:40,btc,197.51755592,0.0,0,btc,1.325e-05,0.0,0.0,36
0,[],17,[],2019-02-18 01:50:41,0.0,0,0,6702395,2019-02-18 01:50:41,btc,0.14155809404650171,0.0,0,btc,10794800.77743647,0.0,0.0,36
0,[],27,[],2019-02-18 01:50:45,0.0,0,0,6702396,2019-02-18 01:50:45,,115.7412974481868,7.0,0,"ltc,eth",3757762.7424504,2.5504059e-17,0.0,36
1,[],4,[],2019-02-18 01:50:46,318377.01732193,0.00000070,0.0000000000258706,6702397,2019-02-18 01:50:46,btc,0.2499562431923185,0.0,0.00000070,btc,187706.43729894,0.16020664,0.1579902568846655,37
1,[],12,[],2019-02-18 01:50:47,446496.94977482,0.00000079,0.00000000002919682,6702398,2019-02-18 01:50:47,btc,1364.108252913607,0.0,0.00000079,btc,784251.74554617,0.0653462967583071,0.096457006244458,37
1,[],27,[],2019-02-18 01:50:50,16202.0,0.00000046,0.00000000001700068,6702399,2019-02-18 01:50:50,btc,26.25770832162233,0.0,0.00000046,btc,6830.24738508,0.0,0.00549722,37
1,[],17,[],2019-02-18 01:23:50,1752.74075282,0.00000025,0.000000000009192275,6701997,2019-02-18 01:23:50,btc,0.05548492399702418,0.0,0.00000025,btc,1387.19918473,0.0,0.00043818518820499993,37
1,[],5,[],2019-02-18 01:50:52,1.208e-05,0.00000091,0.000000000033631780000000004,6702400,2019-02-18 01:50:52,btc,0.08060836,0.06449735,0.00000091,btc,8.82e-05,0.0,0.03812736,42
1,[],12,[],2019-02-18 01:50:52,136087.28223277,0.0000009,0.0000000000332622,6702401,2019-02-18 01:50:52,btc,93.60638693773758,0.0,0.0000009,btc,89305.20504743,0.0013408605484522,0.0429632799999988,42
0,[],27,[],2019-02-18 01:50:55,0.0,0,0,6702402,2019-02-18 01:50:55,,0.00315028,0.0,0,"btc,eth",11.007,0.0,0.0,42
1,[],5,[],2019-02-18 01:50:57,3e-08,0.00000002,0.0000000000007391600000000001,6702403,2019-02-18 01:50:57,btc,5.87390629,0.01013016,0.00000002,btc,1.375e-05,0.0,0.61053204,43
1,[],12,[],2019-02-18 01:50:59,4098309.0,0.00000002,0.0000000000007391600000000001,6702404,2019-02-18 01:50:59,btc,20007457.494387686,0.0,0.00000002,btc,38970405.17922077,0.0008395238861142,0.04098342,43
0,[],17,[],2019-02-18 01:51:00,0.0,0,0,6702405,2019-02-18 01:51:00,btc,0.0,0.0,0,btc,0.0,0.0,0.0,43
1,[],12,[],2019-02-18 01:51:01,697918.0,0.00000004,0.0000000000014783200000000001,6702406,2019-02-18 01:51:01,btc,11115167.385533532,0.0,0.00000004,btc,1012350.31470526,0.0011963994005995,0.01790065,44
1,[],4,[],2019-02-18 01:51:02,325300509.8930303,0.00000002,0.0000000000007391600000000001,6702407,2019-02-18 01:51:02,btc,0.19032078491247362,0.0,0.00000002,"btc,ltc",4619421.45245401,0.00015554,0.4287297559977519,49
0.0000000001194252,[],4,[],2019-02-18 01:51:03,2882802.84,1.194252e-18,4.4137165416e-23,6702408,2019-02-18 01:51:03,ltc,4.645173508198835,0.0,0.00000001,ltc,3609675017.4935336,0.0,3.44279305727568e-12,52
0,[],22,[],2019-02-18 01:35:05,0.0,0,0,6702210,2019-02-18 01:35:05,,4368.07440295,0.0,0,,262751443.67882353,0.0,0.0,57
0,[],27,[],2019-02-18 01:35:11,0.0,0,0,6702211,2019-02-18 01:35:11,,0.0,0.0,0,"btc,eth",0.0,0.0,0.0,57
0.0000000001194252,[],4,[],2019-02-18 01:51:04,984363686.4640741,4.777008e-18,1.76548661664e-22,6702409,2019-02-18 01:51:04,ltc,3.272209004112174,0.0,0.00000004,ltc,1101777244.3616314,0.0,2.8039284172449623e-09,58
1,[],12,[],2019-02-18 01:51:06,1764826757.843957,0.0000000005,0.000000000000018479000000000004,6702410,2019-02-18 01:51:06,btc,224005480053.66525,0.0,0.0000000005,btc,3703441465.6044116,0.02024739063636362,0.5975028052011392,58
0.0000000001291219,[],22,[],2019-02-18 01:51:20,137438.0,1.291219e-18,4.7720871802000006e-23,6702411,2019-02-18 01:51:20,XMR,69.8835922,0.0,0.00000001,XMR,9887963.0,0.0,0.00137438,58
0,[],17,[],2019-02-18 01:35:15,0.0,0,0,6702214,2019-02-18 01:35:15,btc,1e+24,0.0,0,btc,41481695.95832568,0.0,0.0,58
1,[],5,[],2019-02-18 01:51:21,5.24e-06,0.00000048,0.00000000001773984,6702412,2019-02-18 01:51:21,btc,0.16357738,0.00975932,0.00000048,btc,5.618e-05,0.0,0.08033307,61
1,[],22,[],2019-02-18 01:51:24,5149.5,0.00000011,0.000000000004065380000000001,6702413,2019-02-18 01:51:24,BTC,1002.29597012,0.0,0.00000011,BTC,14947.700278135757,0.0,0.00051596,61
1,[],26,[],2019-02-18 01:51:24,0.0,0.00000800,0.000000000295664,6702414,2019-02-18 01:51:24,btc,0.0,0.0,0.00000800,btc,0.0,0.0,0.0,61
1,[],27,[],2019-02-18 01:51:31,35995.23,0.00000033,0.00000000001219614,6702415,2019-02-18 01:51:31,btc,2.9073513611787,0.0,0.00000033,"btc,eth",18356.34251567,0.0,0.00084360970861734,61
1,[],28,[],2019-02-18 01:51:33,13882.304,0.0000005,0.000000000018479,6702416,2019-02-18 01:51:33,btc,2.062488404235105,848.0,0.0000005,btc,15611.87550005,0.0,0.00566491304,61
1,[],4,[],2019-02-18 01:51:34,589674.72098616,0.00000283,0.00000000010459114000000001,6702417,2019-02-18 01:51:34,btc,1.3126700144751835,0.0,0.00000283,btc,313942.59377161,0.44890182,1.1678799770574113,67
0.0,[],25,[],2019-02-18 01:51:35,0.0,0,0,6702418,2019-02-18 01:51:35,,0.0,0.0,0.0,btc,0.0,0.0,0.0,67
1,[],12,[],2019-02-18 01:51:36,3417006.47296826,0.00000015,0.0000000000055437,6702419,2019-02-18 01:51:36,btc,11115995.903176293,0.0,0.00000015,btc,1889247.36849211,0.0030166489105026,0.1276316864411123,71
,[],5,[],2018-11-20 23:02:39,1.5e-07,0.00000005,0.000000000002128045,4862160,2018-11-20 23:02:39,btc,2.84511358,0.0,,btc,0.00036572,0.0,0.07381892,74
1,[],5,[],2019-02-18 01:51:38,3.049e-05,0.00000156,0.000000000057654480000000004,6702420,2019-02-18 01:51:38,btc,1.5424315,0.0,0.00000156,btc,0.00016981,0.0,0.30484564,75
1,[],4,[],2019-02-18 01:51:39,29738604.75692337,0.00000001,0.00000000000036958000000000003,6702421,2019-02-18 01:51:39,btc,0.8487978482018892,0.0,0.00000001,btc,15391342.79181637,0.0,0.2973860475692337,81
0,[],20,[],2019-01-25 09:30:31,0.0,0,0,6495923,2019-01-25 09:30:31,btc,0.0,0.0,0,btc,0.0,0.0,0.0,81
1,[],4,[],2019-02-18 01:51:40,28748.93505854,0.00008198,0.00000000302981684,6702422,2019-02-18 01:51:40,btc,1.3192138119514392,0.0,0.00008198,btc,11104.23111214,0.03739442,0.2027425220015848,82
1,[],21,[],2019-02-18 01:51:41,163244.29098582,0.00007773999999999999768914016318,0.0000000028731149200000002,6702423,2019-02-18 01:51:41,btc,2.499911017999715,23638.36963873,0.00007773999999999999768914016318177573339198715984821319580078125,btc,24189.41971071,2.00350234,2.934712512876344,82
0,[],17,[],2019-02-18 01:51:45,0.0,0,0,6702424,2019-02-18 01:51:45,btc,0.0447233088476774,0.0,0,btc,999127.19588126,0.0,0.0,84
0.0000000001194252,[],4,[],2019-02-18 01:51:46,167715993.34267834,8.359764e-18,3.0896015791200004e-22,6702425,2019-02-18 01:51:46,ltc,0.19569063257078936,0.0,0.00000007,ltc,97446314.6836936,0.0,8.031373202667116e-10,85
,[],22,[],2018-11-20 23:09:34,3408.1,0.0000001,0.0000000000041895,4862324,2018-11-20 23:09:34,BTC,0.04624735,0.0,,BTC,4990.0,0.0,0.00033081,86
0,[],22,[],2019-02-18 01:51:48,0.0,0,0,6702426,2019-02-18 01:51:48,,2.0760781,0.0,0,,140622.94736842104,0.0,0.0,87
0,[],27,[],2019-02-18 01:51:50,0.0,0,0,6702427,2019-02-18 01:51:50,,0.0,0.0,0,btc,0.0,0.0,0.0,87
,[],2,[],2018-11-20 23:10:47,0.0,0,0,4862359,2018-11-20 23:10:47,,0.0,0.0,,,0.0,0.0,0.0,88
1,[],11,[],2019-02-18 01:51:54,96097.91411098,0.00014312999999999999334310274434756138361990451812744140625,0.00000000528979854,6702428,2019-02-18 01:51:54,btc,609.767244812072,835.13174811,0.00014312999999999999334310274434756138361990451812744140625,btc,93273.79928474,0.0,6.451691739566492,89
0,[],2,[],2019-01-20 23:31:45,0.0,0,0,6477083,2019-01-20 23:31:45,,0.0,0.0,0,,0.0,0.0,0.0,91
1,[],12,[],2019-02-18 01:51:55,438016.97852204996,0.00000206000000000000018206681821897330308956952649168670177459716796875,0.00000000007613348000000002,6702429,2019-02-18 01:51:55,btc,4.173282450078072,0.0,0.00000206000000000000018206681821897330308956952649168670177459716796875,btc,49056.30743096,0.0030809954487911,0.0601997056729694,91
0,[],17,[],2019-02-18 01:51:58,0.0,0,0,6702430,2019-02-18 01:51:58,btc,0.0,0.0,0,btc,0.0,0.0,0.0,91
0,[],22,[],2019-02-18 01:53:58,3511520.0,0,0,6702431,2019-02-18 01:53:58,,9.13211897,0.0,0,,72065348.1,0.0,0.1052108,95
0.0000000001194252,[],4,[],2019-02-18 01:53:59,135761792.34819254,9.3151656e-17,3.442698902448e-21,6702432,2019-02-18 01:53:59,ltc,0.9686898864052013,0.0,0.00000078,ltc,47738137.72312232,0.00127007,1.1458211053114514e-09,96
1,[],12,[],2019-02-18 01:54:00,294199.0,0.00000001,0.00000000000036958000000000003,6702433,2019-02-18 01:54:00,btc,255074.72066415334,0.0,0.00000001,btc,8790272.71859115,4.90767032966e-05,0.0029419900000000002,96
0,[],17,[],2019-02-18 01:54:12,0.0,0,0,6702434,2019-02-18 01:54:12,btc,0.0,0.0,0,btc,0.0,0.0,0.0,96
1,[],4,[],2019-02-18 01:54:13,1718014.27187816,0.00000033,0.00000000001219614,6702435,2019-02-18 01:54:13,btc,0.3335539266449,0.0,0.00000033,btc,599597.11197685,0.20575775,0.2385043778724616,99
1,[],4,[],2019-02-18 01:54:14,199248.49320682,0.00003971,0.0000000014676021800000002,6702436,2019-02-18 01:54:14,btc,0.9820702782643763,0.0,0.00003971,btc,22444.40629838,0.7087273,1.3417317248405067,100
0,[],2,[],2019-01-20 23:23:55,0.0,0,0,6476914,2019-01-20 23:23:55,,0.0,0.0,0,,0.0,0.0,0.0,100
1,[],22,[],2019-02-18 01:54:19,50000.0,0.00000001,0.00000000000036958000000000003,6702437,2019-02-18 01:54:19,BTC,23.49896609,0.0,0.00000001,BTC,10277.22,0.0,0.0005,101
1,[],4,[],2019-02-18 01:54:20,400050.41900014,0.00000079,0.00000000002919682,6702438,2019-02-18 01:54:20,btc,0.4094704174076085,0.0,0.00000079,btc,174707.22522383,0.0191592,0.1972734557043677,103
1,[],12,[],2019-02-18 01:54:22,41443355.4663887,0.000000016,0.0000000000005913280000000001,6702439,2019-02-18 01:54:22,btc,137279207.80503738,0.0,0.000000016,btc,123041526.60331336,0.06062635858692968,0.1365459154622192,105
1,[],27,[],2019-02-18 01:54:26,3997411.89,0.00000001,0.00000000000036958000000000003,6702440,2019-02-18 01:54:26,btc,0.2583299431492299,0.0,0.00000001,btc,303168.20460553,0.0,0.0399741189,105
1,[],22,[],2019-02-18 01:54:30,9328.0,0.00000001,0.00000000000036958000000000003,6702441,2019-02-18 01:54:30,BTC,51.10825004,0.0,0.00000001,BTC,468935.0,0.0,9.328e-05,107
1,[],26,[],2019-02-18 01:54:30,0.0,0.00000000,0,6702442,2019-02-18 01:54:30,btc,0.0,0.0,0.00000000,btc,0.0,0.0,0.0,107
1,[],5,[],2019-02-18 01:54:32,1e-08,0.00000001,0.00000000000036958000000000003,6702443,2019-02-18 01:54:32,btc,2.92407407,1.088e-05,0.00000001,btc,1.523e-05,0.0,0.08576914,112
1,[],22,[],2019-02-18 01:54:37,1966.0,0.00000001,0.00000000000036958000000000003,6702444,2019-02-18 01:54:37,BTC,2.81183288,0.0,0.00000001,BTC,808524.0833333334,0.0,1.966e-05,112
0,[],27,[],2019-02-18 01:54:44,0.0,0,0,6702445,2019-02-18 01:54:44,,1.35132491849924,0.0,0,"btc,eth",1328.641654,0.0,0.0,112
1,[],4,[],2019-02-18 01:54:45,488032.73869413,0.00000367,0.00000000013563586,6702446,2019-02-18 01:54:45,btc,0.3234824859505565,0.0,0.00000367,btc,75668.84101596,0.29145035,0.3170365776152103,113
1,[],5,[],2019-02-18 01:54:47,1.343e-05,0.00000314,0.00000000011604812,6702447,2019-02-18 01:54:47,btc,1.03425662,7.32e-05,0.00000314,btc,0.00234005,0.0,0.23742724,113
1,[],17,[],2019-02-18 01:54:59,152738.278,0.00000004,0.0000000000014783200000000001,6702448,2019-02-18 01:54:59,btc,1.33680302678,0.0,0.00000004,btc,50696.221,0.0,0.0022095311199999998,116
0,[],27,[],2019-02-18 01:55:02,0.0,0,0,6702449,2019-02-18 01:55:02,,0.0,0.0,0,btc,0.0,0.0,0.0,116
1,[],4,[],2019-02-18 01:55:02,23614.01583886,0.00003125,0.0000000011549375000000002,6702450,2019-02-18 01:55:02,btc,0.8100303087134859,0.0,0.00003125,btc,23513.45529003,1.47751384,0.6137757547308385,120
1,[],7,[],2019-02-18 01:55:03,18270.75806885,0.00003007999999999999999407591932953920377258327789604663848876953125,0.0000000011116966400000001,6702451,2019-02-18 01:55:03,btc,115647.1378082091,86.60769026,0.00003007999999999999999407591932953920377258327789604663848876953125,btc,27876.74678351,0.00308836,0.07759537059456491,120
1,[],20,[],2019-02-18 01:55:07,1076585.3897,0.000000017,0.0000000000006282860000000001,6702452,2019-02-18 01:55:07,btc,31.909198496025,4188.2,0.000000017,btc,1141978.7853,6.70112e-05,0.0051311490174,125
1,[],22,[],2019-02-18 01:39:16,3053.0,0.00000001,0.000000000000368358,6702252,2019-02-18 01:39:16,BTC,0.01444887,0.0,0.00000001,BTC,296263.5111111111,0.0,3.053e-05,126
0,[],2,[],2019-01-20 23:25:46,0.0,0,0,6476969,2019-01-20 23:25:46,,0.0,0.0,0,,0.0,0.0,0.0,131
1,[],4,[],2019-02-18 01:39:17,120817.35631022,0.00001725,0.00000000063541755,6702253,2019-02-18 01:39:17,btc,1.2407484050735333,0.0,0.00001725,btc,58276.74923773,0.41114229,0.9521559973993021,131
0,[],17,[],2019-02-18 01:39:29,0.0,0,0,6702254,2019-02-18 01:39:29,btc,0.0009561751951600001,0.0,0,btc,35.42829368,0.0,0.0,131
1,[],4,[],2019-02-18 01:39:30,4559.56816355,0.00016009,0.000000005897043222,6702255,2019-02-18 01:39:30,btc,1.642035329786246,0.0,0.00016009,btc,307.87409808,0.00010658,0.0093053758448627,135
1,[],3,[],2019-02-18 01:39:31,1693630.03905174,0.00000005,0.00000000000184179,6702256,2019-02-18 01:39:31,btc,0.12365475442116469,42731.75,0.00000005,btc,529737.26449071,0.0,0.0610789217803675,136
1,[],4,[],2019-02-18 01:55:08,113873.92131244,0.00000190,0.0000000000702202,6702453,2019-02-18 01:55:08,btc,0.1383268563989399,0.0,0.00000190,btc,63178.56140961,0.09905397,0.1708097753297528,137
1,[],12,[],2019-02-18 01:55:09,301272.15937395,0.000001769999999999999994019540816569957542014890350401401519775390625,0.00000000006541566000000001,6702454,2019-02-18 01:55:09,btc,11981.702220624438,0.0,0.000001769999999999999994019540816569957542014890350401401519775390625,btc,158031.15676263,0.0009683214950331,0.035159159831992796,137
1,[],4,[],2019-02-18 01:55:10,115999.78206838,0.00005270,0.0000000019476866,6702455,2019-02-18 01:55:10,btc,0.7139649036346698,0.0,0.00005270,btc,10941.80821166,0.80302786,0.5104144011267252,142
1,[],5,[],2019-02-18 01:55:11,0.00187026,0.00005700,0.000000002106606,6702456,2019-02-18 01:55:11,btc,1.76358459,0.3641857,0.00005700,btc,0.00358633,0.0,1.28636752,142
1,[],20,[],2019-02-18 01:55:24,133867.9447,0.000034962,0.000000001292125596,6702457,2019-02-18 01:55:24,btc,0.3553350736712,0.0,0.000034962,btc,3229.1575,0.0,0.2515306851173,142
1,[],22,[],2019-02-18 01:55:28,1613.354305200341,0.00003220,0.0000000011900476000000001,6702458,2019-02-18 01:55:28,BTC,3.0070065,0.0,0.00003220,BTC,896.9784641392417,0.0,0.0018856,142
0.0,[],25,[],2019-02-18 01:55:29,0.0,0,0,6702459,2019-02-18 01:55:29,,0.0,0.0,0.0,btc,0.0,0.0,0.0,142
1,[],28,[],2019-02-18 01:55:32,77743.0,0.00004500,0.00000000166311,6702460,2019-02-18 01:55:32,btc,0.057100837,1995.0,0.00004500,btc,356.4989,0.0,0.0519372,142
1,[],17,[],2019-02-18 01:39:37,22967.386363640002,0.00000088,0.000000000032415504,6702261,2019-02-18 01:39:37,btc,20.069913352938798,0.0,0.00000088,btc,2746.079105,0.0,0.0104613000000032,142
0,[],22,[],2019-02-18 01:40:04,0.0,0,0,6702266,2019-02-18 01:40:04,,67.48874799,0.0,0,,840795081.3,0.0,0.0,143
1,[],21,[],2019-02-18 01:26:57,32480898.62401725,0.00000026,0.000000000009559966,6702065,2019-02-18 01:26:57,btc,41.612837666868394,12763783.4299191,0.00000026,btc,82901349.48417428,3.46574042,4.5965239199493535,145
0,[],22,[],2019-02-18 01:55:34,0.0,0,0,6702461,2019-02-18 01:55:34,,4.24982284,0.0,0,,1814156.0,0.0,0.0,146
,[],22,[],2018-11-20 23:01:11,0.0,0,0,4862114,2018-11-20 23:01:11,,2.56807021,0.0,,,61828.4988236,0.0,0.0,147
1,[],12,[],2019-02-18 01:27:02,8678915.14542444,0.00000297999999999999984397354955978354240642147487960755825042724609375,0.000000000109571918,6702067,2019-02-18 01:27:02,btc,16.583836785287733,0.0,0.00000297999999999999984397354955978354240642147487960755825042724609375,btc,122515.4262754,0.0005865922994704,0.1080900286000126,148
1,[],4,[],2019-02-18 01:40:09,252439.56402332,0.00000030,0.00000000001105074,6702268,2019-02-18 01:40:09,btc,0.7784389337137853,0.0,0.00000030,btc,592738.21898097,0.0,0.0600404256786116,152
0,[],22,[],2019-02-18 01:40:11,0.0,0,0,6702269,2019-02-18 01:40:11,,0.0,0.0,0,,0.0,0.0,0.0,152
1,[],5,[],2019-02-18 01:55:37,0.0,0,0,6702462,2019-02-18 01:55:37,btc,10.61570492,0.0,0,btc,0.00092785,0.0,0.0,153
,[],16,[],2019-01-11 15:38:59,0.0,0,0,6366141,2019-01-11 15:38:59,btc,0.0,0.0,,btc,0.0,0.0,0.0,155
0,[],22,[],2019-02-18 01:55:41,0.0,0,0,6702463,2019-02-18 01:55:41,,6.74608761,0.0,0,,4644402.242592593,0.0,0.0,156
0,[],23,[],2019-01-20 23:24:29,0.0,0,0,6476932,2019-01-20 23:24:29,,0.0,0.0,0,,0.0,0.0,0.0,156
1,[],22,[],2019-02-18 01:40:21,7073.8,0.00005300,0.0000000019522974,6702272,2019-02-18 01:40:21,BTC,43.78801181,0.0,0.00005300,BTC,1067.5805334758436,0.0,0.00104336,157
0,[],22,[],2019-02-18 01:40:23,0.0,0,0,6702273,2019-02-18 01:40:23,,50175.68008609,0.0,0,,54479136.04179466,0.0,0.0,158
,[],17,[],2018-11-20 22:56:10,0.0,0,0,4861976,2018-11-20 22:56:10,btc,1.1265625,0.0,,btc,1000.0,0.0,0.0,159
,[],20,[],2018-11-20 22:56:12,0.0,0,0,4861977,2018-11-20 22:56:12,btc,11912.7940471,0.0,,btc,34413894.3617,0.0,0.0,159
1,[],12,[],2019-02-18 01:40:25,185877.33810943,0.0000073200000000000002193275942807826339731036568991839885711669921875,0.00000000026963805600000003,6702274,2019-02-18 01:40:25,btc,6.658697269395191,0.0,0.0000073200000000000002193275942807826339731036568991839885711669921875,btc,14643.810945250001,0.0003914001,0.0845299076775263,168
1,[],17,[],2019-02-18 01:27:32,29784.95,0.000001,0.0000000000367691,6702075,2019-02-18 01:27:32,btc,0.03026736251542,0.0,0.000001,btc,144.46171372,0.0,0.00716147,168
1,[],22,[],2019-02-18 01:40:30,97750.0,0.00000002,0.000000000000736716,6702275,2019-02-18 01:40:30,BTC,1.14801638,0.0,0.00000002,BTC,670217.6234250928,0.00103332,0.001954,169
1,[],22,[],2019-02-18 01:55:45,176276.0,0.00000019,0.000000000007022020000000001,6702464,2019-02-18 01:55:45,BTC,13.28920131,0.0,0.00000019,BTC,157546.54822383198,0.00070444,0.02446036,171
1,[],22,[],2019-02-18 01:55:48,158688.41176470587,0.00000017,0.0000000000062828600000000006,6702465,2019-02-18 01:55:48,BTC,2.66641211,0.0,0.00000017,BTC,271368.79665050836,0.0,0.00911019,173
1,[],5,[],2019-02-18 01:40:39,2.698e-05,0.00000198,0.000000000072934884,6702278,2019-02-18 01:40:39,btc,0.2647984,0.00028988,0.00000198,btc,0.00024717,0.0,0.3245267,175
1,[],22,[],2019-02-18 01:55:52,51114.0,0.0000002,0.000000000007391600000000001,6702466,2019-02-18 01:55:52,BTC,0.53337321,0.0,0.0000002,BTC,141986.47031396697,0.000355,0.0052914,176
1,[],7,[],2019-02-18 01:55:54,0.0,0,0,6702467,2019-02-18 01:55:54,btc,410918.63489866455,1108.89110889,0,btc,115828955.16222881,1.109e-05,0.0,178
0,[],22,[],2019-02-18 01:55:57,0.0,0,0,6702468,2019-02-18 01:55:57,,1.00242428,0.0,0,,57512.0,0.0,0.0,178
0,[],2,[],2019-01-20 23:28:34,0.0,0,0,6477001,2019-01-20 23:28:34,,0.0,0.0,0,,0.0,0.0,0.0,178
1,[],5,[],2019-02-18 01:55:58,3e-08,0.00000002,0.0000000000007391600000000001,6702469,2019-02-18 01:55:58,btc,18.50615691,0.00199945,0.00000002,btc,1.664e-05,0.0,0.74925352,179
1,[],22,[],2019-02-18 01:56:03,7779285.0,0.00000002,0.0000000000007391600000000001,6702470,2019-02-18 01:56:03,BTC,5.50797558,0.0,0.00000002,"BTC,LTC",17857364.676989965,0.0,0.38284554,179
0,[],23,[],2019-01-20 23:25:08,0.0,0,0,6476952,2019-01-20 23:25:08,,0.0,0.0,0,,0.0,0.0,0.0,179
1,[],22,[],2019-02-18 01:56:09,129174.85333333333,0.00000150,0.000000000055437000000000005,6702471,2019-02-18 01:56:09,BTC,0.13645276,0.0,0.00000150,"BTC,LTC",27192.283631308655,0.00027832,0.00215962,180
1,[],26,[],2019-02-18 01:56:09,0.0,0.00000100,0.000000000036958,6702472,2019-02-18 01:56:09,btc,0.0,0.0,0.00000100,btc,0.0,0.0,0.0,180
1,[],17,[],2019-02-18 01:42:55,10504.725,0.0000001,0.00000000000368358,6702284,2019-02-18 01:42:55,btc,5.201913593507951,0.0,0.0000001,btc,5427.1328087,0.0,0.0010504725,180
,[],7,[],2018-11-20 22:58:01,562227.975654,0.00000085,0.000000000036176765,4862015,2018-11-20 22:58:01,btc,21836.6059674,2491.87645172,,btc,749999.041456,0.00211021,0.127565380455,183
,[],5,[],2019-01-10 08:11:41,0.0,0,0,6347036,2019-01-10 08:11:41,btc,82.15055501,0.00261,,btc,1.19002445,0.0,0.0,187
1,[],24,[],2019-02-18 01:56:09,0.0,0.000000000001,3.6958000000000003e-17,6702473,2019-02-18 01:56:09,btc,0.0,0.0,0.000000000001,btc,0.0,0.0,0.0,187
,[],17,[],2018-11-16 20:58:10,4062536.27273,0.00000001,0.000000000000550501,4708775,2018-11-16 20:58:10,btc,3.36492563466,0.195460381006,,"btc,eth",110697919.549,0.0,0.0157628953496,187
0,[],22,[],2019-02-18 01:43:04,0.0,0,0,6702288,2019-02-18 01:43:04,,1.19377283,0.0,0,,16434.10286773884,0.0,0.0,191
0,[],22,[],2019-02-18 01:43:11,0.0,0,0,6702289,2019-02-18 01:43:11,,0.0,0.0,0,,0.0,0.0,0.0,197
0,[],23,[],2019-01-20 23:31:41,0.0,0,0,6477079,2019-01-20 23:31:41,,0.0,0.0,0,,0.0,0.0,0.0,199
0,[],22,[],2019-02-18 01:43:14,0.0,0,0,6702290,2019-02-18 01:43:14,,5.17192327,0.0,0,,21801494.0,0.0,0.0,199
1,[],26,[],2019-02-18 01:43:14,0.0,0.00000000,0,6702291,2019-02-18 01:43:14,btc,0.0,360080.0,0.00000000,btc,0.0,0.0,0.0,199
0,[],17,[],2019-01-30 16:32:01,0.0,0,0,6540827,2019-01-30 16:32:01,btc,6.802544163788159,0.0,0,btc,105897.55575295,0.0,0.0,200
0,[],2,[],2019-01-20 23:30:49,0.0,0,0,6477059,2019-01-20 23:30:49,,0.0,0.0,0,,0.0,0.0,0.0,201
1,[],4,[],2019-01-25 15:51:35,2084389.58565343,0.00000936,0.000000000333526752,6499557,2019-01-25 15:51:35,btc,2.0092503037378524,0.0,0.00000936,btc,160195.80207885,0.19272417,1.242687955921835,211
1,[],7,[],2019-02-18 01:43:19,5046469.99285136,0.000001340000000000000087593235616190145975679115508683025836944580078125,0.000000000049359972,6702292,2019-02-18 01:43:19,btc,15475859.490469525,117047.486784,0.000001340000000000000087593235616190145975679115508683025836944580078125,btc,11264210.7008194,0.0,3.439757003189263,212
1,[],12,[],2019-01-25 02:44:32,207462.42853209,0.000001080000000000000035831255497387193287295303889550268650054931640625,0.000000000038610756000000006,6493050,2019-01-25 02:44:32,btc,85023.03793723314,0.0,0.000001080000000000000035831255497387193287295303889550268650054931640625,btc,43675.73520027,0.000146250909087,0.0348620860622024,213
1,[],5,[],2019-02-18 01:43:21,3.25e-06,0.00000029,0.000000000010682382,6702293,2019-02-18 01:43:21,btc,0.98805631,0.14123527,0.00000029,btc,2.899e-05,0.0,0.22989369,213
1,[],24,[],2019-02-18 01:43:21,0.0,0.000000050000,0.00000000000184179,6702294,2019-02-18 01:43:21,btc,0.0,0.0,0.000000050000,btc,0.0,0.0,0.0,213
1,[],26,[],2019-02-18 01:43:21,0.0,0.00000009,0.000000000003315222,6702295,2019-02-18 01:43:21,btc,0.0,0.0,0.00000009,btc,0.0,0.0,0.0,213
0,[],22,[],2019-02-18 01:43:24,0.0,0,0,6702296,2019-02-18 01:43:24,,2.19551377,0.0,0,,211112.59081706151,0.0,0.0,216
1,[],27,[],2019-02-18 01:43:27,5204157.5615,0.00000006,0.000000000002210148,6702297,2019-02-18 01:43:27,btc,362.0759367606,0.0,0.00000006,"btc,ltc",273491.775,0.0,0.05478726246,216
1,[],22,[],2019-02-18 01:43:32,198890.82568368712,0.00000189,0.000000000069619662,6702298,2019-02-18 01:43:32,BTC,12677.11394493,0.0,0.00000189,BTC,451081.3120574924,0.00270655,0.22648835,217
1,[],7,[],2019-02-18 01:43:33,0.0,0,0,6702299,2019-02-18 01:43:33,btc,77969.6156418105,0.0,0,btc,137055636.5050253,0.0,0.0,219
0,[],27,[],2019-02-18 01:43:35,0.0,0,0,6702300,2019-02-18 01:43:35,,5.341833788316972,0.0,0,btc,1599140.99226595,0.0,0.0,219
0.0000000000000055,[],28,[],2019-02-18 01:43:42,168566769.653,2.47511e-18,9.117265693800001e-23,6702301,2019-02-18 01:43:42,doge,84062.9976427895,14640.0,0.00045002,"btc,doge",4762557.44411,0.0,1.2145217511323876e-11,219
1,[],22,[],2019-02-18 01:43:48,225679.6,0.00000012,0.000000000004420296,6702302,2019-02-18 01:43:48,BTC,3.03110627,0.0,0.00000012,BTC,124292.57041875875,0.0,0.02362796,221
1,[],24,[],2019-02-18 01:43:48,0.0,0.000000170000,0.000000000006262086,6702303,2019-02-18 01:43:48,btc,0.0,28042.67826,0.000000170000,btc,0.0,0.00453642,0.0,221
1,[],20,[],2019-02-18 01:43:50,50869322.3415,0.000000002,0.0000000000000736716,6702304,2019-02-18 01:43:50,btc,47.9783305350875,255256.0808,0.000000002,btc,10158214.059,0.0007707393782,0.0517226281053,224
0,[],22,[],2019-02-18 01:43:53,0.0,0,0,6702305,2019-02-18 01:43:53,,0.0,0.0,0,,0.0,0.0,0.0,224
1,[],26,[],2019-02-18 01:43:53,0.0,0.00000033,0.000000000012155814,6702306,2019-02-18 01:43:53,btc,0.0,0.0,0.00000033,btc,0.0,0.0,0.0,231
1,[],26,[],2019-02-18 01:43:53,0.0,0.00000006,0.000000000002210148,6702307,2019-02-18 01:43:53,btc,0.0,0.0,0.00000006,btc,0.0,0.0,0.0,234
0,[],27,[],2019-02-18 01:43:55,0.0,0,0,6702308,2019-02-18 01:43:55,,0.0113483662182,0.0,0,"btc,eth",11462.99618,0.0,0.0,234
0,[],22,[],2019-02-18 01:43:58,0.0,0,0,6702309,2019-02-18 01:43:58,,3.02211091,0.0,0,,107455782.06349206,0.0,0.0,235
1,[],4,[],2019-02-18 01:43:59,1132126.94841983,0.00000091,0.000000000033520578,6702310,2019-02-18 01:43:59,btc,0.4948375377624101,0.0,0.00000091,btc,349308.55705524,0.03872022,0.4272962569352281,236
1,[],24,[],2019-02-18 01:43:59,0.0,0.000000020010,0.000000000000737084358,6702311,2019-02-18 01:43:59,btc,0.0,0.0,0.000000020010,btc,0.0,0.0,0.0,236
1,[],20,[],2019-02-18 01:44:01,74178734.3408,0.000000078,0.0000000000028731924,6702312,2019-02-18 01:44:01,btc,16.0873186358578,17807547.9414,0.000000078,btc,35572173.975,1.4437140466877,0.9021089828626,237
1,[],22,[],2019-02-18 01:44:07,116403.0,0.00000004,0.000000000001473432,6702313,2019-02-18 01:44:07,BTC,0.0405823,0.0,0.00000004,"BTC,LTC",3164.0,0.0,0.00482009,237
1,[],4,[],2019-02-18 01:44:08,5504508.93732519,0.00000033,0.000000000012155814,6702314,2019-02-18 01:44:08,btc,0.4637432394230755,0.0,0.00000033,btc,1272890.28122884,0.11450808,1.6941596312963059,238
1,[],5,[],2019-02-18 01:44:13,4.43e-06,0.00000033,0.000000000012155814,6702315,2019-02-18 01:44:13,btc,0.78946123,0.00017303,0.00000033,btc,3.008e-05,0.0,0.29106123,238
0,[],22,[],2019-02-18 01:44:16,0.0,0,0,6702316,2019-02-18 01:44:16,,1978.15996288,0.0,0,,370860.0639027493,0.0,0.0,249
0.0000000001193449,[],22,[],2019-02-18 01:44:29,7021097.666666667,3.580347e-18,1.3188494602260002e-22,6702317,2019-02-18 01:44:29,LTC,0.56670218,0.0,0.00000003,LTC,15147487.09,1.6714253245000002e-14,0.20963595,252
1,[],28,[],2019-02-18 01:44:34,4391956.698,0.0000001,0.00000000000368358,6702318,2019-02-18 01:44:34,btc,164693.69249005214,28975.965,0.0000001,btc,1044622.2751,0.0,0.2663411375,256
1,[],22,[],2019-02-18 01:44:38,1494873.6666666667,0.00000003,0.000000000001105074,6702319,2019-02-18 01:44:38,BTC,30.15633433,0.0,0.00000003,BTC,391113.92423192423,0.00042873,0.04370093,258
0,[],22,[],2019-02-18 01:46:40,49651.0,0,0,6702320,2019-02-18 01:46:40,,2.629917,0.0,0,,1762.0,0.0,0.00050551,259
1,[],22,[],2019-02-18 01:46:58,10540.0,0.00001220,0.00000000044939676,6702321,2019-02-18 01:46:58,BTC,1293.01905007,0.0,0.00001220,"BTC,LTC",5723.506285861302,0.0,0.01253465,262
1,[],5,[],2019-02-18 01:46:59,1.099e-05,0.00000125,0.00000000004604475,6702322,2019-02-18 01:46:59,btc,0.62226208,0.00563606,0.00000125,btc,0.00028875,0.0,0.15859691,264
1,[],20,[],2019-02-18 01:47:01,1217288.3895,0.000001002,0.0000000000369094716,6702323,2019-02-18 01:47:01,btc,7.3224449455958,94001.4455,0.000001002,btc,83326.7639,0.249359857562,0.0190670987142,264
1,[],22,[],2019-02-18 01:47:06,69663.5,0.00000002,0.000000000000736716,6702324,2019-02-18 01:47:06,BTC,8.48698756,0.0,0.00000002,BTC,404066.1588548506,7.886e-05,0.00089564,271
0,[],22,[],2019-02-18 01:47:10,0.0,0,0,6702325,2019-02-18 01:47:10,,385.44178703,0.0,0,,15173097515.9,0.0,0.0,272
0.0000000000000055,[],28,[],2019-02-18 01:47:14,201225718892.248,4.4e-21,1.6207752000000002e-25,6702326,2019-02-18 01:47:14,doge,441780746.53652394,34962225783.159,0.0000008,doge,203658608183.49878,0.0,5.402536582883447e-10,272
1,[],22,[],2019-02-18 01:47:20,25563.363076923077,0.00001500,0.000000000552537,6702327,2019-02-18 01:47:20,BTC,74.24524289,0.0,0.00001500,"BTC,LTC",4195.787545323318,0.00365968,0.10087415,281
