pairValue,buyBook,exchangeId,sellBook,updated,buyTotal,satoshiPrice,usdPrice,exchangeLogId,created,bestPair,sellTotalBtc,volume,pairPrice,activePairs,sellTotal,volumeBtc,buyTotalBtc,coinId
0,[],2,[],2019-01-20 23:28:45,0.0,0,0,6477011,2019-01-20 23:28:45,,0.0,0.0,0,,0.0,0.0,0.0,1
1,[],3,[],2019-02-25 12:43:33,30538.29973177196,0.01254690999999999966030284070939160301350057125091552734375,0.000000476358494442,6781678,2019-02-25 12:43:33,btc,61.12162322279666,0.17163166,0.01254690999999999966030284070939160301350057125091552734375,btc,26.015180397907,0.0,0.2853133956225382,1
1,[],4,[],2019-02-25 12:43:33,302963.23061398,0.01264015,0.00000047989846293,6781679,2019-02-25 12:43:33,btc,9.245248031575406,0.0,0.01264015,btc,266.16226885,1.40951204,1.2639189506363824,1
1,[],5,[],2019-02-25 12:43:35,0.0,0,0,6781680,2019-02-25 12:43:35,btc,0.0,0.32726956,0,btc,0.0,0.0,0.0,1
1,[],10,[],2019-02-25 12:43:37,414672.07571419,0.0116706,0.00000044308833372,6781681,2019-02-25 12:43:37,btc,6523.106632625482,1380.07676623,0.0116706,btc,1078.46892948,0.0,5.539245337889063,1
1,[],12,[],2019-02-25 12:43:40,10428.14698082,0.0127899999999999992861265951660243445076048374176025390625,0.000000485587698,6781682,2019-02-25 12:43:40,btc,0.3466846366408,0.0,0.0127899999999999992861265951660243445076048374176025390625,btc,18.5263128,0.1614555735749,0.2534803520444,1
1,[],20,[],2019-02-25 12:43:42,1150.428,0.010500214,0.0000003986532247668,6781683,2019-02-25 12:43:42,btc,0.0610059484809,0.0472,0.010500214,btc,2.7408,0.0006372098648,0.0915544251227,1
1,[],21,[],2019-02-25 12:43:43,2465.28828222,0.01260108000000000061380234229,0.000000478415123496,6781684,2019-02-25 12:43:43,btc,23.393659138750213,3529.07368769,0.01260108000000000061380234228636254556477069854736328125,"btc,eth",2564.97967635,38.58016143614792,22.98156703045553,1
1,[],22,[],2019-02-25 12:43:47,0.0163776,0.01300000,0.0000004935606,6781685,2019-02-25 12:43:47,BTC,0.31423927,0.0,0.01300000,BTC,0.11751954901960784,0.0,0.00020972,1
1,[],24,[],2019-02-25 12:43:47,0.0,0.000000000000,0,6781686,2019-02-25 12:43:47,btc,0.0,0.0,0.000000000000,btc,0.0,0.0,0.0,1
0.0,[],25,[],2019-02-25 12:43:48,0.0,0,0,6781687,2019-02-25 12:43:48,btc,15.699399998352346,552.59811362,0.0,btc,1209.58292765,7.095,0.0,1
1,[],26,[],2019-02-25 12:43:49,0.0,0,0,6781688,2019-02-25 12:43:49,,0.0,0.0,0,,0.0,0.0,0.0,1
1,[],28,[],2019-02-25 12:43:55,993.21,0.01323000,0.000000502292826,6781689,2019-02-25 12:43:55,btc,0.162839806,18577.2,0.01323000,btc,8.9,0.0,0.090071836,1
1,[],5,[],2019-02-25 12:43:56,0.0,0,0,6781690,2019-02-25 12:43:56,btc,0.0,0.01186351,0,btc,0.0,0.0,0.0,2
0,[],22,[],2019-02-25 12:43:59,0.0,0,0,6781691,2019-02-25 12:43:59,,0.0,0.0,0,,0.0,0.0,0.0,2
1,[],5,[],2019-02-25 12:44:00,0.0,0,0,6781692,2019-02-25 12:44:00,btc,0.0,0.02782645,0,btc,0.0,0.0,0.0,3
1,[],12,[],2019-02-25 12:44:01,13496535.7927,0.000000174,0.0000000000066061188,6781693,2019-02-25 12:44:01,btc,924396.4737715486,0.0,0.000000174,btc,7846334.15839304,0.20382890326503053,0.7026360679953,3
0,[],28,[],2019-02-25 12:44:06,0.0,0,0,6781694,2019-02-25 12:44:06,,0.0,0.0,0,,0.0,0.0,0.0,3
0,[],2,[],2019-01-20 23:31:32,0.0,0,0,6477077,2019-01-20 23:31:32,,0.0,0.0,0,,0.0,0.0,0.0,4
1,[],4,[],2019-02-25 12:44:07,416190.15977175,0.00000032,0.000000000012149184,6781695,2019-02-25 12:44:07,btc,31.60158132384581,0.0,0.00000032,btc,688680.6997793,0.00021762,0.0598506125398541,4
1,[],12,[],2019-02-22 14:50:14,1367032.5219999999,0.00000003,0.000000000001190475,6759350,2019-02-22 14:50:14,btc,11013869.583570713,0.0,0.00000003,btc,1211697.32371984,0.00024567976024,0.02065290044,5
1,[],11,[],2019-02-25 12:44:09,3351329.5,0.00000002,0.000000000000759324,6781696,2019-02-25 12:44:09,btc,9432.847085181234,61187.0,0.00000002,btc,41497686.95347657,0.0,0.034501425,6
0,[],2,[],2019-01-20 23:31:51,0.0,0,0,6477087,2019-01-20 23:31:51,,0.0,0.0,0,,0.0,0.0,0.0,6
1,[],3,[],2019-02-25 12:44:10,1091.857220066689,0.00015102999999999999563259078794175138682476244866847991943359375,0.0000000057340351859999995,6781697,2019-02-25 12:44:10,btc,27.605796873748474,0.0,0.00015102999999999999563259078794175138682476244866847991943359375,btc,249.144760639695,0.0,0.03419745781762677,7
1,[],4,[],2019-02-25 12:44:11,88656.66600257,0.00023506,0.000000008924334972,6781698,2019-02-25 12:44:11,btc,12.974384749500585,0.0,0.00023506,btc,41949.77477256,3.51563885,3.648379431530728,7
1,[],5,[],2019-02-25 12:44:12,0.0,0,0,6781699,2019-02-25 12:44:12,btc,0.0,1.42014746,0,btc,0.0,0.0,0.0,7
1,[],20,[],2019-02-20 02:16:17,39399275.8418,0.000000001,0.0000000000000390183,6728586,2019-02-20 02:16:17,btc,116.9737569154545,525.0,0.000000001,btc,56932965.8895,5.25e-07,0.0393992758418,8
1,[],4,[],2019-02-25 12:44:14,2168619.07540554,0.00000197,0.000000000074793414,6781700,2019-02-25 12:44:14,btc,5.610947590546595,0.0,0.00000197,btc,2060139.11550741,6.5549566,1.1527460844283595,9
1,[],28,[],2019-02-25 12:44:20,50365.0,0.00000185,0.00000000007023747,6781701,2019-02-25 12:44:20,btc,2708.76220322,3706490.81,0.00000185,btc,11979.68,0.0,0.05600435,9
0,[],2,[],2019-01-20 23:22:42,0.0,0,0,6476876,2019-01-20 23:22:42,,0.0,0.0,0,,0.0,0.0,0.0,9
0,[],23,[],2019-01-20 23:22:48,0.0,0,0,6476878,2019-01-20 23:22:48,,0.0,0.0,0,,0.0,0.0,0.0,9
1,[],1,[],2019-02-17 23:31:42,1822507.21,0.00000181000000000000003456111265232042484285557293333113193511962890625,0.000000000066086901,6701244,2019-02-17 23:31:42,btc,3.6990969245,17153386.5,0.00000181000000000000003456111265232042484285557293333113193511962890625,btc,1997391.71,31.11772986,3.2610482446,9
1,[],4,[],2019-02-17 11:22:43,4341674.27126056,0.00000002,0.0000000000007272960000000001,6696112,2019-02-17 11:22:43,btc,0.1997230937751353,0.0,0.00000002,btc,4109766.79808031,0.00215132,0.0479381022052112,10
1,[],4,[],2019-02-25 12:44:21,3308224.58495108,0.00000127,0.000000000048217074,6781702,2019-02-25 12:44:21,btc,12.240214975988073,0.0,0.00000127,btc,6367565.36052859,2.25479009,1.4917868915423356,12
1,[],5,[],2019-02-25 12:44:22,0.0,0,0,6781703,2019-02-25 12:44:22,btc,0.0,0.33114021,0,btc,0.0,0.0,0.0,12
0.0,[],25,[],2019-02-25 12:44:23,0.0,0,0,6781704,2019-02-25 12:44:23,,0.0,0.0,0.0,btc,0.0,0.0,0.0,12
0,[],2,[],2019-01-20 23:23:08,0.0,0,0,6476890,2019-01-20 23:23:08,,0.0,0.0,0,,0.0,0.0,0.0,12
1,[],4,[],2019-02-25 12:44:24,1213754.40993975,0.00000551,0.000000000209193762,6781705,2019-02-25 12:44:24,btc,3.177541373050297,0.0,0.00000551,btc,446302.76484896,0.21986494,0.6950444432827363,13
1,[],21,[],2019-02-25 12:44:27,594384.52101914,0.000005530000000000000416795504360,0.00000000020995308600000002,6781706,2019-02-25 12:44:27,btc,5.4299185109007055,422305.93301139,0.0000055300000000000004167955043599125275477490504272282123565673828125,btc,867229.87685121,2.35095075,3.050204582546208,13
1,[],10,[],2019-02-25 10:41:45,468369.21403415,0.0000053,0.00000000020073432,6780857,2019-02-25 10:41:45,btc,666802.6021011887,8718.88702899,0.0000053,btc,744507.46500729,0.0,0.2551263622435975,13
1,[],4,[],2019-02-25 12:44:28,649482.9286595,0.00000118,0.000000000044800116,6781707,2019-02-25 12:44:28,btc,9.150066133205367,0.0,0.00000118,btc,879335.14130449,0.04046317,0.1059662903604304,14
1,[],12,[],2019-02-25 12:44:29,117251.91304348,0.000001129999999999999980629101885287735029805844533257186412811279296875,0.000000000042901806,6781708,2019-02-25 12:44:29,btc,5.294347024597786,0.0,0.000001129999999999999980629101885287735029805844533257186412811279296875,btc,33866.19873547,1.36863137e-06,0.0222176600000004,14
1,[],26,[],2019-02-25 12:44:30,0.0,0.00000050,0.0000000000189831,6781709,2019-02-25 12:44:30,btc,0.0,0.0,0.00000050,btc,0.0,0.0,0.0,14
0,[],17,[],2019-02-25 11:43:47,0.0,0,0,6781313,2019-02-25 11:43:47,btc,0.0,0.0,0,btc,0.0,0.0,0.0,14
0,[],4,[],2019-02-25 12:44:31,0.0,0,0,6781710,2019-02-25 12:44:31,,0.0,0.0,0,,0.0,0.0,0.0,15
,[],12,[],2018-12-01 15:15:48,204241.84496,0.00000489,0.000000000202473384,5260204,2018-12-01 15:15:48,btc,49.5475654835,0.0,,btc,35763.2193806,0.0163153972027625,0.0203389899998,15
1,[],4,[],2019-02-25 12:44:32,25941.05355476,0.00001779,0.000000000675418698,6781711,2019-02-25 12:44:32,btc,1.2218752961919055,0.0,0.00001779,btc,9002.21702659,0.10419035,0.0827282013700072,18
1,[],10,[],2019-02-25 12:44:34,784034.04873475,0.00001745,0.00000000066251019,6781712,2019-02-25 12:44:34,btc,19.97070060475149,11115.7921419,0.00001745,btc,19935.84434936,0.0,0.1487904570396312,18
1,[],12,[],2019-02-25 12:44:36,199125.89309323998,0.0000187000000000000005302182304323110884070047177374362945556640625,0.00000000070996794,6781713,2019-02-25 12:44:36,btc,23.668470112329345,0.0,0.0000187000000000000005302182304323110884070047177374362945556640625,btc,1890.20289361,0.0109796119234652,0.0331212323862907,18
0,[],17,[],2019-02-25 12:44:38,0.0,0,0,6781714,2019-02-25 12:44:38,btc,0.0,0.0,0,btc,0.0,0.0,0.0,18
0,[],2,[],2019-01-20 23:23:38,0.0,0,0,6476906,2019-01-20 23:23:38,,0.0,0.0,0,,0.0,0.0,0.0,18
1,[],3,[],2019-02-25 12:44:38,120776.3141567528,0.00002203999999999999904500003200524815838434733450412750244140625,0.000000000836775048,6781715,2019-02-25 12:44:38,btc,0.5975018668914597,0.022498995581,0.00002203999999999999904500003200524815838434733450412750244140625,btc,11484.76356169474,0.0,0.07966178993169826,19
1,[],4,[],2019-02-25 12:44:39,379778.37989928,0.00002085,0.00000000079159527,6781716,2019-02-25 12:44:39,btc,2.456129098364308,0.0,0.00002085,btc,74286.72442769,0.83492824,2.3470667122359927,19
1,[],5,[],2019-02-25 12:44:40,0.0,0,0,6781717,2019-02-25 12:44:40,btc,0.0,0.00016416,0,btc,0.0,0.0,0.0,19
1,[],12,[],2019-02-25 12:44:41,134072.52040464,0.00001832999999999999899053838847695629965528496541082859039306640625,0.000000000695920446,6781718,2019-02-25 12:44:41,btc,1.3578940289454335,0.0,0.00001832999999999999899053838847695629965528496541082859039306640625,btc,382.27457877,0.0,0.1044515300000448,19
0,[],27,[],2019-02-25 12:44:43,0.0,0,0,6781719,2019-02-25 12:44:43,,0.0,0.0,0,btc,0.0,0.0,0.0,19
0,[],2,[],2019-01-20 23:24:19,0.0,0,0,6476924,2019-01-20 23:24:19,,0.0,0.0,0,,0.0,0.0,0.0,19
1,[],4,[],2019-02-25 12:44:44,8069160.95424551,0.00000013,0.000000000004935606,6781720,2019-02-25 12:44:44,btc,7.376194659582633,0.0,0.00000013,btc,2844149.4360639,0.00013,0.2582725451781454,20
1,[],4,[],2019-02-25 12:44:45,104107556.68237025,0.00000002,0.000000000000759324,6781721,2019-02-25 12:44:45,btc,1800.1490522679403,0.0,0.00000002,btc,55255944.17817261,0.02286247,1.1698915775280452,21
1,[],12,[],2019-02-25 12:44:46,18647376.0,0.00000002,0.000000000000759324,6781722,2019-02-25 12:44:46,btc,670.3899289734848,0.0,0.00000002,btc,8544410.32857329,0.0,0.24518776,21
0,[],17,[],2019-02-25 12:44:57,0.0,0,0,6781723,2019-02-25 12:44:57,btc,0.0,0.0,0,btc,0.0,0.0,0.0,21
1,[],12,[],2019-02-25 12:44:59,3359274783.6808996,0.0000000002,0.00000000000000759324,6781724,2019-02-25 12:44:59,btc,875865842724.4619,0.0,0.0000000002,btc,4914463826.3411,0.029968186394406526,0.37813842898299044,23
0.0000000003625547,[],27,[],2019-02-25 12:45:00,2000.0,3.625547e-18,1.376482425114e-22,6781725,2019-02-25 12:45:00,eth,1.3429826565934113,0.0,0.00000001,eth,1964879.85514486,0.0,7.251094e-15,23
1,[],4,[],2019-02-25 12:45:01,423347.85559069,0.00000060,0.00000000002277972,6781726,2019-02-25 12:45:01,btc,8.337099738281442,0.0,0.00000060,btc,1474026.68249264,0.00384926,0.1407384707879173,24
1,[],22,[],2019-02-25 12:45:07,11.76,0.00000100,0.0000000000379662,6781727,2019-02-25 12:45:07,BTC,7.415e-05,0.0,0.00000100,BTC,23.919354838709676,0.0,1.176e-05,24
0.0,[],25,[],2019-02-25 12:45:08,0.0,0,0,6781728,2019-02-25 12:45:08,,0.0,0.0,0.0,btc,0.0,0.0,0.0,24
1,[],4,[],2019-02-25 12:45:09,28281206.85703153,0.00000658,0.000000000249817596,6781729,2019-02-25 12:45:09,btc,167.69459088394055,0.0,0.00000658,btc,270369.77590465,0.23779475,0.4743694023411801,26
1,[],10,[],2019-02-25 12:45:11,700728.5396288,0.00000643,0.000000000244122666,6781730,2019-02-25 12:45:11,btc,26.12558387592111,6004.82819767,0.00000643,btc,14071.92039774,0.0,0.2648848036073845,26
0,[],2,[],2019-01-20 23:25:56,0.0,0,0,6476976,2019-01-20 23:25:56,,0.0,0.0,0,,0.0,0.0,0.0,26
1,[],3,[],2019-02-25 12:45:12,6199666.70213569,0.00000001,0.000000000000379662,6781731,2019-02-25 12:45:12,btc,2.305344452908978,185.0,0.00000001,btc,17468726.40982035,0.0,0.061996667021356894,27
1,[],5,[],2019-02-25 12:45:13,0.0,0,0,6781732,2019-02-25 12:45:13,btc,0.0,0.00241281,0,btc,0.0,0.0,0.0,27
1,[],11,[],2019-02-25 12:45:14,9661469.607065821,0.00000005,0.00000000000189831,6781733,2019-02-25 12:45:14,btc,67506.53157702075,146281.413934,0.00000005,btc,8171781.9763934,0.0,0.4509737746429231,27
1,[],4,[],2019-02-25 12:45:15,1465982588.4788284,0.00000002,0.000000000000759324,6781734,2019-02-25 12:45:15,btc,2.4519321958149054,0.0,0.00000002,"btc,ltc",356730981.69101965,0.31198498,11.245805405124546,29
1,[],7,[],2019-02-25 12:45:17,51950151.257984236,0.00000002,0.000000000000759324,6781735,2019-02-25 12:45:17,btc,44463896.84219534,36880.8433666,0.00000002,btc,60163094.1478531,0.00109128,0.7086609276639676,29
1,[],4,[],2019-02-25 12:45:18,1436760.1456282,0.00000029,0.000000000011010198,6781736,2019-02-25 12:45:18,btc,2.3338061544023123,0.0,0.00000029,btc,1568781.55724863,0.00078419,0.0997635166031418,30
0,[],17,[],2019-02-25 11:44:48,0.0,0,0,6781341,2019-02-25 11:44:48,btc,0.0,0.0,0,btc,0.0,0.0,0.0,30
1,[],4,[],2019-02-25 12:45:29,1112240.90711819,0.00005300,0.0000000020122086,6781737,2019-02-25 12:45:29,btc,4.983699516651366,0.0,0.00005300,btc,64663.77237987,0.9260473,0.871531289579727,31
1,[],21,[],2019-02-25 12:45:30,36344.85318857,0.00005254999999999999661616165159,0.00000000199512381,6781738,2019-02-25 12:45:30,btc,2.130957578154673,175093.97031316,0.0000525499999999999966161616515858412412853795103728771209716796875,btc,36406.34623546,9.70135152,1.5835024686346582,31
0,[],2,[],2019-01-20 23:28:43,0.0,0,0,6477009,2019-01-20 23:28:43,,0.0,0.0,0,,0.0,0.0,0.0,32
1,[],4,[],2019-02-25 12:45:30,331598313.58477193,0.00000004,0.000000000001518648,6781739,2019-02-25 12:45:30,btc,9.692031148288054,0.0,0.00000004,"btc,ltc",172598131.29382262,0.97074562,7.162122760093118,33
1,[],12,[],2019-02-25 12:45:31,16963002.941,0.00000005,0.00000000000189831,6781740,2019-02-25 12:45:31,btc,35620536.750373155,0.0,0.00000005,btc,89410926.9240756,0.0289471631768242,0.55230968705,33
1,[],4,[],2019-02-25 12:45:32,126182741.37162755,0.00000001,0.000000000000379662,6781741,2019-02-25 12:45:32,btc,4.1458950606891305,0.0,0.00000001,btc,98212550.66418318,0.03986463,1.2618274137162755,34
1,[],5,[],2019-02-25 12:45:33,0.0,0,0,6781742,2019-02-25 12:45:33,btc,0.0,0.33097105,0,btc,0.0,0.0,0.0,34
0.0000000001172944,[],4,[],2019-02-25 12:45:34,2683589512.07125,3.518832000000001e-18,1.335966794784e-22,6781743,2019-02-25 12:45:34,ltc,2.566337661696914e-08,0.0,0.00000003,ltc,2907042752.5602064,0.0,4.72354525386133e-09,36
1,[],5,[],2019-02-25 12:45:35,0.0,0,0,6781744,2019-02-25 12:45:35,btc,0.0,0.0,0,btc,0.0,0.0,0.0,36
0.0000000003625547,[],27,[],2019-02-25 12:45:48,1000000.0,3.625547e-18,1.376482425114e-22,6781745,2019-02-25 12:45:48,eth,114.12865132688529,0.0,0.00000001,"ltc,eth",4157587.7875004,0.0,1.177849206e-12,36
0,[],17,[],2019-02-25 11:04:55,0.0,0,0,6781281,2019-02-25 11:04:55,btc,0.0746458232965017,0.0,0,btc,4103573.70243647,0.0,0.0,36
1,[],4,[],2019-02-25 12:45:49,633409.31153865,0.00000058,0.000000000022020396,6781746,2019-02-25 12:45:49,btc,19772.506170512344,0.0,0.00000058,btc,583748.94255653,0.01830079,0.1337194354607664,37
1,[],12,[],2019-02-25 12:45:49,430177.14464606,0.00000055,0.00000000002088141,6781747,2019-02-25 12:45:49,btc,1346.9720899295262,0.0,0.00000055,btc,890568.23828994,0.1349784855670755,0.0837802000000034,37
1,[],27,[],2019-02-25 12:46:02,14685.567,0.00000045,0.00000000001708479,6781748,2019-02-25 12:46:02,btc,25.81996186649233,0.0,0.00000045,btc,6791.34738508,0.0,0.00480032515,37
1,[],17,[],2019-02-25 11:45:03,1752.74075282,0.00000025,0.0000000000094899,6781353,2019-02-25 11:45:03,btc,0.055484923777095005,0.0,0.00000025,btc,1319.19918473,0.0,0.00043818518820499993,37
1,[],5,[],2019-02-25 12:46:03,0.0,0,0,6781749,2019-02-25 12:46:03,btc,0.0,0.02640319,0,btc,0.0,0.0,0.0,42
1,[],12,[],2019-02-25 12:46:03,137049.25996343,0.00000096,0.000000000036447551999999996,6781750,2019-02-25 12:46:03,btc,94.69906985918388,0.0,0.00000096,btc,109858.16798842,0.0033452992838429,0.042581657964956096,42
0.0000000003608486,[],27,[],2019-02-25 11:56:43,2000.0,3.608486e-18,1.3681863347880002e-22,6781545,2019-02-25 11:56:43,eth,0.00315028,0.0,0.00000001,"btc,eth",11.007,0.0,7.216972e-15,42
1,[],5,[],2019-02-25 12:46:07,0.0,0,0,6781752,2019-02-25 12:46:07,btc,0.0,0.01394032,0,btc,0.0,0.0,0.0,43
1,[],12,[],2019-02-25 11:56:45,1781593.0,0.00000001,0.00000000000037915800000000003,6781547,2019-02-25 11:56:45,btc,3569.5040086325275,0.0,0.00000001,btc,12096736.97242756,0.016480715954046,0.01781593,43
0,[],17,[],2019-02-25 11:56:47,0.0,0,0,6781548,2019-02-25 11:56:47,btc,0.0,0.0,0,btc,0.0,0.0,0.0,43
1,[],12,[],2019-02-25 11:56:48,667590.0,0.00000005,0.00000000000189579,6781549,2019-02-25 11:56:48,btc,11115177.730081877,0.0,0.00000005,btc,1111199.40161834,0.00059243976024,0.01669856,44
1,[],4,[],2019-02-25 11:56:49,303371082.7733453,0.00000002,0.000000000000758316,6781550,2019-02-25 11:56:49,btc,473.57017837158594,0.0,0.00000002,"btc,ltc",11771025.63216906,0.02347148,0.19406406664780182,49
0,[],4,[],2019-02-25 11:56:50,0.0,0,0,6781551,2019-02-25 11:56:50,,25.475336660472536,0.0,0,,10686886357.282566,0.0,0.0,52
0.00000000012571890000000002,[],22,[],2019-02-25 11:56:53,80845862.0,1.2571890000000001e-18,4.7667326686200005e-23,6781552,2019-02-25 11:56:53,XMR,4366.96886723,0.0,0.00000001,XMR,255240311.67882353,0.0,0.80845862,57
0.0000000003608486,[],27,[],2019-02-25 11:56:55,2000.0,3.608486e-18,1.3681863347880002e-22,6781553,2019-02-25 11:56:55,eth,0.0,0.0,0.00000001,"btc,eth",0.0,0.0,7.216972e-15,57
0.0000000001172944,[],4,[],2019-02-25 12:46:14,1119863635.8186316,3.518832000000001e-18,1.335966794784e-22,6781758,2019-02-25 12:46:14,ltc,18.811298932344627,0.0,0.00000003,ltc,4062131374.4851704,0.0,2.793092529888348e-09,58
1,[],12,[],2019-02-25 12:46:15,1627665492.843957,0.0000000004,0.00000000000001518648,6781759,2019-02-25 12:46:15,btc,224005479621.0713,0.0,0.0000000004,btc,3773287887.4726467,0.03220489978941061,0.5264464579011392,58
0,[],17,[],2019-02-25 11:57:00,0.0,0,0,6781556,2019-02-25 11:57:00,btc,1e+24,0.0,0,btc,49306342.21952568,0.0,0.0,58
0.00000000012571890000000002,[],22,[],2019-02-25 11:57:04,137438.0,1.2571890000000001e-18,4.7667326686200005e-23,6781557,2019-02-25 11:57:04,XMR,69.8835922,0.0,0.00000001,XMR,9887963.0,0.0,0.00137438,58
1,[],5,[],2019-02-25 11:57:05,0.0,0,0,6781558,2019-02-25 11:57:05,btc,0.0,0.00325168,0,btc,0.0,0.0,0.0,61
1,[],22,[],2019-02-25 11:57:08,5149.5,0.00000011,0.000000000004170738,6781559,2019-02-25 11:57:08,BTC,1002.29597012,0.0,0.00000011,BTC,14947.700278135757,0.0,0.00051596,61
1,[],26,[],2019-02-25 11:57:08,0.0,0,0,6781560,2019-02-25 11:57:08,,0.0,0.0,0,,0.0,0.0,0.0,61
1,[],27,[],2019-02-25 11:57:10,2493.55,0.00000045,0.00000000001706211,6781561,2019-02-25 11:57:10,btc,7.847371381030758,0.0,0.00000045,"btc,eth",20831.38399471,0.0,0.00021559750353631628,61
1,[],28,[],2019-02-25 11:57:16,13882.304,0.0000005,0.0000000000189579,6781562,2019-02-25 11:57:16,btc,2.056328285685105,784.0,0.0000005,btc,9746.52450005,0.0,0.00566491304,61
1,[],4,[],2019-02-25 11:57:17,1470343.71508715,0.00000280,0.00000000010616424,6781563,2019-02-25 11:57:17,btc,11.315097418338844,0.0,0.00000280,btc,798343.02612127,0.1743959,1.4498760215577655,67
0.0,[],25,[],2019-02-25 11:57:18,0.0,0,0,6781564,2019-02-25 11:57:18,,0.0,0.0,0.0,btc,0.0,0.0,0.0,67
1,[],12,[],2019-02-25 11:57:20,2980672.47390196,0.00000018,0.000000000006824844,6781565,2019-02-25 11:57:20,btc,11115998.22814036,0.0,0.00000018,btc,2118898.87289304,0.000639388441559,0.1011697464411115,71
,[],5,[],2018-11-20 23:02:39,1.5e-07,0.00000005,0.000000000002128045,4862160,2018-11-20 23:02:39,btc,2.84511358,0.0,,btc,0.00036572,0.0,0.07381892,74
1,[],5,[],2019-02-25 11:57:21,0.0,0,0,6781566,2019-02-25 11:57:21,btc,0.0,0.0,0,btc,0.0,0.0,0.0,75
1,[],4,[],2019-02-25 11:57:22,17233280.92031862,0.00000001,0.000000000000379158,6781567,2019-02-25 11:57:22,btc,11388.638595673243,0.0,0.00000001,btc,34444270.17624532,0.0,0.1723328092031862,81
0,[],20,[],2019-01-25 09:30:31,0.0,0,0,6495923,2019-01-25 09:30:31,btc,0.0,0.0,0,btc,0.0,0.0,0.0,81
1,[],4,[],2019-02-25 11:57:24,28515.08060428,0.00007600,0.0000000028816008,6781568,2019-02-25 11:57:24,btc,17.769525636443262,0.0,0.00007600,btc,12690.83403098,0.01314813,0.1310235573479208,82
1,[],21,[],2019-02-25 11:57:25,62014.01083254,0.00007419000000000000626717427954,0.000000002812973202,6781569,2019-02-25 11:57:25,btc,2.400171483431775,10523.26337958,0.000074190000000000006267174279539489134549512527883052825927734375,btc,25618.80154859,0.79990661,1.8358088563733357,82
0,[],17,[],2019-02-25 10:55:15,0.0,0,0,6781122,2019-02-25 10:55:15,btc,0.0447233088476774,0.0,0,btc,999127.19588126,0.0,0.0,84
0.0000000001161911,[],4,[],2019-02-25 11:57:26,147129917.14880705,4.647644e-18,1.762191403752e-22,6781570,2019-02-25 11:57:26,ltc,1.7828320594519211,0.0,0.00000004,ltc,405219422.5503519,0.0,3.6346742879988296e-10,85
,[],22,[],2018-11-20 23:09:34,3408.1,0.0000001,0.0000000000041895,4862324,2018-11-20 23:09:34,BTC,0.04624735,0.0,,BTC,4990.0,0.0,0.00033081,86
0,[],22,[],2019-02-22 12:52:35,0.0,0,0,6758847,2019-02-22 12:52:35,,2.0760781,0.0,0,,140622.94736842104,0.0,0.0,87
0,[],27,[],2019-02-22 12:52:37,0.0,0,0,6758848,2019-02-22 12:52:37,,0.0,0.0,0,btc,0.0,0.0,0.0,87
,[],2,[],2018-11-20 23:10:47,0.0,0,0,4862359,2018-11-20 23:10:47,,0.0,0.0,,,0.0,0.0,0.0,88
1,[],11,[],2019-02-25 11:57:28,92148.70256905,0.0001478100000000000095214114370634206352406181395053863525390625,0.0000000056043343980000005,6781571,2019-02-25 11:57:28,btc,609.0190184809114,217.282,0.0001478100000000000095214114370634206352406181395053863525390625,btc,94912.36866055,0.0,6.147070311279646,89
0,[],2,[],2019-01-20 23:31:45,0.0,0,0,6477083,2019-01-20 23:31:45,,0.0,0.0,0,,0.0,0.0,0.0,91
1,[],12,[],2019-02-25 11:57:29,490130.59673084,0.000001430000000000000072932653839841155019030338735319674015045166015625,0.000000000054219594000000006,6781572,2019-02-25 11:57:29,btc,4.329867333946491,0.0,0.000001430000000000000072932653839841155019030338735319674015045166015625,btc,57060.63114169,0.0011464684161345,0.09881005539383239,91
0,[],17,[],2019-02-25 11:57:31,0.0,0,0,6781573,2019-02-25 11:57:31,btc,0.0,0.0,0,btc,0.0,0.0,0.0,91
0,[],22,[],2019-02-25 11:57:33,0.0,0,0,6781574,2019-02-25 11:57:33,,3.1e-06,0.0,0,,2.0,0.0,0.0,91
0.00000000011605590000000001,[],22,[],2019-02-25 11:48:21,2791021.0,4.642236000000001e-18,1.7621742166560003e-22,6781385,2019-02-25 11:48:21,LTC,8.53161599,0.0,0.00000004,LTC,71994962.1,0.0,0.09164084,95
0.0000000001161911,[],4,[],2019-02-25 11:57:34,646735236.3344063,7.4362304e-17,2.8195062460032e-21,6781575,2019-02-25 11:57:34,ltc,11.909373086624866,0.0,0.00000064,ltc,136747582.56847835,0.0,2.3118735866484613e-09,96
0,[],12,[],2019-02-25 11:57:35,0.0,0,0,6781576,2019-02-25 11:57:35,btc,255075.89680721797,0.0,0,btc,8739640.95335638,5.799300699e-07,0.0,96
0,[],17,[],2019-02-25 10:55:39,0.0,0,0,6781131,2019-02-25 10:55:39,btc,0.0,0.0,0,btc,0.0,0.0,0.0,96
1,[],4,[],2019-02-25 11:57:37,1524618.87332711,0.00000033,0.000000000012512214,6781577,2019-02-25 11:57:37,btc,3.066270076873976,0.0,0.00000033,btc,2477122.47989227,0.01145082,0.1341226275482708,99
0,[],2,[],2019-01-20 23:23:55,0.0,0,0,6476914,2019-01-20 23:23:55,,0.0,0.0,0,,0.0,0.0,0.0,100
1,[],4,[],2019-02-25 11:57:37,138077.60390954,0.00003913,0.000000001483645254,6781578,2019-02-25 11:57:37,btc,13.987198300750622,0.0,0.00003913,btc,202677.62945859,3.71296124,2.4088408562108325,100
1,[],22,[],2019-02-25 11:57:41,50000.0,0.00000001,0.000000000000379158,6781579,2019-02-25 11:57:41,BTC,23.49896609,0.0,0.00000001,BTC,10277.22,0.0,0.0005,101
1,[],4,[],2019-02-25 11:57:42,485198.33773566,0.00000087,0.000000000032986746,6781580,2019-02-25 11:57:42,btc,256.3036974263369,0.0,0.00000087,btc,488568.4611871,0.00455441,0.2519273651346539,103
1,[],12,[],2019-02-25 11:57:45,59824761.76471429,0.000000011,0.0000000000004170738,6781581,2019-02-25 11:57:45,btc,137279276.5355356,0.0,0.000000011,btc,127932109.49148904,0.01728527178805431,0.1952374984118572,105
1,[],27,[],2019-02-25 11:57:46,125810.89,0.00000001,0.000000000000379158,6781582,2019-02-25 11:57:46,btc,26.557578245556094,0.0,0.00000001,btc,574707.68391977,0.0,0.0012581089,105
1,[],22,[],2019-02-25 11:57:50,9328.0,0.00000001,0.000000000000379158,6781583,2019-02-25 11:57:50,BTC,51.10837004,0.0,0.00000001,BTC,470435.0,0.0,9.328e-05,107
1,[],26,[],2019-02-25 11:57:50,0.0,0,0,6781584,2019-02-25 11:57:50,,0.0,0.0,0,,0.0,0.0,0.0,107
1,[],5,[],2019-02-25 11:57:51,0.0,0,0,6781585,2019-02-25 11:57:51,btc,0.0,0.00069262,0,btc,0.0,0.0,0.0,112
1,[],22,[],2019-02-25 11:57:54,1966.0,0.00000001,0.000000000000379158,6781586,2019-02-25 11:57:54,BTC,2.81183288,0.0,0.00000001,BTC,808524.0833333334,0.0,1.966e-05,112
0.0000000003608486,[],27,[],2019-02-25 11:57:56,2000.0,3.608486e-18,1.3681863347880002e-22,6781587,2019-02-25 11:57:56,eth,1.35132491849924,0.0,0.00000001,"btc,eth",1328.641654,0.0,7.216972e-15,112
1,[],4,[],2019-02-25 11:57:57,369086.86198996,0.00000304,0.000000000115264032,6781588,2019-02-25 11:57:57,btc,5.786732957951346,0.0,0.00000304,btc,350271.4105568,0.10726144,0.1566466404927761,113
1,[],5,[],2019-02-25 11:57:57,0.0,0,0,6781589,2019-02-25 11:57:57,btc,0.0,0.0,0,btc,0.0,0.0,0.0,113
0,[],27,[],2019-02-25 11:58:10,0.0,0,0,6781590,2019-02-25 11:58:10,,0.0,0.0,0,btc,0.0,0.0,0.0,116
1,[],17,[],2019-02-25 10:56:17,152738.278,0.00000004,0.000000000001518348,6781145,2019-02-25 10:56:17,btc,1.3368030275092218,0.0,0.00000004,btc,51896.221,0.0,0.0022095311199999998,116
1,[],4,[],2019-02-25 11:58:12,399229.94482849,0.00001963,0.000000000744287154,6781591,2019-02-25 11:58:12,btc,29.026866588902553,0.0,0.00001963,btc,88223.29476218,4.66888164,1.2135818557862759,120
1,[],7,[],2019-02-25 11:58:14,211490.37100548,0.00001995000000000000042071381101127514057225198484957218170166015625,0.0000000007564202100000001,6781592,2019-02-25 11:58:14,btc,115646.83547413033,167.12434065,0.00001995000000000000042071381101127514057225198484957218170166015625,btc,30963.00004011,0.00390847,0.0694335040107393,120
1,[],20,[],2019-02-25 11:49:22,1174803.0618,0.000000012,0.0000000000004555152,6781404,2019-02-25 11:49:22,btc,31.9233496174687,531.0,0.000000012,btc,1120134.1111,6.63e-06,0.0033481379724,125
1,[],22,[],2019-02-25 11:58:19,3053.0,0.00000001,0.000000000000379158,6781593,2019-02-25 11:58:19,BTC,0.01444887,0.0,0.00000001,BTC,296263.5111111111,0.0,3.053e-05,126
0,[],2,[],2019-01-20 23:25:46,0.0,0,0,6476969,2019-01-20 23:25:46,,0.0,0.0,0,,0.0,0.0,0.0,131
1,[],4,[],2019-02-25 11:49:26,106076.79745746,0.00001404,0.0000000005329527840000001,6781406,2019-02-25 11:49:26,btc,20.06641399119258,0.0,0.00001404,btc,132518.2781811,0.2172054,0.5759307063466076,131
0,[],17,[],2019-02-25 11:49:28,0.0,0,0,6781407,2019-02-25 11:49:28,btc,0.0009561751951600001,0.0,0,btc,35.42829368,0.0,0.0,131
1,[],4,[],2019-02-25 11:58:20,4554.09802058,0.00016001,0.000000006066907158,6781594,2019-02-25 11:58:20,btc,1.6432540132803837,0.0,0.00016001,btc,320.0767349,0.00108275,0.0083698492914252,135
1,[],3,[],2019-02-25 11:58:20,1505486.23351843,0.00000005,0.00000000000189579,6781595,2019-02-25 11:58:20,btc,0.6500545778453614,80765.0241667,0.00000005,btc,2285496.6947442,0.0,0.0553995273370352,136
1,[],4,[],2019-02-25 11:58:21,260963.53043184,0.00000155,0.00000000005876949,6781596,2019-02-25 11:58:21,btc,38.67634761886527,0.0,0.00000155,btc,653879.48242854,0.04638433,0.073739099280797,137
1,[],12,[],2019-02-25 11:58:22,296762.95466612,0.000001610000000000000043611490287143173105732785188592970371246337890625,0.000000000061044438,6781597,2019-02-25 11:58:22,btc,11807.598301731969,0.0,0.000001610000000000000043611490287143173105732785188592970371246337890625,btc,123762.06109106,0.0066572004541097,0.0233677970445543,137
1,[],4,[],2019-02-25 11:58:23,216897.68728882,0.00004081,0.000000001547343798,6781598,2019-02-25 11:58:23,btc,29.48173657196532,0.0,0.00004081,btc,50321.79132656,0.35353254,1.0191484983107812,142
1,[],5,[],2019-02-25 11:58:24,0.0,0,0,6781599,2019-02-25 11:58:24,btc,0.0,0.49657187,0,btc,0.0,0.0,0.0,142
1,[],17,[],2019-02-25 11:58:36,22967.386363640002,0.00000088,0.000000000033365904000000004,6781600,2019-02-25 11:58:36,btc,20.0699133484,0.0,0.00000088,btc,405.079105,0.0,0.0104613000000032,142
1,[],20,[],2019-02-25 11:58:38,133310.9826,0.000045043,0.0000000017078413794,6781601,2019-02-25 11:58:38,btc,0.4934565146914,0.0,0.000045043,btc,3751.6313,0.0,0.2356579130972,142
1,[],22,[],2019-02-25 11:58:41,1685.8988921568628,0.00004000,0.000000001516632,6781602,2019-02-25 11:58:41,BTC,3.00385504,0.0,0.00004000,BTC,891.218,0.0,0.00174536,142
0.0,[],25,[],2019-02-25 11:58:42,0.0,0,0,6781603,2019-02-25 11:58:42,,0.0,0.0,0.0,btc,0.0,0.0,0.0,142
1,[],28,[],2019-02-25 11:58:48,76772.0,0.00004500,0.000000001706211,6781604,2019-02-25 11:58:48,btc,0.0866109227,769.0,0.00004500,btc,790.5355,0.0,0.0338472,142
0,[],22,[],2019-02-25 11:58:50,0.0,0,0,6781605,2019-02-25 11:58:50,,61.23499952,0.0,0,,744420234.3,0.0,0.0,143
1,[],21,[],2019-02-25 11:58:51,22293543.49776222,0.00000024,0.000000000009099791999999999,6781606,2019-02-25 11:58:51,btc,55.69952819845483,13156703.67583549,0.00000024,btc,104790850.87159392,3.25563757,3.071524175113226,145
0,[],22,[],2019-02-25 11:49:49,0.0,0,0,6781421,2019-02-25 11:49:49,,4.22772384,0.0,0,,1620056.0,0.0,0.0,146
,[],22,[],2018-11-20 23:01:11,0.0,0,0,4862114,2018-11-20 23:01:11,,2.56807021,0.0,,,61828.4988236,0.0,0.0,147
1,[],12,[],2019-02-25 11:58:52,114447.10870902,0.00000251000000000000010876390933722834830632564262486994266510009765625,0.00000000009516865800000001,6781607,2019-02-25 11:58:52,btc,16.285499264200546,0.0,0.00000251000000000000010876390933722834830632564262486994266510009765625,btc,116991.71583628,0.0015717788497994,0.0270052799999967,148
1,[],4,[],2019-02-25 11:58:53,252005.57134223,0.00000036,0.000000000013649688,6781608,2019-02-25 11:58:53,btc,219.96500412859245,0.0,0.00000036,btc,790884.43190714,0.00152788,0.0605877546757521,152
0,[],22,[],2019-02-25 11:58:56,0.0,0,0,6781609,2019-02-25 11:58:56,,0.0,0.0,0,,0.0,0.0,0.0,152
1,[],5,[],2019-02-25 11:58:57,0.0,0,0,6781610,2019-02-25 11:58:57,btc,0.0,0.0,0,btc,0.0,0.0,0.0,153
,[],16,[],2019-01-11 15:38:59,0.0,0,0,6366141,2019-01-11 15:38:59,btc,0.0,0.0,,btc,0.0,0.0,0.0,155
0,[],23,[],2019-01-20 23:24:29,0.0,0,0,6476932,2019-01-20 23:24:29,,0.0,0.0,0,,0.0,0.0,0.0,156
0,[],22,[],2019-02-25 11:59:00,0.0,0,0,6781611,2019-02-25 11:59:00,,6.74832201,0.0,0,,4646626.742592593,0.0,0.0,156
1,[],22,[],2019-02-25 11:59:03,7073.8,0.00005300,0.0000000020095374,6781612,2019-02-25 11:59:03,BTC,1.80343699,0.0,0.00005300,BTC,899.6422341958436,0.0,0.00104336,157
0,[],22,[],2019-02-25 11:59:06,0.0,0,0,6781613,2019-02-25 11:59:06,,50175.68008609,0.0,0,,54479136.04179466,0.0,0.0,158
,[],17,[],2018-11-20 22:56:10,0.0,0,0,4861976,2018-11-20 22:56:10,btc,1.1265625,0.0,,btc,1000.0,0.0,0.0,159
,[],20,[],2018-11-20 22:56:12,0.0,0,0,4861977,2018-11-20 22:56:12,btc,11912.7940471,0.0,,btc,34413894.3617,0.0,0.0,159
1,[],12,[],2019-02-25 11:59:07,182213.24012235,0.000007430000000000000013179561608733791899794596247375011444091796875,0.000000000281714394,6781614,2019-02-25 11:59:07,btc,6.641427971216843,0.0,0.000007430000000000000013179561608733791899794596247375011444091796875,btc,13529.55286293,0.0032213082573758,0.0947582248080133,168
1,[],17,[],2019-02-25 11:59:09,29784.95,0.000001,0.000000000037915799999999996,6781615,2019-02-25 11:59:09,btc,0.03026736251542,0.0,0.000001,btc,144.46171372,0.0,0.00716147,168
0,[],22,[],2019-02-25 11:59:11,0.0,0,0,6781616,2019-02-25 11:59:11,,1.14695792,0.0,0,,779972.8900917594,0.0,0.0,169
1,[],22,[],2019-02-25 11:59:15,234995.5,0.00000018,0.000000000006824844,6781617,2019-02-25 11:59:15,BTC,13.2557958,0.0,0.00000018,BTC,151006.2939341018,1.681e-05,0.00829919,171
1,[],22,[],2019-02-25 11:59:18,41597.0,0.00000008,0.000000000003033264,6781618,2019-02-25 11:59:18,BTC,2.2001943,0.0,0.00000008,BTC,241326.1533991682,3.738e-05,0.00096143,173
1,[],5,[],2019-02-25 11:59:20,0.0,0,0,6781619,2019-02-25 11:59:20,btc,0.0,0.25929402,0,btc,0.0,0.0,0.0,175
1,[],22,[],2019-02-25 11:59:23,45904.0,0.0000003,0.00000000001137474,6781620,2019-02-25 11:59:23,BTC,0.52955903,0.0,0.0000003,BTC,143368.41384013777,6.85e-06,0.0052148,176
1,[],7,[],2019-02-25 11:59:25,0.0,0,0,6781621,2019-02-25 11:59:25,btc,410932.5281358376,10000.0,0,btc,117881559.31901672,0.0001,0.0,178
0,[],22,[],2019-02-25 11:59:28,0.0,0,0,6781622,2019-02-25 11:59:28,,1.00242428,0.0,0,,57512.0,0.0,0.0,178
0,[],2,[],2019-01-20 23:28:34,0.0,0,0,6477001,2019-01-20 23:28:34,,0.0,0.0,0,,0.0,0.0,0.0,178
0,[],23,[],2019-01-20 23:25:08,0.0,0,0,6476952,2019-01-20 23:25:08,,0.0,0.0,0,,0.0,0.0,0.0,179
1,[],5,[],2019-02-25 11:50:31,0.0,0,0,6781438,2019-02-25 11:50:31,btc,0.0,0.01598739,0,btc,0.0,0.0,0.0,179
1,[],22,[],2019-02-25 11:50:35,7070490.0,0.00000003,0.000000000001138788,6781439,2019-02-25 11:50:35,BTC,5.63478981,0.0,0.00000003,"BTC,LTC",17151072.301989965,0.00200333,0.38199614,179
1,[],17,[],2019-02-25 11:50:37,10504.725,0.0000001,0.00000000000379596,6781440,2019-02-25 11:50:37,btc,5.201069583845298,0.0,0.0000001,btc,5033.45945,0.0,0.0010504725,180
0.0000000001161911,[],22,[],2019-02-25 11:59:42,128605.4,1.161911e-17,4.40547850938e-22,6781623,2019-02-25 11:59:42,LTC,0.19838285,0.0,0.0000001,LTC,59391.081085161226,0.0,0.00130544,180
1,[],26,[],2019-02-25 11:59:42,0.0,0,0,6781624,2019-02-25 11:59:42,,0.0,0.0,0,,0.0,0.0,0.0,180
,[],7,[],2018-11-20 22:58:01,562227.975654,0.00000085,0.000000000036176765,4862015,2018-11-20 22:58:01,btc,21836.6059674,2491.87645172,,btc,749999.041456,0.00211021,0.127565380455,183
,[],5,[],2019-01-10 08:11:41,0.0,0,0,6347036,2019-01-10 08:11:41,btc,82.15055501,0.00261,,btc,1.19002445,0.0,0.0,187
,[],17,[],2018-11-16 20:58:10,4062536.27273,0.00000001,0.000000000000550501,4708775,2018-11-16 20:58:10,btc,3.36492563466,0.195460381006,,"btc,eth",110697919.549,0.0,0.0157628953496,187
1,[],24,[],2019-02-25 11:59:43,0.0,0.000000000001,3.79158e-17,6781625,2019-02-25 11:59:43,btc,0.0,0.0,0.000000000001,btc,0.0,0.0,0.0,187
0,[],22,[],2019-02-25 10:59:45,0.0,0,0,6781186,2019-02-25 10:59:45,,1.19374396,0.0,0,,16308.869534405507,0.0,0.0,191
0,[],22,[],2019-02-25 11:59:48,0.0,0,0,6781626,2019-02-25 11:59:48,,0.0,0.0,0,,0.0,0.0,0.0,197
0,[],23,[],2019-01-20 23:31:41,0.0,0,0,6477079,2019-01-20 23:31:41,,0.0,0.0,0,,0.0,0.0,0.0,199
0,[],22,[],2019-02-25 11:59:50,0.0,0,0,6781627,2019-02-25 11:59:50,,5.19477622,0.0,0,,21058553.0,0.0,0.0,199
1,[],26,[],2019-02-25 11:59:50,0.0,0,0,6781628,2019-02-25 11:59:50,,0.0,0.0,0,,0.0,0.0,0.0,199
0,[],17,[],2019-01-30 16:32:01,0.0,0,0,6540827,2019-01-30 16:32:01,btc,6.802544163788159,0.0,0,btc,105897.55575295,0.0,0.0,200
0,[],2,[],2019-01-20 23:30:49,0.0,0,0,6477059,2019-01-20 23:30:49,,0.0,0.0,0,,0.0,0.0,0.0,201
1,[],4,[],2019-01-25 15:51:35,2084389.58565343,0.00000936,0.000000000333526752,6499557,2019-01-25 15:51:35,btc,2.0092503037378524,0.0,0.00000936,btc,160195.80207885,0.19272417,1.242687955921835,211
1,[],7,[],2019-02-25 11:59:54,4188025.16735753,0.000001300000000000000047051663780439678674838432925753295421600341796875,0.00000000004929054,6781629,2019-02-25 11:59:54,btc,15476655.413437344,222097.692981,0.000001300000000000000047051663780439678674838432925753295421600341796875,btc,13136010.37661519,0.0,3.1495091822012116,212
1,[],12,[],2019-01-25 02:44:32,207462.42853209,0.000001080000000000000035831255497387193287295303889550268650054931640625,0.000000000038610756000000006,6493050,2019-01-25 02:44:32,btc,85023.03793723314,0.0,0.000001080000000000000035831255497387193287295303889550268650054931640625,btc,43675.73520027,0.000146250909087,0.0348620860622024,213
1,[],5,[],2019-02-25 11:59:55,0.0,0,0,6781630,2019-02-25 11:59:55,btc,0.0,0.33327678,0,btc,0.0,0.0,0.0,213
1,[],24,[],2019-02-25 11:59:55,0.0,0.000000100000,0.00000000000379158,6781631,2019-02-25 11:59:55,btc,0.0,0.0,0.000000100000,btc,0.0,0.0,0.0,213
1,[],26,[],2019-02-25 11:59:56,0.0,0,0,6781632,2019-02-25 11:59:56,,0.0,0.0,0,,0.0,0.0,0.0,213
1,[],22,[],2019-02-25 12:00:00,104971.0,0.00000001,0.000000000000379158,6781633,2019-02-25 12:00:00,BTC,2.22001282,0.0,0.00000001,BTC,449232.1963726171,1.6e-07,0.00104971,216
1,[],27,[],2019-02-25 12:00:02,18192752.005988,0.00000008,0.000000000003033264,6781634,2019-02-25 12:00:02,btc,311.84520671644,2500.004,0.00000008,"btc,ltc",218487.901,0.0002739000009295288,0.034105550438993416,216
1,[],22,[],2019-02-25 12:00:08,251736.4667325441,0.00000215,0.00000000008151897,6781635,2019-02-25 12:00:08,BTC,12673.59507053,0.0,0.00000215,BTC,379782.3367062892,0.02362449,0.35683514,217
1,[],7,[],2019-02-25 12:00:09,0.0,0,0,6781636,2019-02-25 12:00:09,btc,77969.77488735563,0.0,0,btc,137043486.5550253,0.0,0.0,219
0,[],27,[],2019-02-25 12:00:15,0.0,0,0,6781637,2019-02-25 12:00:15,,0.0740438339680921,0.0,0,btc,1536429.20709513,0.0,0.0,219
0.0000000000000051,[],28,[],2019-02-25 12:00:18,168412474.765,5.100051e-18,1.933725137058e-22,6781638,2019-02-25 12:00:18,doge,83883.3352434475,15045.0,0.00100001,"btc,doge",4823713.77951,0.0,1.1073073314591126e-11,219
1,[],22,[],2019-02-25 12:00:21,117200.6,0.00000011,0.000000000004170738,6781639,2019-02-25 12:00:21,BTC,3.01221816,0.0,0.00000011,BTC,128214.27041875875,0.01579487,0.01204006,221
1,[],24,[],2019-02-25 12:00:21,0.0,0.000000200000,0.00000000000758316,6781640,2019-02-25 12:00:21,btc,0.0,0.0,0.000000200000,btc,0.0,0.0,0.0,221
1,[],20,[],2019-02-25 12:00:23,43232886.7222,0.000000002,0.0000000000000758316,6781641,2019-02-25 12:00:23,btc,47.984163770816,2552901.5541,0.000000002,btc,10711620.9379,0.0064171437441,0.0435228867221,224
0,[],22,[],2019-02-25 12:00:25,0.0,0,0,6781642,2019-02-25 12:00:25,,0.0,0.0,0,,0.0,0.0,0.0,224
1,[],26,[],2019-02-25 12:00:26,0.0,0,0,6781643,2019-02-25 12:00:26,,0.0,0.0,0,,0.0,0.0,0.0,231
1,[],26,[],2019-02-25 11:51:16,0.0,0,0,6781462,2019-02-25 11:51:16,,0.0,0.0,0,,0.0,0.0,0.0,234
0.0000000003604803,[],27,[],2019-02-25 11:51:18,2000.0,3.604803e-18,1.3683687995880002e-22,6781463,2019-02-25 11:51:18,eth,0.0113483662182,0.0,0.00000001,"btc,eth",11462.99618,0.0,7.209606e-15,234
1,[],4,[],2019-02-25 12:00:27,1067124.86357776,0.00000081,0.000000000030711798,6781644,2019-02-25 12:00:27,btc,4.4551702903722274,0.0,0.00000081,btc,1054663.37669737,0.07295194,0.4194704583638566,236
1,[],24,[],2019-02-25 12:00:27,0.0,0.000000300000,0.00000000001137474,6781645,2019-02-25 12:00:27,btc,0.0,0.0,0.000000300000,btc,0.0,0.0,0.0,236
1,[],20,[],2019-02-25 12:00:29,83791692.3038,0.000000056,0.0000000000021232848,6781646,2019-02-25 12:00:29,btc,10.1076653130061,31167217.1009,0.000000056,btc,45272758.1405,1.8341867881742,0.5088331493615,237
0.0000000001161911,[],22,[],2019-02-25 12:00:32,14400.0,1.161911e-17,4.40547850938e-22,6781647,2019-02-25 12:00:32,LTC,0.0405823,0.0,0.0000001,LTC,3164.0,0.0,0.00144,237
1,[],4,[],2019-02-25 12:00:33,6609271.66540095,0.00000032,0.000000000012133056,6781648,2019-02-25 12:00:33,btc,5.819035500088264,0.0,0.00000032,btc,9364414.78265995,0.25784681,1.3728473108919592,238
1,[],5,[],2019-02-25 12:00:35,0.0,0,0,6781649,2019-02-25 12:00:35,btc,0.0,0.06480496,0,btc,0.0,0.0,0.0,238
0,[],22,[],2019-02-25 12:00:38,0.0,0,0,6781650,2019-02-25 12:00:38,,0.41356282,0.0,0,,316008.5639027493,0.0,0.0,249
0.0000000001161911,[],22,[],2019-02-25 12:00:41,7121097.666666667,3.485733e-18,1.321643552814e-22,6781651,2019-02-25 12:00:41,LTC,0.57139631,0.0,0.00000003,LTC,19992183.09,3.92079895484e-13,0.21263595,252
1,[],28,[],2019-02-25 12:00:44,3420543.592,0.00000018,0.000000000006824844,6781652,2019-02-25 12:00:44,btc,164693.65217147366,156832.866,0.00000018,btc,795324.6834,0.0,0.19523115114,256
1,[],22,[],2019-02-25 12:00:47,1057264.0,0.00000001,0.000000000000379158,6781653,2019-02-25 12:00:47,BTC,31.43607366,0.0,0.00000001,BTC,552637.8076914564,4.5e-06,0.01057264,258
1,[],22,[],2019-02-25 12:00:51,48751.0,0.00000001,0.000000000000379158,6781654,2019-02-25 12:00:51,BTC,2.4175745,0.0,0.00000001,BTC,1762.0,0.0,0.00048751,259
1,[],5,[],2019-02-25 12:00:52,0.0,0,0,6781655,2019-02-25 12:00:52,btc,0.0,0.24762438,0,btc,0.0,0.0,0.0,264
1,[],20,[],2019-02-25 12:00:54,1224641.7735,0.000002035,0.000000000077158653,6781656,2019-02-25 12:00:54,btc,7.3568108863028,126639.8047,0.000002035,btc,97593.0986,0.3781904138594,0.0244250935903,264
1,[],22,[],2019-02-25 12:00:57,11914.0,0.00000001,0.000000000000379158,6781657,2019-02-25 12:00:57,BTC,8.44955368,0.0,0.00000001,BTC,428471.6907878143,6.25e-05,0.00011914,271
0,[],22,[],2019-02-25 12:01:00,0.0,0,0,6781658,2019-02-25 12:01:00,,259.53594233,0.0,0,,14416281437.9,0.0,0.0,272
0.0000000000000051,[],28,[],2019-02-25 12:01:01,227043237874.369,4.131e-21,1.566301698e-25,6781659,2019-02-25 12:01:01,doge,21967182.233013984,61869568270.144,0.00000081,doge,221932665436.8808,0.0,5.900812937377478e-10,272
1,[],22,[],2019-02-25 11:51:58,114058.77979057592,0.00001910,0.0000000007250283600000001,6781480,2019-02-25 11:51:58,BTC,74.36202932,0.0,0.00001910,"BTC,LTC",10370.487639773188,1.032e-05,0.04325448,281
1,[],22,[],2019-02-25 11:52:02,884759.5,0.00000002,0.0000000000007591920000000001,6781481,2019-02-25 11:52:02,BTC,1.33171177,0.0,0.00000002,BTC,129251.66554551729,0.00075205,0.01756307,286
0,[],22,[],2019-02-25 12:01:05,0.0,0,0,6781660,2019-02-25 12:01:05,,43634.52001853,0.0,0,,419066696.0,0.0,0.0,294
