pairValue,buyBook,exchangeId,sellBook,updated,buyTotal,satoshiPrice,usdPrice,exchangeLogId,created,bestPair,sellTotalBtc,volume,pairPrice,activePairs,sellTotal,volumeBtc,buyTotalBtc,coinId
1,[],3,[],2019-05-31 08:50:10,287.76687423786,0.01109451000000000013556711309092861483804881572723388671875,0.0000009231220329030001,7716463,2019-05-31 08:50:10,btc,1.805749080970493,42.5649031883,0.01109451000000000013556711309092861483804881572723388671875,btc,22.564488728386,0.0,0.23713769608240365,1
1,[],4,[],2019-05-31 08:50:10,207677.86947789,0.01081145,0.000000899569940685,7716464,2019-05-31 08:50:10,btc,7.695829815447584,0.0,0.01081145,btc,306.95732932,1.66176029,0.4820603679459841,1
1,[],5,[],2019-05-31 08:50:13,0.0,0,0,7716465,2019-05-31 08:50:13,btc,0.0,0.01861778,0,btc,0.0,0.0,0.0,1
1,[],10,[],2019-05-31 08:50:16,312348.0381363,0.00690382,0.000000574434414246,7716466,2019-05-31 08:50:16,btc,6520.205932856462,1643.85967668,0.00690382,btc,1214.07259168,0.0,2.1865666825326255,1
1,[],12,[],2019-05-31 08:50:19,84.80837187,0.0109999999999999993616217608405349892564117908477783203125,0.0000009152583000000001,7716467,2019-05-31 08:50:19,btc,0.16762269252110001,0.0,0.0109999999999999993616217608405349892564117908477783203125,btc,14.39093424,0.365318523158,0.3953773932825,1
1,[],20,[],2019-05-31 08:50:21,934.377,0.00920886,0.0000007662259589580001,7716468,2019-05-31 08:50:21,btc,0.2238727220054,0.5116,0.00920886,btc,17.3543,0.0054077113918,0.101777716442,1
1,[],21,[],2019-05-31 08:50:22,1661.82902521,0.01098754000000000050074611124,0.0000009142215619620001,7716469,2019-05-31 08:50:22,btc,11.981166573758724,8076.5857076600005,0.0109875400000000005007461112427336047403514385223388671875,"btc,eth",1461.23988753,79.18605504829182,16.009704232610677,1
1,[],22,[],2019-05-31 08:50:26,0.0025666666666666667,0.00900000,0.0000007488477000000001,7716470,2019-05-31 08:50:26,BTC,0.31629903,0.0,0.00900000,BTC,0.2505752479991019,0.0,2.31e-05,1
1,[],24,[],2019-05-31 08:50:27,0.0,0.000000000000,0,7716471,2019-05-31 08:50:27,btc,0.0,0.0,0.000000000000,btc,0.0,0.0,0.0,1
0.0,[],25,[],2019-05-31 08:50:27,0.0,0,0,7716472,2019-05-31 08:50:27,btc,16.299999999274103,1855.0655216,0.0,btc,1398.15326495,20.313,0.0,1
1,[],26,[],2019-05-31 08:50:30,0.0,0,0,7716473,2019-05-31 08:50:30,,0.0,0.0,0,,0.0,0.0,0.0,1
0,[],28,[],2019-05-31 08:50:32,0.0,0,0,7716474,2019-05-31 08:50:32,,0.0,326925.95,0,,0.0,0.0,0.0,1
0,[],2,[],2019-01-20 23:28:45,0.0,0,0,6477011,2019-01-20 23:28:45,,0.0,0.0,0,,0.0,0.0,0.0,1
1,[],5,[],2019-05-31 08:50:33,0.0,0,0,7716475,2019-05-31 08:50:33,btc,0.0,0.00720481,0,btc,0.0,0.0,0.0,2
1,[],22,[],2019-05-31 08:50:38,11638.0,0.0000002,0.00000000001664106,7716476,2019-05-31 08:50:38,BTC,21.00897301,0.0,0.0000002,"BTC,XMR",20678.87287795317,0.0,0.00145435,2
1,[],5,[],2019-05-31 08:50:39,0.0,0,0,7716477,2019-05-31 08:50:39,btc,0.0,1.14782643,0,btc,0.0,0.0,0.0,3
1,[],12,[],2019-05-31 08:50:41,982520.4,0.000000109,0.0000000000090693777,7716478,2019-05-31 08:50:41,btc,169517.4558982927,0.0,0.000000109,btc,3421496.35093614,0.23054017838,0.063070126,3
0,[],28,[],2019-05-31 08:50:43,0.0,0,0,7716479,2019-05-31 08:50:43,,0.0,0.0,0,,0.0,0.0,0.0,3
0,[],2,[],2019-01-20 23:31:32,0.0,0,0,6477077,2019-01-20 23:31:32,,0.0,0.0,0,,0.0,0.0,0.0,4
1,[],4,[],2019-05-18 21:29:50,562734.9206932,0.00000010,0.000000000007298720000000001,7650946,2019-05-18 21:29:50,btc,41.9347137769675,0.0,0.00000010,btc,1123702.32192634,0.00052462,0.029254593370966,4
0,[],12,[],2019-05-31 08:15:45,0.0,0,0,7716327,2019-05-31 08:15:45,btc,625.8985290849951,0.0,0,btc,1198811.4995005,0.0,0.0,5
0,[],2,[],2019-01-20 23:31:51,0.0,0,0,6477087,2019-01-20 23:31:51,,0.0,0.0,0,,0.0,0.0,0.0,6
1,[],11,[],2019-05-31 08:50:45,9060347.776736,0.00000002,0.0000000000016641060000000002,7716480,2019-05-31 08:50:45,btc,9582.873384042945,2833780.0,0.00000002,btc,67279346.46260394,0.0,0.13675210276736,6
1,[],3,[],2019-05-31 08:50:46,12581.00744107846,0.000088889999999999997661037642870951458462513983249664306640625,0.0000000073961191170000005,7716481,2019-05-31 08:50:46,btc,0.049229057476341695,176.533509258,0.000088889999999999997661037642870951458462513983249664306640625,btc,173.116474304518,0.0,0.022816313239365914,7
1,[],4,[],2019-05-31 08:50:46,321616.6946216,0.00009450,0.000000007862900850000001,7716482,2019-05-31 08:50:46,btc,9.515194552248323,0.0,0.00009450,btc,52901.3677232,6.2154025,1.997099502165974,7
1,[],5,[],2019-05-31 08:50:48,0.0,0,0,7716483,2019-05-31 08:50:48,btc,0.0,0.7134192,0,btc,0.0,0.0,0.0,7
1,[],20,[],2019-04-07 22:06:50,3201475.0482,0.000000001,0.000000000000051590000000000004,7213932,2019-04-07 22:06:50,btc,30.8005781811902,0.0,0.000000001,btc,23077405.3926,0.0,0.0032014750482,8
0,[],2,[],2019-01-20 23:22:42,0.0,0,0,6476876,2019-01-20 23:22:42,,0.0,0.0,0,,0.0,0.0,0.0,9
0,[],23,[],2019-01-20 23:22:48,0.0,0,0,6476878,2019-01-20 23:22:48,,0.0,0.0,0,,0.0,0.0,0.0,9
1,[],4,[],2019-05-31 08:50:50,21944899.89423221,0.00000049,0.00000000004077059700000001,7716484,2019-05-31 08:50:50,btc,3.8728986717926643,0.0,0.00000049,btc,3414332.98341989,0.44826601,0.4415348265988219,9
0,[],28,[],2019-05-31 08:50:52,0.0,0,0,7716485,2019-05-31 08:50:52,,0.0,3520203.0,0,,0.0,0.0,0.0,9
1,[],1,[],2019-02-17 23:31:42,1822507.21,0.00000181000000000000003456111265232042484285557293333113193511962890625,0.000000000066086901,6701244,2019-02-17 23:31:42,btc,3.6990969245,17153386.5,0.00000181000000000000003456111265232042484285557293333113193511962890625,btc,1997391.71,31.11772986,3.2610482446,9
1,[],4,[],2019-02-17 11:22:43,4341674.27126056,0.00000002,0.0000000000007272960000000001,6696112,2019-02-17 11:22:43,btc,0.1997230937751353,0.0,0.00000002,btc,4109766.79808031,0.00215132,0.0479381022052112,10
0,[],2,[],2019-01-20 23:23:08,0.0,0,0,6476890,2019-01-20 23:23:08,,0.0,0.0,0,,0.0,0.0,0.0,12
1,[],4,[],2019-05-31 08:50:53,7472413.69107427,0.00000047,0.000000000039106491000000005,7716486,2019-05-31 08:50:53,btc,4.837986292693157,0.0,0.00000047,btc,4906174.37201475,0.9457851,1.2419882293712117,12
1,[],5,[],2019-05-31 08:50:54,0.0,0,0,7716487,2019-05-31 08:50:54,btc,0.0,0.1540979,0,btc,0.0,0.0,0.0,12
0.0,[],25,[],2019-05-31 08:50:55,0.0,0,0,7716488,2019-05-31 08:50:55,,0.0,0.0,0.0,btc,0.0,0.0,0.0,12
1,[],4,[],2019-05-31 08:50:55,324617.28524428,0.00000532,0.000000000442652196,7716489,2019-05-31 08:50:55,btc,1.752111387710359,0.0,0.00000532,btc,227330.88243562,0.44157214,0.4177483297582692,13
1,[],10,[],2019-05-31 08:50:59,646839.35723826,0.00000525,0.000000000436827825,7716490,2019-05-31 08:50:59,btc,666803.2711842085,22420.0080063,0.00000525,btc,867965.12708593,0.0,0.2123610448556658,13
1,[],21,[],2019-05-31 08:51:00,2186596.79733746,0.000005419999999999999775910589778,0.00000000045097272600000003,7716491,2019-05-31 08:51:00,btc,2.31953449460543,842841.77437051,0.0000054199999999999997759105897776610305527356103993952274322509765625,btc,371461.80951133,4.65030319,7.4564428889942995,13
0,[],17,[],2019-05-03 00:53:32,0.0,0,0,7558876,2019-05-03 00:53:32,btc,0.0,0.0,0,btc,0.0,0.0,0.0,14
1,[],4,[],2019-05-31 08:16:53,1089202.85896969,0.00000072,0.000000000059862024,7716340,2019-05-31 08:16:53,btc,4.072470582324088,0.0,0.00000072,btc,806776.43396625,0.0266046,0.1998349612200279,14
1,[],12,[],2019-05-31 08:16:54,135293.10018783,0.00000073,0.000000000060693441,7716341,2019-05-31 08:16:54,btc,14.134166960318211,0.0,0.00000073,btc,21650.79261605,0.0,0.0150733299999701,14
1,[],26,[],2019-05-31 08:18:54,0.0,0.00000050,0.000000000041570850000000004,7716342,2019-05-31 08:18:54,btc,0.0,0.0,0.00000050,btc,0.0,0.0,0.0,14
0,[],4,[],2019-05-31 08:51:00,0.0,0,0,7716492,2019-05-31 08:51:00,,0.0,0.0,0,,0.0,0.0,0.0,15
,[],12,[],2018-12-01 15:15:48,204241.84496,0.00000489,0.000000000202473384,5260204,2018-12-01 15:15:48,btc,49.5475654835,0.0,,btc,35763.2193806,0.0163153972027625,0.0203389899998,15
0,[],2,[],2019-01-20 23:23:38,0.0,0,0,6476906,2019-01-20 23:23:38,,0.0,0.0,0,,0.0,0.0,0.0,18
0,[],17,[],2019-05-03 00:53:39,0.0,0,0,7558882,2019-05-03 00:53:39,btc,0.0,0.0,0,btc,0.0,0.0,0.0,18
1,[],4,[],2019-05-31 08:18:58,34213.94267605,0.00001158,0.0000000009627808860000001,7716344,2019-05-31 08:18:58,btc,0.9709387828732187,0.0,0.00001158,btc,10938.57382262,0.03983102,0.0789850988264594,18
1,[],10,[],2019-05-31 08:19:01,486589.14885895,0.00001232,0.0000000010243057440000002,7716345,2019-05-31 08:19:01,btc,15.338712295241754,2638.48160767,0.00001232,btc,13130.92651416,0.0,0.071297664706306,18
1,[],12,[],2019-05-31 08:19:02,3298.38787977,0.00001209999999999999934657303468643618771238834597170352935791015625,0.00000000100601457,7716346,2019-05-31 08:19:02,btc,0.401845933251962,0.0,0.00001209999999999999934657303468643618771238834597170352935791015625,btc,1455.9362923,0.000811869194,0.0135679690437499,18
0,[],2,[],2019-01-20 23:24:19,0.0,0,0,6476924,2019-01-20 23:24:19,,0.0,0.0,0,,0.0,0.0,0.0,19
1,[],3,[],2019-05-31 08:51:02,150208.35239198906,0.000004099999999999999708588140079346118227476836182177066802978515625,0.00000000034114173000000003,7716493,2019-05-31 08:51:02,btc,0.17079021145815176,3802.61204435,0.000004099999999999999708588140079346118227476836182177066802978515625,btc,4309.313053601002,0.0,0.0533426948279847,19
1,[],4,[],2019-05-31 08:51:02,511874.62625041,0.00000803,0.0000000006681385590000001,7716494,2019-05-31 08:51:02,btc,3.7674210689429013,0.0,0.00000803,btc,174204.27543223,0.19187273,0.3947484462012528,19
1,[],5,[],2019-05-31 08:51:04,0.0,0,0,7716495,2019-05-31 08:51:04,btc,0.0,0.0,0,btc,0.0,0.0,0.0,19
1,[],12,[],2019-05-31 08:51:07,15034.72511478,0.000007109999999999999688846986922730053493069135583937168121337890625,0.0000000005915896830000001,7716496,2019-05-31 08:51:07,btc,0.0591128660400933,0.0,0.000007109999999999999688846986922730053493069135583937168121337890625,btc,1949.55052991,0.0,0.0267246999995443,19
0,[],27,[],2019-05-31 08:51:15,0.0,0,0,7716497,2019-05-31 08:51:15,,0.0,0.0,0,btc,0.0,0.0,0.0,19
1,[],4,[],2019-05-31 08:51:16,10062076.88478525,0.00000007,0.000000000005824371,7716498,2019-05-31 08:51:16,btc,6.411239436602338,0.0,0.00000007,btc,2322306.93095912,0.0,0.1174938176872809,20
1,[],4,[],2019-05-31 08:21:20,23600633.506,0.00000001,0.000000000000831417,7716353,2019-05-31 08:21:20,btc,1771.0957495446062,0.0,0.00000001,btc,69432630.21973631,0.05258814,0.23600633506,21
1,[],12,[],2019-05-31 08:21:22,1145839.0,0.00000001,0.0000000000008314170000000001,7716354,2019-05-31 08:21:22,btc,2566.5052706028373,0.0,0.00000001,btc,4717210.64135862,0.01252012,0.01145839,21
0,[],17,[],2019-05-03 00:53:51,0.0,0,0,7558891,2019-05-03 00:53:51,btc,0.0,0.0,0,btc,0.0,0.0,0.0,21
1,[],12,[],2019-05-31 08:23:23,5214996837.05,0.0000000004,0.00000000000003325668,7716355,2019-05-31 08:23:23,btc,708410089.52721,0.0,0.0000000004,btc,3098359381.3297133,0.089810429146,1.19690808292,23
0.0000000003070393,[],27,[],2019-05-31 08:23:28,102682442.02004008,9.211179e-18,7.658330810643001e-22,7716356,2019-05-31 08:23:28,eth,105173.3716331428,386030484.91987014,0.00000003,eth,21187342.028,4.7410611957224205e-09,7.206379770056979e-10,23
1,[],4,[],2019-05-31 08:23:29,1792079.61036416,0.00000019,0.000000000015796923,7716357,2019-05-31 08:23:29,btc,13.146918356866886,0.0,0.00000019,btc,2163083.03749451,0.0,0.0519488991044526,24
1,[],22,[],2019-05-31 08:23:34,21.76,0.00000100,0.00000000008314170000000001,7716358,2019-05-31 08:23:34,BTC,7.415e-05,0.0,0.00000100,BTC,23.919354838709676,0.0,1.186e-05,24
0.0,[],25,[],2019-05-31 08:23:35,0.0,0,0,7716359,2019-05-31 08:23:35,,0.0,0.0,0.0,btc,0.0,0.0,0.0,24
1,[],4,[],2019-05-31 08:23:36,7644250.27849572,0.00000472,0.000000000392428824,7716360,2019-05-31 08:23:36,btc,14.41610927015962,0.0,0.00000472,btc,250088.62375436,0.11373815,0.2861505599214391,26
1,[],10,[],2019-05-31 08:23:38,149485.74407793,0.00000385,0.000000000320095545,7716361,2019-05-31 08:23:38,btc,25.583064883456696,5450.8780538,0.00000385,btc,22898.15511692,0.0,0.034236565286936,26
0,[],2,[],2019-01-20 23:25:56,0.0,0,0,6476976,2019-01-20 23:25:56,,0.0,0.0,0,,0.0,0.0,0.0,26
1,[],3,[],2019-05-31 08:23:39,22114296.5,0.00000001,0.0000000000008314170000000001,7716362,2019-05-31 08:23:39,btc,3.767691971603427,10079247.8707,0.00000001,btc,26162125.36111529,0.0,0.221142965,27
1,[],11,[],2019-05-31 08:23:40,2110243.08157834,0.00000002,0.0000000000016628340000000002,7716363,2019-05-31 08:23:40,btc,67503.04533244639,19676.5543251,0.00000002,btc,6590405.9414731,0.0,0.0211134458157834,27
1,[],5,[],2019-04-26 09:47:06,0.0,0,0,7465326,2019-04-26 09:47:06,btc,0.0,0.0,0,btc,0.0,0.0,0.0,27
1,[],4,[],2019-05-31 08:23:42,1092827124.3813126,0.00000001,0.000000000000831417,7716364,2019-05-31 08:23:42,btc,4.832694965540262,0.0,0.00000001,"btc,ltc",288490255.71291924,0.00498929,7.49314707484428,29
1,[],7,[],2019-05-31 08:23:43,85490543.33155985,0.00000001,0.0000000000008314170000000001,7716365,2019-05-31 08:23:43,btc,46548272.12531079,45116.0758483,0.00000001,btc,35025178.2079238,0.00045116,0.8549054333155985,29
1,[],4,[],2019-05-31 08:23:44,15254680.11601546,0.00000006,0.000000000004988502,7716366,2019-05-31 08:23:44,btc,2.7023772376036272,0.0,0.00000006,btc,2102648.09973194,0.0,0.1693992723165774,30
0,[],17,[],2019-05-03 01:11:25,0.0,0,0,7559066,2019-05-03 01:11:25,btc,0.0,0.0,0,btc,0.0,0.0,0.0,30
1,[],4,[],2019-05-31 08:25:46,106022.87709428,0.00004234,0.000000003520219578,7716367,2019-05-31 08:25:46,btc,3.3204299819420022,0.0,0.00004234,btc,44130.96869627,1.15510084,0.4586270104368924,31
1,[],21,[],2019-05-31 08:25:47,130750.79259469,0.00004212000000000000330324309572,0.0000000035019284040000002,7716368,2019-05-31 08:25:47,btc,5.485503409615676,209762.9954735,0.0000421200000000000033032430957202763011082424782216548919677734375,btc,109219.5674906,8.81647147,3.6092554283908864,31
0,[],2,[],2019-01-20 23:28:43,0.0,0,0,6477009,2019-01-20 23:28:43,,0.0,0.0,0,,0.0,0.0,0.0,32
0,[],4,[],2019-05-31 08:25:48,0.0,0,0,7716369,2019-05-31 08:25:48,,0.0,0.0,0,,0.0,0.0,0.0,33
1,[],12,[],2019-03-30 07:55:10,40641173.964,0.00000003,0.000000000001228359,7108785,2019-03-30 07:55:10,btc,4233210.82356125,0.0,0.00000003,btc,28378394.68333462,0.0126927883965248,0.90752895892,33
0.0000000001286044,[],4,[],2019-05-31 08:25:49,511139558.0275525,2.8292968000000005e-17,2.3523254575656003e-21,7716370,2019-05-31 08:25:49,ltc,3.697678048113128,0.0,0.00000022,ltc,156138237.71985117,0.000998,2.011007325308659e-09,34
1,[],5,[],2019-05-31 08:25:50,0.0,0,0,7716371,2019-05-31 08:25:50,btc,0.0,0.0,0,btc,0.0,0.0,0.0,34
0.0000000001286044,[],4,[],2019-05-31 08:25:52,1561819564.0727658,1.286044e-18,1.0692388443480002e-22,7716372,2019-05-31 08:25:52,ltc,4.9212605293231274e-08,0.0,0.00000001,ltc,7102398142.262129,0.0,2.008568679458396e-09,36
1,[],5,[],2019-05-31 08:25:54,0.0,0,0,7716373,2019-05-31 08:25:54,btc,0.0,0.0,0,btc,0.0,0.0,0.0,36
0.0000000003070393,[],27,[],2019-05-31 08:28:00,10388811.226876,6.140786e-18,5.105553873762001e-22,7716374,2019-05-31 08:28:00,eth,1569.8708019850988,7691117.0,0.00000002,"ltc,eth",5084024.2511555,2.5817315597962e-11,3.278495133236852e-11,36
0.0000000002926451,[],17,[],2019-05-02 18:17:47,200000.0,2.9264510000000002e-18,1.596703856561e-22,7556430,2019-05-02 18:17:47,eth,0.20942468735267253,0.0,0.00000001,"btc,eth",1018272.20243647,0.0,5.852902e-13,36
1,[],4,[],2019-05-31 08:28:02,9863345.44315271,0.00000018,0.000000000014965506,7716375,2019-05-31 08:28:02,btc,19772.519121168567,0.0,0.00000018,btc,719043.30733135,0.00704121,0.1196626430746539,37
1,[],12,[],2019-05-31 08:28:04,3615533.36528572,0.00000019,0.000000000015796923,7716376,2019-05-31 08:28:04,btc,9.368807541986031,0.0,0.00000019,btc,1024443.46434402,0.02528620983,0.16531771614428659,37
1,[],27,[],2019-05-31 08:30:11,6187.0,0.00000016,0.000000000013302672,7716377,2019-05-31 08:30:11,btc,24.11463822903233,0.0,0.00000016,btc,5792.59438508,0.0,0.00076392,37
1,[],17,[],2019-05-03 01:11:36,211752.74075282,0.00000025,0.000000000013700074999999998,7559074,2019-05-03 01:11:36,btc,0.055484923955058496,0.0,0.00000025,"btc,eth",1387.19918473,0.0,0.0005381851887916605,37
1,[],5,[],2019-05-31 08:30:13,0.0,0,0,7716378,2019-05-31 08:30:13,btc,0.0,0.00133617,0,btc,0.0,0.0,0.0,42
1,[],12,[],2019-05-31 08:30:14,141089.70020519,0.00000087,0.00000000007233327900000001,7716379,2019-05-31 08:30:14,btc,24.79056682868754,0.0,0.00000087,btc,72332.7173584,0.00259233008,0.0541199299999566,42
1,[],27,[],2019-05-31 08:30:23,506.0,0.00000002,0.000000000001662834,7716380,2019-05-31 08:30:23,btc,0.07600425,0.0,0.00000002,"btc,eth",18.0,0.0,6.000000322575489e-06,42
1,[],12,[],2019-03-13 09:13:29,1112112.0,0.00000001,0.000000000000386531,6919902,2019-03-13 09:13:29,btc,29058.00478931866,0.0,0.00000001,btc,5967681.93306694,9.99000999e-07,0.01112112,43
1,[],5,[],2019-04-26 22:38:52,0.0,0,0,7474154,2019-04-26 22:38:52,btc,0.0,0.02638891,0,btc,0.0,0.0,0.0,43
0,[],17,[],2019-04-26 22:38:53,0.0,0,0,7474155,2019-04-26 22:38:53,btc,0.0,0.0,0,btc,0.0,0.0,0.0,43
1,[],12,[],2019-03-05 01:54:08,639326.02,0.00000004,0.000000000001486676,6845775,2019-03-05 01:54:08,btc,11116042.728239931,0.0,0.00000004,btc,1103841.4595604,0.0003330765234764,0.014975410599999999,44
1,[],4,[],2019-05-31 08:30:25,115673086.3708475,0.00000001,0.000000000000831417,7716381,2019-05-31 08:30:25,btc,291324.2421206037,0.0,0.00000001,"btc,ltc",27941391.87328054,0.00659738,0.07883303276107008,49
0.0000000001286044,[],4,[],2019-05-31 08:30:26,130883851.61713742,3.4723188e-17,2.8869448797396004e-21,7716382,2019-05-31 08:30:26,ltc,22049.959233000824,0.0,0.00000027,ltc,159251609.04004836,0.0,1.2651184766472874e-09,52
0,[],22,[],2019-05-31 08:30:29,0.0,0,0,7716383,2019-05-31 08:30:29,,10289.55991011,0.0,0,,308568058.4566013,0.0,0.0,57
1,[],27,[],2019-05-31 08:30:36,2297.0,0.0000003,0.00000000002494251,7716384,2019-05-31 08:30:36,btc,0.0,0.0,0.0000003,"btc,eth",0.0,0.0,0.0003891,57
0.0000000001286044,[],4,[],2019-05-31 08:30:37,3434278406.724336,1.286044e-18,1.0692388443480002e-22,7716385,2019-05-31 08:30:37,ltc,19.34101291826355,0.0,0.00000001,ltc,5787888096.321104,0.0,4.416633139297393e-09,58
1,[],12,[],2019-05-31 08:30:38,634506191.0,0.0000000001,0.00000000000000831417,7716386,2019-05-31 08:30:38,btc,2202504.923994263,0.0,0.0000000001,btc,3272236455.0568995,0.069221787868,0.06345061910000001,58
0.00000000011068270000000001,[],22,[],2019-05-31 08:32:42,126877.0,1.106827e-18,9.202347838590001e-23,7716387,2019-05-31 08:32:42,XMR,68.17454206,0.0,0.00000001,XMR,9626402.6,0.0,0.00126877,58
1,[],17,[],2019-05-03 01:12:09,1200000.0,0.0000000001,0.00000000000000548003,7559085,2019-05-03 01:12:09,btc,1e+24,0.0,0.0000000001,"btc,eth",39516342.31952568,0.0,0.00010000000058666061,58
1,[],5,[],2019-05-31 08:32:45,0.0,0,0,7716388,2019-05-31 08:32:45,btc,0.0,0.00164935,0,btc,0.0,0.0,0.0,61
1,[],22,[],2019-05-31 08:32:48,13613.833333333334,0.00000012,0.000000000009977004,7716389,2019-05-31 08:32:48,BTC,1002.29123003,0.0,0.00000012,BTC,15014.200177125656,0.0,0.00153269,61
1,[],26,[],2019-05-31 08:32:48,0.0,0.00000050,0.000000000041570850000000004,7716390,2019-05-31 08:32:48,btc,0.0,0.0,0.00000050,btc,0.0,0.0,0.0,61
1,[],27,[],2019-05-31 08:32:58,8450.0,0.0000002,0.00000000001662834,7716391,2019-05-31 08:32:58,btc,1.9582485601246655,0.0,0.0000002,"btc,eth",11379.41563696,0.0,0.001522,61
0,[],28,[],2019-05-31 08:33:45,0.0,0,0,7716392,2019-05-31 08:33:45,,0.0,754.0,0,,0.0,0.0,0.0,61
1,[],4,[],2019-05-31 08:33:48,778640.51802319,0.00000076,0.000000000063187692,7716393,2019-05-31 08:33:48,btc,2.928344593080404,0.0,0.00000076,btc,895019.95464718,0.21774078,0.3844555558667577,67
0.0,[],25,[],2019-05-31 08:33:49,0.0,0,0,7716394,2019-05-31 08:33:49,,0.0,0.0,0.0,btc,0.0,0.0,0.0,67
1,[],12,[],2019-05-31 08:33:50,813749.0,0.00000005,0.000000000004157085,7716395,2019-05-31 08:33:50,btc,5.17014913104895,0.0,0.00000005,btc,776418.27172826,1.020005e-05,0.01771861,71
,[],5,[],2018-11-20 23:02:39,1.5e-07,0.00000005,0.000000000002128045,4862160,2018-11-20 23:02:39,btc,2.84511358,0.0,,btc,0.00036572,0.0,0.07381892,74
1,[],5,[],2019-05-31 08:33:51,0.0,0,0,7716396,2019-05-31 08:33:51,btc,0.0,0.06777606,0,btc,0.0,0.0,0.0,75
0,[],4,[],2019-05-25 21:33:44,0.0,0,0,7686249,2019-05-25 21:33:44,,133656.37989170782,0.0,0,,33439209.5909442,0.0,0.0,81
0,[],20,[],2019-01-25 09:30:31,0.0,0,0,6495923,2019-01-25 09:30:31,btc,0.0,0.0,0,btc,0.0,0.0,0.0,81
1,[],4,[],2019-05-31 08:33:52,36188.01602359,0.00011792,0.000000009804069264,7716397,2019-05-31 08:33:52,btc,33.788515900039165,0.0,0.00011792,btc,71468.19360639,0.52052631,0.71990316978856,82
1,[],21,[],2019-05-31 08:33:53,68544.14703127,0.0001185800000000000064713165382,0.000000009858942786,7716398,2019-05-31 08:33:53,btc,32.05498789332613,104068.50827896,0.000118580000000000006471316538192439793419907800853252410888671875,btc,170903.63793522998,10.99172904,5.600604854184594,82
0,[],17,[],2019-03-25 22:42:34,0.0,0,0,7038780,2019-03-25 22:42:34,btc,0.0445064681804024,0.0,0,btc,995513.18476001,0.0,0.0,84
0.0000000001161485,[],4,[],2019-05-20 13:09:39,216715621.0206096,1.161485e-18,9.0533806701e-23,7657228,2019-05-20 13:09:39,ltc,1.6511566870244727,0.0,0.00000001,ltc,471032407.9048656,0.0,2.5171194308112273e-10,85
,[],22,[],2018-11-20 23:09:34,3408.1,0.0000001,0.0000000000041895,4862324,2018-11-20 23:09:34,BTC,0.04624735,0.0,,BTC,4990.0,0.0,0.00033081,86
1,[],22,[],2019-05-31 08:33:56,62656.0,0.00000001,0.000000000000831417,7716399,2019-05-31 08:33:56,BTC,1.44964902,0.0,0.00000001,BTC,275108.04736842104,5.5e-05,0.00062656,87
1,[],27,[],2019-05-31 08:34:02,84552.0,0.00000002,0.000000000001662834,7716400,2019-05-31 08:34:02,btc,5.060705018036,23611.0,0.00000002,btc,152977.67341,0.00047222,0.00088944,87
,[],2,[],2018-11-20 23:10:47,0.0,0,0,4862359,2018-11-20 23:10:47,,0.0,0.0,,,0.0,0.0,0.0,88
1,[],11,[],2019-05-31 08:34:04,153211.12514196,0.000080010000000000001366302904148852803700719960033893585205078125,0.000000006652167417,7716401,2019-05-31 08:34:04,btc,167.2766927457509,212.68495228,0.000080010000000000001366302904148852803700719960033893585205078125,btc,200121.9642181,0.0,2.1477916458417683,89
0,[],2,[],2019-01-20 23:31:45,0.0,0,0,6477083,2019-01-20 23:31:45,,0.0,0.0,0,,0.0,0.0,0.0,91
1,[],12,[],2019-05-31 08:34:05,265592.25439277,0.0000003,0.000000000024942509999999998,7716402,2019-05-31 08:34:05,btc,87.69192086528294,0.0,0.0000003,btc,146623.64797313,0.000200408891,0.0121550783999919,91
1,[],22,[],2019-05-31 08:36:08,75910.55,0.0000002,0.00000000001662834,7716403,2019-05-31 08:36:08,BTC,0.495,0.0,0.0000002,"BTC,LTC",4.95,0.0,0.00165931,91
0,[],17,[],2019-05-03 01:12:26,0.0,0,0,7559096,2019-05-03 01:12:26,btc,0.0,0.0,0,btc,0.0,0.0,0.0,91
1,[],22,[],2019-04-09 20:17:52,374949.73333333334,0.00000015,0.000000000007771935,7235704,2019-04-09 20:17:52,BTC,6.87372503,0.0,0.00000015,"BTC,LTC",159980.01196797504,1.1e-05,0.80510266,95
0.0000000001286044,[],4,[],2019-05-31 08:36:11,543349889.3351129,2.7006924e-17,2.2454015731308004e-21,7716404,2019-05-31 08:36:11,ltc,11.298921556369548,0.0,0.00000021,ltc,153531378.7863669,0.00247066,8.57216246930163e-10,96
0,[],12,[],2019-05-31 08:36:12,0.0,0,0,7716405,2019-05-31 08:36:12,btc,17.13202668048951,0.0,0,btc,9673329.04895105,1.0989e-07,0.0,96
0,[],17,[],2019-05-03 01:12:32,0.0,0,0,7559100,2019-05-03 01:12:32,btc,0.0,0.0,0,btc,0.0,0.0,0.0,96
1,[],4,[],2019-04-14 03:32:46,1039404.33283278,0.00000038,0.000000000019245518,7293458,2019-04-14 03:32:46,btc,4.170086055365747,0.0,0.00000038,btc,3097704.34561074,0.06260606,0.1859928211030784,99
1,[],4,[],2019-05-31 08:38:14,208091.98443854,0.00001651,0.000000001372669467,7716406,2019-05-31 08:38:14,btc,7.408658741091248,0.0,0.00001651,btc,155296.88362815,0.31012267,0.3173612640927296,100
0,[],2,[],2019-01-20 23:23:55,0.0,0,0,6476914,2019-01-20 23:23:55,,0.0,0.0,0,,0.0,0.0,0.0,100
1,[],22,[],2019-05-31 08:38:17,150000.0,0.00000002,0.000000000001662834,7716407,2019-05-31 08:38:17,BTC,24.83526409,0.0,0.00000002,BTC,11187.719,0.0,0.0017,101
1,[],4,[],2019-05-31 08:38:18,550573.37412437,0.00000172,0.000000000143003724,7716408,2019-05-31 08:38:18,btc,364.0595552068665,0.0,0.00000172,btc,605251.09563867,0.10026903,0.1883833054221449,103
1,[],12,[],2019-05-31 08:38:20,145127797.0,0.000000004,0.00000000000033256680000000004,7716409,2019-05-31 08:38:20,btc,2404.281072652278,0.0,0.000000004,btc,68137397.44954333,0.061647117808,0.17192907400000002,105
1,[],27,[],2019-05-31 08:38:45,235623.0,0.00000001,0.000000000000831417,7716410,2019-05-31 08:38:45,btc,0.28517324,936156.60347933,0.00000001,btc,359825.0,0.03744626,0.00235623,105
1,[],22,[],2019-04-21 00:17:26,21333.0,0.00000001,0.000000000000532493,7385819,2019-04-21 00:17:26,BTC,51.38182867,0.0,0.00000001,BTC,470435.0,0.0,0.00021333,107
1,[],26,[],2019-04-21 00:17:26,0.0,0.00000000,0,7385820,2019-04-21 00:17:26,btc,0.0,0.0,0.00000000,btc,0.0,0.0,0.0,107
1,[],5,[],2019-05-31 08:38:47,0.0,0,0,7716411,2019-05-31 08:38:47,btc,0.0,0.0,0,btc,0.0,0.0,0.0,112
0,[],22,[],2019-05-31 08:38:49,0.0,0,0,7716412,2019-05-31 08:38:49,,6.79500102,0.0,0,,3375892.0833333335,0.0,0.0,112
1,[],27,[],2019-05-31 08:38:58,1.0,0.00000001,0.000000000000831417,7716413,2019-05-31 08:38:58,btc,1.15032588,0.0,0.00000001,"btc,eth",1818.0,0.0,1e-08,112
1,[],4,[],2019-05-31 08:39:00,269890.54913111,0.00000086,0.000000000071501862,7716414,2019-05-31 08:39:00,btc,5.581134444943758,0.0,0.00000086,btc,637819.19947058,0.05307071,0.1660139698535034,113
1,[],5,[],2019-05-31 08:39:01,0.0,0,0,7716415,2019-05-31 08:39:01,btc,0.0,0.0,0,btc,0.0,0.0,0.0,113
1,[],17,[],2019-04-26 02:17:47,162738.278,0.00000004,0.0000000000021069000000000002,7461287,2019-04-26 02:17:47,btc,1.3331140273775473,0.0,0.00000004,btc,51796.221,0.0,0.00230953112,116
1,[],27,[],2019-05-22 05:13:01,210000.0,0.00000001,0.00000000000079145,7666372,2019-05-22 05:13:01,btc,3919.0005001478,0.0,0.00000001,btc,128660.871,0.0,0.0021,116
1,[],4,[],2019-05-21 22:31:11,138169.03963019,0.00000701,0.000000000558364025,7664793,2019-05-21 22:31:11,btc,150.95388250938234,0.0,0.00000701,btc,344631.17141974,0.07552974,0.4288357684941946,120
1,[],7,[],2019-05-21 22:31:12,3901.07750076,0.000010679999999999999389654892212320191902108490467071533203125,0.0000000008506887,7664794,2019-05-21 22:31:12,btc,231188.94669936574,0.0,0.000010679999999999999389654892212320191902108490467071533203125,btc,4133.83151364,0.0,0.0113888422364489,120
1,[],20,[],2019-04-07 18:42:29,1914137.0852,0.000000035,0.0000000000017871910000000002,7211992,2019-04-07 18:42:29,btc,32.2497668025648,25528.85,0.000000035,btc,1001975.4986,0.00089350975,0.0152723574729,125
1,[],22,[],2019-05-31 08:39:06,10000.0,0.00000001,0.000000000000831417,7716416,2019-05-31 08:39:06,BTC,0.032061,0.0,0.00000001,BTC,299316.7611111111,0.0,0.0001,126
1,[],4,[],2019-05-31 08:39:07,393802.76420669,0.00000775,0.000000000644348175,7716417,2019-05-31 08:39:07,btc,5.003008153705386,0.0,0.00000775,btc,163621.29484874,0.59961025,1.2582879135892828,131
0,[],2,[],2019-01-20 23:25:46,0.0,0,0,6476969,2019-01-20 23:25:46,,0.0,0.0,0,,0.0,0.0,0.0,131
1,[],17,[],2019-05-03 01:13:10,10000.0,0.00000001,0.000000000000548003,7559115,2019-05-03 01:13:10,btc,0.0953976503951408,0.0,0.00000001,btc,5037.62507334,0.0,0.0001,131
1,[],4,[],2019-05-31 08:41:08,4878.94028381,0.00007920,0.000000006584822640000001,7716418,2019-05-31 08:41:08,btc,5.031364787338697,0.0,0.00007920,btc,202.13055914,0.0,0.0067419410096424,135
1,[],3,[],2019-05-31 08:41:09,596452.22392675,0.00000001,0.0000000000008314170000000001,7716419,2019-05-31 08:41:09,btc,0.2228465753150825,1605354.79937,0.00000001,btc,1910497.43168451,0.0,0.005964522239267501,136
1,[],4,[],2019-05-31 08:41:10,1984794.99722919,0.00000183,0.000000000152149311,7716420,2019-05-31 08:41:10,btc,108.93912881911096,0.0,0.00000183,btc,522508.1401709,0.04113819,0.3225494732274133,137
1,[],12,[],2019-05-31 08:41:11,88928.68658089,0.00000181999999999999993881738720447049928452543099410831928253173828125,0.00000000015131789399999999,7716421,2019-05-31 08:41:11,btc,57.84137404606726,0.0,0.00000181999999999999993881738720447049928452543099410831928253173828125,btc,50552.24707866,0.0,0.0190253799999314,137
1,[],4,[],2019-05-31 08:41:12,99908.95733972,0.00001872,0.000000001556412624,7716422,2019-05-31 08:41:12,btc,8.35250027068518,0.0,0.00001872,btc,108880.76927915,0.91215694,0.8813717529792612,142
1,[],5,[],2019-05-31 08:41:13,0.0,0,0,7716423,2019-05-31 08:41:13,btc,0.0,0.0380407,0,btc,0.0,0.0,0.0,142
1,[],20,[],2019-05-31 08:43:17,209043.5319,0.000015,0.0000000012471255,7716424,2019-05-31 08:43:17,btc,1.6084729898723,0.0,0.000015,btc,9872.8163,0.0,0.0187095666174,142
1,[],22,[],2019-05-31 08:43:22,11028.645,0.00001000,0.000000000831417,7716425,2019-05-31 08:43:22,BTC,3.2754788,0.0,0.00001000,BTC,1133.9993657797618,0.0,0.00745365,142
0.0,[],25,[],2019-05-31 08:43:24,0.0,0,0,7716426,2019-05-31 08:43:24,,0.0,0.0,0.0,btc,0.0,0.0,0.0,142
0,[],28,[],2019-05-31 08:44:22,0.0,0,0,7716427,2019-05-31 08:44:22,,0.0,0.0,0,,0.0,0.0,0.0,142
1,[],17,[],2019-05-03 01:13:16,32967.38636364,0.00000088,0.000000000048224264,7559122,2019-05-03 01:13:16,btc,20.06976206696776,0.0,0.00000088,btc,2746.079105,0.0,0.0105613000000032,142
0,[],22,[],2019-05-31 08:44:28,0.0,0,0,7716428,2019-05-31 08:44:28,,64.98618676,0.0,0,,787024755.3,0.0,0.0,143
0,[],22,[],2019-02-25 15:42:22,0.0,0,0,6783783,2019-02-25 15:42:22,,4.2131946,0.0,0,,2322156.0,0.0,0.0,146
,[],22,[],2018-11-20 23:01:11,0.0,0,0,4862114,2018-11-20 23:01:11,,2.56807021,0.0,,,61828.4988236,0.0,0.0,147
1,[],12,[],2019-04-21 06:38:04,193091.5971266,0.00000071,0.000000000037635183,7388679,2019-04-21 06:38:04,btc,2.301232411611175,0.0,0.00000071,btc,9957.48302385,0.00023528,0.0313308199999888,148
1,[],4,[],2019-03-19 21:31:25,255810.0415942,0.00000029,0.000000000011615747,6982695,2019-03-19 21:31:25,btc,218.94922712414143,0.0,0.00000029,btc,793529.37642722,0.00117,0.0608347789473395,152
0,[],22,[],2019-03-19 21:31:27,0.0,0,0,6982696,2019-03-19 21:31:27,,0.0,0.0,0,,0.0,0.0,0.0,152
1,[],5,[],2019-04-26 09:36:59,0.0,0,0,7465040,2019-04-26 09:36:59,btc,0.0,0.0,0,btc,0.0,0.0,0.0,153
,[],16,[],2019-01-11 15:38:59,0.0,0,0,6366141,2019-01-11 15:38:59,btc,0.0,0.0,,btc,0.0,0.0,0.0,155
0,[],22,[],2019-05-31 08:44:32,0.0,0,0,7716429,2019-05-31 08:44:32,,7.44455324,0.0,0,,5955762.942592593,0.0,0.0,156
0,[],23,[],2019-01-20 23:24:29,0.0,0,0,6476932,2019-01-20 23:24:29,,0.0,0.0,0,,0.0,0.0,0.0,156
1,[],22,[],2019-05-31 08:44:35,6996.0,0.00000001,0.000000000000831417,7716430,2019-05-31 08:44:35,BTC,1.7543039,0.0,0.00000001,BTC,57.0,0.0,6.996e-05,157
0,[],22,[],2019-05-21 23:40:32,0.0,0,0,7665049,2019-05-21 23:40:32,,50234.60468402,0.0,0,,54786159.03179465,0.0,0.0,158
,[],17,[],2018-11-20 22:56:10,0.0,0,0,4861976,2018-11-20 22:56:10,btc,1.1265625,0.0,,btc,1000.0,0.0,0.0,159
,[],20,[],2018-11-20 22:56:12,0.0,0,0,4861977,2018-11-20 22:56:12,btc,11912.7940471,0.0,,btc,34413894.3617,0.0,0.0,159
1,[],12,[],2019-05-24 02:51:20,9178.522006449999,0.00000191999999999999982841307998027158276954651228152215480804443359375,0.000000000151222656,7676256,2019-05-24 02:51:20,btc,149.80414728631675,0.0,0.00000191999999999999982841307998027158276954651228152215480804443359375,btc,1115.7451448499999,0.01783167678326,0.0120075778999181,168
1,[],17,[],2019-05-03 01:13:36,42852.0,0.00000002,0.000000000001096006,7559132,2019-05-03 01:13:36,btc,0.04279856251542,0.0,0.00000002,btc,274.46171372,0.0,0.00052852,168
1,[],22,[],2019-05-17 03:01:52,10.0,0.00000001,0.000000000000778341,7642059,2019-05-17 03:01:52,BTC,41.95893009,0.0,0.00000001,BTC,1753972.7737547632,0.0,1e-07,169
1,[],22,[],2019-05-30 08:38:18,202834.0,0.00000002,0.0000000000017416160000000001,7711049,2019-05-30 08:38:18,BTC,27.87002826,0.0,0.00000002,BTC,462189.5410507793,0.0,0.00211768,171
1,[],22,[],2019-05-29 08:05:18,349870.0,0.00000002,0.000000000001705894,7705265,2019-05-29 08:05:18,BTC,24.05907723,0.0,0.00000002,"BTC,LTC",1224285.4355616204,0.0,0.0039847,173
1,[],5,[],2019-05-31 08:44:37,0.0,0,0,7716431,2019-05-31 08:44:37,btc,0.0,0.10329842,0,btc,0.0,0.0,0.0,175
1,[],22,[],2019-05-31 08:44:40,90671.0,0.00000001,0.000000000000831417,7716432,2019-05-31 08:44:40,BTC,394.35459412,0.0,0.00000001,BTC,136275.61833431243,0.0,0.00090671,176
1,[],7,[],2019-05-31 08:44:43,0.0,0,0,7716433,2019-05-31 08:44:43,btc,522274.28208915493,435055.944056,0,btc,21993385.47972966,0.00435056,0.0,178
0,[],22,[],2019-05-31 08:44:45,0.0,0,0,7716434,2019-05-31 08:44:45,,1.00242428,0.0,0,,57512.0,0.0,0.0,178
0,[],2,[],2019-01-20 23:28:34,0.0,0,0,6477001,2019-01-20 23:28:34,,0.0,0.0,0,,0.0,0.0,0.0,178
1,[],5,[],2019-05-31 08:44:49,0.0,0,0,7716435,2019-05-31 08:44:49,btc,0.0,0.22459612,0,btc,0.0,0.0,0.0,179
0,[],22,[],2019-05-31 08:44:51,0.0,0,0,7716436,2019-05-31 08:44:51,,5.31559113,0.0,0,,13534709.311946675,0.0,0.0,179
0,[],23,[],2019-01-20 23:25:08,0.0,0,0,6476952,2019-01-20 23:25:08,,0.0,0.0,0,,0.0,0.0,0.0,179
1,[],22,[],2019-05-31 08:46:56,680441.1315646544,0.00000106,0.000000000088130202,7716437,2019-05-31 08:46:56,BTC,39.17030277,0.0,0.00000106,"BTC,LTC",130920.64422151133,0.10930454,0.5794764,180
1,[],26,[],2019-05-31 08:46:56,0.0,0.00000010,0.00000000000831417,7716438,2019-05-31 08:46:56,btc,0.0,0.0,0.00000010,btc,0.0,0.0,0.0,180
1,[],17,[],2019-05-03 01:13:56,20504.725000000002,0.0000001,0.00000000000548003,7559141,2019-05-03 01:13:56,btc,5.2010695838400265,0.0,0.0000001,btc,5033.45945,0.0,0.0011504725,180
,[],7,[],2018-11-20 22:58:01,562227.975654,0.00000085,0.000000000036176765,4862015,2018-11-20 22:58:01,btc,21836.6059674,2491.87645172,,btc,749999.041456,0.00211021,0.127565380455,183
,[],5,[],2019-01-10 08:11:41,0.0,0,0,6347036,2019-01-10 08:11:41,btc,82.15055501,0.00261,,btc,1.19002445,0.0,0.0,187
,[],17,[],2018-11-16 20:58:10,4062536.27273,0.00000001,0.000000000000550501,4708775,2018-11-16 20:58:10,btc,3.36492563466,0.195460381006,,"btc,eth",110697919.549,0.0,0.0157628953496,187
1,[],24,[],2019-05-22 21:04:52,0.0,0.000000000014,0.0000000000000010960978,7670219,2019-05-22 21:04:52,btc,0.0,0.0,0.000000000014,btc,0.0,0.0,0.0,187
0,[],22,[],2019-04-25 02:54:07,0.0,0,0,7447896,2019-04-25 02:54:07,,7.54794454,0.0,0,,76361.7243344055,0.0,0.0,191
0,[],22,[],2019-05-31 08:47:01,0.0,0,0,7716439,2019-05-31 08:47:01,,0.0,0.0,0,,0.0,0.0,0.0,197
0,[],23,[],2019-01-20 23:31:41,0.0,0,0,6477079,2019-01-20 23:31:41,,0.0,0.0,0,,0.0,0.0,0.0,199
0,[],22,[],2019-05-31 08:12:38,0.0,0,0,7716286,2019-05-31 08:12:38,,10.93271999,0.0,0,,99750037.0,0.0,0.0,199
1,[],26,[],2019-05-31 08:12:39,0.0,0.00000000,0,7716287,2019-05-31 08:12:39,btc,0.0,0.0,0.00000000,btc,0.0,0.0,0.0,199
0,[],2,[],2019-01-20 23:30:49,0.0,0,0,6477059,2019-01-20 23:30:49,,0.0,0.0,0,,0.0,0.0,0.0,201
1,[],4,[],2019-01-25 15:51:35,2084389.58565343,0.00000936,0.000000000333526752,6499557,2019-01-25 15:51:35,btc,2.0092503037378524,0.0,0.00000936,btc,160195.80207885,0.19272417,1.242687955921835,211
1,[],7,[],2019-05-31 08:47:05,1195371133.7420902,0.00000063,0.000000000052379271000000003,7716440,2019-05-31 08:47:05,btc,15201838.057986433,570135.949878,0.00000063,btc,8351978.61538355,0.0,13.531389643387762,212
1,[],12,[],2019-01-25 02:44:32,207462.42853209,0.000001080000000000000035831255497387193287295303889550268650054931640625,0.000000000038610756000000006,6493050,2019-01-25 02:44:32,btc,85023.03793723314,0.0,0.000001080000000000000035831255497387193287295303889550268650054931640625,btc,43675.73520027,0.000146250909087,0.0348620860622024,213
1,[],5,[],2019-05-30 00:07:46,0.0,0,0,7709357,2019-05-30 00:07:46,btc,0.0,0.06425239,0,btc,0.0,0.0,0.0,213
1,[],24,[],2019-05-30 00:07:46,0.0,0.000000399202,0.0000000000344859829346,7709358,2019-05-30 00:07:46,btc,0.0,0.0,0.000000399202,btc,0.0,0.0,0.0,213
1,[],26,[],2019-05-30 00:07:47,0.0,0.00000040,0.000000000034554919999999996,7709359,2019-05-30 00:07:47,btc,0.0,0.0,0.00000040,btc,0.0,0.0,0.0,213
0,[],22,[],2019-05-31 08:47:08,0.0,0,0,7716441,2019-05-31 08:47:08,,9.61445386,0.0,0,,3661587.094064925,0.0,0.0,216
1,[],27,[],2019-05-31 08:47:16,196550.0,0.00000001,0.000000000000831417,7716442,2019-05-31 08:47:16,btc,75.60743967917752,0.0,0.00000001,"btc,ltc",384835.407688,0.0,0.0019655,216
1,[],22,[],2019-05-31 08:47:21,718959.0714285715,0.00000028,0.000000000023279676,7716443,2019-05-31 08:47:21,BTC,12056.48903718,0.0,0.00000028,BTC,531780.7643343819,0.0,0.0536533,217
1,[],7,[],2019-05-31 08:47:22,0.0,0,0,7716444,2019-05-31 08:47:22,btc,1234864.1040716618,0.0,0,btc,164001712.13147992,0.0,0.0,219
0,[],27,[],2019-05-31 08:47:26,0.0,0,0,7716445,2019-05-31 08:47:26,,261.3948310567132,486923.0,0,btc,15858076.74381025,0.00486923,0.0,219
0,[],28,[],2019-05-31 08:48:30,0.0,0,0,7716446,2019-05-31 08:48:30,,0.0,917029.763,0,,0.0,0.0,0.0,219
1,[],22,[],2019-05-23 16:41:05,172069.0,0.00000004,0.0000000000031167080000000004,7674065,2019-05-23 16:41:05,BTC,56.76466137,0.0,0.00000004,BTC,127061.6482738741,0.0,0.00393676,221
1,[],24,[],2019-05-23 16:41:05,0.0,0.000000010000,0.0000000000007791770000000001,7674066,2019-05-23 16:41:05,btc,0.0,0.0,0.000000010000,btc,0.0,0.0,0.0,221
1,[],20,[],2019-05-31 08:48:33,3873651.0,0.000000001,0.0000000000000831417,7716447,2019-05-31 08:48:33,btc,100053.66203800458,2071295.225,0.000000001,btc,47932112.8844,0.00414259045,0.003873651,224
0,[],22,[],2019-05-31 08:48:36,0.0,0,0,7716448,2019-05-31 08:48:36,,0.0,0.0,0,,0.0,0.0,0.0,224
1,[],26,[],2019-05-31 08:48:36,0.0,0.00000025,0.000000000020785425000000002,7716449,2019-05-31 08:48:36,btc,0.0,0.0,0.00000025,btc,0.0,0.0,0.0,231
1,[],26,[],2019-05-31 08:48:36,0.0,0.00000006,0.000000000004988502,7716450,2019-05-31 08:48:36,btc,0.0,0.0,0.00000006,btc,0.0,0.0,0.0,234
0.0000000003070393,[],27,[],2019-05-31 08:48:44,100.0,3.070393e-18,2.5527769368810003e-22,7716451,2019-05-31 08:48:44,eth,0.01134836604,0.0,0.00000001,"btc,eth",11462.996,0.0,3.0703930000000003e-16,234
1,[],4,[],2019-05-22 17:06:12,91780.56053785,0.00000078,0.000000000061977552,7669277,2019-05-22 17:06:12,btc,5.573372450018177,0.0,0.00000078,btc,729173.93529783,0.0,0.0307060663355679,236
1,[],24,[],2019-05-22 17:06:12,0.0,0.000000010000,0.000000000000794584,7669278,2019-05-22 17:06:12,btc,0.0,0.0,0.000000010000,btc,0.0,0.0,0.0,236
1,[],5,[],2019-05-31 08:48:45,0.0,0,0,7716452,2019-05-31 08:48:45,btc,0.0,0.04225202,0,btc,0.0,0.0,0.0,237
1,[],20,[],2019-05-31 08:48:47,119380123.4244,0.000000042,0.0000000000034919514000000003,7716453,2019-05-31 08:48:47,btc,58795.74905463187,4861732.8822,0.000000042,btc,43278163.5424,0.2072212895632,0.4456315725686,237
1,[],22,[],2019-05-31 08:48:52,288100.0,0.00000003,0.000000000002494251,7716454,2019-05-31 08:48:52,BTC,1.20267422,0.0,0.00000003,"BTC,LTC",17930.94871794872,0.0,0.007541,237
1,[],4,[],2019-05-31 08:48:53,27166349.69944121,0.00000012,0.000000000009977004,7716455,2019-05-31 08:48:53,btc,2.8386853655237343,0.0,0.00000012,btc,8845078.96027567,0.12585266,0.5901239050931109,238
1,[],5,[],2019-05-31 08:48:54,0.0,0,0,7716456,2019-05-31 08:48:54,btc,0.0,0.00926275,0,btc,0.0,0.0,0.0,238
0,[],22,[],2019-03-12 16:49:32,0.0,0,0,6914458,2019-03-12 16:49:32,,0.40415746,0.0,0,,526736.5639027493,0.0,0.0,249
0,[],22,[],2019-05-28 23:53:45,0.0,0,0,7703643,2019-05-28 23:53:45,,13.44714864,0.0,0,,43777534.3426455,0.0,0.0,252
0,[],28,[],2019-05-31 08:49:30,0.0,0,0,7716457,2019-05-31 08:49:30,,0.0,405711.639,0,,0.0,0.0,0.0,256
1,[],22,[],2019-05-31 08:49:33,1038461.0,0.00000001,0.000000000000831417,7716458,2019-05-31 08:49:33,BTC,31464.5506333,0.0,0.00000001,BTC,584951.6675322719,7.82e-06,0.01038461,258
1,[],22,[],2019-05-19 18:12:02,400.0,0.00000001,0.0000000000007957800000000001,7653905,2019-05-19 18:12:02,BTC,2.415167,0.0,0.00000001,BTC,157.0,0.0,4e-06,259
1,[],5,[],2019-05-31 08:49:34,0.0,0,0,7716459,2019-05-31 08:49:34,btc,0.0,0.06349423,0,btc,0.0,0.0,0.0,264
1,[],20,[],2019-05-31 08:49:36,955358.9382,0.000000153,0.0000000000127206801,7716460,2019-05-31 08:49:36,btc,0.9761378127969,91059.6281,0.000000153,btc,51736.5911,0.051417380537,0.0075237773946,264
0,[],22,[],2019-04-12 17:57:27,0.0,0,0,7278186,2019-04-12 17:57:27,,66.37522201,0.0,0,,677842.4169881374,0.0,0.0,271
0,[],22,[],2019-05-29 08:10:20,0.0,0,0,7705301,2019-05-29 08:10:20,,33050470.74998113,0.0,0,,14361377780.7,0.0,0.0,272
0,[],28,[],2019-05-29 08:10:54,0.0,0,0,7705302,2019-05-29 08:10:54,,0.0,22189957216.5758,0,,0.0,0.0,0.0,272
1,[],22,[],2019-05-23 07:12:29,219930.0,0.00000004,0.000000000003048688,7671985,2019-05-23 07:12:29,BTC,426.77835217,0.0,0.00000004,BTC,248664.3325962929,0.0,0.00739728,281
1,[],22,[],2019-05-31 08:49:41,384799.68333333335,0.00000004,0.000000000003325668,7716461,2019-05-31 08:49:41,BTC,31.67267738,0.0,0.00000004,"BTC,LTC",1505465.8569583753,0.00102282,0.01613556,286
0,[],22,[],2019-05-31 08:49:43,0.0,0,0,7716462,2019-05-31 08:49:43,,7337904.96568486,0.0,0,,2004620112.6797826,0.0,0.0,294
