pairValue,buyBook,exchangeId,sellBook,updated,buyTotal,satoshiPrice,usdPrice,exchangeLogId,created,bestPair,sellTotalBtc,volume,pairPrice,activePairs,sellTotal,volumeBtc,buyTotalBtc,coinId
1,[],3,[],2019-02-23 11:22:23,30547.02693644176,0.01275421000000000019969359499327765661291778087615966796875,0.000000504673886332,6766145,2019-02-23 11:22:23,btc,61.08310772843404,1.01548648681,0.01275421000000000019969359499327765661291778087615966796875,btc,22.917734798907002,0.0,0.1506222750909348,1
1,[],4,[],2019-02-23 11:22:24,120063.0731676,0.01285422,0.000000508631202024,6766146,2019-02-23 11:22:24,btc,9.167994243996926,0.0,0.01285422,btc,256.68813005,0.5925693,1.228105562468603,1
1,[],5,[],2019-02-23 11:22:26,0.0,0,0,6766147,2019-02-23 11:22:26,btc,0.0,0.02366678,0,btc,0.0,0.0,0.0,1
1,[],10,[],2019-02-23 11:22:28,414295.62079851,0.01171721,0.000000463640625932,6766148,2019-02-23 11:22:28,btc,6523.1507600817395,1327.44197601,0.01171721,btc,1077.2096007,0.0,5.271569380012243,1
1,[],12,[],2019-02-23 11:22:31,10425.62291856,0.01281999999999999979849452103053408791311085224151611328125,0.000000507277144,6766149,2019-02-23 11:22:31,btc,0.2400917145648,0.0,0.01281999999999999979849452103053408791311085224151611328125,btc,10.91473614,0.095976034404,0.2238861858285,1
1,[],20,[],2019-02-23 11:22:33,1150.6337,0.010500214,0.0000004154850678088,6766150,2019-02-23 11:22:33,btc,0.060761108601,0.4716,0.010500214,btc,2.7883,0.00499896,0.0910128572425,1
1,[],21,[],2019-02-23 11:22:34,2649.05172403,0.01282990999999999992553512129,0.000000507669274772,6766151,2019-02-23 11:22:34,btc,47.13719275263466,5067.0774008,0.0128299099999999999255351212923415005207061767578125,"btc,eth",4133.40005217,62.88722381246852,26.036597071158774,1
1,[],22,[],2019-02-23 11:22:39,0.0163776,0.01300000,0.0000005143996,6766152,2019-02-23 11:22:39,BTC,0.31423927,0.0,0.01300000,BTC,0.11751954901960784,0.0,0.00020972,1
1,[],24,[],2019-02-23 11:22:39,0.0,0.000000000000,0,6766153,2019-02-23 11:22:39,btc,0.0,0.0,0.000000000000,btc,0.0,0.0,0.0,1
0.0,[],25,[],2019-02-23 11:22:40,0.0,0,0,6766154,2019-02-23 11:22:40,btc,15.223699998727525,252.74928477,0.0,btc,1145.89380388,3.29,0.0,1
1,[],26,[],2019-02-23 11:22:41,0.0,0,0,6766155,2019-02-23 11:22:41,,0.0,0.0,0,,0.0,0.0,0.0,1
1,[],28,[],2019-02-23 11:22:42,993.21,0.01323000,0.000000523500516,6766156,2019-02-23 11:22:42,btc,0.162839806,17396.7,0.01323000,btc,8.9,0.0,0.090071836,1
0,[],2,[],2019-01-20 23:28:45,0.0,0,0,6477011,2019-01-20 23:28:45,,0.0,0.0,0,,0.0,0.0,0.0,1
1,[],5,[],2019-02-23 11:22:44,0.0,0,0,6766157,2019-02-23 11:22:44,btc,0.0,0.01035771,0,btc,0.0,0.0,0.0,2
0.0000000001286134,[],22,[],2019-02-23 11:22:48,1148.0,1.4147474000000002e-16,5.598042282008e-21,6766158,2019-02-23 11:22:48,XMR,21.01373823,0.0,0.00000110,XMR,14319.12581,0.0,0.00087635,2
1,[],5,[],2019-02-23 11:22:49,0.0,0,0,6766159,2019-02-23 11:22:49,btc,0.0,0.0355703,0,btc,0.0,0.0,0.0,3
1,[],12,[],2019-02-23 11:22:50,13203980.4109256,0.000000174,0.0000000000068850408,6766160,2019-02-23 11:22:50,btc,924396.6196374735,0.0,0.000000174,btc,8774284.55745561,0.10517792243790569,0.6526218886511544,3
0,[],28,[],2019-02-23 11:22:52,0.0,0,0,6766161,2019-02-23 11:22:52,,0.0,0.0,0,,0.0,0.0,0.0,3
0,[],2,[],2019-01-20 23:31:32,0.0,0,0,6477077,2019-01-20 23:31:32,,0.0,0.0,0,,0.0,0.0,0.0,4
1,[],4,[],2019-02-22 15:52:28,400439.70738348,0.00000032,0.000000000012596480000000001,6759744,2019-02-22 15:52:28,btc,31.576426407239886,0.0,0.00000032,btc,685876.08766458,0.0,0.0547125982053145,4
1,[],12,[],2019-02-22 14:50:14,1367032.5219999999,0.00000003,0.000000000001190475,6759350,2019-02-22 14:50:14,btc,11013869.583570713,0.0,0.00000003,btc,1211697.32371984,0.00024567976024,0.02065290044,5
0,[],2,[],2019-01-20 23:31:51,0.0,0,0,6477087,2019-01-20 23:31:51,,0.0,0.0,0,,0.0,0.0,0.0,6
1,[],11,[],2019-02-23 11:22:54,3301329.5,0.00000002,0.0000000000007913840000000001,6766162,2019-02-23 11:22:54,btc,9432.834995181234,61187.0,0.00000002,btc,41406686.95347657,0.0,0.033501425,6
1,[],3,[],2019-02-23 11:22:55,1091.956916111364,0.00015101000000000000598847360588905530676129274070262908935546875,0.000000005975344892,6766163,2019-02-23 11:22:55,btc,27.605796873748474,0.0,0.00015101000000000000598847360588905530676129274070262908935546875,btc,249.144760639695,0.0,0.03419747781770456,7
1,[],4,[],2019-02-23 11:22:56,102169.55710858,0.00024027,0.000000009507291684,6766164,2019-02-23 11:22:56,btc,14.976818401126783,0.0,0.00024027,btc,49105.3677619,2.92868659,6.729743057706151,7
1,[],5,[],2019-02-23 11:22:57,0.0,0,0,6766165,2019-02-23 11:22:57,btc,0.0,0.45058023,0,btc,0.0,0.0,0.0,7
1,[],20,[],2019-02-20 02:16:17,39399275.8418,0.000000001,0.0000000000000390183,6728586,2019-02-20 02:16:17,btc,116.9737569154545,525.0,0.000000001,btc,56932965.8895,5.25e-07,0.0393992758418,8
0,[],2,[],2019-01-20 23:22:42,0.0,0,0,6476876,2019-01-20 23:22:42,,0.0,0.0,0,,0.0,0.0,0.0,9
0,[],23,[],2019-01-20 23:22:48,0.0,0,0,6476878,2019-01-20 23:22:48,,0.0,0.0,0,,0.0,0.0,0.0,9
1,[],4,[],2019-02-23 11:23:00,1898360.95495704,0.00000173,0.000000000068454716,6766166,2019-02-23 11:23:00,btc,4.187765890980392,0.0,0.00000173,btc,2140700.8623169,1.84278746,0.6413180972062492,9
1,[],28,[],2019-02-23 11:23:01,43300.0,0.00000166,0.00000000006568487200000001,6766167,2019-02-23 11:23:01,btc,2708.763440957195,3555637.51,0.00000166,btc,12613.2201,0.0,0.043148,9
1,[],1,[],2019-02-17 23:31:42,1822507.21,0.00000181000000000000003456111265232042484285557293333113193511962890625,0.000000000066086901,6701244,2019-02-17 23:31:42,btc,3.6990969245,17153386.5,0.00000181000000000000003456111265232042484285557293333113193511962890625,btc,1997391.71,31.11772986,3.2610482446,9
1,[],4,[],2019-02-17 11:22:43,4341674.27126056,0.00000002,0.0000000000007272960000000001,6696112,2019-02-17 11:22:43,btc,0.1997230937751353,0.0,0.00000002,btc,4109766.79808031,0.00215132,0.0479381022052112,10
1,[],4,[],2019-02-23 11:23:02,2775810.84910384,0.00000143,0.000000000056583956,6766168,2019-02-23 11:23:02,btc,16.322510146541347,0.0,0.00000143,btc,7387311.9386248,1.8917345,2.658384048729112,12
1,[],5,[],2019-02-23 11:23:05,0.0,0,0,6766169,2019-02-23 11:23:05,btc,0.0,0.92669296,0,btc,0.0,0.0,0.0,12
0.0,[],25,[],2019-02-23 11:23:07,0.0,0,0,6766170,2019-02-23 11:23:07,,0.0,0.0,0.0,btc,0.0,0.0,0.0,12
0,[],2,[],2019-01-20 23:23:08,0.0,0,0,6476890,2019-01-20 23:23:08,,0.0,0.0,0,,0.0,0.0,0.0,12
1,[],4,[],2019-02-23 11:23:08,1573635.69465197,0.00000571,0.000000000225940132,6766171,2019-02-23 11:23:08,btc,3.0286667337292763,0.0,0.00000571,btc,412198.80036158,0.84202334,0.8040922416078529,13
1,[],21,[],2019-02-23 11:23:11,389039.74358066,0.000005810000000000000277070033583,0.00000000022989705200000003,6766172,2019-02-23 11:23:11,btc,6.04881649212883,713955.94200053,0.00000581000000000000027707003358301562911947257816791534423828125,btc,949908.66233114,4.13992758,2.0338984893867837,13
1,[],10,[],2019-02-23 11:08:45,477540.10052682,0.00000578,0.00000000022876604199999998,6765976,2019-02-23 11:08:45,btc,666802.5324221387,22212.4711633,0.00000578,btc,733317.68658716,0.0,0.3101998772551343,13
1,[],4,[],2019-02-23 11:23:13,670233.11665779,0.00000130,0.00000000005143996,6766173,2019-02-23 11:23:13,btc,12.94381419175295,0.0,0.00000130,btc,881055.26665326,0.04061963,0.1317082192405916,14
1,[],12,[],2019-02-23 11:23:14,119342.91304348,0.00000110999999999999996035831596741250137938550324179232120513916015625,0.000000000043921812,6766174,2019-02-23 11:23:14,btc,5.287009660855527,0.0,0.00000110999999999999996035831596741250137938550324179232120513916015625,btc,29489.60927439,0.0047662560239848,0.0242683300000004,14
0,[],17,[],2019-02-23 11:23:15,0.0,0,0,6766175,2019-02-23 11:23:15,btc,0.0,0.0,0,btc,0.0,0.0,0.0,14
1,[],26,[],2019-02-23 11:23:15,0.0,0.00000050,0.0000000000197846,6766176,2019-02-23 11:23:15,btc,0.0,0.0,0.00000050,btc,0.0,0.0,0.0,14
0,[],4,[],2019-02-23 11:23:16,0.0,0,0,6766177,2019-02-23 11:23:16,,0.0,0.0,0,,0.0,0.0,0.0,15
,[],12,[],2018-12-01 15:15:48,204241.84496,0.00000489,0.000000000202473384,5260204,2018-12-01 15:15:48,btc,49.5475654835,0.0,,btc,35763.2193806,0.0163153972027625,0.0203389899998,15
1,[],4,[],2019-02-23 11:23:18,25039.9502107,0.00001758,0.000000000695626536,6766178,2019-02-23 11:23:18,btc,1.2332419068205767,0.0,0.00001758,btc,8168.02677431,0.04195298,0.0667253708932494,18
1,[],10,[],2019-02-23 11:23:21,783140.38270386,0.00001803,0.000000000713432676,6766179,2019-02-23 11:23:21,btc,15.542650981472766,18665.263771,0.00001803,btc,10850.37807742,0.0,0.135285397270362,18
1,[],12,[],2019-02-23 11:23:22,199503.7166438,0.00001800000000000000045601543374740316494353464804589748382568359375,0.0000000007122456,6766180,2019-02-23 11:23:22,btc,23.667798356602116,0.0,0.00001800000000000000045601543374740316494353464804589748382568359375,btc,1853.78470297,0.0071328106421426,0.036445158550959,18
0,[],17,[],2019-02-23 11:23:24,0.0,0,0,6766181,2019-02-23 11:23:24,btc,0.0,0.0,0,btc,0.0,0.0,0.0,18
0,[],2,[],2019-01-20 23:23:38,0.0,0,0,6476906,2019-01-20 23:23:38,,0.0,0.0,0,,0.0,0.0,0.0,18
1,[],3,[],2019-02-23 11:23:24,120776.3141567528,0.00002203999999999999904500003200524815838434733450412750244140625,0.000000000872105168,6766182,2019-02-23 11:23:24,btc,0.5975024268914596,2341.30882281,0.00002203999999999999904500003200524815838434733450412750244140625,btc,11484.78606069032,0.0,0.07966178993169826,19
1,[],4,[],2019-02-23 11:23:25,559370.64654634,0.00002005,0.00000000079336246,6766183,2019-02-23 11:23:25,btc,3.94677329483969,0.0,0.00002005,btc,125496.71473864,0.62034328,2.51338291430583,19
1,[],5,[],2019-02-23 11:23:26,0.0,0,0,6766184,2019-02-23 11:23:26,btc,0.0,0.00649744,0,btc,0.0,0.0,0.0,19
1,[],12,[],2019-02-23 11:23:27,132571.47773503,0.00002000000000000000163606107828062619091724627651274204254150390625,0.000000000791384,6766185,2019-02-23 11:23:27,btc,1.3594430090364427,0.0,0.00002000000000000000163606107828062619091724627651274204254150390625,btc,420.28656678,0.0042298067133284,0.0777271000001957,19
0,[],27,[],2019-02-23 11:23:30,0.0,0,0,6766186,2019-02-23 11:23:30,,0.0,0.0,0,btc,0.0,0.0,0.0,19
0,[],2,[],2019-01-20 23:24:19,0.0,0,0,6476924,2019-01-20 23:24:19,,0.0,0.0,0,,0.0,0.0,0.0,19
1,[],4,[],2019-02-23 11:23:30,8071160.95424551,0.00000013,0.000000000005143996,6766187,2019-02-23 11:23:30,btc,7.376065179582633,0.0,0.00000013,btc,2843149.4360639,0.0,0.2585325451781454,20
1,[],4,[],2019-02-23 11:23:31,104150384.86437024,0.00000002,0.000000000000791384,6766188,2019-02-23 11:23:31,btc,359.51289750582265,0.0,0.00000002,btc,55731908.51417261,0.0,1.1707481411680452,21
1,[],12,[],2019-02-23 11:23:32,18647376.0,0.00000002,0.0000000000007913840000000001,6766189,2019-02-23 11:23:32,btc,670.3899289734848,0.0,0.00000002,btc,8544410.32857329,0.0,0.24518776,21
0,[],17,[],2019-02-23 10:08:45,0.0,0,0,6765798,2019-02-23 10:08:45,btc,0.0,0.0,0,btc,0.0,0.0,0.0,21
1,[],12,[],2019-02-23 11:23:34,3545985748.6808996,0.0000000002,0.000000000000007913840000000001,6766190,2019-02-23 11:23:34,btc,875865842023.5428,0.0,0.0000000002,btc,4720550536.510936,0.04462077429560404,0.41529825548299043,23
0.000000000373569,[],27,[],2019-02-23 11:23:36,2000.0,3.7356899999999996e-18,1.47818264748e-22,6766191,2019-02-23 11:23:36,eth,1.3429826565934113,0.0,0.00000001,eth,1964879.85514486,0.0,7.47138e-15,23
1,[],4,[],2019-02-23 11:23:37,288578.74786416,0.00000060,0.000000000023741520000000002,6766192,2019-02-23 11:23:37,btc,8.386770292919428,0.0,0.00000060,btc,1478082.01201659,0.00072984,0.1421544217011591,24
1,[],22,[],2019-02-23 11:23:47,11.76,0.00000100,0.0000000000395692,6766193,2019-02-23 11:23:47,BTC,7.415e-05,0.0,0.00000100,BTC,23.919354838709676,0.0,1.176e-05,24
0.0,[],25,[],2019-02-23 11:23:48,0.0,0,0,6766194,2019-02-23 11:23:48,,0.0,0.0,0.0,btc,0.0,0.0,0.0,24
1,[],4,[],2019-02-23 11:23:49,26912658.90220691,0.00000618,0.000000000244537656,6766195,2019-02-23 11:23:49,btc,142.40998506453536,0.0,0.00000618,btc,240127.06639314,0.08864529,0.4670679807188159,26
1,[],10,[],2019-02-23 11:23:52,689375.00497486,0.00000569,0.000000000225148748,6766196,2019-02-23 11:23:52,btc,25.92409507165083,6810.08303123,0.00000569,btc,13877.31853269,0.0,0.2197394181287657,26
0,[],2,[],2019-01-20 23:25:56,0.0,0,0,6476976,2019-01-20 23:25:56,,0.0,0.0,0,,0.0,0.0,0.0,26
1,[],3,[],2019-02-23 11:23:52,10702863.27377532,0.00000002,0.0000000000007913840000000001,6766197,2019-02-23 11:23:52,btc,2.897119493200456,181715.848318,0.00000002,btc,18612766.60043417,0.0,0.1437047484541495,27
1,[],5,[],2019-02-23 11:23:53,0.0,0,0,6766198,2019-02-23 11:23:53,btc,0.0,0.03869042,0,btc,0.0,0.0,0.0,27
1,[],11,[],2019-02-23 11:23:55,9657302.940399151,0.00000005,0.00000000000197846,6766199,2019-02-23 11:23:55,btc,67506.53137702076,146281.413934,0.00000005,btc,8171781.9763934,0.0,0.450973774642923,27
1,[],4,[],2019-02-23 11:23:57,1484697980.2649713,0.00000002,0.000000000000791384,6766200,2019-02-23 11:23:57,btc,9.799322575864753,0.0,0.00000002,"btc,ltc",498369284.6132993,0.40959252,10.328511582548797,29
1,[],7,[],2019-02-23 11:23:58,35190902.68127096,0.00000002,0.0000000000007913840000000001,6766201,2019-02-23 11:23:58,btc,44463896.8411907,2588833.54183,0.00000002,btc,60091061.60632691,0.0,0.3534864456401915,29
1,[],4,[],2019-02-23 11:23:59,1380001.84350156,0.00000030,0.000000000011870760000000001,6766202,2019-02-23 11:23:59,btc,2.3226895534796412,0.0,0.00000030,btc,1535961.91607812,0.01292349,0.0914248492872833,30
0,[],17,[],2019-02-23 11:24:11,0.0,0,0,6766203,2019-02-23 11:24:11,btc,0.0,0.0,0,btc,0.0,0.0,0.0,30
1,[],4,[],2019-02-23 11:24:12,1133266.85964876,0.00005711,0.000000002259797012,6766204,2019-02-23 11:24:12,btc,4.946211255127887,0.0,0.00005711,btc,58233.75075215,0.69860718,1.5053921496667324,31
1,[],21,[],2019-02-23 11:24:12,60195.38992224,0.00005743999999999999892539084834,0.000000002272854848,6766205,2019-02-23 11:24:12,btc,2.2432889057970065,69236.25664821,0.0000574399999999999989253908483366473092246451415121555328369140625,btc,34452.19745452,4.03974698,3.0244397317066123,31
0,[],2,[],2019-01-20 23:28:43,0.0,0,0,6477009,2019-01-20 23:28:43,,0.0,0.0,0,,0.0,0.0,0.0,32
1,[],4,[],2019-02-23 11:24:13,363399545.32767415,0.00000004,0.000000000001582768,6766206,2019-02-23 11:24:13,btc,9.78114543277545,0.0,0.00000004,"btc,ltc",171154611.41179392,0.20671551,8.411967893811195,33
1,[],12,[],2019-02-23 11:24:14,15931936.379,0.00000005,0.00000000000197846,6766207,2019-02-23 11:24:14,btc,35620509.432258464,0.0,0.00000005,btc,89083428.50049923,0.0037431010489512,0.52796454895,33
1,[],4,[],2019-02-23 11:24:16,129303923.68272509,0.00000001,0.000000000000395692,6766208,2019-02-23 11:24:16,btc,4.3999494601785765,0.0,0.00000001,btc,99829786.62114432,0.00407337,1.293039236827251,34
1,[],5,[],2019-02-23 11:24:17,0.0,0,0,6766209,2019-02-23 11:24:17,btc,0.0,0.51990401,0,btc,0.0,0.0,0.0,34
0.0000000001236563,[],4,[],2019-02-23 11:24:18,1260228265.9913146,2.4731260000000004e-18,9.785961731920002e-23,6766210,2019-02-23 11:24:18,ltc,2.6574048253872783e-08,0.0,0.00000002,ltc,3155892515.800659,0.0,2.145163507368119e-09,36
1,[],5,[],2019-02-23 11:24:19,0.0,0,0,6766211,2019-02-23 11:24:19,btc,0.0,0.0,0,btc,0.0,0.0,0.0,36
0.000000000373569,[],27,[],2019-02-23 11:24:33,1000000.0,3.7356899999999996e-18,1.47818264748e-22,6766212,2019-02-23 11:24:33,eth,114.2235941557863,0.0,0.00000001,"ltc,eth",4163566.4875004,0.0,1.241561254e-12,36
0,[],17,[],2019-02-23 11:10:08,0.0,0,0,6766015,2019-02-23 11:10:08,btc,0.07464582847825556,0.0,0,btc,4105386.20243647,0.0,0.0,36
1,[],4,[],2019-02-23 11:24:33,271428.90592813,0.00000071,0.000000000028094132,6766213,2019-02-23 11:24:33,btc,19772.474036404714,0.0,0.00000071,btc,562256.74168193,0.00314742,0.1252389548494294,37
1,[],12,[],2019-02-23 11:24:35,469887.92757706,0.00000073,0.000000000028885516,6766214,2019-02-23 11:24:35,btc,1347.0847718115906,0.0,0.00000073,btc,872340.54849173,0.0741989173730088,0.1151151800000047,37
1,[],17,[],2019-02-23 11:24:46,1752.74075282,0.00000025,0.0000000000098923,6766215,2019-02-23 11:24:46,btc,0.055484923777095005,0.0,0.00000025,btc,1319.19918473,0.0,0.00043818518820499993,37
1,[],27,[],2019-02-23 11:24:48,14685.567,0.00000045,0.00000000001780614,6766216,2019-02-23 11:24:48,btc,25.83024737411233,0.0,0.00000045,btc,6763.38138508,0.0,0.00480032515,37
1,[],5,[],2019-02-23 11:24:50,0.0,0,0,6766217,2019-02-23 11:24:50,btc,0.0,0.0031899,0,btc,0.0,0.0,0.0,42
1,[],12,[],2019-02-23 11:24:51,136834.03528483,0.00000095,0.000000000037590740000000003,6766218,2019-02-23 11:24:51,btc,94.69854556593236,0.0,0.00000095,btc,101555.10446596,0.0185870683203356,0.0423367079650323,42
0.000000000373569,[],27,[],2019-02-23 11:24:54,2000.0,3.7356899999999996e-18,1.47818264748e-22,6766219,2019-02-23 11:24:54,eth,0.00315028,0.0,0.00000001,"btc,eth",11.007,0.0,7.47138e-15,42
1,[],5,[],2019-02-23 11:12:23,0.0,0,0,6766024,2019-02-23 11:12:23,btc,0.0,4.6e-05,0,btc,0.0,0.0,0.0,43
1,[],12,[],2019-02-23 11:12:24,3651999.0,0.00000001,0.000000000000395789,6766025,2019-02-23 11:12:24,btc,20003931.286695678,0.0,0.00000001,btc,39482696.27012986,0.00099855986014,0.03651999,43
0,[],17,[],2019-02-23 11:12:26,0.0,0,0,6766026,2019-02-23 11:12:26,btc,0.0,0.0,0,btc,0.0,0.0,0.0,43
1,[],12,[],2019-02-23 11:24:55,679536.0,0.00000005,0.00000000000197846,6766220,2019-02-23 11:24:55,btc,11115177.727969607,0.0,0.00000005,btc,1099245.39762234,0.0004627,0.01729568,44
1,[],4,[],2019-02-23 11:24:56,304154790.4440582,0.00000002,0.000000000000791384,6766221,2019-02-23 11:24:56,btc,474.5713450006882,0.0,0.00000002,"btc,ltc",12287186.99500239,0.00016452,0.21763833381031608,49
0,[],4,[],2019-02-23 11:24:56,0.0,0,0,6766222,2019-02-23 11:24:56,,25.46993631446455,0.0,0,,10729285300.576591,0.0,0.0,52
0.0000000001286134,[],22,[],2019-02-23 11:25:00,80945862.0,1.286134e-18,5.0891293472800005e-23,6766223,2019-02-23 11:25:00,XMR,4366.33224183,0.0,0.00000001,XMR,248874057.67882353,0.0,0.80945862,57
0.000000000373569,[],27,[],2019-02-23 11:25:02,2000.0,3.7356899999999996e-18,1.47818264748e-22,6766224,2019-02-23 11:25:02,eth,0.0,0.0,0.00000001,"btc,eth",0.0,0.0,7.47138e-15,57
0,[],17,[],2019-02-23 10:10:25,0.0,0,0,6765838,2019-02-23 10:10:25,btc,1e+24,0.0,0,btc,41401875.8285055,0.0,0.0,58
0.0000000001236563,[],4,[],2019-02-23 11:25:03,843534026.7379872,3.709689e-18,1.4678942597880003e-22,6766225,2019-02-23 11:25:03,ltc,18.810559491691453,0.0,0.00000003,ltc,3900136116.256049,0.0,1.927198481995136e-09,58
1,[],12,[],2019-02-23 11:25:05,1646116388.843957,0.0000000004,0.000000000000015827680000000002,6766226,2019-02-23 11:25:05,btc,224005479476.76672,0.0,0.0000000004,btc,3708661757.807668,0.00979320140749249,0.5338268154011392,58
0.0000000001286134,[],22,[],2019-02-23 11:25:09,137438.0,1.286134e-18,5.0891293472800005e-23,6766227,2019-02-23 11:25:09,XMR,69.8835922,0.0,0.00000001,XMR,9887963.0,0.0,0.00137438,58
1,[],5,[],2019-02-23 11:25:10,0.0,0,0,6766228,2019-02-23 11:25:10,btc,0.0,0.0020126,0,btc,0.0,0.0,0.0,61
1,[],22,[],2019-02-23 11:25:14,5149.5,0.00000011,0.000000000004352612,6766229,2019-02-23 11:25:14,BTC,1002.29597012,0.0,0.00000011,BTC,14947.700278135757,0.0,0.00051596,61
1,[],26,[],2019-02-23 11:25:14,0.0,0.00000800,0.0000000003165536,6766230,2019-02-23 11:25:14,btc,0.0,0.0,0.00000800,btc,0.0,0.0,0.0,61
1,[],27,[],2019-02-23 11:25:16,2493.55,0.00000045,0.00000000001780614,6766231,2019-02-23 11:25:16,btc,7.848081810513062,0.0,0.00000045,"btc,eth",20831.38399471,0.0,0.0002155975036609762,61
1,[],28,[],2019-02-23 11:25:18,13882.304,0.0000005,0.0000000000197846,6766232,2019-02-23 11:25:18,btc,2.056328285685105,828.0,0.0000005,btc,9746.52450005,0.0,0.00566491304,61
1,[],4,[],2019-02-23 11:25:19,1449586.63338525,0.00000282,0.000000000111585144,6766233,2019-02-23 11:25:19,btc,11.396989387638476,0.0,0.00000282,btc,821610.23263009,0.11538829,1.3719062272488993,67
0.0,[],25,[],2019-02-23 11:25:21,0.0,0,0,6766234,2019-02-23 11:25:21,,0.0,0.0,0.0,btc,0.0,0.0,0.0,67
1,[],12,[],2019-02-23 11:25:21,3007605.7269365,0.00000021,0.000000000008309532,6766235,2019-02-23 11:25:21,btc,11115998.39793275,0.0,0.00000021,btc,2040115.89946717,0.0002985783523976,0.1061207364411099,71
,[],5,[],2018-11-20 23:02:39,1.5e-07,0.00000005,0.000000000002128045,4862160,2018-11-20 23:02:39,btc,2.84511358,0.0,,btc,0.00036572,0.0,0.07381892,74
1,[],5,[],2019-02-23 11:25:23,0.0,0,0,6766236,2019-02-23 11:25:23,btc,0.0,0.0,0,btc,0.0,0.0,0.0,75
0,[],20,[],2019-01-25 09:30:31,0.0,0,0,6495923,2019-01-25 09:30:31,btc,0.0,0.0,0,btc,0.0,0.0,0.0,81
1,[],4,[],2019-02-23 11:13:13,17233280.92031862,0.00000001,0.000000000000395789,6766044,2019-02-23 11:13:13,btc,11388.638595673243,0.0,0.00000001,btc,34444270.17624532,0.0,0.1723328092031862,81
1,[],4,[],2019-02-23 11:25:24,41061.89498481,0.00007581,0.000000002999741052,6766237,2019-02-23 11:25:24,btc,17.766001025946263,0.0,0.00007581,btc,12661.64677855,0.01868177,0.5271510170256305,82
1,[],21,[],2019-02-23 11:25:25,1067894.73282399,0.00007624000000000000188630361331,0.000000003016755808,6766238,2019-02-23 11:25:25,btc,2.230880174902015,6355.1491499,0.000076240000000000001886303613307660498321638442575931549072265625,btc,23564.11051388,0.48975435,2.4937984218009372,82
0,[],17,[],2019-02-23 11:25:27,0.0,0,0,6766239,2019-02-23 11:25:27,btc,0.0447233088476774,0.0,0,btc,999127.19588126,0.0,0.0,84
0.0000000001236563,[],4,[],2019-02-23 11:25:28,172415251.68112332,4.946252000000001e-18,1.9571923463840003e-22,6766240,2019-02-23 11:25:28,ltc,1.783042260940032,0.0,0.00000004,ltc,405981861.8683549,0.0,4.676294662882405e-10,85
,[],22,[],2018-11-20 23:09:34,3408.1,0.0000001,0.0000000000041895,4862324,2018-11-20 23:09:34,BTC,0.04624735,0.0,,BTC,4990.0,0.0,0.00033081,86
0,[],22,[],2019-02-22 12:52:35,0.0,0,0,6758847,2019-02-22 12:52:35,,2.0760781,0.0,0,,140622.94736842104,0.0,0.0,87
0,[],27,[],2019-02-22 12:52:37,0.0,0,0,6758848,2019-02-22 12:52:37,,0.0,0.0,0,btc,0.0,0.0,0.0,87
,[],2,[],2018-11-20 23:10:47,0.0,0,0,4862359,2018-11-20 23:10:47,,0.0,0.0,,,0.0,0.0,0.0,88
1,[],11,[],2019-02-23 11:25:31,94119.18410773,0.0001475000000000000074072692424209662931389175355434417724609375,0.000000005836457,6766241,2019-02-23 11:25:31,btc,608.6423531837314,165.74849025,0.0001475000000000000074072692424209662931389175355434417724609375,btc,95548.65122121,0.0,6.442191811281236,89
0,[],2,[],2019-01-20 23:31:45,0.0,0,0,6477083,2019-01-20 23:31:45,,0.0,0.0,0,,0.0,0.0,0.0,91
0,[],17,[],2019-02-23 08:21:28,0.0,0,0,6765450,2019-02-23 08:21:28,btc,0.0,0.0,0,btc,0.0,0.0,0.0,91
1,[],12,[],2019-02-23 11:25:34,428011.61957671,0.000001399999999999999936647356556240762159859514213167130947113037109375,0.00000000005539688,6766242,2019-02-23 11:25:34,btc,4.317012737045102,0.0,0.000001399999999999999936647356556240762159859514213167130947113037109375,btc,57634.43173553,0.0064533132277721,0.0399538490938207,91
0,[],22,[],2019-02-23 11:25:37,0.0,0,0,6766243,2019-02-23 11:25:37,,3.1e-06,0.0,0,,2.0,0.0,0.0,91
0.0000000001236563,[],22,[],2019-02-23 11:25:41,3401520.0,4.946252000000001e-18,1.9571923463840003e-22,6766244,2019-02-23 11:25:41,LTC,8.54674091,0.0,0.00000004,LTC,72080461.1,5.193564600000001e-13,0.1008108,95
0,[],17,[],2019-02-23 08:21:40,0.0,0,0,6765455,2019-02-23 08:21:40,btc,0.0,0.0,0,btc,0.0,0.0,0.0,96
0.0000000001236563,[],4,[],2019-02-23 11:25:43,628156552.1646532,4.3279705e-17,1.7125433030860004e-21,6766245,2019-02-23 11:25:43,ltc,11.906229026747019,0.0,0.00000035,ltc,147201627.41383573,0.0,1.197692723960657e-09,96
0,[],12,[],2019-02-23 11:25:44,0.0,0,0,6766246,2019-02-23 11:25:44,btc,255075.88532066587,0.0,0,btc,8638464.84546427,0.00269017,0.0,96
1,[],4,[],2019-02-23 11:25:45,1371010.54821372,0.00000032,0.000000000012662144,6766247,2019-02-23 11:25:45,btc,3.1936561481974874,0.0,0.00000032,btc,2505228.38931477,0.00982975,0.1140821641243015,99
0,[],2,[],2019-01-20 23:23:55,0.0,0,0,6476914,2019-01-20 23:23:55,,0.0,0.0,0,,0.0,0.0,0.0,100
1,[],4,[],2019-02-23 11:25:47,1214763.46704721,0.00004011,0.0000000015871206120000001,6766248,2019-02-23 11:25:47,btc,10.59690475766199,0.0,0.00004011,btc,132206.0495682,5.54711171,2.621724410267516,100
1,[],22,[],2019-02-23 11:25:50,50000.0,0.00000001,0.000000000000395692,6766249,2019-02-23 11:25:50,BTC,23.49896609,0.0,0.00000001,BTC,10277.22,0.0,0.0005,101
1,[],4,[],2019-02-23 11:25:53,480594.1443007,0.00000088,0.000000000034820896,6766250,2019-02-23 11:25:53,btc,256.3163716343463,0.0,0.00000088,btc,484847.93192658,0.00172875,0.2488370374296482,103
1,[],12,[],2019-02-23 11:25:56,59093834.195,0.000000014,0.0000000000005539688,6766251,2019-02-23 11:25:56,btc,137279450.68945202,0.0,0.000000014,btc,116533332.31842448,0.0345080360319682,0.19430480173,105
1,[],27,[],2019-02-23 11:25:58,413810.89,0.00000001,0.000000000000395692,6766252,2019-02-23 11:25:58,btc,0.2143154355560939,0.0,0.00000001,btc,411075.05581977,0.0,0.0041381089,105
1,[],22,[],2019-02-23 11:26:02,9328.0,0.00000001,0.000000000000395692,6766253,2019-02-23 11:26:02,BTC,51.10837004,0.0,0.00000001,BTC,470435.0,0.0,9.328e-05,107
1,[],26,[],2019-02-23 11:26:02,0.0,0.00000000,0,6766254,2019-02-23 11:26:02,btc,0.0,0.0,0.00000000,btc,0.0,0.0,0.0,107
1,[],5,[],2019-02-23 11:26:03,0.0,0,0,6766255,2019-02-23 11:26:03,btc,0.0,0.001215,0,btc,0.0,0.0,0.0,112
1,[],22,[],2019-02-23 11:26:07,1966.0,0.00000001,0.000000000000395692,6766256,2019-02-23 11:26:07,BTC,2.81183288,0.0,0.00000001,BTC,808524.0833333334,0.0,1.966e-05,112
0.000000000373569,[],27,[],2019-02-23 11:26:09,2000.0,3.7356899999999996e-18,1.47818264748e-22,6766257,2019-02-23 11:26:09,eth,1.35132491849924,0.0,0.00000001,"btc,eth",1328.641654,0.0,7.47138e-15,112
1,[],4,[],2019-02-23 11:26:11,370305.4343707,0.00000305,0.00000000012068606,6766258,2019-02-23 11:26:11,btc,5.1534330305530975,0.0,0.00000305,btc,339582.37347975,0.03595375,0.1614257703496197,113
1,[],5,[],2019-02-23 11:26:12,0.0,0,0,6766259,2019-02-23 11:26:12,btc,0.0,0.0,0,btc,0.0,0.0,0.0,113
0,[],27,[],2019-02-23 11:26:25,0.0,0,0,6766260,2019-02-23 11:26:25,,0.0,0.0,0,btc,0.0,0.0,0.0,116
1,[],17,[],2019-02-23 11:14:32,152738.278,0.00000004,0.000000000001583156,6766068,2019-02-23 11:14:32,btc,1.33680302678,0.0,0.00000004,btc,50696.221,0.0,0.0022095311199999998,116
1,[],4,[],2019-02-23 11:26:26,69958.52887321,0.00002814,0.000000001113477288,6766261,2019-02-23 11:26:26,btc,28.13565256408533,0.0,0.00002814,btc,48427.15934345,0.56524644,0.8816009338055453,120
1,[],7,[],2019-02-23 11:26:28,211637.64679179,0.00002650999999999999859920211953134838722689892165362834930419921875,0.000000001048979492,6766262,2019-02-23 11:26:28,btc,115647.33234654965,965.55309046,0.00002650999999999999859920211953134838722689892165362834930419921875,btc,38410.68040791,0.02866761,0.0673431484180187,120
1,[],20,[],2019-02-23 10:11:35,1185235.5618,0.000000012,0.0000000000004740876,6765876,2019-02-23 10:11:35,btc,31.9235181096527,20234.4779,0.000000012,btc,1129871.1271,0.0002428137348,0.0034733279724,125
1,[],22,[],2019-02-23 11:16:39,3053.0,0.00000001,0.000000000000395789,6766071,2019-02-23 11:16:39,BTC,0.01444887,0.0,0.00000001,BTC,296263.5111111111,0.0,3.053e-05,126
0,[],2,[],2019-01-20 23:25:46,0.0,0,0,6476969,2019-01-20 23:25:46,,0.0,0.0,0,,0.0,0.0,0.0,131
1,[],4,[],2019-02-23 11:16:41,124670.97013016,0.00001496,0.000000000592100344,6766072,2019-02-23 11:16:41,btc,23.97350641522502,0.0,0.00001496,btc,121698.84331568,0.13189812,0.591698313617897,131
0,[],17,[],2019-02-23 11:16:42,0.0,0,0,6766073,2019-02-23 11:16:42,btc,0.0009561751951600001,0.0,0,btc,35.42829368,0.0,0.0,131
1,[],4,[],2019-02-23 11:16:43,4557.50980543,0.00016952,0.000000006709415128,6766074,2019-02-23 11:16:43,btc,1.6462887882650394,0.0,0.00016952,btc,334.27808618,0.0,0.0091247068112232,135
1,[],3,[],2019-02-23 11:16:44,1512642.49571841,0.00000005,0.0000000000019789449999999997,6766075,2019-02-23 11:16:44,btc,0.1450847686247732,43535.8333333,0.00000005,btc,629545.98258313,0.0,0.0557254579470342,136
1,[],4,[],2019-02-23 11:26:30,266474.23226857,0.00000170,0.00000000006726764,6766263,2019-02-23 11:26:30,btc,38.884103191923934,0.0,0.00000170,btc,635021.233679,0.10039084,0.0763743174656376,137
1,[],12,[],2019-02-23 11:26:32,327983.62522412,0.000001610000000000000043611490287143173105732785188592970371246337890625,0.000000000063706412,6766264,2019-02-23 11:26:32,btc,11807.598598935767,0.0,0.000001610000000000000043611490287143173105732785188592970371246337890625,btc,123922.38316351,0.0003907439860136,0.0756529499999777,137
1,[],4,[],2019-02-23 11:26:33,229293.30308079,0.00004169,0.000000001649639948,6766265,2019-02-23 11:26:33,btc,28.61115734039125,0.0,0.00004169,btc,44997.28191924,0.45225964,1.207289002335566,142
1,[],5,[],2019-02-23 11:26:34,0.0,0,0,6766266,2019-02-23 11:26:34,btc,0.0,0.18141378,0,btc,0.0,0.0,0.0,142
1,[],17,[],2019-02-23 11:26:36,22967.386363640002,0.00000088,0.000000000034820896,6766267,2019-02-23 11:26:36,btc,20.06991335306468,0.0,0.00000088,btc,2746.079105,0.0,0.0104613000000032,142
1,[],20,[],2019-02-23 11:26:37,133475.0353,0.000045043,0.0000000017823154756000001,6766268,2019-02-23 11:26:37,btc,0.4934565146914,40.1643,0.000045043,btc,3751.6313,0.00181140993,0.2405473404469,142
1,[],22,[],2019-02-23 11:26:41,1660.2794996606253,0.00004651,0.0000000018403634920000002,6766269,2019-02-23 11:26:41,BTC,3.00424677,0.0,0.00004651,BTC,896.9785515239478,0.0,0.00506652,142
0.0,[],25,[],2019-02-23 11:26:43,0.0,0,0,6766270,2019-02-23 11:26:43,,0.0,0.0,0.0,btc,0.0,0.0,0.0,142
1,[],28,[],2019-02-23 11:26:45,76883.0,0.00004500,0.0000000017806140000000002,6766271,2019-02-23 11:26:45,btc,0.059933722,1223.0,0.00004500,btc,406.4319,0.0,0.0388422,142
0,[],22,[],2019-02-23 08:10:09,0.0,0,0,6765290,2019-02-23 08:10:09,,61.28465123,0.0,0,,749385405.3,0.0,0.0,143
1,[],21,[],2019-02-23 11:17:13,53922754.23631925,0.00000025,0.000000000009894725,6766084,2019-02-23 11:17:13,btc,42.273474788798275,14634751.74405086,0.00000025,btc,89441372.23717871,3.72933833,4.0616898060049484,145
0,[],22,[],2019-02-23 11:26:49,0.0,0,0,6766272,2019-02-23 11:26:49,,4.24946284,0.0,0,,1812156.0,0.0,0.0,146
,[],22,[],2018-11-20 23:01:11,0.0,0,0,4862114,2018-11-20 23:01:11,,2.56807021,0.0,,,61828.4988236,0.0,0.0,147
1,[],12,[],2019-02-23 11:17:19,113137.7187459,0.00000252000000000000001302018388937842274799550068564713001251220703125,0.000000000099738828,6766086,2019-02-23 11:17:19,btc,16.288798093414805,0.0,0.00000252000000000000001302018388937842274799550068564713001251220703125,btc,117004.71783468,1.008e-05,0.028591140000004102,148
1,[],4,[],2019-02-23 11:17:20,240513.36796929,0.00000028,0.000000000011082092,6766087,2019-02-23 11:17:20,btc,219.93940399935187,0.0,0.00000028,btc,793660.54846363,0.0,0.0564957890840236,152
0,[],22,[],2019-02-23 11:17:22,0.0,0,0,6766088,2019-02-23 11:17:22,,0.0,0.0,0,,0.0,0.0,0.0,152
1,[],5,[],2019-02-23 11:17:24,0.0,0,0,6766089,2019-02-23 11:17:24,btc,0.0,0.0,0,btc,0.0,0.0,0.0,153
,[],16,[],2019-01-11 15:38:59,0.0,0,0,6366141,2019-01-11 15:38:59,btc,0.0,0.0,,btc,0.0,0.0,0.0,155
0,[],22,[],2019-02-23 11:17:27,0.0,0,0,6766090,2019-02-23 11:17:27,,6.74608761,0.0,0,,4644402.242592593,0.0,0.0,156
0,[],23,[],2019-01-20 23:24:29,0.0,0,0,6476932,2019-01-20 23:24:29,,0.0,0.0,0,,0.0,0.0,0.0,156
1,[],22,[],2019-02-23 11:17:31,7073.8,0.00005300,0.0000000020976817,6766091,2019-02-23 11:17:31,BTC,1.80343699,0.0,0.00005300,BTC,899.6422341958436,0.0,0.00104336,157
0,[],22,[],2019-02-23 11:17:33,0.0,0,0,6766092,2019-02-23 11:17:33,,50175.68008609,0.0,0,,54479136.04179466,0.0,0.0,158
,[],17,[],2018-11-20 22:56:10,0.0,0,0,4861976,2018-11-20 22:56:10,btc,1.1265625,0.0,,btc,1000.0,0.0,0.0,159
,[],20,[],2018-11-20 22:56:12,0.0,0,0,4861977,2018-11-20 22:56:12,btc,11912.7940471,0.0,,btc,34413894.3617,0.0,0.0,159
1,[],12,[],2019-02-23 11:17:35,183055.74401964,0.000007659999999999999505139770816786182194846333004534244537353515625,0.00000000030317437399999995,6766093,2019-02-23 11:17:35,btc,6.658055959753009,0.0,0.000007659999999999999505139770816786182194846333004534244537353515625,btc,14765.92031443,0.0019164552,0.09981876000155579,168
1,[],17,[],2019-02-23 09:17:44,29784.95,0.000001,0.000000000039388,6765701,2019-02-23 09:17:44,btc,0.03026736251542,0.0,0.000001,btc,144.46171372,0.0,0.00716147,168
0,[],22,[],2019-02-23 11:17:40,0.0,0,0,6766094,2019-02-23 11:17:40,,1.14714792,0.0,0,,798972.8900917594,0.0,0.0,169
1,[],22,[],2019-02-23 11:17:44,165000.0,0.00000018,0.000000000007124202,6766095,2019-02-23 11:17:44,BTC,13.25624975,0.0,0.00000018,BTC,151995.11183651112,0.0,0.0198,171
1,[],22,[],2019-02-23 11:17:47,135276.90277777778,0.00000009,0.000000000003562101,6766096,2019-02-23 11:17:47,BTC,2.66754303,0.0,0.00000009,BTC,278881.66135179746,0.0001437,0.00889935,173
1,[],5,[],2019-02-23 11:17:49,0.0,0,0,6766097,2019-02-23 11:17:49,btc,0.0,0.78287548,0,btc,0.0,0.0,0.0,175
1,[],22,[],2019-02-23 11:17:53,45784.0,0.0000003,0.00000000001187367,6766098,2019-02-23 11:17:53,BTC,0.5289391,0.0,0.0000003,BTC,142708.91384013777,0.0,0.0052016,176
1,[],7,[],2019-02-23 11:17:57,0.0,0,0,6766099,2019-02-23 11:17:57,btc,410932.427664856,0.0,0,btc,117633507.07441364,0.0,0.0,178
0,[],22,[],2019-02-23 11:17:59,0.0,0,0,6766100,2019-02-23 11:17:59,,1.00242428,0.0,0,,57512.0,0.0,0.0,178
0,[],2,[],2019-01-20 23:28:34,0.0,0,0,6477001,2019-01-20 23:28:34,,0.0,0.0,0,,0.0,0.0,0.0,178
1,[],5,[],2019-02-23 11:18:00,0.0,0,0,6766101,2019-02-23 11:18:00,btc,0.0,0.22449567,0,btc,0.0,0.0,0.0,179
1,[],22,[],2019-02-23 11:18:06,6970947.0,0.00000002,0.000000000000791578,6766102,2019-02-23 11:18:06,BTC,5.57996334,0.0,0.00000002,"BTC,LTC",18407477.468656633,0.00434874,0.37435966,179
0,[],23,[],2019-01-20 23:25:08,0.0,0,0,6476952,2019-01-20 23:25:08,,0.0,0.0,0,,0.0,0.0,0.0,179
1,[],17,[],2019-02-23 11:26:52,10504.725,0.0000001,0.00000000000395692,6766273,2019-02-23 11:26:52,btc,5.2010695838463255,0.0,0.0000001,btc,5033.45945,0.0,0.0010504725,180
0.0000000001236563,[],22,[],2019-02-23 11:26:56,128605.4,1.236563e-17,4.892980865960001e-22,6766274,2019-02-23 11:26:56,LTC,0.20960327,0.0,0.0000001,LTC,65868.79700014742,0.0,0.00130544,180
1,[],26,[],2019-02-23 11:26:56,0.0,0.00000100,0.0000000000395692,6766275,2019-02-23 11:26:56,btc,0.0,60.0,0.00000100,btc,0.0,0.0,0.0,180
,[],7,[],2018-11-20 22:58:01,562227.975654,0.00000085,0.000000000036176765,4862015,2018-11-20 22:58:01,btc,21836.6059674,2491.87645172,,btc,749999.041456,0.00211021,0.127565380455,183
,[],5,[],2019-01-10 08:11:41,0.0,0,0,6347036,2019-01-10 08:11:41,btc,82.15055501,0.00261,,btc,1.19002445,0.0,0.0,187
,[],17,[],2018-11-16 20:58:10,4062536.27273,0.00000001,0.000000000000550501,4708775,2018-11-16 20:58:10,btc,3.36492563466,0.195460381006,,"btc,eth",110697919.549,0.0,0.0157628953496,187
1,[],24,[],2019-02-23 11:26:56,0.0,0.000000000001,3.9569200000000004e-17,6766276,2019-02-23 11:26:56,btc,0.0,0.0,0.000000000001,btc,0.0,0.0,0.0,187
0,[],22,[],2019-02-23 11:18:13,0.0,0,0,6766106,2019-02-23 11:18:13,,1.19374396,0.0,0,,16308.869534405507,0.0,0.0,191
0,[],22,[],2019-02-23 11:18:18,0.0,0,0,6766107,2019-02-23 11:18:18,,0.0,0.0,0,,0.0,0.0,0.0,197
0,[],23,[],2019-01-20 23:31:41,0.0,0,0,6477079,2019-01-20 23:31:41,,0.0,0.0,0,,0.0,0.0,0.0,199
0,[],22,[],2019-02-23 11:18:21,0.0,0,0,6766108,2019-02-23 11:18:21,,5.19557122,0.0,0,,21074453.0,0.0,0.0,199
1,[],26,[],2019-02-23 11:18:21,0.0,0.00000000,0,6766109,2019-02-23 11:18:21,btc,0.0,0.0,0.00000000,btc,0.0,0.0,0.0,199
0,[],17,[],2019-01-30 16:32:01,0.0,0,0,6540827,2019-01-30 16:32:01,btc,6.802544163788159,0.0,0,btc,105897.55575295,0.0,0.0,200
0,[],2,[],2019-01-20 23:30:49,0.0,0,0,6477059,2019-01-20 23:30:49,,0.0,0.0,0,,0.0,0.0,0.0,201
1,[],4,[],2019-01-25 15:51:35,2084389.58565343,0.00000936,0.000000000333526752,6499557,2019-01-25 15:51:35,btc,2.0092503037378524,0.0,0.00000936,btc,160195.80207885,0.19272417,1.242687955921835,211
1,[],7,[],2019-02-23 11:27:00,4232218.64581965,0.00000141999999999999995691814247411599581027985550463199615478515625,0.000000000056188264,6766277,2019-02-23 11:27:00,btc,15475870.784693984,11510.7498021,0.00000141999999999999995691814247411599581027985550463199615478515625,btc,11022516.20753173,0.0,3.236730099451039,212
1,[],5,[],2019-02-23 11:18:27,0.0,0,0,6766111,2019-02-23 11:18:27,btc,0.0,0.18284135,0,btc,0.0,0.0,0.0,213
1,[],24,[],2019-02-23 11:18:27,0.0,0.000000150000,0.000000000005936835,6766112,2019-02-23 11:18:27,btc,0.0,0.0,0.000000150000,btc,0.0,0.0,0.0,213
1,[],26,[],2019-02-23 11:18:27,0.0,0.00000009,0.000000000003562101,6766113,2019-02-23 11:18:27,btc,0.0,0.0,0.00000009,btc,0.0,0.0,0.0,213
1,[],12,[],2019-01-25 02:44:32,207462.42853209,0.000001080000000000000035831255497387193287295303889550268650054931640625,0.000000000038610756000000006,6493050,2019-01-25 02:44:32,btc,85023.03793723314,0.0,0.000001080000000000000035831255497387193287295303889550268650054931640625,btc,43675.73520027,0.000146250909087,0.0348620860622024,213
1,[],22,[],2019-02-23 11:18:30,79971.0,0.00000001,0.000000000000395789,6766114,2019-02-23 11:18:30,BTC,2.19621377,0.0,0.00000001,BTC,246112.59081706151,0.0005,0.00079971,216
1,[],27,[],2019-02-23 11:18:33,1237748.0,0.00000008,0.000000000003166312,6766115,2019-02-23 11:18:33,btc,355.93297677334,0.0,0.00000008,"btc,ltc",219465.505,0.0,0.03407226000006182,216
1,[],22,[],2019-02-23 11:27:04,261864.3171998338,0.00000220,0.00000000008705224,6766278,2019-02-23 11:27:04,BTC,12673.57078027,0.0,0.00000220,BTC,369653.3366853577,0.02744224,0.37428833,217
1,[],7,[],2019-02-23 11:18:47,0.0,0,0,6766117,2019-02-23 11:18:47,btc,77969.61377456698,0.0,0,btc,137043486.5550253,0.0,0.0,219
0,[],27,[],2019-02-23 11:18:49,0.0,0,0,6766118,2019-02-23 11:18:49,,0.0740438339680921,0.0,0,btc,1536429.20709513,0.0,0.0,219
0.0000000000000052,[],28,[],2019-02-23 11:18:55,168116952.092,4.316468e-18,1.708410553252e-22,6766119,2019-02-23 11:18:55,doge,83869.8037917675,14386.0,0.00083009,"btc,doge",4822403.34751,0.0,1.135960775406288e-11,219
1,[],22,[],2019-02-23 11:18:58,285635.6,0.00000015,0.000000000005936835,6766120,2019-02-23 11:18:58,BTC,3.00139081,0.0,0.00000015,BTC,106418.27041875875,0.0,0.03388856,221
1,[],24,[],2019-02-23 11:18:58,0.0,0.000000200000,0.00000000000791578,6766121,2019-02-23 11:18:58,btc,0.0,0.0,0.000000200000,btc,0.0,0.0,0.0,221
1,[],20,[],2019-02-23 11:19:00,43228436.1239,0.000000001,0.0000000000000395789,6766122,2019-02-23 11:19:00,btc,47.9980618956477,99600.0,0.000000001,btc,11214728.0749,0.0002988,0.0432284361239,224
0,[],22,[],2019-02-23 11:21:02,0.0,0,0,6766123,2019-02-23 11:21:02,,0.0,0.0,0,,0.0,0.0,0.0,224
1,[],26,[],2019-02-23 11:21:02,0.0,0.00000036,0.000000000014248404,6766124,2019-02-23 11:21:02,btc,0.0,0.0,0.00000036,btc,0.0,0.0,0.0,231
1,[],26,[],2019-02-23 11:21:02,0.0,0.00000006,0.000000000002374734,6766125,2019-02-23 11:21:02,btc,0.0,0.0,0.00000006,btc,0.0,0.0,0.0,234
0.00000000037385380000000003,[],27,[],2019-02-23 11:21:05,2000.0,3.7385380000000005e-18,1.479672216482e-22,6766126,2019-02-23 11:21:05,eth,0.0113483662182,0.0,0.00000001,"btc,eth",11462.99618,0.0,7.477076000000001e-15,234
1,[],4,[],2019-02-23 11:21:07,1085303.19957329,0.00000086,0.000000000034037854,6766127,2019-02-23 11:21:07,btc,4.529629315169691,0.0,0.00000086,btc,1046722.41009928,0.02502341,0.4259276104683535,236
1,[],24,[],2019-02-23 11:21:07,0.0,0.000000300000,0.00000000001187367,6766128,2019-02-23 11:21:07,btc,0.0,0.0,0.000000300000,btc,0.0,0.0,0.0,236
1,[],20,[],2019-02-23 11:21:09,66381062.1658,0.000000061,0.0000000000024143129,6766129,2019-02-23 11:21:09,btc,10.1339971485227,35176104.4186,0.000000061,btc,45705784.3922,2.2756067800116,0.4146436008198,237
1,[],22,[],2019-02-23 11:21:13,116403.0,0.00000004,0.000000000001583156,6766130,2019-02-23 11:21:13,BTC,0.0405823,0.0,0.00000004,"BTC,LTC",3164.0,0.0,0.00482009,237
1,[],4,[],2019-02-23 11:21:13,7545682.83515397,0.00000034,0.000000000013456826,6766131,2019-02-23 11:21:13,btc,6.168420933484394,0.0,0.00000034,btc,8971773.99177525,0.98370384,1.6746658532853298,238
1,[],5,[],2019-02-23 11:21:16,0.0,0,0,6766132,2019-02-23 11:21:16,btc,0.0,0.10522036,0,btc,0.0,0.0,0.0,238
0,[],22,[],2019-02-23 11:21:19,0.0,0,0,6766133,2019-02-23 11:21:19,,27.41366601,0.0,0,,316008.5639027493,0.0,0.0,249
0.0000000001236436,[],22,[],2019-02-23 11:21:23,7121097.666666667,3.709308e-18,1.468103304012e-22,6766134,2019-02-23 11:21:23,LTC,0.53180351,0.0,0.00000003,LTC,14499981.09,0.0,0.21263595,252
1,[],28,[],2019-02-23 11:21:28,3798307.698,0.00000013,0.000000000005145257,6766135,2019-02-23 11:21:28,btc,164693.6391601547,425811.212,0.00000013,btc,751113.53,0.0,0.2377927575,256
1,[],22,[],2019-02-23 11:21:32,2433447.6666666665,0.00000003,0.000000000001187367,6766136,2019-02-23 11:21:32,BTC,31.42327216,0.0,0.00000003,BTC,516927.80769145646,0.00045,0.05185815,258
1,[],22,[],2019-02-23 11:21:36,48751.0,0.00000001,0.000000000000395789,6766137,2019-02-23 11:21:36,BTC,2.4175745,0.0,0.00000001,BTC,1762.0,0.0,0.00048751,259
1,[],5,[],2019-02-23 11:21:38,0.0,0,0,6766138,2019-02-23 11:21:38,btc,0.0,0.33895008,0,btc,0.0,0.0,0.0,264
1,[],20,[],2019-02-23 11:21:40,1221945.1541,0.00000162,0.000000000064117818,6766139,2019-02-23 11:21:40,btc,7.6841623921506,85977.0014,0.00000162,btc,108117.4306,0.2882580631206,0.0298393973579,264
1,[],22,[],2019-02-23 11:21:45,25664.0,0.00000001,0.000000000000395789,6766140,2019-02-23 11:21:45,BTC,8.4442135,0.0,0.00000001,BTC,427909.69136002666,6.25e-05,0.00025664,271
0,[],22,[],2019-02-23 11:21:49,0.0,0,0,6766141,2019-02-23 11:21:49,,263.46698823,0.0,0,,14809386027.9,0.0,0.0,272
0.0000000000000052,[],28,[],2019-02-23 11:21:55,232212918758.06,4.68e-21,1.85229252e-25,6766142,2019-02-23 11:21:55,doge,10997220.798366807,34935659654.428,0.0000009,doge,216233204877.75723,0.0,6.247349504098927e-10,272
1,[],22,[],2019-02-23 11:21:59,114058.74,0.00000207,0.000000000081928323,6766143,2019-02-23 11:21:59,BTC,74.42290863,0.0,0.00000207,"BTC,LTC",11660.487639773188,0.02638503,0.04325372,281
1,[],22,[],2019-02-23 11:22:03,14570.0,0.00000002,0.000000000000791578,6766144,2019-02-23 11:22:03,BTC,1.3312613,0.0,0.00000002,BTC,117235.99887885062,5.03e-05,0.0001557,286
0,[],22,[],2019-02-22 20:00:43,0.0,0,0,6761229,2019-02-22 20:00:43,,43634.52003953,0.0,0,,419068796.0,0.0,0.0,294
