pairValue,buyBook,exchangeId,sellBook,updated,buyTotal,satoshiPrice,usdPrice,exchangeLogId,created,bestPair,sellTotalBtc,volume,pairPrice,activePairs,sellTotal,volumeBtc,buyTotalBtc,coinId
1,[],10,[],2019-07-13 08:58:05,251434.9725798,0.00271069,0.00000031407274150500003,7812232,2019-07-13 08:58:05,btc,6515.317158446701,1686.04548878,0.00271069,btc,2002.66956917,0.0,1.2639712180673435,1
1,[],3,[],2019-07-27 01:46:54,32161.906889570808,0.00807766000000000039538150531370774842798709869384765625,0.000000817149009856,7843221,2019-07-27 01:46:54,btc,9.136465464360747,31.9718874468,0.00807766000000000039538150531370774842798709869384765625,btc,23.310440269794,0.0,0.21583645056706532,1
1,[],4,[],2019-07-27 01:46:55,25357.17371899,0.00809913,0.000000819320949408,7843222,2019-07-27 01:46:55,btc,11.931620627191876,0.0,0.00809913,btc,557.03935847,1.04718494,0.9859055571448562,1
1,[],12,[],2019-07-27 01:46:59,96.78405888,0.00813000000000000007382983113757290993817150592803955078125,0.000000822443808,7843223,2019-07-27 01:46:59,btc,0.2650325939482,0.0,0.00813000000000000007382983113757290993817150592803955078125,btc,24.2283396,1.075487558779,0.2110993168583,1
1,[],20,[],2019-07-27 01:47:01,932.9788,0.00805032,0.000000814383251712,7843224,2019-07-27 01:47:01,btc,0.2261862191946,0.6678,0.00805032,btc,18.964,0.00566092344,0.1358595886358,1
1,[],21,[],2019-07-27 01:47:02,2423.20172656,0.008157179999999999986393106610,0.000000825193380288,7843225,2019-07-27 01:47:02,btc,9.32874170101659,1992.7556316799999,0.00815717999999999998639310661019408144056797027587890625,"btc,eth",1499.15186686,14.88635843428858,15.868677064292147,1
1,[],22,[],2019-07-27 01:47:06,1.1199,0.00200000,0.0000002023232,7843226,2019-07-27 01:47:06,BTC,0.01700334,0.0,0.00200000,BTC,0.28367064174998,0.0,0.00197189,1
1,[],24,[],2019-07-27 01:47:06,0.0,0.000000000000,0,7843227,2019-07-27 01:47:06,btc,0.0,0.0,0.000000000000,btc,0.0,0.0,0.0,1
0.0,[],25,[],2019-07-27 01:47:12,0.0,0,0,7843228,2019-07-27 01:47:12,btc,12.217199999270983,2252.98337483,0.0,btc,1427.9703904,18.5077,0.0,1
1,[],26,[],2019-07-27 01:47:14,0.0,0,0,7843229,2019-07-27 01:47:14,,0.0,0.0,0,,0.0,0.0,0.0,1
1,[],28,[],2019-07-27 01:47:43,1059.021,0.008160000000,0.000000825478656,7843230,2019-07-27 01:47:43,btc,0.369398346,35102.0,0.008160000000,btc,22.3764,0.0,0.421330036,1
1,[],5,[],2019-07-06 00:27:44,0.0,0,0,7800775,2019-07-06 00:27:44,btc,0.0,0.00190933,0,btc,0.0,0.0,0.0,1
0,[],2,[],2019-01-20 23:28:45,0.0,0,0,6477011,2019-01-20 23:28:45,,0.0,0.0,0,,0.0,0.0,0.0,1
1,[],22,[],2019-07-27 01:47:48,11550.3,0.0000002,0.00000000002023232,7843231,2019-07-27 01:47:48,BTC,21.00878619,0.0,0.0000002,"BTC,XMR",19931.59287795317,0.0,0.00143681,2
1,[],5,[],2019-07-06 00:28:14,0.0,0,0,7800785,2019-07-06 00:28:14,btc,0.0,0.00208797,0,btc,0.0,0.0,0.0,2
1,[],12,[],2019-07-27 01:47:49,5144554.15383745,0.000000069,0.000000000006980150399999999,7843232,2019-07-27 01:47:49,btc,42912.72459579255,0.0,0.000000069,btc,7325344.63586166,0.024289331697,0.266617957379527,3
0,[],28,[],2019-07-27 01:47:51,0.0,0,0,7843233,2019-07-27 01:47:51,,0.0,0.0,0,,0.0,0.0,0.0,3
1,[],5,[],2019-06-03 14:48:58,0.0,0,0,7731126,2019-06-03 14:48:58,btc,0.0,0.05905545,0,btc,0.0,0.0,0.0,3
0,[],2,[],2019-01-20 23:31:32,0.0,0,0,6477077,2019-01-20 23:31:32,,0.0,0.0,0,,0.0,0.0,0.0,4
1,[],4,[],2019-07-23 19:39:19,5194762.69889617,0.00000005,0.00000000000508272,7830176,2019-07-23 19:39:19,btc,51.370046856622295,0.0,0.00000005,btc,1310172.08039262,0.0,0.0608782288383904,4
0,[],12,[],2019-07-10 21:32:46,0.0,0,0,7800866,2019-07-10 21:32:46,btc,641.7517620215584,0.0,0,btc,1208658.0779220702,0.0,0.0,5
0,[],2,[],2019-01-20 23:31:51,0.0,0,0,6477087,2019-01-20 23:31:51,,0.0,0.0,0,,0.0,0.0,0.0,6
1,[],11,[],2019-07-27 01:47:53,4406557.0,0.00000001,0.000000000001011616,7843234,2019-07-27 01:47:53,btc,9583.495450733722,30000.0,0.00000001,btc,75462384.7372142,0.0,0.04406557,6
1,[],3,[],2019-07-27 01:47:53,12180.757120247585,0.000089959999999999999274920281511214170677703805267810821533203125,0.000000009100497536,7843235,2019-07-27 01:47:53,btc,1026.3060093764407,809.505049667,0.000089959999999999999274920281511214170677703805267810821533203125,btc,411.379499768193,0.0,0.033470476360756056,7
1,[],4,[],2019-07-27 01:47:54,299633.33776607,0.00009003,0.000000009107578848,7843236,2019-07-27 01:47:54,btc,15.119743642783531,0.0,0.00009003,btc,101226.52720996,5.78179287,1.9115414745038501,7
1,[],5,[],2019-07-06 00:28:21,0.0,0,0,7800789,2019-07-06 00:28:21,btc,0.0,0.38662001,0,btc,0.0,0.0,0.0,7
1,[],20,[],2019-04-07 22:06:50,3201475.0482,0.000000001,0.000000000000051590000000000004,7213932,2019-04-07 22:06:50,btc,30.8005781811902,0.0,0.000000001,btc,23077405.3926,0.0,0.0032014750482,8
1,[],4,[],2019-02-17 11:22:43,4341674.27126056,0.00000002,0.0000000000007272960000000001,6696112,2019-02-17 11:22:43,btc,0.1997230937751353,0.0,0.00000002,btc,4109766.79808031,0.00215132,0.0479381022052112,10
1,[],5,[],2019-07-05 17:50:59,0.0,0,0,7799863,2019-07-05 17:50:59,btc,0.0,0.04857279,0,btc,0.0,0.0,0.0,12
0,[],2,[],2019-01-20 23:23:08,0.0,0,0,6476890,2019-01-20 23:23:08,,0.0,0.0,0,,0.0,0.0,0.0,12
1,[],4,[],2019-07-27 01:47:55,27101064.63576701,0.00000026,0.000000000026302016,7843237,2019-07-27 01:47:55,btc,5.828200882795031,0.0,0.00000026,btc,11652370.11795237,0.26739222,2.4914053312364848,12
0.0,[],25,[],2019-07-27 01:47:58,0.0,0,0,7843238,2019-07-27 01:47:58,,0.0,0.0,0.0,btc,0.0,0.0,0.0,12
1,[],4,[],2019-07-27 01:47:58,828462.27803552,0.00000280,0.00000000028325248,7843239,2019-07-27 01:47:58,btc,2.792529113785517,0.0,0.00000280,btc,553422.15341779,0.63653116,0.8949373014257842,13
1,[],10,[],2019-07-27 01:48:00,676907.40887015,0.00000269,0.000000000272124704,7843240,2019-07-27 01:48:00,btc,666798.1401329152,11310.2454975,0.00000269,btc,1089738.12108526,0.0,0.1471762053838732,13
1,[],21,[],2019-07-27 01:48:02,2793735.7133814,0.000002820000000000000105323735844,0.00000000028527571200000003,7843241,2019-07-27 01:48:02,btc,3.9179558766010496,1095660.31524711,0.00000282000000000000010532373584393184273721999488770961761474609375,btc,1038425.36046211,3.10876614,5.777117417074421,13
1,[],4,[],2019-07-27 01:48:03,1103428.07172998,0.00000075,0.0000000000758712,7843242,2019-07-27 01:48:03,btc,5.935896321187477,0.0,0.00000075,btc,1140886.42965108,0.27556438,0.15611388684889,14
1,[],12,[],2019-07-27 01:48:04,224409.76139014,0.0000008,0.00000000008092928,7843243,2019-07-27 01:48:04,btc,270.7832024848855,0.0,0.0000008,btc,22062.01671839,0.001279217383,0.0213749699999653,14
1,[],26,[],2019-07-27 01:50:04,0.0,0.00000050,0.0000000000505808,7843244,2019-07-27 01:50:04,btc,0.0,0.0,0.00000050,btc,0.0,0.0,0.0,14
0,[],17,[],2019-05-03 00:53:32,0.0,0,0,7558876,2019-05-03 00:53:32,btc,0.0,0.0,0,btc,0.0,0.0,0.0,14
,[],12,[],2018-12-01 15:15:48,204241.84496,0.00000489,0.000000000202473384,5260204,2018-12-01 15:15:48,btc,49.5475654835,0.0,,btc,35763.2193806,0.0163153972027625,0.0203389899998,15
0,[],4,[],2019-07-27 01:50:04,0.0,0,0,7843245,2019-07-27 01:50:04,,0.0,0.0,0,,0.0,0.0,0.0,15
0,[],2,[],2019-01-20 23:23:38,0.0,0,0,6476906,2019-01-20 23:23:38,,0.0,0.0,0,,0.0,0.0,0.0,18
1,[],4,[],2019-07-27 01:50:05,34218.70765576,0.00000792,0.000000000801199872,7843246,2019-07-27 01:50:05,btc,2.407175211223911,0.0,0.00000792,btc,19978.77215487,0.02000149,0.0461735374286084,18
1,[],10,[],2019-07-27 01:50:08,389626.91024443,0.00000736,0.000000000744549376,7843247,2019-07-27 01:50:08,btc,15.25864809246649,4236.71986885,0.00000736,btc,25196.44274951,0.0,0.2032177925125089,18
1,[],12,[],2019-07-27 01:50:09,5513.31257984,0.00000800999999999999954224116915924014392658136785030364990234375,0.0000000008103044159999999,7843248,2019-07-27 01:50:09,btc,0.5671876103590959,0.0,0.00000800999999999999954224116915924014392658136785030364990234375,btc,1945.8323147,0.003505034453,0.0156136408685581,18
0,[],17,[],2019-05-03 00:53:39,0.0,0,0,7558882,2019-05-03 00:53:39,btc,0.0,0.0,0,btc,0.0,0.0,0.0,18
0,[],2,[],2019-01-20 23:24:19,0.0,0,0,6476924,2019-01-20 23:24:19,,0.0,0.0,0,,0.0,0.0,0.0,19
1,[],3,[],2019-07-27 01:52:10,155905.38170294117,0.000007869999999999999188587430920538423606558353640139102935791015625,0.0000000007961417919999999,7843249,2019-07-27 01:52:10,btc,190.28960141296355,31342.8658386,0.000007869999999999999188587430920538423606558353640139102935791015625,btc,19312.021712553058,0.0,0.06477690162178339,19
1,[],4,[],2019-07-27 01:52:11,293100.08949068,0.00000890,0.00000000090033824,7843250,2019-07-27 01:52:11,btc,5.797253466525935,0.0,0.00000890,btc,318831.50505073,0.63606458,1.692279907961781,19
1,[],12,[],2019-07-27 01:52:13,119224.47095897,0.000007789999999999999954537234503337828073199489153921604156494140625,0.000000000788048864,7843251,2019-07-27 01:52:13,btc,10.69544703419998,0.0,0.000007789999999999999954537234503337828073199489153921604156494140625,btc,3823.41219991,0.00050837,0.019380069999692502,19
0,[],27,[],2019-07-27 01:52:19,0.0,0,0,7843252,2019-07-27 01:52:19,,0.0,0.0,0,btc,0.0,0.0,0.0,19
1,[],5,[],2019-07-06 02:01:19,0.0,0,0,7800799,2019-07-06 02:01:19,btc,0.0,0.0,0,btc,0.0,0.0,0.0,19
1,[],4,[],2019-07-27 01:52:20,10134312.93146834,0.00000003,0.000000000003034848,7843253,2019-07-27 01:52:20,btc,5.060553363461339,0.0,0.00000003,btc,2216522.94173599,0.0,0.1116393680480168,20
0,[],4,[],2019-07-27 01:52:21,0.0,0,0,7843254,2019-07-27 01:52:21,,58292.50648014818,0.0,0,,167340773.73576924,0.00998,0.0,21
0,[],12,[],2019-07-27 01:52:24,0.0,0,0,7843255,2019-07-27 01:52:24,btc,2616.9793990993307,0.0,0,btc,11403204.73126868,0.000802607393,0.0,21
0,[],17,[],2019-05-03 00:53:51,0.0,0,0,7558891,2019-05-03 00:53:51,btc,0.0,0.0,0,btc,0.0,0.0,0.0,21
1,[],12,[],2019-07-27 01:54:25,5090149760.680811,0.0000000048,0.00000000000048557568,7843256,2019-07-27 01:54:25,btc,1620683758897.2463,0.0,0.0000000048,btc,1933212363.3009005,6.852669526903,5.4117536407029,23
0.0000000002194602,[],27,[],2019-07-27 01:54:30,76357143.45583317,6.583806e-17,6.660283490496e-21,7843257,2019-07-27 01:54:30,eth,1257.351737860335,259970.0,0.0000003,eth,2307183.4357023,2.8526534097e-11,1.9485226605952893e-09,23
1,[],4,[],2019-07-27 01:54:31,5906059.57373609,0.00000018,0.000000000018209088,7843258,2019-07-27 01:54:31,btc,10.630030780128568,0.0,0.00000018,btc,1726346.59618842,0.00118287,0.1067945945809687,24
0,[],22,[],2019-07-27 01:54:33,0.0,0,0,7843259,2019-07-27 01:54:33,,0.0,0.0,0,,0.0,0.0,0.0,24
0.0,[],25,[],2019-07-27 01:54:36,0.0,0,0,7843260,2019-07-27 01:54:36,,0.0,0.0,0.0,btc,0.0,0.0,0.0,24
0,[],2,[],2019-01-20 23:25:56,0.0,0,0,6476976,2019-01-20 23:25:56,,0.0,0.0,0,,0.0,0.0,0.0,26
1,[],4,[],2019-07-27 01:54:36,26950581.4135724,0.00000417,0.000000000421843872,7843261,2019-07-27 01:54:36,btc,16.13518886537065,0.0,0.00000417,btc,222050.17381008,0.14712061,0.4294699459885279,26
1,[],10,[],2019-07-27 01:54:38,229028.18455034,0.00000431,0.000000000436006496,7843262,2019-07-27 01:54:38,btc,25.73178811748036,7827.59311442,0.00000431,btc,18758.09423513,0.0,0.05348107466386,26
1,[],5,[],2019-04-26 09:47:06,0.0,0,0,7465326,2019-04-26 09:47:06,btc,0.0,0.0,0,btc,0.0,0.0,0.0,27
1,[],3,[],2019-06-17 14:30:26,13571825.64059417,0.00000001,0.00000000000092914,7740112,2019-06-17 14:30:26,btc,3.485049956644059,4264730.43754,0.00000001,btc,23500048.28518193,0.0,0.1357182564059417,27
1,[],11,[],2019-07-15 06:07:59,993045.80216525,0.00000001,0.000000000001021634,7819506,2019-07-15 06:07:59,btc,67502.92060589766,178.77941309,0.00000001,btc,6487362.95640949,0.0,0.0099304580216525,27
0.000000000093961,[],4,[],2019-07-27 01:54:39,538764184.8965049,8.550451e-17,8.649773038815999e-21,7843263,2019-07-27 01:54:39,ltc,11.764301517180021,0.0,0.00000091,ltc,786853681.7314695,0.00237287,1.3861551925495235e-08,29
1,[],7,[],2019-07-27 01:54:40,0.0,0,0,7843264,2019-07-27 01:54:40,btc,1236880.825437772,0.0,0,btc,38071197.93720598,0.0,0.0,29
0,[],17,[],2019-05-03 01:11:25,0.0,0,0,7559066,2019-05-03 01:11:25,btc,0.0,0.0,0,btc,0.0,0.0,0.0,30
1,[],4,[],2019-07-27 01:54:41,15146858.30970911,0.00000005,0.00000000000505808,7843265,2019-07-27 01:54:41,btc,2.526957292163648,0.0,0.00000005,btc,2248245.7770029,0.00094244,0.1656800493127765,30
1,[],21,[],2019-07-27 00:56:12,62540.635189069995,0.00003121000000000000103349620528,0.000000003161014341,7843150,2019-07-27 00:56:12,btc,3.1743352328264347,42179.81068269,0.0000312100000000000010334962052827023626377922482788562774658203125,btc,80347.40709005,1.33123834,1.5579948434380868,31
1,[],4,[],2019-07-27 01:56:42,221480.71550689,0.00003010,0.00000000304496416,7843266,2019-07-27 01:56:42,btc,4.522961711294574,0.0,0.00003010,btc,69376.22487865,0.33138496,0.8000447596912411,31
0,[],2,[],2019-01-20 23:28:43,0.0,0,0,6477009,2019-01-20 23:28:43,,0.0,0.0,0,,0.0,0.0,0.0,32
1,[],12,[],2019-03-30 07:55:10,40641173.964,0.00000003,0.000000000001228359,7108785,2019-03-30 07:55:10,btc,4233210.82356125,0.0,0.00000003,btc,28378394.68333462,0.0126927883965248,0.90752895892,33
0,[],4,[],2019-07-27 01:56:45,0.0,0,0,7843268,2019-07-27 01:56:45,,0.0,0.0,0,,0.0,0.0,0.0,33
0.000000000093961,[],4,[],2019-07-27 01:56:46,25429773.53500386,3.7584399999999995e-17,3.80209803904e-21,7843269,2019-07-27 01:56:46,ltc,5.084187895242069,0.0,0.0000004,ltc,176010934.2389835,0.00011703,2.4548548756067515e-10,34
1,[],5,[],2019-07-06 02:03:46,0.0,0,0,7800811,2019-07-06 02:03:46,btc,0.0,0.0,0,btc,0.0,0.0,0.0,34
0,[],4,[],2019-07-11 00:07:02,0.0,0,0,7801420,2019-07-11 00:07:02,,3.68295914902898e-08,0.0,0,,6667385825.224262,0.0,0.0,36
0.0000000002385992,[],27,[],2019-07-11 00:09:09,11642390.307056,6.9193768e-17,8.4302504017872e-21,7801421,2019-07-11 00:09:09,eth,1120.18186,0.0,0.00000029,"ltc,eth",2270631.0,0.0,1.3601704595377105e-10,36
0.0000000002926451,[],17,[],2019-05-02 18:17:47,200000.0,2.9264510000000002e-18,1.596703856561e-22,7556430,2019-05-02 18:17:47,eth,0.20942468735267253,0.0,0.00000001,"btc,eth",1018272.20243647,0.0,5.852902e-13,36
1,[],5,[],2019-05-31 13:28:21,0.0,0,0,7717484,2019-05-31 13:28:21,btc,0.0,0.0,0,btc,0.0,0.0,0.0,36
1,[],27,[],2019-07-27 00:58:22,10792.0,0.00000019,0.000000000019243599,7843155,2019-07-27 00:58:22,btc,22.62000024371233,0.0,0.00000019,btc,4248.824835,0.0,0.00164037,37
1,[],17,[],2019-05-03 01:11:36,211752.74075282,0.00000025,0.000000000013700074999999998,7559074,2019-05-03 01:11:36,btc,0.055484923955058496,0.0,0.00000025,"btc,eth",1387.19918473,0.0,0.0005381851887916605,37
1,[],4,[],2019-07-27 01:56:48,11498473.87865372,0.00000009,0.000000000009104544,7843270,2019-07-27 01:56:48,btc,19772.326324048558,0.0,0.00000009,btc,823026.48396853,0.04438824,0.1639409732791865,37
1,[],12,[],2019-07-27 01:56:49,8358539.66666664,0.00000007,0.000000000007081312,7843271,2019-07-27 01:56:49,btc,1679.8734933868575,0.0,0.00000007,btc,2840921.79864561,0.116537380438,0.18213857999999838,37
1,[],12,[],2019-07-27 00:58:24,205469.2682761,0.00000110999999999999996035831596741250137938550324179232120513916015625,0.00000000011242313099999999,7843156,2019-07-27 00:58:24,btc,597.9561158319963,0.0,0.00000110999999999999996035831596741250137938550324179232120513916015625,btc,173469.24524915,0.014032175749,0.0503218438810635,42
0.00000000021917360000000001,[],27,[],2019-07-27 00:58:29,3000.0,2.191736e-17,2.2198362472559997e-21,7843157,2019-07-27 00:58:29,eth,0.001005,0.0,0.0000001,"btc,eth",3.0,0.0,6.575208e-14,42
1,[],5,[],2019-07-06 02:03:47,0.0,0,0,7800812,2019-07-06 02:03:47,btc,0.0,0.14382058,0,btc,0.0,0.0,0.0,42
1,[],12,[],2019-03-13 09:13:29,1112112.0,0.00000001,0.000000000000386531,6919902,2019-03-13 09:13:29,btc,29058.00478931866,0.0,0.00000001,btc,5967681.93306694,9.99000999e-07,0.01112112,43
1,[],5,[],2019-04-26 22:38:52,0.0,0,0,7474154,2019-04-26 22:38:52,btc,0.0,0.02638891,0,btc,0.0,0.0,0.0,43
0,[],17,[],2019-04-26 22:38:53,0.0,0,0,7474155,2019-04-26 22:38:53,btc,0.0,0.0,0,btc,0.0,0.0,0.0,43
1,[],12,[],2019-03-05 01:54:08,639326.02,0.00000004,0.000000000001486676,6845775,2019-03-05 01:54:08,btc,11116042.728239931,0.0,0.00000004,btc,1103841.4595604,0.0003330765234764,0.014975410599999999,44
0.0000000000941383,[],4,[],2019-07-27 00:58:30,109105214.69012877,2.9182873e-17,2.9557026614733e-21,7843158,2019-07-27 00:58:30,ltc,4276.72938087365,0.0,0.00000031,ltc,29975714.21432587,0.0,5.22104384382744e-10,49
0.0000000000941383,[],4,[],2019-07-27 00:58:31,307717081.53973806,2.2593192e-17,2.2882859314632e-21,7843159,2019-07-27 00:58:31,ltc,29908.93007024759,0.0,0.00000024,ltc,237751551.94871414,0.0,1.6543917319313722e-09,52
0,[],22,[],2019-07-27 00:58:34,0.0,0,0,7843160,2019-07-27 00:58:34,,10289.74058841,0.0,0,,278058119.4566013,0.0,0.0,57
0,[],27,[],2019-07-27 00:58:39,0.0,0,0,7843161,2019-07-27 00:58:39,,0.0,0.0,0,"btc,eth",0.0,0.0,0.0,57
0.0000000000941383,[],4,[],2019-07-27 00:58:40,1059058879.6990945,9.41383e-19,9.53452471443e-23,7843162,2019-07-27 00:58:40,ltc,19.710416944179716,0.0,0.00000001,ltc,5518310425.16211,0.0,9.969800253477728e-10,58
1,[],12,[],2019-07-27 00:58:41,1093285002.2145119,0.0000000001,0.000000000000010128209999999999,7843163,2019-07-27 00:58:41,btc,69200980.42415442,0.0,0.0000000001,btc,4248917432.918118,0.008421499244,0.10932850022145119,58
0.0000000000814491,[],22,[],2019-07-27 01:00:45,126877.0,8.14491e-19,8.249335891109999e-23,7843164,2019-07-27 01:00:45,XMR,68.17454206,0.0,0.00000001,XMR,9626402.6,0.0,0.00126877,58
1,[],17,[],2019-05-03 01:12:09,1200000.0,0.0000000001,0.00000000000000548003,7559085,2019-05-03 01:12:09,btc,1e+24,0.0,0.0000000001,"btc,eth",39516342.31952568,0.0,0.00010000000058666061,58
0,[],22,[],2019-07-27 01:00:48,0.0,0,0,7843165,2019-07-27 01:00:48,,1000.95208651,0.0,0,,9038.133510458989,0.0,0.0,61
1,[],26,[],2019-07-27 01:00:48,0.0,0.00000013,0.000000000013166672999999999,7843166,2019-07-27 01:00:48,btc,0.0,0.0,0.00000013,btc,0.0,0.0,0.0,61
1,[],27,[],2019-07-27 01:00:54,8400.0,0.00000018,0.000000000018230777999999998,7843167,2019-07-27 01:00:54,btc,1.97314195,0.0,0.00000018,"btc,eth",10936.9,0.0,0.001512,61
1,[],28,[],2019-07-27 01:02:31,40290.0,0.00000008,0.000000000008102567999999999,7843168,2019-07-27 01:02:31,btc,0.242343945415105,269.0,0.00000008,btc,8016.46650005,0.0,0.0010232,61
1,[],5,[],2019-06-17 14:31:27,0.0,0,0,7740135,2019-06-17 14:31:27,btc,0.0,0.00079154,0,btc,0.0,0.0,0.0,61
1,[],4,[],2019-07-27 01:02:31,1262060.5759938,0.00000111,0.00000000011242313099999999,7843169,2019-07-27 01:02:31,btc,9.542173152212285,0.0,0.00000111,btc,1517291.80313591,0.12275895,0.4012039362046005,67
0.0,[],25,[],2019-07-27 01:02:33,0.0,0,0,7843170,2019-07-27 01:02:33,,0.0,0.0,0.0,btc,0.0,0.0,0.0,67
1,[],12,[],2019-06-02 06:23:14,910048.355,0.00000006,0.000000000005154929999999999,7725270,2019-06-02 06:23:14,btc,5.167005424215783,0.0,0.00000006,btc,738530.60239759,0.003159757462,0.0187188113,71
,[],5,[],2018-11-20 23:02:39,1.5e-07,0.00000005,0.000000000002128045,4862160,2018-11-20 23:02:39,btc,2.84511358,0.0,,btc,0.00036572,0.0,0.07381892,74
1,[],5,[],2019-07-06 00:15:01,0.0,0,0,7800749,2019-07-06 00:15:01,btc,0.0,0.01883861,0,btc,0.0,0.0,0.0,75
0,[],4,[],2019-07-10 21:51:38,0.0,0,0,7800925,2019-07-10 21:51:38,,581890.2410093442,0.0,0,,38279594.33970312,0.0,0.0,81
0,[],20,[],2019-01-25 09:30:31,0.0,0,0,6495923,2019-01-25 09:30:31,btc,0.0,0.0,0,btc,0.0,0.0,0.0,81
1,[],4,[],2019-07-27 01:02:35,164768.56878952,0.00006962,0.000000007051259801999999,7843171,2019-07-27 01:02:35,btc,58.415077998124474,0.0,0.00006962,btc,123174.13269092,0.05275228,0.2874248638622018,82
1,[],21,[],2019-07-27 01:02:36,334270.62871304,0.00006600000000000000506018837942,0.0000000066846186,7843172,2019-07-27 01:02:36,btc,4.71061548797758,5954.30350816,0.00006600000000000000506018837942434629439958371222019195556640625,btc,47627.9689543,0.40407533,1.703279557232018,82
0,[],17,[],2019-03-25 22:42:34,0.0,0,0,7038780,2019-03-25 22:42:34,btc,0.0445064681804024,0.0,0,btc,995513.18476001,0.0,0.0,84
0,[],4,[],2019-07-23 20:51:52,0.0,0,0,7830376,2019-07-23 20:51:52,,1.6413985531662756,0.0,0,,620289065.5915176,0.0,0.0,85
,[],22,[],2018-11-20 23:09:34,3408.1,0.0000001,0.0000000000041895,4862324,2018-11-20 23:09:34,BTC,0.04624735,0.0,,BTC,4990.0,0.0,0.00033081,86
1,[],22,[],2019-07-27 01:02:39,14000.0,0.00000001,0.0000000000010128209999999999,7843173,2019-07-27 01:02:39,BTC,1.88576197,0.0,0.00000001,BTC,642487.6140350878,0.0,0.00014,87
1,[],27,[],2019-07-27 01:02:55,10000.0,0.00000001,0.0000000000010128209999999999,7843174,2019-07-27 01:02:55,btc,4.772533202774,0.0,0.00000001,btc,280392.29336,0.0,0.0001,87
,[],2,[],2018-11-20 23:10:47,0.0,0,0,4862359,2018-11-20 23:10:47,,0.0,0.0,,,0.0,0.0,0.0,88
1,[],11,[],2019-07-13 06:40:01,299353.97557583,0.0000369999999999999981139219007442164866006351076066493988037109375,0.0000000043049315,7811813,2019-07-13 06:40:01,btc,156.70253706438987,1923.2,0.0000369999999999999981139219007442164866006351076066493988037109375,btc,146186.36192325,0.0,0.8075395878505254,89
0,[],2,[],2019-01-20 23:31:45,0.0,0,0,6477083,2019-01-20 23:31:45,,0.0,0.0,0,,0.0,0.0,0.0,91
1,[],12,[],2019-07-27 01:02:56,364387.98205924,0.00000042,0.000000000042538482,7843175,2019-07-27 01:02:56,btc,434.5002615277457,0.0,0.00000042,btc,259829.00383837,0.000135641605,0.0224300136538314,91
1,[],22,[],2019-07-27 01:05:00,75900.0,0.00000001,0.0000000000010128209999999999,7843176,2019-07-27 01:05:00,BTC,0.495,0.0,0.00000001,"BTC,LTC",4.95,0.0,0.001659,91
0,[],17,[],2019-05-03 01:12:26,0.0,0,0,7559096,2019-05-03 01:12:26,btc,0.0,0.0,0,btc,0.0,0.0,0.0,91
1,[],22,[],2019-07-10 21:56:00,91614.0,0.00000002,0.000000000002352202,7800934,2019-07-10 21:56:00,BTC,11.8980079,0.0,0.00000002,"BTC,LTC",347503.789747713,0.0,0.06622228,95
0.0000000000941383,[],4,[],2019-07-27 01:05:01,541713785.528086,3.4831171e-17,3.5277741443391e-21,7843177,2019-07-27 01:05:01,ltc,11.639487273452827,0.0,0.00000037,ltc,170863682.32030413,0.0,6.549652391990478e-10,96
0,[],12,[],2019-07-27 01:05:02,0.0,0,0,7843178,2019-07-27 01:05:02,btc,38.289840335614386,0.0,0,btc,12425490.561438551,0.0,0.0,96
0,[],17,[],2019-05-03 01:12:32,0.0,0,0,7559100,2019-05-03 01:12:32,btc,0.0,0.0,0,btc,0.0,0.0,0.0,96
1,[],4,[],2019-07-27 01:07:03,143483.29366374,0.00002202,0.000000002230231842,7843179,2019-07-27 01:07:03,btc,9.148810606326778,0.0,0.00002202,btc,181099.22879434,0.22653099,0.7774486401910056,100
0,[],2,[],2019-01-20 23:23:55,0.0,0,0,6476914,2019-01-20 23:23:55,,0.0,0.0,0,,0.0,0.0,0.0,100
1,[],22,[],2019-07-27 01:07:06,146000.0,0.00000002,0.0000000000020256419999999998,7843180,2019-07-27 01:07:06,BTC,26.50623849,0.0,0.00000002,BTC,10383.92,0.0,0.00162,101
1,[],4,[],2019-07-16 14:33:47,547933.05083038,0.00000126,0.000000000131120388,7825334,2019-07-16 14:33:47,btc,634.8524452924697,0.0,0.00000126,btc,812393.56021757,0.00301441,0.079245871140487,103
1,[],12,[],2019-07-27 01:07:07,61214308.0,0.000000003,0.0000000000003038463,7843181,2019-07-27 01:07:07,btc,349572.13868024753,0.0,0.000000003,btc,122933823.70100237,0.004506308493,0.1090097,105
0,[],27,[],2019-07-27 01:07:13,0.0,0,0,7843182,2019-07-27 01:07:13,,206.48691458409382,2363789.0,0,btc,1238550.54054744,0.02363789,0.0,105
1,[],22,[],2019-07-10 21:58:18,21333.0,0.00000001,0.000000000001176101,7800942,2019-07-10 21:58:18,BTC,51.38182867,0.0,0.00000001,BTC,470435.0,0.0,0.00021333,107
1,[],26,[],2019-07-10 21:58:18,0.0,0.00000000,0,7800943,2019-07-10 21:58:18,btc,0.0,0.0,0.00000000,btc,0.0,0.0,0.0,107
0,[],22,[],2019-07-27 01:07:16,0.0,0,0,7843183,2019-07-27 01:07:16,,6.79500102,0.0,0,,3375892.0833333335,0.0,0.0,112
1,[],27,[],2019-07-27 01:07:23,1.0,0.00000001,0.0000000000010128209999999999,7843184,2019-07-27 01:07:23,btc,0.0,0.0,0.00000001,"btc,eth",0.0,0.0,1e-08,112
1,[],5,[],2019-07-06 00:19:31,0.0,0,0,7800761,2019-07-06 00:19:31,btc,0.0,0.0,0,btc,0.0,0.0,0.0,112
1,[],4,[],2019-07-27 01:07:24,883825.59712696,0.00000069,0.000000000069884649,7843185,2019-07-27 01:07:24,btc,9.210101597913624,0.0,0.00000069,btc,1086807.87346844,0.12398101,0.116166860991559,113
1,[],5,[],2019-07-06 00:19:43,0.0,0,0,7800765,2019-07-06 00:19:43,btc,0.0,0.0,0,btc,0.0,0.0,0.0,113
1,[],27,[],2019-07-27 01:09:29,95525.16595526,0.00000001,0.0000000000010128209999999999,7843186,2019-07-27 01:09:29,btc,3918.96495209,0.0,0.00000001,btc,92497.69,0.0,0.0009552516595526,116
1,[],17,[],2019-04-26 02:17:47,162738.278,0.00000004,0.0000000000021069000000000002,7461287,2019-04-26 02:17:47,btc,1.3331140273775473,0.0,0.00000004,btc,51796.221,0.0,0.00230953112,116
1,[],4,[],2019-07-18 16:30:54,1315571.55655546,0.00000231,0.000000000240609138,7830151,2019-07-18 16:30:54,btc,97.45214423295644,0.0,0.00000231,btc,453338.25653217,0.02253203,0.1939949889478389,120
1,[],7,[],2019-07-18 16:30:55,3748.91566159,0.0000075000000000000001900064307280846520598061033524572849273681640625,0.0000000007811985,7830152,2019-07-18 16:30:55,btc,231231.56046533308,193.90926286,0.0000075000000000000001900064307280846520598061033524572849273681640625,btc,4437.92755754,0.00147798,0.008882383768671,120
1,[],20,[],2019-04-07 18:42:29,1914137.0852,0.000000035,0.0000000000017871910000000002,7211992,2019-04-07 18:42:29,btc,32.2497668025648,25528.85,0.000000035,btc,1001975.4986,0.00089350975,0.0152723574729,125
1,[],22,[],2019-06-17 14:32:38,10000.0,0.00000001,0.00000000000092914,7740161,2019-06-17 14:32:38,BTC,0.032061,0.0,0.00000001,BTC,299316.7611111111,0.0,0.0001,126
1,[],4,[],2019-07-27 01:09:30,343764.20105587,0.00000407,0.000000000412218147,7843187,2019-07-27 01:09:30,btc,2.901488093390297,0.0,0.00000407,btc,213820.98440863,0.1822287,0.4424124856253795,131
0,[],2,[],2019-01-20 23:25:46,0.0,0,0,6476969,2019-01-20 23:25:46,,0.0,0.0,0,,0.0,0.0,0.0,131
1,[],17,[],2019-05-03 01:13:10,10000.0,0.00000001,0.000000000000548003,7559115,2019-05-03 01:13:10,btc,0.0953976503951408,0.0,0.00000001,btc,5037.62507334,0.0,0.0001,131
1,[],4,[],2019-07-27 01:11:30,8691.74380931,0.00006508,0.000000006591439068,7843188,2019-07-27 01:11:30,btc,0.5185015997631639,0.0,0.00006508,btc,237.27081697,0.0,0.0050470237194383,135
1,[],3,[],2019-07-13 16:51:20,187.26592867,0.00000001,0.000000000001140965,7813490,2019-07-13 16:51:20,btc,419.77407087449336,1935513.62324,0.00000001,btc,3179086.72005867,0.0,1.8726592866999999e-06,136
1,[],4,[],2019-07-27 01:11:32,1009911.6823365,0.00000236,0.000000000239025756,7843189,2019-07-27 01:11:32,btc,25.410191452216363,0.0,0.00000236,btc,859812.3862276,0.19838211,0.4780476576892808,137
1,[],12,[],2019-07-27 01:11:33,131891.21163177,0.00000243000000000000002768076566572741370464427745901048183441162109375,0.00000000024611550299999997,7843190,2019-07-27 01:11:33,btc,25.60824413050298,0.0,0.00000243000000000000002768076566572741370464427745901048183441162109375,btc,56100.77873335,0.010983122435,0.0102246875317054,137
1,[],4,[],2019-07-27 01:11:34,470494.18577002,0.00005209,0.0000000052757845889999996,7843191,2019-07-27 01:11:34,btc,24.14893489379182,0.0,0.00005209,btc,117795.24274871,3.70561744,3.284008444317722,142
1,[],20,[],2019-07-27 01:13:36,111632.4574,0.000031885,0.0000000032293797585,7843192,2019-07-27 01:13:36,btc,1.0410712761578,20.0472,0.000031885,btc,50.7612,0.000690435783,0.025434279661,142
1,[],22,[],2019-07-27 01:13:39,10619.88,0.00000200,0.0000000002025642,7843193,2019-07-27 01:13:39,BTC,1.55898515,0.0,0.00000200,BTC,835.8398331062671,0.0,0.00416696,142
0.0,[],25,[],2019-07-27 01:13:41,0.0,0,0,7843194,2019-07-27 01:13:41,,0.0,0.0,0.0,btc,0.0,0.0,0.0,142
1,[],28,[],2019-07-27 01:13:52,10097131.0,0.000058000000,0.0000000058743618,7843195,2019-07-27 01:13:52,btc,0.52679202,2398.0,0.000058000000,btc,1559.485,0.0,1.4793672,142
1,[],17,[],2019-05-03 01:13:16,32967.38636364,0.00000088,0.000000000048224264,7559122,2019-05-03 01:13:16,btc,20.06976206696776,0.0,0.00000088,btc,2746.079105,0.0,0.0105613000000032,142
1,[],5,[],2019-07-06 02:06:10,0.0,0,0,7800822,2019-07-06 02:06:10,btc,0.0,0.00140707,0,btc,0.0,0.0,0.0,142
0,[],22,[],2019-07-27 01:13:54,0.0,0,0,7843196,2019-07-27 01:13:54,,68.35849183,0.0,0,,759882689.3744589,0.0,0.0,143
0,[],22,[],2019-02-25 15:42:22,0.0,0,0,6783783,2019-02-25 15:42:22,,4.2131946,0.0,0,,2322156.0,0.0,0.0,146
,[],22,[],2018-11-20 23:01:11,0.0,0,0,4862114,2018-11-20 23:01:11,,2.56807021,0.0,,,61828.4988236,0.0,0.0,147
1,[],12,[],2019-04-21 06:38:04,193091.5971266,0.00000071,0.000000000037635183,7388679,2019-04-21 06:38:04,btc,2.301232411611175,0.0,0.00000071,btc,9957.48302385,0.00023528,0.0313308199999888,148
1,[],4,[],2019-03-19 21:31:25,255810.0415942,0.00000029,0.000000000011615747,6982695,2019-03-19 21:31:25,btc,218.94922712414143,0.0,0.00000029,btc,793529.37642722,0.00117,0.0608347789473395,152
0,[],22,[],2019-03-19 21:31:27,0.0,0,0,6982696,2019-03-19 21:31:27,,0.0,0.0,0,,0.0,0.0,0.0,152
1,[],5,[],2019-04-26 09:36:59,0.0,0,0,7465040,2019-04-26 09:36:59,btc,0.0,0.0,0,btc,0.0,0.0,0.0,153
,[],16,[],2019-01-11 15:38:59,0.0,0,0,6366141,2019-01-11 15:38:59,btc,0.0,0.0,,btc,0.0,0.0,0.0,155
0,[],22,[],2019-07-27 01:13:58,0.0,0,0,7843197,2019-07-27 01:13:58,,7.42843365,0.0,0,,5840816.592592592,0.0,0.0,156
0,[],23,[],2019-01-20 23:24:29,0.0,0,0,6476932,2019-01-20 23:24:29,,0.0,0.0,0,,0.0,0.0,0.0,156
1,[],22,[],2019-07-27 01:14:03,6996.0,0.00000001,0.0000000000010128209999999999,7843198,2019-07-27 01:14:03,BTC,1.7543039,0.0,0.00000001,BTC,57.0,0.0,6.996e-05,157
0,[],22,[],2019-07-23 20:07:56,0.0,0,0,7830260,2019-07-23 20:07:56,,50234.60468402,0.0,0,,54786159.03179465,0.0,0.0,158
,[],17,[],2018-11-20 22:56:10,0.0,0,0,4861976,2018-11-20 22:56:10,btc,1.1265625,0.0,,btc,1000.0,0.0,0.0,159
,[],20,[],2018-11-20 22:56:12,0.0,0,0,4861977,2018-11-20 22:56:12,btc,11912.7940471,0.0,,btc,34413894.3617,0.0,0.0,159
1,[],12,[],2019-07-10 22:05:17,232905.70345548,0.0000063199999999999996293047720141711209862478426657617092132568359375,0.000000000743295832,7800964,2019-07-10 22:05:17,btc,9.923963040252861,0.0,0.0000063199999999999996293047720141711209862478426657617092132568359375,btc,15215.45465465,0.0062861,0.033379940599723996,168
1,[],17,[],2019-05-03 01:13:36,42852.0,0.00000002,0.000000000001096006,7559132,2019-05-03 01:13:36,btc,0.04279856251542,0.0,0.00000002,btc,274.46171372,0.0,0.00052852,168
1,[],22,[],2019-05-17 03:01:52,10.0,0.00000001,0.000000000000778341,7642059,2019-05-17 03:01:52,BTC,41.95893009,0.0,0.00000001,BTC,1753972.7737547632,0.0,1e-07,169
1,[],22,[],2019-07-27 01:14:07,71174.0,0.00000001,0.0000000000010128209999999999,7843199,2019-07-27 01:14:07,BTC,27.84410593,0.0,0.00000001,"BTC,LTC",321027.3494737184,0.0,0.00090174,171
1,[],22,[],2019-07-27 01:14:11,395398.0,0.00000001,0.0000000000010128209999999999,7843200,2019-07-27 01:14:11,BTC,21.26036954,0.0,0.00000001,"BTC,LTC",1454288.186938432,0.00010478,0.013916,173
1,[],5,[],2019-07-06 02:08:45,0.0,0,0,7800830,2019-07-06 02:08:45,btc,0.0,0.00700197,0,btc,0.0,0.0,0.0,175
1,[],22,[],2019-07-25 12:34:58,8535.0,0.00000001,0.000000000001008706,7836984,2019-07-25 12:34:58,BTC,393.97654772,0.0,0.00000001,BTC,136275.61833431243,1.465e-05,8.535e-05,176
1,[],7,[],2019-07-01 10:15:32,0.0,0,0,7783526,2019-07-01 10:15:32,btc,521516.2326888725,0.0,0,btc,26809253.73522063,0.0,0.0,178
1,[],22,[],2019-07-27 01:14:17,30.0,0.00000001,0.0000000000010128209999999999,7843201,2019-07-27 01:14:17,BTC,1.00205534,0.0,0.00000001,BTC,62828.0,0.0,3e-07,178
0,[],2,[],2019-01-20 23:28:34,0.0,0,0,6477001,2019-01-20 23:28:34,,0.0,0.0,0,,0.0,0.0,0.0,178
1,[],5,[],2019-07-06 02:08:50,0.0,0,0,7800832,2019-07-06 02:08:50,btc,0.0,6.904e-05,0,btc,0.0,0.0,0.0,179
0,[],22,[],2019-07-27 01:14:21,0.0,0,0,7843202,2019-07-27 01:14:21,,10.34025229,0.0,0,,15169064.571946677,0.0,0.0,179
0,[],23,[],2019-01-20 23:25:08,0.0,0,0,6476952,2019-01-20 23:25:08,,0.0,0.0,0,,0.0,0.0,0.0,179
1,[],22,[],2019-07-27 01:16:25,792277.5285851151,0.00000061,0.000000000061782081,7843203,2019-07-27 01:16:25,BTC,2.94648687,0.0,0.00000061,"BTC,LTC",204816.54229327562,0.00021611,0.60945975,180
1,[],26,[],2019-07-27 01:16:26,0.0,0.00000010,0.000000000010128209999999999,7843204,2019-07-27 01:16:26,btc,0.0,0.0,0.00000010,btc,0.0,0.0,0.0,180
1,[],17,[],2019-05-03 01:13:56,20504.725000000002,0.0000001,0.00000000000548003,7559141,2019-05-03 01:13:56,btc,5.2010695838400265,0.0,0.0000001,btc,5033.45945,0.0,0.0011504725,180
,[],7,[],2018-11-20 22:58:01,562227.975654,0.00000085,0.000000000036176765,4862015,2018-11-20 22:58:01,btc,21836.6059674,2491.87645172,,btc,749999.041456,0.00211021,0.127565380455,183
,[],5,[],2019-01-10 08:11:41,0.0,0,0,6347036,2019-01-10 08:11:41,btc,82.15055501,0.00261,,btc,1.19002445,0.0,0.0,187
,[],17,[],2018-11-16 20:58:10,4062536.27273,0.00000001,0.000000000000550501,4708775,2018-11-16 20:58:10,btc,3.36492563466,0.195460381006,,"btc,eth",110697919.549,0.0,0.0157628953496,187
1,[],24,[],2019-05-22 21:04:52,0.0,0.000000000014,0.0000000000000010960978,7670219,2019-05-22 21:04:52,btc,0.0,0.0,0.000000000014,btc,0.0,0.0,0.0,187
0,[],22,[],2019-07-13 22:02:15,0.0,0,0,7814314,2019-07-13 22:02:15,,7.54794454,0.0,0,,76361.7243344055,0.0,0.0,191
0,[],22,[],2019-06-17 14:33:34,0.0,0,0,7740182,2019-06-17 14:33:34,,0.0,0.0,0,,0.0,0.0,0.0,197
0,[],23,[],2019-01-20 23:31:41,0.0,0,0,6477079,2019-01-20 23:31:41,,0.0,0.0,0,,0.0,0.0,0.0,199
0,[],22,[],2019-07-27 01:16:28,0.0,0,0,7843205,2019-07-27 01:16:28,,12.82588123,0.0,0,,106829450.5,0.0,0.0,199
1,[],26,[],2019-07-27 01:16:28,0.0,0.00000000,0,7843206,2019-07-27 01:16:28,btc,0.0,0.0,0.00000000,btc,0.0,0.0,0.0,199
0,[],2,[],2019-01-20 23:30:49,0.0,0,0,6477059,2019-01-20 23:30:49,,0.0,0.0,0,,0.0,0.0,0.0,201
1,[],4,[],2019-01-25 15:51:35,2084389.58565343,0.00000936,0.000000000333526752,6499557,2019-01-25 15:51:35,btc,2.0092503037378524,0.0,0.00000936,btc,160195.80207885,0.19272417,1.242687955921835,211
1,[],7,[],2019-07-01 02:21:28,1170054124.6898527,0.00000018,0.000000000019815389999999997,7782694,2019-07-01 02:21:28,btc,1346735.6331920293,0.0,0.00000018,btc,5516233.71348162,0.0,11.954344045954047,212
1,[],12,[],2019-01-25 02:44:32,207462.42853209,0.000001080000000000000035831255497387193287295303889550268650054931640625,0.000000000038610756000000006,6493050,2019-01-25 02:44:32,btc,85023.03793723314,0.0,0.000001080000000000000035831255497387193287295303889550268650054931640625,btc,43675.73520027,0.000146250909087,0.0348620860622024,213
1,[],24,[],2019-07-14 17:01:36,0.0,0.000000200000,0.00000000002082346,7817375,2019-07-14 17:01:36,btc,0.0,0.0,0.000000200000,btc,0.0,0.0,0.0,213
1,[],26,[],2019-07-14 17:01:36,0.0,0.00000040,0.00000000004164692,7817376,2019-07-14 17:01:36,btc,0.0,0.0,0.00000040,btc,0.0,0.0,0.0,213
1,[],5,[],2019-05-30 00:07:46,0.0,0,0,7709357,2019-05-30 00:07:46,btc,0.0,0.06425239,0,btc,0.0,0.0,0.0,213
0,[],22,[],2019-07-27 01:16:33,0.0,0,0,7843207,2019-07-27 01:16:33,,9.54552254,0.0,0,,3658585.214064925,0.0,0.0,216
0,[],27,[],2019-07-27 01:16:39,0.0,0,0,7843208,2019-07-27 01:16:39,,174.0227896140976,0.0,0,"btc,ltc",454707.12534794,0.0,0.0,216
1,[],22,[],2019-07-27 01:16:42,1170667.4722222222,0.00000012,0.000000000012153851999999999,7843209,2019-07-27 01:16:42,BTC,12055.84529848,0.0,0.00000012,BTC,567963.8833317582,0.000672,0.0344913,217
0,[],27,[],2019-07-26 21:53:11,0.0,0,0,7842674,2019-07-26 21:53:11,,250.20903224,0.0,0,btc,46758.85,0.0,0.0,219
0,[],28,[],2019-07-26 21:53:13,0.0,0,0,7842675,2019-07-26 21:53:13,,0.0,0.0,0,,0.0,0.0,0.0,219
1,[],7,[],2019-06-27 19:02:35,0.0,0,0,7772298,2019-06-27 19:02:35,btc,2123800.2774640615,0.0,0,btc,82333746.4752352,0.0,0.0,219
0,[],22,[],2019-07-23 20:11:38,0.0,0,0,7830275,2019-07-23 20:11:38,,57.73116496,0.0,0,,182427.70709740353,0.0,0.0,221
1,[],24,[],2019-07-23 20:11:38,0.0,0.000000010000,0.0000000000010165440000000001,7830276,2019-07-23 20:11:38,btc,0.0,0.0,0.000000010000,btc,0.0,0.0,0.0,221
1,[],20,[],2019-06-17 14:34:11,26882155.8301,0.000000003,0.000000000000278742,7740192,2019-06-17 14:34:11,btc,100050.81956632523,233521.3529,0.000000003,btc,38769742.8604,0.0007925640587,0.0306863532672,224
0,[],22,[],2019-06-17 14:34:13,0.0,0,0,7740193,2019-06-17 14:34:13,,0.0,0.0,0,,0.0,0.0,0.0,224
1,[],26,[],2019-07-27 01:16:42,0.0,0.00000022,0.000000000022282061999999998,7843210,2019-07-27 01:16:42,btc,0.0,0.0,0.00000022,btc,0.0,0.0,0.0,231
1,[],26,[],2019-07-27 01:16:42,0.0,0.00000008,0.000000000008102567999999999,7843211,2019-07-27 01:16:42,btc,0.0,0.0,0.00000008,btc,0.0,0.0,0.0,234
0.00000000021917360000000001,[],27,[],2019-07-27 01:16:48,100.0,2.1917360000000002e-18,2.219836247256e-22,7843212,2019-07-27 01:16:48,eth,0.0,0.0,0.00000001,"btc,eth",0.0,0.0,2.191736e-16,234
1,[],5,[],2019-07-06 02:11:21,0.0,0,0,7800842,2019-07-06 02:11:21,btc,0.0,0.10652887,0,btc,0.0,0.0,0.0,237
1,[],20,[],2019-07-27 01:16:51,98198798.8038,0.000000048,0.0000000000048615408,7843213,2019-07-27 01:16:51,btc,517.8710722898106,447846.6366,0.000000048,btc,38051361.1395,0.0216163663525,0.7654523339045,237
1,[],22,[],2019-07-27 01:16:54,2167650.0,0.00000006,0.000000000006076925999999999,7843214,2019-07-27 01:16:54,BTC,1.20109922,0.0,0.00000006,"BTC,LTC",14430.948717948719,0.0,0.02730834,237
1,[],5,[],2019-07-06 02:11:32,0.0,0,0,7800846,2019-07-06 02:11:32,btc,0.0,0.05525444,0,btc,0.0,0.0,0.0,238
1,[],4,[],2019-07-27 01:16:55,30088841.34453617,0.00000008,0.000000000008102567999999999,7843215,2019-07-27 01:16:55,btc,2.5093904918538237,0.0,0.00000008,btc,11894309.95895681,0.20785109,0.7421156505817124,238
0.0000000000941383,[],22,[],2019-07-27 01:16:58,419253.0,9.41383e-19,9.53452471443e-23,7843216,2019-07-27 01:16:58,LTC,0.40427224,0.0,0.00000001,LTC,496363.0639027493,0.0,0.00419253,249
0,[],22,[],2019-07-23 20:11:58,0.0,0,0,7830284,2019-07-23 20:11:58,,13.44711564,0.0,0,,43776457.3426455,0.0,0.0,252
1,[],28,[],2019-07-27 01:17:06,1693208.725,0.00000011,0.000000000011141030999999999,7843217,2019-07-27 01:17:06,btc,125501.95019278738,532690.473,0.00000011,btc,4237723.5584,0.0,0.09241388261,256
0.0000000000916764,[],22,[],2019-07-23 20:12:22,1517.0,9.16764e-19,9.31930943616e-23,7830286,2019-07-23 20:12:22,LTC,31474.63788373,0.0,0.00000001,LTC,1024398.9185893413,0.0,1.517e-05,258
1,[],22,[],2019-05-19 18:12:02,400.0,0.00000001,0.0000000000007957800000000001,7653905,2019-05-19 18:12:02,BTC,2.415167,0.0,0.00000001,BTC,157.0,0.0,4e-06,259
1,[],5,[],2019-07-02 14:44:15,0.0,0,0,7788374,2019-07-02 14:44:15,btc,0.0,0.02775788,0,btc,0.0,0.0,0.0,264
1,[],20,[],2019-07-27 01:17:09,990106.1608,0.00000023,0.000000000023294883,7843218,2019-07-27 01:17:09,btc,0.5240659925698,71113.8872,0.00000023,btc,44019.3907,0.0213458337247,0.0068005014189,264
0,[],22,[],2019-04-12 17:57:27,0.0,0,0,7278186,2019-04-12 17:57:27,,66.37522201,0.0,0,,677842.4169881374,0.0,0.0,271
0,[],22,[],2019-07-27 01:17:11,0.0,0,0,7843219,2019-07-27 01:17:11,,33050469.74148113,0.0,0,,14261527780.7,0.0,0.0,272
0.00000000000000291,[],28,[],2019-07-27 01:17:20,331595673458.875,2.328e-22,2.357847288e-26,7843220,2019-07-27 01:17:20,doge,159818061030.74838,3566482629.3907,0.00000008,doge,91423323030.003,0.0,2.987831254636376e-11,272
1,[],22,[],2019-05-23 07:12:29,219930.0,0.00000004,0.000000000003048688,7671985,2019-05-23 07:12:29,BTC,426.77835217,0.0,0.00000004,BTC,248664.3325962929,0.0,0.00739728,281
1,[],22,[],2019-07-23 20:12:52,672850.9,0.00000002,0.0000000000020330880000000002,7830290,2019-07-23 20:12:52,BTC,26.73750817,0.0,0.00000002,"BTC,LTC",1207871.5684827343,0.0004207,0.01909618,286
0,[],22,[],2019-07-12 21:46:03,0.0,0,0,7810176,2019-07-12 21:46:03,,7337942.20855518,0.0,0,,2077158967.6797826,0.0,0.0,294
