pairValue,buyBook,exchangeId,sellBook,updated,buyTotal,satoshiPrice,usdPrice,exchangeLogId,created,bestPair,sellTotalBtc,volume,pairPrice,activePairs,sellTotal,volumeBtc,buyTotalBtc,coinId
1,[],3,[],2019-02-22 09:34:43,30552.12771565296,0.01286466999999999992476684695930089219473302364349365234375,0.000000508997100885,6757738,2019-02-22 09:34:43,btc,61.11778949079024,1.37353457225,0.01286466999999999992476684695930089219473302364349365234375,btc,25.421554904837002,0.0,0.2172184073825229,1
1,[],4,[],2019-02-22 09:34:43,120060.5167629,0.01294702,0.00000051225531981,6757739,2019-02-22 09:34:43,btc,9.11142286082876,0.0,0.01294702,btc,252.5162826,0.61613938,1.1967415435974642,1
1,[],5,[],2019-02-22 09:34:47,0.0,0,0,6757740,2019-02-22 09:34:47,btc,0.0,0.27816192,0,btc,0.0,0.0,0.0,1
1,[],10,[],2019-02-22 09:34:49,414306.8084949,0.01165437,0.00000046111097623500005,6757741,2019-02-22 09:34:49,btc,6524.549272361892,1123.74507365,0.01165437,btc,1189.92785392,0.0,5.350314706969521,1
1,[],12,[],2019-02-22 09:34:52,10438.5643936,0.01290999999999999960087482264725622371770441532135009765625,0.0000005107906050000001,6757742,2019-02-22 09:34:52,btc,0.2586061091253,0.0,0.01290999999999999960087482264725622371770441532135009765625,btc,12.2779617,0.1502394998031,0.388982453898,1
1,[],20,[],2019-02-22 09:34:58,1152.7302,0.0106,0.00000041939430000000003,6757743,2019-02-22 09:34:58,btc,0.0629873286722,0.0,0.0106,btc,2.9601,0.0,0.1067393885231,1
1,[],21,[],2019-02-22 09:34:59,2651.25131565,0.01289911000000000008969269771,0.000000510359736705,6757744,2019-02-22 09:34:59,btc,46.91475901529761,4260.32544144,0.01289911000000000008969269771341714658774435520172119140625,"btc,eth",3888.03567706,51.9915273169734,26.49135931895627,1
1,[],22,[],2019-02-22 09:35:55,0.0163776,0.01300000,0.0000005143515,6757745,2019-02-22 09:35:55,BTC,0.31423927,0.0,0.01300000,BTC,0.11751954901960784,0.0,0.00020972,1
1,[],24,[],2019-02-22 09:35:56,0.0,0.000000000000,0,6757746,2019-02-22 09:35:56,btc,0.0,0.0,0.000000000000,btc,0.0,0.0,0.0,1
0.0,[],25,[],2019-02-22 09:35:57,0.0,0,0,6757747,2019-02-22 09:35:57,btc,25.273599997405842,640.84169179,0.0,btc,1906.6239743,8.2317,0.0,1
1,[],26,[],2019-02-22 09:36:07,0.0,0,0,6757748,2019-02-22 09:36:07,,0.0,0.0,0,,0.0,0.0,0.0,1
1,[],28,[],2019-02-22 09:36:09,993.21,0.01323000,0.000000523451565,6757749,2019-02-22 09:36:09,btc,0.162839806,18612.6,0.01323000,btc,8.9,0.0,0.090071836,1
0,[],2,[],2019-01-20 23:28:45,0.0,0,0,6477011,2019-01-20 23:28:45,,0.0,0.0,0,,0.0,0.0,0.0,1
1,[],5,[],2019-02-22 09:36:09,0.0,0,0,6757750,2019-02-22 09:36:09,btc,0.0,0.00154106,0,btc,0.0,0.0,0.0,2
0.00000000012820700000000002,[],22,[],2019-02-22 09:37:01,1148.0,1.4102770000000002e-16,5.579831464350001e-21,6757751,2019-02-22 09:37:01,XMR,21.01373823,0.0,0.00000110,XMR,14319.12581,0.0,0.00087635,2
1,[],5,[],2019-02-22 09:37:01,0.0,0,0,6757752,2019-02-22 09:37:01,btc,0.0,0.23834868,0,btc,0.0,0.0,0.0,3
1,[],12,[],2019-02-22 09:37:03,12963070.7571,0.000000168,0.000000000006647004,6757753,2019-02-22 09:37:03,btc,924396.6180985678,0.0,0.000000168,btc,8753810.82795044,0.08888374324938068,0.6121584320755,3
0,[],28,[],2019-02-22 09:37:04,0.0,0,0,6757754,2019-02-22 09:37:04,,0.0,0.0,0,,0.0,0.0,0.0,3
0,[],2,[],2019-01-20 23:31:32,0.0,0,0,6477077,2019-01-20 23:31:32,,0.0,0.0,0,,0.0,0.0,0.0,4
1,[],4,[],2019-02-22 09:37:05,400333.88749235,0.00000032,0.000000000012660960000000001,6757755,2019-02-22 09:37:05,btc,31.576426407239886,0.0,0.00000032,btc,685876.08766458,0.0,0.0547125982646265,4
1,[],12,[],2019-02-21 15:21:17,1297518.5219999999,0.00000003,0.000000000001178625,6753381,2019-02-21 15:21:17,btc,11013879.586285478,0.0,0.00000003,btc,1205406.24379976,0.001562545568112,0.01981748044,5
0,[],2,[],2019-01-20 23:31:51,0.0,0,0,6477087,2019-01-20 23:31:51,,0.0,0.0,0,,0.0,0.0,0.0,6
1,[],11,[],2019-02-22 09:37:07,1656804.5,0.00000002,0.0000000000007913100000000001,6757756,2019-02-22 09:37:07,btc,9432.817435181234,1076145.0,0.00000002,btc,41369686.95347657,0.0,0.017568045,6
1,[],3,[],2019-02-22 09:37:07,1091.956916111364,0.00015101000000000000598847360588905530676129274070262908935546875,0.000000005974786155000001,6757757,2019-02-22 09:37:07,btc,27.605796873748474,0.0,0.00015101000000000000598847360588905530676129274070262908935546875,btc,249.144760639695,0.0,0.03419747781770456,7
1,[],4,[],2019-02-22 09:37:08,363062.96964602,0.00023359,0.000000009242105145,6757758,2019-02-22 09:37:08,btc,12.716017623039248,0.0,0.00023359,btc,43128.50760255,3.94895557,7.79522966210737,7
1,[],5,[],2019-02-22 09:37:09,0.0,0,0,6757759,2019-02-22 09:37:09,btc,0.0,0.84538449,0,btc,0.0,0.0,0.0,7
1,[],20,[],2019-02-20 02:16:17,39399275.8418,0.000000001,0.0000000000000390183,6728586,2019-02-20 02:16:17,btc,116.9737569154545,525.0,0.000000001,btc,56932965.8895,5.25e-07,0.0393992758418,8
0,[],2,[],2019-01-20 23:22:42,0.0,0,0,6476876,2019-01-20 23:22:42,,0.0,0.0,0,,0.0,0.0,0.0,9
0,[],23,[],2019-01-20 23:22:48,0.0,0,0,6476878,2019-01-20 23:22:48,,0.0,0.0,0,,0.0,0.0,0.0,9
1,[],4,[],2019-02-22 09:37:11,1830504.37691212,0.00000176,0.00000000006963528000000001,6757760,2019-02-22 09:37:11,btc,3.786970874767589,0.0,0.00000176,btc,1894998.62885379,2.59710946,0.3968832489372278,9
1,[],28,[],2019-02-22 09:37:13,44667.0,0.00000175,0.00000000006923962500000001,6757761,2019-02-22 09:37:13,btc,2708.762911537195,3632708.92,0.00000175,btc,12613.2201,0.0,0.04554025,9
1,[],1,[],2019-02-17 23:31:42,1822507.21,0.00000181000000000000003456111265232042484285557293333113193511962890625,0.000000000066086901,6701244,2019-02-17 23:31:42,btc,3.6990969245,17153386.5,0.00000181000000000000003456111265232042484285557293333113193511962890625,btc,1997391.71,31.11772986,3.2610482446,9
1,[],4,[],2019-02-17 11:22:43,4341674.27126056,0.00000002,0.0000000000007272960000000001,6696112,2019-02-17 11:22:43,btc,0.1997230937751353,0.0,0.00000002,btc,4109766.79808031,0.00215132,0.0479381022052112,10
0,[],2,[],2019-01-20 23:23:08,0.0,0,0,6476890,2019-01-20 23:23:08,,0.0,0.0,0,,0.0,0.0,0.0,12
1,[],4,[],2019-02-22 09:37:14,2788379.9733799,0.00000147,0.000000000058161285,6757762,2019-02-22 09:37:14,btc,16.435670299653104,0.0,0.00000147,btc,7304182.25827977,2.41029854,2.760684825853716,12
1,[],5,[],2019-02-22 09:37:14,0.0,0,0,6757763,2019-02-22 09:37:14,btc,0.0,0.72381446,0,btc,0.0,0.0,0.0,12
0.0,[],25,[],2019-02-22 09:37:16,0.0,0,0,6757764,2019-02-22 09:37:16,,0.0,0.0,0.0,btc,0.0,0.0,0.0,12
1,[],10,[],2019-02-22 08:34:18,487164.77371724,0.00000583,0.000000000230441244,6757458,2019-02-22 08:34:18,btc,666802.470496066,6126.11872221,0.00000583,btc,723683.59109637,0.0,0.3236041192825985,13
1,[],4,[],2019-02-22 09:37:16,1307101.60081522,0.00000583,0.000000000230666865,6757765,2019-02-22 09:37:16,btc,3.5110930046507884,0.0,0.00000583,btc,476607.54937836,0.47410333,1.3178639799339391,13
1,[],21,[],2019-02-22 09:37:20,489961.00476801,0.000006019999999999999960517693687,0.00000000023818431,6757766,2019-02-22 09:37:20,btc,6.369166166134703,334593.51022441,0.00000601999999999999996051769368676787053118459880352020263671875,btc,983016.80928503,1.98204015,2.681151188919668,13
1,[],4,[],2019-02-22 09:37:20,979854.4348308,0.00000138,0.00000000005460039,6757767,2019-02-22 09:37:20,btc,12.720736171639413,0.0,0.00000138,btc,865064.01904986,0.10741552,0.4012204881151954,14
1,[],12,[],2019-02-22 09:37:21,111208.19607843,0.000001300000000000000047051663780439678674838432925753295421600341796875,0.000000000051435150000000004,6757768,2019-02-22 09:37:21,btc,5.309809799420226,0.0,0.000001300000000000000047051663780439678674838432925753295421600341796875,btc,32714.78078516,0.0011308089006826,0.0179692799999986,14
0,[],17,[],2019-02-22 09:37:33,0.0,0,0,6757769,2019-02-22 09:37:33,btc,0.0,0.0,0,btc,0.0,0.0,0.0,14
1,[],26,[],2019-02-22 09:37:33,0.0,0.00000050,0.000000000019782750000000003,6757770,2019-02-22 09:37:33,btc,0.0,0.0,0.00000050,btc,0.0,0.0,0.0,14
0,[],4,[],2019-02-22 09:37:34,0.0,0,0,6757771,2019-02-22 09:37:34,,0.0,0.0,0,,0.0,0.0,0.0,15
,[],12,[],2018-12-01 15:15:48,204241.84496,0.00000489,0.000000000202473384,5260204,2018-12-01 15:15:48,btc,49.5475654835,0.0,,btc,35763.2193806,0.0163153972027625,0.0203389899998,15
0,[],17,[],2019-02-22 09:20:13,0.0,0,0,6757673,2019-02-22 09:20:13,btc,0.0,0.0,0,btc,0.0,0.0,0.0,18
0,[],2,[],2019-01-20 23:23:38,0.0,0,0,6476906,2019-01-20 23:23:38,,0.0,0.0,0,,0.0,0.0,0.0,18
1,[],4,[],2019-02-22 09:37:35,26530.01651661,0.00001809,0.000000000715739895,6757772,2019-02-22 09:37:35,btc,1.239094862828501,0.0,0.00001809,btc,8513.5431997,0.03751527,0.0931596902923841,18
1,[],10,[],2019-02-22 09:37:37,780038.26654427,0.00001779,0.000000000703870245,6757773,2019-02-22 09:37:37,btc,15.542650981472766,22408.3179309,0.00001779,btc,10850.37807742,0.0,0.1366546905675525,18
1,[],12,[],2019-02-22 09:37:38,199432.35182687998,0.00001821999999999999834965347389470480266027152538299560546875,0.00000000072088341,6757774,2019-02-22 09:37:38,btc,21.9797217875333,0.0,0.00001821999999999999834965347389470480266027152538299560546875,btc,1744.43913463,2.57977218381e-05,0.0400360573625295,18
0,[],2,[],2019-01-20 23:24:19,0.0,0,0,6476924,2019-01-20 23:24:19,,0.0,0.0,0,,0.0,0.0,0.0,19
1,[],3,[],2019-02-22 09:37:49,120776.55875134739,0.00002220000000000000090123221385685070572435506619513034820556640625,0.0000000008783541000000001,6757775,2019-02-22 09:37:49,btc,0.562685580307966,0.21768707483,0.00002220000000000000090123221385685070572435506619513034820556640625,btc,9524.56963067002,0.0,0.07966721993169824,19
1,[],4,[],2019-02-22 09:37:50,355268.99611728,0.00001907,0.000000000754514085,6757776,2019-02-22 09:37:50,btc,2.70465069578991,0.0,0.00001907,btc,83160.58064436,1.87013553,2.41098108735947,19
1,[],5,[],2019-02-22 09:37:51,0.0,0,0,6757777,2019-02-22 09:37:51,btc,0.0,2.1e-06,0,btc,0.0,0.0,0.0,19
1,[],12,[],2019-02-22 09:37:53,128602.0,0.00002224999999999999872844769210900039979605935513973236083984375,0.000000000880332375,6757778,2019-02-22 09:37:53,btc,1.2821692353203402,0.0,0.00002224999999999999872844769210900039979605935513973236083984375,btc,365.1508782,0.00521672,0.025446919999999998,19
0,[],27,[],2019-02-22 09:37:55,0.0,0,0,6757779,2019-02-22 09:37:55,,0.0,0.0,0,btc,0.0,0.0,0.0,19
1,[],4,[],2019-02-22 09:37:57,8070160.95424551,0.00000013,0.000000000005143515,6757780,2019-02-22 09:37:57,btc,7.376065179582633,0.0,0.00000013,btc,2843149.4360639,0.0,0.2584025451781454,20
1,[],4,[],2019-02-22 09:37:57,104150384.86437024,0.00000002,0.0000000000007913100000000001,6757781,2019-02-22 09:37:57,btc,360.01099823782266,0.0,0.00000002,btc,55684427.81417261,0.003234,1.1707481411680452,21
1,[],12,[],2019-02-22 09:37:59,18647376.0,0.00000002,0.0000000000007913100000000001,6757782,2019-02-22 09:37:59,btc,670.3900728834847,0.0,0.00000002,btc,8549207.32857329,0.00039488,0.24518776,21
0,[],17,[],2019-02-22 07:36:42,0.0,0,0,6757272,2019-02-22 07:36:42,btc,0.0,0.0,0,btc,0.0,0.0,0.0,21
1,[],12,[],2019-02-22 09:38:01,3054568312.531895,0.0000000001,0.000000000000003956550000000001,6757783,2019-02-22 09:38:01,btc,880865843018.0549,0.0,0.0000000001,btc,4916913632.059385,0.00216443246333708,0.3054568312531895,23
0.00000000037112569999999996,[],27,[],2019-02-22 09:38:04,2000.0,3.711257e-18,1.468377388335e-22,6757784,2019-02-22 09:38:04,eth,1.3429826565934113,0.0,0.00000001,eth,1964879.85514486,0.0,7.422514e-15,23
1,[],4,[],2019-02-22 09:38:05,281669.77442223,0.00000060,0.0000000000237393,6757785,2019-02-22 09:38:05,btc,8.425184706803563,0.0,0.00000060,btc,1470795.88017427,0.000102,0.1381979570821121,24
1,[],22,[],2019-02-22 09:38:24,11.76,0.00000100,0.000000000039565500000000005,6757786,2019-02-22 09:38:24,BTC,7.415e-05,0.0,0.00000100,BTC,23.919354838709676,0.0,1.176e-05,24
0.0,[],25,[],2019-02-22 09:38:26,0.0,0,0,6757787,2019-02-22 09:38:26,,0.0,0.0,0.0,btc,0.0,0.0,0.0,24
1,[],10,[],2019-02-22 09:21:25,690950.41480329,0.00000584,0.00000000023126049600000001,6757688,2019-02-22 09:21:25,btc,25.928449246099273,6217.319274,0.00000584,btc,14495.96052667,0.0,0.2175079959971963,26
1,[],4,[],2019-02-22 09:38:26,26865518.24157685,0.00000613,0.000000000242536515,6757788,2019-02-22 09:38:26,btc,119.12424994516562,0.0,0.00000613,btc,217913.54488559,0.09301765,0.4781573063030781,26
0,[],2,[],2019-01-20 23:25:56,0.0,0,0,6476976,2019-01-20 23:25:56,,0.0,0.0,0,,0.0,0.0,0.0,26
1,[],3,[],2019-02-22 09:40:28,7034251.70213569,0.00000001,0.00000000000039565500000000004,6757789,2019-02-22 09:40:28,btc,2.82825642819826,217.5,0.00000001,btc,18068492.95734499,0.0,0.0703425170213569,27
1,[],5,[],2019-02-22 09:40:29,0.0,0,0,6757790,2019-02-22 09:40:29,btc,0.0,0.0,0,btc,0.0,0.0,0.0,27
1,[],11,[],2019-02-22 09:40:31,9803584.35433359,0.00000005,0.000000000001978275,6757791,2019-02-22 09:40:31,btc,67506.54015390559,8080.0,0.00000005,btc,8318063.39032784,0.0,0.458287845339645,27
1,[],4,[],2019-02-22 09:40:32,1439029633.2173674,0.00000002,0.0000000000007913100000000001,6757792,2019-02-22 09:40:32,btc,9.945302878132589,0.0,0.00000002,"btc,ltc",462304228.5486833,0.5858078,9.430871984070961,29
1,[],7,[],2019-02-22 09:40:33,37614056.70347409,0.00000001,0.00000000000039565500000000004,6757793,2019-02-22 09:40:33,btc,44465227.25878002,113961.786402,0.00000001,btc,59383853.71902286,0.00227801,0.3761405670347409,29
0,[],17,[],2019-02-22 08:35:48,0.0,0,0,6757489,2019-02-22 08:35:48,btc,0.0,0.0,0,btc,0.0,0.0,0.0,30
1,[],4,[],2019-02-22 09:40:34,1434105.07944451,0.00000031,0.000000000012265305,6757794,2019-02-22 09:40:34,btc,2.303794351730594,0.0,0.00000031,btc,1505657.85567314,0.00068499,0.1071714408612428,30
1,[],4,[],2019-02-22 09:40:46,1131295.85626542,0.00005781,0.000000002287281555,6757795,2019-02-22 09:40:46,btc,5.195927178828779,0.0,0.00005781,btc,60027.53124329,1.52673779,1.3955900426814067,31
1,[],21,[],2019-02-22 09:40:47,37991.41648679,0.00005900999999999999914021900360,0.0000000023347601550000003,6757796,2019-02-22 09:40:47,btc,3.0479978366899916,102761.71583505,0.0000590099999999999991402190036016150997966178692877292633056640625,btc,46676.09631305,6.00306242,1.8431831066892872,31
0,[],2,[],2019-01-20 23:28:43,0.0,0,0,6477009,2019-01-20 23:28:43,,0.0,0.0,0,,0.0,0.0,0.0,32
1,[],4,[],2019-02-22 09:40:48,365615190.16053116,0.00000004,0.0000000000015826200000000002,6757797,2019-02-22 09:40:48,btc,11.518660566351794,0.0,0.00000004,"btc,ltc",196798327.44707614,0.31897394,8.48072026506007,33
1,[],12,[],2019-02-22 09:40:50,15124924.379,0.00000005,0.000000000001978275,6757798,2019-02-22 09:40:50,btc,35620504.849122226,0.0,0.00000005,btc,89169749.01798175,0.018793866093907,0.49484980895,33
1,[],4,[],2019-02-22 09:40:50,129578661.0327251,0.00000001,0.00000000000039565500000000004,6757799,2019-02-22 09:40:50,btc,4.665924006958136,0.0,0.00000001,btc,100810129.88046296,0.01405507,1.2957866103272508,34
1,[],5,[],2019-02-22 09:40:51,0.0,0,0,6757800,2019-02-22 09:40:51,btc,0.0,0.51208293,0,btc,0.0,0.0,0.0,34
0.0000000001246675,[],4,[],2019-02-22 09:40:52,971143970.9310471,2.4933500000000003e-18,9.865063942500001e-23,6757801,2019-02-22 09:40:52,ltc,2.714877675574387e-08,0.0,0.00000002,ltc,3203543030.7569056,0.0,1.815171760386875e-09,36
1,[],5,[],2019-02-22 09:40:53,0.0,0,0,6757802,2019-02-22 09:40:53,btc,0.0,0.0,0,btc,0.0,0.0,0.0,36
0,[],17,[],2019-02-22 09:40:55,0.0,0,0,6757803,2019-02-22 09:40:55,btc,0.07464582844044307,0.0,0,btc,4105386.20243647,0.0,0.0,36
0.00000000037112569999999996,[],27,[],2019-02-22 09:40:58,2000.0,3.711257e-18,1.468377388335e-22,6757804,2019-02-22 09:40:58,eth,114.1676941557863,0.0,0.00000001,"ltc,eth",4107666.4875004,0.0,7.422514e-15,36
1,[],4,[],2019-02-22 09:22:06,332149.24112348,0.00000074,0.000000000029303556,6757704,2019-02-22 09:22:06,btc,19772.483905064262,0.0,0.00000074,btc,565733.11112482,0.00870465,0.169531130522168,37
1,[],12,[],2019-02-22 09:22:07,575959.38995051,0.00000074,0.000000000029303556,6757705,2019-02-22 09:22:07,btc,1347.0720337076314,0.0,0.00000074,btc,849010.5906754,0.1876383795956763,0.1907361300000064,37
1,[],27,[],2019-02-22 09:22:21,14685.567,0.00000045,0.000000000017819730000000002,6757706,2019-02-22 09:22:21,btc,25.83024737411233,66.433,0.00000045,btc,6763.38138508,2.989e-05,0.00480032515,37
1,[],17,[],2019-02-22 07:38:23,1752.74075282,0.00000025,0.000000000009838675,6757298,2019-02-22 07:38:23,btc,0.055484923777095005,0.0,0.00000025,btc,1319.19918473,0.0,0.00043818518820499993,37
1,[],5,[],2019-02-22 09:41:00,0.0,0,0,6757805,2019-02-22 09:41:00,btc,0.0,0.06657848,0,btc,0.0,0.0,0.0,42
1,[],12,[],2019-02-22 09:41:01,133662.84544369,0.00000089,0.000000000035213295,6757806,2019-02-22 09:41:01,btc,94.68194216704109,0.0,0.00000089,btc,101064.83413985,0.015928914003635,0.0410852892144013,42
0.00000000037112569999999996,[],27,[],2019-02-22 09:41:05,2000.0,3.711257e-18,1.468377388335e-22,6757807,2019-02-22 09:41:05,eth,0.00315028,0.0,0.00000001,"btc,eth",11.007,0.0,7.422514e-15,42
0,[],17,[],2019-02-22 09:22:29,0.0,0,0,6757712,2019-02-22 09:22:29,btc,0.0,0.0,0,btc,0.0,0.0,0.0,43
1,[],5,[],2019-02-22 09:41:06,0.0,0,0,6757808,2019-02-22 09:41:06,btc,0.0,0.0001592,0,btc,0.0,0.0,0.0,43
1,[],12,[],2019-02-22 09:41:07,3709223.0,0.00000002,0.0000000000007913100000000001,6757809,2019-02-22 09:41:07,btc,20007435.27450556,0.0,0.00000002,btc,38974190.26313686,2.0795804194e-06,0.037591440000000004,43
1,[],12,[],2019-02-22 09:41:19,688800.0,0.00000005,0.000000000001978275,6757810,2019-02-22 09:41:19,btc,11115177.726581058,0.0,0.00000005,btc,1077573.39762234,0.0002835,0.01775888,44
1,[],4,[],2019-02-22 09:41:20,304163016.64405817,0.00000002,0.0000000000007913100000000001,6757811,2019-02-22 09:41:20,btc,474.57134500070026,0.0,0.00000002,"btc,ltc",12283111.22500239,0.0,0.2178028578177632,49
0,[],4,[],2019-02-22 09:41:22,0.0,0,0,6757812,2019-02-22 09:41:22,,25.469936318970195,0.0,0,,10640299562.665442,0.0,0.0,52
0.00000000012820700000000002,[],22,[],2019-02-22 09:42:01,80945862.0,1.2820700000000001e-18,5.0725740585000007e-23,6757813,2019-02-22 09:42:01,XMR,4366.33224183,0.0,0.00000001,XMR,248874057.67882353,0.0,0.80945862,57
0.00000000037112569999999996,[],27,[],2019-02-22 09:42:04,2000.0,3.711257e-18,1.468377388335e-22,6757814,2019-02-22 09:42:04,eth,0.0,0.0,0.00000001,"btc,eth",0.0,0.0,7.422514e-15,57
0,[],17,[],2019-02-22 09:22:47,0.0,0,0,6757718,2019-02-22 09:22:47,btc,1e+24,0.0,0,btc,41401875.8285055,0.0,0.0,58
0.0000000001246675,[],4,[],2019-02-22 09:42:05,886004729.6589872,3.740025e-18,1.4797595913750001e-22,6757815,2019-02-22 09:42:05,ltc,18.806017607171707,0.0,0.00000003,ltc,3900326242.2060494,0.0,2.1018100803490067e-09,58
1,[],12,[],2019-02-22 09:42:08,1666152365.5081315,0.0000000005,0.000000000000019782750000000002,6757816,2019-02-22 09:42:08,btc,224005479405.06332,0.0,0.0000000005,btc,3598148425.3231525,0.15857096752269,0.5430526725332264,58
0.00000000012820700000000002,[],22,[],2019-02-22 09:42:54,137438.0,1.2820700000000001e-18,5.0725740585000007e-23,6757817,2019-02-22 09:42:54,XMR,69.8835922,0.0,0.00000001,XMR,9887963.0,0.0,0.00137438,58
1,[],5,[],2019-02-22 09:42:55,0.0,0,0,6757818,2019-02-22 09:42:55,btc,0.0,0.00895452,0,btc,0.0,0.0,0.0,61
1,[],22,[],2019-02-22 09:44:50,5149.5,0.00000011,0.0000000000043522050000000004,6757819,2019-02-22 09:44:50,BTC,1002.29597012,0.0,0.00000011,BTC,14947.700278135757,0.0,0.00051596,61
1,[],26,[],2019-02-22 09:44:50,0.0,0.00000800,0.00000000031652400000000004,6757820,2019-02-22 09:44:50,btc,0.0,0.0,0.00000800,btc,0.0,0.0,0.0,61
1,[],27,[],2019-02-22 09:44:54,2493.55,0.00000045,0.000000000017804475,6757821,2019-02-22 09:44:54,btc,2.9493343005130614,0.0,0.00000045,"btc,eth",19197.38399471,0.0,0.00021559750363703186,61
1,[],28,[],2019-02-22 09:45:04,13882.304,0.0000005,0.000000000019782750000000003,6757822,2019-02-22 09:45:04,btc,2.056328285685105,739.0,0.0000005,btc,9746.52450005,0.0,0.00566491304,61
1,[],4,[],2019-02-22 09:45:04,1529668.00841907,0.00000283,0.00000000011197036500000001,6757823,2019-02-22 09:45:04,btc,11.236049931980066,0.0,0.00000283,btc,786747.25310207,0.11255856,1.5117282833161925,67
0.0,[],25,[],2019-02-22 09:45:06,0.0,0,0,6757824,2019-02-22 09:45:06,,0.0,0.0,0.0,btc,0.0,0.0,0.0,67
1,[],12,[],2019-02-22 09:45:08,3013305.36540115,0.00000024,0.000000000009495719999999999,6757825,2019-02-22 09:45:08,btc,11115996.098815208,0.0,0.00000024,btc,1971640.89946717,0.0040199827472535,0.1063269345211109,71
,[],5,[],2018-11-20 23:02:39,1.5e-07,0.00000005,0.000000000002128045,4862160,2018-11-20 23:02:39,btc,2.84511358,0.0,,btc,0.00036572,0.0,0.07381892,74
1,[],5,[],2019-02-22 09:45:09,0.0,0,0,6757826,2019-02-22 09:45:09,btc,0.0,0.0,0,btc,0.0,0.0,0.0,75
1,[],4,[],2019-02-22 05:36:06,17197128.37031862,0.00000001,0.00000000000039634299999999997,6756911,2019-02-22 05:36:06,btc,11394.388595673243,0.0,0.00000001,btc,34744270.17624532,0.00757814,0.1719712837031862,81
0,[],20,[],2019-01-25 09:30:31,0.0,0,0,6495923,2019-01-25 09:30:31,btc,0.0,0.0,0,btc,0.0,0.0,0.0,81
1,[],4,[],2019-02-22 09:45:11,33600.8643027,0.00007614,0.0000000030125171700000003,6757827,2019-02-22 09:45:11,btc,17.76059720039698,0.0,0.00007614,btc,12604.89810342,0.00491305,0.5328324371127456,82
1,[],21,[],2019-02-22 09:45:11,49009.09367588,0.00007728000000000000548148332280,0.0000000030576218400000004,6757828,2019-02-22 09:45:11,btc,2.3578914531289428,1533.64128783,0.000077280000000000005481483322800073665348463691771030426025390625,btc,24391.96534718,0.12006041,2.7619584575006235,82
0,[],17,[],2019-02-22 09:45:13,0.0,0,0,6757829,2019-02-22 09:45:13,btc,0.0447233088476774,0.0,0,btc,999127.19588126,0.0,0.0,84
0.0000000001246675,[],4,[],2019-02-22 09:45:14,182074839.7651371,4.9867000000000006e-18,1.9730127885000002e-22,6757830,2019-02-22 09:45:14,ltc,1.7856236150564722,0.0,0.00000004,ltc,403832555.0546286,0.0,5.02665352875962e-10,85
,[],22,[],2018-11-20 23:09:34,3408.1,0.0000001,0.0000000000041895,4862324,2018-11-20 23:09:34,BTC,0.04624735,0.0,,BTC,4990.0,0.0,0.00033081,86
0,[],22,[],2019-02-22 09:45:58,0.0,0,0,6757831,2019-02-22 09:45:58,,2.0760781,0.0,0,,140622.94736842104,0.0,0.0,87
0,[],27,[],2019-02-22 09:46:00,0.0,0,0,6757832,2019-02-22 09:46:00,,0.0,0.0,0,btc,0.0,0.0,0.0,87
,[],2,[],2018-11-20 23:10:47,0.0,0,0,4862359,2018-11-20 23:10:47,,0.0,0.0,,,0.0,0.0,0.0,88
1,[],11,[],2019-02-22 09:46:02,90145.01985211999,0.0001461699999999999913420645203387948640738613903522491455078125,0.000000005783289135,6757833,2019-02-22 09:46:02,btc,610.179520564987,178.6429313,0.0001461699999999999913420645203387948640738613903522491455078125,btc,95932.3855743,0.0,5.865246241283055,89
0,[],2,[],2019-01-20 23:31:45,0.0,0,0,6477083,2019-01-20 23:31:45,,0.0,0.0,0,,0.0,0.0,0.0,91
0,[],22,[],2019-02-22 09:24:32,0.0,0,0,6757731,2019-02-22 09:24:32,,3.1e-06,0.0,0,,2.0,0.0,0.0,91
1,[],12,[],2019-02-22 09:46:03,430218.41058531,0.0000015000000000000000380012861456169304119612206704914569854736328125,0.00000000005934825,6757834,2019-02-22 09:46:03,btc,4.299393825260437,0.0,0.0000015000000000000000380012861456169304119612206704914569854736328125,btc,53045.0023838,0.0004309605999968,0.0438754903999996,91
0,[],17,[],2019-02-22 09:46:05,0.0,0,0,6757835,2019-02-22 09:46:05,btc,0.0,0.0,0,btc,0.0,0.0,0.0,91
0.0000000001246098,[],22,[],2019-02-22 09:25:00,3506520.0,4.984392e-18,1.9737893256480001e-22,6757732,2019-02-22 09:25:00,LTC,8.54674091,0.0,0.00000004,LTC,72080461.1,0.0,0.1050108,95
0.0000000001246098,[],4,[],2019-02-22 09:25:02,138372165.67017484,7.476588000000001e-17,2.960683988472e-21,6757733,2019-02-22 09:25:02,ltc,12.436992817207296,0.0,0.0000006,ltc,149405785.58074525,0.0,1.0058565498660892e-09,96
1,[],12,[],2019-02-22 09:25:03,244017.0,0.00000001,0.000000000000395994,6757734,2019-02-22 09:25:03,btc,255075.89595435586,0.0,0.00000001,btc,8802090.84546427,0.00028973,0.00244017,96
0,[],17,[],2019-02-22 09:25:15,0.0,0,0,6757735,2019-02-22 09:25:15,btc,0.0,0.0,0,btc,0.0,0.0,0.0,96
1,[],4,[],2019-02-22 08:44:58,1318490.86386015,0.00000031,0.000000000012253308,6757539,2019-02-22 08:44:58,btc,3.2229606231991244,0.0,0.00000031,btc,2441658.84308159,0.01667171,0.1106640778018347,99
1,[],4,[],2019-02-22 09:25:16,184618.04228829,0.00002950,0.0000000011681823000000001,6757736,2019-02-22 09:25:16,btc,7.646090780757762,0.0,0.00002950,btc,119767.94167269,2.15321048,0.5528449591625033,100
0,[],2,[],2019-01-20 23:23:55,0.0,0,0,6476914,2019-01-20 23:23:55,,0.0,0.0,0,,0.0,0.0,0.0,100
1,[],22,[],2019-02-22 09:25:48,50000.0,0.00000001,0.000000000000395994,6757737,2019-02-22 09:25:48,BTC,23.49896609,0.0,0.00000001,BTC,10277.22,0.0,0.0005,101
1,[],4,[],2019-02-22 08:48:29,457226.05568541,0.00000086,0.000000000033993048,6757542,2019-02-22 08:48:29,btc,257.71070367296227,0.0,0.00000086,btc,506541.50934387,0.00210026,0.2298964532252228,103
1,[],12,[],2019-02-22 08:48:32,55282690.17286972,0.000000013,0.0000000000005138484000000001,6757543,2019-02-22 08:48:32,btc,137279450.89571485,0.0,0.000000013,btc,119077360.82192092,0.04113241369271263,0.16390070924730638,105
1,[],27,[],2019-02-22 08:48:34,413310.89,0.00000001,0.000000000000395268,6757544,2019-02-22 08:48:34,btc,0.2139890355560939,9980.0,0.00000001,btc,389775.05581977,0.0001996,0.0041331089,105
1,[],22,[],2019-02-22 08:49:04,9328.0,0.00000001,0.000000000000395268,6757545,2019-02-22 08:49:04,BTC,51.10837004,0.0,0.00000001,BTC,470435.0,0.0,9.328e-05,107
1,[],26,[],2019-02-22 08:49:04,0.0,0.00000000,0,6757546,2019-02-22 08:49:04,btc,0.0,0.0,0.00000000,btc,0.0,0.0,0.0,107
1,[],5,[],2019-02-22 08:49:05,0.0,0,0,6757547,2019-02-22 08:49:05,btc,0.0,0.00142453,0,btc,0.0,0.0,0.0,112
1,[],22,[],2019-02-22 08:49:53,1966.0,0.00000001,0.000000000000395268,6757548,2019-02-22 08:49:53,BTC,2.81183288,0.0,0.00000001,BTC,808524.0833333334,0.0,1.966e-05,112
0.0000000003682456,[],27,[],2019-02-22 08:49:56,2000.0,3.682456e-18,1.455557018208e-22,6757549,2019-02-22 08:49:56,eth,1.35132491849924,0.0,0.00000001,"btc,eth",1328.641654,0.0,7.364912e-15,112
1,[],4,[],2019-02-22 08:49:57,451474.18148452,0.00000317,0.000000000125299956,6757550,2019-02-22 08:49:57,btc,6.997853648839218,0.0,0.00000317,btc,325519.2348077,0.0413633,0.1970857252013185,113
1,[],5,[],2019-02-22 08:49:58,0.0,0,0,6757551,2019-02-22 08:49:58,btc,0.0,0.00016901,0,btc,0.0,0.0,0.0,113
1,[],17,[],2019-02-22 08:50:06,152738.278,0.00000004,0.000000000001581072,6757552,2019-02-22 08:50:06,btc,1.33680302678,0.0,0.00000004,btc,50696.221,0.0,0.0022095311199999998,116
0,[],27,[],2019-02-22 08:50:08,0.0,0,0,6757553,2019-02-22 08:50:08,,0.0,0.0,0,btc,0.0,0.0,0.0,116
1,[],4,[],2019-02-22 08:50:10,70779.17580892,0.00002819,0.000000001114260492,6757554,2019-02-22 08:50:10,btc,26.744199482039193,0.0,0.00002819,btc,59276.70424053,0.4823549,0.8725330413876008,120
1,[],7,[],2019-02-22 08:50:12,210362.54736771,0.00002205999999999999885351258110954830726768705062568187713623046875,0.000000000871961208,6757555,2019-02-22 08:50:12,btc,115647.18730341346,6746.57680878,0.00002205999999999999885351258110954830726768705062568187713623046875,btc,37881.16553764,0.26490985,0.058000556147772594,120
1,[],20,[],2019-02-22 08:50:15,1205470.0397,0.000000012,0.0000000000004743216,6757556,2019-02-22 08:50:15,btc,31.9239877861223,1057.6,0.000000012,btc,1149876.605,1.26912e-05,0.0037161417072,125
1,[],22,[],2019-02-22 08:52:11,3053.0,0.00000001,0.000000000000395268,6757557,2019-02-22 08:52:11,BTC,0.01444887,0.0,0.00000001,BTC,296263.5111111111,0.0,3.053e-05,126
0,[],2,[],2019-01-20 23:25:46,0.0,0,0,6476969,2019-01-20 23:25:46,,0.0,0.0,0,,0.0,0.0,0.0,131
1,[],4,[],2019-02-22 08:52:13,101221.62030549,0.00001512,0.000000000597645216,6757558,2019-02-22 08:52:13,btc,24.25788086750679,0.0,0.00001512,btc,138048.16991564,0.22683385,0.6411196704499723,131
0,[],17,[],2019-02-22 08:52:25,0.0,0,0,6757559,2019-02-22 08:52:25,btc,0.0009561751951600001,0.0,0,btc,35.42829368,0.0,0.0,131
1,[],4,[],2019-02-22 08:52:25,4557.64340537,0.00016763,0.000000006625877484,6757560,2019-02-22 08:52:25,btc,1.6462887882650394,0.0,0.00016763,btc,334.27808618,0.0,0.0091216483259062,135
1,[],3,[],2019-02-22 08:52:26,1494906.66238508,0.00000005,0.00000000000197634,6757561,2019-02-22 08:52:26,btc,0.1358217413247742,19186.31,0.00000005,btc,597822.99008313,0.0,0.0548386662803677,136
1,[],4,[],2019-02-22 08:52:27,278031.37296523,0.00000171,0.000000000067590828,6757562,2019-02-22 08:52:27,btc,38.864315774623,0.0,0.00000171,btc,630726.39214307,0.0918635,0.0959081097419167,137
1,[],12,[],2019-02-22 08:52:29,290576.61215564,0.0000015000000000000000380012861456169304119612206704914569854736328125,0.0000000000592902,6757563,2019-02-22 08:52:29,btc,11807.600005224054,0.0,0.0000015000000000000000380012861456169304119612206704914569854736328125,btc,124350.38316351,0.0012510318118041,0.018263039999923198,137
1,[],4,[],2019-02-22 08:52:30,205605.94370444,0.00004712,0.000000001862502816,6757564,2019-02-22 08:52:30,btc,28.562187474743684,0.0,0.00004712,btc,44183.91999236,0.15911564,0.3045181788452946,142
1,[],5,[],2019-02-22 08:52:31,0.0,0,0,6757565,2019-02-22 08:52:31,btc,0.0,0.15566315,0,btc,0.0,0.0,0.0,142
1,[],17,[],2019-02-22 08:52:32,22967.386363640002,0.00000088,0.000000000034783584,6757566,2019-02-22 08:52:32,btc,20.0699133484,0.0,0.00000088,btc,405.079105,0.0,0.0104613000000032,142
1,[],20,[],2019-02-22 08:52:34,133495.7644,0.0000451,0.00000000178265868,6757567,2019-02-22 08:52:34,btc,0.4934565146914,11.856,0.0000451,btc,3751.6313,0.0006692655,0.2417000720137,142
1,[],22,[],2019-02-22 08:53:02,1670.2794996606253,0.00004651,0.000000001838391468,6757568,2019-02-22 08:53:02,BTC,3.00424677,0.0,0.00004651,BTC,896.9785515239478,0.0,0.00544952,142
0.0,[],25,[],2019-02-22 08:53:03,0.0,0,0,6757569,2019-02-22 08:53:03,,0.0,0.0,0.0,btc,0.0,0.0,0.0,142
1,[],28,[],2019-02-22 08:53:09,76883.0,0.00004500,0.000000001778706,6757570,2019-02-22 08:53:09,btc,0.059933722,564.0,0.00004500,btc,406.4319,0.0,0.0388422,142
0,[],22,[],2019-02-22 08:53:35,0.0,0,0,6757571,2019-02-22 08:53:35,,61.2711456,0.0,0,,748034842.3,0.0,0.0,143
1,[],21,[],2019-02-22 08:53:36,50868279.36232148,0.00000024,0.000000000009486432,6757572,2019-02-22 08:53:36,btc,40.58824975944988,8632066.61694811,0.00000024,btc,84232287.8325893,2.15147728,3.352648938810115,145
0,[],22,[],2019-02-22 08:53:59,0.0,0,0,6757573,2019-02-22 08:53:59,,4.24946284,0.0,0,,1812156.0,0.0,0.0,146
,[],22,[],2018-11-20 23:01:11,0.0,0,0,4862114,2018-11-20 23:01:11,,2.56807021,0.0,,,61828.4988236,0.0,0.0,147
1,[],12,[],2019-02-22 08:54:00,99304.11000625,0.00000251000000000000010876390933722834830632564262486994266510009765625,0.000000000099212268,6757574,2019-02-22 08:54:00,btc,16.28913827956202,0.0,0.00000251000000000000010876390933722834830632564262486994266510009765625,btc,116936.71783468,0.0063260413766176,0.0182653099999905,148
1,[],4,[],2019-02-22 08:54:01,240513.36796929,0.00000028,0.000000000011067504,6757575,2019-02-22 08:54:01,btc,219.94015463817132,0.0,0.00000028,btc,792818.66646363,0.000319,0.0564957890840236,152
0,[],22,[],2019-02-22 08:54:46,0.0,0,0,6757576,2019-02-22 08:54:46,,0.0,0.0,0,,0.0,0.0,0.0,152
1,[],5,[],2019-02-22 08:54:48,0.0,0,0,6757577,2019-02-22 08:54:48,btc,0.0,1e-06,0,btc,0.0,0.0,0.0,153
,[],16,[],2019-01-11 15:38:59,0.0,0,0,6366141,2019-01-11 15:38:59,btc,0.0,0.0,,btc,0.0,0.0,0.0,155
0,[],23,[],2019-01-20 23:24:29,0.0,0,0,6476932,2019-01-20 23:24:29,,0.0,0.0,0,,0.0,0.0,0.0,156
0,[],22,[],2019-02-22 08:56:35,0.0,0,0,6757578,2019-02-22 08:56:35,,6.74608761,0.0,0,,4644402.242592593,0.0,0.0,156
1,[],22,[],2019-02-22 08:58:34,7073.8,0.00005300,0.0000000020949203999999998,6757579,2019-02-22 08:58:34,BTC,1.80343699,0.0,0.00005300,BTC,899.6422341958436,0.0,0.00104336,157
0,[],22,[],2019-02-22 08:59:02,0.0,0,0,6757580,2019-02-22 08:59:02,,50175.68008609,0.0,0,,54479136.04179466,0.0,0.0,158
,[],17,[],2018-11-20 22:56:10,0.0,0,0,4861976,2018-11-20 22:56:10,btc,1.1265625,0.0,,btc,1000.0,0.0,0.0,159
,[],20,[],2018-11-20 22:56:12,0.0,0,0,4861977,2018-11-20 22:56:12,btc,11912.7940471,0.0,,btc,34413894.3617,0.0,0.0,159
1,[],12,[],2019-02-22 08:59:03,182722.49302637,0.000009209999999999999911455376977453823883479344658553600311279296875,0.000000000364041828,6757581,2019-02-22 08:59:03,btc,6.656551587282254,0.0,0.000009209999999999999911455376977453823883479344658553600311279296875,btc,14393.254700970001,0.0029174506106557,0.0976333272999327,168
1,[],17,[],2019-02-22 07:50:40,29784.95,0.000001,0.0000000000393547,6757375,2019-02-22 07:50:40,btc,0.03026736251542,0.0,0.000001,btc,144.46171372,0.0,0.00716147,168
0,[],22,[],2019-02-22 08:59:47,0.0,0,0,6757582,2019-02-22 08:59:47,,1.14695792,0.0,0,,779972.8900917594,0.0,0.0,169
1,[],22,[],2019-02-22 09:00:30,166150.0,0.00000018,0.000000000007114824,6757583,2019-02-22 09:00:30,BTC,13.25764634,0.0,0.00000018,BTC,155847.43098544728,0.000668,0.020438,171
1,[],22,[],2019-02-22 09:02:54,152929.125,0.00000008,0.000000000003162144,6757584,2019-02-22 09:02:54,BTC,2.66658866,0.0,0.00000008,BTC,276056.09731670975,0.00156826,0.0089885,173
1,[],5,[],2019-02-22 09:02:55,0.0,0,0,6757585,2019-02-22 09:02:55,btc,0.0,0.06050095,0,btc,0.0,0.0,0.0,175
1,[],22,[],2019-02-22 09:05:01,45784.0,0.0000003,0.00000000001185804,6757586,2019-02-22 09:05:01,BTC,0.5289391,0.0,0.0000003,BTC,142708.91384013777,0.0,0.0052016,176
0,[],2,[],2019-01-20 23:28:34,0.0,0,0,6477001,2019-01-20 23:28:34,,0.0,0.0,0,,0.0,0.0,0.0,178
1,[],7,[],2019-02-22 09:05:03,0.0,0,0,6757587,2019-02-22 09:05:03,btc,410932.427678026,0.0,0,btc,117633836.32502417,0.0,0.0,178
0,[],22,[],2019-02-22 09:05:26,0.0,0,0,6757588,2019-02-22 09:05:26,,1.00242428,0.0,0,,57512.0,0.0,0.0,178
0,[],23,[],2019-01-20 23:25:08,0.0,0,0,6476952,2019-01-20 23:25:08,,0.0,0.0,0,,0.0,0.0,0.0,179
1,[],5,[],2019-02-22 09:05:28,0.0,0,0,6757589,2019-02-22 09:05:28,btc,0.0,0.10552425,0,btc,0.0,0.0,0.0,179
1,[],22,[],2019-02-22 09:06:04,7050947.0,0.00000002,0.000000000000790536,6757590,2019-02-22 09:06:04,BTC,5.49671688,0.0,0.00000002,"BTC,LTC",17615307.968656633,0.0,0.37595966,179
1,[],17,[],2019-02-22 05:53:44,10504.725,0.0000001,0.000000000003963429999999999,6756975,2019-02-22 05:53:44,btc,5.2010695838170005,0.0,0.0000001,btc,4994.45945,0.0,0.0010504725,180
0.0000000001241054,[],22,[],2019-02-22 09:06:58,128605.4,1.241054e-17,4.90548932472e-22,6757591,2019-02-22 09:06:58,LTC,0.19391521,0.0,0.0000001,LTC,57443.36975556538,0.0,0.00130544,180
1,[],26,[],2019-02-22 09:06:58,0.0,0.00000100,0.0000000000395268,6757592,2019-02-22 09:06:58,btc,0.0,100.0,0.00000100,btc,0.0,0.0,0.0,180
,[],7,[],2018-11-20 22:58:01,562227.975654,0.00000085,0.000000000036176765,4862015,2018-11-20 22:58:01,btc,21836.6059674,2491.87645172,,btc,749999.041456,0.00211021,0.127565380455,183
,[],5,[],2019-01-10 08:11:41,0.0,0,0,6347036,2019-01-10 08:11:41,btc,82.15055501,0.00261,,btc,1.19002445,0.0,0.0,187
,[],17,[],2018-11-16 20:58:10,4062536.27273,0.00000001,0.000000000000550501,4708775,2018-11-16 20:58:10,btc,3.36492563466,0.195460381006,,"btc,eth",110697919.549,0.0,0.0157628953496,187
1,[],24,[],2019-02-22 09:06:58,0.0,0.000000000001,3.95268e-17,6757593,2019-02-22 09:06:58,btc,0.0,0.0,0.000000000001,btc,0.0,0.0,0.0,187
0,[],22,[],2019-02-22 09:07:33,0.0,0,0,6757594,2019-02-22 09:07:33,,1.19374396,0.0,0,,16308.869534405507,0.0,0.0,191
0,[],22,[],2019-02-22 09:08:06,0.0,0,0,6757595,2019-02-22 09:08:06,,0.0,0.0,0,,0.0,0.0,0.0,197
0,[],23,[],2019-01-20 23:31:41,0.0,0,0,6477079,2019-01-20 23:31:41,,0.0,0.0,0,,0.0,0.0,0.0,199
0,[],22,[],2019-02-22 09:08:19,0.0,0,0,6757596,2019-02-22 09:08:19,,5.17330081,0.0,0,,21824453.0,0.0,0.0,199
1,[],26,[],2019-02-22 09:08:20,0.0,0.00000000,0,6757597,2019-02-22 09:08:20,btc,0.0,0.0,0.00000000,btc,0.0,0.0,0.0,199
0,[],17,[],2019-01-30 16:32:01,0.0,0,0,6540827,2019-01-30 16:32:01,btc,6.802544163788159,0.0,0,btc,105897.55575295,0.0,0.0,200
0,[],2,[],2019-01-20 23:30:49,0.0,0,0,6477059,2019-01-20 23:30:49,,0.0,0.0,0,,0.0,0.0,0.0,201
1,[],4,[],2019-01-25 15:51:35,2084389.58565343,0.00000936,0.000000000333526752,6499557,2019-01-25 15:51:35,btc,2.0092503037378524,0.0,0.00000936,btc,160195.80207885,0.19272417,1.242687955921835,211
1,[],7,[],2019-02-22 09:08:24,4322280.52390198,0.000001430000000000000072932653839841155019030338735319674015045166015625,0.000000000056523324,6757598,2019-02-22 09:08:24,btc,15475877.170615263,1106935.92677,0.000001430000000000000072932653839841155019030338735319674015045166015625,btc,13538821.17202,0.0,3.3181523000151976,212
1,[],12,[],2019-01-25 02:44:32,207462.42853209,0.000001080000000000000035831255497387193287295303889550268650054931640625,0.000000000038610756000000006,6493050,2019-01-25 02:44:32,btc,85023.03793723314,0.0,0.000001080000000000000035831255497387193287295303889550268650054931640625,btc,43675.73520027,0.000146250909087,0.0348620860622024,213
1,[],5,[],2019-02-22 09:08:26,0.0,0,0,6757599,2019-02-22 09:08:26,btc,0.0,0.13246378,0,btc,0.0,0.0,0.0,213
1,[],24,[],2019-02-22 09:08:26,0.0,0.000000150000,0.00000000000592902,6757600,2019-02-22 09:08:26,btc,0.0,0.0,0.000000150000,btc,0.0,0.0,0.0,213
1,[],26,[],2019-02-22 09:08:26,0.0,0.00000009,0.000000000003557412,6757601,2019-02-22 09:08:26,btc,0.0,0.0,0.00000009,btc,0.0,0.0,0.0,213
1,[],22,[],2019-02-22 09:08:36,119971.0,0.00000001,0.000000000000395268,6757602,2019-02-22 09:08:36,BTC,2.19671377,0.0,0.00000001,BTC,271112.59081706154,2.9e-07,0.00119971,216
1,[],27,[],2019-02-22 09:08:38,1266906.5615,0.00000008,0.000000000003162144,6757603,2019-02-22 09:08:38,btc,355.9340332129,41297.4,0.00000008,"btc,ltc",218416.501,0.00330379,0.03519872246006205,216
1,[],22,[],2019-02-22 09:08:55,299918.17209638556,0.00000250,0.000000000098817,6757604,2019-02-22 09:08:55,BTC,12673.48901049,0.0,0.00000250,BTC,357431.3220963033,0.11622037,0.45803281,217
1,[],7,[],2019-02-22 09:08:56,0.0,0,0,6757605,2019-02-22 09:08:56,btc,77969.6155208115,0.0,0,btc,137043536.6050253,0.0,0.0,219
0,[],27,[],2019-02-22 09:08:58,0.0,0,0,6757606,2019-02-22 09:08:58,,0.0740438339680921,0.0,0,btc,1536429.20709513,0.0,0.0,219
0.0000000000000052,[],28,[],2019-02-22 09:09:04,168262604.092,4.31652e-18,1.70618222736e-22,6757607,2019-02-22 09:09:04,doge,83813.6478917675,13974.0,0.00083010,"btc,doge",4822399.34751,0.0,1.198831752510288e-11,219
1,[],22,[],2019-02-22 09:09:26,196135.6,0.00000012,0.000000000004743216,6757608,2019-02-22 09:09:26,BTC,3.00159283,0.0,0.00000012,BTC,106936.27041875875,0.01432235,0.02066356,221
1,[],24,[],2019-02-22 09:09:26,0.0,0.000000200000,0.00000000000790536,6757609,2019-02-22 09:09:26,btc,0.0,0.0,0.000000200000,btc,0.0,0.0,0.0,221
1,[],20,[],2019-02-22 09:09:29,43228436.1239,0.000000001,0.0000000000000395268,6757610,2019-02-22 09:09:29,btc,47.9968636290187,1015745.7339,0.000000001,btc,11147457.9984,0.0010157457339,0.0432284361239,224
0,[],22,[],2019-02-22 09:09:46,0.0,0,0,6757611,2019-02-22 09:09:46,,0.0,0.0,0,,0.0,0.0,0.0,224
1,[],26,[],2019-02-22 09:09:48,0.0,0.00000036,0.000000000014229648,6757612,2019-02-22 09:09:48,btc,0.0,0.0,0.00000036,btc,0.0,0.0,0.0,231
1,[],26,[],2019-02-22 09:09:48,0.0,0.00000006,0.000000000002371608,6757613,2019-02-22 09:09:48,btc,0.0,0.0,0.00000006,btc,0.0,0.0,0.0,234
0.0000000003682456,[],27,[],2019-02-22 09:09:51,2000.0,3.682456e-18,1.455557018208e-22,6757614,2019-02-22 09:09:51,eth,0.0113483662182,0.0,0.00000001,"btc,eth",11462.99618,0.0,7.364912e-15,234
0,[],22,[],2019-02-22 09:10:08,0.0,0,0,6757615,2019-02-22 09:10:08,,4.02258988,0.0,0,,106046393.81349206,0.0,0.0,235
1,[],4,[],2019-02-22 09:10:09,1067490.63665066,0.00000090,0.00000000003557412,6757616,2019-02-22 09:10:09,btc,4.654710797398077,0.0,0.00000090,btc,1039221.30067474,0.22477305,0.346609948681293,236
1,[],24,[],2019-02-22 09:10:09,0.0,0.000000020010,0.000000000000790931268,6757617,2019-02-22 09:10:09,btc,0.0,0.0,0.000000020010,btc,0.0,0.0,0.0,236
1,[],20,[],2019-02-22 09:10:11,64734770.8805,0.000000065,0.000000000002569242,6757618,2019-02-22 09:10:11,btc,9.3904949951062,25299427.3591,0.000000065,btc,44694174.4914,1.5964706963748,0.3189660399975,237
1,[],22,[],2019-02-22 09:10:39,116403.0,0.00000004,0.000000000001581072,6757619,2019-02-22 09:10:39,BTC,0.0405823,0.0,0.00000004,"BTC,LTC",3164.0,0.0,0.00482009,237
1,[],4,[],2019-02-22 09:10:39,7485348.23333291,0.00000033,0.000000000013043844,6757620,2019-02-22 09:10:39,btc,5.21210950307581,0.0,0.00000033,btc,8069634.09587543,0.59163759,1.5941129176677062,238
1,[],5,[],2019-02-22 09:10:40,0.0,0,0,6757621,2019-02-22 09:10:40,btc,0.0,0.01132939,0,btc,0.0,0.0,0.0,238
0,[],22,[],2019-02-22 09:10:58,0.0,0,0,6757622,2019-02-22 09:10:58,,27.41701007,0.0,0,,370860.0639027493,0.0,0.0,249
0.0000000001241054,[],22,[],2019-02-22 09:11:22,7121097.666666667,3.723162e-18,1.471646797416e-22,6757623,2019-02-22 09:11:22,LTC,0.54180351,0.0,0.00000003,LTC,14549981.09,2.966148845296e-12,0.21263595,252
1,[],28,[],2019-02-22 09:11:27,4391956.698,0.0000001,0.00000000000395268,6757624,2019-02-22 09:11:27,btc,164693.72223419085,135951.435,0.0000001,btc,1230574.0351,0.0,0.2663411375,256
1,[],22,[],2019-02-22 09:11:45,2448447.6666666665,0.00000003,0.000000000001185804,6757625,2019-02-22 09:11:45,BTC,31.42325404,0.0,0.00000003,BTC,516668.9505485993,0.0003,0.05230815,258
1,[],22,[],2019-02-22 09:12:33,48751.0,0.00000001,0.000000000000395268,6757626,2019-02-22 09:12:33,BTC,2.4175745,0.0,0.00000001,BTC,1762.0,0.0,0.00048751,259
1,[],22,[],2019-02-22 09:13:11,12416.700211864407,0.00001888,0.000000000746265984,6757627,2019-02-22 09:13:11,BTC,1398.8352269,0.0,0.00001888,"BTC,LTC",9369.932194614892,0.00252375,0.02838009,262
1,[],5,[],2019-02-22 09:13:12,0.0,0,0,6757628,2019-02-22 09:13:12,btc,0.0,0.13990081,0,btc,0.0,0.0,0.0,264
1,[],20,[],2019-02-22 09:13:14,1221170.8834,0.000002032,0.0000000000803184576,6757629,2019-02-22 09:13:14,btc,7.6838665914988,67371.0077,0.000002032,btc,106405.0146,0.224130246221,0.0306241431524,264
1,[],22,[],2019-02-22 09:13:35,31914.0,0.00000001,0.000000000000395268,6757630,2019-02-22 09:13:35,BTC,8.4442135,0.0,0.00000001,BTC,427909.69136002666,6.5e-05,0.00031914,271
0.0000000000000052,[],28,[],2019-02-22 09:14:06,228465122601.571,4.16e-21,1.64431488e-25,6757632,2019-02-22 09:14:06,doge,5975229.119774982,15384764577.929,0.0000008,doge,208946562989.54153,0.0,6.037621290239327e-10,272
0,[],22,[],2019-02-22 09:13:58,0.0,0,0,6757631,2019-02-22 09:13:58,,390.78678703,0.0,0,,15707597515.9,0.0,0.0,272
1,[],22,[],2019-02-22 09:14:59,15058.74,0.00000270,0.00000000010672236,6757633,2019-02-22 09:14:59,BTC,74.30180155,0.0,0.00000270,"BTC,LTC",7862.487639773189,0.08097667,0.04542601,281
1,[],22,[],2019-02-22 09:15:44,59394.0,0.00000002,0.000000000000790536,6757634,2019-02-22 09:15:44,BTC,1.3322851,0.0,0.00000002,BTC,139503.04598459575,9.88e-05,0.00098018,286
0,[],22,[],2019-02-22 09:16:09,0.0,0,0,6757635,2019-02-22 09:16:09,,43633.68112286,0.0,0,,335177129.0,0.0,0.0,294
