pairValue,buyBook,exchangeId,sellBook,updated,buyTotal,satoshiPrice,usdPrice,exchangeLogId,created,bestPair,sellTotalBtc,volume,pairPrice,activePairs,sellTotal,volumeBtc,buyTotalBtc,coinId
1,[],4,[],2019-05-23 14:16:29,207679.95499101,0.01079162,0.000000833448683382,7673458,2019-05-23 14:16:29,btc,8.237268366625248,0.0,0.01079162,btc,343.52261949,1.07323528,0.5852918388478417,1
1,[],5,[],2019-05-23 14:16:31,0.0,0,0,7673459,2019-05-23 14:16:31,btc,0.0,0.0231824,0,btc,0.0,0.0,0.0,1
1,[],10,[],2019-05-23 14:16:33,255904.09130068,0.00750055,0.0000005792757271049999,7673460,2019-05-23 14:16:33,btc,6523.789108733494,1232.79116725,0.00750055,btc,1405.04436215,0.0,2.439882927708545,1
1,[],12,[],2019-05-23 14:16:35,50.18452875,0.0108900000000000003741451592986777541227638721466064453125,0.000000841046679,7673461,2019-05-23 14:16:35,btc,0.0427038233944,0.0,0.0108900000000000003741451592986777541227638721466064453125,btc,3.56560555,0.1034433644874,0.3633841209472,1
1,[],20,[],2019-05-23 14:16:37,972.7513,0.01026282,0.000000792608877702,7673462,2019-05-23 14:16:37,btc,0.2207191471873,0.011,0.01026282,btc,16.8951,0.00011289113,0.1002732067769,1
1,[],21,[],2019-05-23 14:16:39,1438.41384743,0.01092590000000000054203308508,0.00000084381927549,7673463,2019-05-23 14:16:39,btc,11.524172700761813,6472.8095398,0.01092590000000000054203308508249392616562545299530029296875,"btc,eth",1381.70706596,70.36485290735223,12.919110758590552,1
1,[],22,[],2019-05-23 14:16:43,0.0025666666666666667,0.00900000,0.0000006950799,7673464,2019-05-23 14:16:43,BTC,0.31629903,0.0,0.00900000,BTC,0.2505752479991019,0.0,2.31e-05,1
1,[],24,[],2019-05-23 14:16:43,0.0,0.000000000000,0,7673465,2019-05-23 14:16:43,btc,0.0,0.0,0.000000000000,btc,0.0,0.0,0.0,1
0.0,[],25,[],2019-05-23 14:16:44,0.0,0,0,7673466,2019-05-23 14:16:44,btc,16.849999999235667,6094.99778933,0.0,btc,1505.75400055,67.7,0.0,1
1,[],26,[],2019-05-23 14:16:46,0.0,0,0,7673467,2019-05-23 14:16:46,,0.0,0.0,0,,0.0,0.0,0.0,1
0,[],28,[],2019-05-23 14:18:16,0.0,0,0,7673468,2019-05-23 14:18:16,,0.0,362274.5788,0,,0.0,0.0,0.0,1
1,[],3,[],2019-05-22 18:07:34,1123.259330580089,0.01114142000000000083670403938640447449870407581329345703125,0.0000008809019430100001,7669457,2019-05-22 18:07:34,btc,1.846938727610729,30.8730799403,0.01114142000000000083670403938640447449870407581329345703125,btc,27.179280298868,0.0,0.2238721862652316,1
0,[],2,[],2019-01-20 23:28:45,0.0,0,0,6477011,2019-01-20 23:28:45,,0.0,0.0,0,,0.0,0.0,0.0,1
1,[],5,[],2019-05-23 14:18:19,0.0,0,0,7673469,2019-05-23 14:18:19,btc,0.0,0.00088183,0,btc,0.0,0.0,0.0,2
0,[],22,[],2019-05-23 14:18:21,0.0,0,0,7673470,2019-05-23 14:18:21,,0.0,0.0,0,,0.0,0.0,0.0,2
1,[],5,[],2019-05-23 14:18:23,0.0,0,0,7673471,2019-05-23 14:18:23,btc,0.0,0.02205035,0,btc,0.0,0.0,0.0,3
1,[],12,[],2019-05-23 14:18:25,3119563.99337,0.000000119,0.0000000000091905009,7673472,2019-05-23 14:18:25,btc,4611.286403088338,0.0,0.000000119,btc,1446323.78791669,0.05756890094894215,0.28247330121103,3
0,[],28,[],2019-05-23 14:18:27,0.0,0,0,7673473,2019-05-23 14:18:27,,0.0,0.0,0,,0.0,0.0,0.0,3
0,[],2,[],2019-01-20 23:31:32,0.0,0,0,6477077,2019-01-20 23:31:32,,0.0,0.0,0,,0.0,0.0,0.0,4
1,[],4,[],2019-05-18 21:29:50,562734.9206932,0.00000010,0.000000000007298720000000001,7650946,2019-05-18 21:29:50,btc,41.9347137769675,0.0,0.00000010,btc,1123702.32192634,0.00052462,0.029254593370966,4
0,[],12,[],2019-05-23 14:18:28,0.0,0,0,7673474,2019-05-23 14:18:28,btc,0.38590181,0.0,0,btc,951906.0,0.0,0.0,5
0,[],2,[],2019-01-20 23:31:51,0.0,0,0,6477087,2019-01-20 23:31:51,,0.0,0.0,0,,0.0,0.0,0.0,6
1,[],11,[],2019-05-23 14:18:30,7800289.776736,0.00000002,0.000000000001544622,7673475,2019-05-23 14:18:30,btc,9578.339392108535,1353926.0,0.00000002,btc,56948630.70519443,0.0,0.10437137276736,6
1,[],4,[],2019-05-23 14:18:31,3116233.57411688,0.00010051,0.000000007762497861,7673476,2019-05-23 14:18:31,btc,8.666934803021292,0.0,0.00010051,btc,49554.77339421,1.19018198,2.0418810142937276,7
1,[],5,[],2019-05-23 14:18:32,0.0,0,0,7673477,2019-05-23 14:18:32,btc,0.0,0.36540597,0,btc,0.0,0.0,0.0,7
1,[],3,[],2019-05-22 18:08:48,11992.400030575094,0.00011500000000000000347812056933349822429590858519077301025390625,0.0000000090925325,7669475,2019-05-22 18:08:48,btc,1.1612001845741802,131.533509258,0.00011500000000000000347812056933349822429590858519077301025390625,btc,282.094355724518,0.0,0.024071946207221296,7
1,[],20,[],2019-04-07 22:06:50,3201475.0482,0.000000001,0.000000000000051590000000000004,7213932,2019-04-07 22:06:50,btc,30.8005781811902,0.0,0.000000001,btc,23077405.3926,0.0,0.0032014750482,8
0,[],2,[],2019-01-20 23:22:42,0.0,0,0,6476876,2019-01-20 23:22:42,,0.0,0.0,0,,0.0,0.0,0.0,9
0,[],23,[],2019-01-20 23:22:48,0.0,0,0,6476878,2019-01-20 23:22:48,,0.0,0.0,0,,0.0,0.0,0.0,9
1,[],4,[],2019-05-23 14:18:34,21226813.6701279,0.00000055,0.000000000042477105,7673478,2019-05-23 14:18:34,btc,4.316037303656803,0.0,0.00000055,btc,3969021.08695274,0.39785018,0.8253330368215417,9
0,[],28,[],2019-05-23 14:19:18,0.0,0,0,7673479,2019-05-23 14:19:18,,0.0,3525004.0,0,,0.0,0.0,0.0,9
1,[],1,[],2019-02-17 23:31:42,1822507.21,0.00000181000000000000003456111265232042484285557293333113193511962890625,0.000000000066086901,6701244,2019-02-17 23:31:42,btc,3.6990969245,17153386.5,0.00000181000000000000003456111265232042484285557293333113193511962890625,btc,1997391.71,31.11772986,3.2610482446,9
1,[],4,[],2019-02-17 11:22:43,4341674.27126056,0.00000002,0.0000000000007272960000000001,6696112,2019-02-17 11:22:43,btc,0.1997230937751353,0.0,0.00000002,btc,4109766.79808031,0.00215132,0.0479381022052112,10
0,[],2,[],2019-01-20 23:23:08,0.0,0,0,6476890,2019-01-20 23:23:08,,0.0,0.0,0,,0.0,0.0,0.0,12
1,[],4,[],2019-05-23 14:19:19,6025986.99315204,0.00000070,0.00000000005406177,7673480,2019-05-23 14:19:19,btc,4.691120484814641,0.0,0.00000070,btc,4134659.24597692,2.06068892,1.5065598888786225,12
1,[],5,[],2019-05-23 14:19:20,0.0,0,0,7673481,2019-05-23 14:19:20,btc,0.0,0.03211001,0,btc,0.0,0.0,0.0,12
0.0,[],25,[],2019-05-23 14:19:21,0.0,0,0,7673482,2019-05-23 14:19:21,,0.0,0.0,0.0,btc,0.0,0.0,0.0,12
1,[],4,[],2019-05-23 14:19:22,349839.32812051,0.00000641,0.000000000495051351,7673483,2019-05-23 14:19:22,btc,2.134899272439063,0.0,0.00000641,btc,255832.1511669,0.45852413,0.5785210276293301,13
1,[],10,[],2019-05-23 14:19:25,570656.24026603,0.00000651,0.000000000502774461,7673484,2019-05-23 14:19:25,btc,666802.6533834685,5266.8817562,0.00000651,btc,849648.71285708,0.0,0.2942591361441462,13
1,[],21,[],2019-05-23 14:19:27,1681091.97680575,0.000006469999999999999887214784805,0.0000000004996852169999999,7673485,2019-05-23 14:19:27,btc,6.206825217299987,663962.14245631,0.0000064699999999999998872147848050229157479407149367034435272216796875,btc,831950.003667,4.50941001,8.756533783283317,13
1,[],4,[],2019-05-23 14:19:30,922915.79129162,0.00000072,0.000000000055606392,7673486,2019-05-23 14:19:30,btc,4.218652468777127,0.0,0.00000072,btc,815735.40988245,0.01291453,0.1374469349253122,14
1,[],12,[],2019-05-23 14:19:32,131478.87773323,0.00000063,0.000000000048655593,7673487,2019-05-23 14:19:32,btc,0.0145893328175145,0.0,0.00000063,btc,3078.79953077,0.0,0.012866229999963,14
1,[],26,[],2019-05-23 14:21:33,0.0,0.00000050,0.00000000003861555,7673488,2019-05-23 14:21:33,btc,0.0,0.0,0.00000050,btc,0.0,0.0,0.0,14
0,[],17,[],2019-05-03 00:53:32,0.0,0,0,7558876,2019-05-03 00:53:32,btc,0.0,0.0,0,btc,0.0,0.0,0.0,14
0,[],4,[],2019-05-23 14:21:34,0.0,0,0,7673489,2019-05-23 14:21:34,,0.0,0.0,0,,0.0,0.0,0.0,15
,[],12,[],2018-12-01 15:15:48,204241.84496,0.00000489,0.000000000202473384,5260204,2018-12-01 15:15:48,btc,49.5475654835,0.0,,btc,35763.2193806,0.0163153972027625,0.0203389899998,15
0,[],2,[],2019-01-20 23:23:38,0.0,0,0,6476906,2019-01-20 23:23:38,,0.0,0.0,0,,0.0,0.0,0.0,18
1,[],4,[],2019-05-23 14:21:36,39375.82616215,0.00001275,0.000000000984696525,7673490,2019-05-23 14:21:36,btc,1.0821561666615491,0.0,0.00001275,btc,17093.54483178,0.0251342,0.1339646386579578,18
1,[],10,[],2019-05-23 14:21:40,308951.3669579,0.00001205,0.000000000930634755,7673491,2019-05-23 14:21:40,btc,15.30894889460272,8307.66372351,0.00001205,btc,10801.78946176,0.0,0.0783726011519958,18
1,[],12,[],2019-05-23 14:21:42,5829.57890967,0.000010780000000000000126283532242421614455452072434127330780029296875,0.000000000832551258,7673492,2019-05-23 14:21:42,btc,0.0111131569783411,0.0,0.000010780000000000000126283532242421614455452072434127330780029296875,btc,700.480685,0.0011764079507669,0.0113683425695799,18
0,[],17,[],2019-05-03 00:53:39,0.0,0,0,7558882,2019-05-03 00:53:39,btc,0.0,0.0,0,btc,0.0,0.0,0.0,18
1,[],3,[],2019-05-23 12:54:51,156766.51797800077,0.00000931000000000000064808401700755524643682292662560939788818359375,0.0000000007091966980000001,7673172,2019-05-23 12:54:51,btc,0.23320582175359217,3571.32820087,0.00000931000000000000064808401700755524643682292662560939788818359375,btc,5250.788950421293,0.0,0.04758336177432609,19
0,[],2,[],2019-01-20 23:24:19,0.0,0,0,6476924,2019-01-20 23:24:19,,0.0,0.0,0,,0.0,0.0,0.0,19
1,[],4,[],2019-05-23 14:23:44,159300.26512667,0.00001015,0.000000000783895665,7673493,2019-05-23 14:23:44,btc,3.7952533119499128,0.0,0.00001015,btc,165858.78222872,0.25109984,0.6618077323446979,19
1,[],5,[],2019-05-23 14:23:46,0.0,0,0,7673494,2019-05-23 14:23:46,btc,0.0,0.00019811,0,btc,0.0,0.0,0.0,19
1,[],12,[],2019-05-23 14:23:47,13052.74118538,0.0000066200000000000001451247975958747105096335872076451778411865234375,0.000000000511269882,7673495,2019-05-23 14:23:47,btc,0.0355609769976573,0.0,0.0000066200000000000001451247975958747105096335872076451778411865234375,btc,1163.22383734,0.0023926266633562,0.012620729999696401,19
0,[],27,[],2019-05-23 14:23:52,0.0,0,0,7673496,2019-05-23 14:23:52,,0.0,0.0,0,btc,0.0,0.0,0.0,19
1,[],4,[],2019-05-23 14:23:54,10230128.96144766,0.00000007,0.000000000005406177,7673497,2019-05-23 14:23:54,btc,6.4313432301095155,0.0,0.00000007,btc,2333934.3516984,0.0,0.1275941297203162,20
1,[],4,[],2019-05-23 14:23:55,72141616.72337481,0.00000001,0.0000000000007723109999999999,7673498,2019-05-23 14:23:55,btc,39029.58589290026,0.0,0.00000001,btc,61846897.22581323,0.0010048,0.7214161672337481,21
1,[],12,[],2019-05-23 14:23:56,2260333.0,0.00000001,0.000000000000772311,7673499,2019-05-23 14:23:56,btc,0.18231403999999998,0.0,0.00000001,btc,926632.0,7.49e-06,0.02260333,21
0,[],17,[],2019-05-03 00:53:51,0.0,0,0,7558891,2019-05-03 00:53:51,btc,0.0,0.0,0,btc,0.0,0.0,0.0,21
1,[],12,[],2019-05-23 14:25:58,5855311487.0,0.0000000004,0.00000000000003089244,7673500,2019-05-23 14:25:58,btc,859871.6472420641,0.0,0.0000000004,btc,1249806885.8551447,0.15855775807692307,1.14724811,23
0.00000000031467389999999996,[],27,[],2019-05-23 14:26:04,84091649.0,3.146739e-18,2.430261143829e-22,7673501,2019-05-23 14:26:04,eth,1173.1983970296,1598717349.658,0.00000001,eth,42515725.168,1.006149246729656e-08,2.64614471482611e-10,23
1,[],4,[],2019-05-23 14:26:06,1864901.12364459,0.00000019,0.000000000014673909,7673502,2019-05-23 14:26:06,btc,13.474647401655298,0.0,0.00000019,btc,2046267.84184948,0.00068488,0.0603282080044493,24
1,[],22,[],2019-05-23 14:26:11,21.76,0.00000100,0.0000000000772311,7673503,2019-05-23 14:26:11,BTC,7.415e-05,0.0,0.00000100,BTC,23.919354838709676,0.0,1.186e-05,24
0.0,[],25,[],2019-05-23 14:26:12,0.0,0,0,7673504,2019-05-23 14:26:12,,0.0,0.0,0.0,btc,0.0,0.0,0.0,24
1,[],4,[],2019-05-23 14:26:14,316512.43086103,0.00000423,0.000000000326687553,7673505,2019-05-23 14:26:14,btc,10.233347106739089,0.0,0.00000423,btc,270014.78267739,0.12606778,0.1997138126196602,26
1,[],10,[],2019-05-23 14:26:16,159719.75654741,0.0000044,0.00000000033981684,7673506,2019-05-23 14:26:16,btc,25.513148302112402,5476.59313187,0.0000044,btc,23068.24580036,0.0,0.031603689607216,26
0,[],2,[],2019-01-20 23:25:56,0.0,0,0,6476976,2019-01-20 23:25:56,,0.0,0.0,0,,0.0,0.0,0.0,26
1,[],3,[],2019-05-23 12:57:31,7011104.62200389,0.00000001,0.000000000000761758,7673187,2019-05-23 12:57:31,btc,3.3214552111007274,4596166.57489,0.00000001,btc,24195530.02325085,0.0,0.0701110462200389,27
1,[],5,[],2019-04-26 09:47:06,0.0,0,0,7465326,2019-04-26 09:47:06,btc,0.0,0.0,0,btc,0.0,0.0,0.0,27
1,[],11,[],2019-05-23 14:26:17,1069867.58157834,0.00000001,0.000000000000772311,7673507,2019-05-23 14:26:17,btc,67503.038056662,12744.4184217,0.00000001,btc,6639900.67919713,0.0,0.0106986758157834,27
1,[],4,[],2019-05-23 14:26:19,1218246542.0867848,0.00000001,0.0000000000007723109999999999,7673508,2019-05-23 14:26:19,btc,4.673808220679008,0.0,0.00000001,"btc,ltc",293968811.6457456,0.00699975,8.35284777797795,29
1,[],7,[],2019-05-23 14:26:21,112446064.34806745,0.00000001,0.000000000000772311,7673509,2019-05-23 14:26:21,btc,46548272.13276832,78543.9,0.00000001,btc,35213404.89648053,0.00078544,1.1244606434806745,29
0,[],17,[],2019-05-03 01:11:25,0.0,0,0,7559066,2019-05-03 01:11:25,btc,0.0,0.0,0,btc,0.0,0.0,0.0,30
1,[],4,[],2019-05-23 14:26:22,15213243.43280043,0.00000006,0.000000000004633866,7673510,2019-05-23 14:26:22,btc,2.6540814219696602,0.0,0.00000006,btc,2168305.18088196,0.00066799,0.1684017372656756,30
1,[],4,[],2019-05-23 14:28:23,99976.22387159,0.00004928,0.000000003805948608,7673511,2019-05-23 14:28:23,btc,3.8840369410252715,0.0,0.00004928,btc,46510.82324876,1.94200724,0.3498651507144869,31
1,[],21,[],2019-05-23 14:28:25,102558.58067806,0.00005060999999999999824978544338,0.000000003908665971,7673512,2019-05-23 14:28:25,btc,4.42117437193591,246927.70584013,0.0000506099999999999982497854433827200182349770329892635345458984375,btc,79350.41358042,12.57096238,4.300085500133936,31
0,[],2,[],2019-01-20 23:28:43,0.0,0,0,6477009,2019-01-20 23:28:43,,0.0,0.0,0,,0.0,0.0,0.0,32
0,[],4,[],2019-05-23 14:28:26,0.0,0,0,7673513,2019-05-23 14:28:26,,0.0,0.0,0,,0.0,0.0,0.0,33
1,[],12,[],2019-03-30 07:55:10,40641173.964,0.00000003,0.000000000001228359,7108785,2019-03-30 07:55:10,btc,4233210.82356125,0.0,0.00000003,btc,28378394.68333462,0.0126927883965248,0.90752895892,33
0.0000000001143565,[],4,[],2019-05-23 14:28:28,29313999.77320329,5.8321815e-17,4.5042579264465e-21,7673514,2019-05-23 14:28:28,ltc,3.5171250663521776,0.0,0.00000051,ltc,154781602.98618442,0.0,1.3871348097671747e-10,34
1,[],5,[],2019-05-23 14:28:30,0.0,0,0,7673515,2019-05-23 14:28:30,btc,0.0,0.0,0,btc,0.0,0.0,0.0,34
0.0000000002926451,[],17,[],2019-05-02 18:17:47,200000.0,2.9264510000000002e-18,1.596703856561e-22,7556430,2019-05-02 18:17:47,eth,0.20942468735267253,0.0,0.00000001,"btc,eth",1018272.20243647,0.0,5.852902e-13,36
0.00000000011406370000000001,[],4,[],2019-05-23 12:59:42,88845743.45511784,1.1406370000000002e-18,8.68889359846e-23,7673197,2019-05-23 12:59:42,ltc,4.13471409799832e-08,0.0,0.00000001,ltc,7563330053.433634,0.0,1.0134074227741524e-10,36
1,[],5,[],2019-05-23 12:59:43,0.0,0,0,7673198,2019-05-23 12:59:43,btc,0.0,0.0,0,btc,0.0,0.0,0.0,36
0.0000000003116427,[],27,[],2019-05-23 13:01:57,88420156.004,6.232854e-18,4.747926397332001e-22,7673199,2019-05-23 13:01:57,eth,1671.21835018,950657586.0,0.00000002,"ltc,eth",17475469.0,1.3366770966176342e-09,2.1334154282801455e-10,36
1,[],17,[],2019-05-03 01:11:36,211752.74075282,0.00000025,0.000000000013700074999999998,7559074,2019-05-03 01:11:36,btc,0.055484923955058496,0.0,0.00000025,"btc,eth",1387.19918473,0.0,0.0005381851887916605,37
1,[],4,[],2019-05-23 14:28:31,10088913.02727596,0.00000018,0.000000000013901598,7673516,2019-05-23 14:28:31,btc,19772.599073036632,0.0,0.00000018,btc,790896.65420019,0.02049478,0.1499765900256165,37
1,[],12,[],2019-05-23 14:28:32,3365707.52500001,0.00000017,0.000000000013129286999999998,7673517,2019-05-23 14:28:32,btc,5.450522503465571,0.0,0.00000017,btc,881874.23309622,0.0183851260392294,0.1948303292500017,37
1,[],27,[],2019-05-23 14:30:41,1600.0,0.00000015,0.000000000011584665,7673518,2019-05-23 14:30:41,btc,24.12156123602533,0.0,0.00000015,btc,5842.04443503,0.0,3e-05,37
1,[],5,[],2019-05-23 14:30:44,0.0,0,0,7673519,2019-05-23 14:30:44,btc,0.0,0.00562179,0,btc,0.0,0.0,0.0,42
1,[],12,[],2019-05-23 14:30:45,26031.56969733,0.00000101000000000000007076262319161141789436442195437848567962646484375,0.000000000078003411,7673520,2019-05-23 14:30:45,btc,24.399112197327288,0.0,0.00000101000000000000007076262319161141789436442195437848567962646484375,btc,44851.17567773,0.0423976314182535,0.0138664999999883,42
0,[],27,[],2019-05-23 14:31:00,0.0,0,0,7673521,2019-05-23 14:31:00,,0.0,0.0,0,,0.0,0.0,0.0,42
1,[],12,[],2019-03-13 09:13:29,1112112.0,0.00000001,0.000000000000386531,6919902,2019-03-13 09:13:29,btc,29058.00478931866,0.0,0.00000001,btc,5967681.93306694,9.99000999e-07,0.01112112,43
1,[],5,[],2019-04-26 22:38:52,0.0,0,0,7474154,2019-04-26 22:38:52,btc,0.0,0.02638891,0,btc,0.0,0.0,0.0,43
0,[],17,[],2019-04-26 22:38:53,0.0,0,0,7474155,2019-04-26 22:38:53,btc,0.0,0.0,0,btc,0.0,0.0,0.0,43
1,[],12,[],2019-03-05 01:54:08,639326.02,0.00000004,0.000000000001486676,6845775,2019-03-05 01:54:08,btc,11116042.728239931,0.0,0.00000004,btc,1103841.4595604,0.0003330765234764,0.014975410599999999,44
1,[],4,[],2019-05-23 14:31:02,113763575.83481912,0.00000001,0.0000000000007723109999999999,7673522,2019-05-23 14:31:02,btc,291324.2203687816,0.0,0.00000001,"btc,ltc",26168675.90369327,0.00100081,0.10775006818137896,49
0.0000000001143565,[],4,[],2019-05-23 14:31:03,96967046.60407342,5.031686e-17,3.8860264463460004e-21,7673523,2019-05-23 14:31:03,ltc,21909.461136949732,0.0,0.00000044,ltc,152526175.80544522,0.00011021,5.558651636542396e-10,52
0,[],22,[],2019-05-23 14:31:06,0.0,0,0,7673524,2019-05-23 14:31:06,,10289.55991011,0.0,0,,308568058.4566013,0.0,0.0,57
0,[],27,[],2019-05-23 14:31:22,0.0,0,0,7673525,2019-05-23 14:31:22,,0.0,0.0,0,"btc,eth",0.0,0.0,0.0,57
1,[],17,[],2019-05-03 01:12:09,1200000.0,0.0000000001,0.00000000000000548003,7559085,2019-05-03 01:12:09,btc,1e+24,0.0,0.0000000001,"btc,eth",39516342.31952568,0.0,0.00010000000058666061,58
0.0000000001143565,[],4,[],2019-05-23 14:31:23,2869336683.393031,1.143565e-18,8.83187828715e-23,7673526,2019-05-23 14:31:23,ltc,19.26386833397534,0.0,0.00000001,ltc,6016416500.175698,0.0,3.2812730043443517e-09,58
1,[],12,[],2019-05-23 14:31:24,1313836245.0,0.0000000001,0.00000000000000772311,7673527,2019-05-23 14:31:24,btc,734327.1078248854,0.0,0.0000000001,btc,1989031194.1948051,0.15408345512347651,0.13138362450000002,58
0.0000000001094756,[],22,[],2019-05-23 14:33:27,126877.0,1.094756e-18,8.45492101116e-23,7673528,2019-05-23 14:33:27,XMR,68.17454206,0.0,0.00000001,XMR,9626402.6,0.0,0.00126877,58
1,[],5,[],2019-05-23 14:33:30,0.0,0,0,7673529,2019-05-23 14:33:30,btc,0.0,0.00012026,0,btc,0.0,0.0,0.0,61
1,[],22,[],2019-05-23 14:33:33,13613.833333333334,0.00000012,0.000000000009267732,7673530,2019-05-23 14:33:33,BTC,1002.29590883,0.0,0.00000012,BTC,15092.180177125656,0.0,0.00153269,61
1,[],26,[],2019-05-23 14:33:33,0.0,0.00000050,0.00000000003861555,7673531,2019-05-23 14:33:33,btc,0.0,0.0,0.00000050,btc,0.0,0.0,0.0,61
1,[],27,[],2019-05-23 14:33:38,107138.0,0.0000002,0.00000000001544622,7673532,2019-05-23 14:33:38,btc,1.9501982264346656,0.0,0.0000002,"btc,eth",12657.40563696,0.0,0.001381220000314674,61
0,[],28,[],2019-05-23 14:34:21,0.0,0,0,7673533,2019-05-23 14:34:21,,0.0,654.0,0,,0.0,0.0,0.0,61
1,[],4,[],2019-05-23 14:34:23,1073212.2753323,0.00000086,0.000000000066418746,7673534,2019-05-23 14:34:23,btc,2.6444848341639475,0.0,0.00000086,btc,834993.30140876,0.16353371,0.6537920440465901,67
0.0,[],25,[],2019-05-23 14:34:25,0.0,0,0,7673535,2019-05-23 14:34:25,,0.0,0.0,0.0,btc,0.0,0.0,0.0,67
1,[],12,[],2019-05-23 14:34:26,615659.0,0.00000006,0.000000000004633865999999999,7673536,2019-05-23 14:34:26,btc,3.8088396448231836,0.0,0.00000006,btc,741094.17292716,0.0002361426873164,0.01166302,71
,[],5,[],2018-11-20 23:02:39,1.5e-07,0.00000005,0.000000000002128045,4862160,2018-11-20 23:02:39,btc,2.84511358,0.0,,btc,0.00036572,0.0,0.07381892,74
1,[],5,[],2019-05-23 14:34:29,0.0,0,0,7673537,2019-05-23 14:34:29,btc,0.0,0.03019704,0,btc,0.0,0.0,0.0,75
0,[],20,[],2019-01-25 09:30:31,0.0,0,0,6495923,2019-01-25 09:30:31,btc,0.0,0.0,0,btc,0.0,0.0,0.0,81
0,[],4,[],2019-05-23 14:34:29,0.0,0,0,7673538,2019-05-23 14:34:29,,133656.87703970782,0.0,0,,33424209.5909442,0.0,0.0,81
1,[],4,[],2019-05-23 14:34:32,28921.29900926,0.00006197,0.000000004786011267,7673539,2019-05-23 14:34:32,btc,18.59417735753068,0.0,0.00006197,btc,26366.61874189,0.12074446,0.518938458173403,82
1,[],21,[],2019-05-23 14:34:33,134695.65107302,0.00006257000000000000571303421237,0.0000000048323499270000004,7673540,2019-05-23 14:34:33,btc,3.7428739042773045,6947.90839973,0.000062570000000000005713034212373457876310567371547222137451171875,btc,50772.80956455,0.4368321,1.6596800474755227,82
0,[],17,[],2019-03-25 22:42:34,0.0,0,0,7038780,2019-03-25 22:42:34,btc,0.0445064681804024,0.0,0,btc,995513.18476001,0.0,0.0,84
0.0000000001161485,[],4,[],2019-05-20 13:09:39,216715621.0206096,1.161485e-18,9.0533806701e-23,7657228,2019-05-20 13:09:39,ltc,1.6511566870244727,0.0,0.00000001,ltc,471032407.9048656,0.0,2.5171194308112273e-10,85
,[],22,[],2018-11-20 23:09:34,3408.1,0.0000001,0.0000000000041895,4862324,2018-11-20 23:09:34,BTC,0.04624735,0.0,,BTC,4990.0,0.0,0.00033081,86
1,[],22,[],2019-05-23 14:34:39,85999.0,0.00000001,0.0000000000007723109999999999,7673541,2019-05-23 14:34:39,BTC,1.45832026,0.0,0.00000001,BTC,335430.29736842104,0.0,0.00085999,87
0,[],27,[],2019-05-23 14:34:43,0.0,0,0,7673542,2019-05-23 14:34:43,,4.961871848776,0.0,0,btc,25830.03041,0.0,0.0,87
,[],2,[],2018-11-20 23:10:47,0.0,0,0,4862359,2018-11-20 23:10:47,,0.0,0.0,,,0.0,0.0,0.0,88
1,[],11,[],2019-05-23 14:34:46,85698.86237689,0.00011406000000000000231363539437978715795907191932201385498046875,0.000000008808979266,7673543,2019-05-23 14:34:46,btc,179.4502222857306,952.64680075,0.00011406000000000000231363539437978715795907191932201385498046875,btc,196403.48677795,0.0,4.811940287674504,89
0,[],2,[],2019-01-20 23:31:45,0.0,0,0,6477083,2019-01-20 23:31:45,,0.0,0.0,0,,0.0,0.0,0.0,91
0,[],17,[],2019-05-03 01:12:26,0.0,0,0,7559096,2019-05-03 01:12:26,btc,0.0,0.0,0,btc,0.0,0.0,0.0,91
1,[],12,[],2019-05-23 14:34:46,184384.79,0.00000026,0.000000000020080085999999998,7673544,2019-05-23 14:34:46,btc,84.64161658041243,0.0,0.00000026,btc,50144.93151743,0.0004867637966503,0.020705555100000002,91
1,[],22,[],2019-05-23 14:36:51,75910.55,0.0000002,0.00000000001544622,7673545,2019-05-23 14:36:51,BTC,0.495,0.0,0.0000002,"BTC,LTC",4.95,0.0,0.00165931,91
1,[],22,[],2019-04-09 20:17:52,374949.73333333334,0.00000015,0.000000000007771935,7235704,2019-04-09 20:17:52,BTC,6.87372503,0.0,0.00000015,"BTC,LTC",159980.01196797504,1.1e-05,0.80510266,95
0,[],17,[],2019-05-03 01:12:32,0.0,0,0,7559100,2019-05-03 01:12:32,btc,0.0,0.0,0,btc,0.0,0.0,0.0,96
0.0000000001143565,[],4,[],2019-05-23 14:36:52,540856693.8219222,5.6034685e-17,4.3276203607035e-21,7673546,2019-05-23 14:36:52,ltc,11.355403675417834,0.0,0.00000049,ltc,148750096.88713598,0.0,7.998966720916915e-10,96
0,[],12,[],2019-05-23 14:36:53,0.0,0,0,7673547,2019-05-23 14:36:53,btc,2.46420318,0.0,0,btc,4836426.0,0.0001998102,0.0,96
1,[],4,[],2019-04-14 03:32:46,1039404.33283278,0.00000038,0.000000000019245518,7293458,2019-04-14 03:32:46,btc,4.170086055365747,0.0,0.00000038,btc,3097704.34561074,0.06260606,0.1859928211030784,99
0,[],2,[],2019-01-20 23:23:55,0.0,0,0,6476914,2019-01-20 23:23:55,,0.0,0.0,0,,0.0,0.0,0.0,100
1,[],4,[],2019-05-23 14:38:55,182564.856844,0.00002387,0.000000001843506357,7673548,2019-05-23 14:38:55,btc,7.213657849824333,0.0,0.00002387,btc,138975.06212794,0.06669632,0.569090382417877,100
1,[],22,[],2019-05-23 14:38:59,150000.0,0.00000002,0.0000000000015446219999999999,7673549,2019-05-23 14:38:59,BTC,24.83526409,0.0,0.00000002,BTC,11187.719,0.0,0.0017,101
1,[],4,[],2019-05-23 14:39:00,669206.60151452,0.00000182,0.000000000140560602,7673550,2019-05-23 14:39:00,btc,362.9676661039809,0.0,0.00000182,btc,643258.60906362,0.11200527,0.3325941887235973,103
1,[],12,[],2019-05-23 14:39:03,24082110.0,0.000000004,0.00000000000030892440000000003,7673551,2019-05-23 14:39:03,btc,549.6857951335453,0.0,0.000000004,btc,30473508.92533464,0.03704589484154055,0.037604778000000005,105
0,[],27,[],2019-05-23 14:39:09,0.0,0,0,7673552,2019-05-23 14:39:09,,0.2584268173531397,39279.36513457,0,btc,614451.85947933,0.00039279,0.0,105
1,[],22,[],2019-04-21 00:17:26,21333.0,0.00000001,0.000000000000532493,7385819,2019-04-21 00:17:26,BTC,51.38182867,0.0,0.00000001,BTC,470435.0,0.0,0.00021333,107
1,[],26,[],2019-04-21 00:17:26,0.0,0.00000000,0,7385820,2019-04-21 00:17:26,btc,0.0,0.0,0.00000000,btc,0.0,0.0,0.0,107
1,[],5,[],2019-05-23 14:39:12,0.0,0,0,7673553,2019-05-23 14:39:12,btc,0.0,0.0,0,btc,0.0,0.0,0.0,112
0,[],22,[],2019-05-23 14:39:16,0.0,0,0,7673554,2019-05-23 14:39:16,,2.79635781,0.0,0,,3274992.0833333335,0.0,0.0,112
1,[],27,[],2019-05-23 14:39:21,1.0,0.00000001,0.0000000000007723109999999999,7673555,2019-05-23 14:39:21,btc,1.25032588,0.0,0.00000001,"btc,eth",1819.0,0.0,1e-08,112
1,[],4,[],2019-05-23 14:39:22,592809.25425669,0.00000103,0.000000000079548033,7673556,2019-05-23 14:39:22,btc,4.327078368664994,0.0,0.00000103,btc,535777.53948113,0.01973047,0.3305196777164492,113
1,[],5,[],2019-05-23 14:39:23,0.0,0,0,7673557,2019-05-23 14:39:23,btc,0.0,3.58e-06,0,btc,0.0,0.0,0.0,113
1,[],17,[],2019-04-26 02:17:47,162738.278,0.00000004,0.0000000000021069000000000002,7461287,2019-04-26 02:17:47,btc,1.3331140273775473,0.0,0.00000004,btc,51796.221,0.0,0.00230953112,116
1,[],27,[],2019-05-22 05:13:01,210000.0,0.00000001,0.00000000000079145,7666372,2019-05-22 05:13:01,btc,3919.0005001478,0.0,0.00000001,btc,128660.871,0.0,0.0021,116
1,[],4,[],2019-05-21 22:31:11,138169.03963019,0.00000701,0.000000000558364025,7664793,2019-05-21 22:31:11,btc,150.95388250938234,0.0,0.00000701,btc,344631.17141974,0.07552974,0.4288357684941946,120
1,[],7,[],2019-05-21 22:31:12,3901.07750076,0.000010679999999999999389654892212320191902108490467071533203125,0.0000000008506887,7664794,2019-05-21 22:31:12,btc,231188.94669936574,0.0,0.000010679999999999999389654892212320191902108490467071533203125,btc,4133.83151364,0.0,0.0113888422364489,120
1,[],20,[],2019-04-07 18:42:29,1914137.0852,0.000000035,0.0000000000017871910000000002,7211992,2019-04-07 18:42:29,btc,32.2497668025648,25528.85,0.000000035,btc,1001975.4986,0.00089350975,0.0152723574729,125
1,[],22,[],2019-05-23 14:39:27,10000.0,0.00000001,0.0000000000007723109999999999,7673558,2019-05-23 14:39:27,BTC,0.032061,0.0,0.00000001,BTC,299316.7611111111,0.0,0.0001,126
0,[],2,[],2019-01-20 23:25:46,0.0,0,0,6476969,2019-01-20 23:25:46,,0.0,0.0,0,,0.0,0.0,0.0,131
1,[],17,[],2019-05-03 01:13:10,10000.0,0.00000001,0.000000000000548003,7559115,2019-05-03 01:13:10,btc,0.0953976503951408,0.0,0.00000001,btc,5037.62507334,0.0,0.0001,131
1,[],4,[],2019-05-23 14:39:28,2193507.31386661,0.00000552,0.000000000426315672,7673559,2019-05-23 14:39:28,btc,3.2374775584346853,0.0,0.00000552,btc,180303.89142969,0.03838372,0.4201201272750612,131
1,[],4,[],2019-05-23 14:41:29,4757.20074984,0.00008000,0.000000006178488,7673560,2019-05-23 14:41:29,btc,5.032889281561925,0.0,0.00008000,btc,203.84599175,0.0,0.0084762345289709,135
1,[],3,[],2019-05-22 20:57:20,456341.0025,0.00000002,0.0000000000015658540000000001,7670196,2019-05-22 20:57:20,btc,0.2168360115270351,986846.107254,0.00000002,btc,1789524.65154488,0.0,0.004663410025,136
1,[],4,[],2019-05-23 14:41:32,2450280.75034776,0.00000191,0.000000000147511401,7673561,2019-05-23 14:41:32,btc,106.77114547718612,0.0,0.00000191,btc,443638.20717032,0.00534929,0.5293359060308579,137
1,[],12,[],2019-05-23 14:41:33,68334.5862069,0.00000058,0.00000000004479403799999999,7673562,2019-05-23 14:41:33,btc,0.0030400389234884,0.0,0.00000058,btc,662.06534894,5.21e-05,0.003850280000002,137
1,[],17,[],2019-05-03 01:13:16,32967.38636364,0.00000088,0.000000000048224264,7559122,2019-05-03 01:13:16,btc,20.06976206696776,0.0,0.00000088,btc,2746.079105,0.0,0.0105613000000032,142
1,[],4,[],2019-05-23 14:41:34,88441.62292479,0.00001638,0.000000001265045418,7673563,2019-05-23 14:41:34,btc,8.337619243501264,0.0,0.00001638,btc,143566.18556723,0.5207007,0.9134391066053194,142
1,[],5,[],2019-05-23 14:41:35,0.0,0,0,7673564,2019-05-23 14:41:35,btc,0.0,0.00789758,0,btc,0.0,0.0,0.0,142
1,[],20,[],2019-05-23 14:43:37,219643.5026,0.000015,0.0000000011584665,7673565,2019-05-23 14:43:37,btc,1.6083865778834,0.03,0.000015,btc,9788.8796,4.6533e-07,0.0259043777396,142
1,[],22,[],2019-05-23 14:43:41,11028.645,0.00001000,0.000000000772311,7673566,2019-05-23 14:43:41,BTC,3.2754788,0.0,0.00001000,BTC,1133.9993657797618,0.0,0.00745365,142
0.0,[],25,[],2019-05-23 14:43:42,0.0,0,0,7673567,2019-05-23 14:43:42,,0.0,0.0,0.0,btc,0.0,0.0,0.0,142
0,[],28,[],2019-05-23 14:44:31,0.0,0,0,7673568,2019-05-23 14:44:31,,0.0,0.0,0,,0.0,0.0,0.0,142
0,[],22,[],2019-05-23 14:44:33,0.0,0,0,7673569,2019-05-23 14:44:33,,65.7671051,0.0,0,,846980922.8,0.0,0.0,143
0,[],22,[],2019-02-25 15:42:22,0.0,0,0,6783783,2019-02-25 15:42:22,,4.2131946,0.0,0,,2322156.0,0.0,0.0,146
,[],22,[],2018-11-20 23:01:11,0.0,0,0,4862114,2018-11-20 23:01:11,,2.56807021,0.0,,,61828.4988236,0.0,0.0,147
1,[],12,[],2019-04-21 06:38:04,193091.5971266,0.00000071,0.000000000037635183,7388679,2019-04-21 06:38:04,btc,2.301232411611175,0.0,0.00000071,btc,9957.48302385,0.00023528,0.0313308199999888,148
1,[],4,[],2019-03-19 21:31:25,255810.0415942,0.00000029,0.000000000011615747,6982695,2019-03-19 21:31:25,btc,218.94922712414143,0.0,0.00000029,btc,793529.37642722,0.00117,0.0608347789473395,152
0,[],22,[],2019-03-19 21:31:27,0.0,0,0,6982696,2019-03-19 21:31:27,,0.0,0.0,0,,0.0,0.0,0.0,152
1,[],5,[],2019-04-26 09:36:59,0.0,0,0,7465040,2019-04-26 09:36:59,btc,0.0,0.0,0,btc,0.0,0.0,0.0,153
,[],16,[],2019-01-11 15:38:59,0.0,0,0,6366141,2019-01-11 15:38:59,btc,0.0,0.0,,btc,0.0,0.0,0.0,155
0,[],23,[],2019-01-20 23:24:29,0.0,0,0,6476932,2019-01-20 23:24:29,,0.0,0.0,0,,0.0,0.0,0.0,156
0,[],22,[],2019-05-23 14:44:37,0.0,0,0,7673570,2019-05-23 14:44:37,,6.80428951,0.0,0,,4678201.942592593,0.0,0.0,156
1,[],22,[],2019-05-23 14:44:40,7066.0,0.00000800,0.0000000006178488,7673571,2019-05-23 14:44:40,BTC,1.79802465,0.0,0.00000800,BTC,802.6461988741639,0.0,0.00062996,157
0,[],22,[],2019-05-21 23:40:32,0.0,0,0,7665049,2019-05-21 23:40:32,,50234.60468402,0.0,0,,54786159.03179465,0.0,0.0,158
,[],17,[],2018-11-20 22:56:10,0.0,0,0,4861976,2018-11-20 22:56:10,btc,1.1265625,0.0,,btc,1000.0,0.0,0.0,159
,[],20,[],2018-11-20 22:56:12,0.0,0,0,4861977,2018-11-20 22:56:12,btc,11912.7940471,0.0,,btc,34413894.3617,0.0,0.0,159
1,[],17,[],2019-05-03 01:13:36,42852.0,0.00000002,0.000000000001096006,7559132,2019-05-03 01:13:36,btc,0.04279856251542,0.0,0.00000002,btc,274.46171372,0.0,0.00052852,168
1,[],12,[],2019-05-23 14:44:43,10632.29381462,0.00000137999999999999991637657063836552850943917292170226573944091796875,0.00000000010657891799999999,7673572,2019-05-23 14:44:43,btc,1.6837705031,0.0,0.00000137999999999999991637657063836552850943917292170226573944091796875,btc,1064.8899999999999,0.0181761578297135,0.0109560854999052,168
1,[],22,[],2019-05-17 03:01:52,10.0,0.00000001,0.000000000000778341,7642059,2019-05-17 03:01:52,BTC,41.95893009,0.0,0.00000001,BTC,1753972.7737547632,0.0,1e-07,169
1,[],22,[],2019-05-23 14:46:46,288172.6,0.00000005,0.000000000003861555,7673573,2019-05-23 14:46:46,BTC,27.86161946,0.0,0.00000005,BTC,449991.58519413596,0.00014242,0.00561483,171
1,[],22,[],2019-05-23 14:46:50,389395.0,0.00000002,0.0000000000015446219999999999,7673574,2019-05-23 14:46:50,BTC,24.3995482,0.0,0.00000002,"BTC,LTC",1038315.9936183414,4.982e-05,0.0054799,173
1,[],5,[],2019-05-23 14:46:51,0.0,0,0,7673575,2019-05-23 14:46:51,btc,0.0,0.0222571,0,btc,0.0,0.0,0.0,175
1,[],22,[],2019-05-23 14:46:55,90671.0,0.00000001,0.0000000000007723109999999999,7673576,2019-05-23 14:46:55,BTC,394.35459412,0.0,0.00000001,BTC,136275.61833431243,0.0,0.00090671,176
0,[],2,[],2019-01-20 23:28:34,0.0,0,0,6477001,2019-01-20 23:28:34,,0.0,0.0,0,,0.0,0.0,0.0,178
1,[],7,[],2019-05-23 14:46:56,0.0,0,0,7673577,2019-05-23 14:46:56,btc,522274.2789885729,1999.90881093,0,btc,28589999.08886601,0.0,0.0,178
0,[],22,[],2019-05-23 14:46:59,0.0,0,0,7673578,2019-05-23 14:46:59,,1.00242428,0.0,0,,57512.0,0.0,0.0,178
1,[],5,[],2019-05-23 14:12:07,0.0,0,0,7673420,2019-05-23 14:12:07,btc,0.0,0.03067211,0,btc,0.0,0.0,0.0,179
0,[],22,[],2019-05-23 14:12:10,0.0,0,0,7673421,2019-05-23 14:12:10,,5.31386491,0.0,0,,13362087.311946675,0.0,0.0,179
0,[],23,[],2019-01-20 23:25:08,0.0,0,0,6476952,2019-01-20 23:25:08,,0.0,0.0,0,,0.0,0.0,0.0,179
1,[],17,[],2019-05-03 01:13:56,20504.725000000002,0.0000001,0.00000000000548003,7559141,2019-05-03 01:13:56,btc,5.2010695838400265,0.0,0.0000001,btc,5033.45945,0.0,0.0011504725,180
1,[],22,[],2019-05-23 14:49:02,660377.4649350649,0.00000120,0.00000000009267732,7673579,2019-05-23 14:49:02,BTC,39.28448181,0.0,0.00000120,"BTC,LTC",145561.2539508663,0.00653315,0.56019796,180
1,[],26,[],2019-05-23 14:49:02,0.0,0.00000250,0.00000000019307775,7673580,2019-05-23 14:49:02,btc,0.0,0.0,0.00000250,btc,0.0,0.0,0.0,180
,[],7,[],2018-11-20 22:58:01,562227.975654,0.00000085,0.000000000036176765,4862015,2018-11-20 22:58:01,btc,21836.6059674,2491.87645172,,btc,749999.041456,0.00211021,0.127565380455,183
,[],5,[],2019-01-10 08:11:41,0.0,0,0,6347036,2019-01-10 08:11:41,btc,82.15055501,0.00261,,btc,1.19002445,0.0,0.0,187
,[],17,[],2018-11-16 20:58:10,4062536.27273,0.00000001,0.000000000000550501,4708775,2018-11-16 20:58:10,btc,3.36492563466,0.195460381006,,"btc,eth",110697919.549,0.0,0.0157628953496,187
1,[],24,[],2019-05-22 21:04:52,0.0,0.000000000014,0.0000000000000010960978,7670219,2019-05-22 21:04:52,btc,0.0,0.0,0.000000000014,btc,0.0,0.0,0.0,187
0,[],22,[],2019-04-25 02:54:07,0.0,0,0,7447896,2019-04-25 02:54:07,,7.54794454,0.0,0,,76361.7243344055,0.0,0.0,191
0,[],22,[],2019-05-23 14:49:08,0.0,0,0,7673581,2019-05-23 14:49:08,,0.0,0.0,0,,0.0,0.0,0.0,197
0,[],23,[],2019-01-20 23:31:41,0.0,0,0,6477079,2019-01-20 23:31:41,,0.0,0.0,0,,0.0,0.0,0.0,199
0,[],22,[],2019-05-23 14:49:11,0.0,0,0,7673582,2019-05-23 14:49:11,,10.22019194,0.0,0,,85003964.0,0.0,0.0,199
1,[],26,[],2019-05-23 14:49:11,0.0,0.00000000,0,7673583,2019-05-23 14:49:11,btc,0.0,0.0,0.00000000,btc,0.0,0.0,0.0,199
0,[],2,[],2019-01-20 23:30:49,0.0,0,0,6477059,2019-01-20 23:30:49,,0.0,0.0,0,,0.0,0.0,0.0,201
1,[],4,[],2019-01-25 15:51:35,2084389.58565343,0.00000936,0.000000000333526752,6499557,2019-01-25 15:51:35,btc,2.0092503037378524,0.0,0.00000936,btc,160195.80207885,0.19272417,1.242687955921835,211
1,[],7,[],2019-05-23 14:49:16,16686268.64563375,0.0000005,0.000000000038615549999999995,7673584,2019-05-23 14:49:16,btc,15200508.00574876,2015960.06739,0.0000005,btc,10147252.32421298,0.0,0.833260169930722,212
1,[],12,[],2019-01-25 02:44:32,207462.42853209,0.000001080000000000000035831255497387193287295303889550268650054931640625,0.000000000038610756000000006,6493050,2019-01-25 02:44:32,btc,85023.03793723314,0.0,0.000001080000000000000035831255497387193287295303889550268650054931640625,btc,43675.73520027,0.000146250909087,0.0348620860622024,213
1,[],5,[],2019-05-23 14:49:18,0.0,0,0,7673585,2019-05-23 14:49:18,btc,0.0,0.06089579,0,btc,0.0,0.0,0.0,213
1,[],24,[],2019-05-23 14:49:19,0.0,0.000000090000,0.000000000006950799,7673586,2019-05-23 14:49:19,btc,0.0,0.0,0.000000090000,btc,0.0,0.0,0.0,213
1,[],26,[],2019-05-23 14:49:19,0.0,0.00000040,0.00000000003089244,7673587,2019-05-23 14:49:19,btc,0.0,9.8,0.00000040,btc,0.0,0.0,0.0,213
0,[],22,[],2019-05-23 14:49:23,0.0,0,0,7673588,2019-05-23 14:49:23,,9.61235386,0.0,0,,3451587.094064925,0.0,0.0,216
0,[],27,[],2019-05-23 14:49:29,0.0,0,0,7673589,2019-05-23 14:49:29,,64.7962191180052,100.0,0,"btc,ltc",396700.40768,1e-06,0.0,216
1,[],22,[],2019-05-23 14:49:33,287149.9,0.0000002,0.00000000001544622,7673590,2019-05-23 14:49:33,BTC,12054.77277008,0.0,0.0000002,BTC,444529.10244196607,0.00020662,0.03096022,217
0,[],27,[],2019-05-23 14:14:49,0.0,0,0,7673435,2019-05-23 14:14:49,,0.105466823472,0.0,0,btc,3058319.8967,0.0,0.0,219
0,[],28,[],2019-05-23 14:14:53,0.0,0,0,7673436,2019-05-23 14:14:53,,0.0,14502.0,0,,0.0,0.0,0.0,219
1,[],7,[],2019-05-23 14:50:18,0.0,0,0,7673591,2019-05-23 14:50:18,btc,123414.17454441472,0.0,0,btc,162511130.92083928,0.0,0.0,219
1,[],22,[],2019-05-23 14:14:56,172069.0,0.00000004,0.000000000003063272,7673437,2019-05-23 14:14:56,BTC,56.76466137,0.0,0.00000004,BTC,127061.6482738741,0.0,0.00393676,221
1,[],24,[],2019-05-23 14:14:56,0.0,0.000000010000,0.000000000000765818,7673438,2019-05-23 14:14:56,btc,0.0,0.0,0.000000010000,btc,0.0,0.0,0.0,221
1,[],20,[],2019-05-23 14:15:00,18195268.4812,0.000000003,0.00000000000022974540000000003,7673439,2019-05-23 14:15:00,btc,100050.30245895586,1502933.7818,0.000000003,btc,40592582.7616,0.0058800752789,0.0207005882712,224
0,[],22,[],2019-05-23 14:15:06,0.0,0,0,7673440,2019-05-23 14:15:06,,0.0,0.0,0,,0.0,0.0,0.0,224
1,[],26,[],2019-05-23 14:15:07,0.0,0.00000026,0.000000000019911268,7673441,2019-05-23 14:15:07,btc,0.0,0.0,0.00000026,btc,0.0,0.0,0.0,231
1,[],26,[],2019-05-23 14:15:07,0.0,0.00000006,0.000000000004594908,7673442,2019-05-23 14:15:07,btc,0.0,100.0,0.00000006,btc,0.0,0.0,0.0,234
0,[],27,[],2019-05-23 14:15:19,0.0,0,0,7673443,2019-05-23 14:15:19,,0.01134836604,0.0,0,"btc,eth",11462.996,0.0,0.0,234
1,[],4,[],2019-05-22 17:06:12,91780.56053785,0.00000078,0.000000000061977552,7669277,2019-05-22 17:06:12,btc,5.573372450018177,0.0,0.00000078,btc,729173.93529783,0.0,0.0307060663355679,236
1,[],24,[],2019-05-22 17:06:12,0.0,0.000000010000,0.000000000000794584,7669278,2019-05-22 17:06:12,btc,0.0,0.0,0.000000010000,btc,0.0,0.0,0.0,236
1,[],5,[],2019-05-23 14:15:20,0.0,0,0,7673444,2019-05-23 14:15:20,btc,0.0,0.03982925,0,btc,0.0,0.0,0.0,237
1,[],20,[],2019-05-23 14:15:22,120067309.1156,0.000000042,0.0000000000032164356000000003,7673445,2019-05-23 14:15:22,btc,58793.16373716076,13131380.7318,0.000000042,btc,42386034.0679,0.6035449305964,0.4462907442777,237
1,[],22,[],2019-05-23 14:15:25,318000.0,0.00000003,0.000000000002297454,7673446,2019-05-23 14:15:25,BTC,1.20267422,0.0,0.00000003,BTC,17930.94871794872,0.0,0.00934,237
1,[],4,[],2019-05-23 14:15:26,28032131.60539524,0.00000012,0.000000000009189816,7673447,2019-05-23 14:15:26,btc,2.9219996187595716,0.0,0.00000012,btc,9566128.81152313,0.0778109,0.6664936367863477,238
1,[],5,[],2019-05-23 14:15:28,0.0,0,0,7673448,2019-05-23 14:15:28,btc,0.0,0.00201281,0,btc,0.0,0.0,0.0,238
0,[],22,[],2019-03-12 16:49:32,0.0,0,0,6914458,2019-03-12 16:49:32,,0.40415746,0.0,0,,526736.5639027493,0.0,0.0,249
0,[],22,[],2019-05-23 14:15:31,0.0,0,0,7673449,2019-05-23 14:15:31,,13.39451957,0.0,0,,40944503.3426455,0.0,0.0,252
0,[],28,[],2019-05-23 14:15:34,0.0,0,0,7673450,2019-05-23 14:15:34,,0.0,297099.7965,0,,0.0,0.0,0.0,256
1,[],22,[],2019-05-23 14:15:38,1052904.0,0.00000001,0.000000000000765818,7673451,2019-05-23 14:15:38,BTC,21.85885958,0.0,0.00000001,BTC,542925.7509808998,8.2e-07,0.01052904,258
1,[],22,[],2019-05-19 18:12:02,400.0,0.00000001,0.0000000000007957800000000001,7653905,2019-05-19 18:12:02,BTC,2.415167,0.0,0.00000001,BTC,157.0,0.0,4e-06,259
1,[],5,[],2019-05-23 14:15:39,0.0,0,0,7673452,2019-05-23 14:15:39,btc,0.0,0.060351,0,btc,0.0,0.0,0.0,264
1,[],20,[],2019-05-23 14:15:41,908032.2927,0.000000477,0.0000000000365295186,7673453,2019-05-23 14:15:41,btc,1.0294016170826,2192.6,0.000000477,btc,122528.0288,0.0012557142,0.0099266162051,264
0,[],22,[],2019-04-12 17:57:27,0.0,0,0,7278186,2019-04-12 17:57:27,,66.37522201,0.0,0,,677842.4169881374,0.0,0.0,271
0,[],22,[],2019-05-23 14:15:44,0.0,0,0,7673454,2019-05-23 14:15:44,,33050467.4724609,0.0,0,,14361462970.7,0.0,0.0,272
0,[],28,[],2019-05-23 14:15:47,0.0,0,0,7673455,2019-05-23 14:15:47,,0.0,18582947347.0,0,,0.0,0.0,0.0,272
1,[],22,[],2019-05-23 07:12:29,219930.0,0.00000004,0.000000000003048688,7671985,2019-05-23 07:12:29,BTC,426.77835217,0.0,0.00000004,BTC,248664.3325962929,0.0,0.00739728,281
1,[],22,[],2019-05-23 14:15:52,1101926.4333333333,0.00000003,0.000000000002297454,7673456,2019-05-23 14:15:52,BTC,2.64930296,0.0,0.00000003,"BTC,LTC",839570.03032866,0.00096068,0.0368192,286
0,[],22,[],2019-05-23 14:15:54,0.0,0,0,7673457,2019-05-23 14:15:54,,7337890.5475411,0.0,0,,1584356788.7797825,0.0,0.0,294
