pairValue,buyBook,exchangeId,sellBook,updated,buyTotal,satoshiPrice,usdPrice,exchangeLogId,created,bestPair,sellTotalBtc,volume,pairPrice,activePairs,sellTotal,volumeBtc,buyTotalBtc,coinId
1,[],3,[],2019-05-08 00:29:34,30885.593731810157,0.0113584299999999992214494426434612250886857509613037109375,0.0000006588502755219999,7575315,2019-05-08 00:29:34,btc,8.865033015677174,15.3081406919,0.0113584299999999992214494426434612250886857509613037109375,btc,26.751047069653,0.0,0.34422289358321334,1
1,[],4,[],2019-05-08 00:29:36,207733.04710324,0.01125000,0.00000065256075,7575316,2019-05-08 00:29:36,btc,9.053472018255954,0.0,0.01125000,btc,399.52528705,2.80898795,0.5388665007377156,1
1,[],5,[],2019-05-08 00:29:38,0.0,0,0,7575317,2019-05-08 00:29:38,btc,0.0,0.03679084,0,btc,0.0,0.0,0.0,1
1,[],10,[],2019-05-08 00:29:40,185017.66349643,0.00997296,0.000000578485533984,7575318,2019-05-08 00:29:40,btc,6524.8596678880185,1208.28304569,0.00997296,btc,1439.05530571,0.0,3.9898991106760966,1
1,[],12,[],2019-05-08 00:29:42,71.37551115,0.01119999999999999988620213997592145460657775402069091796875,0.00000064966048,7575319,2019-05-08 00:29:42,btc,0.2365688810047,0.0,0.01119999999999999988620213997592145460657775402069091796875,btc,17.28145609,0.1913109018435,0.2791560699714,1
1,[],20,[],2019-05-08 00:29:44,975.4991,0.010710352,0.0000006212582519008,7575320,2019-05-08 00:29:44,btc,0.0780257583437,0.0279,0.010710352,btc,5.1375,0.0003417546375,0.176923598761,1
1,[],21,[],2019-05-08 00:29:45,1933.6443806,0.01126801000000000017864376645,0.0000006536054272540001,7575321,2019-05-08 00:29:45,btc,14.218586297983299,8824.18449178,0.01126801000000000017864376644638468860648572444915771484375,"btc,eth",1653.74739009,38.14992824608212,12.34846572151455,1
0,[],22,[],2019-05-08 00:29:48,0.0,0,0,7575322,2019-05-08 00:29:48,,0.3163308,0.0,0,,0.2527518593615956,0.0,0.0,1
1,[],24,[],2019-05-08 00:29:49,0.0,0.000000000000,0,7575323,2019-05-08 00:29:49,btc,0.0,0.0,0.000000000000,btc,0.0,0.0,0.0,1
0.0,[],25,[],2019-05-08 00:29:50,0.0,0,0,7575324,2019-05-08 00:29:50,btc,19.199999999461134,473.76527869,0.0,btc,1675.85271645,5.462,0.0,1
1,[],26,[],2019-05-08 00:29:52,0.0,0,0,7575325,2019-05-08 00:29:52,,0.0,0.0,0,,0.0,0.0,0.0,1
1,[],28,[],2019-05-08 00:30:23,987.9,0.01131000,0.000000656041074,7575326,2019-05-08 00:30:23,btc,0.160832048,361098.6,0.01131000,btc,8.7307,0.0,0.024551096,1
0,[],2,[],2019-01-20 23:28:45,0.0,0,0,6477011,2019-01-20 23:28:45,,0.0,0.0,0,,0.0,0.0,0.0,1
1,[],5,[],2019-05-08 00:30:26,0.0,0,0,7575327,2019-05-08 00:30:26,btc,0.0,0.0650156,0,btc,0.0,0.0,0.0,2
1,[],22,[],2019-05-08 00:30:29,9148.0,0.00000001,0.000000000000580054,7575328,2019-05-08 00:30:29,BTC,21.00846647,0.0,0.00000001,"BTC,XMR",24148.96059725142,0.0,0.00095635,2
1,[],5,[],2019-05-08 00:30:31,0.0,0,0,7575329,2019-05-08 00:30:31,btc,0.0,0.48186414,0,btc,0.0,0.0,0.0,3
1,[],12,[],2019-05-08 00:30:32,2533036.09384287,0.000000159,0.0000000000092228586,7575330,2019-05-08 00:30:32,btc,2714596.613572141,0.0,0.000000159,btc,3868193.56137482,0.05835542169487655,0.2814935594870317,3
0,[],28,[],2019-05-08 00:30:34,0.0,0,0,7575331,2019-05-08 00:30:34,,0.0,0.0,0,,0.0,0.0,0.0,3
0,[],2,[],2019-01-20 23:31:32,0.0,0,0,6477077,2019-01-20 23:31:32,,0.0,0.0,0,,0.0,0.0,0.0,4
1,[],4,[],2019-04-26 19:14:12,610911.70993152,0.00000026,0.000000000013566046,7471614,2019-04-26 19:14:12,btc,31.457742656463164,0.0,0.00000026,btc,718733.71307795,0.00142695,0.0638464483338706,4
0,[],12,[],2019-04-25 23:08:22,0.0,0,0,7459310,2019-04-25 23:08:22,btc,1111851.94727753,0.0,0,btc,953412.0,0.0,0.0,5
0,[],2,[],2019-01-20 23:31:51,0.0,0,0,6477087,2019-01-20 23:31:51,,0.0,0.0,0,,0.0,0.0,0.0,6
1,[],11,[],2019-05-08 00:30:36,5064415.307535999,0.00000001,0.000000000000580054,7575332,2019-05-08 00:30:36,btc,9576.542781859494,717767.0,0.00000001,btc,47218201.75253575,0.0,0.05064415307536,6
1,[],3,[],2019-05-08 00:30:37,11070.2877969403,0.00017007000000000000307191772019876907506841234862804412841796875,0.000000009864978378,7575333,2019-05-08 00:30:37,btc,19.04437481032253,42.9438395808,0.00017007000000000000307191772019876907506841234862804412841796875,btc,314.713226454214,0.0,0.029214076621955527,7
1,[],4,[],2019-05-08 00:30:38,38906.43255566,0.00018712,0.000000010853970448,7575334,2019-05-08 00:30:38,btc,8.577673570182174,0.0,0.00018712,btc,36580.17483866,4.11811958,3.3150166464681097,7
1,[],5,[],2019-05-08 00:30:39,0.0,0,0,7575335,2019-05-08 00:30:39,btc,0.0,0.20569163,0,btc,0.0,0.0,0.0,7
1,[],20,[],2019-04-07 22:06:50,3201475.0482,0.000000001,0.000000000000051590000000000004,7213932,2019-04-07 22:06:50,btc,30.8005781811902,0.0,0.000000001,btc,23077405.3926,0.0,0.0032014750482,8
1,[],4,[],2019-05-08 00:30:41,20158838.80490974,0.00000082,0.000000000047564428,7575336,2019-05-08 00:30:41,btc,4.6441740943035414,0.0,0.00000082,btc,3434669.32977528,0.62078138,0.7948205689826844,9
1,[],28,[],2019-05-08 00:31:20,18055.0,0.00000021,0.000000000012181134,7575337,2019-05-08 00:31:20,btc,2708.774353000864,3547043.0,0.00000021,btc,24560.2792,0.0,0.00186155,9
0,[],2,[],2019-01-20 23:22:42,0.0,0,0,6476876,2019-01-20 23:22:42,,0.0,0.0,0,,0.0,0.0,0.0,9
0,[],23,[],2019-01-20 23:22:48,0.0,0,0,6476878,2019-01-20 23:22:48,,0.0,0.0,0,,0.0,0.0,0.0,9
1,[],1,[],2019-02-17 23:31:42,1822507.21,0.00000181000000000000003456111265232042484285557293333113193511962890625,0.000000000066086901,6701244,2019-02-17 23:31:42,btc,3.6990969245,17153386.5,0.00000181000000000000003456111265232042484285557293333113193511962890625,btc,1997391.71,31.11772986,3.2610482446,9
1,[],4,[],2019-02-17 11:22:43,4341674.27126056,0.00000002,0.0000000000007272960000000001,6696112,2019-02-17 11:22:43,btc,0.1997230937751353,0.0,0.00000002,btc,4109766.79808031,0.00215132,0.0479381022052112,10
1,[],4,[],2019-05-08 00:31:21,8288333.21430592,0.00000077,0.000000000044664158,7575338,2019-05-08 00:31:21,btc,6.218863606490412,0.0,0.00000077,btc,4528624.50110485,1.62899947,2.2373807804529275,12
1,[],5,[],2019-05-08 00:31:23,0.0,0,0,7575339,2019-05-08 00:31:23,btc,0.0,0.07410713,0,btc,0.0,0.0,0.0,12
0.0,[],25,[],2019-05-08 00:31:24,0.0,0,0,7575340,2019-05-08 00:31:24,,0.0,0.0,0.0,btc,0.0,0.0,0.0,12
0,[],2,[],2019-01-20 23:23:08,0.0,0,0,6476890,2019-01-20 23:23:08,,0.0,0.0,0,,0.0,0.0,0.0,12
0,[],4,[],2019-05-08 00:33:24,0.0,0,0,7575341,2019-05-08 00:33:24,,0.0,0.0,0,,0.0,0.35705321,0.0,13
1,[],21,[],2019-05-08 00:33:27,1515061.93419398,0.000006520000000000000255529104820,0.000000000378195208,7575342,2019-05-08 00:33:27,btc,9.526204876876221,844330.79476826,0.000006520000000000000255529104820073627024612505920231342315673828125,btc,1236070.16947053,5.56856257,7.490518373728772,13
1,[],10,[],2019-05-08 00:10:18,535398.09617607,0.00000637,0.000000000370543537,7575034,2019-05-08 00:10:18,btc,666793.5759319619,5345.45088347,0.00000637,btc,742680.38368832,0.0,0.4281244774274768,13
1,[],4,[],2019-05-08 00:33:28,1146116.83666784,0.00000091,0.000000000052784914000000004,7575343,2019-05-08 00:33:28,btc,5.658411769030709,0.0,0.00000091,btc,1183729.08072827,0.00356059,0.2524741705303479,14
1,[],12,[],2019-05-08 00:33:30,254876.82062987,0.00000084,0.000000000048724536,7575344,2019-05-08 00:33:30,btc,0.1182104075120672,0.0,0.00000084,btc,14480.86895597,1.00899100899e-05,0.0284362399999665,14
1,[],26,[],2019-05-08 00:33:32,0.0,0.00000050,0.0000000000290027,7575345,2019-05-08 00:33:32,btc,0.0,0.0,0.00000050,btc,0.0,0.0,0.0,14
0,[],17,[],2019-05-03 00:53:32,0.0,0,0,7558876,2019-05-03 00:53:32,btc,0.0,0.0,0,btc,0.0,0.0,0.0,14
0,[],4,[],2019-05-08 00:33:34,0.0,0,0,7575346,2019-05-08 00:33:34,,0.0,0.0,0,,0.0,0.0,0.0,15
,[],12,[],2018-12-01 15:15:48,204241.84496,0.00000489,0.000000000202473384,5260204,2018-12-01 15:15:48,btc,49.5475654835,0.0,,btc,35763.2193806,0.0163153972027625,0.0203389899998,15
1,[],4,[],2019-05-08 00:33:35,32222.18921928,0.00001398,0.000000000810915492,7575347,2019-05-08 00:33:35,btc,1.1048046648861816,0.0,0.00001398,btc,13883.78349451,0.02370804,0.1136452177157295,18
1,[],10,[],2019-05-08 00:33:37,169600.54373774,0.00001374,0.0000000007969941960000001,7575348,2019-05-08 00:33:37,btc,15.878675683600127,3285.05562298,0.00001374,btc,33515.03117907,0.0,0.5199451903279791,18
1,[],12,[],2019-05-08 00:33:38,221156.90537297,0.00001438999999999999944411653574061205063117085956037044525146484375,0.000000000834697706,7575349,2019-05-08 00:33:38,btc,33215.31957229497,0.0,0.00001438999999999999944411653574061205063117085956037044525146484375,btc,1187.00796627,0.0013774429406321,0.0146607197500594,18
0,[],2,[],2019-01-20 23:23:38,0.0,0,0,6476906,2019-01-20 23:23:38,,0.0,0.0,0,,0.0,0.0,0.0,18
0,[],17,[],2019-05-03 00:53:39,0.0,0,0,7558882,2019-05-03 00:53:39,btc,0.0,0.0,0,btc,0.0,0.0,0.0,18
1,[],3,[],2019-05-08 00:33:39,152863.13002774332,0.000010499999999999999418976055765018173815406044013798236846923828125,0.0000000006090566999999999,7575350,2019-05-08 00:33:39,btc,0.26458084344372496,877.51601513,0.000010499999999999999418976055765018173815406044013798236846923828125,btc,7252.566877867577,0.0,0.0412705748146254,19
1,[],4,[],2019-05-08 00:33:40,411288.06583209,0.00001205,0.00000000069896507,7575351,2019-05-08 00:33:40,btc,3.64210857678619,0.0,0.00001205,btc,122360.40783776,0.79811971,0.879000669538865,19
1,[],5,[],2019-05-08 00:33:41,0.0,0,0,7575352,2019-05-08 00:33:41,btc,0.0,0.00082205,0,btc,0.0,0.0,0.0,19
1,[],12,[],2019-05-08 00:33:42,192109.49079638,0.00001506999999999999970980678332121982521130121313035488128662109375,0.000000000874141378,7575353,2019-05-08 00:33:42,btc,0.281752987116816,0.0,0.00001506999999999999970980678332121982521130121313035488128662109375,btc,2598.19959321,0.0040093230469571,0.0916998277494338,19
0,[],27,[],2019-05-08 00:33:46,0.0,0,0,7575354,2019-05-08 00:33:46,,0.0,0.0,0,btc,0.0,0.0,0.0,19
0,[],2,[],2019-01-20 23:24:19,0.0,0,0,6476924,2019-01-20 23:24:19,,0.0,0.0,0,,0.0,0.0,0.0,19
1,[],4,[],2019-05-08 00:33:48,1889069.11944487,0.00000011,0.000000000006380594,7575355,2019-05-08 00:33:48,btc,5.280175126319464,0.0,0.00000011,btc,2275880.8131896,0.00032894,0.0662675897814302,20
1,[],4,[],2019-05-08 00:33:49,75300989.78118359,0.00000001,0.000000000000580054,7575356,2019-05-08 00:33:49,btc,39323.776860112484,0.0,0.00000001,btc,54599650.93904999,0.00850144,0.7530098978118358,21
1,[],12,[],2019-05-08 00:33:51,3839997.0,0.00000001,0.000000000000580054,7575357,2019-05-08 00:33:51,btc,2895.6620719393504,0.0,0.00000001,btc,7239572.2247751895,0.0001935264735264,0.03839997,21
0,[],17,[],2019-05-03 00:53:51,0.0,0,0,7558891,2019-05-03 00:53:51,btc,0.0,0.0,0,btc,0.0,0.0,0.0,21
1,[],12,[],2019-05-08 00:33:53,8292018262.808,0.0000000005,0.0000000000000290027,7575358,2019-05-08 00:33:53,btc,311119401330.6466,0.0,0.0000000005,btc,2896799414.0523524,0.27688426106828873,1.982833247204,23
0.0000000002871771,[],27,[],2019-05-08 00:33:58,5890161.0,5.7435420000000006e-18,3.3315645112680003e-22,7575359,2019-05-08 00:33:58,eth,10182.629540686012,492872007.65999997,0.00000002,eth,4620346.3444,2.830831075700565e-09,1.8518532012141002e-11,23
1,[],4,[],2019-05-08 00:33:59,778486.61817375,0.00000031,0.000000000017981674,7575360,2019-05-08 00:33:59,btc,13.963326536220062,0.0,0.00000031,btc,2178147.85953884,0.01603334,0.0806551805179986,24
1,[],22,[],2019-05-08 00:34:02,1021.76,0.00000100,0.0000000000580054,7575361,2019-05-08 00:34:02,BTC,7.415e-05,0.0,0.00000100,BTC,23.919354838709676,0.0,0.00011186,24
0.0,[],25,[],2019-05-08 00:34:03,0.0,0,0,7575362,2019-05-08 00:34:03,,0.0,0.0,0.0,btc,0.0,0.0,0.0,24
1,[],4,[],2019-05-08 00:34:04,26968401.96209796,0.00000571,0.000000000331210834,7575363,2019-05-08 00:34:04,btc,13.88050274431371,0.0,0.00000571,btc,315967.53088568,0.15000143,0.6067263203399259,26
1,[],10,[],2019-05-08 00:34:07,117668.60756903,0.00000852,0.000000000494206008,7575364,2019-05-08 00:34:07,btc,25.641305245597476,2236.36890681,0.00000852,btc,19798.01927609,0.0,0.0686210947710483,26
0,[],2,[],2019-01-20 23:25:56,0.0,0,0,6476976,2019-01-20 23:25:56,,0.0,0.0,0,,0.0,0.0,0.0,26
1,[],11,[],2019-04-30 04:16:17,7094566.83690364,0.00000006,0.000000000003115554,7518027,2019-04-30 04:16:17,btc,67504.138725751,6116.07566417,0.00000006,btc,6591680.7351637,0.0,0.38529422037817224,27
1,[],5,[],2019-04-26 09:47:06,0.0,0,0,7465326,2019-04-26 09:47:06,btc,0.0,0.0,0,btc,0.0,0.0,0.0,27
1,[],3,[],2019-04-28 02:38:55,141621.60361514,0.00000001,0.0000000000005253330000000001,7491060,2019-04-28 02:38:55,btc,2.501704004580372,921815.184511,0.00000001,btc,21091882.2176418,0.0,0.0014162160361513999,27
1,[],4,[],2019-05-08 00:34:08,1547630076.659422,0.00000001,0.000000000000580054,7575365,2019-05-08 00:34:08,btc,4.914444912077142,0.0,0.00000001,"btc,ltc",271106548.1222813,0.70917485,9.813465962063459,29
1,[],7,[],2019-05-08 00:34:09,106858448.2164338,0.00000001,0.000000000000580054,7575366,2019-05-08 00:34:09,btc,46550610.69061938,12833158.3776,0.00000001,btc,42839748.19438539,0.25666317,1.068584482164338,29
1,[],4,[],2019-05-08 00:34:10,1593755.6680723,0.00000012,0.000000000006960648,7575367,2019-05-08 00:34:10,btc,2.546252420581489,0.0,0.00000012,btc,1908205.59239979,0.04336635,0.0454520213646502,30
0,[],17,[],2019-05-03 01:11:25,0.0,0,0,7559066,2019-05-03 01:11:25,btc,0.0,0.0,0,btc,0.0,0.0,0.0,30
1,[],4,[],2019-05-08 00:34:12,179114.06653953,0.00006093,0.000000003534269022,7575368,2019-05-08 00:34:12,btc,6.499880571115,0.0,0.00006093,btc,63360.89581755,1.13672535,0.765540226020571,31
1,[],21,[],2019-05-08 00:34:12,101599.63983715,0.00006200999999999999752215568138,0.000000003596914854,7575369,2019-05-08 00:34:12,btc,3.405307255762147,247610.30191189,0.000062009999999999997522155681384248282483895309269428253173828125,btc,48286.79253202,15.46088542,5.749301772414196,31
0,[],2,[],2019-01-20 23:28:43,0.0,0,0,6477009,2019-01-20 23:28:43,,0.0,0.0,0,,0.0,0.0,0.0,32
0,[],4,[],2019-05-08 00:34:13,0.0,0,0,7575370,2019-05-08 00:34:13,,0.0,0.0,0,,0.0,0.0,0.0,33
1,[],12,[],2019-03-30 07:55:10,40641173.964,0.00000003,0.000000000001228359,7108785,2019-03-30 07:55:10,btc,4233210.82356125,0.0,0.00000003,btc,28378394.68333462,0.0126927883965248,0.90752895892,33
0,[],4,[],2019-05-08 00:34:14,0.0,0,0,7575371,2019-05-08 00:34:14,,3.9085057623874766,0.0,0,,153380491.01291487,0.0,0.0,34
1,[],5,[],2019-05-08 00:34:16,0.0,0,0,7575372,2019-05-08 00:34:16,btc,0.0,0.01500658,0,btc,0.0,0.0,0.0,34
0.000000000133684,[],4,[],2019-05-02 18:17:45,3384239970.6360936,1.3368400000000002e-18,7.293946092400001e-23,7556428,2019-05-02 18:17:45,ltc,5.381102735485169e-08,0.0,0.00000001,ltc,6862894551.7408495,0.0,4.524187362345155e-09,36
1,[],5,[],2019-05-02 18:17:46,0.0,0,0,7556429,2019-05-02 18:17:46,btc,0.0,0.0,0,btc,0.0,0.0,0.0,36
0.0000000002926451,[],17,[],2019-05-02 18:17:47,200000.0,2.9264510000000002e-18,1.596703856561e-22,7556430,2019-05-02 18:17:47,eth,0.20942468735267253,0.0,0.00000001,"btc,eth",1018272.20243647,0.0,5.852902e-13,36
0.000000000133684,[],27,[],2019-05-02 18:17:55,7883196.008,1.3368400000000002e-18,7.293946092400001e-23,7556431,2019-05-02 18:17:55,ltc,25567.4086131264,0.0,0.00000001,"ltc,eth",21753551.64,0.0,1.0538571751334722e-11,36
1,[],4,[],2019-05-08 00:34:18,304877.6474028,0.00000024,0.000000000013921296,7575373,2019-05-08 00:34:18,btc,19772.892180659095,0.0,0.00000024,btc,994570.90586836,0.01440996,0.0298693852333356,37
1,[],12,[],2019-05-08 00:34:19,1096834.80490709,0.00000026,0.000000000015081404,7575374,2019-05-08 00:34:19,btc,61604.97550253402,0.0,0.00000026,btc,585017.03284537,0.0301553257625325,0.1149074135794932,37
1,[],27,[],2019-05-08 00:34:28,1600.0,0.00000015,0.00000000000870081,7575375,2019-05-08 00:34:28,btc,24.12824334291843,0.0,0.00000015,btc,5839.49448498,0.0,3e-05,37
1,[],17,[],2019-05-03 01:11:36,211752.74075282,0.00000025,0.000000000013700074999999998,7559074,2019-05-03 01:11:36,btc,0.055484923955058496,0.0,0.00000025,"btc,eth",1387.19918473,0.0,0.0005381851887916605,37
1,[],5,[],2019-05-08 00:34:31,0.0,0,0,7575376,2019-05-08 00:34:31,btc,0.0,0.12872807,0,btc,0.0,0.0,0.0,42
1,[],12,[],2019-05-08 00:34:32,367619.89280196,0.00000247999999999999997247861205362795544715481810271739959716796875,0.000000000143853392,7575377,2019-05-08 00:34:32,btc,1222251.0214914838,0.0,0.00000247999999999999997247861205362795544715481810271739959716796875,btc,38251.79849205,0.3597395564429268,0.0781976589998569,42
1,[],27,[],2019-05-08 00:34:40,3256.0,0.00000015,0.00000000000870081,7575378,2019-05-08 00:34:40,btc,1.8179904929696,0.0,0.00000015,"btc,eth",2428.82344975,0.0,0.0002475000005934802,42
1,[],12,[],2019-03-13 09:13:29,1112112.0,0.00000001,0.000000000000386531,6919902,2019-03-13 09:13:29,btc,29058.00478931866,0.0,0.00000001,btc,5967681.93306694,9.99000999e-07,0.01112112,43
1,[],5,[],2019-04-26 22:38:52,0.0,0,0,7474154,2019-04-26 22:38:52,btc,0.0,0.02638891,0,btc,0.0,0.0,0.0,43
0,[],17,[],2019-04-26 22:38:53,0.0,0,0,7474155,2019-04-26 22:38:53,btc,0.0,0.0,0,btc,0.0,0.0,0.0,43
1,[],12,[],2019-03-05 01:54:08,639326.02,0.00000004,0.000000000001486676,6845775,2019-03-05 01:54:08,btc,11116042.728239931,0.0,0.00000004,btc,1103841.4595604,0.0003330765234764,0.014975410599999999,44
1,[],4,[],2019-05-08 00:34:41,132640849.73332849,0.00000001,0.000000000000580054,7575379,2019-05-08 00:34:41,btc,436.7834182050812,0.0,0.00000001,"btc,ltc",23104644.59584506,0.00190427,0.2982144773806245,49
0.0000000001261931,[],4,[],2019-05-08 00:34:42,132645584.8361663,7.8239722e-17,4.5383263704988004e-21,7575380,2019-05-08 00:34:42,ltc,21614.641092163853,0.0,0.00000062,ltc,97474337.29269224,0.04123626,1.7685411412646749e-09,52
0,[],22,[],2019-05-08 00:34:44,0.0,0,0,7575381,2019-05-08 00:34:44,,10304.87709543,0.0,0,,310505736.4566013,0.0,0.0,57
0.0000000002871771,[],27,[],2019-05-08 00:34:53,10000.0,2.8717710000000003e-18,1.6657822556340002e-22,7575382,2019-05-08 00:34:53,eth,0.0,0.0,0.00000001,"btc,eth",0.0,0.0,2.871771e-14,57
0.0000000001261931,[],4,[],2019-05-08 00:34:54,1137495462.4045448,1.261931e-18,7.31988124274e-23,7575383,2019-05-08 00:34:54,ltc,19.111262810892086,0.0,0.00000001,ltc,5679709113.001969,0.0,1.4354407863676294e-09,58
1,[],12,[],2019-05-08 00:34:55,1569878079.0,0.0000000001,0.00000000000000580054,7575384,2019-05-08 00:34:55,btc,11897178.36727477,0.0,0.0000000001,btc,4312720931.534466,0.000807448712587416,0.1569878079,58
0.0000000001126173,[],22,[],2019-05-08 00:34:58,137438.0,1.126173e-18,6.53241153342e-23,7575385,2019-05-08 00:34:58,XMR,69.17854956,0.0,0.00000001,XMR,9877516.6,1.17644536272e-13,0.00137438,58
1,[],17,[],2019-05-03 01:12:09,1200000.0,0.0000000001,0.00000000000000548003,7559085,2019-05-03 01:12:09,btc,1e+24,0.0,0.0000000001,"btc,eth",39516342.31952568,0.0,0.00010000000058666061,58
1,[],5,[],2019-05-08 00:35:00,0.0,0,0,7575386,2019-05-08 00:35:00,btc,0.0,0.03074657,0,btc,0.0,0.0,0.0,61
1,[],22,[],2019-05-08 00:35:04,13613.833333333334,0.00000012,0.000000000006960648,7575387,2019-05-08 00:35:04,BTC,1002.29626883,0.0,0.00000012,BTC,15392.180177125656,0.0,0.00153269,61
1,[],26,[],2019-05-08 00:35:04,0.0,0.00000100,0.0000000000580054,7575388,2019-05-08 00:35:04,btc,0.0,0.0,0.00000100,btc,0.0,0.0,0.0,61
0.0000000002871771,[],27,[],2019-05-08 00:35:17,100000.0,2.8717710000000003e-18,1.6657822556340002e-22,7575389,2019-05-08 00:35:17,eth,1.9482732497246655,0.0,0.00000001,"btc,eth",13266.51663696,0.0,2.871771e-13,61
1,[],28,[],2019-05-08 00:35:50,1039.304,0.00000008,0.000000000004640432,7575390,2019-05-08 00:35:50,btc,2.056501795415105,691.0,0.00000008,btc,10022.46650005,0.0,2.439304e-05,61
1,[],4,[],2019-05-08 00:35:51,1274452.15537097,0.00000105,0.00000000006090567,7575391,2019-05-08 00:35:51,btc,1.0981417966757945,0.0,0.00000105,btc,443914.79230966,0.04024776,0.8535648875337638,67
0.0,[],25,[],2019-05-08 00:35:52,0.0,0,0,7575392,2019-05-08 00:35:52,,0.0,0.0,0.0,btc,0.0,0.0,0.0,67
1,[],12,[],2019-05-08 00:35:54,735523.33333333,0.00000016,0.000000000009280864,7575393,2019-05-08 00:35:54,btc,55556348.25467431,0.0,0.00000016,btc,1495933.9400843,0.007013126293706,0.0243660299999996,71
,[],5,[],2018-11-20 23:02:39,1.5e-07,0.00000005,0.000000000002128045,4862160,2018-11-20 23:02:39,btc,2.84511358,0.0,,btc,0.00036572,0.0,0.07381892,74
1,[],5,[],2019-05-08 00:25:48,0.0,0,0,7575240,2019-05-08 00:25:48,btc,0.0,0.02596588,0,btc,0.0,0.0,0.0,75
0,[],4,[],2019-05-08 00:35:55,0.0,0,0,7575394,2019-05-08 00:35:55,,133703.4206350529,0.0,0,,35139929.46753003,0.0,0.0,81
0,[],20,[],2019-01-25 09:30:31,0.0,0,0,6495923,2019-01-25 09:30:31,btc,0.0,0.0,0,btc,0.0,0.0,0.0,81
1,[],4,[],2019-05-08 00:35:58,30711.28102992,0.00006792,0.000000003939726768,7575395,2019-05-08 00:35:58,btc,18.596442678127488,0.0,0.00006792,btc,24993.44459822,0.27862203,0.5772069242187144,82
1,[],21,[],2019-05-08 00:35:59,257087.48779618,0.00006509999999999999673646472464,0.00000000377615154,7575396,2019-05-08 00:35:59,btc,3.808161873783318,10016.43651259,0.000065099999999999996736464724644832813282846473157405853271484375,btc,51074.94061258,0.67533189,1.9736410989691375,82
0,[],17,[],2019-03-25 22:42:34,0.0,0,0,7038780,2019-03-25 22:42:34,btc,0.0445064681804024,0.0,0,btc,995513.18476001,0.0,0.0,84
0.00000000013644,[],4,[],2019-05-01 19:17:39,299701867.376,1.3644e-18,7.259508504e-23,7542161,2019-05-01 19:17:39,ltc,1.6769037726995486,0.0,0.00000001,ltc,427823536.87452894,0.00010978,4.089132278478144e-10,85
,[],22,[],2018-11-20 23:09:34,3408.1,0.0000001,0.0000000000041895,4862324,2018-11-20 23:09:34,BTC,0.04624735,0.0,,BTC,4990.0,0.0,0.00033081,86
1,[],22,[],2019-05-08 00:36:02,89999.0,0.00000001,0.000000000000580054,7575397,2019-05-08 00:36:02,BTC,3.66432991,0.0,0.00000001,BTC,332904.29736842104,0.0,0.00089999,87
1,[],27,[],2019-05-08 00:36:12,10674.0,0.00000001,0.000000000000580054,7575398,2019-05-08 00:36:12,btc,4.960707720736,0.0,0.00000001,btc,10175.62841,0.0,0.00010674,87
,[],2,[],2018-11-20 23:10:47,0.0,0,0,4862359,2018-11-20 23:10:47,,0.0,0.0,,,0.0,0.0,0.0,88
1,[],11,[],2019-05-08 00:36:14,79637.75169245,0.0001300100000000000105386532833762203154037706553936004638671875,0.000000007541282054000001,7575399,2019-05-08 00:36:14,btc,170.42666198220425,14940.9729463,0.0001300100000000000105386532833762203154037706553936004638671875,btc,168754.69465267,0.0,4.473457492268533,89
0,[],2,[],2019-01-20 23:31:45,0.0,0,0,6477083,2019-01-20 23:31:45,,0.0,0.0,0,,0.0,0.0,0.0,91
0,[],17,[],2019-05-03 01:12:26,0.0,0,0,7559096,2019-05-03 01:12:26,btc,0.0,0.0,0,btc,0.0,0.0,0.0,91
1,[],12,[],2019-05-08 00:26:06,386565.93209498,0.00000065,0.000000000037582935,7575247,2019-05-08 00:26:06,btc,73.20104471730322,0.0,0.00000065,btc,150594.39829331,0.0025789699810138,0.0397487711999579,91
1,[],22,[],2019-05-08 00:26:11,76014.0,0.0000008,0.00000000004625592,7575248,2019-05-08 00:26:11,BTC,0.1,0.0,0.0000008,"BTC,LTC",1.0,0.0,0.0017135,91
1,[],22,[],2019-04-09 20:17:52,374949.73333333334,0.00000015,0.000000000007771935,7235704,2019-04-09 20:17:52,BTC,6.87372503,0.0,0.00000015,"BTC,LTC",159980.01196797504,1.1e-05,0.80510266,95
0.0000000001261931,[],4,[],2019-05-08 00:36:16,552656093.5546813,8.4549377e-17,4.9043204326358e-21,7575400,2019-05-08 00:36:16,ltc,11.266967213914812,0.0,0.00000067,ltc,126715550.97532152,0.07206314,1.8337864722437675e-09,96
0,[],12,[],2019-05-08 00:36:17,0.0,0,0,7575401,2019-05-08 00:36:17,btc,25054.263518130076,0.0,0,btc,6821705.82664734,0.0,0.0,96
0,[],17,[],2019-05-03 01:12:32,0.0,0,0,7559100,2019-05-03 01:12:32,btc,0.0,0.0,0,btc,0.0,0.0,0.0,96
1,[],4,[],2019-04-14 03:32:46,1039404.33283278,0.00000038,0.000000000019245518,7293458,2019-04-14 03:32:46,btc,4.170086055365747,0.0,0.00000038,btc,3097704.34561074,0.06260606,0.1859928211030784,99
1,[],4,[],2019-05-08 00:36:19,355656.74398682,0.00003540,0.00000000205339116,7575402,2019-05-08 00:36:19,btc,6.656302872243533,0.0,0.00003540,btc,114900.19682491,0.2582514,0.4560605440035415,100
0,[],2,[],2019-01-20 23:23:55,0.0,0,0,6476914,2019-01-20 23:23:55,,0.0,0.0,0,,0.0,0.0,0.0,100
1,[],22,[],2019-05-08 00:26:19,130000.0,0.00000001,0.000000000000578199,7575252,2019-05-08 00:26:19,BTC,24.83526409,0.0,0.00000001,BTC,11187.719,0.0,0.0013,101
1,[],4,[],2019-05-08 00:36:20,584734.5982102,0.00000581,0.000000000337011374,7575403,2019-05-08 00:36:20,btc,249.92176905755497,0.0,0.00000581,btc,330990.01865813,3.95011835,0.5634556084602496,103
1,[],12,[],2019-05-08 00:36:22,115909197.51292,0.000000005,0.000000000000290027,7575404,2019-05-08 00:36:22,btc,468525102.23325825,0.0,0.000000005,btc,108210442.11563428,0.00370465897602412,0.24062978171276,105
1,[],27,[],2019-05-08 00:36:33,11976.0,0.00000001,0.000000000000580054,7575405,2019-05-08 00:36:33,btc,0.0689357688051137,0.0,0.00000001,btc,864584.59450753,0.0,0.00011976,105
1,[],22,[],2019-04-21 00:17:26,21333.0,0.00000001,0.000000000000532493,7385819,2019-04-21 00:17:26,BTC,51.38182867,0.0,0.00000001,BTC,470435.0,0.0,0.00021333,107
1,[],26,[],2019-04-21 00:17:26,0.0,0.00000000,0,7385820,2019-04-21 00:17:26,btc,0.0,0.0,0.00000000,btc,0.0,0.0,0.0,107
1,[],5,[],2019-05-08 00:36:35,0.0,0,0,7575406,2019-05-08 00:36:35,btc,0.0,0.0,0,btc,0.0,0.0,0.0,112
0,[],22,[],2019-05-08 00:36:38,0.0,0,0,7575407,2019-05-08 00:36:38,,2.79003697,0.0,0,,1380942.0833333333,0.0,0.0,112
1,[],27,[],2019-05-08 00:36:51,1.0,0.00000001,0.000000000000580054,7575408,2019-05-08 00:36:51,btc,1.25032588,0.0,0.00000001,"btc,eth",1819.0,0.0,1e-08,112
1,[],4,[],2019-05-08 00:36:52,358881.23285052,0.00000161,0.000000000093388694,7575409,2019-05-08 00:36:52,btc,4.799404738160397,0.0,0.00000161,btc,518580.06276468,0.05630999,0.2369867809218337,113
1,[],5,[],2019-05-08 00:36:53,0.0,0,0,7575410,2019-05-08 00:36:53,btc,0.0,0.0,0,btc,0.0,0.0,0.0,113
1,[],17,[],2019-04-26 02:17:47,162738.278,0.00000004,0.0000000000021069000000000002,7461287,2019-04-26 02:17:47,btc,1.3331140273775473,0.0,0.00000004,btc,51796.221,0.0,0.00230953112,116
0,[],27,[],2019-04-26 02:19:51,0.0,0,0,7461288,2019-04-26 02:19:51,,0.0,0.0,0,,0.0,0.0,0.0,116
1,[],4,[],2019-05-07 20:09:28,131822.85721655,0.00001022,0.00000000060230548,7572994,2019-05-07 20:09:28,btc,132.18460413545117,0.0,0.00001022,btc,268070.13193351,0.06918336,1.0489745103085106,120
1,[],7,[],2019-05-07 20:09:30,9501.79941055,0.000011699999999999999788190263583231853772304020822048187255859375,0.0000000006895277999999999,7572995,2019-05-07 20:09:30,btc,231185.88817567716,62.23644451,0.000011699999999999999788190263583231853772304020822048187255859375,btc,4076.97424313,0.00072692,0.018013380795019,120
1,[],20,[],2019-04-07 18:42:29,1914137.0852,0.000000035,0.0000000000017871910000000002,7211992,2019-04-07 18:42:29,btc,32.2497668025648,25528.85,0.000000035,btc,1001975.4986,0.00089350975,0.0152723574729,125
1,[],22,[],2019-05-08 00:36:56,110000.0,0.00000001,0.000000000000580054,7575411,2019-05-08 00:36:56,BTC,0.032061,0.0,0.00000001,BTC,299316.7611111111,0.0,0.0011,126
1,[],4,[],2019-05-08 00:36:59,1860018.4066321,0.00000958,0.000000000555691732,7575412,2019-05-08 00:36:59,btc,3.7089166407833525,0.0,0.00000958,btc,167753.06162782,0.07751136,0.5010733207037342,131
0,[],2,[],2019-01-20 23:25:46,0.0,0,0,6476969,2019-01-20 23:25:46,,0.0,0.0,0,,0.0,0.0,0.0,131
1,[],17,[],2019-05-03 01:13:10,10000.0,0.00000001,0.000000000000548003,7559115,2019-05-03 01:13:10,btc,0.0953976503951408,0.0,0.00000001,btc,5037.62507334,0.0,0.0001,131
1,[],4,[],2019-05-08 00:37:00,4709.54424442,0.00012813,0.000000007432231902,7575413,2019-05-08 00:37:00,btc,6.011525239291326,0.0,0.00012813,btc,191.61415747,0.0,0.0079468379594725,135
1,[],3,[],2019-05-08 00:37:01,530498.0,0.00000001,0.000000000000580054,7575414,2019-05-08 00:37:01,btc,0.1029057631805504,129896.5,0.00000001,btc,1124104.34967245,0.0,0.00530498,136
1,[],4,[],2019-05-08 00:37:02,3486926.79470667,0.00000228,0.000000000132252312,7575415,2019-05-08 00:37:02,btc,319.57275780159586,0.0,0.00000228,btc,512526.89840879,0.11322914,0.7486014494873374,137
1,[],12,[],2019-05-08 00:37:03,331387.09142264,0.0000020499999999999998542940700396730591137384180910885334014892578125,0.00000000011891107,7575416,2019-05-08 00:37:03,btc,48520.51746260897,0.0,0.0000020499999999999998542940700396730591137384180910885334014892578125,btc,43308.24229997,0.0035503765833873,0.0376285899999377,137
1,[],4,[],2019-05-08 00:37:05,49067.38328462,0.00003442,0.0000000019965458680000002,7575417,2019-05-08 00:37:05,btc,5.113561910251855,0.0,0.00003442,btc,69641.23039284,0.42197623,0.1485787872170367,142
1,[],5,[],2019-05-08 00:37:06,0.0,0,0,7575418,2019-05-08 00:37:06,btc,0.0,0.09804458,0,btc,0.0,0.0,0.0,142
1,[],20,[],2019-05-08 00:37:08,167399.2061,0.00003401,0.0000000019727636540000002,7575419,2019-05-08 00:37:08,btc,1.7086003245498,0.0,0.00003401,btc,8215.5399,0.0,0.059880778653,142
1,[],22,[],2019-05-08 00:37:11,1370.0,0.00000200,0.0000000001160108,7575420,2019-05-08 00:37:11,BTC,3.2756588,0.0,0.00000200,BTC,1135.5948275773155,0.0,0.0003632,142
0.0,[],25,[],2019-05-08 00:37:13,0.0,0,0,7575421,2019-05-08 00:37:13,,0.0,0.0,0.0,btc,0.0,0.0,0.0,142
1,[],28,[],2019-05-08 00:37:44,79102.0,0.00003311,0.000000001920558794,7575422,2019-05-08 00:37:44,btc,0.0632226924,237414.2875,0.00003311,btc,611.87303,0.0,0.07347342,142
1,[],17,[],2019-05-03 01:13:16,32967.38636364,0.00000088,0.000000000048224264,7559122,2019-05-03 01:13:16,btc,20.06976206696776,0.0,0.00000088,btc,2746.079105,0.0,0.0105613000000032,142
0,[],22,[],2019-05-08 00:37:47,0.0,0,0,7575423,2019-05-08 00:37:47,,66.66505393,0.0,0,,938775805.8,0.0,0.0,143
0,[],22,[],2019-02-25 15:42:22,0.0,0,0,6783783,2019-02-25 15:42:22,,4.2131946,0.0,0,,2322156.0,0.0,0.0,146
,[],22,[],2018-11-20 23:01:11,0.0,0,0,4862114,2018-11-20 23:01:11,,2.56807021,0.0,,,61828.4988236,0.0,0.0,147
1,[],12,[],2019-04-21 06:38:04,193091.5971266,0.00000071,0.000000000037635183,7388679,2019-04-21 06:38:04,btc,2.301232411611175,0.0,0.00000071,btc,9957.48302385,0.00023528,0.0313308199999888,148
1,[],4,[],2019-03-19 21:31:25,255810.0415942,0.00000029,0.000000000011615747,6982695,2019-03-19 21:31:25,btc,218.94922712414143,0.0,0.00000029,btc,793529.37642722,0.00117,0.0608347789473395,152
0,[],22,[],2019-03-19 21:31:27,0.0,0,0,6982696,2019-03-19 21:31:27,,0.0,0.0,0,,0.0,0.0,0.0,152
1,[],5,[],2019-04-26 09:36:59,0.0,0,0,7465040,2019-04-26 09:36:59,btc,0.0,0.0,0,btc,0.0,0.0,0.0,153
,[],16,[],2019-01-11 15:38:59,0.0,0,0,6366141,2019-01-11 15:38:59,btc,0.0,0.0,,btc,0.0,0.0,0.0,155
0,[],22,[],2019-05-08 00:37:50,0.0,0,0,7575424,2019-05-08 00:37:50,,6.80191271,0.0,0,,4673448.342592592,0.0,0.0,156
0,[],23,[],2019-01-20 23:24:29,0.0,0,0,6476932,2019-01-20 23:24:29,,0.0,0.0,0,,0.0,0.0,0.0,156
1,[],22,[],2019-05-08 00:37:53,7066.0,0.00000800,0.0000000004640432,7575425,2019-05-08 00:37:53,BTC,1.79802465,0.0,0.00000800,BTC,802.6461988741639,0.0,0.00062996,157
0,[],22,[],2019-05-07 22:25:46,0.0,0,0,7574238,2019-05-07 22:25:46,,50234.60468402,0.0,0,,54786159.03179465,0.0,0.0,158
,[],17,[],2018-11-20 22:56:10,0.0,0,0,4861976,2018-11-20 22:56:10,btc,1.1265625,0.0,,btc,1000.0,0.0,0.0,159
,[],20,[],2018-11-20 22:56:12,0.0,0,0,4861977,2018-11-20 22:56:12,btc,11912.7940471,0.0,,btc,34413894.3617,0.0,0.0,159
1,[],12,[],2019-05-08 00:37:55,263224.62725966,0.000003719999999999999958717918080441933170732227154076099395751953125,0.000000000215780088,7575426,2019-05-08 00:37:55,btc,13.563089766862435,0.0,0.000003719999999999999958717918080441933170732227154076099395751953125,btc,11473.94438736,0.0044741876328583,0.0478778292629442,168
1,[],17,[],2019-05-03 01:13:36,42852.0,0.00000002,0.000000000001096006,7559132,2019-05-03 01:13:36,btc,0.04279856251542,0.0,0.00000002,btc,274.46171372,0.0,0.00052852,168
1,[],22,[],2019-05-07 03:57:18,743122.0,0.00000001,0.000000000000593596,7562020,2019-05-07 03:57:18,BTC,41.40912107,0.0,0.00000001,BTC,1593401.2737547632,0.00342649,0.00743122,169
1,[],22,[],2019-05-08 00:37:58,193990.0,0.00000002,0.000000000001160108,7575427,2019-05-08 00:37:58,BTC,30.18907168,0.0,0.00000002,BTC,442417.35474695155,9.25e-06,0.0019408,171
1,[],22,[],2019-05-08 00:40:01,195000.0,0.0000001,0.00000000000580054,7575428,2019-05-08 00:40:01,BTC,22.16509548,0.0,0.0000001,"BTC,LTC",655710.8764972081,0.00151561,0.008886,173
1,[],5,[],2019-05-06 19:49:32,0.0,0,0,7559281,2019-05-06 19:49:32,btc,0.0,0.00023336,0,btc,0.0,0.0,0.0,175
1,[],22,[],2019-05-08 00:40:05,90671.0,0.00000001,0.000000000000580054,7575429,2019-05-08 00:40:05,BTC,394.0276142,0.0,0.00000001,BTC,136275.61833431243,3.68e-05,0.00090671,176
1,[],7,[],2019-05-08 00:40:06,0.0,0,0,7575430,2019-05-08 00:40:06,btc,520269.7650962537,999.000999,0,btc,18977820.08196943,9.99e-06,0.0,178
0,[],22,[],2019-05-08 00:40:09,0.0,0,0,7575431,2019-05-08 00:40:09,,1.00242428,0.0,0,,57512.0,0.0,0.0,178
0,[],2,[],2019-01-20 23:28:34,0.0,0,0,6477001,2019-01-20 23:28:34,,0.0,0.0,0,,0.0,0.0,0.0,178
1,[],5,[],2019-05-08 00:40:10,0.0,0,0,7575432,2019-05-08 00:40:10,btc,0.0,0.11358357,0,btc,0.0,0.0,0.0,179
1,[],22,[],2019-05-08 00:40:13,3038615.0,0.00000001,0.000000000000580054,7575433,2019-05-08 00:40:13,BTC,5.33210563,0.0,0.00000001,BTC,13997968.411946677,0.008462,0.03038615,179
0,[],23,[],2019-01-20 23:25:08,0.0,0,0,6476952,2019-01-20 23:25:08,,0.0,0.0,0,,0.0,0.0,0.0,179
1,[],22,[],2019-05-08 00:40:18,641258.971048321,0.0000008,0.00000000004640432,7575434,2019-05-08 00:40:18,BTC,39.28291866,0.0,0.0000008,"BTC,LTC",153547.80311938145,0.0,0.55417964,180
1,[],26,[],2019-05-08 00:40:18,0.0,0.00000120,0.00000000006960648,7575435,2019-05-08 00:40:18,btc,0.0,50.0,0.00000120,btc,0.0,0.0,0.0,180
1,[],17,[],2019-05-03 01:13:56,20504.725000000002,0.0000001,0.00000000000548003,7559141,2019-05-03 01:13:56,btc,5.2010695838400265,0.0,0.0000001,btc,5033.45945,0.0,0.0011504725,180
,[],7,[],2018-11-20 22:58:01,562227.975654,0.00000085,0.000000000036176765,4862015,2018-11-20 22:58:01,btc,21836.6059674,2491.87645172,,btc,749999.041456,0.00211021,0.127565380455,183
,[],5,[],2019-01-10 08:11:41,0.0,0,0,6347036,2019-01-10 08:11:41,btc,82.15055501,0.00261,,btc,1.19002445,0.0,0.0,187
1,[],24,[],2019-04-30 17:34:05,0.0,0.000000000014,7.396256000000001e-16,7526291,2019-04-30 17:34:05,btc,0.0,0.0,0.000000000014,btc,0.0,0.0,0.0,187
,[],17,[],2018-11-16 20:58:10,4062536.27273,0.00000001,0.000000000000550501,4708775,2018-11-16 20:58:10,btc,3.36492563466,0.195460381006,,"btc,eth",110697919.549,0.0,0.0157628953496,187
0,[],22,[],2019-04-25 02:54:07,0.0,0,0,7447896,2019-04-25 02:54:07,,7.54794454,0.0,0,,76361.7243344055,0.0,0.0,191
0,[],22,[],2019-05-08 00:40:23,0.0,0,0,7575436,2019-05-08 00:40:23,,0.0,0.0,0,,0.0,0.0,0.0,197
0,[],23,[],2019-01-20 23:31:41,0.0,0,0,6477079,2019-01-20 23:31:41,,0.0,0.0,0,,0.0,0.0,0.0,199
0.0000000001261931,[],22,[],2019-05-08 00:40:26,54734331.0,2.523862e-18,1.463976248548e-22,7575437,2019-05-08 00:40:26,LTC,18.75578347,0.0,0.00000002,LTC,35255414.0,0.0,0.64068281,199
1,[],26,[],2019-05-08 00:40:26,0.0,0.00000000,0,7575438,2019-05-08 00:40:26,btc,0.0,0.0,0.00000000,btc,0.0,0.0,0.0,199
0,[],2,[],2019-01-20 23:30:49,0.0,0,0,6477059,2019-01-20 23:30:49,,0.0,0.0,0,,0.0,0.0,0.0,201
1,[],4,[],2019-01-25 15:51:35,2084389.58565343,0.00000936,0.000000000333526752,6499557,2019-01-25 15:51:35,btc,2.0092503037378524,0.0,0.00000936,btc,160195.80207885,0.19272417,1.242687955921835,211
1,[],7,[],2019-05-08 00:27:50,16784023.75780677,0.00000089,0.000000000051459711,7575289,2019-05-08 00:27:50,btc,15559126.120100984,303730.655322,0.00000089,btc,12018902.0465489,0.0,1.8830696365328203,212
1,[],5,[],2019-05-07 13:02:51,0.0,0,0,7566706,2019-05-07 13:02:51,btc,0.0,0.43032184,0,btc,0.0,0.0,0.0,213
1,[],24,[],2019-05-07 13:02:52,0.0,0.000000050000,0.000000000002968865,7566707,2019-05-07 13:02:52,btc,0.0,0.0,0.000000050000,btc,0.0,0.0,0.0,213
1,[],26,[],2019-05-07 13:02:52,0.0,0.00000040,0.00000000002375092,7566708,2019-05-07 13:02:52,btc,0.0,0.0,0.00000040,btc,0.0,0.0,0.0,213
1,[],12,[],2019-01-25 02:44:32,207462.42853209,0.000001080000000000000035831255497387193287295303889550268650054931640625,0.000000000038610756000000006,6493050,2019-01-25 02:44:32,btc,85023.03793723314,0.0,0.000001080000000000000035831255497387193287295303889550268650054931640625,btc,43675.73520027,0.000146250909087,0.0348620860622024,213
0,[],22,[],2019-05-08 00:40:30,0.0,0,0,7575439,2019-05-08 00:40:30,,11.27092232,0.0,0,,2240817.2040649247,0.0,0.0,216
1,[],27,[],2019-05-08 00:40:44,30596.0,0.00000001,0.000000000000580054,7575440,2019-05-08 00:40:44,btc,61.55971639203932,5500.0,0.00000001,"btc,ltc",215976.557308,5.5e-05,0.00030596,216
1,[],22,[],2019-05-08 00:40:47,313386.9044117647,0.00000136,0.000000000078887344,7575441,2019-05-08 00:40:47,BTC,12055.02950612,0.0,0.00000136,BTC,450284.2437013252,0.01301635,0.08844246,217
1,[],7,[],2019-05-08 00:40:49,0.0,0,0,7575442,2019-05-08 00:40:49,btc,111302.56967336107,0.0,0,btc,137382971.78428552,0.0,0.0,219
0,[],27,[],2019-05-08 00:41:00,0.0,0,0,7575443,2019-05-08 00:41:00,,0.01810337,0.0,0,btc,1580037.0,0.0,0.0,219
0.0000000000000044000000000000005,[],28,[],2019-05-08 00:28:17,489172109.014,2.6400440000000003e-18,1.5264708007560002e-22,7575295,2019-05-08 00:28:17,doge,3650128.9693764625,17625.15,0.00060001,"btc,doge",44730760.5033,0.0,2.828481345591537e-11,219
1,[],22,[],2019-05-08 00:28:20,398200.0,0.00000004,0.000000000002312796,7575296,2019-05-08 00:28:20,BTC,56.8288224,0.0,0.00000004,BTC,148582.84827387411,0.00101065,0.012982,221
1,[],24,[],2019-05-08 00:28:20,0.0,0.000000010000,0.000000000000578199,7575297,2019-05-08 00:28:20,btc,0.0,0.0,0.000000010000,btc,0.0,0.0,0.0,221
1,[],20,[],2019-05-08 00:28:22,12166794.498,0.000000011,0.0000000000006360189,7575298,2019-05-08 00:28:22,btc,100092.89424664243,0.0,0.000000011,btc,22929825.5625,0.0,0.053329530791,224
0,[],22,[],2019-05-08 00:28:24,0.0,0,0,7575299,2019-05-08 00:28:24,,0.0,0.0,0,,0.0,0.0,0.0,224
1,[],26,[],2019-05-08 00:28:24,0.0,0.00000026,0.000000000015033174,7575300,2019-05-08 00:28:24,btc,0.0,0.0,0.00000026,btc,0.0,0.0,0.0,231
1,[],26,[],2019-05-08 00:28:24,0.0,0.00000005,0.000000000002890995,7575301,2019-05-08 00:28:24,btc,0.0,0.0,0.00000005,btc,0.0,0.0,0.0,234
0.00000000028653080000000004,[],27,[],2019-05-08 00:28:36,10000.0,2.865308e-18,1.6567182202920002e-22,7575302,2019-05-08 00:28:36,eth,0.01134836604,0.0,0.00000001,"btc,eth",11462.996,0.0,2.8653080000000004e-14,234
1,[],4,[],2019-04-29 21:02:20,217188.93193785,0.00000080,0.00000000004151584,7514327,2019-04-29 21:02:20,btc,5.239800103892936,0.0,0.00000080,btc,797346.30008933,0.0,0.0590549781555679,236
1,[],24,[],2019-04-29 21:02:20,0.0,0.000000100000,0.00000000000518948,7514328,2019-04-29 21:02:20,btc,0.0,0.0,0.000000100000,btc,0.0,0.0,0.0,236
1,[],5,[],2019-05-06 20:53:15,0.0,0,0,7559637,2019-05-06 20:53:15,btc,0.0,0.20253514,0,btc,0.0,0.0,0.0,237
1,[],20,[],2019-05-06 20:53:18,38173217.6136,0.000000083,0.0000000000047460728,7559638,2019-05-06 20:53:18,btc,21342.514614200165,8832375.7238,0.000000083,btc,27701499.3386,0.7554403456107,1.3621107610479,237
1,[],22,[],2019-05-06 20:53:20,343938.0,0.00000009,0.000000000005146344,7559639,2019-05-06 20:53:20,BTC,1.20267422,0.0,0.00000009,BTC,17930.94871794872,0.0,0.01017442,237
1,[],4,[],2019-05-08 00:28:37,36814876.03743103,0.00000013,0.000000000007516587,7575303,2019-05-08 00:28:37,btc,3.1714786518906903,0.0,0.00000013,btc,8623094.50557613,1.27730919,1.1168481264001455,238
1,[],5,[],2019-05-08 00:28:38,0.0,0,0,7575304,2019-05-08 00:28:38,btc,0.0,0.06447863,0,btc,0.0,0.0,0.0,238
0,[],22,[],2019-03-12 16:49:32,0.0,0,0,6914458,2019-03-12 16:49:32,,0.40415746,0.0,0,,526736.5639027493,0.0,0.0,249
0,[],22,[],2019-05-08 00:28:41,0.0,0,0,7575305,2019-05-08 00:28:41,,3.31610872,0.0,0,,28317807.771216933,0.0,0.0,252
1,[],28,[],2019-05-08 00:28:50,41561158.199,0.00000035,0.000000000020236965,7575306,2019-05-08 00:28:50,btc,3.337543618419,194914.3492,0.00000035,btc,2878906.2029,0.0,0.6037740771,256
1,[],22,[],2019-05-08 00:28:53,1088993.5,0.00000002,0.000000000001156398,7575307,2019-05-08 00:28:53,BTC,21.88116616,0.0,0.00000002,BTC,522884.63333384093,2.75e-06,0.01124633,258
1,[],22,[],2019-03-13 00:07:30,47146.0,0.00000001,0.000000000000387233,6917028,2019-03-13 00:07:30,BTC,2.415167,0.0,0.00000001,BTC,157.0,0.0,0.00047146,259
1,[],5,[],2019-05-08 00:28:54,0.0,0,0,7575308,2019-05-08 00:28:54,btc,0.0,0.38296979,0,btc,0.0,0.0,0.0,264
1,[],20,[],2019-05-08 00:28:56,1263388.3715,0.000001066,0.0000000000616360134,7575309,2019-05-08 00:28:56,btc,4.8269570006036,59572.9743,0.000001066,btc,95751.7266,0.0758448377062,0.0203070885295,264
0,[],22,[],2019-04-12 17:57:27,0.0,0,0,7278186,2019-04-12 17:57:27,,66.37522201,0.0,0,,677842.4169881374,0.0,0.0,271
0,[],22,[],2019-05-08 00:28:59,0.0,0,0,7575310,2019-05-08 00:28:59,,33051802.3172899,0.0,0,,15696307799.7,0.0,0.0,272
0.0000000000000044000000000000005,[],28,[],2019-05-08 00:29:01,400736115975.5,1.056e-21,6.10578144e-26,7575311,2019-05-08 00:29:01,doge,26831809.841179468,1026552403.07,0.00000024,doge,353980979136.509,0.0,2.26441251178076e-10,272
1,[],22,[],2019-05-08 00:29:04,168039.7,0.00000013,0.000000000007516587,7575312,2019-05-08 00:29:04,BTC,427.42495672,0.0,0.00000013,BTC,249705.37764460206,0.0,0.00918978,281
1,[],22,[],2019-05-08 00:29:09,113561.6,0.00000002,0.000000000001156398,7575313,2019-05-08 00:29:09,BTC,536.90453142,0.0,0.00000002,"BTC,LTC",590775.6256135202,0.00114157,0.00742255,286
0,[],22,[],2019-05-08 00:29:11,0.0,0,0,7575314,2019-05-08 00:29:11,,7337883.38050348,0.0,0,,1307674043.2797825,0.0,0.0,294
