pairValue,buyBook,exchangeId,sellBook,updated,buyTotal,satoshiPrice,usdPrice,exchangeLogId,created,bestPair,sellTotalBtc,volume,pairPrice,activePairs,sellTotal,volumeBtc,buyTotalBtc,coinId
0,[],2,[],2019-01-20 23:28:45,0.0,0,0,6477011,2019-01-20 23:28:45,,0.0,0.0,0,,0.0,0.0,0.0,1
1,[],3,[],2019-03-04 20:40:37,30539.289987269272,0.0125431499999999994388044655124758719466626644134521484375,0.00000046694133641999996,6844131,2019-03-04 20:40:37,btc,61.11028120848691,0.24120148,0.0125431499999999994388044655124758719466626644134521484375,btc,25.165996769649,0.0,0.2970360706315738,1
1,[],4,[],2019-03-04 20:40:38,207889.46253036,0.01260232,0.000000469144046176,6844132,2019-03-04 20:40:38,btc,9.55934808844709,0.0,0.01260232,btc,288.1206733,0.7224382,2.8126436697543538,1
1,[],5,[],2019-03-04 20:40:40,0.0,0,0,6844133,2019-03-04 20:40:40,btc,0.0,0.1361946,0,btc,0.0,0.0,0.0,1
1,[],10,[],2019-03-04 20:40:42,414647.03573378,0.0113002,0.00000042067028536,6844134,2019-03-04 20:40:42,btc,6521.721042792425,1850.37992078,0.0113002,btc,1056.91593777,0.0,5.473106397663912,1
1,[],12,[],2019-03-04 20:40:45,10495.52421202,0.01255000000000000039135361618036768049933016300201416015625,0.00000046719634,6844135,2019-03-04 20:40:45,btc,0.5187939032246,0.0,0.01255000000000000039135361618036768049933016300201416015625,btc,31.66022039,0.0525846868287,0.4332130015309,1
1,[],20,[],2019-03-04 20:40:47,1152.0583,0.010500213,0.0000003908893293084,6844136,2019-03-04 20:40:47,btc,0.0625062184556,0.0,0.010500213,btc,3.0899,0.0,0.1004622630051,1
1,[],21,[],2019-03-04 20:40:48,1870.16532834,0.01257769000000000074457329191,0.000000468227150092,6844137,2019-03-04 20:40:48,btc,16.592325557173027,3400.2640481,0.01257769000000000074457329191091048414818942546844482421875,"btc,eth",1786.08436321,34.37697389705325,19.043204853714368,1
1,[],22,[],2019-03-04 20:40:52,0.006382215384615385,0.01300000,0.0000004839484,6844138,2019-03-04 20:40:52,BTC,0.31439419,0.0,0.01300000,BTC,0.12751438772928525,0.0,7.978e-05,1
1,[],24,[],2019-03-04 20:40:52,0.0,0.000000000000,0,6844139,2019-03-04 20:40:52,btc,0.0,0.0,0.000000000000,btc,0.0,0.0,0.0,1
0.0,[],25,[],2019-03-04 20:40:53,0.0,0,0,6844140,2019-03-04 20:40:53,btc,19.337499998551614,3866.05738707,0.0,btc,1500.12710886,49.3616,0.0,1
1,[],26,[],2019-03-04 20:41:03,0.0,0,0,6844141,2019-03-04 20:41:03,,0.0,0.0,0,,0.0,0.0,0.0,1
1,[],28,[],2019-03-04 20:41:09,993.142,0.01323000,0.0000004925105639999999,6844142,2019-03-04 20:41:09,btc,0.162839806,18008.0,0.01323000,btc,8.9,0.0,0.089302756,1
1,[],5,[],2019-03-04 20:41:10,0.0,0,0,6844143,2019-03-04 20:41:10,btc,0.0,0.01076537,0,btc,0.0,0.0,0.0,2
0.0000000001252473,[],22,[],2019-03-04 20:41:13,1148.0,1.3777203e-16,5.128811806404e-21,6844144,2019-03-04 20:41:13,XMR,21.01373823,0.0,0.00000110,XMR,14319.12581,0.0,0.00087635,2
1,[],5,[],2019-03-04 20:41:15,0.0,0,0,6844145,2019-03-04 20:41:15,btc,0.0,1.053903,0,btc,0.0,0.0,0.0,3
1,[],12,[],2019-03-04 20:41:16,13385320.9129,0.000000176,0.000000000006551916799999999,6844146,2019-03-04 20:41:16,btc,924384.5370456949,0.0,0.000000176,btc,8033986.83087508,0.03677011968973808,0.7514805235147,3
0,[],28,[],2019-03-04 20:41:17,0.0,0,0,6844147,2019-03-04 20:41:17,,0.0,0.0,0,,0.0,0.0,0.0,3
0,[],2,[],2019-01-20 23:31:32,0.0,0,0,6477077,2019-01-20 23:31:32,,0.0,0.0,0,,0.0,0.0,0.0,4
1,[],4,[],2019-03-04 20:41:19,379057.70224311,0.00000032,0.000000000011912576,6844148,2019-03-04 20:41:19,btc,32.10772888956506,0.0,0.00000032,btc,715647.52175842,0.0,0.0485486592663305,4
1,[],12,[],2019-03-04 20:41:20,1382416.33333333,0.00000003,0.000000000001116804,6844149,2019-03-04 20:41:20,btc,11013925.647008393,0.0,0.00000003,btc,1486721.32371984,0.0,0.0215151899999999,5
0,[],2,[],2019-01-20 23:31:51,0.0,0,0,6477087,2019-01-20 23:31:51,,0.0,0.0,0,,0.0,0.0,0.0,6
1,[],11,[],2019-03-04 20:41:22,5580884.5,0.00000002,0.000000000000744536,6844150,2019-03-04 20:41:22,btc,9568.207380782815,1296000.0,0.00000002,btc,41777632.07452957,0.0,0.079092525,6
1,[],3,[],2019-03-04 20:41:23,1084.137772177546,0.00015113999999999999288534391350680152754648588597774505615234375,0.0000000056264585519999995,6844151,2019-03-04 20:41:23,btc,28.402034233092024,0.0,0.00015113999999999999288534391350680152754648588597774505615234375,btc,243.122414578101,0.0,0.03373111064741482,7
1,[],4,[],2019-03-04 20:41:24,98666.63764876,0.00023871,0.000000008886409428,6844152,2019-03-04 20:41:24,btc,19.297314062210543,0.0,0.00023871,btc,49493.5283118,3.6292093,6.515896540249656,7
1,[],5,[],2019-03-04 20:41:25,0.0,0,0,6844153,2019-03-04 20:41:25,btc,0.0,0.59004769,0,btc,0.0,0.0,0.0,7
1,[],20,[],2019-02-20 02:16:17,39399275.8418,0.000000001,0.0000000000000390183,6728586,2019-02-20 02:16:17,btc,116.9737569154545,525.0,0.000000001,btc,56932965.8895,5.25e-07,0.0393992758418,8
0,[],2,[],2019-01-20 23:22:42,0.0,0,0,6476876,2019-01-20 23:22:42,,0.0,0.0,0,,0.0,0.0,0.0,9
0,[],23,[],2019-01-20 23:22:48,0.0,0,0,6476878,2019-01-20 23:22:48,,0.0,0.0,0,,0.0,0.0,0.0,9
1,[],1,[],2019-02-17 23:31:42,1822507.21,0.00000181000000000000003456111265232042484285557293333113193511962890625,0.000000000066086901,6701244,2019-02-17 23:31:42,btc,3.6990969245,17153386.5,0.00000181000000000000003456111265232042484285557293333113193511962890625,btc,1997391.71,31.11772986,3.2610482446,9
1,[],4,[],2019-03-04 20:41:28,1991389.03194912,0.00000162,0.000000000060307416,6844154,2019-03-04 20:41:28,btc,5.8708700875286866,0.0,0.00000162,btc,2754194.55926756,1.16976378,0.781447721155839,9
1,[],28,[],2019-03-04 20:41:34,47563.15,0.00000166,0.000000000061796488,6844155,2019-03-04 20:41:34,btc,2708.761281370583,3611431.74,0.00000166,btc,11954.1497,0.0,0.050224829,9
1,[],4,[],2019-02-17 11:22:43,4341674.27126056,0.00000002,0.0000000000007272960000000001,6696112,2019-02-17 11:22:43,btc,0.1997230937751353,0.0,0.00000002,btc,4109766.79808031,0.00215132,0.0479381022052112,10
0,[],2,[],2019-01-20 23:23:08,0.0,0,0,6476890,2019-01-20 23:23:08,,0.0,0.0,0,,0.0,0.0,0.0,12
1,[],4,[],2019-03-04 20:41:35,6426488.63760993,0.00000122,0.000000000045416695999999996,6844156,2019-03-04 20:41:35,btc,11.173226191207911,0.0,0.00000122,btc,6122857.09508727,4.22980771,3.8878596100207585,12
1,[],5,[],2019-03-04 20:41:37,0.0,0,0,6844157,2019-03-04 20:41:37,btc,0.0,0.38678854,0,btc,0.0,0.0,0.0,12
0.0,[],25,[],2019-03-04 20:41:38,0.0,0,0,6844158,2019-03-04 20:41:38,,0.0,0.0,0.0,btc,0.0,0.0,0.0,12
1,[],10,[],2019-03-04 20:41:42,417376.08011332,0.00000541,0.000000000201396988,6844160,2019-03-04 20:41:42,btc,666802.5799625063,13116.348028,0.00000541,btc,743092.54612603,0.0,0.2412971714291676,13
1,[],21,[],2019-03-04 20:41:44,938833.2363524,0.000005750000000000000004499439016,0.0000000002140541,6844161,2019-03-04 20:41:44,btc,6.660605391405905,759743.29597432,0.0000057500000000000000044994390158148434011309291236102581024169921875,btc,1057849.59813499,4.34564605,4.951672484882855,13
1,[],4,[],2019-03-04 20:41:40,31953563.95458866,0.00000550,0.0000000002047474,6844159,2019-03-04 20:41:40,btc,2.931540330159096,0.0,0.00000550,btc,412912.52504588,0.39273944,0.781260604296299,13
1,[],4,[],2019-03-04 20:41:45,737847.59389944,0.00000146,0.000000000054351128,6844162,2019-03-04 20:41:45,btc,30.796556297184093,0.0,0.00000146,btc,905144.79298162,0.02535114,0.1944629279549615,14
1,[],12,[],2019-03-04 20:41:46,213668.69615935,0.000001359999999999999896105784720490294859018831630237400531768798828125,0.00000000005062844799999999,6844163,2019-03-04 20:41:46,btc,5.291296041734274,0.0,0.000001359999999999999896105784720490294859018831630237400531768798828125,btc,31251.47757234,0.0001497868032,0.022802519999856,14
0,[],17,[],2019-03-04 20:41:48,0.0,0,0,6844164,2019-03-04 20:41:48,btc,0.0,0.0,0,btc,0.0,0.0,0.0,14
1,[],26,[],2019-03-04 20:41:48,0.0,0.00000050,0.0000000000186134,6844165,2019-03-04 20:41:48,btc,0.0,0.0,0.00000050,btc,0.0,0.0,0.0,14
0,[],4,[],2019-03-04 20:41:49,0.0,0,0,6844166,2019-03-04 20:41:49,,0.0,0.0,0,,0.0,0.0,0.0,15
,[],12,[],2018-12-01 15:15:48,204241.84496,0.00000489,0.000000000202473384,5260204,2018-12-01 15:15:48,btc,49.5475654835,0.0,,btc,35763.2193806,0.0163153972027625,0.0203389899998,15
1,[],4,[],2019-03-04 20:41:51,25467.16550085,0.00001771,0.000000000659286628,6844167,2019-03-04 20:41:51,btc,1.3577552160105688,0.0,0.00001771,btc,15775.48953458,0.01386562,0.0745880696316511,18
1,[],10,[],2019-03-04 20:41:53,782768.67062795,0.00001727,0.0000000006429068359999999,6844168,2019-03-04 20:41:53,btc,15.389354501039971,3805.51783536,0.00001727,btc,13436.46272309,0.0,0.1302275547433333,18
1,[],12,[],2019-03-04 20:41:54,193508.36592546,0.0000165000000000000012650470948560865735998959280550479888916015625,0.0000000006142422,6844169,2019-03-04 20:41:54,btc,23.632937885767475,0.0,0.0000165000000000000012650470948560865735998959280550479888916015625,btc,2012.80043045,0.0248022871068069,0.036324206646087404,18
0,[],17,[],2019-03-04 20:42:06,0.0,0,0,6844170,2019-03-04 20:42:06,btc,0.0,0.0,0,btc,0.0,0.0,0.0,18
0,[],2,[],2019-01-20 23:23:38,0.0,0,0,6476906,2019-01-20 23:23:38,,0.0,0.0,0,,0.0,0.0,0.0,18
1,[],3,[],2019-03-04 20:42:07,118695.10380971053,0.000020100000000000000678623823802126935333944857120513916015625,0.00000000074825868,6844171,2019-03-04 20:42:07,btc,0.5483373544727321,0.027510917031,0.000020100000000000000678623823802126935333944857120513916015625,btc,9920.83263074671,0.0,0.03711399745804996,19
1,[],4,[],2019-03-04 20:42:08,410697.59526134,0.00002046,0.000000000761660328,6844172,2019-03-04 20:42:08,btc,2.2341786148446063,0.0,0.00002046,btc,74778.18314759,0.24177973,2.306237032280408,19
1,[],5,[],2019-03-04 20:42:09,0.0,0,0,6844173,2019-03-04 20:42:09,btc,0.0,0.0,0,btc,0.0,0.0,0.0,19
1,[],12,[],2019-03-04 20:42:10,134886.83709863,0.00001836999999999999860756348668555659742196439765393733978271484375,0.0000000006838563159999999,6844174,2019-03-04 20:42:10,btc,0.11187289071027991,0.0,0.00001836999999999999860756348668555659742196439765393733978271484375,btc,417.56200924,0.00112667,0.1135900898983473,19
0,[],27,[],2019-03-04 20:42:12,0.0,0,0,6844175,2019-03-04 20:42:12,,0.0,0.0,0,btc,0.0,0.0,0.0,19
0,[],2,[],2019-01-20 23:24:19,0.0,0,0,6476924,2019-01-20 23:24:19,,0.0,0.0,0,,0.0,0.0,0.0,19
1,[],4,[],2019-03-04 20:42:13,2777931.30750687,0.00000013,0.000000000004839484,6844176,2019-03-04 20:42:13,btc,7.37859059072158,0.0,0.00000013,btc,2855684.97012105,0.0001008,0.0778367123002956,20
1,[],4,[],2019-03-04 20:42:14,104056136.21537024,0.00000002,0.000000000000744536,6844177,2019-03-04 20:42:14,btc,1799.0982216782281,0.0,0.00000002,btc,55494697.40039335,0.0,1.1678631674280453,21
1,[],12,[],2019-03-04 20:42:15,17916951.0,0.00000002,0.000000000000744536,6844178,2019-03-04 20:42:15,btc,670.8733402334847,0.0,0.00000002,btc,8127598.32857329,0.0,0.23057926,21
0,[],17,[],2019-03-04 20:42:27,0.0,0,0,6844179,2019-03-04 20:42:27,btc,0.0,0.0,0,btc,0.0,0.0,0.0,21
1,[],12,[],2019-03-04 20:42:28,3142386894.531895,0.0000000001,0.00000000000000372268,6844180,2019-03-04 20:42:28,btc,975866457809.1499,0.0,0.0000000001,btc,5110369933.740476,0.01179594021163297,0.3142386894531895,23
0,[],27,[],2019-03-04 20:42:32,0.0,0,0,6844181,2019-03-04 20:42:32,,13.503633221578426,0.0,0,eth,2004616.85364636,0.0,0.0,23
1,[],4,[],2019-03-04 20:42:35,483983.1536164,0.00000041,0.000000000015262988,6844182,2019-03-04 20:42:35,btc,8.438684150546646,0.0,0.00000041,btc,1524788.49044757,0.0,0.146063912243011,24
1,[],22,[],2019-03-04 20:42:39,11.76,0.00000100,0.0000000000372268,6844183,2019-03-04 20:42:39,BTC,7.415e-05,0.0,0.00000100,BTC,23.919354838709676,0.0,1.176e-05,24
0.0,[],25,[],2019-03-04 20:42:41,0.0,0,0,6844184,2019-03-04 20:42:41,,0.0,0.0,0.0,btc,0.0,0.0,0.0,24
1,[],4,[],2019-03-04 20:42:42,26577891.77395081,0.00000605,0.00000000022522214,6844185,2019-03-04 20:42:42,btc,62.104377919027314,0.0,0.00000605,btc,240475.24940567,0.10247829,0.4356211369067585,26
1,[],10,[],2019-03-04 20:42:44,686456.21658376,0.00000604,0.00000000022484987199999998,6844186,2019-03-04 20:42:44,btc,26.127018982708183,3941.62599836,0.00000604,btc,14174.10422127,0.0,0.2273487335319075,26
0,[],2,[],2019-01-20 23:25:56,0.0,0,0,6476976,2019-01-20 23:25:56,,0.0,0.0,0,,0.0,0.0,0.0,26
1,[],3,[],2019-03-04 20:42:45,10350241.88133568,0.00000001,0.000000000000372268,6844187,2019-03-04 20:42:45,btc,2.1359312359862903,1654558.94107,0.00000001,btc,16336819.57687014,0.0,0.1035024188133568,27
1,[],5,[],2019-03-04 20:42:46,0.0,0,0,6844188,2019-03-04 20:42:46,btc,0.0,5.968e-05,0,btc,0.0,0.0,0.0,27
1,[],11,[],2019-03-04 20:42:47,9462011.01151506,0.00000005,0.00000000000186134,6844189,2019-03-04 20:42:47,btc,67506.37927837588,8043.88,0.00000005,btc,7972323.38084264,0.0,0.4410008448653851,27
1,[],4,[],2019-03-04 20:44:48,944539443.2253927,0.00000002,0.000000000000744536,6844190,2019-03-04 20:44:48,btc,2.8080152947764043,0.0,0.00000002,btc,93600509.82588014,0.03977983,11.335114180810896,29
1,[],7,[],2019-03-04 20:44:48,35378168.81376059,0.00000002,0.000000000000744536,6844191,2019-03-04 20:44:48,btc,44462590.67103556,1180526.65486,0.00000002,btc,46014681.46050538,0.0,0.37665743203623775,29
1,[],4,[],2019-03-04 20:44:50,2332988.08012916,0.00000023,0.000000000008562164,6844192,2019-03-04 20:44:50,btc,2.339992704131965,0.0,0.00000023,btc,1603412.91954958,0.01760399,0.1004019542955174,30
0,[],17,[],2019-03-04 20:44:52,0.0,0,0,6844193,2019-03-04 20:44:52,btc,0.0,0.0,0,btc,0.0,0.0,0.0,30
1,[],4,[],2019-03-04 20:44:53,192979.51065039,0.00006660,0.00000000247930488,6844194,2019-03-04 20:44:53,btc,14.313168004572633,0.0,0.00006660,btc,98461.59767885,5.49626593,2.6119207326391654,31
1,[],21,[],2019-03-04 20:44:54,177714.07660167,0.00007281999999999999736120803728,0.000000002710855576,6844195,2019-03-04 20:44:54,btc,9.338167597852708,1934227.08391724,0.00007281999999999999736120803728312012026435695588588714599609375,btc,111730.99113106,142.07762859,11.299387813052057,31
0,[],2,[],2019-01-20 23:28:43,0.0,0,0,6477009,2019-01-20 23:28:43,,0.0,0.0,0,,0.0,0.0,0.0,32
1,[],4,[],2019-03-04 20:44:56,446876692.3427479,0.00000004,0.000000000001489072,6844196,2019-03-04 20:44:56,btc,12.17106136228915,0.0,0.00000004,"btc,ltc",220970665.25298166,0.26439714,10.72278732131879,33
1,[],12,[],2019-03-04 20:44:57,16222675.66666667,0.00000004,0.000000000001489072,6844197,2019-03-04 20:44:57,btc,35634758.21019298,0.0,0.00000004,btc,96308238.61238751,0.001420912607393,0.3051737000000001,33
1,[],4,[],2019-03-04 20:44:58,112889012.02325623,0.00000001,0.000000000000372268,6844198,2019-03-04 20:44:58,btc,3.5745578377148686,0.0,0.00000001,btc,101175627.46602377,0.0243738,1.1288901202325623,34
1,[],5,[],2019-03-04 20:45:00,0.0,0,0,6844199,2019-03-04 20:45:00,btc,0.0,0.10864705,0,btc,0.0,0.0,0.0,34
0.0000000001233953,[],4,[],2019-03-04 20:45:02,2339846626.1233335,1.233953e-18,4.59361215404e-23,6844200,2019-03-04 20:45:02,ltc,6.166966615365953e-08,0.0,0.00000001,ltc,8424323484.379676,0.0,2.8872607638447656e-09,36
1,[],5,[],2019-03-04 20:45:04,0.0,0,0,6844201,2019-03-04 20:45:04,btc,0.0,0.0,0,btc,0.0,0.0,0.0,36
0.0000000003406536,[],27,[],2019-03-04 20:45:18,11290000.0,3.4065360000000005e-18,1.268144343648e-22,6844202,2019-03-04 20:45:18,eth,222.6013767858684,0.0,0.00000001,"ltc,eth",11165403.32426039,0.0,2.0339890606e-11,36
0,[],17,[],2019-03-04 18:50:39,0.0,0,0,6843615,2019-03-04 18:50:39,btc,0.07464582797917811,0.0,0,btc,4105386.20243647,0.0,0.0,36
1,[],4,[],2019-03-04 20:47:19,196094.86779473,0.00000058,0.000000000021591544,6844203,2019-03-04 20:47:19,btc,19772.48099000859,0.0,0.00000058,btc,557972.22928233,0.0,0.0790839056733231,37
1,[],12,[],2019-03-04 20:47:20,467805.114893,0.00000059,0.000000000021963811999999998,6844204,2019-03-04 20:47:20,btc,1345.8119925119167,0.0,0.00000059,btc,945630.85290046,0.0381364372900281,0.1108058000000015,37
1,[],17,[],2019-03-04 20:47:31,1752.74075282,0.00000025,0.0000000000093067,6844205,2019-03-04 20:47:31,btc,0.055484923777095005,0.0,0.00000025,btc,1319.19918473,0.0,0.00043818518820499993,37
1,[],27,[],2019-03-04 20:47:33,14685.567,0.00000045,0.00000000001675206,6844206,2019-03-04 20:47:33,btc,25.82157785111233,0.0,0.00000045,btc,6804.86438508,0.0,0.00480032515,37
1,[],5,[],2019-03-04 20:47:34,0.0,0,0,6844207,2019-03-04 20:47:34,btc,0.0,0.00028413,0,btc,0.0,0.0,0.0,42
1,[],12,[],2019-03-04 20:47:35,262157.81500852,0.00000110000000000000005610204141526242693771564518101513385772705078125,0.00000000004094948,6844208,2019-03-04 20:47:35,btc,94.63827445317861,0.0,0.00000110000000000000005610204141526242693771564518101513385772705078125,btc,90657.96864633,0.0715260404899374,0.0687529384781582,42
0.0000000003406536,[],27,[],2019-03-04 20:47:37,2000.0,3.4065360000000005e-18,1.268144343648e-22,6844209,2019-03-04 20:47:37,eth,0.00315028,0.0,0.00000001,"btc,eth",11.007,0.0,6.8130720000000005e-15,42
1,[],5,[],2019-03-04 20:47:39,0.0,0,0,6844210,2019-03-04 20:47:39,btc,0.0,0.00027471,0,btc,0.0,0.0,0.0,43
1,[],12,[],2019-03-04 20:47:40,1209361.0,0.00000001,0.000000000000372268,6844211,2019-03-04 20:47:40,btc,3569.074552336114,0.0,0.00000001,btc,11768494.65174823,0.0,0.01209361,43
0,[],17,[],2019-03-04 19:56:11,0.0,0,0,6844014,2019-03-04 19:56:11,btc,0.0,0.0,0,btc,0.0,0.0,0.0,43
1,[],12,[],2019-03-04 20:47:52,639324.0,0.00000004,0.000000000001489072,6844212,2019-03-04 20:47:52,btc,11116042.72813873,0.0,0.00000004,btc,1103841.4595604,0.0003342465734264,0.01497535,44
1,[],4,[],2019-03-04 20:47:53,290707864.1324073,0.00000002,0.000000000000744536,6844213,2019-03-04 20:47:53,btc,473.6505854879852,0.0,0.00000002,"btc,ltc",12414630.06525513,0.00132157,0.19768532694625227,49
0.0000000001233953,[],4,[],2019-03-04 20:47:54,3503338.5101,1.233953e-18,4.59361215404e-23,6844214,2019-03-04 20:47:54,ltc,25.80878384803777,0.0,0.00000001,ltc,9688903562.30385,0.0,4.322955064553425e-12,52
0.0000000001252473,[],22,[],2019-03-04 20:47:57,80845862.0,1.252473e-18,4.66255618764e-23,6844215,2019-03-04 20:47:57,XMR,4366.97466637,0.0,0.00000001,XMR,255820234.67882353,0.0,0.80845862,57
0.0000000003406536,[],27,[],2019-03-04 20:47:59,2000.0,3.4065360000000005e-18,1.268144343648e-22,6844216,2019-03-04 20:47:59,eth,0.0,0.0,0.00000001,"btc,eth",0.0,0.0,6.8130720000000005e-15,57
0.0000000001233953,[],4,[],2019-03-04 20:48:00,905841811.1593333,3.701859e-18,1.3780836462119998e-22,6844217,2019-03-04 20:48:00,ltc,18.807185321650152,0.0,0.00000003,ltc,4261170598.423152,0.0,2.13498990970771e-09,58
1,[],12,[],2019-03-04 20:48:01,1730134429.843957,0.0000000004,0.00000000000001489072,6844218,2019-03-04 20:48:01,btc,224005956848.87717,0.0,0.0000000004,btc,3818149290.5989785,0.023756837017877716,0.5671996561011392,58
0.0000000001252473,[],22,[],2019-03-04 20:48:16,137438.0,1.252473e-18,4.66255618764e-23,6844219,2019-03-04 20:48:16,XMR,69.8835922,0.0,0.00000001,XMR,9887963.0,0.0,0.00137438,58
0,[],17,[],2019-03-04 17:12:55,0.0,0,0,6842702,2019-03-04 17:12:55,btc,1e+24,0.0,0,btc,49226522.0897055,0.0,0.0,58
1,[],5,[],2019-03-04 20:48:18,0.0,0,0,6844220,2019-03-04 20:48:18,btc,0.0,0.01664591,0,btc,0.0,0.0,0.0,61
1,[],22,[],2019-03-04 20:48:22,13759.5,0.00000012,0.000000000004467216,6844221,2019-03-04 20:48:22,BTC,1002.29597012,0.0,0.00000012,BTC,14947.700278135757,0.0,0.00155017,61
1,[],26,[],2019-03-04 20:48:22,0.0,0.00000800,0.0000000002978144,6844222,2019-03-04 20:48:22,btc,0.0,0.0,0.00000800,btc,0.0,0.0,0.0,61
1,[],27,[],2019-03-04 20:48:24,4413.2201,0.00000047,0.000000000017496596,6844223,2019-03-04 20:48:24,btc,7.76072757961638,0.0,0.00000047,"btc,eth",19950.11257617,0.0,0.0012446999688652998,61
1,[],28,[],2019-03-04 20:48:31,13880.304,0.0000005,0.0000000000186134,6844224,2019-03-04 20:48:31,btc,2.056312978300105,756.0,0.0000005,btc,9730.59500005,0.0,0.00566391304,61
1,[],4,[],2019-03-04 20:48:32,1309378.26245621,0.00000277,0.00000000010311823599999999,6844225,2019-03-04 20:48:32,btc,11.156764169766053,0.0,0.00000277,btc,774847.7868387,0.16474073,1.0964933267942414,67
0.0,[],25,[],2019-03-04 20:48:33,0.0,0,0,6844226,2019-03-04 20:48:33,,0.0,0.0,0.0,btc,0.0,0.0,0.0,67
1,[],12,[],2019-03-04 20:48:34,1789055.03186548,0.0000002,0.00000000000744536,6844227,2019-03-04 20:48:34,btc,11115899.277079578,0.0,0.0000002,btc,2221616.12191139,0.0007023363436577,0.08166279644110849,71
,[],5,[],2018-11-20 23:02:39,1.5e-07,0.00000005,0.000000000002128045,4862160,2018-11-20 23:02:39,btc,2.84511358,0.0,,btc,0.00036572,0.0,0.07381892,74
1,[],5,[],2019-03-04 20:48:36,0.0,0,0,6844228,2019-03-04 20:48:36,btc,0.0,0.0,0,btc,0.0,0.0,0.0,75
1,[],4,[],2019-03-04 20:48:37,15974186.349575,0.00000001,0.000000000000372268,6844229,2019-03-04 20:48:37,btc,11388.971513954408,0.0,0.00000001,btc,39319058.17822428,0.00077802,0.15974186349575,81
0,[],20,[],2019-01-25 09:30:31,0.0,0,0,6495923,2019-01-25 09:30:31,btc,0.0,0.0,0,btc,0.0,0.0,0.0,81
1,[],4,[],2019-03-04 20:48:38,28145.82109308,0.00008100,0.0000000030153708,6844230,2019-03-04 20:48:38,btc,18.136802757825674,0.0,0.00008100,btc,12373.46689608,0.03503576,0.1639325710097932,82
1,[],21,[],2019-03-04 20:48:42,748487.65662635,0.00007312000000000000465329164090,0.0000000027220236160000003,6844231,2019-03-04 20:48:42,btc,2.257264950515467,5670.49921687,0.00007312000000000000465329164089922642233432270586490631103515625,btc,25866.76754006,0.41449888,1.780618729616222,82
0,[],17,[],2019-03-04 20:48:50,0.0,0,0,6844232,2019-03-04 20:48:50,btc,0.0447233088476774,0.0,0,btc,999127.19588126,0.0,0.0,84
0.0000000001233953,[],4,[],2019-03-04 20:48:51,121090030.66553254,3.701859e-18,1.3780836462119998e-22,6844233,2019-03-04 20:48:51,ltc,1.7494930891245541,0.0,0.00000003,ltc,412172946.8867975,0.0,2.3001560407231721e-10,85
,[],22,[],2018-11-20 23:09:34,3408.1,0.0000001,0.0000000000041895,4862324,2018-11-20 23:09:34,BTC,0.04624735,0.0,,BTC,4990.0,0.0,0.00033081,86
0,[],22,[],2019-02-22 12:52:35,0.0,0,0,6758847,2019-02-22 12:52:35,,2.0760781,0.0,0,,140622.94736842104,0.0,0.0,87
0,[],27,[],2019-02-22 12:52:37,0.0,0,0,6758848,2019-02-22 12:52:37,,0.0,0.0,0,btc,0.0,0.0,0.0,87
,[],2,[],2018-11-20 23:10:47,0.0,0,0,4862359,2018-11-20 23:10:47,,0.0,0.0,,,0.0,0.0,0.0,88
1,[],11,[],2019-03-04 20:48:53,92997.71097069,0.00015499999999999999997397914786034789358382113277912139892578125,0.000000005770154,6844234,2019-03-04 20:48:53,btc,608.2452864843767,8387.33700802,0.00015499999999999999997397914786034789358382113277912139892578125,btc,93807.94246665,0.0,6.270115272322789,89
0,[],2,[],2019-01-20 23:31:45,0.0,0,0,6477083,2019-01-20 23:31:45,,0.0,0.0,0,,0.0,0.0,0.0,91
1,[],12,[],2019-03-04 20:48:54,471203.39625093,0.000001210000000000000061712245556788669631487209699116647243499755859375,0.000000000045044428000000004,6844235,2019-03-04 20:48:54,btc,39.561796165034465,0.0,0.000001210000000000000061712245556788669631487209699116647243499755859375,btc,71068.80925501,0.0016050549,0.0833144500999885,91
1,[],22,[],2019-03-04 20:48:58,65900.0,0.00000001,0.000000000000372268,6844236,2019-03-04 20:48:58,BTC,3e-06,0.0,0.00000001,BTC,1.0,0.0,0.000659,91
0,[],17,[],2019-03-04 18:51:40,0.0,0,0,6843646,2019-03-04 18:51:40,btc,0.0,0.0,0,btc,0.0,0.0,0.0,91
0.0000000001233953,[],22,[],2019-03-04 20:49:02,1820000.0,6.169765e-18,2.2968060770199997e-22,6844237,2019-03-04 20:49:02,LTC,8.54731773,0.0,0.00000005,LTC,72219994.1,0.0,0.091,95
0.0000000001233953,[],4,[],2019-03-04 20:49:03,646609092.0947199,7.7739039e-17,2.8939756570452e-21,6844238,2019-03-04 20:49:03,ltc,11.894686010691304,0.0,0.00000063,ltc,136359063.75997812,0.00010079,1.9230143746977727e-09,96
1,[],12,[],2019-03-04 20:49:04,75334.47400001,0.00000001,0.000000000000372268,6844239,2019-03-04 20:49:04,btc,378535.46164865704,0.0,0.00000001,btc,8978847.40490483,0.0007338008291708,0.0007533447400001,96
0,[],17,[],2019-03-04 19:46:02,0.0,0,0,6843840,2019-03-04 19:46:02,btc,0.0,0.0,0,btc,0.0,0.0,0.0,96
1,[],4,[],2019-03-04 20:49:05,1904024.35004934,0.00000023,0.000000000008562164,6844240,2019-03-04 20:49:05,btc,2.680055262397889,0.0,0.00000023,btc,2475630.29351109,0.0416029,0.125252009918379,99
1,[],4,[],2019-03-04 20:49:06,335527.17761974,0.00004196,0.0000000015620365279999999,6844241,2019-03-04 20:49:06,btc,11.174282621421463,0.0,0.00004196,btc,152964.9970017,3.20721545,2.428315982902404,100
0,[],2,[],2019-01-20 23:23:55,0.0,0,0,6476914,2019-01-20 23:23:55,,0.0,0.0,0,,0.0,0.0,0.0,100
1,[],22,[],2019-03-04 20:49:09,50000.0,0.00000001,0.000000000000372268,6844242,2019-03-04 20:49:09,BTC,23.49896609,0.0,0.00000001,BTC,10277.22,0.0,0.0005,101
1,[],4,[],2019-03-04 20:49:10,468413.9173538,0.00000086,0.000000000032015048,6844243,2019-03-04 20:49:10,btc,256.29246889771883,0.0,0.00000086,btc,492435.26342089,0.02219325,0.2376682788492692,103
1,[],12,[],2019-03-04 20:49:13,66197122.746,0.000000009,0.0000000000003350412,6844244,2019-03-04 20:49:13,btc,137279914.4245066,0.0,0.000000009,btc,124970120.33670051,0.02948279512383628,0.23931105971400002,105
1,[],27,[],2019-03-04 20:49:14,115397.89,0.00000001,0.000000000000372268,6844245,2019-03-04 20:49:14,btc,36.59332814491341,1044311.50067673,0.00000001,btc,822331.73571724,0.02088623,0.0011539789,105
1,[],22,[],2019-03-04 20:49:25,9328.0,0.00000001,0.000000000000372268,6844246,2019-03-04 20:49:25,BTC,51.10837004,0.0,0.00000001,BTC,470435.0,0.0,9.328e-05,107
1,[],26,[],2019-03-04 20:49:25,0.0,0.00000000,0,6844247,2019-03-04 20:49:25,btc,0.0,0.0,0.00000000,btc,0.0,0.0,0.0,107
1,[],5,[],2019-03-04 20:49:26,0.0,0,0,6844248,2019-03-04 20:49:26,btc,0.0,1.786e-05,0,btc,0.0,0.0,0.0,112
1,[],22,[],2019-03-04 20:49:30,1966.0,0.00000001,0.000000000000372268,6844249,2019-03-04 20:49:30,BTC,2.81183288,0.0,0.00000001,BTC,808524.0833333334,0.0,1.966e-05,112
0.0000000003406536,[],27,[],2019-03-04 20:49:32,22000.0,2.0439216000000003e-17,7.608866061888e-22,6844250,2019-03-04 20:49:32,eth,1.24892491849924,0.0,0.00000006,"btc,eth",1288.641654,0.0,4.1559739200000003e-13,112
1,[],4,[],2019-03-04 20:49:33,1243616.40103385,0.00000203,0.000000000075570404,6844251,2019-03-04 20:49:33,btc,4.9037142231079125,0.0,0.00000203,btc,336856.91518206,0.03493249,0.9111908399021221,113
1,[],5,[],2019-03-04 20:49:34,0.0,0,0,6844252,2019-03-04 20:49:34,btc,0.0,0.0,0,btc,0.0,0.0,0.0,113
0,[],27,[],2019-03-04 20:49:47,0.0,0,0,6844253,2019-03-04 20:49:47,,0.0,0.0,0,btc,0.0,0.0,0.0,116
1,[],17,[],2019-03-04 19:57:49,152738.278,0.00000004,0.00000000000148528,6844054,2019-03-04 19:57:49,btc,1.3368030274617393,0.0,0.00000004,btc,51896.221,0.0,0.0022095311199999998,116
1,[],4,[],2019-03-04 20:49:48,88032.50712532,0.00002401,0.000000000893815468,6844254,2019-03-04 20:49:48,btc,29.043169651354866,0.0,0.00002401,btc,77001.84765517,0.32594055,1.1559878263089167,120
1,[],7,[],2019-03-04 20:49:49,21244.46760924,0.00002635000000000000013110172669694719616018119268119335174560546875,0.00000000098092618,6844255,2019-03-04 20:49:49,btc,115748.30810621749,30.12407667,0.00002635000000000000013110172669694719616018119268119335174560546875,btc,56418.81177067,0.00092773,0.055330435916943504,120
1,[],20,[],2019-03-04 20:49:52,1959847.0027,0.000000035,0.000000000001302938,6844256,2019-03-04 20:49:52,btc,32.2957660501996,18540.0,0.000000035,btc,1009791.7699,0.0006968445,0.0226779398566,125
1,[],22,[],2019-03-04 20:49:56,3053.0,0.00000001,0.000000000000372268,6844257,2019-03-04 20:49:56,BTC,0.01444887,0.0,0.00000001,BTC,296263.5111111111,0.0,3.053e-05,126
0,[],17,[],2019-03-04 18:52:28,0.0,0,0,6843670,2019-03-04 18:52:28,btc,0.0009561751951600001,0.0,0,btc,35.42829368,0.0,0.0,131
1,[],4,[],2019-03-04 20:49:57,158383.81741663,0.00001255,0.00000000046719634,6844258,2019-03-04 20:49:57,btc,3.742935215470427,0.0,0.00001255,btc,115459.83016445,0.13688754,0.7922389358762737,131
0,[],2,[],2019-01-20 23:25:46,0.0,0,0,6476969,2019-01-20 23:25:46,,0.0,0.0,0,,0.0,0.0,0.0,131
1,[],4,[],2019-03-04 20:50:08,4557.16769066,0.00016001,0.000000005956660268,6844259,2019-03-04 20:50:08,btc,1.619939389246111,0.0,0.00016001,btc,238.12730989,0.0,0.0084138372270943,135
1,[],3,[],2019-03-04 20:50:09,1063615.28776843,0.00000004,0.000000000001489072,6844260,2019-03-04 20:50:09,btc,0.1025271260605551,23600.2,0.00000004,btc,516673.35144011,0.0,0.031207734173701897,136
1,[],4,[],2019-03-04 20:50:11,266092.68735064,0.00000160,0.00000000005956288,6844261,2019-03-04 20:50:11,btc,38.228243682846646,0.0,0.00000160,btc,513014.18379212,0.02699409,0.0782094052078422,137
1,[],12,[],2019-03-04 20:50:12,293113.91060533,0.00000154999999999999998279913253351747215447176131419837474822998046875,0.000000000057701539999999996,6844262,2019-03-04 20:50:12,btc,11807.600629219058,0.0,0.00000154999999999999998279913253351747215447176131419837474822998046875,btc,125190.43654758,0.0024440197089904,0.018318579999993,137
1,[],4,[],2019-03-04 20:50:13,107244.97539116,0.00003911,0.000000001455940148,6844263,2019-03-04 20:50:13,btc,28.97270968191426,0.0,0.00003911,btc,45952.87310444,0.13433969,0.7131184262062509,142
1,[],5,[],2019-03-04 20:50:14,0.0,0,0,6844264,2019-03-04 20:50:14,btc,0.0,0.17355099,0,btc,0.0,0.0,0.0,142
1,[],17,[],2019-03-04 20:50:25,22967.386363640002,0.00000088,0.000000000032759584000000004,6844265,2019-03-04 20:50:25,btc,20.0699133484,0.0,0.00000088,btc,405.079105,0.0,0.0104613000000032,142
1,[],20,[],2019-03-04 20:50:27,132713.8468,0.00002602,0.000000000968641336,6844266,2019-03-04 20:50:27,btc,0.3065065109112,0.0,0.00002602,btc,1594.2632,0.0,0.2198750134407,142
1,[],22,[],2019-03-04 20:50:30,1685.8988921568628,0.00004000,0.000000001489072,6844267,2019-03-04 20:50:30,BTC,3.00385504,0.0,0.00004000,BTC,891.218,0.0,0.00174536,142
0.0,[],25,[],2019-03-04 20:50:31,0.0,0,0,6844268,2019-03-04 20:50:31,,0.0,0.0,0.0,btc,0.0,0.0,0.0,142
1,[],28,[],2019-03-04 20:50:38,76144.0,0.00000820,0.00000000030525976,6844269,2019-03-04 20:50:38,btc,0.0639742472,265.0,0.00000820,btc,500.6113,0.0,0.004468,142
0,[],22,[],2019-03-04 20:50:40,0.0,0,0,6844270,2019-03-04 20:50:40,,60.70572865,0.0,0,,694633617.3,0.0,0.0,143
0,[],22,[],2019-02-25 15:42:22,0.0,0,0,6783783,2019-02-25 15:42:22,,4.2131946,0.0,0,,2322156.0,0.0,0.0,146
,[],22,[],2018-11-20 23:01:11,0.0,0,0,4862114,2018-11-20 23:01:11,,2.56807021,0.0,,,61828.4988236,0.0,0.0,147
1,[],12,[],2019-03-04 20:50:42,218675.71179736,0.00000207999999999999999057936732327345197290924261324107646942138671875,0.000000000077431744,6844271,2019-03-04 20:50:42,btc,28.615009772010986,0.0,0.00000207999999999999999057936732327345197290924261324107646942138671875,btc,117332.98938791,0.000146,0.0270998399998598,148
1,[],4,[],2019-03-04 20:50:42,259436.21482007,0.00000033,0.000000000012284844,6844272,2019-03-04 20:50:42,btc,219.99202838123256,0.0,0.00000033,btc,840476.70556072,0.00589473,0.0619482257635582,152
0,[],22,[],2019-03-04 20:50:45,0.0,0,0,6844273,2019-03-04 20:50:45,,0.0,0.0,0,,0.0,0.0,0.0,152
1,[],5,[],2019-03-04 20:50:46,0.0,0,0,6844274,2019-03-04 20:50:46,btc,0.0,0.0,0,btc,0.0,0.0,0.0,153
,[],16,[],2019-01-11 15:38:59,0.0,0,0,6366141,2019-01-11 15:38:59,btc,0.0,0.0,,btc,0.0,0.0,0.0,155
0,[],22,[],2019-03-04 20:50:50,0.0,0,0,6844275,2019-03-04 20:50:50,,6.7463875,0.0,0,,4674391.242592593,0.0,0.0,156
0,[],23,[],2019-01-20 23:24:29,0.0,0,0,6476932,2019-01-20 23:24:29,,0.0,0.0,0,,0.0,0.0,0.0,156
1,[],22,[],2019-03-04 20:50:53,7073.8,0.00005300,0.0000000019730204,6844276,2019-03-04 20:50:53,BTC,1.80343699,0.0,0.00005300,BTC,899.6422341958436,0.0,0.00104336,157
0,[],22,[],2019-03-04 20:50:56,0.0,0,0,6844277,2019-03-04 20:50:56,,50175.67608608,0.0,0,,54079135.04179466,0.0,0.0,158
,[],17,[],2018-11-20 22:56:10,0.0,0,0,4861976,2018-11-20 22:56:10,btc,1.1265625,0.0,,btc,1000.0,0.0,0.0,159
,[],20,[],2018-11-20 22:56:12,0.0,0,0,4861977,2018-11-20 22:56:12,btc,11912.7940471,0.0,,btc,34413894.3617,0.0,0.0,159
1,[],12,[],2019-03-04 20:50:56,181100.48342789,0.000007109999999999999688846986922730053493069135583937168121337890625,0.000000000264682548,6844278,2019-03-04 20:50:56,btc,6.645934705103913,0.0,0.000007109999999999999688846986922730053493069135583937168121337890625,btc,14117.55641994,0.0098363889210219,0.0885418410727214,168
1,[],17,[],2019-03-04 20:50:58,29784.95,0.000001,0.0000000000372268,6844279,2019-03-04 20:50:58,btc,0.03026736251542,0.0,0.000001,btc,144.46171372,0.0,0.00716147,168
0,[],22,[],2019-03-04 20:51:01,0.0,0,0,6844280,2019-03-04 20:51:01,,1.1341504,0.0,0,,539283.174707144,0.0,0.0,169
1,[],22,[],2019-03-04 20:51:05,203600.0,0.00000002,0.000000000000744536,6844281,2019-03-04 20:51:05,BTC,13.25047031,0.0,0.00000002,BTC,146217.2939341018,0.0,0.002072,171
1,[],22,[],2019-03-04 20:51:09,1080322.6666666667,0.00000003,0.000000000001116804,6844282,2019-03-04 20:51:09,BTC,2.1938388,0.0,0.00000003,"BTC,LTC",236317.04593143624,0.00442159,0.0298597,173
1,[],5,[],2019-03-04 20:51:10,0.0,0,0,6844283,2019-03-04 20:51:10,btc,0.0,7.49e-05,0,btc,0.0,0.0,0.0,175
1,[],22,[],2019-03-04 20:51:13,36490.833333333336,0.0000003,0.00000000001116804,6844284,2019-03-04 20:51:13,BTC,0.54826403,0.0,0.0000003,BTC,138776.41384013777,0.0,0.00239125,176
1,[],7,[],2019-03-04 20:51:56,0.0,0,0,6844285,2019-03-04 20:51:56,btc,410932.5273358376,0.0,0,btc,117801559.31901672,0.0,0.0,178
0,[],22,[],2019-03-04 20:51:59,0.0,0,0,6844286,2019-03-04 20:51:59,,1.00242428,0.0,0,,57512.0,0.0,0.0,178
0,[],2,[],2019-01-20 23:28:34,0.0,0,0,6477001,2019-01-20 23:28:34,,0.0,0.0,0,,0.0,0.0,0.0,178
1,[],5,[],2019-03-04 20:52:00,0.0,0,0,6844287,2019-03-04 20:52:00,btc,0.0,0.22939205,0,btc,0.0,0.0,0.0,179
1,[],22,[],2019-03-04 20:52:04,6949180.5,0.00000002,0.000000000000744536,6844288,2019-03-04 20:52:04,BTC,5.66994705,0.0,0.00000002,"BTC,LTC",18378268.089868754,0.0,0.37392433,179
0,[],23,[],2019-01-20 23:25:08,0.0,0,0,6476952,2019-01-20 23:25:08,,0.0,0.0,0,,0.0,0.0,0.0,179
1,[],17,[],2019-03-04 20:52:16,10504.725,0.0000001,0.00000000000372268,6844289,2019-03-04 20:52:16,btc,5.2010695838170005,0.0,0.0000001,btc,4994.45945,0.0,0.0010504725,180
1,[],22,[],2019-03-04 20:52:20,146105.4,0.00000175,0.0000000000651469,6844290,2019-03-04 20:52:20,BTC,0.24044222,0.0,0.00000175,"BTC,LTC",80534.47835911435,0.01907905,0.01068044,180
1,[],26,[],2019-03-04 20:52:20,0.0,0.00000125,0.0000000000465335,6844291,2019-03-04 20:52:20,btc,0.0,100.0,0.00000125,btc,0.0,0.0,0.0,180
,[],7,[],2018-11-20 22:58:01,562227.975654,0.00000085,0.000000000036176765,4862015,2018-11-20 22:58:01,btc,21836.6059674,2491.87645172,,btc,749999.041456,0.00211021,0.127565380455,183
,[],5,[],2019-01-10 08:11:41,0.0,0,0,6347036,2019-01-10 08:11:41,btc,82.15055501,0.00261,,btc,1.19002445,0.0,0.0,187
1,[],24,[],2019-03-04 20:52:21,0.0,0.000000000001,3.72268e-17,6844292,2019-03-04 20:52:21,btc,0.0,0.0,0.000000000001,btc,0.0,0.0,0.0,187
,[],17,[],2018-11-16 20:58:10,4062536.27273,0.00000001,0.000000000000550501,4708775,2018-11-16 20:58:10,btc,3.36492563466,0.195460381006,,"btc,eth",110697919.549,0.0,0.0157628953496,187
0,[],22,[],2019-03-04 20:52:24,0.0,0,0,6844293,2019-03-04 20:52:24,,7.42841024,0.0,0,,79361.7243078683,0.0,0.0,191
0,[],22,[],2019-03-04 20:52:29,0.0,0,0,6844294,2019-03-04 20:52:29,,0.0,0.0,0,,0.0,0.0,0.0,197
0,[],23,[],2019-01-20 23:31:41,0.0,0,0,6477079,2019-01-20 23:31:41,,0.0,0.0,0,,0.0,0.0,0.0,199
0,[],22,[],2019-03-04 20:52:32,0.0,0,0,6844295,2019-03-04 20:52:32,,5.19477622,0.0,0,,21058553.0,0.0,0.0,199
1,[],26,[],2019-03-04 20:52:32,0.0,0.00000000,0,6844296,2019-03-04 20:52:32,btc,0.0,152872.0,0.00000000,btc,0.0,0.0,0.0,199
0,[],17,[],2019-01-30 16:32:01,0.0,0,0,6540827,2019-01-30 16:32:01,btc,6.802544163788159,0.0,0,btc,105897.55575295,0.0,0.0,200
0,[],2,[],2019-01-20 23:30:49,0.0,0,0,6477059,2019-01-20 23:30:49,,0.0,0.0,0,,0.0,0.0,0.0,201
1,[],4,[],2019-01-25 15:51:35,2084389.58565343,0.00000936,0.000000000333526752,6499557,2019-01-25 15:51:35,btc,2.0092503037378524,0.0,0.00000936,btc,160195.80207885,0.19272417,1.242687955921835,211
1,[],7,[],2019-03-04 20:52:37,1703821.73349653,0.00000128999999999999993103715241471451946608794969506561756134033203125,0.000000000048022572,6844297,2019-03-04 20:52:37,btc,15476656.076185275,261091.122288,0.00000128999999999999993103715241471451946608794969506561756134033203125,btc,13475757.24099635,0.0,1.5961067309933374,212
1,[],12,[],2019-01-25 02:44:32,207462.42853209,0.000001080000000000000035831255497387193287295303889550268650054931640625,0.000000000038610756000000006,6493050,2019-01-25 02:44:32,btc,85023.03793723314,0.0,0.000001080000000000000035831255497387193287295303889550268650054931640625,btc,43675.73520027,0.000146250909087,0.0348620860622024,213
1,[],5,[],2019-03-04 20:52:39,0.0,0,0,6844298,2019-03-04 20:52:39,btc,0.0,0.12295149,0,btc,0.0,0.0,0.0,213
1,[],24,[],2019-03-04 20:52:39,0.0,0.000000120000,0.000000000004467216,6844299,2019-03-04 20:52:39,btc,0.0,0.0,0.000000120000,btc,0.0,0.0,0.0,213
1,[],26,[],2019-03-04 20:52:39,0.0,0.00000010,0.00000000000372268,6844300,2019-03-04 20:52:39,btc,0.0,0.0,0.00000010,btc,0.0,0.0,0.0,213
1,[],22,[],2019-03-04 20:52:43,45166.0,0.00000002,0.000000000000744536,6844301,2019-03-04 20:52:43,BTC,2.23272342,0.0,0.00000002,BTC,620045.3963726171,0.00070952,0.00061247,216
1,[],27,[],2019-03-04 20:52:45,1298602.0,0.00000003,0.000000000001116804,6844302,2019-03-04 20:52:45,btc,316.25863360644,0.0,0.00000003,"btc,ltc",238161.907,0.0,0.03377204000022211,216
1,[],22,[],2019-03-04 20:52:49,175439.06081954937,0.00000179,0.000000000066635972,6844303,2019-03-04 20:52:49,BTC,12673.42710885,0.0,0.00000179,BTC,387293.0407067686,0.01960795,0.20070715,217
1,[],7,[],2019-03-04 20:52:51,0.0,0,0,6844304,2019-03-04 20:52:51,btc,77969.65966620563,0.0,0,btc,136168678.88835862,0.0,0.0,219
0,[],27,[],2019-03-04 20:52:53,0.0,0,0,6844305,2019-03-04 20:52:53,,0.03997288,0.0,0,btc,2007233.0,0.0,0.0,219
0.0000000000000052,[],28,[],2019-03-04 20:53:03,175813631.973,5.200052e-18,1.935812957936e-22,6844306,2019-03-04 20:53:03,doge,84213.6327103825,583353.0,0.00100001,"btc,doge",3504260.84751,0.0,4.570802135021153e-11,219
1,[],22,[],2019-03-04 20:53:07,405825.6666666667,0.00000004,0.000000000001489072,6844307,2019-03-04 20:53:07,BTC,2.80391873,0.0,0.00000004,BTC,86364.27041875875,8.8e-05,0.00930997,221
1,[],24,[],2019-03-04 20:53:07,0.0,0.000000200000,0.00000000000744536,6844308,2019-03-04 20:53:07,btc,0.0,0.0,0.000000200000,btc,0.0,0.0,0.0,221
1,[],20,[],2019-03-04 20:53:10,39105329.5253,0.000000001,0.0000000000000372268,6844309,2019-03-04 20:53:10,btc,48.4412392087255,1038039.1081,0.000000001,btc,15726885.0042,0.0010380391081,0.0391053295253,224
0,[],22,[],2019-03-04 20:53:12,0.0,0,0,6844310,2019-03-04 20:53:12,,0.0,0.0,0,,0.0,0.0,0.0,224
1,[],26,[],2019-03-04 20:53:13,0.0,0.00000035,0.00000000001302938,6844311,2019-03-04 20:53:13,btc,0.0,0.0,0.00000035,btc,0.0,0.0,0.0,231
1,[],26,[],2019-03-04 20:53:13,0.0,0.00000005,0.00000000000186134,6844312,2019-03-04 20:53:13,btc,0.0,0.0,0.00000005,btc,0.0,0.0,0.0,234
0.0000000003406536,[],27,[],2019-03-04 20:53:16,2000.0,3.4065360000000005e-18,1.268144343648e-22,6844313,2019-03-04 20:53:16,eth,0.01134836604,0.0,0.00000001,"btc,eth",11462.996,0.0,6.8130720000000005e-15,234
1,[],4,[],2019-03-04 20:53:17,762409.11002019,0.00000074,0.000000000027547832,6844314,2019-03-04 20:53:17,btc,4.752233708889831,0.0,0.00000074,btc,1219633.49772992,0.07417553,0.1846731343732069,236
1,[],24,[],2019-03-04 20:53:17,0.0,0.000000300000,0.00000000001116804,6844315,2019-03-04 20:53:17,btc,0.0,0.0,0.000000300000,btc,0.0,0.0,0.0,236
1,[],20,[],2019-03-04 20:53:19,184299771.4317,0.00000006,0.000000000002233608,6844316,2019-03-04 20:53:19,btc,13.1477630405869,27763140.3127,0.00000006,btc,41656465.8071,1.9305315732558,0.6244068378615,237
0.0000000001233953,[],22,[],2019-03-04 20:53:23,751594.9,2.0977201e-17,7.809140661868e-22,6844317,2019-03-04 20:53:23,LTC,0.0413973,0.0,0.00000017,LTC,7239.0,0.0,0.12541949,237
1,[],4,[],2019-03-04 20:53:24,8844542.01769784,0.00000033,0.000000000012284844,6844318,2019-03-04 20:53:24,btc,6.677008442044535,0.0,0.00000033,btc,10559460.43917887,0.17113005,2.2021236971453684,238
1,[],5,[],2019-03-04 20:53:25,0.0,0,0,6844319,2019-03-04 20:53:25,btc,0.0,0.00494803,0,btc,0.0,0.0,0.0,238
0,[],22,[],2019-03-04 20:53:29,0.0,0,0,6844320,2019-03-04 20:53:29,,0.41339518,0.0,0,,316626.5639027493,0.0,0.0,249
0.0000000001233953,[],22,[],2019-03-04 20:53:33,87163180.66666667,4.935812e-18,1.837444861616e-22,6844321,2019-03-04 20:53:33,LTC,0.99961926,0.0,0.00000004,LTC,17915189.09,1.5668917819044e-11,2.70466333,252
1,[],28,[],2019-03-04 20:53:39,2179924.628,0.00000035,0.00000000001302938,6844322,2019-03-04 20:53:39,btc,164732.4102444888,69128.6,0.00000035,btc,2526434.3222,0.0,0.35658183962,256
1,[],22,[],2019-03-04 20:53:43,1070354.0,0.00000002,0.000000000000744536,6844323,2019-03-04 20:53:43,BTC,31.47164001,0.0,0.00000002,BTC,671687.0957866946,0.0003,0.01087354,258
1,[],22,[],2019-03-04 20:53:46,48751.0,0.00000001,0.000000000000372268,6844324,2019-03-04 20:53:46,BTC,2.4175745,0.0,0.00000001,BTC,1762.0,0.0,0.00048751,259
1,[],5,[],2019-03-04 20:53:49,0.0,0,0,6844325,2019-03-04 20:53:49,btc,0.0,0.37550889,0,btc,0.0,0.0,0.0,264
1,[],20,[],2019-03-04 20:53:51,1253742.3476,0.0000022,0.00000000008189896,6844326,2019-03-04 20:53:51,btc,7.4549793793796,131862.5117,0.0000022,btc,106001.1819,0.3136380758247,0.0181923060033,264
0,[],22,[],2019-03-04 20:53:55,0.0,0,0,6844327,2019-03-04 20:53:55,,8.45802393,0.0,0,,433537.34411321935,0.0,0.0,271
0,[],22,[],2019-03-04 20:53:58,0.0,0,0,6844328,2019-03-04 20:53:58,,264.68187857,0.0,0,,13780784220.692,0.0,0.0,272
0.0000000000000052,[],28,[],2019-03-04 20:54:04,233424181132.905,4.992e-21,1.858361856e-25,6844329,2019-03-04 20:54:04,doge,151062665.9426441,6163055418.652,0.00000096,doge,201792966004.2923,0.0,6.819952604156258e-10,272
1,[],22,[],2019-03-04 20:54:09,159341.74,0.00000200,0.0000000000744536,6844330,2019-03-04 20:54:09,BTC,74.34381172,0.0,0.00000200,"BTC,LTC",9549.447639773189,0.01044236,0.0445055,281
1,[],22,[],2019-03-04 20:54:12,90788.78947368421,0.00000019,0.000000000007073092,6844331,2019-03-04 20:54:12,BTC,1.18102329,0.0,0.00000019,BTC,113555.43150400324,0.00919766,0.00183771,286
0,[],22,[],2019-03-04 20:54:15,0.0,0,0,6844332,2019-03-04 20:54:15,,43641.05520291,0.0,0,,831015134.0,0.0,0.0,294
