pairValue,buyBook,exchangeId,sellBook,updated,buyTotal,satoshiPrice,usdPrice,exchangeLogId,created,bestPair,sellTotalBtc,volume,pairPrice,activePairs,sellTotal,volumeBtc,buyTotalBtc,coinId
1,[],3,[],2019-02-10 04:47:53,137.472619928031,0.013208009999999999195541278140808572061359882354736328125,0.000000482902016013,6621555,2019-02-10 04:47:53,btc,107.09841647508208,0.06923177,0.013208009999999999195541278140808572061359882354736328125,btc,23.6383470753,0.0,0.37849846648567836,1
1,[],4,[],2019-02-10 04:47:54,120073.73729552,0.01305404,0.0000004772726726520001,6621556,2019-02-10 04:47:54,btc,1.290634753223119,0.0,0.01305404,btc,94.87075134,1.63028442,1.364244093417438,1
1,[],5,[],2019-02-10 04:47:56,0.31828952,0.01311978,0.0000004796762125140001,6621557,2019-02-10 04:47:56,btc,14577.93026467,0.13400582,0.01311978,btc,35555556.09578599,0.0,2.88219815,1
1,[],10,[],2019-02-10 04:47:58,414592.83210827,0.01205,0.00000044056366500000003,6621558,2019-02-10 04:47:58,btc,6531.283202984066,1226.04208258,0.01205,btc,880.66970587,0.0,4.212347145270636,1
1,[],12,[],2019-02-10 04:48:02,10444.62292208,0.01324000000000000003275157922644211794249713420867919921875,0.000000484071612,6621559,2019-02-10 04:48:02,btc,0.42674599606540004,0.0,0.01324000000000000003275157922644211794249713420867919921875,btc,25.11179303,0.6746730277298,0.4684918042788,1
1,[],20,[],2019-02-10 04:48:04,1148.8625,0.010400103,0.0000003802412858139,6621560,2019-02-10 04:48:04,btc,0.0573537536243,0.218,0.010400103,btc,2.5253,0.0025453551741,0.0805827819043,1
1,[],21,[],2019-02-10 04:48:05,2258.02304086,0.01325433999999999987173815441,0.0000004845959010420001,6621561,2019-02-10 04:48:05,btc,13.926870381449573,2227.2669048899998,0.0132543399999999998717381544111049151979386806488037109375,"btc,eth",1405.23216656,25.796951345004484,19.16320141024956,1
1,[],22,[],2019-02-10 04:48:10,0.0263776,0.01350000,0.00000049357755,6621562,2019-02-10 04:48:10,BTC,0.31397231,0.0,0.01350000,BTC,0.10124366666666666,0.0,0.00034472,1
1,[],24,[],2019-02-10 04:48:10,0.0,0.000000000000,0,6621563,2019-02-10 04:48:10,btc,0.0,0.0,0.000000000000,btc,0.0,0.0,0.0,1
0.0,[],25,[],2019-02-10 04:48:11,0.0,0,0,6621564,2019-02-10 04:48:11,btc,10.721599998463955,463.03939919,0.0,btc,780.54998065,6.1336,0.0,1
1,[],26,[],2019-02-10 04:48:39,0.0,0,0,6621565,2019-02-10 04:48:39,,0.0,0.0,0,,0.0,0.0,0.0,1
1,[],28,[],2019-02-10 04:48:41,992.968,0.01231000,0.00000045006960300000005,6621566,2019-02-10 04:48:41,btc,0.162839806,17812.1,0.01231000,btc,8.9,0.0,0.086870176,1
0,[],2,[],2019-01-20 23:28:45,0.0,0,0,6477011,2019-01-20 23:28:45,,0.0,0.0,0,,0.0,0.0,0.0,1
1,[],5,[],2019-02-10 04:48:42,1.656e-05,0.00000063,0.000000000023033619000000002,6621567,2019-02-10 04:48:42,btc,0.13158492,0.00405438,0.00000063,btc,6.778e-05,0.0,0.4380289,2
0,[],22,[],2019-02-10 04:48:52,0.0,0,0,6621568,2019-02-10 04:48:52,,0.0,0.0,0,,0.0,0.0,0.0,2
1,[],5,[],2019-02-10 04:48:54,1.25e-06,0.00000016,0.000000000005849808,6621569,2019-02-10 04:48:54,btc,4.3176401,0.34259628,0.00000016,btc,2.204e-05,0.0,2.90207692,3
1,[],12,[],2019-02-10 04:48:55,12475618.18165769,0.000000175,0.0000000000063982275,6621570,2019-02-10 04:48:55,btc,921343.5171787224,0.0,0.000000175,btc,8560440.84592747,0.08537510529194935,0.5434242126986895,3
0,[],28,[],2019-02-10 04:48:57,0.0,0,0,6621571,2019-02-10 04:48:57,,0.0,0.0,0,,0.0,0.0,0.0,3
0,[],2,[],2019-01-20 23:31:32,0.0,0,0,6477077,2019-01-20 23:31:32,,0.0,0.0,0,,0.0,0.0,0.0,4
1,[],4,[],2019-02-10 04:48:58,401761.4306809,0.00000035,0.000000000012796455000000001,6621572,2019-02-10 04:48:58,btc,0.372236273979237,0.0,0.00000035,btc,350326.68453896,0.00324564,0.0552880864732375,4
1,[],12,[],2019-02-10 04:49:00,1715236.5219999999,0.00000005,0.000000000001828065,6621573,2019-02-10 04:49:00,btc,11113878.381546948,0.0,0.00000005,btc,981530.04599757,0.0019771155244745,0.03258229044,5
0,[],2,[],2019-01-20 23:31:51,0.0,0,0,6477087,2019-01-20 23:31:51,,0.0,0.0,0,,0.0,0.0,0.0,6
1,[],11,[],2019-02-10 04:49:02,1612488.4999525,0.00000002,0.000000000000731226,6621574,2019-02-10 04:49:02,btc,9433.341313342416,78500.0,0.00000002,btc,40420045.79569339,0.0,0.02355946499905,6
1,[],3,[],2019-02-10 04:49:02,1081.1653062776,0.000145190000000000010889344981279691637610085308551788330078125,0.000000005308335147000001,6621575,2019-02-10 04:49:02,btc,28.399990609446498,0.0,0.000145190000000000010889344981279691637610085308551788330078125,btc,235.145665820227,0.0,0.03253197781718203,7
1,[],4,[],2019-02-10 04:49:03,22967.16356911,0.00019301,0.000000007056696513,6621576,2019-02-10 04:49:03,btc,2.1548711513334986,0.0,0.00019301,btc,9496.81951385,3.59867013,3.6531377738349535,7
1,[],5,[],2019-02-10 04:49:04,0.00607218,0.00018550,0.0000000067821211500000005,6621577,2019-02-10 04:49:04,btc,1.40779916,0.34185399,0.00018550,btc,0.01178198,0.0,1.76188632,7
1,[],20,[],2019-02-10 04:49:06,59396670.6962,0.000000001,0.000000000000036561300000000003,6621578,2019-02-10 04:49:06,btc,116.5910294586651,1742298.196,0.000000001,btc,33000974.6586,0.001742298196,0.0593966706962,8
0,[],2,[],2019-01-20 23:22:42,0.0,0,0,6476876,2019-01-20 23:22:42,,0.0,0.0,0,,0.0,0.0,0.0,9
0,[],23,[],2019-01-20 23:22:48,0.0,0,0,6476878,2019-01-20 23:22:48,,0.0,0.0,0,,0.0,0.0,0.0,9
1,[],1,[],2019-02-10 04:49:08,2429372.03,0.00000199000000000000000523994909962244292955801938660442829132080078125,0.000000000072756987,6621579,2019-02-10 04:49:08,btc,7.1587878294000005,8440904.01,0.00000199000000000000000523994909962244292955801938660442829132080078125,btc,3526673.45,16.7542953,4.7705473193,9
1,[],4,[],2019-02-10 04:49:08,456766.80129684,0.00000196,0.00000000007166014800000001,6621580,2019-02-10 04:49:08,btc,0.6436248730005681,0.0,0.00000196,btc,320803.22459869,2.00063566,0.8590218121952446,9
1,[],28,[],2019-02-10 04:49:10,34500.0,0.00000165,0.000000000060326145,6621581,2019-02-10 04:49:10,btc,2708.76119522,3489021.0,0.00000165,btc,11732.68,0.0,0.02854,9
1,[],4,[],2019-02-04 22:10:59,7341799.37826053,0.00000002,0.000000000000693444,6584299,2019-02-04 22:10:59,btc,0.1999615409270056,0.0,0.00000002,btc,4135980.29534268,0.00062922,0.0786653918652106,10
0,[],2,[],2019-01-20 23:23:08,0.0,0,0,6476890,2019-01-20 23:23:08,,0.0,0.0,0,,0.0,0.0,0.0,12
1,[],4,[],2019-02-10 04:49:11,2524038.52186308,0.00000141,0.000000000051551433000000006,6621582,2019-02-10 04:49:11,btc,1.2138192841741242,0.0,0.00000141,btc,794671.65813346,1.21907807,3.2849447605064412,12
1,[],5,[],2019-02-10 04:49:14,1.758e-05,0.00000140,0.000000000051185820000000004,6621583,2019-02-10 04:49:14,btc,0.50764254,0.0464978,0.00000140,btc,0.00011064,0.0,0.08079353,12
0.0,[],25,[],2019-02-10 04:49:15,0.0,0,0,6621584,2019-02-10 04:49:15,,0.0,0.0,0.0,btc,0.0,0.0,0.0,12
1,[],4,[],2019-02-10 04:49:17,1306212.70974193,0.00000634,0.00000000023179864200000002,6621585,2019-02-10 04:49:17,btc,0.8161944504876825,0.0,0.00000634,btc,115106.50859058,0.41511765,1.2742289125293704,13
1,[],10,[],2019-02-10 04:49:19,432522.97401845,0.00000519,0.00000000018975314700000003,6621586,2019-02-10 04:49:19,btc,666806.4718712654,29904.3916121,0.00000519,btc,754412.52363286,0.0,0.2754373610544585,13
1,[],21,[],2019-02-10 04:49:21,541666.2515981,0.000006459999999999999982958510253,0.000000000236185998,6621587,2019-02-10 04:49:21,btc,4.388501904169278,361496.92205896,0.0000064599999999999999829585102528728413062708568759262561798095703125,btc,594194.93114135,2.36903338,3.1927151271548806,13
1,[],4,[],2019-02-10 04:49:23,1163401.74460197,0.00000138,0.000000000050454594,6621588,2019-02-10 04:49:23,btc,0.1744916562460283,0.0,0.00000138,btc,89226.06576489,0.01083648,0.4651832919536659,14
1,[],12,[],2019-02-10 04:49:24,89007.14285714,0.00000128000000000000002678087786256444502441809163428843021392822265625,0.000000000046798464,6621589,2019-02-10 04:49:24,btc,1.7657044980954095,0.0,0.00000128000000000000002678087786256444502441809163428843021392822265625,btc,29700.33237149,0.0013886462454403,0.0108783099999964,14
0,[],17,[],2019-02-10 04:49:25,0.0,0,0,6621590,2019-02-10 04:49:25,btc,0.0,0.0,0,btc,0.0,0.0,0.0,14
1,[],26,[],2019-02-10 04:49:25,0.0,0.00000049,0.000000000017915037000000002,6621591,2019-02-10 04:49:25,btc,0.0,0.0,0.00000049,btc,0.0,0.0,0.0,14
0,[],4,[],2019-02-10 04:49:26,0.0,0,0,6621592,2019-02-10 04:49:26,,0.0,0.0,0,,0.0,0.0,0.0,15
,[],12,[],2018-12-01 15:15:48,204241.84496,0.00000489,0.000000000202473384,5260204,2018-12-01 15:15:48,btc,49.5475654835,0.0,,btc,35763.2193806,0.0163153972027625,0.0203389899998,15
0,[],2,[],2019-01-20 23:23:38,0.0,0,0,6476906,2019-01-20 23:23:38,,0.0,0.0,0,,0.0,0.0,0.0,18
1,[],4,[],2019-02-10 04:49:28,23370.85051197,0.00001745,0.0000000006379946850000001,6621593,2019-02-10 04:49:28,btc,2.287661665324513,0.0,0.00001745,btc,11121.15781049,0.05577622,0.036569852002105,18
1,[],10,[],2019-02-10 04:49:30,789844.57347983,0.00001841,0.000000000673093533,6621594,2019-02-10 04:49:30,btc,15.542414158952718,277.73108636,0.00001841,btc,10730.36055816,0.0,0.3113482886327147,18
1,[],12,[],2019-02-10 04:49:31,204753.86690674,0.00001754000000000000147209501533129838435343117453157901763916015625,0.0000000006412852020000001,6621595,2019-02-10 04:49:31,btc,2.981406172071129,0.0,0.00001754000000000000147209501533129838435343117453157901763916015625,btc,1818.59093457,0.0014046553035495,0.0420814441228904,18
0,[],17,[],2019-02-10 04:49:33,0.0,0,0,6621596,2019-02-10 04:49:33,btc,0.0,0.0,0,btc,0.0,0.0,0.0,18
0,[],2,[],2019-01-20 23:24:19,0.0,0,0,6476924,2019-01-20 23:24:19,,0.0,0.0,0,,0.0,0.0,0.0,19
1,[],3,[],2019-02-10 04:49:34,124583.19159579978,0.0000220500000000000006433222010659989109626621939241886138916015625,0.000000000806176665,6621597,2019-02-10 04:49:34,btc,0.4672449630434957,0.0,0.0000220500000000000006433222010659989109626621939241886138916015625,btc,5018.393100515442,0.0,0.09749010493175124,19
1,[],4,[],2019-02-10 04:49:35,211090.43284226,0.00002852,0.000000001042728276,6621598,2019-02-10 04:49:35,btc,0.3480795852909461,0.0,0.00002852,btc,10394.64001632,0.72443957,2.8671503195474353,19
1,[],5,[],2019-02-10 04:49:37,0.00019544,0.00002502,0.000000000914763726,6621599,2019-02-10 04:49:37,btc,0.27888301,0.00039771,0.00002502,btc,0.00309203,0.0,0.0758779,19
1,[],12,[],2019-02-10 04:49:38,134844.19146858,0.0000307100000000000024325506886579972842810093425214290618896484375,0.0000000011227975230000002,6621600,2019-02-10 04:49:38,btc,0.0285365443315946,0.0,0.0000307100000000000024325506886579972842810093425214290618896484375,btc,273.56650949,3.015e-05,0.0327406900000918,19
0,[],27,[],2019-02-10 04:49:40,0.0,0,0,6621601,2019-02-10 04:49:40,,0.0,0.0,0,btc,0.0,0.0,0.0,19
1,[],4,[],2019-02-10 04:49:41,8027823.88110803,0.00000014,0.0000000000051185820000000005,6621602,2019-02-10 04:49:41,btc,0.8118377112398147,0.0,0.00000014,btc,1592787.36359222,0.00321595,0.2539391321350342,20
1,[],4,[],2019-02-10 04:49:42,113116492.43008892,0.00000002,0.000000000000731226,6621603,2019-02-10 04:49:42,btc,0.5793980353918431,0.0,0.00000002,btc,15619760.74233774,0.02961299,1.330497052811619,21
1,[],12,[],2019-02-10 04:49:43,18999837.0,0.00000002,0.000000000000731226,6621604,2019-02-10 04:49:43,btc,669.4758355491022,0.0,0.00000002,btc,8564579.84915351,0.000438117002997,0.25303702,21
0,[],17,[],2019-02-10 04:49:44,0.0,0,0,6621605,2019-02-10 04:49:44,btc,0.0,0.0,0,btc,0.0,0.0,0.0,21
1,[],12,[],2019-02-10 04:49:46,2566842713.043896,0.0000000002,0.000000000000007312260000000001,6621606,2019-02-10 04:49:46,btc,825864718651.1664,0.0,0.0000000002,btc,4302724200.402802,0.010801028826174591,0.26605583015558976,23
0,[],27,[],2019-02-10 04:49:48,0.0,0,0,6621607,2019-02-10 04:49:48,,0.426429,0.0,0,eth,426429.0,0.0,0.0,23
1,[],4,[],2019-02-10 04:49:48,368861.78028038,0.00000068,0.000000000024861684,6621608,2019-02-10 04:49:48,btc,0.1216683908043818,0.0,0.00000068,btc,111348.35561706,0.0243842,0.1858877175718089,24
1,[],22,[],2019-02-10 04:49:59,11.76,0.00000100,0.0000000000365613,6621609,2019-02-10 04:49:59,BTC,7.415e-05,0.0,0.00000100,BTC,23.919354838709676,0.0,1.176e-05,24
0.0,[],25,[],2019-02-10 04:50:00,0.0,0,0,6621610,2019-02-10 04:50:00,,0.0,0.0,0.0,btc,0.0,0.0,0.0,24
1,[],4,[],2019-02-10 04:50:01,27829210.32078402,0.00000630,0.00000000023033619000000001,6621611,2019-02-10 04:50:01,btc,0.4235513514903277,0.0,0.00000630,btc,37145.7090818,0.0185434,0.3904851920186999,26
1,[],10,[],2019-02-10 04:50:03,725806.94523368,0.00000596,0.000000000217905348,6621612,2019-02-10 04:50:03,btc,25.923037277105518,133.0,0.00000596,btc,13270.96477388,0.0,0.2076777170239388,26
0,[],2,[],2019-01-20 23:25:56,0.0,0,0,6476976,2019-01-20 23:25:56,,0.0,0.0,0,,0.0,0.0,0.0,26
1,[],3,[],2019-02-10 04:50:04,5934441.03885143,0.00000001,0.000000000000365613,6621613,2019-02-10 04:50:04,btc,2.512782263700088,0.0,0.00000001,btc,16082144.50261569,0.0,0.0593444103885143,27
1,[],5,[],2019-02-10 04:50:05,1e-08,0.00000001,0.000000000000365613,6621614,2019-02-10 04:50:05,btc,1.54741476,0.00012974,0.00000001,btc,4.577e-05,0.0,0.10808531,27
1,[],11,[],2019-02-10 04:50:07,10064996.7912115,0.00000005,0.000000000001828065,6621615,2019-02-10 04:50:07,btc,370.63310344475406,219.9,0.00000005,btc,8170877.7193934005,0.0,0.4661206184459823,27
1,[],4,[],2019-02-10 04:50:07,568500603.811129,0.00000002,0.000000000000731226,6621616,2019-02-10 04:50:07,btc,0.3112892904912429,0.0,0.00000002,"btc,ltc",74184012.8514087,0.27422847,7.0753611488456,29
1,[],7,[],2019-02-10 04:50:08,28850655.15162052,0.00000002,0.000000000000731226,6621617,2019-02-10 04:50:08,btc,44465206.22187071,100443.950091,0.00000002,btc,52303050.53323177,0.00301332,0.422035136865903,29
1,[],4,[],2019-02-10 04:50:09,1508911.05052187,0.00000028,0.000000000010237164000000001,6621618,2019-02-10 04:50:09,btc,0.2041035573905701,0.0,0.00000028,btc,421728.06760579,0.02467684,0.1165235003940429,30
0,[],17,[],2019-02-10 04:50:11,0.0,0,0,6621619,2019-02-10 04:50:11,btc,0.0,0.0,0,btc,0.0,0.0,0.0,30
1,[],4,[],2019-02-10 04:50:11,1756292.68768137,0.00006301,0.000000002303727513,6621620,2019-02-10 04:50:11,btc,1.0124557690967133,0.0,0.00006301,btc,13767.64167093,0.76953777,2.1633406132206847,31
1,[],21,[],2019-02-10 04:50:12,66207.40612914,0.00006315999999999999837008851644,0.0000000023092117080000002,6621621,2019-02-10 04:50:12,btc,2.5146686336957735,223623.86928968,0.000063159999999999998370088516441711590232443995773792266845703125,btc,36147.34530511,14.44019879,3.8537260694947193,31
0,[],2,[],2019-01-20 23:28:43,0.0,0,0,6477009,2019-01-20 23:28:43,,0.0,0.0,0,,0.0,0.0,0.0,32
1,[],4,[],2019-02-10 04:50:13,139005372.7664831,0.00000005,0.0000000000018280650000000002,6621622,2019-02-10 04:50:13,btc,2.046362820082446,0.0,0.00000005,"btc,ltc",42737630.40894371,0.33652488,2.1040798396969813,33
1,[],12,[],2019-02-10 04:50:15,12932136.0,0.00000005,0.000000000001828065,6621623,2019-02-10 04:50:15,btc,34509077.37228643,0.0,0.00000005,btc,88631241.22577406,0.0651873405094906,0.42478320999999997,33
1,[],4,[],2019-02-10 04:50:15,124379451.35915793,0.00000001,0.000000000000365613,6621624,2019-02-10 04:50:15,btc,0.748116283881144,0.0,0.00000001,btc,24960344.5627048,1.13345254,1.2437945135915793,34
1,[],5,[],2019-02-10 04:50:17,3e-08,0.00000002,0.000000000000731226,6621625,2019-02-10 04:50:17,btc,4.1360465,0.01129283,0.00000002,btc,1.394e-05,0.0,0.835236,34
0.0000000001200439,[],4,[],2019-02-10 04:50:18,799422131.1461179,3.6013170000000004e-18,1.316688312321e-22,6621626,2019-02-10 04:50:18,ltc,1.0642190148179783e-08,0.0,0.00000003,ltc,1869304434.2167804,0.0,1.6493927849779756e-09,36
1,[],5,[],2019-02-10 04:50:20,0.0,0,0,6621627,2019-02-10 04:50:20,btc,206.76695888,0.0,0,btc,1.325e-05,0.0,0.0,36
0,[],17,[],2019-02-10 04:50:21,0.0,0,0,6621628,2019-02-10 04:50:21,btc,0.07464582781063733,0.00018553,0,btc,4105386.20243647,0.0,0.0,36
0.0000000001200439,[],27,[],2019-02-10 04:50:24,1000000.0,2.400878e-18,8.777922082140001e-23,6621629,2019-02-10 04:50:24,ltc,252.8263276744,0.0,0.00000002,"ltc,eth",3711879.06,0.0,2.4008780000000002e-12,36
1,[],4,[],2019-02-10 04:50:25,324007.72488245,0.00000136,0.000000000049723368,6621630,2019-02-10 04:50:25,btc,0.4395808766526619,0.0,0.00000136,btc,247302.97496442,0.02035243,0.2445993117923724,37
1,[],12,[],2019-02-10 04:50:26,495773.38643489,0.000001359999999999999896105784720490294859018831630237400531768798828125,0.000000000049723367999999996,6621631,2019-02-10 04:50:26,btc,1341.1819919968204,0.0,0.000001359999999999999896105784720490294859018831630237400531768798828125,btc,761331.89959971,0.0577083039512492,0.3167526000000099,37
1,[],17,[],2019-02-10 04:50:27,1752.74075282,0.00000025,0.000000000009140325,6621632,2019-02-10 04:50:27,btc,0.05548492397468894,0.0,0.00000025,btc,1387.19918473,0.0,0.00043818518820499993,37
1,[],27,[],2019-02-10 04:50:29,16422.0,0.00000052,0.000000000019011876,6621633,2019-02-10 04:50:29,btc,51.75602025030353,0.0,0.00000052,btc,29579.81438508,0.0,0.00569662,37
1,[],5,[],2019-02-10 04:50:31,1.431e-05,0.00000085,0.000000000031077105,6621634,2019-02-10 04:50:31,btc,0.08479465,0.06759949,0.00000085,btc,9.11e-05,0.0,0.03841828,42
1,[],12,[],2019-02-10 04:50:32,127495.42319749,0.00000101999999999999997501889774376149233603428001515567302703857421875,0.000000000037292526,6621635,2019-02-10 04:50:32,btc,96.19006409393016,0.0,0.00000101999999999999997501889774376149233603428001515567302703857421875,btc,100212.23454909,0.0218812589780223,0.0467578699999981,42
0,[],27,[],2019-02-10 04:50:34,0.0,0,0,6621636,2019-02-10 04:50:34,,0.00315028,0.0,0,"btc,eth",11.007,0.0,0.0,42
1,[],5,[],2019-02-10 04:50:35,6e-08,0.00000003,0.000000000001096839,6621637,2019-02-10 04:50:35,btc,6.257182,0.00067042,0.00000003,btc,1.425e-05,0.0,0.55210573,43
1,[],12,[],2019-02-10 04:50:36,6658028.0,0.00000002,0.000000000000731226,6621638,2019-02-10 04:50:36,btc,20007456.47408223,0.0,0.00000002,btc,38925720.08831168,6.160997003e-05,0.06715428,43
0,[],17,[],2019-02-10 04:50:38,0.0,0,0,6621639,2019-02-10 04:50:38,btc,0.0,0.0,0,btc,0.0,0.0,0.0,43
1,[],12,[],2019-02-10 04:50:39,813244.0,0.00000006,0.000000000002193678,6621640,2019-02-10 04:50:39,btc,11115166.96073152,0.0,0.00000006,btc,1035027.14385612,2.61e-05,0.02420658,44
1,[],4,[],2019-02-10 04:50:40,224485327.28636372,0.00000002,0.000000000000731226,6621641,2019-02-10 04:50:40,btc,0.18547221915093032,0.0,0.00000002,"btc,ltc",4446321.3796748,0.00054402,0.43094161853262036,49
0.0000000001200439,[],4,[],2019-02-10 04:50:41,3343702568.518919,1.200439e-18,4.3889610410700006e-23,6621642,2019-02-10 04:50:41,ltc,4.645173507623805,0.0,0.00000001,ltc,3025058459.168546,0.0,4.0139109676502824e-09,52
0,[],22,[],2019-02-10 04:50:43,0.0,0,0,6621643,2019-02-10 04:50:43,,3693.4427291,0.0,0,,261911682.90882352,0.0,0.0,57
0,[],27,[],2019-02-10 04:50:46,0.0,0,0,6621644,2019-02-10 04:50:46,,0.0,0.0,0,"btc,eth",0.0,0.0,0.0,57
0.0000000001200439,[],4,[],2019-02-10 04:50:47,1182308896.9995165,6.0021950000000004e-18,2.1944805205350004e-22,6621645,2019-02-10 04:50:47,ltc,3.279644195364507,0.0,0.00000005,ltc,895393800.7944552,0.0,3.7915579586209655e-09,58
1,[],12,[],2019-02-10 04:50:48,1951529750.843957,0.0000000005,0.000000000000018280650000000002,6621646,2019-02-10 04:50:48,btc,224005489688.80246,0.0,0.0000000005,btc,3148112470.6846204,0.060578418214285695,0.6908175160011392,58
0,[],17,[],2019-02-10 04:50:50,0.0,0,0,6621647,2019-02-10 04:50:50,btc,1e+24,0.0,0,btc,41481695.95832568,0.0,0.0,58
0.0000000001303218,[],22,[],2019-02-10 04:50:54,137438.0,1.3032180000000002e-18,4.764734426340001e-23,6621648,2019-02-10 04:50:54,XMR,69.8835922,0.0,0.00000001,XMR,9887963.0,0.0,0.00137438,58
1,[],5,[],2019-02-10 04:50:56,1.063e-05,0.00000086,0.000000000031442718,6621649,2019-02-10 04:50:56,btc,0.27029097,0.01024934,0.00000086,btc,0.0001445,0.0,0.06889244,61
1,[],22,[],2019-02-10 04:51:00,5111.5,0.00000011,0.000000000004021743,6621650,2019-02-10 04:51:00,BTC,1002.29598212,0.0,0.00000011,BTC,14957.700278135757,0.0,0.00051178,61
1,[],26,[],2019-02-10 04:51:00,0.0,0.00000800,0.0000000002924904,6621651,2019-02-10 04:51:00,btc,0.0,0.0,0.00000800,btc,0.0,0.0,0.0,61
1,[],27,[],2019-02-10 04:51:03,4150.0,0.0000005,0.00000000001828065,6621652,2019-02-10 04:51:03,btc,10.771656136689,403.34587274,0.0000005,"btc,eth",14127.41359313,0.027121130016610005,0.000616000001716693,61
1,[],28,[],2019-02-10 04:51:04,6884.304,0.0000006,0.00000000002193678,6621653,2019-02-10 04:51:04,btc,2.056356993700105,803.0,0.0000006,btc,9757.52450005,0.0,0.00216611304,61
1,[],4,[],2019-02-10 04:51:05,402100.11060957,0.00000280,0.00000000010237164000000001,6621654,2019-02-10 04:51:05,btc,0.9469446561593794,0.0,0.00000280,btc,233897.3997686,1.7202867,0.7209230906721058,67
0.0,[],25,[],2019-02-10 04:51:07,0.0,0,0,6621655,2019-02-10 04:51:07,,0.0,0.0,0.0,btc,0.0,0.0,0.0,67
1,[],12,[],2019-02-10 04:51:08,2716064.14418716,0.00000046,0.000000000016818198,6621656,2019-02-10 04:51:08,btc,11115966.537308237,0.0,0.00000046,btc,2046224.75794205,0.0806997824880846,0.11018192644111299,71
,[],5,[],2018-11-20 23:02:39,1.5e-07,0.00000005,0.000000000002128045,4862160,2018-11-20 23:02:39,btc,2.84511358,0.0,,btc,0.00036572,0.0,0.07381892,74
1,[],5,[],2019-01-25 15:53:51,3.303e-05,0.00000156,0.000000000055588884,6499610,2019-01-25 15:53:51,btc,1.42844212,0.0,0.00000156,btc,0.00015937,0.0,0.49487621,75
0,[],20,[],2019-01-25 09:30:31,0.0,0,0,6495923,2019-01-25 09:30:31,btc,0.0,0.0,0,btc,0.0,0.0,0.0,81
1,[],4,[],2019-02-10 04:51:08,52395090.43692337,0.00000001,0.000000000000365613,6621657,2019-02-10 04:51:08,btc,0.7681855482047844,0.0,0.00000001,btc,14661592.68425178,0.002,0.5239509043692337,81
1,[],4,[],2019-02-10 04:51:11,24027.3341321,0.00007482,0.000000002735516466,6621658,2019-02-10 04:51:11,btc,0.9737538674801233,0.0,0.00007482,btc,8671.38895687,0.00624588,0.1045209805963134,82
1,[],21,[],2019-02-10 04:51:11,67221.65890299,0.00007663999999999999805655459539,0.000000002802058032,6621659,2019-02-10 04:51:11,btc,3.6280013420284343,1078.52118928,0.00007663999999999999805655459539366347598843276500701904296875,btc,41576.06350009,0.082061,3.14125917616981,82
0,[],17,[],2019-02-07 10:02:39,0.0,0,0,6611495,2019-02-07 10:02:39,btc,0.0447233088476774,0.0,0,btc,999127.19588126,0.0,0.0,84
0.0000000001200439,[],4,[],2019-02-10 04:51:12,161155648.86496574,1.2004390000000001e-17,4.388961041070001e-22,6621660,2019-02-10 04:51:12,ltc,0.1956906324667621,0.0,0.0000001,ltc,74841805.24566005,0.0,8.329101699232978e-10,85
,[],22,[],2018-11-20 23:09:34,3408.1,0.0000001,0.0000000000041895,4862324,2018-11-20 23:09:34,BTC,0.04624735,0.0,,BTC,4990.0,0.0,0.00033081,86
0,[],22,[],2019-02-10 04:51:15,0.0,0,0,6621661,2019-02-10 04:51:15,,2.0760781,0.0,0,,140622.94736842104,0.0,0.0,87
0,[],27,[],2019-02-10 04:51:18,0.0,0,0,6621662,2019-02-10 04:51:18,,0.0,0.0,0,btc,0.0,0.0,0.0,87
,[],2,[],2018-11-20 23:10:47,0.0,0,0,4862359,2018-11-20 23:10:47,,0.0,0.0,,,0.0,0.0,0.0,88
1,[],11,[],2019-02-10 04:51:20,96052.37616298,0.0001570499999999999955931084816285192573559470474720001220703125,0.0000000057419521650000005,6621663,2019-02-10 04:51:20,btc,246.3540703832704,84.899,0.0001570499999999999955931084816285192573559470474720001220703125,btc,186723.80890509,0.0,6.4950125162872805,89
0,[],2,[],2019-01-20 23:31:45,0.0,0,0,6477083,2019-01-20 23:31:45,,0.0,0.0,0,,0.0,0.0,0.0,91
1,[],12,[],2019-02-10 04:51:21,445448.78912334,0.00000340000000000000005790181702158836429816801683045923709869384765625,0.00000000012430842,6621664,2019-02-10 04:51:21,btc,1115.1178334811461,0.0,0.00000340000000000000005790181702158836429816801683045923709869384765625,btc,40804.10555352,0.0014162765,0.08475384550001161,91
0,[],17,[],2019-02-10 04:51:23,0.0,0,0,6621665,2019-02-10 04:51:23,btc,0.0,0.0,0,btc,0.0,0.0,0.0,91
0.0000000001200439,[],22,[],2019-02-10 04:51:27,21182260.5,7.202634000000001e-18,2.633376624642e-22,6621666,2019-02-10 04:51:27,LTC,8.58127275,0.0,0.00000006,LTC,72065234.1,4.8303264482e-14,1.02936015,95
1,[],4,[],2019-02-10 04:51:28,133477520.2518999,0.00000001,0.000000000000365613,6621667,2019-02-10 04:51:28,btc,0.9512756239318952,0.0,0.00000001,"btc,ltc",48218357.2756118,0.00411584,0.021191156558755257,96
1,[],12,[],2019-02-10 04:51:29,891768.0,0.00000001,0.000000000000365613,6621668,2019-02-10 04:51:29,btc,255063.4737601898,0.0,0.00000001,btc,8812852.54276697,0.001262376003996,0.00891768,96
0,[],17,[],2019-02-10 04:51:31,0.0,0,0,6621669,2019-02-10 04:51:31,btc,0.0,0.0,0,btc,0.0,0.0,0.0,96
1,[],4,[],2019-02-10 04:51:31,1867257.60800721,0.00000032,0.000000000011699616,6621670,2019-02-10 04:51:31,btc,0.1257630433346075,0.0,0.00000032,btc,273611.20297263,0.00339742,0.2409135541894761,99
0,[],2,[],2019-01-20 23:23:55,0.0,0,0,6476914,2019-01-20 23:23:55,,0.0,0.0,0,,0.0,0.0,0.0,100
1,[],4,[],2019-02-10 04:51:32,231457.82388,0.00004100,0.0000000014990133,6621671,2019-02-10 04:51:32,btc,1.4095212068616079,0.0,0.00004100,btc,31195.10058029,0.52103301,2.0767230101517975,100
1,[],22,[],2019-02-10 04:51:36,50000.0,0.00000001,0.000000000000365613,6621672,2019-02-10 04:51:36,BTC,23.50383609,0.0,0.00000001,BTC,11277.22,0.0,0.0005,101
1,[],4,[],2019-02-10 04:51:37,132442.82450277,0.00000104,0.000000000038023752,6621673,2019-02-10 04:51:37,btc,0.3981130629676063,0.0,0.00000104,btc,148703.30622554,0.01024694,0.0828250911318786,103
1,[],12,[],2019-02-10 04:51:40,56056373.4663887,0.000000016,0.0000000000005849808000000001,6621674,2019-02-10 04:51:40,btc,137278791.05484992,0.0,0.000000016,btc,129557709.51024549,0.0263269662053525,0.3649121854622192,105
1,[],27,[],2019-02-10 04:51:42,4109342.89,0.00000001,0.000000000000365613,6621675,2019-02-10 04:51:42,btc,1.5900677513692298,13763.0,0.00000001,btc,573669.42860553,0.00027526,0.0410934289,105
0,[],22,[],2019-02-10 04:51:44,0.0,0,0,6621676,2019-02-10 04:51:44,,1.07253299,0.0,0,,94300.0,0.0,0.0,107
1,[],26,[],2019-02-10 04:51:44,0.0,0.00000000,0,6621677,2019-02-10 04:51:44,btc,0.0,0.0,0.00000000,btc,0.0,0.0,0.0,107
1,[],5,[],2019-02-10 04:51:45,3e-08,0.00000002,0.000000000000731226,6621678,2019-02-10 04:51:45,btc,2.87546619,0.00742522,0.00000002,btc,1.649e-05,0.0,0.10146249,112
1,[],22,[],2019-02-10 04:51:49,189099.0,0.00000002,0.000000000000731226,6621679,2019-02-10 04:51:49,BTC,2.81183288,0.0,0.00000002,BTC,808524.0833333334,0.0,0.00189105,112
0.00000000032568640000000003,[],27,[],2019-02-10 04:51:51,500000.0,3.2568640000000002e-18,1.1907518176320003e-22,6621680,2019-02-10 04:51:51,eth,1.35132491849924,0.0,0.00000001,"btc,eth",1328.641654,0.0,1.6284320000000001e-12,112
1,[],4,[],2019-02-10 04:51:52,462837.58699565,0.00000343,0.00000000012540525900000002,6621681,2019-02-10 04:51:52,btc,0.2949725050656287,0.0,0.00000343,btc,63999.32888947,0.14502006,0.2514896680170783,113
1,[],5,[],2019-02-10 04:51:53,9.14e-06,0.00000301,0.00000000011004951300000001,6621682,2019-02-10 04:51:53,btc,0.92597316,0.0002709,0.00000301,btc,0.00191899,0.0,0.19770361,113
1,[],17,[],2019-02-10 04:51:55,174538.724,0.00000004,0.000000000001462452,6621683,2019-02-10 04:51:55,btc,1.3373630274391632,0.0,0.00000004,btc,60896.221,0.0,0.00308154896,116
0,[],27,[],2019-02-10 04:51:56,0.0,0,0,6621684,2019-02-10 04:51:56,,0.0,0.0,0,btc,0.0,0.0,0.0,116
1,[],4,[],2019-02-10 04:51:57,1383836.20438748,0.00001500,0.0000000005484195,6621685,2019-02-10 04:51:57,btc,1.4614753456448284,0.0,0.00001500,btc,42596.90967981,4.89120902,1.2287286005568994,120
1,[],7,[],2019-02-10 04:51:58,6344.60493521,0.00001841999999999999982291075395490764776695868931710720062255859375,0.000000000673459146,6621686,2019-02-10 04:51:58,btc,115646.2874700244,6.88637696,0.00001841999999999999982291075395490764776695868931710720062255859375,btc,30226.28860986,0.00023613,0.052125417936920194,120
1,[],20,[],2019-02-10 04:52:00,1539391.8094,0.000000014,0.0000000000005118582000000001,6621687,2019-02-10 04:52:00,btc,33.8688103501599,0.0,0.000000014,btc,1140882.3764,0.0,0.0079606482167,125
1,[],22,[],2019-02-10 04:52:12,3053.0,0.00000001,0.000000000000365613,6621688,2019-02-10 04:52:12,BTC,0.01444889,0.0,0.00000001,BTC,296264.5111111111,0.0,3.053e-05,126
0,[],2,[],2019-01-20 23:25:46,0.0,0,0,6476969,2019-01-20 23:25:46,,0.0,0.0,0,,0.0,0.0,0.0,131
1,[],4,[],2019-02-10 04:52:13,146130.08124345,0.00001450,0.00000000053013885,6621689,2019-02-10 04:52:13,btc,0.6177468298107881,0.0,0.00001450,btc,33024.66281063,0.26703813,0.6783830360855686,131
0,[],17,[],2019-02-10 04:52:14,0.0,0,0,6621690,2019-02-10 04:52:14,btc,0.0009561751951600001,0.0,0,btc,35.42829368,0.0,0.0,131
1,[],4,[],2019-02-10 04:52:15,4642.15444005,0.00016634,0.000000006081606642,6621691,2019-02-10 04:52:15,btc,1.6398504115151822,0.0,0.00016634,btc,296.40882497,0.0,0.0121851642828397,135
1,[],3,[],2019-02-10 04:52:15,1938487.0256073,0.00000006,0.000000000002193678,6621692,2019-02-10 04:52:15,btc,0.120498309317414,73826.9995778,0.00000006,btc,392018.72513917,0.0,0.0729427894414787,136
1,[],4,[],2019-02-10 04:52:16,83283.47307745,0.00000169,0.000000000061788597,6621693,2019-02-10 04:52:16,btc,0.0700999843601793,0.0,0.00000169,btc,33996.11813168,0.03281034,0.1091996055054815,137
1,[],12,[],2019-02-10 04:52:18,304962.4749279,0.000001740000000000000069492480346544649449924690998159348964691162109375,0.00000000006361666200000001,6621694,2019-02-10 04:52:18,btc,11982.94575325264,0.0,0.000001740000000000000069492480346544649449924690998159348964691162109375,btc,157726.19359326,0.0231326602605367,0.0418139462237751,137
1,[],5,[],2019-02-10 04:52:19,0.00232003,0.00006702,0.000000002450338326,6621696,2019-02-10 04:52:19,btc,3.57218612,3.4374973,0.00006702,btc,0.0040137,0.0,1.50389853,142
1,[],17,[],2019-02-10 04:52:20,22967.386363640002,0.00000088,0.000000000032173944000000006,6621697,2019-02-10 04:52:20,btc,20.06991335246678,0.0,0.00000088,btc,2746.079105,0.0,0.0104613000000032,142
1,[],20,[],2019-02-10 04:52:22,155879.815,0.000030001,0.0000000010968755613,6621698,2019-02-10 04:52:22,btc,2.8514115111638,1000.0,0.000030001,btc,7685.4716,0.025255633087,0.3009268383075,142
1,[],22,[],2019-02-10 04:52:26,1116.4,0.00001020,0.00000000037292526,6621699,2019-02-10 04:52:26,BTC,3.0087007,0.0,0.00001020,BTC,897.0985020382753,0.0,0.00092537,142
0.0,[],25,[],2019-02-10 04:52:27,0.0,0,0,6621700,2019-02-10 04:52:27,,0.0,0.0,0.0,btc,0.0,0.0,0.0,142
1,[],28,[],2019-02-10 04:52:32,79056.0,0.00005000,0.0000000018280650000000001,6621701,2019-02-10 04:52:32,btc,0.038566253649,762.6916,0.00005000,btc,128.078,0.0,0.0585187,142
1,[],4,[],2019-02-10 04:52:18,6424.13139092,0.00007000,0.000000002559291,6621695,2019-02-10 04:52:18,btc,2.1262803625635347,0.0,0.00007000,btc,24892.00211399,1.77692199,0.2810999259537901,142
0,[],22,[],2019-02-10 04:52:35,0.0,0,0,6621702,2019-02-10 04:52:35,,68.47290197,0.0,0,,888981225.8,0.0,0.0,143
1,[],21,[],2019-02-10 04:52:37,44843284.19568577,0.00000029,0.000000000010602777,6621703,2019-02-10 04:52:37,btc,38.3699319301273,3136691.14863597,0.00000029,btc,75499998.38687903,0.9064214,8.253942703089805,145
0,[],22,[],2019-02-10 04:52:40,0.0,0,0,6621704,2019-02-10 04:52:40,,4.25459369,0.0,0,,2259598.0,0.0,0.0,146
,[],22,[],2018-11-20 23:01:11,0.0,0,0,4862114,2018-11-20 23:01:11,,2.56807021,0.0,,,61828.4988236,0.0,0.0,147
1,[],12,[],2019-02-10 04:52:41,8682625.26730753,0.000003340000000000000208847696081537748113987618125975131988525390625,0.00000000012211474200000002,6621705,2019-02-10 04:52:41,btc,16.529660439025196,0.0,0.000003340000000000000208847696081537748113987618125975131988525390625,btc,115873.39148637,0.00011107794,0.1203224866899714,148
1,[],4,[],2019-02-10 04:52:42,440355.10482309,0.00000045,0.000000000016452585,6621706,2019-02-10 04:52:42,btc,0.7860071080479134,0.0,0.00000045,btc,583041.12442111,0.0056836,0.125416200251723,152
0,[],22,[],2019-02-10 04:52:45,0.0,0,0,6621707,2019-02-10 04:52:45,,0.0,0.0,0,,0.0,0.0,0.0,152
1,[],5,[],2019-02-10 04:52:46,0.0,0,0,6621708,2019-02-10 04:52:46,btc,4.42293222,0.0,0,btc,0.00161275,0.0,0.0,153
,[],16,[],2019-01-11 15:38:59,0.0,0,0,6366141,2019-01-11 15:38:59,btc,0.0,0.0,,btc,0.0,0.0,0.0,155
0,[],22,[],2019-02-10 04:52:49,0.0,0,0,6621709,2019-02-10 04:52:49,,6.7450284,0.0,0,,4571519.242592593,0.0,0.0,156
0,[],23,[],2019-01-20 23:24:29,0.0,0,0,6476932,2019-01-20 23:24:29,,0.0,0.0,0,,0.0,0.0,0.0,156
1,[],22,[],2019-02-10 04:53:11,7906.0,0.00000801,0.000000000292856013,6621710,2019-02-10 04:53:11,BTC,43.78801181,0.0,0.00000801,BTC,1067.5805334758436,0.0,0.00743836,157
0,[],22,[],2019-02-10 04:53:14,0.0,0,0,6621711,2019-02-10 04:53:14,,50175.67558609,0.0,0,,54029136.04179466,0.0,0.0,158
,[],17,[],2018-11-20 22:56:10,0.0,0,0,4861976,2018-11-20 22:56:10,btc,1.1265625,0.0,,btc,1000.0,0.0,0.0,159
,[],20,[],2018-11-20 22:56:12,0.0,0,0,4861977,2018-11-20 22:56:12,btc,11912.7940471,0.0,,btc,34413894.3617,0.0,0.0,159
1,[],12,[],2019-02-10 04:53:16,179787.44888086,0.0000075000000000000001900064307280846520598061033524572849273681640625,0.00000000027420975,6621712,2019-02-10 04:53:16,btc,6.662275196656201,0.0,0.0000075000000000000001900064307280846520598061033524572849273681640625,btc,14799.17016046,0.0011650776623472,0.0909915609000443,168
1,[],17,[],2019-02-10 04:53:17,29784.95,0.000001,0.0000000000365613,6621713,2019-02-10 04:53:17,btc,0.03026736251542,0.0,0.000001,btc,144.46171372,0.0,0.00716147,168
0,[],22,[],2019-02-10 04:53:20,0.0,0,0,6621714,2019-02-10 04:53:20,,1.14776715,0.0,0,,721548.0900917595,0.0,0.0,169
1,[],22,[],2019-02-10 04:53:24,225000.0,0.00000018,0.0000000000065810340000000006,6621715,2019-02-10 04:53:24,BTC,10.33139556,0.0,0.00000018,BTC,130300.77145587197,0.0,0.0216,171
1,[],22,[],2019-02-10 04:53:27,231281.52380952382,0.00000022,0.000000000008043486,6621716,2019-02-10 04:53:27,BTC,2.65399032,0.0,0.00000022,BTC,234486.25227657318,0.0002975,0.0187128,173
1,[],5,[],2019-02-10 04:53:29,3.026e-05,0.00000329,0.000000000120286677,6621717,2019-02-10 04:53:29,btc,0.31628543,0.00145301,0.00000329,btc,0.00028366,0.0,0.73222781,175
1,[],22,[],2019-02-10 04:53:32,56573.32380952381,0.00000062,0.000000000022668006,6621718,2019-02-10 04:53:32,BTC,0.49923213,0.0,0.00000062,BTC,127016.9744461984,1.314e-05,0.02080614,176
1,[],7,[],2019-02-10 04:53:33,0.0,0,0,6621719,2019-02-10 04:53:33,btc,410973.9169089935,0.0,0,btc,115465110.28145695,0.0,0.0,178
0,[],22,[],2019-02-10 04:53:36,0.0,0,0,6621720,2019-02-10 04:53:36,,1.00242428,0.0,0,,57512.0,0.0,0.0,178
0,[],2,[],2019-01-20 23:28:34,0.0,0,0,6477001,2019-01-20 23:28:34,,0.0,0.0,0,,0.0,0.0,0.0,178
1,[],5,[],2019-02-10 04:53:38,3e-08,0.00000002,0.000000000000731226,6621721,2019-02-10 04:53:38,btc,26.42600119,0.37546563,0.00000002,btc,2.088e-05,0.0,0.95088509,179
1,[],22,[],2019-02-10 04:53:49,7820284.0,0.00000002,0.000000000000731226,6621722,2019-02-10 04:53:49,BTC,5.4773134,0.0,0.00000002,"BTC,LTC",17835443.468656633,0.0,0.38366552,179
0,[],23,[],2019-01-20 23:25:08,0.0,0,0,6476952,2019-01-20 23:25:08,,0.0,0.0,0,,0.0,0.0,0.0,179
1,[],17,[],2019-02-10 04:53:51,10504.725,0.0000001,0.00000000000365613,6621723,2019-02-10 04:53:51,btc,5.206166879878516,0.0,0.0000001,btc,6755.0074587,0.0,0.0010504725,180
1,[],22,[],2019-02-10 04:53:56,18254.4,0.00000095,0.000000000034733235,6621724,2019-02-10 04:53:56,BTC,0.09351697,0.0,0.00000095,"BTC,LTC",13932.175478042325,0.00372327,0.00623544,180
1,[],26,[],2019-02-10 04:53:56,0.0,0.00000010,0.0000000000036561300000000005,6621725,2019-02-10 04:53:56,btc,0.0,100.0,0.00000010,btc,0.0,0.0,0.0,180
,[],7,[],2018-11-20 22:58:01,562227.975654,0.00000085,0.000000000036176765,4862015,2018-11-20 22:58:01,btc,21836.6059674,2491.87645172,,btc,749999.041456,0.00211021,0.127565380455,183
,[],5,[],2019-01-10 08:11:41,0.0,0,0,6347036,2019-01-10 08:11:41,btc,82.15055501,0.00261,,btc,1.19002445,0.0,0.0,187
1,[],24,[],2019-02-10 04:53:56,0.0,0.000000000001,3.65613e-17,6621726,2019-02-10 04:53:56,btc,0.0,0.0,0.000000000001,btc,0.0,0.0,0.0,187
,[],17,[],2018-11-16 20:58:10,4062536.27273,0.00000001,0.000000000000550501,4708775,2018-11-16 20:58:10,btc,3.36492563466,0.195460381006,,"btc,eth",110697919.549,0.0,0.0157628953496,187
0,[],22,[],2019-02-10 04:54:16,0.0,0,0,6621727,2019-02-10 04:54:16,,1.19383767,0.0,0,,14406.036201072173,0.0,0.0,191
0,[],22,[],2019-02-10 04:54:21,0.0,0,0,6621728,2019-02-10 04:54:21,,0.0,0.0,0,,0.0,0.0,0.0,197
0,[],23,[],2019-01-20 23:31:41,0.0,0,0,6477079,2019-01-20 23:31:41,,0.0,0.0,0,,0.0,0.0,0.0,199
1,[],26,[],2019-02-10 04:54:21,0.0,0.00000000,0,6621729,2019-02-10 04:54:21,btc,0.0,967457.0,0.00000000,btc,0.0,0.0,0.0,199
0,[],17,[],2019-01-30 16:32:01,0.0,0,0,6540827,2019-01-30 16:32:01,btc,6.802544163788159,0.0,0,btc,105897.55575295,0.0,0.0,200
0,[],2,[],2019-01-20 23:30:49,0.0,0,0,6477059,2019-01-20 23:30:49,,0.0,0.0,0,,0.0,0.0,0.0,201
1,[],4,[],2019-01-25 15:51:35,2084389.58565343,0.00000936,0.000000000333526752,6499557,2019-01-25 15:51:35,btc,2.0092503037378524,0.0,0.00000936,btc,160195.80207885,0.19272417,1.242687955921835,211
1,[],7,[],2019-02-10 04:54:24,5539356.56101626,0.000001610000000000000043611490287143173105732785188592970371246337890625,0.00000000005886369300000001,6621730,2019-02-10 04:54:24,btc,16567787.898486909,342766.589145,0.000001610000000000000043611490287143173105732785188592970371246337890625,btc,9883620.96381372,0.54546502,4.4953775705278405,212
1,[],5,[],2019-02-10 04:54:27,5.14e-06,0.00000036,0.000000000013162068000000001,6621731,2019-02-10 04:54:27,btc,1.13961678,0.10029866,0.00000036,btc,3.304e-05,0.0,0.38787386,213
1,[],24,[],2019-02-10 04:54:27,0.0,0.000000050000,0.0000000000018280650000000002,6621732,2019-02-10 04:54:27,btc,0.0,0.0,0.000000050000,btc,0.0,0.0,0.0,213
1,[],26,[],2019-02-10 04:54:27,0.0,0.00000009,0.0000000000032905170000000003,6621733,2019-02-10 04:54:27,btc,0.0,0.0,0.00000009,btc,0.0,0.0,0.0,213
1,[],12,[],2019-01-25 02:44:32,207462.42853209,0.000001080000000000000035831255497387193287295303889550268650054931640625,0.000000000038610756000000006,6493050,2019-01-25 02:44:32,btc,85023.03793723314,0.0,0.000001080000000000000035831255497387193287295303889550268650054931640625,btc,43675.73520027,0.000146250909087,0.0348620860622024,213
1,[],22,[],2019-02-10 04:54:31,271180.0,0.00000002,0.000000000000731226,6621734,2019-02-10 04:54:31,BTC,2.20539348,0.0,0.00000002,BTC,253902.63137942314,0.0001,0.0046096,216
1,[],27,[],2019-02-10 04:54:33,5081157.5555,0.00000004,0.000000000001462452,6621735,2019-02-10 04:54:33,btc,363.57727336756,59527.7,0.00000004,"btc,ltc",271023.369,0.00892915,0.05225726222,216
1,[],22,[],2019-02-10 04:54:37,313336.8247499803,0.00000260,0.00000000009505938000000001,6621736,2019-02-10 04:54:37,BTC,12676.95666419,0.0,0.00000260,BTC,378546.7605220196,0.00298564,0.46232477,217
1,[],7,[],2019-02-10 04:54:39,0.0,0,0,6621737,2019-02-10 04:54:39,btc,77970.05582791512,0.0,0,btc,137091858.32140028,0.0,0.0,219
0,[],27,[],2019-02-10 04:54:41,0.0,0,0,6621738,2019-02-10 04:54:41,,5.3418937883169715,0.0,0,btc,1605140.99226592,0.0,0.0,219
0.0000000000000053,[],28,[],2019-02-10 04:54:43,204296840.264,6.6250000000000006e-18,2.422186125e-22,6621739,2019-02-10 04:54:43,doge,88584.0309717675,14283.0,0.00125000,"btc,doge",4974437.69751,0.0,2.448864346508002e-11,219
1,[],22,[],2019-02-10 04:54:47,220855.61111111112,0.00000095,0.000000000034733235,6621740,2019-02-10 04:54:47,BTC,3.02482727,0.0,0.00000095,BTC,73782.87471926722,0.0268548,0.03603378,221
1,[],24,[],2019-02-10 04:54:47,0.0,0.000000610000,0.000000000022302393,6621741,2019-02-10 04:54:47,btc,0.0,0.0,0.000000610000,btc,0.0,0.0,0.0,221
1,[],20,[],2019-02-10 04:54:49,4623215.9011,0.000000004,0.00000000000014624520000000001,6621742,2019-02-10 04:54:49,btc,6.0750927507078,0.0,0.000000004,btc,9638933.2978,0.0,0.0092140371542,224
0,[],22,[],2019-02-10 04:54:52,0.0,0,0,6621743,2019-02-10 04:54:52,,0.0,0.0,0,,0.0,0.0,0.0,224
1,[],26,[],2019-02-10 04:54:52,0.0,0.00000045,0.000000000016452585,6621744,2019-02-10 04:54:52,btc,0.0,0.0,0.00000045,btc,0.0,0.0,0.0,231
1,[],26,[],2019-02-10 04:54:52,0.0,0.00000005,0.0000000000018280650000000002,6621745,2019-02-10 04:54:52,btc,0.0,0.0,0.00000005,btc,0.0,0.0,0.0,234
0,[],27,[],2019-02-10 04:54:54,0.0,0,0,6621746,2019-02-10 04:54:54,,0.0113483662182,0.0,0,"btc,eth",11462.99618,0.0,0.0,234
0,[],22,[],2019-02-10 04:54:58,0.0,0,0,6621747,2019-02-10 04:54:58,,3.00189498,0.0,0,,99907439.06349206,0.0,0.0,235
1,[],4,[],2019-02-10 04:54:59,811476.28254956,0.00000056,0.000000000020474328000000002,6621748,2019-02-10 04:54:59,btc,0.1174996523092942,0.0,0.00000056,btc,125411.81488508,0.0705299,0.1593636210735075,236
1,[],24,[],2019-02-10 04:54:59,0.0,0.000000010000,0.000000000000365613,6621749,2019-02-10 04:54:59,btc,0.0,0.0,0.000000010000,btc,0.0,0.0,0.0,236
1,[],20,[],2019-02-10 04:55:01,16271859.176,0.000000059,0.0000000000021571167,6621750,2019-02-10 04:55:01,btc,14.5794650840379,9438825.387,0.000000059,btc,27499443.8797,0.5664746588989,0.1345206280175,237
0.0000000001200439,[],22,[],2019-02-10 04:55:06,14400.0,1.2004390000000001e-17,4.388961041070001e-22,6621751,2019-02-10 04:55:06,LTC,0.04083605,0.0,0.0000001,LTC,4179.0,0.0,0.00144,237
1,[],4,[],2019-02-10 04:55:07,4546232.53112381,0.00000033,0.000000000012065229,6621752,2019-02-10 04:55:07,btc,0.7675255838697376,0.0,0.00000033,btc,2015919.84883848,0.17058547,1.3761854768942232,238
1,[],5,[],2019-02-10 04:55:09,4.25e-06,0.00000033,0.000000000012065229,6621753,2019-02-10 04:55:09,btc,0.83861205,0.00140195,0.00000033,btc,3.008e-05,0.0,0.28613763,238
1,[],22,[],2019-02-10 04:55:22,78507.5,0.00000002,0.000000000000731226,6621754,2019-02-10 04:55:22,BTC,15.41678688,0.0,0.00000002,BTC,370860.0639027493,0.00027492,0.00157015,249
0.0000000001200439,[],22,[],2019-02-10 04:55:34,6882771.333333333,3.6013170000000004e-18,1.316688312321e-22,6621755,2019-02-10 04:55:34,LTC,0.37866414,0.0,0.00000003,LTC,12988937.89,3.482228649444e-12,0.20548616,252
1,[],28,[],2019-02-10 04:55:36,3309218.286,0.00000011,0.000000000004021743,6621756,2019-02-10 04:55:36,btc,164693.52123294215,7976.5,0.00000011,btc,705508.578,0.0,0.1899703563,256
1,[],22,[],2019-02-10 04:55:40,114807.0,0.00000001,0.000000000000365613,6621757,2019-02-10 04:55:40,BTC,30.20506727,0.0,0.00000001,BTC,442390.0289327789,0.0,0.00114807,258
1,[],22,[],2019-01-26 20:58:41,368451.0,0.00000001,0.000000000000356135,6510120,2019-01-26 20:58:41,BTC,2.642917,0.0,0.00000001,"BTC,LTC",1862.0,0.0,0.02488451,259
1,[],22,[],2019-02-10 04:55:45,12273.297647058824,0.00000850,0.00000000031077105000000003,6621758,2019-02-10 04:55:45,BTC,1293.05546636,0.0,0.00000850,"BTC,LTC",8391.731583938783,0.00087448,0.018914,262
1,[],5,[],2019-02-10 04:55:47,6.684e-05,0.00000289,0.00000000010566215700000001,6621759,2019-02-10 04:55:47,btc,0.83890119,0.0881138,0.00000289,btc,0.00055447,0.0,0.18980102,264
1,[],20,[],2019-02-10 04:55:49,1169171.7417,0.00000281,0.00000000010273725300000001,6621760,2019-02-10 04:55:49,btc,5.0469539710503,44463.7172,0.00000281,btc,103518.2692,0.139659981928,0.0292491048946,264
1,[],22,[],2019-02-10 04:55:52,95356.5,0.00000002,0.000000000000731226,6621761,2019-02-10 04:55:52,BTC,9.31364146,0.0,0.00000002,BTC,371756.0382647885,0.0,0.0014095,271
0,[],22,[],2019-02-10 04:55:55,0.0,0,0,6621762,2019-02-10 04:55:55,,384.77798703,0.0,0,,15106717515.9,0.0,0.0,272
0.0000000000000053,[],28,[],2019-02-10 04:55:57,218499095106.89,4.293e-21,1.569576609e-25,6621763,2019-02-10 04:55:57,doge,374578696.1721481,565426399.7,0.00000081,doge,231349149695.1937,0.0,6.067054489590121e-10,272
1,[],22,[],2019-02-10 04:56:04,11147.0,0.00000200,0.0000000000731226,6621764,2019-02-10 04:56:04,BTC,74.80275298,0.0,0.00000200,"BTC,LTC",1029.012635451505,0.00504621,0.01620625,281
