pairValue,buyBook,exchangeId,sellBook,updated,buyTotal,satoshiPrice,usdPrice,exchangeLogId,created,bestPair,sellTotalBtc,volume,pairPrice,activePairs,sellTotal,volumeBtc,buyTotalBtc,coinId
1,[],3,[],2019-02-15 03:43:20,138.565964301721,0.01281860999999999937981609576809205464087426662445068359375,0.00000046270054655999995,6672432,2019-02-15 03:43:20,btc,107.09460639810764,0.96346156,0.01281860999999999937981609576809205464087426662445068359375,btc,23.750741207751002,0.0,0.3809739863142614,1
1,[],4,[],2019-02-15 03:43:21,130.98845415,0.01323466,0.00000047771828736,6672433,2019-02-15 03:43:21,btc,0.7881998363404183,0.0,0.01323466,btc,56.95951704,1.2054066,1.62477838274461,1
1,[],5,[],2019-02-15 03:43:24,0.28305954,0.01291979,0.00000046635273984,6672434,2019-02-15 03:43:24,btc,14578.74736225,0.88506253,0.01291979,btc,35555556.23239903,0.0,2.29762705,1
1,[],10,[],2019-02-15 03:43:27,414354.33481564,0.01110964,0.00000040101356544000003,6672435,2019-02-15 03:43:27,btc,6525.736052854186,1364.77595773,0.01110964,btc,1092.31893122,0.0,5.233994962690374,1
1,[],12,[],2019-02-15 03:43:29,10460.67993178,0.0128599999999999999034105968576113809831440448760986328125,0.00000046419456,6672436,2019-02-15 03:43:29,btc,0.2849714051824,0.0,0.0128599999999999999034105968576113809831440448760986328125,btc,14.85236996,2.0474128446883,0.522743293219,1
1,[],20,[],2019-02-15 03:43:31,1152.1903,0.010500212,0.000000379015652352,6672437,2019-02-15 03:43:31,btc,0.0573537536243,0.0,0.010500212,btc,2.5253,0.0,0.1009221821981,1
1,[],21,[],2019-02-15 03:43:34,2738.3520633,0.01294153999999999964110042328,0.00000046713782783999997,6672438,2019-02-15 03:43:34,btc,29.119810506854677,5160.19167324,0.01294153999999999964110042327547489549033343791961669921875,"btc,eth",2773.26740258,59.10913590227802,24.783963540003363,1
1,[],22,[],2019-02-15 03:43:39,0.0280576,0.01350000,0.000000487296,6672439,2019-02-15 03:43:39,BTC,0.3139634,0.0,0.01350000,BTC,0.10070366666666666,0.0,0.00036518,1
1,[],24,[],2019-02-15 03:43:39,0.0,0.000000000000,0,6672440,2019-02-15 03:43:39,btc,0.0,0.0,0.000000000000,btc,0.0,0.0,0.0,1
0.0,[],25,[],2019-02-15 03:43:40,0.0,0,0,6672441,2019-02-15 03:43:40,btc,25.849999997332883,541.30729754,0.0,btc,1962.04321377,7.1393,0.0,1
1,[],26,[],2019-02-15 03:43:50,0.0,0,0,6672442,2019-02-15 03:43:50,,0.0,0.0,0,,0.0,0.0,0.0,1
1,[],28,[],2019-02-15 03:43:52,992.968,0.01231000,0.00000044434176,6672443,2019-02-15 03:43:52,btc,0.162839806,17612.8,0.01231000,btc,8.9,0.0,0.086870176,1
0,[],2,[],2019-01-20 23:28:45,0.0,0,0,6477011,2019-01-20 23:28:45,,0.0,0.0,0,,0.0,0.0,0.0,1
1,[],5,[],2019-02-15 03:43:53,1.838e-05,0.00000071,0.00000000002562816,6672444,2019-02-15 03:43:53,btc,0.1271207,0.00989068,0.00000071,btc,6.37e-05,0.0,0.27547064,2
1,[],22,[],2019-02-15 03:43:58,1198.0,0.00000017,0.00000000000613632,6672445,2019-02-15 03:43:58,BTC,2.12229306,0.0,0.00000017,"BTC,XMR",14654.709143333333,0.0,0.00088485,2
1,[],5,[],2019-02-15 03:43:59,1.29e-06,0.00000017,0.00000000000613632,6672446,2019-02-15 03:43:59,btc,4.35233186,0.03560877,0.00000017,btc,2.278e-05,0.0,3.5976581,3
1,[],12,[],2019-02-15 03:44:00,12542076.587273,0.00000017,0.0000000000061363199999999994,6672447,2019-02-15 03:44:00,btc,924229.9872232222,0.0,0.00000017,btc,7882127.38499638,0.05350300042727502,0.5508601849134128,3
0,[],28,[],2019-02-15 03:44:03,0.0,0,0,6672448,2019-02-15 03:44:03,,0.0,0.0,0,,0.0,0.0,0.0,3
0,[],2,[],2019-01-20 23:31:32,0.0,0,0,6477077,2019-01-20 23:31:32,,0.0,0.0,0,,0.0,0.0,0.0,4
1,[],4,[],2019-02-15 03:44:05,370698.91903058,0.00000034,0.00000000001227264,6672449,2019-02-15 03:44:05,btc,0.3453561111398395,0.0,0.00000034,btc,323829.14969384,0.0,0.0452380200652495,4
1,[],12,[],2019-02-14 17:26:54,1405077.5219999999,0.00000004,0.000000000001441592,6666503,2019-02-14 17:26:54,btc,11113878.38315974,0.0,0.00000004,btc,1084186.13790569,0.0004039437362635,0.02355927044,5
0,[],2,[],2019-01-20 23:31:51,0.0,0,0,6477087,2019-01-20 23:31:51,,0.0,0.0,0,,0.0,0.0,0.0,6
1,[],11,[],2019-02-15 03:44:08,2564085.5,0.00000002,0.00000000000072192,6672450,2019-02-15 03:44:08,btc,9433.274881330583,11000.0,0.00000002,btc,39453987.81962851,0.0,0.042791405,6
1,[],3,[],2019-02-15 03:44:10,1076.337247173154,0.00014526000000000000174880943060173876801854930818080902099609375,0.00000000524330496,6672451,2019-02-15 03:44:10,btc,27.605824309446497,0.0,0.00014526000000000000174880943060173876801854930818080902099609375,btc,249.145665820227,0.0,0.03183197781773475,7
1,[],4,[],2019-02-15 03:44:11,23665.296234,0.00021203,0.00000000765343488,6672452,2019-02-15 03:44:11,btc,2.2706497454622463,0.0,0.00021203,btc,8937.24914463,13.17183004,4.6047112826791645,7
1,[],5,[],2019-02-15 03:44:12,0.00690086,0.00021596,0.000000007795292159999999,6672453,2019-02-15 03:44:12,btc,2.55887584,0.64918041,0.00021596,btc,0.01399516,0.0,2.12310009,7
1,[],20,[],2019-02-15 03:44:14,43516494.8418,0.000000001,0.000000000000036096,6672454,2019-02-15 03:44:14,btc,116.5827776391263,0.0,0.000000001,btc,29035064.8892,0.0,0.0435164948418,8
1,[],1,[],2019-02-15 03:44:14,2417344.7,0.000001830000000000000054831898570195658493275914224795997142791748046875,0.00000000006605568,6672455,2019-02-15 03:44:14,btc,4.4650195445,23389875.82,0.000001830000000000000054831898570195658493275914224795997142791748046875,btc,2392049.44,42.40548527,4.3577037527,9
1,[],4,[],2019-02-15 03:44:15,274716.34641072,0.00000181,0.00000000006533376,6672456,2019-02-15 03:44:15,btc,0.6093092352884487,0.0,0.00000181,btc,316759.13002361,1.3094797,0.46686329694437,9
1,[],28,[],2019-02-15 03:44:17,43335.0,0.00000167,0.00000000006028032,6672457,2019-02-15 03:44:17,btc,2708.76119522,3639217.0,0.00000167,btc,11732.68,0.0,0.04320645,9
0,[],2,[],2019-01-20 23:22:42,0.0,0,0,6476876,2019-01-20 23:22:42,,0.0,0.0,0,,0.0,0.0,0.0,9
0,[],23,[],2019-01-20 23:22:48,0.0,0,0,6476878,2019-01-20 23:22:48,,0.0,0.0,0,,0.0,0.0,0.0,9
1,[],4,[],2019-02-10 09:54:02,5828483.02026053,0.00000002,0.000000000000726692,6623074,2019-02-10 09:54:02,btc,0.2014004865591215,0.0,0.00000002,btc,4198675.28035349,0.00021932,0.0653957035452106,10
1,[],4,[],2019-02-15 03:44:18,1814186.95251155,0.00000136,0.00000000004909056,6672458,2019-02-15 03:44:18,btc,1.554015296781801,0.0,0.00000136,btc,829929.62215335,10.68301216,1.6250286070832425,12
1,[],5,[],2019-02-15 03:44:19,3.107e-05,0.00000154,0.00000000005558784,6672459,2019-02-15 03:44:19,btc,0.41519065,0.79646908,0.00000154,btc,0.00012666,0.0,0.22746908,12
0.0,[],25,[],2019-02-15 03:44:20,0.0,0,0,6672460,2019-02-15 03:44:20,,0.0,0.0,0.0,btc,0.0,0.0,0.0,12
0,[],2,[],2019-01-20 23:23:08,0.0,0,0,6476890,2019-01-20 23:23:08,,0.0,0.0,0,,0.0,0.0,0.0,12
1,[],4,[],2019-02-15 03:44:21,1325191.22759833,0.00000640,0.0000000002310144,6672461,2019-02-15 03:44:21,btc,1.37092599138242,0.0,0.00000640,btc,190254.71477683,1.28018874,1.444520350053536,13
1,[],21,[],2019-02-15 03:44:24,1083447.62830976,0.000006639999999999999953637346700,0.00000000023967744,6672462,2019-02-15 03:44:24,btc,8.552573681019236,2565627.4895229,0.0000066399999999999999536373467001748593929733033291995525360107421875,btc,1088509.0353061599,17.75643512,6.632661577053574,13
1,[],10,[],2019-02-15 03:02:44,452305.21954338,0.00000641,0.000000000231050373,6672246,2019-02-15 03:02:44,btc,666805.4507819974,8741.47318825,0.00000641,btc,724781.36261391,0.0,0.412525711360004,13
1,[],4,[],2019-02-15 03:44:25,1004788.25430527,0.00000143,0.00000000005161728,6672463,2019-02-15 03:44:25,btc,0.1530096901665876,0.0,0.00000143,btc,77410.49424669,0.02871413,0.4351004834061061,14
1,[],12,[],2019-02-15 03:44:26,85552.2231405,0.000001260000000000000006510091944689211373997750342823565006256103515625,0.00000000004548096,6672464,2019-02-15 03:44:26,btc,2.7764498022786492,0.0,0.000001260000000000000006510091944689211373997750342823565006256103515625,btc,30207.37033352,1.764e-05,0.009355660000005,14
0,[],17,[],2019-02-15 03:44:27,0.0,0,0,6672465,2019-02-15 03:44:27,btc,0.0,0.0,0,btc,0.0,0.0,0.0,14
1,[],26,[],2019-02-15 03:44:27,0.0,0.00000050,0.000000000018048,6672466,2019-02-15 03:44:27,btc,0.0,0.0,0.00000050,btc,0.0,0.0,0.0,14
0,[],4,[],2019-02-15 03:44:28,0.0,0,0,6672467,2019-02-15 03:44:28,,0.0,0.0,0,,0.0,0.0,0.0,15
,[],12,[],2018-12-01 15:15:48,204241.84496,0.00000489,0.000000000202473384,5260204,2018-12-01 15:15:48,btc,49.5475654835,0.0,,btc,35763.2193806,0.0163153972027625,0.0203389899998,15
1,[],4,[],2019-02-15 03:44:29,27614.95410969,0.00001816,0.00000000065550336,6672468,2019-02-15 03:44:29,btc,2.211911393208184,0.0,0.00001816,btc,7359.65610066,0.0103347,0.1127772030409612,18
1,[],10,[],2019-02-15 03:44:32,790680.3126654,0.00001769,0.00000000063853824,6672469,2019-02-15 03:44:32,btc,15.535787144656288,7931.12005423,0.00001769,btc,10443.80086343,0.0,0.311330917702685,18
1,[],12,[],2019-02-15 03:44:32,204275.83330693998,0.00001800000000000000045601543374740316494353464804589748382568359375,0.000000000649728,6672470,2019-02-15 03:44:32,btc,22.612015797544554,0.0,0.00001800000000000000045601543374740316494353464804589748382568359375,btc,1865.92947713,0.0024078499624812,0.0334493302989024,18
0,[],17,[],2019-02-15 03:44:34,0.0,0,0,6672471,2019-02-15 03:44:34,btc,0.0,0.0,0,btc,0.0,0.0,0.0,18
0,[],2,[],2019-01-20 23:23:38,0.0,0,0,6476906,2019-01-20 23:23:38,,0.0,0.0,0,,0.0,0.0,0.0,18
1,[],3,[],2019-02-15 03:44:34,132675.5835351808,0.0000268699999999999985405597924259524234003038145601749420166015625,0.0000000009698995199999999,6672472,2019-02-15 03:44:34,btc,0.5557920841850755,25.2229796154,0.0000268699999999999985405597924259524234003038145601749420166015625,btc,5750.707121982506,0.0,0.1785601847792692,19
1,[],4,[],2019-02-15 03:44:35,233444.6441223,0.00002791,0.00000000100743936,6672473,2019-02-15 03:44:35,btc,0.2519374534153422,0.0,0.00002791,btc,8266.69275139,1.44683867,2.283996249159726,19
1,[],5,[],2019-02-15 03:44:36,0.0002027,0.00002404,0.00000000086774784,6672474,2019-02-15 03:44:36,btc,0.21207917,0.0,0.00002404,btc,0.00298085,0.0,0.07509064,19
1,[],12,[],2019-02-15 03:44:37,134951.01855943,0.0000226299999999999984783179141079045848528039641678333282470703125,0.0000000008168524799999999,6672475,2019-02-15 03:44:37,btc,0.0295152167813548,0.0,0.0000226299999999999984783179141079045848528039641678333282470703125,btc,294.66393647,0.0,0.0325998599999009,19
0,[],27,[],2019-02-15 03:44:39,0.0,0,0,6672476,2019-02-15 03:44:39,,0.0,0.0,0,btc,0.0,0.0,0.0,19
0,[],2,[],2019-01-20 23:24:19,0.0,0,0,6476924,2019-01-20 23:24:19,,0.0,0.0,0,,0.0,0.0,0.0,19
1,[],4,[],2019-02-15 03:44:40,8105964.88270166,0.00000014,0.00000000000505344,6672477,2019-02-15 03:44:40,btc,0.7661869636079469,0.0,0.00000014,btc,1592129.81470972,0.00115096,0.2633208437753649,20
1,[],4,[],2019-02-15 03:44:41,112410141.0629021,0.00000002,0.00000000000072192,6672478,2019-02-15 03:44:41,btc,0.5583792655046984,0.0,0.00000002,btc,15821363.04231069,0.02225798,1.2860432651386824,21
1,[],12,[],2019-02-15 03:44:44,17376826.0,0.00000002,0.00000000000072192,6672479,2019-02-15 03:44:44,btc,669.7041376091021,0.0,0.00000002,btc,8561386.84915352,0.00616771994006,0.2197768,21
0,[],17,[],2019-02-15 03:44:55,0.0,0,0,6672480,2019-02-15 03:44:55,btc,0.0,0.0,0,btc,0.0,0.0,0.0,21
1,[],12,[],2019-02-15 03:44:57,2941746935.043896,0.0000000002,0.0000000000000072192,6672481,2019-02-15 03:44:57,btc,830864729352.1434,0.0,0.0000000002,btc,4238056871.327873,0.005966549631968385,0.3390324272555898,23
0,[],27,[],2019-02-15 03:44:59,0.0,0,0,6672482,2019-02-15 03:44:59,,0.7240921565934114,0.0,0,eth,727098.85514486,0.0,0.0,23
1,[],4,[],2019-02-15 03:45:00,380677.17460742,0.00000064,0.00000000002310144,6672483,2019-02-15 03:45:00,btc,0.1981525302814807,0.0,0.00000064,btc,191592.48038631,0.0,0.1915544977444096,24
1,[],22,[],2019-02-15 03:45:06,11.76,0.00000100,0.000000000036096,6672484,2019-02-15 03:45:06,BTC,7.415e-05,0.0,0.00000100,BTC,23.919354838709676,0.0,1.176e-05,24
0.0,[],25,[],2019-02-15 03:45:07,0.0,0,0,6672485,2019-02-15 03:45:07,,0.0,0.0,0.0,btc,0.0,0.0,0.0,24
1,[],4,[],2019-02-15 03:45:08,26993989.12429607,0.00000606,0.00000000021874176,6672486,2019-02-15 03:45:08,btc,0.5200104835262455,0.0,0.00000606,btc,41488.94052341,0.08341471,0.4154388311627993,26
1,[],10,[],2019-02-15 03:45:10,736961.09396857,0.0000054,0.0000000001949184,6672487,2019-02-15 03:45:10,btc,25.93586897465451,0.0,0.0000054,btc,15824.17466294,0.0,0.2264879136744379,26
0,[],2,[],2019-01-20 23:25:56,0.0,0,0,6476976,2019-01-20 23:25:56,,0.0,0.0,0,,0.0,0.0,0.0,26
1,[],3,[],2019-02-15 03:45:11,5689817.95913569,0.00000001,0.00000000000036096,6672488,2019-02-15 03:45:11,btc,2.6998142562093017,926920.026732,0.00000001,btc,17268102.61059958,0.0,0.0568981795913569,27
1,[],5,[],2019-02-15 03:45:12,1e-08,0.00000001,0.00000000000036096,6672489,2019-02-15 03:45:12,btc,1.5983649,0.00015547,0.00000001,btc,4.345e-05,0.0,0.09881521,27
1,[],11,[],2019-02-15 03:45:15,10063976.7912115,0.00000005,0.0000000000018048,6672490,2019-02-15 03:45:15,btc,370.6338154222541,8080.0,0.00000005,btc,8170841.5693934,0.0,0.4660996184459823,27
1,[],4,[],2019-02-15 03:45:15,601599410.5133454,0.00000002,0.00000000000072192,6672491,2019-02-15 03:45:15,btc,0.29797421396654244,0.0,0.00000002,"btc,ltc",23108377.23966178,0.24170516,8.64202841927802,29
1,[],7,[],2019-02-15 03:45:17,28894923.22404746,0.00000002,0.00000000000072192,6672492,2019-02-15 03:45:17,btc,44465226.10141032,75224.2470436,0.00000002,btc,55559193.57204453,0.00154333,0.4230735280447115,29
1,[],4,[],2019-02-15 03:45:18,1503049.97200739,0.00000026,0.00000000000938496,6672493,2019-02-15 03:45:18,btc,0.1565187342130697,0.0,0.00000026,btc,364498.48248746,0.0130873,0.1125619213734483,30
0,[],17,[],2019-02-15 03:03:46,0.0,0,0,6672276,2019-02-15 03:03:46,btc,0.0,0.0,0,btc,0.0,0.0,0.0,30
0,[],4,[],2019-02-15 03:47:29,0.0,0,0,6672494,2019-02-15 03:47:29,,0.0,0.0,0,,0.0,1.55170075,0.0,31
1,[],21,[],2019-02-15 03:47:29,54513.70012149,0.00007546999999999999401197742221,0.00000000272416512,6672495,2019-02-15 03:47:29,btc,2.9564949033090686,139616.54416462,0.000075469999999999994011977422214698663083254359662532806396484375,btc,36377.64189524,10.32428307,3.8361305209961087,31
0,[],2,[],2019-01-20 23:28:43,0.0,0,0,6477009,2019-01-20 23:28:43,,0.0,0.0,0,,0.0,0.0,0.0,32
1,[],4,[],2019-02-15 03:47:30,146420400.21860626,0.00000005,0.0000000000018048,6672496,2019-02-15 03:47:30,btc,2.193777551879848,0.0,0.00000005,"btc,ltc",46163101.19080001,0.62262234,2.585799168678127,33
1,[],12,[],2019-02-15 03:47:32,12103078.0,0.00000004,0.00000000000144384,6672497,2019-02-15 03:47:32,btc,34509929.11680844,0.0,0.00000004,btc,89060909.55244735,0.0034201766533478,0.36942105,33
1,[],4,[],2019-02-15 03:47:32,134566518.37513936,0.00000001,0.00000000000036096,6672498,2019-02-15 03:47:32,btc,1.0402712026403031,0.0,0.00000001,btc,41639911.23332942,0.00768599,1.3456651837513935,34
1,[],5,[],2019-02-15 03:47:34,1e-08,0.00000001,0.00000000000036096,6672499,2019-02-15 03:47:34,btc,5.07970883,0.00252088,0.00000001,btc,1.343e-05,0.0,0.85476575,34
0.00000000011580760000000001,[],4,[],2019-02-15 03:47:35,1064008487.8287,2.3161520000000004e-18,8.360382259200001e-23,6672500,2019-02-15 03:47:35,ltc,1.1551130620655227e-08,0.0,0.00000002,ltc,2335948847.0991454,0.0,1.8365230452014774e-09,36
1,[],5,[],2019-02-15 03:47:37,0.0,0,0,6672501,2019-02-15 03:47:37,btc,197.5385629,0.0,0,btc,1.325e-05,0.0,0.0,36
0,[],17,[],2019-02-15 03:47:38,0.0,0,0,6672502,2019-02-15 03:47:38,btc,0.14155809870950609,0.0,0,btc,10796613.27743647,0.0,0.0,36
0,[],27,[],2019-02-15 03:47:41,0.0,0,0,6672503,2019-02-15 03:47:41,,230.02189618271,48.0,0,"ltc,eth",3708919.3029,8.0909242944e-14,0.0,36
1,[],4,[],2019-02-15 03:47:42,278073.45702606,0.00000130,0.0000000000469248,6672504,2019-02-15 03:47:42,btc,0.3973940215511859,0.0,0.00000130,btc,234323.13240916,0.05829594,0.1497252239893284,37
1,[],12,[],2019-02-15 03:47:43,436411.51841428,0.0000011599999999999999051561623553130431218960438854992389678955078125,0.000000000041871359999999997,6672505,2019-02-15 03:47:43,btc,1364.0525983127498,0.0,0.0000011599999999999999051561623553130431218960438854992389678955078125,btc,693265.90688991,0.1628374223971209,0.2082831700000193,37
1,[],27,[],2019-02-15 03:47:56,16052.0,0.00000052,0.00000000001876992,6672506,2019-02-15 03:47:56,btc,26.73595537911233,0.0,0.00000052,btc,6579.81438508,0.0,0.00550422,37
1,[],17,[],2019-02-15 03:04:10,1752.74075282,0.00000025,0.000000000009011325,6672288,2019-02-15 03:04:10,btc,0.055484923777095005,0.0,0.00000025,btc,1319.19918473,0.0,0.00043818518820499993,37
1,[],5,[],2019-02-15 03:47:58,1.474e-05,0.00000096,0.00000000003465216,6672507,2019-02-15 03:47:58,btc,0.09446467,0.1040076,0.00000096,btc,0.00010256,0.0,0.04380884,42
1,[],12,[],2019-02-15 03:47:59,125690.35802426,0.0000009,0.0000000000324864,6672508,2019-02-15 03:47:59,btc,92.91299297476466,0.0,0.0000009,btc,93272.75753696,0.00831070691375,0.0436401364367851,42
0,[],27,[],2019-02-15 03:48:01,0.0,0,0,6672509,2019-02-15 03:48:01,,0.00315028,0.0,0,"btc,eth",11.007,0.0,0.0,42
1,[],5,[],2019-02-15 03:48:02,3e-08,0.00000002,0.00000000000072192,6672510,2019-02-15 03:48:02,btc,6.16328141,0.03601801,0.00000002,btc,1.375e-05,0.0,0.5744076,43
1,[],12,[],2019-02-15 03:48:03,4101745.0,0.00000001,0.00000000000036096,6672511,2019-02-15 03:48:03,btc,20007457.492715113,0.0,0.00000001,btc,38975756.46793203,5.0749250752e-06,0.041017450000000004,43
0,[],17,[],2019-02-15 00:55:41,0.0,0,0,6671101,2019-02-15 00:55:41,btc,0.0,0.0,0,btc,0.0,0.0,0.0,43
1,[],12,[],2019-02-15 03:48:15,704178.0,0.00000005,0.0000000000018048,6672512,2019-02-15 03:48:15,btc,11115166.86189305,0.0,0.00000005,btc,1000908.14385612,0.0039391369930068,0.01845145,44
1,[],4,[],2019-02-15 03:48:16,225334151.75256407,0.00000002,0.00000000000072192,6672513,2019-02-15 03:48:16,btc,0.17703390607742353,0.0,0.00000002,"btc,ltc",4432601.13877993,0.00023499,0.4306101510320263,49
0.00000000011580760000000001,[],4,[],2019-02-15 03:48:17,1697758651.6184578,1.1580760000000002e-18,4.1801911296000005e-23,6672514,2019-02-15 03:48:17,ltc,4.645173508590637,0.0,0.00000001,ltc,3768491458.9474792,0.0,1.9661335482316975e-09,52
0,[],22,[],2019-02-15 03:48:20,0.0,0,0,6672515,2019-02-15 03:48:20,,8108.82526305,0.0,0,,262741443.67882353,0.0,0.0,57
0,[],27,[],2019-02-15 03:48:22,0.0,0,0,6672516,2019-02-15 03:48:22,,0.0,0.0,0,"btc,eth",0.0,0.0,0.0,57
0.00000000011580760000000001,[],4,[],2019-02-15 03:48:23,1143858999.174188,4.632304000000001e-18,1.6720764518400002e-22,6672517,2019-02-15 03:48:23,ltc,3.2722090018231453,0.0,0.00000004,ltc,799477029.2858559,0.005,3.3057953367987017e-09,58
1,[],12,[],2019-02-15 03:48:25,1882739277.843957,0.0000000005,0.000000000000018048,6672518,2019-02-15 03:48:25,btc,724045490499.4839,0.0,0.0000000005,btc,3703214147.31499,0.002293990691808198,0.6564275252011391,58
0,[],17,[],2019-02-15 03:48:37,0.0,0,0,6672519,2019-02-15 03:48:37,btc,1e+24,0.0,0,btc,41401875.8285055,0.0,0.0,58
0.000000000128348,[],22,[],2019-02-15 03:48:40,137438.0,1.28348e-18,4.632849408e-23,6672520,2019-02-15 03:48:40,XMR,69.8835922,0.0,0.00000001,XMR,9887963.0,0.0,0.00137438,58
1,[],5,[],2019-02-15 03:48:42,7.64e-06,0.00000070,0.0000000000252672,6672521,2019-02-15 03:48:42,btc,0.20277175,0.14658116,0.00000070,btc,8.636e-05,0.0,0.18295877,61
1,[],22,[],2019-02-15 03:48:45,5149.5,0.00000011,0.0000000000039705599999999996,6672522,2019-02-15 03:48:45,BTC,1002.29598212,0.0,0.00000011,BTC,14957.700278135757,0.0,0.00051596,61
1,[],26,[],2019-02-15 03:48:45,0.0,0.00000800,0.000000000288768,6672523,2019-02-15 03:48:45,btc,0.0,0.0,0.00000800,btc,0.0,0.0,0.0,61
1,[],27,[],2019-02-15 03:48:48,9403.8823,0.00000034,0.00000000001227264,6672524,2019-02-15 03:48:48,btc,9.940804276931694,600.57125583,0.00000034,"btc,eth",15657.09679279,2.404375810746e-11,0.0006378899836905457,61
1,[],28,[],2019-02-15 03:48:54,19894.304,0.00000091,0.00000000003284736,6672525,2019-02-15 03:48:54,btc,2.056365493700105,800.89,0.00000091,btc,9767.52450005,0.0,0.00993521304,61
1,[],4,[],2019-02-15 01:44:31,429336.30017367,0.00000270,0.00000000009723969,6671316,2019-02-15 01:44:31,btc,1.200582721213451,0.0,0.00000270,btc,293252.95715981,0.15567766,0.76586909133984,67
0.0,[],25,[],2019-02-15 01:44:33,0.0,0,0,6671317,2019-02-15 01:44:33,,0.0,0.0,0.0,btc,0.0,0.0,0.0,67
1,[],12,[],2019-02-15 03:48:56,3865189.8042644,0.00000018,0.0000000000064972799999999996,6672526,2019-02-15 03:48:56,btc,11115996.473557012,0.0,0.00000018,btc,1940726.83202861,0.0042053453168602,0.1855380064411105,71
,[],5,[],2018-11-20 23:02:39,1.5e-07,0.00000005,0.000000000002128045,4862160,2018-11-20 23:02:39,btc,2.84511358,0.0,,btc,0.00036572,0.0,0.07381892,74
1,[],5,[],2019-02-15 03:48:59,3.049e-05,0.00000156,0.00000000005630976,6672527,2019-02-15 03:48:59,btc,1.5424315,0.0,0.00000156,btc,0.00016981,0.0,0.30484564,75
1,[],4,[],2019-02-15 03:49:00,29738604.75692337,0.00000001,0.00000000000036096,6672528,2019-02-15 03:49:00,btc,0.7668881456247842,0.0,0.00000001,btc,14615939.68425178,0.0,0.2973860475692337,81
0,[],20,[],2019-01-25 09:30:31,0.0,0,0,6495923,2019-01-25 09:30:31,btc,0.0,0.0,0,btc,0.0,0.0,0.0,81
1,[],4,[],2019-02-15 03:49:01,24026.65305934,0.00007697,0.00000000277830912,6672529,2019-02-15 03:49:01,btc,1.3364364522105379,0.0,0.00007697,btc,11446.49584967,0.02409216,0.1062519979267054,82
1,[],21,[],2019-02-15 03:49:02,138724.33496755,0.00007514999999999999707577663655,0.0000000027126144,6672530,2019-02-15 03:49:02,btc,2.948302735873102,21908.60868682,0.000075149999999999997075776636545896280949818901717662811279296875,btc,32793.90092084,1.68357115,2.512393926292741,82
0,[],17,[],2019-02-15 03:04:38,0.0,0,0,6672303,2019-02-15 03:04:38,btc,0.0447233088476774,0.0,0,btc,999127.19588126,0.0,0.0,84
0.00000000011580760000000001,[],4,[],2019-02-15 03:49:15,154173770.4368578,8.106532e-18,2.92613379072e-22,6672531,2019-02-15 03:49:15,ltc,0.19569063268770773,0.0,0.00000007,ltc,104141407.69576845,0.0,7.086480051535045e-10,85
,[],22,[],2018-11-20 23:09:34,3408.1,0.0000001,0.0000000000041895,4862324,2018-11-20 23:09:34,BTC,0.04624735,0.0,,BTC,4990.0,0.0,0.00033081,86
0,[],22,[],2019-02-15 03:49:18,0.0,0,0,6672532,2019-02-15 03:49:18,,2.0760781,0.0,0,,140622.94736842104,0.0,0.0,87
0,[],27,[],2019-02-15 03:49:20,0.0,0,0,6672533,2019-02-15 03:49:20,,0.0,0.0,0,btc,0.0,0.0,0.0,87
,[],2,[],2018-11-20 23:10:47,0.0,0,0,4862359,2018-11-20 23:10:47,,0.0,0.0,,,0.0,0.0,0.0,88
1,[],11,[],2019-02-15 03:49:22,96942.38176409,0.00014714999999999999889983837153550894072395749390125274658203125,0.0000000053115264,6672534,2019-02-15 03:49:22,btc,609.4628246172837,102.06560587,0.00014714999999999999889983837153550894072395749390125274658203125,btc,91270.22347686,0.0,6.571815046020652,89
0,[],2,[],2019-01-20 23:31:45,0.0,0,0,6477083,2019-01-20 23:31:45,,0.0,0.0,0,,0.0,0.0,0.0,91
1,[],12,[],2019-02-15 03:49:23,437818.75487117,0.00000206000000000000018206681821897330308956952649168670177459716796875,0.00000000007435776,6672535,2019-02-15 03:49:23,btc,4.1987550542099745,0.0,0.00000206000000000000018206681821897330308956952649168670177459716796875,btc,46227.65813847,0.0056351710033971,0.0615321218000153,91
0,[],17,[],2019-02-15 02:56:28,0.0,0,0,6672120,2019-02-15 02:56:28,btc,0.0,0.0,0,btc,0.0,0.0,0.0,91
0.00000000011580760000000001,[],22,[],2019-02-15 03:49:33,4525000.0,4.632304000000001e-18,1.6720764518400002e-22,6672536,2019-02-15 03:49:33,LTC,8.12129807,0.0,0.00000004,LTC,66745238.1,6.6010332e-16,0.14575,95
0.00000000011580760000000001,[],4,[],2019-02-15 03:49:34,138139612.11587644,9.496223200000001e-17,3.427756726272e-21,6672537,2019-02-15 03:49:34,ltc,0.5988937995478066,0.0,0.00000082,ltc,35571292.37765522,0.0021,1.253480362251234e-09,96
1,[],12,[],2019-02-15 03:49:35,518219.0,0.00000001,0.00000000000036096,6672538,2019-02-15 03:49:35,btc,255061.99737593989,0.0,0.00000001,btc,8743218.54676297,0.00054143,0.00518219,96
0,[],17,[],2019-02-15 03:49:36,0.0,0,0,6672539,2019-02-15 03:49:36,btc,0.0,0.0,0,btc,0.0,0.0,0.0,96
1,[],4,[],2019-02-15 03:49:38,1736438.36089942,0.00000034,0.00000000001227264,6672540,2019-02-15 03:49:38,btc,0.2601546542477987,0.0,0.00000034,btc,517704.90738252,0.04150767,0.2007868656141239,99
0,[],2,[],2019-01-20 23:23:55,0.0,0,0,6476914,2019-01-20 23:23:55,,0.0,0.0,0,,0.0,0.0,0.0,100
1,[],4,[],2019-02-15 03:49:38,203271.71355678,0.00004123,0.00000000148823808,6672541,2019-02-15 03:49:38,btc,1.1568058728837607,0.0,0.00004123,btc,24655.08905797,0.91740218,1.507297943289141,100
1,[],22,[],2019-02-15 03:49:42,50000.0,0.00000001,0.00000000000036096,6672542,2019-02-15 03:49:42,BTC,23.49896609,0.0,0.00000001,BTC,10277.22,0.0,0.0005,101
1,[],4,[],2019-02-15 03:49:43,318867.87592192,0.00000108,0.00000000003898368,6672543,2019-02-15 03:49:43,btc,0.426370309690469,0.0,0.00000108,btc,162607.26778021,0.02415915,0.1609970203319307,103
1,[],12,[],2019-02-15 03:49:45,49601476.4663887,0.000000017,0.000000000000613632,6672544,2019-02-15 03:49:45,btc,137278882.13110772,0.0,0.000000017,btc,122020185.74121995,0.10068388623948743,0.2613088854622192,105
1,[],27,[],2019-02-15 03:49:48,4009342.89,0.00000001,0.00000000000036096,6672545,2019-02-15 03:49:48,btc,0.3614577513692299,0.0,0.00000001,btc,323444.42860553,0.0,0.0400934289,105
0,[],22,[],2019-02-15 03:49:56,0.0,0,0,6672546,2019-02-15 03:49:56,,51.10825004,0.0,0,,468935.0,0.0,0.0,107
1,[],26,[],2019-02-15 03:49:56,0.0,0.00000000,0,6672547,2019-02-15 03:49:56,btc,0.0,0.0,0.00000000,btc,0.0,0.0,0.0,107
1,[],5,[],2019-02-15 03:49:59,1e-08,0.00000001,0.00000000000036096,6672548,2019-02-15 03:49:59,btc,2.89210887,0.00188717,0.00000001,btc,1.571e-05,0.0,0.08590134,112
1,[],22,[],2019-02-15 03:50:04,167093.0,0.00000001,0.00000000000036096,6672549,2019-02-15 03:50:04,BTC,2.81183288,0.0,0.00000001,BTC,808524.0833333334,0.0,0.00167093,112
0,[],27,[],2019-02-15 03:50:06,0.0,0,0,6672550,2019-02-15 03:50:06,,1.35132491849924,0.0,0,"btc,eth",1328.641654,0.0,0.0,112
1,[],4,[],2019-02-15 03:50:07,448254.55893143,0.00000321,0.00000000011586816,6672551,2019-02-15 03:50:07,btc,0.2522331656523838,0.0,0.00000321,btc,58924.72498229,0.10486251,0.2023439556093025,113
1,[],5,[],2019-02-15 03:50:09,1.551e-05,0.00000320,0.0000000001155072,6672552,2019-02-15 03:50:09,btc,0.81318512,0.00074537,0.00000320,btc,0.00141476,0.0,0.21473761,113
1,[],17,[],2019-02-15 02:48:28,152738.278,0.00000004,0.000000000001441616,6671932,2019-02-15 02:48:28,btc,1.3368030274613065,0.0,0.00000004,btc,51896.221,0.0,0.0022095311199999998,116
0,[],27,[],2019-02-15 03:50:22,0.0,0,0,6672553,2019-02-15 03:50:22,,0.0,0.0,0,btc,0.0,0.0,0.0,116
1,[],4,[],2019-02-15 03:50:23,27900.47164782,0.00003057,0.00000000110345472,6672554,2019-02-15 03:50:23,btc,0.581922445255517,0.0,0.00003057,btc,17063.95857541,4.34270599,0.6966960854996512,120
1,[],7,[],2019-02-15 03:50:25,18496.10147363,0.000034999999999999996933876256210993460626923479139804840087890625,0.0000000012633599999999999,6672555,2019-02-15 03:50:25,btc,115647.18199777593,194.01469852,0.000034999999999999996933876256210993460626923479139804840087890625,btc,29254.38626924,0.00628199,0.0827536785137165,120
1,[],20,[],2019-02-15 03:50:28,1093445.8166,0.000000014,0.000000000000505344,6672556,2019-02-15 03:50:28,btc,33.8691165036599,0.0,0.000000014,btc,1150552.4764,0.0,0.0052654043171,125
1,[],22,[],2019-02-15 03:50:31,3053.0,0.00000001,0.00000000000036096,6672557,2019-02-15 03:50:31,BTC,0.01444889,0.0,0.00000001,BTC,296264.5111111111,0.0,3.053e-05,126
0,[],17,[],2019-02-15 02:48:50,0.0,0,0,6671939,2019-02-15 02:48:50,btc,0.0009561751951600001,0.0,0,btc,35.42829368,0.0,0.0,131
0,[],2,[],2019-01-20 23:25:46,0.0,0,0,6476969,2019-01-20 23:25:46,,0.0,0.0,0,,0.0,0.0,0.0,131
1,[],4,[],2019-02-15 03:50:32,136633.61157876,0.00001689,0.00000000060966144,6672558,2019-02-15 03:50:32,btc,1.1341347821690242,0.0,0.00001689,btc,48973.77110085,0.83090356,0.8950324954783888,131
1,[],4,[],2019-02-15 03:50:43,4623.16103901,0.00016164,0.00000000583455744,6672559,2019-02-15 03:50:43,btc,1.6422145893535387,0.0,0.00016164,btc,308.40189166,0.0,0.0089844434726606,135
1,[],3,[],2019-02-15 03:50:44,1826830.20571841,0.00000007,0.00000000000252672,6672560,2019-02-15 03:50:44,btc,0.113658989426027,57841.4532222,0.00000007,btc,370279.66366187,0.0,0.067704665113701,136
1,[],4,[],2019-02-15 03:50:45,46470.43455597,0.00000174,0.00000000006280704,6672561,2019-02-15 03:50:45,btc,0.047611674966789,0.0,0.00000174,btc,23669.7773258,0.09657369,0.0477467908614291,137
1,[],12,[],2019-02-15 03:50:46,296752.31806631,0.000001769999999999999994019540816569957542014890350401401519775390625,0.00000000006388992,6672562,2019-02-15 03:50:46,btc,11982.948291468432,0.0,0.000001769999999999999994019540816569957542014890350401401519775390625,btc,159168.07304899,0.0391889387376632,0.0274278602397225,137
1,[],4,[],2019-02-15 03:50:47,1229743.86255194,0.00004702,0.00000000169723392,6672563,2019-02-15 03:50:47,btc,0.5922837565138745,0.0,0.00004702,btc,11327.96650256,0.46186958,0.7291769080802564,142
1,[],5,[],2019-02-15 03:50:49,0.00130708,0.00004546,0.00000000164092416,6672564,2019-02-15 03:50:49,btc,1.06697675,0.58421857,0.00004546,btc,0.0029268,0.0,0.92148924,142
1,[],17,[],2019-02-15 03:50:50,22967.386363640002,0.00000088,0.00000000003176448,6672565,2019-02-15 03:50:50,btc,20.0699133526009,0.0,0.00000088,btc,2746.079105,0.0,0.0104613000000032,142
1,[],20,[],2019-02-15 03:50:52,134048.2179,0.000033819,0.000000001220730624,6672566,2019-02-15 03:50:52,btc,0.4393648468046,43.1223,0.000033819,btc,4305.1639,0.001415297151,0.2570605609236,142
1,[],22,[],2019-02-15 03:50:56,1610.354305200341,0.00003220,0.0000000011622912,6672567,2019-02-15 03:50:56,BTC,3.00917232,0.0,0.00003220,BTC,917.9383601288407,1.322e-05,0.0019657,142
0.0,[],25,[],2019-02-15 03:50:57,0.0,0,0,6672568,2019-02-15 03:50:57,,0.0,0.0,0.0,btc,0.0,0.0,0.0,142
1,[],28,[],2019-02-15 03:51:03,77743.0,0.00004500,0.00000000162432,6672569,2019-02-15 03:51:03,btc,0.057261322,650.0,0.00004500,btc,356.4989,0.0,0.0519372,142
0,[],22,[],2019-02-15 03:53:06,0.0,0,0,6672570,2019-02-15 03:53:06,,67.4285069,0.0,0,,834770972.3,0.0,0.0,143
1,[],21,[],2019-02-15 03:53:07,37480115.97000626,0.00000028,0.00000000001010688,6672571,2019-02-15 03:53:07,btc,39.848336345372516,2461618.51333298,0.00000028,btc,77370604.8533326,0.69566623,6.058624496654079,145
0,[],22,[],2019-02-15 03:06:24,0.0,0,0,6672340,2019-02-15 03:06:24,,4.24982284,0.0,0,,1814156.0,0.0,0.0,146
,[],22,[],2018-11-20 23:01:11,0.0,0,0,4862114,2018-11-20 23:01:11,,2.56807021,0.0,,,61828.4988236,0.0,0.0,147
1,[],12,[],2019-02-15 03:53:08,8678998.18515906,0.00000302999999999999978877139594768408414893201552331447601318359375,0.00000000010937088,6672572,2019-02-15 03:53:08,btc,16.58417383442917,0.0,0.00000302999999999999978877139594768408414893201552331447601318359375,btc,122519.66449333,0.0005599137,0.1085092163000236,148
1,[],4,[],2019-02-15 03:53:09,272688.30855127,0.00000036,0.00000000001299456,6672573,2019-02-15 03:53:09,btc,0.7785159823072849,0.0,0.00000036,btc,591310.33703653,0.00161398,0.0647157791439012,152
0,[],22,[],2019-02-15 03:53:11,0.0,0,0,6672574,2019-02-15 03:53:11,,0.0,0.0,0,,0.0,0.0,0.0,152
1,[],5,[],2019-02-15 03:53:13,0.0,0,0,6672575,2019-02-15 03:53:13,btc,10.61570492,0.0,0,btc,0.00092785,0.0,0.0,153
,[],16,[],2019-01-11 15:38:59,0.0,0,0,6366141,2019-01-11 15:38:59,btc,0.0,0.0,,btc,0.0,0.0,0.0,155
0,[],23,[],2019-01-20 23:24:29,0.0,0,0,6476932,2019-01-20 23:24:29,,0.0,0.0,0,,0.0,0.0,0.0,156
0,[],22,[],2019-02-15 03:53:16,0.0,0,0,6672576,2019-02-15 03:53:16,,6.74608761,0.0,0,,4644402.242592593,0.0,0.0,156
1,[],22,[],2019-02-15 03:53:19,7063.8,0.00005300,0.000000001913088,6672577,2019-02-15 03:53:19,BTC,43.78801181,0.0,0.00005300,BTC,1067.5805334758436,0.0,0.00104326,157
0,[],22,[],2019-02-15 03:53:22,0.0,0,0,6672578,2019-02-15 03:53:22,,50175.67558609,0.0,0,,54029136.04179466,0.0,0.0,158
,[],17,[],2018-11-20 22:56:10,0.0,0,0,4861976,2018-11-20 22:56:10,btc,1.1265625,0.0,,btc,1000.0,0.0,0.0,159
,[],20,[],2018-11-20 22:56:12,0.0,0,0,4861977,2018-11-20 22:56:12,btc,11912.7940471,0.0,,btc,34413894.3617,0.0,0.0,159
1,[],17,[],2019-02-15 02:49:46,29784.95,0.000001,0.0000000000360404,6671962,2019-02-15 02:49:46,btc,0.03026736251542,0.0,0.000001,btc,144.46171372,0.0,0.00716147,168
1,[],12,[],2019-02-15 03:53:23,178748.13513278,0.00000770000000000000081623076353398715809817076660692691802978515625,0.00000000027793920000000003,6672579,2019-02-15 03:53:23,btc,6.661762960629179,0.0,0.00000770000000000000081623076353398715809817076660692691802978515625,btc,14831.956970340001,0.0014758594,0.0839357776999515,168
0,[],22,[],2019-02-15 03:53:36,0.0,0,0,6672580,2019-02-15 03:53:36,,1.14776715,0.0,0,,721548.0900917595,0.0,0.0,169
1,[],22,[],2019-02-15 03:53:40,236276.0,0.00000011,0.0000000000039705599999999996,6672581,2019-02-15 03:53:40,BTC,11.32785449,0.0,0.00000011,BTC,130417.33368472014,0.00095976,0.02144036,171
1,[],22,[],2019-02-15 03:53:43,218916.0,0.00000017,0.00000000000613632,6672582,2019-02-15 03:53:43,BTC,2.65094263,0.0,0.00000017,BTC,248846.574080494,0.0,0.01634888,173
1,[],5,[],2019-02-15 03:53:46,2.138e-05,0.00000180,0.0000000000649728,6672583,2019-02-15 03:53:46,btc,0.2588219,0.00387425,0.00000180,btc,0.00025658,0.0,0.23878131,175
1,[],22,[],2019-02-15 03:53:54,36500.0,0.00000042,0.00000000001516032,6672584,2019-02-15 03:53:54,BTC,0.58252807,0.0,0.00000042,BTC,175393.47031396697,0.02654293,0.01003,176
1,[],7,[],2019-02-15 03:53:56,0.0,0,0,6672585,2019-02-15 03:53:56,btc,410973.9177089935,0.0,0,btc,115545110.28145695,0.0,0.0,178
0,[],2,[],2019-01-20 23:28:34,0.0,0,0,6477001,2019-01-20 23:28:34,,0.0,0.0,0,,0.0,0.0,0.0,178
0,[],22,[],2019-02-15 03:53:59,0.0,0,0,6672586,2019-02-15 03:53:59,,1.00242428,0.0,0,,57512.0,0.0,0.0,178
0,[],23,[],2019-01-20 23:25:08,0.0,0,0,6476952,2019-01-20 23:25:08,,0.0,0.0,0,,0.0,0.0,0.0,179
1,[],5,[],2019-02-15 03:54:00,3e-08,0.00000002,0.00000000000072192,6672587,2019-02-15 03:54:00,btc,30.20188969,0.43557821,0.00000002,btc,2.088e-05,0.0,0.73010819,179
1,[],22,[],2019-02-15 03:54:05,8148785.0,0.00000002,0.00000000000072192,6672588,2019-02-15 03:54:05,BTC,5.48629708,0.0,0.00000002,"BTC,LTC",17843614.676989965,0.00073976,0.39023554,179
1,[],22,[],2019-02-15 03:54:20,129205.4,0.0000005,0.000000000018048,6672589,2019-02-15 03:54:20,BTC,0.1148946,0.0,0.0000005,"BTC,LTC",18039.086946767708,1.13e-06,0.00160544,180
1,[],26,[],2019-02-15 03:54:20,0.0,0.00000300,0.000000000108288,6672590,2019-02-15 03:54:20,btc,0.0,766.00139996,0.00000300,btc,0.0,0.0,0.0,180
1,[],17,[],2019-02-15 03:07:05,10504.725,0.0000001,0.00000000000360453,6672353,2019-02-15 03:07:05,btc,5.201913593534378,0.0,0.0000001,btc,5466.1328087,0.0,0.0010504725,180
,[],7,[],2018-11-20 22:58:01,562227.975654,0.00000085,0.000000000036176765,4862015,2018-11-20 22:58:01,btc,21836.6059674,2491.87645172,,btc,749999.041456,0.00211021,0.127565380455,183
,[],5,[],2019-01-10 08:11:41,0.0,0,0,6347036,2019-01-10 08:11:41,btc,82.15055501,0.00261,,btc,1.19002445,0.0,0.0,187
,[],17,[],2018-11-16 20:58:10,4062536.27273,0.00000001,0.000000000000550501,4708775,2018-11-16 20:58:10,btc,3.36492563466,0.195460381006,,"btc,eth",110697919.549,0.0,0.0157628953496,187
1,[],24,[],2019-02-15 03:54:21,0.0,0.000000000001,3.6096e-17,6672591,2019-02-15 03:54:21,btc,0.0,0.0,0.000000000001,btc,0.0,0.0,0.0,187
0,[],22,[],2019-02-15 03:54:24,0.0,0,0,6672592,2019-02-15 03:54:24,,1.19377283,0.0,0,,16434.10286773884,0.0,0.0,191
0,[],22,[],2019-02-15 03:54:29,0.0,0,0,6672593,2019-02-15 03:54:29,,0.0,0.0,0,,0.0,0.0,0.0,197
0,[],23,[],2019-01-20 23:31:41,0.0,0,0,6477079,2019-01-20 23:31:41,,0.0,0.0,0,,0.0,0.0,0.0,199
0,[],22,[],2019-02-15 03:54:32,0.0,0,0,6672594,2019-02-15 03:54:32,,5.15195517,0.0,0,,19804684.0,0.0,0.0,199
1,[],26,[],2019-02-15 03:54:32,0.0,0.00000000,0,6672595,2019-02-15 03:54:32,btc,0.0,772238.0,0.00000000,btc,0.0,0.0,0.0,199
0,[],17,[],2019-01-30 16:32:01,0.0,0,0,6540827,2019-01-30 16:32:01,btc,6.802544163788159,0.0,0,btc,105897.55575295,0.0,0.0,200
0,[],2,[],2019-01-20 23:30:49,0.0,0,0,6477059,2019-01-20 23:30:49,,0.0,0.0,0,,0.0,0.0,0.0,201
1,[],4,[],2019-01-25 15:51:35,2084389.58565343,0.00000936,0.000000000333526752,6499557,2019-01-25 15:51:35,btc,2.0092503037378524,0.0,0.00000936,btc,160195.80207885,0.19272417,1.242687955921835,211
1,[],7,[],2019-02-15 03:54:37,5862404.80809508,0.0000013299999999999999715787242504649867669286322779953479766845703125,0.000000000048007679999999996,6672596,2019-02-15 03:54:37,btc,15450814.285446793,302236.424417,0.0000013299999999999999715787242504649867669286322779953479766845703125,btc,11030563.34088689,0.0,4.251532849374463,212
1,[],12,[],2019-01-25 02:44:32,207462.42853209,0.000001080000000000000035831255497387193287295303889550268650054931640625,0.000000000038610756000000006,6493050,2019-01-25 02:44:32,btc,85023.03793723314,0.0,0.000001080000000000000035831255497387193287295303889550268650054931640625,btc,43675.73520027,0.000146250909087,0.0348620860622024,213
1,[],5,[],2019-02-15 03:54:39,3.35e-06,0.00000031,0.00000000001118976,6672597,2019-02-15 03:54:39,btc,0.97400051,0.17695825,0.00000031,btc,2.949e-05,0.0,0.16307823,213
1,[],24,[],2019-02-15 03:54:39,0.0,0.000000050000,0.0000000000018048,6672598,2019-02-15 03:54:39,btc,0.0,0.0,0.000000050000,btc,0.0,0.0,0.0,213
1,[],26,[],2019-02-15 03:54:39,0.0,0.00000009,0.00000000000324864,6672599,2019-02-15 03:54:39,btc,0.0,0.0,0.00000009,btc,0.0,0.0,0.0,213
1,[],22,[],2019-02-15 03:54:43,84099.0,0.00000002,0.00000000000072192,6672600,2019-02-15 03:54:43,BTC,2.19180044,0.0,0.00000002,BTC,147809.63137942314,0.00073976,0.00086798,216
1,[],27,[],2019-02-15 03:54:46,5203657.5615,0.00000004,0.00000000000144384,6672601,2019-02-15 03:54:46,btc,257.4737088006,3940.334,0.00000004,"btc,ltc",272841.575,0.00015761,0.05469726246,216
1,[],22,[],2019-02-15 03:54:50,239697.07925832886,0.00000208,0.00000000007507968,6672602,2019-02-15 03:54:50,BTC,12677.07394544,0.0,0.00000208,BTC,430542.2281818062,0.01539808,0.28949723,217
1,[],7,[],2019-02-15 03:54:52,0.0,0,0,6672603,2019-02-15 03:54:52,btc,77970.05589791511,0.0,0,btc,137100858.32140028,0.0,0.0,219
0,[],27,[],2019-02-15 03:54:54,0.0,0,0,6672604,2019-02-15 03:54:54,,5.341893788316972,0.0,0,btc,1605140.99226595,0.0,0.0,219
0.0000000000000052,[],28,[],2019-02-15 03:55:01,169952566.853,6.78522e-18,2.4491930112e-22,6672605,2019-02-15 03:55:01,doge,88712.3748390675,14597.0,0.00130485,"btc,doge",4987338.69631,0.0,1.584091780248952e-11,219
1,[],22,[],2019-02-15 03:55:06,382597.6,0.00000021,0.00000000000758016,6672606,2019-02-15 03:55:06,BTC,3.05757602,0.0,0.00000021,BTC,106825.97041875875,1.76e-05,0.04845476,221
1,[],24,[],2019-02-15 03:55:06,0.0,0.000000210000,0.00000000000758016,6672607,2019-02-15 03:55:06,btc,0.0,41.92572,0.000000210000,btc,0.0,3.524e-05,0.0,221
1,[],20,[],2019-02-15 03:55:08,52014780.388,0.000000004,0.000000000000144384,6672608,2019-02-15 03:55:08,btc,49.8561890273503,150057.9,0.000000004,btc,10131219.2359,0.0006002316,0.0543415264806,224
0,[],22,[],2019-02-15 03:55:11,0.0,0,0,6672609,2019-02-15 03:55:11,,0.0,0.0,0,,0.0,0.0,0.0,224
1,[],26,[],2019-02-15 03:55:11,0.0,0.00000033,0.00000000001191168,6672610,2019-02-15 03:55:11,btc,0.0,16646.5099998,0.00000033,btc,0.0,0.0,0.0,231
1,[],26,[],2019-02-15 03:55:11,0.0,0.00000005,0.0000000000018048,6672611,2019-02-15 03:55:11,btc,0.0,1440.0,0.00000005,btc,0.0,0.0,0.0,234
0,[],27,[],2019-02-15 03:55:13,0.0,0,0,6672612,2019-02-15 03:55:13,,0.0113483662182,0.0,0,"btc,eth",11462.99618,0.0,0.0,234
0,[],22,[],2019-02-15 03:55:18,0.0,0,0,6672613,2019-02-15 03:55:18,,2.80242205,0.0,0,,93486896.06349206,0.0,0.0,235
1,[],4,[],2019-02-15 03:55:19,1189863.06664634,0.00000122,0.00000000004403712,6672614,2019-02-15 03:55:19,btc,0.4339867641501919,0.0,0.00000122,btc,238417.41939125,0.4309371,0.5357548941952053,236
1,[],24,[],2019-02-15 03:55:19,0.0,0.000000020010,0.00000000000072228096,6672615,2019-02-15 03:55:19,btc,0.0,0.0,0.000000020010,btc,0.0,0.0,0.0,236
1,[],20,[],2019-02-15 03:55:21,71056486.126,0.000000077,0.000000000002779392,6672616,2019-02-15 03:55:21,btc,14.1545018802448,25792787.8643,0.000000077,btc,25528593.8819,1.9456773930061,0.6826030620506,237
1,[],22,[],2019-02-15 03:55:26,136267.0,0.00000004,0.00000000000144384,6672617,2019-02-15 03:55:26,BTC,0.04209605,0.0,0.00000004,"BTC,LTC",22179.0,0.0,0.00541601,237
1,[],4,[],2019-02-15 03:55:27,4238665.92115868,0.00000033,0.00000000001191168,6672618,2019-02-15 03:55:27,btc,0.6872469869707953,0.0,0.00000033,btc,1837347.95041385,0.17437728,1.2769748186033616,238
1,[],5,[],2019-02-15 03:55:28,4.25e-06,0.00000033,0.00000000001191168,6672619,2019-02-15 03:55:28,btc,0.75555557,0.0064432,0.00000033,btc,2.957e-05,0.0,0.25957384,238
0,[],22,[],2019-02-15 03:55:31,0.0,0,0,6672620,2019-02-15 03:55:31,,6404.65978688,0.0,0,,370860.0639027493,0.0,0.0,249
0.00000000011580760000000001,[],22,[],2019-02-15 03:55:36,7025765.666666667,3.4742280000000006e-18,1.25405733888e-22,6672621,2019-02-15 03:55:36,LTC,0.53185688,0.0,0.00000003,LTC,14450581.09,0.0,0.20977599,252
1,[],28,[],2019-02-15 03:55:43,3309218.286,0.00000011,0.0000000000039705599999999996,6672622,2019-02-15 03:55:43,btc,164693.68465852007,29106.7,0.00000011,btc,982884.2751,0.0,0.1899703563,256
1,[],22,[],2019-02-15 03:55:46,1176008.6666666667,0.00000003,0.00000000000108288,6672623,2019-02-15 03:55:46,BTC,30.16051006,0.0,0.00000003,BTC,434844.92423192423,0.00206032,0.03298822,258
1,[],22,[],2019-01-26 20:58:41,368451.0,0.00000001,0.000000000000356135,6510120,2019-01-26 20:58:41,BTC,2.642917,0.0,0.00000001,"BTC,LTC",1862.0,0.0,0.02488451,259
1,[],22,[],2019-02-15 03:55:50,9832.824734726793,0.00001511,0.00000000054541056,6672624,2019-02-15 03:55:50,BTC,1293.00224867,0.0,0.00001511,"BTC,LTC",5077.602008698505,0.03686724,0.00724666,262
1,[],5,[],2019-02-15 03:55:53,1.066e-05,0.00000198,0.00000000007147008,6672625,2019-02-15 03:55:53,btc,0.83164706,0.00651242,0.00000198,btc,0.00031214,0.0,0.14548963,264
1,[],20,[],2019-02-15 03:55:56,1165498.7474,0.000001801,0.000000000065008896,6672626,2019-02-15 03:55:56,btc,4.974058780873,0.0,0.000001801,btc,101035.8022,0.0,0.0176428412769,264
1,[],22,[],2019-02-15 03:55:59,95356.5,0.00000002,0.00000000000072192,6672627,2019-02-15 03:55:59,BTC,8.3934754,0.0,0.00000002,BTC,377286.0417119935,0.0,0.0014095,271
0,[],22,[],2019-02-15 03:56:04,0.0,0,0,6672628,2019-02-15 03:56:04,,385.44178703,0.0,0,,15173097515.9,0.0,0.0,272
0.0000000000000052,[],28,[],2019-02-15 03:56:10,183442197117.206,3.64e-21,1.3138944e-25,6672629,2019-02-15 03:56:10,doge,440781335.54106534,9386588228.819,0.0000007,doge,238438408718.8661,0.0,4.4311547847473607e-10,272
1,[],22,[],2019-02-15 03:56:15,13485.5,0.00002000,0.00000000072192,6672630,2019-02-15 03:56:15,BTC,74.09108527,0.0,0.00002000,"BTC,LTC",1486.4875854920265,0.06181519,0.05146133,281
