pairValue,buyBook,exchangeId,sellBook,updated,buyTotal,satoshiPrice,usdPrice,exchangeLogId,created,bestPair,sellTotalBtc,volume,pairPrice,activePairs,sellTotal,volumeBtc,buyTotalBtc,coinId
1,[],3,[],2019-06-21 19:44:19,33727.25957368388,0.01050303999999999994552357662769281887449324131011962890625,0.000001040437444223999962878376830,7750050,2019-06-21 19:44:19,btc,9.167700966440426,59.8168702938,0.01050303999999999994552357662769281887449324131011962890625,btc,19.954399720573,0.0,0.4684142335124098,1
1,[],4,[],2019-06-21 19:44:20,353266.80312565,0.01094821,0.000001084536251525999966930177357,7750051,2019-06-21 19:44:20,btc,9.431905227679511,0.0,0.01094821,btc,450.62986257,11.2079571,1.3769255541081917,1
1,[],5,[],2019-06-21 19:44:22,0.0,0,0,7750052,2019-06-21 19:44:22,btc,0.0,0.00660132,0,btc,0.0,0.0,0.0,1
1,[],10,[],2019-06-21 19:44:24,134210.91604033,0.00430184,0.000000426142851504,7750053,2019-06-21 19:44:24,btc,6511.989008772762,1704.25773867,0.00430184,btc,1381.68564173,0.0,1.8379451385236139,1
1,[],12,[],2019-06-21 19:44:27,87.2566765,0.01084000000000000067668093350903291138820350170135498046875,0.000001073816904000000034289452400,7750054,2019-06-21 19:44:27,btc,0.3670074368873,0.0,0.01084000000000000067668093350903291138820350170135498046875,btc,32.49884619,3.466582955939,0.1843494043481,1
1,[],20,[],2019-06-21 19:44:29,918.9312,0.01111,0.000001100563265999999966441479515,7750055,2019-06-21 19:44:29,btc,0.1733638770112,0.5951,0.01111,btc,12.8436,0.0067767746591,0.1343554692419,1
1,[],21,[],2019-06-21 19:44:30,1792.99204039,0.01089999999999999996669330926,0.000001079760539999999963776418215,7750056,2019-06-21 19:44:30,btc,11.67861572720541,4395.46509544,0.010899999999999999966693309261245303787291049957275390625,"btc,eth",1415.10739239,44.017032596937185,15.358370713178774,1
1,[],22,[],2019-06-21 19:44:33,0.0395979803020197,0.01000001,0.000000990606990606,7750057,2019-06-21 19:44:33,BTC,0.01666796,0.0,0.01000001,BTC,0.25318100557485945,0.0,0.00021887,1
1,[],24,[],2019-06-21 19:44:33,0.0,0.000000000000,0,7750058,2019-06-21 19:44:33,btc,0.0,0.0,0.000000000000,btc,0.0,0.0,0.0,1
0.0,[],25,[],2019-06-21 19:44:34,0.0,0,0,7750059,2019-06-21 19:44:34,btc,32.54999999861131,9165.89183292,0.0,btc,2921.82376567,102.23,0.0,1
1,[],26,[],2019-06-21 19:44:37,0.0,0,0,7750060,2019-06-21 19:44:37,,0.0,0.0,0,,0.0,0.0,0.0,1
0,[],28,[],2019-06-21 19:44:38,0.0,0,0,7750061,2019-06-21 19:44:38,,0.0,0.0,0,,0.0,0.0,0.0,1
0,[],2,[],2019-01-20 23:28:45,0.0,0,0,6477011,2019-01-20 23:28:45,,0.0,0.0,0,,0.0,0.0,0.0,1
1,[],5,[],2019-06-17 14:29:02,0.0,0,0,7740076,2019-06-17 14:29:02,btc,0.0,2.72e-05,0,btc,0.0,0.0,0.0,2
1,[],22,[],2019-06-17 14:29:06,11550.3,0.0000002,0.0000000000185828,7740077,2019-06-17 14:29:06,BTC,21.00897301,0.0,0.0000002,"BTC,XMR",20678.87287795317,1.754e-05,0.00143681,2
1,[],5,[],2019-06-03 14:48:58,0.0,0,0,7731126,2019-06-03 14:48:58,btc,0.0,0.05905545,0,btc,0.0,0.0,0.0,3
1,[],12,[],2019-06-03 14:48:59,3468623.70302,0.000000116,0.000000000009823402000000002,7731127,2019-06-03 14:48:59,btc,169531.0336573751,0.0,0.000000116,btc,2361209.62379607,0.041350953071,0.33764769154428,3
0,[],28,[],2019-06-03 14:49:00,0.0,0,0,7731128,2019-06-03 14:49:00,,0.0,0.0,0,,0.0,0.0,0.0,3
0,[],2,[],2019-01-20 23:31:32,0.0,0,0,6477077,2019-01-20 23:31:32,,0.0,0.0,0,,0.0,0.0,0.0,4
1,[],4,[],2019-05-18 21:29:50,562734.9206932,0.00000010,0.000000000007298720000000001,7650946,2019-05-18 21:29:50,btc,41.9347137769675,0.0,0.00000010,btc,1123702.32192634,0.00052462,0.029254593370966,4
0,[],12,[],2019-06-02 05:03:43,0.0,0,0,7724919,2019-06-02 05:03:43,btc,625.901992874995,0.0,0,btc,1211362.4995005,0.0,0.0,5
0,[],2,[],2019-01-20 23:31:51,0.0,0,0,6477087,2019-01-20 23:31:51,,0.0,0.0,0,,0.0,0.0,0.0,6
1,[],11,[],2019-06-21 19:44:40,5365894.076736,0.00000002,0.000000000001981212,7750062,2019-06-21 19:44:40,btc,9583.528981907093,63333.333333,0.00000002,btc,73315312.62354945,0.0,0.06738688876736,6
1,[],3,[],2019-06-21 19:44:40,12732.70394848357,0.00008527999999999999664913874486416034415015019476413726806640625,0.000000008447887968,7750063,2019-06-21 19:44:40,btc,2027.8314553174125,383.237283558,0.00008527999999999999664913874486416034415015019476413726806640625,btc,394.627639815782,0.0,0.03281196765825385,7
1,[],4,[],2019-06-21 19:44:41,297398.01848658,0.00008350,0.0000000082715601,7750064,2019-06-21 19:44:41,btc,7.968541095886316,0.0,0.00008350,btc,61122.96761681,2.00056697,1.7656238635974928,7
1,[],5,[],2019-06-21 19:44:42,0.0,0,0,7750065,2019-06-21 19:44:42,btc,0.0,0.24056487,0,btc,0.0,0.0,0.0,7
1,[],20,[],2019-04-07 22:06:50,3201475.0482,0.000000001,0.000000000000051590000000000004,7213932,2019-04-07 22:06:50,btc,30.8005781811902,0.0,0.000000001,btc,23077405.3926,0.0,0.0032014750482,8
0,[],2,[],2019-01-20 23:22:42,0.0,0,0,6476876,2019-01-20 23:22:42,,0.0,0.0,0,,0.0,0.0,0.0,9
0,[],23,[],2019-01-20 23:22:48,0.0,0,0,6476878,2019-01-20 23:22:48,,0.0,0.0,0,,0.0,0.0,0.0,9
1,[],4,[],2019-06-21 19:44:43,1746785.39455813,0.00000055,0.00000000005448333,7750066,2019-06-21 19:44:43,btc,2.9773495522682447,0.0,0.00000055,btc,2975823.11401967,0.75817246,0.4673292022948802,9
0,[],28,[],2019-06-21 19:44:45,0.0,0,0,7750067,2019-06-21 19:44:45,,0.0,0.0,0,,0.0,0.0,0.0,9
1,[],1,[],2019-02-17 23:31:42,1822507.21,0.00000181000000000000003456111265232042484285557293333113193511962890625,0.000000000066086901,6701244,2019-02-17 23:31:42,btc,3.6990969245,17153386.5,0.00000181000000000000003456111265232042484285557293333113193511962890625,btc,1997391.71,31.11772986,3.2610482446,9
1,[],4,[],2019-02-17 11:22:43,4341674.27126056,0.00000002,0.0000000000007272960000000001,6696112,2019-02-17 11:22:43,btc,0.1997230937751353,0.0,0.00000002,btc,4109766.79808031,0.00215132,0.0479381022052112,10
0,[],2,[],2019-01-20 23:23:08,0.0,0,0,6476890,2019-01-20 23:23:08,,0.0,0.0,0,,0.0,0.0,0.0,12
1,[],4,[],2019-06-21 19:44:45,39340616.01814844,0.00000029,0.000000000028727574,7750068,2019-06-21 19:44:45,btc,7.677868199952234,0.0,0.00000029,btc,9824119.71373329,1.48334202,1.6741012880183632,12
1,[],5,[],2019-06-21 19:44:46,0.0,0,0,7750069,2019-06-21 19:44:46,btc,0.0,0.04996877,0,btc,0.0,0.0,0.0,12
0.0,[],25,[],2019-06-21 19:44:47,0.0,0,0,7750070,2019-06-21 19:44:47,,0.0,0.0,0.0,btc,0.0,0.0,0.0,12
1,[],10,[],2019-06-21 18:02:54,658731.52522904,0.00000368,0.000000000364457632,7749769,2019-06-21 18:02:54,btc,666798.455231637,30741.5307832,0.00000368,btc,891085.75778096,0.0,0.3509159499773145,13
1,[],4,[],2019-06-21 19:44:49,454842.83941882,0.00000369,0.000000000365533614,7750071,2019-06-21 19:44:49,btc,1.9044030648264907,0.0,0.00000369,btc,303944.21323589,0.40603102,0.2112026566859679,13
1,[],21,[],2019-06-21 19:44:52,4439937.83596275,0.000003679999999999999918176346245,0.000000000364543008,7750072,2019-06-21 19:44:52,btc,3.4452930228186602,386186.69037747,0.00000367999999999999991817634624469146586989154457114636898040771484375,btc,732391.40941257,1.46993871,3.7554576393619645,13
1,[],4,[],2019-06-21 19:44:52,1192128.31522449,0.00000072,0.000000000071323632,7750073,2019-06-21 19:44:52,btc,8.909780843774652,0.0,0.00000072,btc,860800.61001376,0.69075287,0.210507955699212,14
1,[],12,[],2019-06-21 19:44:54,216971.79161776,0.0000006,0.00000000005943636,7750074,2019-06-21 19:44:54,btc,184.25243911023392,0.0,0.0000006,btc,26501.75357547,0.000203015245,0.0163261099999827,14
1,[],26,[],2019-06-21 19:46:54,0.0,0.00000050,0.0000000000495303,7750075,2019-06-21 19:46:54,btc,0.0,0.0,0.00000050,btc,0.0,0.0,0.0,14
0,[],17,[],2019-05-03 00:53:32,0.0,0,0,7558876,2019-05-03 00:53:32,btc,0.0,0.0,0,btc,0.0,0.0,0.0,14
,[],12,[],2018-12-01 15:15:48,204241.84496,0.00000489,0.000000000202473384,5260204,2018-12-01 15:15:48,btc,49.5475654835,0.0,,btc,35763.2193806,0.0163153972027625,0.0203389899998,15
0,[],4,[],2019-06-21 19:46:55,0.0,0,0,7750076,2019-06-21 19:46:55,,0.0,0.0,0,,0.0,0.0,0.0,15
0,[],2,[],2019-01-20 23:23:38,0.0,0,0,6476906,2019-01-20 23:23:38,,0.0,0.0,0,,0.0,0.0,0.0,18
1,[],4,[],2019-06-21 19:46:57,34348.7520807,0.00000991,0.000000000981690546,7750077,2019-06-21 19:46:57,btc,2.4567859414955246,0.0,0.00000991,btc,16877.36704793,0.03088985,0.0718736930807552,18
1,[],10,[],2019-06-21 19:46:59,202756.98749081,0.00001018,0.000000001008436908,7750078,2019-06-21 19:46:59,btc,14.911140514511914,11885.713657,0.00001018,btc,11906.19349767,0.0,0.1252800198299468,18
1,[],12,[],2019-06-21 19:47:00,3119.11127212,0.000010859999999999999360333728659622209988810936920344829559326171875,0.0000000010757981159999999,7750079,2019-06-21 19:47:00,btc,0.537156332087056,0.0,0.000010859999999999999360333728659622209988810936920344829559326171875,btc,1869.28661369,0.000628370524,0.0085697552688178,18
0,[],17,[],2019-05-03 00:53:39,0.0,0,0,7558882,2019-05-03 00:53:39,btc,0.0,0.0,0,btc,0.0,0.0,0.0,18
0,[],2,[],2019-01-20 23:24:19,0.0,0,0,6476924,2019-01-20 23:24:19,,0.0,0.0,0,,0.0,0.0,0.0,19
1,[],3,[],2019-06-21 19:49:00,155875.99990313518,0.000009589999999999999661325598976358008940223953686654567718505859375,0.0000000009499911539999999,7750080,2019-06-21 19:49:00,btc,193.74153521904537,13862.9553515,0.000009589999999999999661325598976358008940223953686654567718505859375,btc,21262.44411657027,0.0,0.07880310055491108,19
1,[],4,[],2019-06-21 19:49:01,311347.33688263,0.00001021,0.0000000010114087259999999,7750081,2019-06-21 19:49:01,btc,6.508895804728136,0.0,0.00001021,btc,266865.40387121,0.42233564,1.3496304631034446,19
1,[],5,[],2019-06-21 19:49:02,0.0,0,0,7750082,2019-06-21 19:49:02,btc,0.0,0.01277807,0,btc,0.0,0.0,0.0,19
1,[],12,[],2019-06-21 19:49:03,109039.46327514,0.0000070199999999999997035075686990790444497179123573005199432373046875,0.000000000695405412,7750083,2019-06-21 19:49:03,btc,0.3681528958777552,0.0,0.0000070199999999999997035075686990790444497179123573005199432373046875,btc,2973.67008334,0.0,0.0199574313763638,19
0,[],27,[],2019-06-21 19:49:08,0.0,0,0,7750084,2019-06-21 19:49:08,,0.0,0.0,0,btc,0.0,0.0,0.0,19
1,[],4,[],2019-06-21 19:49:09,10167597.23656777,0.00000005,0.00000000000495303,7750085,2019-06-21 19:49:09,btc,6.358916255187786,0.0,0.00000005,btc,2305311.3564439,0.00992686,0.1211947238096551,20
0,[],4,[],2019-06-21 19:49:10,0.0,0,0,7750086,2019-06-21 19:49:10,,5361.594768983465,0.0,0,,83384142.16581893,0.0,0.0,21
0,[],12,[],2019-06-21 19:49:11,0.0,0,0,7750087,2019-06-21 19:49:11,btc,2603.6033162146155,0.0,0,btc,7604746.25974023,0.0,0.0,21
0,[],17,[],2019-05-03 00:53:51,0.0,0,0,7558891,2019-05-03 00:53:51,btc,0.0,0.0,0,btc,0.0,0.0,0.0,21
1,[],12,[],2019-06-21 19:51:12,5476609068.277,0.0000000004,0.00000000000003962424,7750088,2019-06-21 19:51:12,btc,1428620268570.9397,0.0,0.0000000004,btc,2632568096.7602396,0.301149568189,1.3207253587108003,23
0.00000000029691070000000003,[],27,[],2019-06-21 19:51:17,62208277.0,8.907321000000001e-18,8.823645626526e-22,7750089,2019-06-21 19:51:17,eth,1046.6886174770805,13708530.0,0.00000003,eth,5252071.24779221,1.2210627714813e-10,2.65809057739119e-10,23
1,[],4,[],2019-06-21 19:51:18,6070414.07522138,0.00000017,0.000000000016840302,7750090,2019-06-21 19:51:18,btc,10.22776218126021,0.0,0.00000017,btc,1788763.37589616,0.00010102,0.1299450262400025,24
0,[],22,[],2019-06-21 19:51:20,0.0,0,0,7750091,2019-06-21 19:51:20,,6.22e-05,0.0,0,,517.4264705882352,0.0,0.0,24
0.0,[],25,[],2019-06-21 19:51:21,0.0,0,0,7750092,2019-06-21 19:51:21,,0.0,0.0,0.0,btc,0.0,0.0,0.0,24
0,[],2,[],2019-01-20 23:25:56,0.0,0,0,6476976,2019-01-20 23:25:56,,0.0,0.0,0,,0.0,0.0,0.0,26
1,[],4,[],2019-06-21 19:51:22,26939282.90204361,0.00000422,0.000000000418035732,7750093,2019-06-21 19:51:22,btc,7.701495241711814,0.0,0.00000422,btc,206814.58005266,0.06848486,0.4467347489382205,26
1,[],10,[],2019-06-21 19:51:25,93506.80866326,0.00000405,0.00000000040119543,7750094,2019-06-21 19:51:25,btc,25.266743687089615,7374.67200488,0.00000405,btc,19881.28046896,0.0,0.050298617367275,26
1,[],5,[],2019-04-26 09:47:06,0.0,0,0,7465326,2019-04-26 09:47:06,btc,0.0,0.0,0,btc,0.0,0.0,0.0,27
1,[],3,[],2019-06-17 14:30:26,13571825.64059417,0.00000001,0.00000000000092914,7740112,2019-06-17 14:30:26,btc,3.485049956644059,4264730.43754,0.00000001,btc,23500048.28518193,0.0,0.1357182564059417,27
1,[],11,[],2019-06-17 14:30:28,2031833.58157834,0.00000001,0.00000000000092914,7740113,2019-06-17 14:30:28,btc,67502.92060589766,32677.9652116,0.00000001,btc,6487362.95640949,0.0,0.0203183358157834,27
1,[],4,[],2019-06-21 19:51:25,936830411.8703774,0.00000001,0.000000000000990606,7750095,2019-06-21 19:51:25,btc,6.194497838420088,0.0,0.00000001,"btc,ltc",420922442.3879051,0.06500611,6.20411457248135,29
1,[],7,[],2019-06-21 19:51:26,88245545.39145988,0.00000001,0.000000000000990606,7750096,2019-06-21 19:51:26,btc,46548272.19362063,0.0,0.00000001,btc,36556634.50204292,0.0,0.8824554539145988,29
0,[],17,[],2019-05-03 01:11:25,0.0,0,0,7559066,2019-05-03 01:11:25,btc,0.0,0.0,0,btc,0.0,0.0,0.0,30
1,[],4,[],2019-06-21 19:51:27,15522975.90064791,0.00000005,0.00000000000495303,7750097,2019-06-21 19:51:27,btc,2.5886147753308304,0.0,0.00000005,btc,2238109.19211373,0.00025,0.1731523644110231,30
1,[],4,[],2019-06-21 19:53:28,211176.40170297,0.00004442,0.000000004400271852,7750098,2019-06-21 19:53:28,btc,4.139494937820973,0.0,0.00004442,btc,57060.45645574,0.77207316,0.6834681159703276,31
1,[],21,[],2019-06-21 19:53:29,102362.52496441,0.00004619999999999999812112100317,0.00000000457659972,7750099,2019-06-21 19:53:29,btc,5.865938966834586,213470.39881123,0.000046199999999999998121121003169520236042444594204425811767578125,btc,113046.01690971,9.53418652,3.500225897887296,31
0,[],2,[],2019-01-20 23:28:43,0.0,0,0,6477009,2019-01-20 23:28:43,,0.0,0.0,0,,0.0,0.0,0.0,32
0,[],4,[],2019-06-21 19:27:21,0.0,0,0,7749975,2019-06-21 19:27:21,,0.0,0.0,0,,0.0,0.0,0.0,33
1,[],12,[],2019-03-30 07:55:10,40641173.964,0.00000003,0.000000000001228359,7108785,2019-03-30 07:55:10,btc,4233210.82356125,0.0,0.00000003,btc,28378394.68333462,0.0126927883965248,0.90752895892,33
0.000000000138447,[],4,[],2019-06-21 19:53:31,147866217.71618122,6.92235e-17,6.8573214441e-21,7750100,2019-06-21 19:53:31,ltc,4.103483870417298,0.0,0.0000005,ltc,159862252.2298123,0.0,8.960579938859042e-10,34
1,[],5,[],2019-06-21 19:53:32,0.0,0,0,7750101,2019-06-21 19:53:32,btc,0.0,0.05349935,0,btc,0.0,0.0,0.0,34
0.0000000002926451,[],17,[],2019-05-02 18:17:47,200000.0,2.9264510000000002e-18,1.596703856561e-22,7556430,2019-05-02 18:17:47,eth,0.20942468735267253,0.0,0.00000001,"btc,eth",1018272.20243647,0.0,5.852902e-13,36
0.0000000001311821,[],4,[],2019-05-31 13:28:19,2417517744.0607657,1.311821e-18,1.105058333085e-22,7717483,2019-05-31 13:28:19,ltc,5.019900492391546e-08,0.0,0.00000001,ltc,7102398142.262129,0.0,3.171350544531538e-09,36
1,[],5,[],2019-05-31 13:28:21,0.0,0,0,7717484,2019-05-31 13:28:21,btc,0.0,0.0,0,btc,0.0,0.0,0.0,36
0.0000000003108179,[],27,[],2019-05-31 13:30:34,10388811.226876,6.216358000000001e-18,5.236566733830001e-22,7717485,2019-05-31 13:30:34,eth,1569.8708019850988,761866.634299,0.00000002,"ltc,eth",5084024.2511555,4.736034912207001e-12,3.3251980286483705e-11,36
1,[],17,[],2019-05-03 01:11:36,211752.74075282,0.00000025,0.000000000013700074999999998,7559074,2019-05-03 01:11:36,btc,0.055484923955058496,0.0,0.00000025,"btc,eth",1387.19918473,0.0,0.0005381851887916605,37
1,[],4,[],2019-06-21 19:53:34,10369757.71937784,0.00000013,0.000000000012877878,7750102,2019-06-21 19:53:34,btc,19772.157669557066,0.0,0.00000013,btc,688572.71588046,0.00020524,0.1454801296194849,37
1,[],12,[],2019-06-21 19:53:35,4585830.21400003,0.00000014,0.000000000013868484,7750103,2019-06-21 19:53:35,btc,7.3754567099982715,0.0,0.00000014,btc,1659460.08472361,0.016893261387,0.2068166021100036,37
1,[],27,[],2019-06-21 19:55:41,11304.0,0.00000019,0.000000000018821514,7750104,2019-06-21 19:55:41,btc,22.62970013895233,0.0,0.00000019,btc,4298.824295,0.0,0.00168776,37
1,[],5,[],2019-06-21 19:55:42,0.0,0,0,7750105,2019-06-21 19:55:42,btc,0.0,0.57412076,0,btc,0.0,0.0,0.0,42
1,[],12,[],2019-06-21 19:55:43,198638.00739259,0.0000022000000000000001122040828305248538754312903620302677154541015625,0.00000000021793332,7750106,2019-06-21 19:55:43,btc,480.58941997256863,0.0,0.0000022000000000000001122040828305248538754312903620302677154541015625,btc,195060.90317,0.20855207045,0.0736581875900823,42
1,[],27,[],2019-06-21 19:55:49,1581.0,0.0000005,0.0000000000495303,7750107,2019-06-21 19:55:49,btc,0.07600425,0.0,0.0000005,"btc,eth",18.0,0.0,0.0005435000003119344,42
1,[],12,[],2019-03-13 09:13:29,1112112.0,0.00000001,0.000000000000386531,6919902,2019-03-13 09:13:29,btc,29058.00478931866,0.0,0.00000001,btc,5967681.93306694,9.99000999e-07,0.01112112,43
1,[],5,[],2019-04-26 22:38:52,0.0,0,0,7474154,2019-04-26 22:38:52,btc,0.0,0.02638891,0,btc,0.0,0.0,0.0,43
0,[],17,[],2019-04-26 22:38:53,0.0,0,0,7474155,2019-04-26 22:38:53,btc,0.0,0.0,0,btc,0.0,0.0,0.0,43
1,[],12,[],2019-03-05 01:54:08,639326.02,0.00000004,0.000000000001486676,6845775,2019-03-05 01:54:08,btc,11116042.728239931,0.0,0.00000004,btc,1103841.4595604,0.0003330765234764,0.014975410599999999,44
0.000000000138447,[],4,[],2019-06-21 19:55:50,107448428.79638895,5.122539e-17,5.074417868634e-21,7750108,2019-06-21 19:55:50,ltc,1601.9093098645437,0.0,0.00000037,ltc,26318256.33484133,0.00286734,6.684795992193214e-10,49
0.000000000138447,[],4,[],2019-06-21 19:55:51,318826244.8237562,2.76894e-17,2.74292857764e-21,7750109,2019-06-21 19:55:51,ltc,27273.058726749296,0.0,0.0000002,ltc,179582379.20160627,0.0,2.693063855704498e-09,52
0,[],22,[],2019-06-21 19:55:53,0.0,0,0,7750110,2019-06-21 19:55:53,,10289.79884133,0.0,0,,286158287.4566013,0.0,0.0,57
0,[],27,[],2019-06-21 19:55:59,0.0,0,0,7750111,2019-06-21 19:55:59,,0.0,0.0,0,"btc,eth",0.0,0.0,0.0,57
1,[],17,[],2019-05-03 01:12:09,1200000.0,0.0000000001,0.00000000000000548003,7559085,2019-05-03 01:12:09,btc,1e+24,0.0,0.0000000001,"btc,eth",39516342.31952568,0.0,0.00010000000058666061,58
0,[],4,[],2019-06-21 19:56:00,0.0,0,0,7750112,2019-06-21 19:56:00,,19.716974577565928,0.0,0,,5712602174.541042,0.00085,0.0,58
1,[],12,[],2019-06-21 19:56:01,818951099.1,0.0000000001,0.00000000000000990606,7750113,2019-06-21 19:56:01,btc,34239873.970288344,0.0,0.0000000001,btc,2702966747.901056,0.002926484807,0.08189510991,58
0.0000000001086794,[],22,[],2019-06-21 19:58:05,126877.0,1.086794e-18,1.076584657164e-22,7750114,2019-06-21 19:58:05,XMR,68.17454206,0.0,0.00000001,XMR,9626402.6,0.0,0.00126877,58
1,[],5,[],2019-06-17 14:31:27,0.0,0,0,7740135,2019-06-17 14:31:27,btc,0.0,0.00079154,0,btc,0.0,0.0,0.0,61
1,[],22,[],2019-06-17 14:31:30,13612.833333333334,0.00000012,0.00000000001114968,7740136,2019-06-17 14:31:30,BTC,1002.29123003,0.0,0.00000012,BTC,15014.200177125656,0.0,0.00153257,61
1,[],26,[],2019-06-17 14:31:30,0.0,0.00000050,0.000000000046457,7740137,2019-06-17 14:31:30,btc,0.0,0.0,0.00000050,btc,0.0,0.0,0.0,61
1,[],27,[],2019-06-17 14:31:36,8400.0,0.00000018,0.00000000001672452,7740138,2019-06-17 14:31:36,btc,1.9742539297246655,0.0,0.00000018,"btc,eth",10953.51663696,0.0,0.001512,61
0,[],28,[],2019-06-17 14:31:38,0.0,0,0,7740139,2019-06-17 14:31:38,,0.0,0.0,0,,0.0,0.0,0.0,61
1,[],4,[],2019-06-21 19:58:05,877092.64320426,0.00000082,0.000000000081229692,7750115,2019-06-21 19:58:05,btc,3.303593945129713,0.0,0.00000082,btc,1260682.40001099,0.29103659,0.502786698121589,67
0.0,[],25,[],2019-06-21 19:58:07,0.0,0,0,7750116,2019-06-21 19:58:07,,0.0,0.0,0.0,btc,0.0,0.0,0.0,67
1,[],12,[],2019-06-02 06:23:14,910048.355,0.00000006,0.000000000005154929999999999,7725270,2019-06-02 06:23:14,btc,5.167005424215783,0.0,0.00000006,btc,738530.60239759,0.003159757462,0.0187188113,71
,[],5,[],2018-11-20 23:02:39,1.5e-07,0.00000005,0.000000000002128045,4862160,2018-11-20 23:02:39,btc,2.84511358,0.0,,btc,0.00036572,0.0,0.07381892,74
1,[],5,[],2019-06-21 19:58:08,0.0,0,0,7750117,2019-06-21 19:58:08,btc,0.0,0.00388996,0,btc,0.0,0.0,0.0,75
1,[],4,[],2019-06-04 03:25:15,715281.46076168,0.00000001,0.000000000000803619,7734085,2019-06-04 03:25:15,btc,581089.6218469425,0.0,0.00000001,btc,37692563.61091116,0.0,0.0071528146076168,81
0,[],20,[],2019-01-25 09:30:31,0.0,0,0,6495923,2019-01-25 09:30:31,btc,0.0,0.0,0,btc,0.0,0.0,0.0,81
1,[],4,[],2019-06-21 19:58:09,225537.48912294,0.00009170,0.00000000908385702,7750118,2019-06-21 19:58:09,btc,57.09005085183757,0.0,0.00009170,btc,113110.30318952,1.32502094,0.3057223700517911,82
1,[],21,[],2019-06-21 19:58:09,64657.00893053,0.00009309999999999999970457659204,0.00000000922254186,7750119,2019-06-21 19:58:09,btc,7.596665878452251,22084.41370567,0.000093099999999999999704576592041149751821649260818958282470703125,btc,64723.828455740004,2.13762484,4.489605217460036,82
0,[],17,[],2019-03-25 22:42:34,0.0,0,0,7038780,2019-03-25 22:42:34,btc,0.0445064681804024,0.0,0,btc,995513.18476001,0.0,0.0,84
0.0000000001161485,[],4,[],2019-05-20 13:09:39,216715621.0206096,1.161485e-18,9.0533806701e-23,7657228,2019-05-20 13:09:39,ltc,1.6511566870244727,0.0,0.00000001,ltc,471032407.9048656,0.0,2.5171194308112273e-10,85
,[],22,[],2018-11-20 23:09:34,3408.1,0.0000001,0.0000000000041895,4862324,2018-11-20 23:09:34,BTC,0.04624735,0.0,,BTC,4990.0,0.0,0.00033081,86
1,[],22,[],2019-06-21 19:58:13,117294.0,0.00000006,0.000000000005943636,7750120,2019-06-21 19:58:13,BTC,1.81020153,0.0,0.00000006,BTC,196224.94736842104,0.0,0.00390484,87
1,[],27,[],2019-06-21 19:58:18,269523.0,0.00000003,0.000000000002971818,7750121,2019-06-21 19:58:18,btc,1.96738418326,44190.0,0.00000003,btc,516743.402,0.0048609,0.00708569,87
,[],2,[],2018-11-20 23:10:47,0.0,0,0,4862359,2018-11-20 23:10:47,,0.0,0.0,,,0.0,0.0,0.0,88
1,[],11,[],2019-06-17 14:31:59,193715.3529613,0.000073310000000000001140094962881477158589405007660388946533203125,0.00000000681152534,7740147,2019-06-17 14:31:59,btc,168.35454702024953,5791.70569014,0.000073310000000000001140094962881477158589405007660388946533203125,btc,196971.41170107,0.0,1.1996165759440112,89
0,[],2,[],2019-01-20 23:31:45,0.0,0,0,6477083,2019-01-20 23:31:45,,0.0,0.0,0,,0.0,0.0,0.0,91
1,[],12,[],2019-06-18 02:35:48,427715.74,0.00000015,0.000000000013911045000000001,7746087,2019-06-18 02:35:48,btc,116.61022144471085,0.0,0.00000015,btc,193315.55943968,0.000180759303,0.0129558314,91
1,[],22,[],2019-06-20 20:27:07,75910.0,0.00000002,0.000000000001914908,7746207,2019-06-20 20:27:07,BTC,0.49565371,0.0,0.00000002,"BTC,LTC",6.384990670617935,0.0,0.0016592,91
0,[],17,[],2019-05-03 01:12:26,0.0,0,0,7559096,2019-05-03 01:12:26,btc,0.0,0.0,0,btc,0.0,0.0,0.0,91
1,[],22,[],2019-06-21 19:58:22,106655.66666666667,0.00000003,0.000000000002971818,7750122,2019-06-21 19:58:22,BTC,11.34737936,0.0,0.00000003,"BTC,LTC",294418.0280038263,0.0,0.06917967,95
0,[],17,[],2019-05-03 01:12:32,0.0,0,0,7559100,2019-05-03 01:12:32,btc,0.0,0.0,0,btc,0.0,0.0,0.0,96
0.000000000138447,[],4,[],2019-06-21 19:58:23,540232462.334425,2.630493e-17,2.6057821487579997e-21,7750123,2019-06-21 19:58:23,ltc,11.327411325665953,0.0,0.00000019,ltc,156639654.94976705,0.0,9.278306672815156e-10,96
0,[],12,[],2019-06-21 19:58:24,0.0,0,0,7750124,2019-06-21 19:58:24,btc,36.47432244859141,0.0,0,btc,9846598.85914086,7.872128e-06,0.0,96
1,[],4,[],2019-04-14 03:32:46,1039404.33283278,0.00000038,0.000000000019245518,7293458,2019-04-14 03:32:46,btc,4.170086055365747,0.0,0.00000038,btc,3097704.34561074,0.06260606,0.1859928211030784,99
0,[],2,[],2019-01-20 23:23:55,0.0,0,0,6476914,2019-01-20 23:23:55,,0.0,0.0,0,,0.0,0.0,0.0,100
1,[],4,[],2019-06-21 20:00:25,289401.64255421,0.00001413,0.000000001399726278,7750125,2019-06-21 20:00:25,btc,7.058025291951566,0.0,0.00001413,btc,166767.23431567,0.24466274,0.6956898911337664,100
1,[],22,[],2019-06-05 06:30:35,150000.0,0.00000002,0.000000000001558192,7740007,2019-06-05 06:30:35,BTC,28.56386409,0.0,0.00000002,BTC,12787.719,0.0,0.0017,101
1,[],4,[],2019-06-21 20:00:26,468483.16748712,0.00000159,0.00000000015750635399999998,7750126,2019-06-21 20:00:26,btc,553.6154315880634,0.0,0.00000159,btc,646937.27183126,0.02129533,0.1482253993103503,103
1,[],12,[],2019-06-17 14:32:14,179201505.10870332,0.000000005,0.00000000000046457,7740154,2019-06-17 14:32:14,btc,113577.79366343976,0.0,0.000000005,btc,79148141.67831126,0.019059029059,0.27280986350611003,105
1,[],27,[],2019-06-17 14:32:19,18306828.03496503,0.00000002,0.00000000000185828,7740155,2019-06-17 14:32:19,btc,180.7198218385489,1083.96503497,0.00000002,btc,276513.60142659,7.588e-05,0.3661365606993006,105
1,[],22,[],2019-04-21 00:17:26,21333.0,0.00000001,0.000000000000532493,7385819,2019-04-21 00:17:26,BTC,51.38182867,0.0,0.00000001,BTC,470435.0,0.0,0.00021333,107
1,[],26,[],2019-04-21 00:17:26,0.0,0.00000000,0,7385820,2019-04-21 00:17:26,btc,0.0,0.0,0.00000000,btc,0.0,0.0,0.0,107
1,[],5,[],2019-06-21 20:00:28,0.0,0,0,7750127,2019-06-21 20:00:28,btc,0.0,0.0,0,btc,0.0,0.0,0.0,112
0,[],22,[],2019-06-21 20:00:30,0.0,0,0,7750128,2019-06-21 20:00:30,,6.79500102,0.0,0,,3375892.0833333335,0.0,0.0,112
1,[],27,[],2019-06-21 20:00:36,1.0,0.00000001,0.000000000000990606,7750129,2019-06-21 20:00:36,btc,1.14885,0.0,0.00000001,"btc,eth",39.0,0.0,1e-08,112
1,[],4,[],2019-06-21 20:00:37,1073666.01696721,0.00000069,0.000000000068351814,7750130,2019-06-21 20:00:37,btc,4.839146188012237,0.0,0.00000069,btc,799361.68926951,0.03367364,0.2425976560718613,113
1,[],5,[],2019-06-21 20:00:38,0.0,0,0,7750131,2019-06-21 20:00:38,btc,0.0,0.0,0,btc,0.0,0.0,0.0,113
1,[],17,[],2019-04-26 02:17:47,162738.278,0.00000004,0.0000000000021069000000000002,7461287,2019-04-26 02:17:47,btc,1.3331140273775473,0.0,0.00000004,btc,51796.221,0.0,0.00230953112,116
1,[],27,[],2019-05-22 05:13:01,210000.0,0.00000001,0.00000000000079145,7666372,2019-05-22 05:13:01,btc,3919.0005001478,0.0,0.00000001,btc,128660.871,0.0,0.0021,116
1,[],4,[],2019-05-21 22:31:11,138169.03963019,0.00000701,0.000000000558364025,7664793,2019-05-21 22:31:11,btc,150.95388250938234,0.0,0.00000701,btc,344631.17141974,0.07552974,0.4288357684941946,120
1,[],7,[],2019-05-21 22:31:12,3901.07750076,0.000010679999999999999389654892212320191902108490467071533203125,0.0000000008506887,7664794,2019-05-21 22:31:12,btc,231188.94669936574,0.0,0.000010679999999999999389654892212320191902108490467071533203125,btc,4133.83151364,0.0,0.0113888422364489,120
1,[],20,[],2019-04-07 18:42:29,1914137.0852,0.000000035,0.0000000000017871910000000002,7211992,2019-04-07 18:42:29,btc,32.2497668025648,25528.85,0.000000035,btc,1001975.4986,0.00089350975,0.0152723574729,125
1,[],22,[],2019-06-17 14:32:38,10000.0,0.00000001,0.00000000000092914,7740161,2019-06-17 14:32:38,BTC,0.032061,0.0,0.00000001,BTC,299316.7611111111,0.0,0.0001,126
0,[],2,[],2019-01-20 23:25:46,0.0,0,0,6476969,2019-01-20 23:25:46,,0.0,0.0,0,,0.0,0.0,0.0,131
1,[],17,[],2019-05-03 01:13:10,10000.0,0.00000001,0.000000000000548003,7559115,2019-05-03 01:13:10,btc,0.0953976503951408,0.0,0.00000001,btc,5037.62507334,0.0,0.0001,131
1,[],4,[],2019-06-21 20:00:39,2953460.85224287,0.00000427,0.000000000422988762,7750132,2019-06-21 20:00:39,btc,2.325841328788075,0.0,0.00000427,btc,168952.91620659,0.11631414,0.5437678735707313,131
1,[],4,[],2019-06-17 14:32:42,4848.49465417,0.00007919,0.00000000735785966,7740163,2019-06-17 14:32:42,btc,0.9905723729472744,0.0,0.00007919,btc,202.13055914,0.0,0.0061509344290166,135
1,[],3,[],2019-06-05 06:33:11,40600.27748212,0.00000001,0.000000000000779096,7740019,2019-06-05 06:33:11,btc,0.2308097808993716,2146378.52189,0.00000001,btc,2477992.76904676,0.0,0.0004060027748212,136
1,[],4,[],2019-06-21 19:36:31,565834.69005015,0.00000170,0.00000000016785919,7750009,2019-06-21 19:36:31,btc,110.31048031531944,0.0,0.00000170,btc,584979.81343131,0.03602233,0.4851879376218132,137
1,[],12,[],2019-06-21 19:36:32,66254.35587751,0.000001529999999999999962528346615642238504051420022733509540557861328125,0.00000000015107327099999998,7750010,2019-06-21 19:36:32,btc,79.71313084723775,0.0,0.000001529999999999999962528346615642238504051420022733509540557861328125,btc,81256.92097078,0.00240281,0.0140497599999568,137
1,[],17,[],2019-05-03 01:13:16,32967.38636364,0.00000088,0.000000000048224264,7559122,2019-05-03 01:13:16,btc,20.06976206696776,0.0,0.00000088,btc,2746.079105,0.0,0.0105613000000032,142
1,[],4,[],2019-06-21 20:02:40,259695.88914771,0.00001607,0.0000000015919038419999999,7750133,2019-06-21 20:02:40,btc,8.746128003014709,0.0,0.00001607,btc,159936.38411484,0.48245528,0.43991491937399,142
1,[],5,[],2019-06-21 20:02:41,0.0,0,0,7750134,2019-06-21 20:02:41,btc,0.0,0.01635053,0,btc,0.0,0.0,0.0,142
1,[],20,[],2019-06-21 20:04:43,268549.4444,0.00001601,0.0000000015859602059999999,7750135,2019-06-21 20:04:43,btc,1.6060225109013,0.0,0.00001601,btc,9785.9993,0.0,0.0192699538593,142
1,[],22,[],2019-06-21 20:04:46,10715.0,0.00001299,0.000000001286797194,7750136,2019-06-21 20:04:46,BTC,2.99759384,0.0,0.00001299,BTC,835.7198755539798,0.0,0.00540125,142
0.0,[],25,[],2019-06-21 20:04:47,0.0,0,0,7750137,2019-06-21 20:04:47,,0.0,0.0,0.0,btc,0.0,0.0,0.0,142
0,[],28,[],2019-06-21 20:04:49,0.0,0,0,7750138,2019-06-21 20:04:49,,0.0,0.0,0,,0.0,0.0,0.0,142
0,[],22,[],2019-06-21 20:04:51,0.0,0,0,7750139,2019-06-21 20:04:51,,1635.98618676,0.0,0,,788450755.3,0.0,0.0,143
0,[],22,[],2019-02-25 15:42:22,0.0,0,0,6783783,2019-02-25 15:42:22,,4.2131946,0.0,0,,2322156.0,0.0,0.0,146
,[],22,[],2018-11-20 23:01:11,0.0,0,0,4862114,2018-11-20 23:01:11,,2.56807021,0.0,,,61828.4988236,0.0,0.0,147
1,[],12,[],2019-04-21 06:38:04,193091.5971266,0.00000071,0.000000000037635183,7388679,2019-04-21 06:38:04,btc,2.301232411611175,0.0,0.00000071,btc,9957.48302385,0.00023528,0.0313308199999888,148
1,[],4,[],2019-03-19 21:31:25,255810.0415942,0.00000029,0.000000000011615747,6982695,2019-03-19 21:31:25,btc,218.94922712414143,0.0,0.00000029,btc,793529.37642722,0.00117,0.0608347789473395,152
0,[],22,[],2019-03-19 21:31:27,0.0,0,0,6982696,2019-03-19 21:31:27,,0.0,0.0,0,,0.0,0.0,0.0,152
1,[],5,[],2019-04-26 09:36:59,0.0,0,0,7465040,2019-04-26 09:36:59,btc,0.0,0.0,0,btc,0.0,0.0,0.0,153
,[],16,[],2019-01-11 15:38:59,0.0,0,0,6366141,2019-01-11 15:38:59,btc,0.0,0.0,,btc,0.0,0.0,0.0,155
0,[],23,[],2019-01-20 23:24:29,0.0,0,0,6476932,2019-01-20 23:24:29,,0.0,0.0,0,,0.0,0.0,0.0,156
0,[],22,[],2019-06-04 06:02:09,0.0,0,0,7734688,2019-06-04 06:02:09,,7.43375324,0.0,0,,5955762.942592593,0.0,0.0,156
1,[],22,[],2019-06-21 20:04:55,6996.0,0.00000001,0.000000000000990606,7750140,2019-06-21 20:04:55,BTC,1.7543039,0.0,0.00000001,BTC,57.0,0.0,6.996e-05,157
0,[],22,[],2019-05-21 23:40:32,0.0,0,0,7665049,2019-05-21 23:40:32,,50234.60468402,0.0,0,,54786159.03179465,0.0,0.0,158
,[],17,[],2018-11-20 22:56:10,0.0,0,0,4861976,2018-11-20 22:56:10,btc,1.1265625,0.0,,btc,1000.0,0.0,0.0,159
,[],20,[],2018-11-20 22:56:12,0.0,0,0,4861977,2018-11-20 22:56:12,btc,11912.7940471,0.0,,btc,34413894.3617,0.0,0.0,159
1,[],12,[],2019-05-24 02:51:20,9178.522006449999,0.00000191999999999999982841307998027158276954651228152215480804443359375,0.000000000151222656,7676256,2019-05-24 02:51:20,btc,149.80414728631675,0.0,0.00000191999999999999982841307998027158276954651228152215480804443359375,btc,1115.7451448499999,0.01783167678326,0.0120075778999181,168
1,[],17,[],2019-05-03 01:13:36,42852.0,0.00000002,0.000000000001096006,7559132,2019-05-03 01:13:36,btc,0.04279856251542,0.0,0.00000002,btc,274.46171372,0.0,0.00052852,168
1,[],22,[],2019-05-17 03:01:52,10.0,0.00000001,0.000000000000778341,7642059,2019-05-17 03:01:52,BTC,41.95893009,0.0,0.00000001,BTC,1753972.7737547632,0.0,1e-07,169
1,[],22,[],2019-05-30 08:38:18,202834.0,0.00000002,0.0000000000017416160000000001,7711049,2019-05-30 08:38:18,BTC,27.87002826,0.0,0.00000002,BTC,462189.5410507793,0.0,0.00211768,171
1,[],22,[],2019-05-29 08:05:18,349870.0,0.00000002,0.000000000001705894,7705265,2019-05-29 08:05:18,BTC,24.05907723,0.0,0.00000002,"BTC,LTC",1224285.4355616204,0.0,0.0039847,173
1,[],5,[],2019-06-21 19:38:51,0.0,0,0,7750019,2019-06-21 19:38:51,btc,0.0,0.02024651,0,btc,0.0,0.0,0.0,175
1,[],22,[],2019-06-17 14:33:12,90671.0,0.00000001,0.00000000000092914,7740175,2019-06-17 14:33:12,BTC,394.35459412,0.0,0.00000001,BTC,136275.61833431243,0.0,0.00090671,176
1,[],7,[],2019-06-21 19:38:52,0.0,0,0,7750020,2019-06-21 19:38:52,btc,522272.5932639098,0.0,0,btc,27791001.73829655,0.0,0.0,178
0,[],22,[],2019-06-21 19:38:55,0.0,0,0,7750021,2019-06-21 19:38:55,,1.00242428,0.0,0,,57512.0,0.0,0.0,178
0,[],2,[],2019-01-20 23:28:34,0.0,0,0,6477001,2019-01-20 23:28:34,,0.0,0.0,0,,0.0,0.0,0.0,178
0,[],23,[],2019-01-20 23:25:08,0.0,0,0,6476952,2019-01-20 23:25:08,,0.0,0.0,0,,0.0,0.0,0.0,179
1,[],5,[],2019-06-21 20:04:56,0.0,0,0,7750141,2019-06-21 20:04:56,btc,0.0,0.0143049,0,btc,0.0,0.0,0.0,179
0,[],22,[],2019-06-21 20:04:58,0.0,0,0,7750142,2019-06-21 20:04:58,,5.17403917,0.0,0,,13450788.311946675,0.0,0.0,179
1,[],26,[],2019-06-21 20:07:03,0.0,0.00000010,0.00000000000990606,7750144,2019-06-21 20:07:03,btc,0.0,0.0,0.00000010,btc,0.0,0.0,0.0,180
1,[],17,[],2019-05-03 01:13:56,20504.725000000002,0.0000001,0.00000000000548003,7559141,2019-05-03 01:13:56,btc,5.2010695838400265,0.0,0.0000001,btc,5033.45945,0.0,0.0011504725,180
1,[],22,[],2019-06-21 20:07:03,735420.6583148559,0.00000041,0.000000000040614846,7750143,2019-06-21 20:07:03,BTC,40.61588481,0.0,0.00000041,"BTC,LTC",168961.62502857723,0.00119173,0.57207439,180
,[],7,[],2018-11-20 22:58:01,562227.975654,0.00000085,0.000000000036176765,4862015,2018-11-20 22:58:01,btc,21836.6059674,2491.87645172,,btc,749999.041456,0.00211021,0.127565380455,183
,[],5,[],2019-01-10 08:11:41,0.0,0,0,6347036,2019-01-10 08:11:41,btc,82.15055501,0.00261,,btc,1.19002445,0.0,0.0,187
,[],17,[],2018-11-16 20:58:10,4062536.27273,0.00000001,0.000000000000550501,4708775,2018-11-16 20:58:10,btc,3.36492563466,0.195460381006,,"btc,eth",110697919.549,0.0,0.0157628953496,187
1,[],24,[],2019-05-22 21:04:52,0.0,0.000000000014,0.0000000000000010960978,7670219,2019-05-22 21:04:52,btc,0.0,0.0,0.000000000014,btc,0.0,0.0,0.0,187
0,[],22,[],2019-04-25 02:54:07,0.0,0,0,7447896,2019-04-25 02:54:07,,7.54794454,0.0,0,,76361.7243344055,0.0,0.0,191
0,[],22,[],2019-06-17 14:33:34,0.0,0,0,7740182,2019-06-17 14:33:34,,0.0,0.0,0,,0.0,0.0,0.0,197
0,[],23,[],2019-01-20 23:31:41,0.0,0,0,6477079,2019-01-20 23:31:41,,0.0,0.0,0,,0.0,0.0,0.0,199
0,[],22,[],2019-06-21 19:41:05,0.0,0,0,7750026,2019-06-21 19:41:05,,10.58263174,0.0,0,,84280969.0,0.0,0.0,199
1,[],26,[],2019-06-21 19:41:05,0.0,0.00000000,0,7750027,2019-06-21 19:41:05,btc,0.0,0.0,0.00000000,btc,0.0,0.0,0.0,199
0,[],2,[],2019-01-20 23:30:49,0.0,0,0,6477059,2019-01-20 23:30:49,,0.0,0.0,0,,0.0,0.0,0.0,201
1,[],4,[],2019-01-25 15:51:35,2084389.58565343,0.00000936,0.000000000333526752,6499557,2019-01-25 15:51:35,btc,2.0092503037378524,0.0,0.00000936,btc,160195.80207885,0.19272417,1.242687955921835,211
1,[],7,[],2019-06-21 19:41:07,1170054124.6898527,0.00000018,0.000000000017773326,7750028,2019-06-21 19:41:07,btc,1346840.2653139164,0.0,0.00000018,btc,6166479.26464841,0.0,11.954344045954047,212
1,[],12,[],2019-01-25 02:44:32,207462.42853209,0.000001080000000000000035831255497387193287295303889550268650054931640625,0.000000000038610756000000006,6493050,2019-01-25 02:44:32,btc,85023.03793723314,0.0,0.000001080000000000000035831255497387193287295303889550268650054931640625,btc,43675.73520027,0.000146250909087,0.0348620860622024,213
1,[],5,[],2019-05-30 00:07:46,0.0,0,0,7709357,2019-05-30 00:07:46,btc,0.0,0.06425239,0,btc,0.0,0.0,0.0,213
1,[],24,[],2019-05-30 00:07:46,0.0,0.000000399202,0.0000000000344859829346,7709358,2019-05-30 00:07:46,btc,0.0,0.0,0.000000399202,btc,0.0,0.0,0.0,213
1,[],26,[],2019-05-30 00:07:47,0.0,0.00000040,0.000000000034554919999999996,7709359,2019-05-30 00:07:47,btc,0.0,0.0,0.00000040,btc,0.0,0.0,0.0,213
0,[],22,[],2019-06-21 19:41:10,0.0,0,0,7750029,2019-06-21 19:41:10,,9.56923849,0.0,0,,3661587.2040649247,0.0,0.0,216
0,[],27,[],2019-06-21 19:41:16,0.0,0,0,7750030,2019-06-21 19:41:16,,95.90859402917752,0.0,0,"btc,ltc",644425.407688,0.0,0.0,216
1,[],22,[],2019-06-21 19:41:20,480125.4852813853,0.0000003,0.00000000002962221,7750031,2019-06-21 19:41:20,BTC,12055.91513665,0.0,0.0000003,BTC,495986.3626290264,3.53e-05,0.03158047,217
1,[],7,[],2019-06-21 19:41:21,0.0,0,0,7750032,2019-06-21 19:41:21,btc,1234862.00312316,0.0,0,btc,89035021.11569473,0.0,0.0,219
0,[],27,[],2019-06-21 19:41:26,0.0,0,0,7750033,2019-06-21 19:41:26,,250.36597143533322,0.0,0,btc,7934668.36581025,0.0,0.0,219
0,[],28,[],2019-06-21 19:41:27,0.0,0,0,7750034,2019-06-21 19:41:27,,0.0,0.0,0,,0.0,0.0,0.0,219
1,[],22,[],2019-05-23 16:41:05,172069.0,0.00000004,0.0000000000031167080000000004,7674065,2019-05-23 16:41:05,BTC,56.76466137,0.0,0.00000004,BTC,127061.6482738741,0.0,0.00393676,221
1,[],24,[],2019-05-23 16:41:05,0.0,0.000000010000,0.0000000000007791770000000001,7674066,2019-05-23 16:41:05,btc,0.0,0.0,0.000000010000,btc,0.0,0.0,0.0,221
1,[],20,[],2019-06-17 14:34:11,26882155.8301,0.000000003,0.000000000000278742,7740192,2019-06-17 14:34:11,btc,100050.81956632523,233521.3529,0.000000003,btc,38769742.8604,0.0007925640587,0.0306863532672,224
0,[],22,[],2019-06-17 14:34:13,0.0,0,0,7740193,2019-06-17 14:34:13,,0.0,0.0,0,,0.0,0.0,0.0,224
1,[],26,[],2019-06-21 19:41:27,0.0,0.00000022,0.000000000021722954,7750035,2019-06-21 19:41:27,btc,0.0,0.0,0.00000022,btc,0.0,0.0,0.0,231
1,[],26,[],2019-06-21 19:41:27,0.0,0.00000005,0.000000000004937035,7750036,2019-06-21 19:41:27,btc,0.0,0.0,0.00000005,btc,0.0,0.0,0.0,234
0.0000000002965483,[],27,[],2019-06-21 19:41:33,100.0,2.965483e-18,2.928138672581e-22,7750037,2019-06-21 19:41:33,eth,0.0,0.0,0.00000001,"btc,eth",0.0,0.0,2.965483e-16,234
1,[],4,[],2019-05-22 17:06:12,91780.56053785,0.00000078,0.000000000061977552,7669277,2019-05-22 17:06:12,btc,5.573372450018177,0.0,0.00000078,btc,729173.93529783,0.0,0.0307060663355679,236
1,[],24,[],2019-05-22 17:06:12,0.0,0.000000010000,0.000000000000794584,7669278,2019-05-22 17:06:12,btc,0.0,0.0,0.000000010000,btc,0.0,0.0,0.0,236
1,[],5,[],2019-06-21 19:41:35,0.0,0,0,7750038,2019-06-21 19:41:35,btc,0.0,2.34641531,0,btc,0.0,0.0,0.0,237
1,[],20,[],2019-06-21 19:41:37,52430467.4122,0.000000093,0.0000000000091828851,7750039,2019-06-21 19:41:37,btc,8187498.631946093,29771593.5022,0.000000093,btc,32882647.9551,2.7973330275867,1.3961931058656,237
1,[],22,[],2019-06-21 19:41:42,2084614.0,0.00000004,0.000000000003949628,7750040,2019-06-21 19:41:42,BTC,1.20112207,0.0,0.00000004,"BTC,LTC",14507.148717948718,0.0,0.02587451,237
1,[],4,[],2019-06-21 19:41:43,41656501.75020306,0.00000007,0.000000000006911849,7750041,2019-06-21 19:41:43,btc,2.6305248659641256,0.0,0.00000007,btc,12610525.97914969,0.02725528,0.8533058980128793,238
1,[],5,[],2019-06-21 19:41:43,0.0,0,0,7750042,2019-06-21 19:41:43,btc,0.0,0.00809369,0,btc,0.0,0.0,0.0,238
0,[],22,[],2019-03-12 16:49:32,0.0,0,0,6914458,2019-03-12 16:49:32,,0.40415746,0.0,0,,526736.5639027493,0.0,0.0,249
0,[],22,[],2019-05-28 23:53:45,0.0,0,0,7703643,2019-05-28 23:53:45,,13.44714864,0.0,0,,43777534.3426455,0.0,0.0,252
0,[],28,[],2019-06-21 19:41:45,0.0,0,0,7750043,2019-06-21 19:41:45,,0.0,0.0,0,,0.0,0.0,0.0,256
1,[],22,[],2019-06-21 19:41:48,569233.0,0.00000001,0.000000000000987407,7750044,2019-06-21 19:41:48,BTC,31464.57209943,0.0,0.00000001,BTC,1031813.2230878276,0.00023236,0.00569233,258
1,[],22,[],2019-05-19 18:12:02,400.0,0.00000001,0.0000000000007957800000000001,7653905,2019-05-19 18:12:02,BTC,2.415167,0.0,0.00000001,BTC,157.0,0.0,4e-06,259
1,[],5,[],2019-06-21 19:41:49,0.0,0,0,7750045,2019-06-21 19:41:49,btc,0.0,0.06107464,0,btc,0.0,0.0,0.0,264
1,[],20,[],2019-06-21 19:41:51,910724.1881,0.000000421,0.000000000041569834699999997,7750046,2019-06-21 19:41:51,btc,0.9602993616608,40631.5368,0.000000421,btc,40762.8188,0.0243680895472,0.0073877343111,264
0,[],22,[],2019-04-12 17:57:27,0.0,0,0,7278186,2019-04-12 17:57:27,,66.37522201,0.0,0,,677842.4169881374,0.0,0.0,271
0,[],22,[],2019-06-21 19:41:53,0.0,0,0,7750047,2019-06-21 19:41:53,,33050469.74148113,0.0,0,,14261527780.7,0.0,0.0,272
0,[],28,[],2019-06-21 19:43:54,0.0,0,0,7750048,2019-06-21 19:43:54,,0.0,0.0,0,,0.0,0.0,0.0,272
1,[],22,[],2019-05-23 07:12:29,219930.0,0.00000004,0.000000000003048688,7671985,2019-05-23 07:12:29,BTC,426.77835217,0.0,0.00000004,BTC,248664.3325962929,0.0,0.00739728,281
1,[],22,[],2019-06-21 19:43:58,32671.1,0.00000002,0.000000000001974814,7750049,2019-06-21 19:43:58,BTC,2.67869103,0.0,0.00000002,"BTC,LTC",1069782.9093393278,0.00027316,0.00490454,286
0,[],22,[],2019-06-17 14:34:53,0.0,0,0,7740207,2019-06-17 14:34:53,,7337915.80475575,0.0,0,,2078527309.6797826,0.0,0.0,294
