pairValue,buyBook,exchangeId,sellBook,updated,buyTotal,satoshiPrice,usdPrice,exchangeLogId,created,bestPair,sellTotalBtc,volume,pairPrice,activePairs,sellTotal,volumeBtc,buyTotalBtc,coinId
1,[],3,[],2019-03-16 22:46:42,30537.41415388455,0.0133945399999999999185451571293015149421989917755126953125,0.0000005361097662299999,6949812,2019-03-16 22:46:42,btc,61.11954819927481,8.33314140818,0.0133945399999999999185451571293015149421989917755126953125,btc,24.900112075670002,0.0,0.26343291385446727,1
1,[],4,[],2019-03-16 22:46:43,207746.59362916,0.01324529,0.000000530136109605,6949813,2019-03-16 22:46:43,btc,12.87027012963065,0.0,0.01324529,btc,223.35625935,2.42440143,1.042882622625769,1
1,[],5,[],2019-03-16 22:46:47,0.0,0,0,6949814,2019-03-16 22:46:47,btc,0.0,0.10670588,0,btc,0.0,0.0,0.0,1
1,[],10,[],2019-03-16 22:46:49,413841.46184025,0.01107774,0.00000044338100463,6949815,2019-03-16 22:46:49,btc,6522.262796825843,1695.40955071,0.01107774,btc,973.71468461,0.0,5.128084383836939,1
1,[],12,[],2019-03-16 22:46:52,111.06107819,0.01314000000000000063782312764715243247337639331817626953125,0.0000005259219300000001,6949816,2019-03-16 22:46:52,btc,0.1515236411934,0.0,0.01314000000000000063782312764715243247337639331817626953125,btc,11.02456619,1.8608512934261,0.4377251306618,1
1,[],20,[],2019-03-16 22:46:54,1152.6653,0.012499809,0.0000005002986053205,6949817,2019-03-16 22:46:54,btc,0.0548972616556,0.0249,0.012499809,btc,2.4316,0.0003112452441,0.0982373575693,1
1,[],21,[],2019-03-16 22:46:55,2202.16249826,0.01328230000000000035620395522,0.00000053161741635,6949818,2019-03-16 22:46:55,btc,96.78424924935986,9607.941253500001,0.0132823000000000003562039552207352244295179843902587890625,"btc,eth",7821.9898256999995,121.53857917838589,22.96806931890648,1
1,[],22,[],2019-03-16 22:47:31,0.07686088253968254,0.01260000,0.0000005043087,6949819,2019-03-16 22:47:31,BTC,0.31439419,0.0,0.01260000,BTC,0.12751438772928525,0.0,0.00096785,1
1,[],24,[],2019-03-16 22:47:32,0.0,0.000000000000,0,6949820,2019-03-16 22:47:32,btc,0.0,0.0,0.000000000000,btc,0.0,0.0,0.0,1
0.0,[],25,[],2019-03-16 22:47:33,0.0,0,0,6949821,2019-03-16 22:47:33,btc,39.113599997507826,1609.52695505,0.0,btc,2873.56334701,21.6453,0.0,1
1,[],26,[],2019-03-16 22:47:34,0.0,0,0,6949822,2019-03-16 22:47:34,,0.0,0.0,0,,0.0,0.0,0.0,1
1,[],28,[],2019-03-16 22:47:46,993.03,0.01300000,0.0000005203185,6949823,2019-03-16 22:47:46,btc,0.151703079,17893.602,0.01300000,btc,8.184,0.0,0.087791096,1
0,[],2,[],2019-01-20 23:28:45,0.0,0,0,6477011,2019-01-20 23:28:45,,0.0,0.0,0,,0.0,0.0,0.0,1
1,[],5,[],2019-03-16 22:25:59,0.0,0,0,6949635,2019-03-16 22:25:59,btc,0.0,0.01128205,0,btc,0.0,0.0,0.0,2
0,[],22,[],2019-03-16 22:26:12,0.0,0,0,6949636,2019-03-16 22:26:12,,0.0,0.0,0,,0.0,0.0,0.0,2
1,[],5,[],2019-03-16 22:26:13,0.0,0,0,6949637,2019-03-16 22:26:13,btc,0.0,0.01353297,0,btc,0.0,0.0,0.0,3
1,[],12,[],2019-03-16 22:26:14,2979979.80895444,0.000000197,0.0000000000078886089,6949638,2019-03-16 22:26:14,btc,22824.940513556954,0.0,0.000000197,btc,1276375.86311353,0.0469879298170061,0.4244412528084692,3
0,[],28,[],2019-03-16 22:26:16,0.0,0,0,6949639,2019-03-16 22:26:16,,0.0,0.0,0,,0.0,0.0,0.0,3
1,[],4,[],2019-03-16 22:26:17,405970.04269002,0.00000032,0.000000000012813984,6949640,2019-03-16 22:26:17,btc,32.056418260480605,0.0,0.00000032,btc,725153.97080371,0.0,0.0478160437254754,4
0,[],2,[],2019-01-20 23:31:32,0.0,0,0,6477077,2019-01-20 23:31:32,,0.0,0.0,0,,0.0,0.0,0.0,4
1,[],12,[],2019-03-16 22:26:18,445625.0,0.00000002,0.000000000000800874,6949641,2019-03-16 22:26:18,btc,1111853.28798595,0.0,0.00000002,btc,773032.33266733,0.0,0.00487174,5
1,[],11,[],2019-03-16 22:26:20,4075866.89882,0.00000002,0.000000000000800874,6949642,2019-03-16 22:26:20,btc,9574.342779127846,90490.0,0.00000002,btc,43241722.92614274,0.0,0.0477596813342,6
0,[],2,[],2019-01-20 23:31:51,0.0,0,0,6477087,2019-01-20 23:31:51,,0.0,0.0,0,,0.0,0.0,0.0,6
1,[],3,[],2019-03-16 22:47:47,1104.870652130215,0.00015480999999999998993464866980929173223557882010936737060546875,0.000000006196192844999999,6949824,2019-03-16 22:47:47,btc,29.634654231634162,1.9,0.00015480999999999998993464866980929173223557882010936737060546875,btc,241.020514578101,0.0,0.03710721740273891,7
1,[],4,[],2019-03-16 22:47:48,96669.70515033,0.00022005,0.000000008807391225,6949825,2019-03-16 22:47:48,btc,9.847632230436762,0.0,0.00022005,btc,35336.85017903,6.78710715,8.930338694066627,7
1,[],5,[],2019-03-16 22:47:49,0.0,0,0,6949826,2019-03-16 22:47:49,btc,0.0,0.28678637,0,btc,0.0,0.0,0.0,7
1,[],20,[],2019-02-20 02:16:17,39399275.8418,0.000000001,0.0000000000000390183,6728586,2019-02-20 02:16:17,btc,116.9737569154545,525.0,0.000000001,btc,56932965.8895,5.25e-07,0.0393992758418,8
0,[],2,[],2019-01-20 23:22:42,0.0,0,0,6476876,2019-01-20 23:22:42,,0.0,0.0,0,,0.0,0.0,0.0,9
0,[],23,[],2019-01-20 23:22:48,0.0,0,0,6476878,2019-01-20 23:22:48,,0.0,0.0,0,,0.0,0.0,0.0,9
1,[],1,[],2019-02-17 23:31:42,1822507.21,0.00000181000000000000003456111265232042484285557293333113193511962890625,0.000000000066086901,6701244,2019-02-17 23:31:42,btc,3.6990969245,17153386.5,0.00000181000000000000003456111265232042484285557293333113193511962890625,btc,1997391.71,31.11772986,3.2610482446,9
1,[],4,[],2019-03-16 22:47:51,1848601.96255556,0.00000161,0.000000000064439445,6949827,2019-03-16 22:47:51,btc,7.509244175472794,0.0,0.00000161,btc,3264872.65895634,1.37289262,1.3166314944159432,9
1,[],28,[],2019-03-16 22:47:58,26353.0,0.00000159,0.000000000063638955,6949828,2019-03-16 22:47:58,btc,2708.772005654283,3671740.0,0.00000159,btc,17923.9197,0.0,0.0147295,9
1,[],4,[],2019-02-17 11:22:43,4341674.27126056,0.00000002,0.0000000000007272960000000001,6696112,2019-02-17 11:22:43,btc,0.1997230937751353,0.0,0.00000002,btc,4109766.79808031,0.00215132,0.0479381022052112,10
0,[],2,[],2019-01-20 23:23:08,0.0,0,0,6476890,2019-01-20 23:23:08,,0.0,0.0,0,,0.0,0.0,0.0,12
1,[],4,[],2019-03-16 22:48:00,5275177.6088504,0.00000192,0.00000000007684704,6949829,2019-03-16 22:48:00,btc,13.514420966492295,0.0,0.00000192,btc,5152123.89214112,8.59300554,6.2202977926098315,12
1,[],5,[],2019-03-16 22:48:02,0.0,0,0,6949830,2019-03-16 22:48:02,btc,0.0,0.14755401,0,btc,0.0,0.0,0.0,12
0.0,[],25,[],2019-03-16 22:48:04,0.0,0,0,6949831,2019-03-16 22:48:04,,0.0,0.0,0.0,btc,0.0,0.0,0.0,12
1,[],4,[],2019-03-16 22:26:36,32932300.16742,0.00001045,0.000000000418456665,6949651,2019-03-16 22:26:36,btc,4.965387407833046,0.0,0.00001045,btc,349600.34102413,5.86295524,1.366358005233413,13
1,[],10,[],2019-03-16 22:26:38,445502.33942715,0.00000974,0.00000000039002563799999997,6949652,2019-03-16 22:26:38,btc,666776.6810412684,57356.6088585,0.00000974,btc,656045.61829329,0.0,0.3535713403681511,13
1,[],21,[],2019-03-16 22:26:39,2672748.98893417,0.00001039000000000000047215703569,0.000000000416054043,6949653,2019-03-16 22:26:39,btc,16.641967575741862,17544956.62389477,0.000010390000000000000472157035691367354957037605345249176025390625,btc,1411212.11128554,199.05414801,23.419615969491822,13
1,[],4,[],2019-03-16 22:26:41,1563328.93085287,0.00000079,0.000000000031634523,6949654,2019-03-16 22:26:41,btc,5.373635808367835,0.0,0.00000079,btc,1014081.6404368,0.02122706,0.1938040560652331,14
1,[],12,[],2019-03-16 22:26:41,292003.0,0.00000067,0.000000000026829279,6949655,2019-03-16 22:26:41,btc,0.0559780098458686,0.0,0.00000067,btc,13758.54919045,0.0,0.02233632,14
0,[],17,[],2019-03-16 22:26:53,0.0,0,0,6949656,2019-03-16 22:26:53,btc,0.0,0.0,0,btc,0.0,0.0,0.0,14
1,[],26,[],2019-03-16 22:26:53,0.0,0.00000050,0.00000000002002185,6949657,2019-03-16 22:26:53,btc,0.0,0.0,0.00000050,btc,0.0,0.0,0.0,14
0,[],4,[],2019-03-16 22:26:54,0.0,0,0,6949658,2019-03-16 22:26:54,,0.0,0.0,0,,0.0,0.0,0.0,15
,[],12,[],2018-12-01 15:15:48,204241.84496,0.00000489,0.000000000202473384,5260204,2018-12-01 15:15:48,btc,49.5475654835,0.0,,btc,35763.2193806,0.0163153972027625,0.0203389899998,15
0,[],17,[],2019-03-16 22:07:01,0.0,0,0,6949466,2019-03-16 22:07:01,btc,0.0,0.0,0,btc,0.0,0.0,0.0,18
0,[],2,[],2019-01-20 23:23:38,0.0,0,0,6476906,2019-01-20 23:23:38,,0.0,0.0,0,,0.0,0.0,0.0,18
1,[],4,[],2019-03-16 22:48:04,25619.58728193,0.00001600,0.000000000640392,6949832,2019-03-16 22:48:04,btc,3.775652993779486,0.0,0.00001600,btc,18339.15422433,0.03642223,0.0679221866904372,18
1,[],10,[],2019-03-16 22:48:06,784317.70414307,0.00001498,0.00000000059956701,6949833,2019-03-16 22:48:06,btc,15.408920310626645,20095.6828891,0.00001498,btc,13500.7661649,0.0,0.1395728489852009,18
1,[],12,[],2019-03-16 22:48:08,313833.64508502,0.00001542000000000000144097407617227446507968124933540821075439453125,0.00000000061717779,6949834,2019-03-16 22:48:08,btc,33214.72736255389,0.0,0.00001542000000000000144097407617227446507968124933540821075439453125,btc,785.71637449,0.0187002519988598,0.0271070946078532,18
0,[],2,[],2019-01-20 23:24:19,0.0,0,0,6476924,2019-01-20 23:24:19,,0.0,0.0,0,,0.0,0.0,0.0,19
1,[],3,[],2019-03-16 22:48:10,120770.05610157826,0.0000187299999999999985489211595801606335953692905604839324951171875,0.000000000749658885,6949835,2019-03-16 22:48:10,btc,0.6830623870055098,34.26261635,0.0000187299999999999985489211595801606335953692905604839324951171875,btc,15004.205445313173,0.0,0.05722063279866677,19
1,[],4,[],2019-03-16 22:48:11,230386.59709859,0.00001974,0.00000000079008363,6949836,2019-03-16 22:48:11,btc,2.2567346995021613,0.0,0.00001974,btc,75561.50986933,0.32500367,2.483755686576166,19
1,[],5,[],2019-03-16 22:48:12,0.0,0,0,6949837,2019-03-16 22:48:12,btc,0.0,4.918e-05,0,btc,0.0,0.0,0.0,19
1,[],12,[],2019-03-16 22:48:13,193169.34273977,0.0000194099999999999988146114071607684081754996441304683685302734375,0.0000000007768755449999999,6949838,2019-03-16 22:48:13,btc,1.1741546255280328,0.0,0.0000194099999999999988146114071607684081754996441304683685302734375,btc,562.16944569,0.0048110616010777,0.0436460099996529,19
0,[],27,[],2019-03-16 22:48:15,0.0,0,0,6949839,2019-03-16 22:48:15,,0.0,0.0,0,btc,0.0,0.0,0.0,19
1,[],4,[],2019-03-16 22:48:16,2841269.9335836,0.00000013,0.000000000005203185,6949840,2019-03-16 22:48:16,btc,7.3822217746397,0.0,0.00000013,btc,2872436.96906976,0.00034328,0.0859972404891473,20
0,[],17,[],2019-03-16 22:27:21,0.0,0,0,6949670,2019-03-16 22:27:21,btc,0.0,0.0,0,btc,0.0,0.0,0.0,21
1,[],4,[],2019-03-16 22:48:17,98322696.22946244,0.00000002,0.00000000000080049,6949841,2019-03-16 22:48:17,btc,39417.14030210657,0.0,0.00000002,btc,53547534.99537982,0.01430183,1.0948589774898894,21
1,[],12,[],2019-03-16 22:48:18,1795846.0,0.00000001,0.000000000000400245,6949842,2019-03-16 22:48:18,btc,1247.532409328981,0.0,0.00000001,btc,2537857.94905095,0.002008483176823,0.01795846,21
1,[],12,[],2019-03-16 22:48:21,2643932330.0,0.0000000001,0.00000000000000400245,6949843,2019-03-16 22:48:21,btc,1944716.4750732922,0.0,0.0000000001,btc,1778171208.8445444,0.000282272008391608,0.264393233,23
0,[],27,[],2019-03-16 22:48:23,0.0,0,0,6949844,2019-03-16 22:48:23,,13.83979783885341,0.0,0,eth,6296692.91714486,0.0,0.0,23
1,[],4,[],2019-03-16 22:27:24,672665.23174898,0.00000045,0.000000000018019665,6949673,2019-03-16 22:27:24,btc,9.901700555056081,0.0,0.00000045,btc,1613067.45039724,0.00368843,0.1699946015267975,24
1,[],22,[],2019-03-16 22:27:38,11.76,0.00000100,0.0000000000400437,6949674,2019-03-16 22:27:38,BTC,7.415e-05,0.0,0.00000100,BTC,23.919354838709676,0.0,1.176e-05,24
0.0,[],25,[],2019-03-16 22:27:39,0.0,0,0,6949675,2019-03-16 22:27:39,,0.0,0.0,0.0,btc,0.0,0.0,0.0,24
1,[],4,[],2019-03-16 22:27:40,28199760.85402802,0.00000648,0.000000000259483176,6949676,2019-03-16 22:27:40,btc,141.90076220045054,0.0,0.00000648,btc,260188.48053571,0.17979061,0.548999749424998,26
1,[],10,[],2019-03-16 22:27:42,602624.84463415,0.00000543,0.000000000217437291,6949677,2019-03-16 22:27:42,btc,25.23355863261343,4208.31212439,0.00000543,btc,14324.4645187,0.0,0.1443916358988472,26
0,[],2,[],2019-01-20 23:25:56,0.0,0,0,6476976,2019-01-20 23:25:56,,0.0,0.0,0,,0.0,0.0,0.0,26
1,[],3,[],2019-03-16 22:27:43,10888354.54084747,0.00000001,0.000000000000400437,6949678,2019-03-16 22:27:43,btc,2.04727751489972,205.0,0.00000001,btc,15254953.08288588,0.0,0.1088835454084747,27
1,[],5,[],2019-03-16 22:27:44,0.0,0,0,6949679,2019-03-16 22:27:44,btc,0.0,0.00021142,0,btc,0.0,0.0,0.0,27
1,[],11,[],2019-03-16 22:27:46,8489638.24590115,0.00000006,0.0000000000024026219999999997,6949680,2019-03-16 22:27:46,btc,67506.1992155516,5956.66666667,0.00000006,btc,7966196.08369704,0.0,0.4689379049180229,27
1,[],4,[],2019-03-16 22:27:47,2193271893.5381846,0.00000001,0.000000000000400437,6949681,2019-03-16 22:27:47,btc,2.895018721989637,0.0,0.00000001,"btc,ltc",283607570.9289256,1.25206423,9.916461288835439,29
1,[],7,[],2019-03-16 22:27:49,35613182.13418711,0.00000001,0.000000000000400437,6949682,2019-03-16 22:27:49,btc,44461604.290654965,115736.263736,0.00000001,btc,52323360.16429539,0.00231473,0.3561318213418711,29
1,[],4,[],2019-03-16 22:27:50,4038425.55471849,0.00000018,0.000000000007207866,6949683,2019-03-16 22:27:50,btc,2.691363006930202,0.0,0.00000018,btc,2218346.15429199,0.03609861,0.1034371014532282,30
0,[],17,[],2019-03-16 22:27:51,0.0,0,0,6949684,2019-03-16 22:27:51,btc,0.0,0.0,0,btc,0.0,0.0,0.0,30
1,[],4,[],2019-03-16 22:48:24,195442.17762753,0.00005705,0.000000002283397725,6949845,2019-03-16 22:48:24,btc,9.366301474721814,0.0,0.00005705,btc,115901.75897463,0.45723173,2.086522635097399,31
1,[],21,[],2019-03-16 22:48:25,50836.38933324,0.00005772999999999999784288870486,0.0000000023106143849999997,6949846,2019-03-16 22:48:25,btc,4.464197827038162,44920.97186232,0.0000577299999999999978428887048576001461697160266339778900146484375,btc,71646.62687726,2.55024066,2.6709423104283814,31
0,[],2,[],2019-01-20 23:28:43,0.0,0,0,6477009,2019-01-20 23:28:43,,0.0,0.0,0,,0.0,0.0,0.0,32
1,[],4,[],2019-03-16 22:27:54,392145741.2434466,0.00000004,0.000000000001601748,6949687,2019-03-16 22:27:54,btc,8.931616858097142,0.0,0.00000004,"btc,ltc",181466997.99231672,0.82542766,8.254704004506097,33
1,[],12,[],2019-03-16 22:27:55,34017359.99233333,0.00000004,0.000000000001601748,6949688,2019-03-16 22:27:55,btc,4128219.576060666,0.0,0.00000004,btc,16947179.65134864,0.1727635826873094,0.8937622167199999,33
1,[],4,[],2019-03-16 22:27:56,91401941.25873607,0.00000001,0.000000000000400437,6949689,2019-03-16 22:27:56,btc,3.3748738186475946,0.0,0.00000001,btc,103896361.08809106,0.01260654,0.9140194125873607,34
1,[],5,[],2019-03-16 22:27:58,0.0,0,0,6949690,2019-03-16 22:27:58,btc,0.0,0.0110514,0,btc,0.0,0.0,0.0,34
0.0000000001520603,[],4,[],2019-03-16 22:27:59,4838065926.024671,1.5206030000000001e-18,6.08905703511e-23,6949691,2019-03-16 22:27:59,ltc,4.9030742624456844e-08,0.0,0.00000001,ltc,6420610229.539046,0.0,7.356777561310892e-09,36
1,[],5,[],2019-03-16 22:28:00,0.0,0,0,6949692,2019-03-16 22:28:00,btc,0.0,0.0,0,btc,0.0,0.0,0.0,36
0,[],17,[],2019-03-16 22:28:02,0.0,0,0,6949693,2019-03-16 22:28:02,btc,0.07464582818080637,0.0,0,btc,4105386.20243647,0.0,0.0,36
0.0000000003523934,[],27,[],2019-03-16 22:28:04,998000.16325,3.5239340000000005e-18,1.411113559158e-22,6949694,2019-03-16 22:28:04,eth,223.80396210580784,0.0,0.00000001,"ltc,eth",12165396.31058689,0.0,1.5175623692822255e-12,36
1,[],4,[],2019-03-16 22:08:10,206664.85745501,0.00000055,0.000000000022019965,6949497,2019-03-16 22:08:10,btc,19772.482705094153,0.0,0.00000055,btc,587133.75517048,0.01753705,0.0841607685165098,37
1,[],12,[],2019-03-16 22:08:12,2394355.80293818,0.00000055,0.000000000022019965,6949498,2019-03-16 22:08:12,btc,20.519204254136746,0.0,0.00000055,btc,354684.76278574,0.0545784232009403,0.171670574285707,37
1,[],27,[],2019-03-16 22:08:24,14685.567,0.00000045,0.000000000018016335,6949499,2019-03-16 22:08:24,btc,24.25536383611233,0.0,0.00000045,btc,6518.38138508,0.0,0.00480032515,37
1,[],17,[],2019-03-16 21:47:11,1752.74075282,0.00000025,0.00000000001000355,6949311,2019-03-16 21:47:11,btc,0.055484923777095005,0.0,0.00000025,btc,1319.19918473,0.0,0.00043818518820499993,37
1,[],5,[],2019-03-16 22:28:06,0.0,0,0,6949695,2019-03-16 22:28:06,btc,0.0,0.12250699,0,btc,0.0,0.0,0.0,42
1,[],12,[],2019-03-16 22:28:07,254966.63953488,0.0000009,0.00000000003603933,6949696,2019-03-16 22:28:07,btc,5.619062739170539,0.0,0.0000009,btc,45050.28928644,0.0,0.0205252299999968,42
0.0000000003523934,[],27,[],2019-03-16 22:28:10,2000.0,3.5239340000000005e-18,1.411113559158e-22,6949697,2019-03-16 22:28:10,eth,0.00315028,0.0,0.00000001,"btc,eth",11.007,0.0,7.047868e-15,42
1,[],5,[],2019-03-16 22:28:12,0.0,0,0,6949698,2019-03-16 22:28:12,btc,0.0,0.00863543,0,btc,0.0,0.0,0.0,43
0,[],17,[],2019-03-16 22:28:14,0.0,0,0,6949699,2019-03-16 22:28:14,btc,0.0,0.0,0,btc,0.0,0.0,0.0,43
1,[],12,[],2019-03-13 09:13:29,1112112.0,0.00000001,0.000000000000386531,6919902,2019-03-13 09:13:29,btc,29058.00478931866,0.0,0.00000001,btc,5967681.93306694,9.99000999e-07,0.01112112,43
1,[],12,[],2019-03-05 01:54:08,639326.02,0.00000004,0.000000000001486676,6845775,2019-03-05 01:54:08,btc,11116042.728239931,0.0,0.00000004,btc,1103841.4595604,0.0003330765234764,0.014975410599999999,44
1,[],4,[],2019-03-16 22:48:26,298205272.7706514,0.00000003,0.000000000001200735,6949847,2019-03-16 22:48:26,btc,740.6092352917515,0.0,0.00000003,"btc,ltc",16727389.15353309,0.01086659,0.2868517226312633,49
0.00000000015249310000000001,[],4,[],2019-03-16 22:48:26,581682858.2626691,1.5249310000000001e-18,6.10346008095e-23,6949848,2019-03-16 22:48:26,ltc,25.90165467580274,0.0,0.00000001,ltc,8522486259.111728,0.0,8.870262227333503e-10,52
0,[],22,[],2019-03-16 22:28:23,0.0,0,0,6949702,2019-03-16 22:28:23,,4428.59026215,0.0,0,,305937213.5359664,0.0,0.0,57
0.0000000003523934,[],27,[],2019-03-16 22:28:26,2000.0,3.5239340000000005e-18,1.411113559158e-22,6949703,2019-03-16 22:28:26,eth,0.0,0.0,0.00000001,"btc,eth",0.0,0.0,7.047868e-15,57
0.0000000001520603,[],4,[],2019-03-16 22:28:26,528115333.381,3.0412060000000002e-18,1.217811407022e-22,6949704,2019-03-16 22:28:26,ltc,18.657618095529642,0.0,0.00000002,ltc,4685550305.638703,0.0,1.0306395098979505e-09,58
1,[],12,[],2019-03-16 22:28:27,1100430504.0,0.0000000003,0.00000000000001201311,6949705,2019-03-16 22:28:27,btc,4023062.891241609,0.0,0.0000000003,btc,1567279712.4405594,0.011292185213486511,0.2684532453,58
0.0000000001318722,[],22,[],2019-03-16 22:28:52,137438.0,1.318722e-18,5.28065081514e-23,6949706,2019-03-16 22:28:52,XMR,69.1795942,0.0,0.00000001,XMR,9887963.0,0.0,0.00137438,58
0,[],17,[],2019-03-16 22:09:13,0.0,0,0,6949511,2019-03-16 22:09:13,btc,1e+24,0.0,0,btc,49226522.0897055,0.0,0.0,58
1,[],5,[],2019-03-16 22:48:28,0.0,0,0,6949849,2019-03-16 22:48:28,btc,0.0,0.01290208,0,btc,0.0,0.0,0.0,61
1,[],22,[],2019-03-16 22:48:38,13757.0,0.00000012,0.00000000000480294,6949850,2019-03-16 22:48:38,BTC,1002.2960049,0.0,0.00000012,BTC,14976.68361146909,0.0,0.00154987,61
1,[],26,[],2019-03-16 22:48:39,0.0,0.00000800,0.000000000320196,6949851,2019-03-16 22:48:39,btc,0.0,0.0,0.00000800,btc,0.0,0.0,0.0,61
1,[],27,[],2019-03-16 22:48:42,2138.56798,0.00000047,0.000000000018811515,6949852,2019-03-16 22:48:42,btc,2.8850305703141323,0.0,0.00000047,"btc,eth",19862.59257617,0.0,0.00019833999356199227,61
1,[],28,[],2019-03-16 22:48:55,13880.304,0.0000005,0.00000000002001225,6949853,2019-03-16 22:48:55,btc,2.056312978300105,768.0,0.0000005,btc,9730.59500005,0.0,0.00566391304,61
1,[],4,[],2019-03-16 22:30:37,1443145.3558812,0.00000213,0.000000000085293081,6949712,2019-03-16 22:30:37,btc,9.556699675820504,0.0,0.00000213,btc,812889.26256817,0.16577933,1.315446170590522,67
0.0,[],25,[],2019-03-16 22:30:39,0.0,0,0,6949713,2019-03-16 22:30:39,,0.0,0.0,0.0,btc,0.0,0.0,0.0,67
1,[],12,[],2019-03-16 22:30:40,1422629.88846967,0.00000017,0.000000000006807428999999999,6949714,2019-03-16 22:30:40,btc,1111615.207621743,0.0,0.00000017,btc,897366.90269944,0.0140920086079535,0.0787078141918189,71
,[],5,[],2018-11-20 23:02:39,1.5e-07,0.00000005,0.000000000002128045,4862160,2018-11-20 23:02:39,btc,2.84511358,0.0,,btc,0.00036572,0.0,0.07381892,74
1,[],5,[],2019-03-16 22:30:41,0.0,0,0,6949715,2019-03-16 22:30:41,btc,0.0,0.0,0,btc,0.0,0.0,0.0,75
1,[],4,[],2019-03-16 22:30:43,13382103.94481309,0.00000001,0.000000000000400437,6949716,2019-03-16 22:30:43,btc,11370.020357773561,0.0,0.00000001,btc,39949505.59932191,0.0,0.1338210394481309,81
0,[],20,[],2019-01-25 09:30:31,0.0,0,0,6495923,2019-01-25 09:30:31,btc,0.0,0.0,0,btc,0.0,0.0,0.0,81
1,[],4,[],2019-03-16 22:30:45,23498.12197618,0.00008000,0.000000003203496,6949717,2019-03-16 22:30:45,btc,18.135379340600792,0.0,0.00008000,btc,12412.80837607,0.00671563,0.0713254612255681,82
1,[],21,[],2019-03-16 22:30:46,920372.15398953,0.00007843000000000000632941615786,0.000000003140627391,6949718,2019-03-16 22:30:46,btc,2.838643097681723,5580.49901,0.000078430000000000006329416157857536973097012378275394439697265625,btc,31451.63207251,0.44372155,3.8031210422891832,82
0,[],17,[],2019-03-16 22:30:48,0.0,0,0,6949719,2019-03-16 22:30:48,btc,0.0447233088476774,0.0,0,btc,999127.19588126,0.0,0.0,84
0.0000000001520603,[],4,[],2019-03-16 22:30:49,168946900.3876468,4.561809e-18,1.8267171105330002e-22,6949720,2019-03-16 22:30:49,ltc,1.6762916229311258,0.0,0.00000003,ltc,390540379.879726,0.0,3.7530427882559717e-10,85
,[],22,[],2018-11-20 23:09:34,3408.1,0.0000001,0.0000000000041895,4862324,2018-11-20 23:09:34,BTC,0.04624735,0.0,,BTC,4990.0,0.0,0.00033081,86
1,[],22,[],2019-03-16 22:31:03,111869.83333333333,0.00000006,0.000000000002402622,6949721,2019-03-16 22:31:03,BTC,2.07824106,0.0,0.00000006,BTC,165278.94736842104,0.0,0.00185219,87
1,[],27,[],2019-03-16 22:31:05,50.0,0.00000001,0.000000000000400437,6949722,2019-03-16 22:31:05,btc,5.0622307389352,0.0,0.00000001,btc,27725.9038596,0.0,5e-07,87
,[],2,[],2018-11-20 23:10:47,0.0,0,0,4862359,2018-11-20 23:10:47,,0.0,0.0,,,0.0,0.0,0.0,88
1,[],11,[],2019-03-16 22:31:07,130289.495992,0.00014611999999999999012671725306944381372886709868907928466796875,0.000000005851185443999999,6949723,2019-03-16 22:31:07,btc,611.9038460404312,7675.85637977,0.00014611999999999999012671725306944381372886709868907928466796875,btc,100245.93202145,0.0,10.318045431198813,89
0,[],2,[],2019-01-20 23:31:45,0.0,0,0,6477083,2019-01-20 23:31:45,,0.0,0.0,0,,0.0,0.0,0.0,91
1,[],12,[],2019-03-16 22:31:08,317397.67280262,0.00000110999999999999996035831596741250137938550324179232120513916015625,0.000000000044448506999999997,6949724,2019-03-16 22:31:08,btc,58.43442781826814,0.0,0.00000110999999999999996035831596741250137938550324179232120513916015625,btc,87328.04303,0.0056628371301202,0.0379903418999752,91
0,[],17,[],2019-03-16 22:31:20,0.0,0,0,6949725,2019-03-16 22:31:20,btc,0.0,0.0,0,btc,0.0,0.0,0.0,91
1,[],22,[],2019-03-16 22:31:34,65900.0,0.00000001,0.000000000000400437,6949726,2019-03-16 22:31:34,BTC,3e-06,0.0,0.00000001,BTC,1.0,0.0,0.000659,91
0,[],22,[],2019-03-16 22:31:45,0.0,0,0,6949727,2019-03-16 22:31:45,,3.31498785,0.0,0,,37200566.889473684,0.0,0.0,95
0.0000000001520603,[],4,[],2019-03-16 22:31:46,539918953.1178244,7.9071356e-17,3.1663096582572e-21,6949728,2019-03-16 22:31:46,ltc,11.890561361129212,0.0,0.00000052,ltc,135212909.23915154,0.0,1.1265304028069511e-09,96
0,[],12,[],2019-03-16 22:31:48,0.0,0,0,6949729,2019-03-16 22:31:48,btc,10.675120566693307,0.0,0,btc,3189617.66933065,4.995005e-08,0.0,96
0,[],17,[],2019-03-16 21:49:52,0.0,0,0,6949344,2019-03-16 21:49:52,btc,0.0,0.0,0,btc,0.0,0.0,0.0,96
1,[],4,[],2019-03-16 18:49:21,3998474.84970752,0.00000061,0.000000000024391582,6947934,2019-03-16 18:49:21,btc,7.196008449129943,0.0,0.00000061,btc,2595646.16802026,0.53409374,0.807137943529949,99
1,[],4,[],2019-03-16 22:32:01,292367.99270611,0.00003611,0.000000001445978007,6949730,2019-03-16 22:32:01,btc,12.041157997409899,0.0,0.00003611,btc,181619.30722785,0.9643667,1.757710206364081,100
0,[],2,[],2019-01-20 23:23:55,0.0,0,0,6476914,2019-01-20 23:23:55,,0.0,0.0,0,,0.0,0.0,0.0,100
1,[],22,[],2019-03-16 22:32:19,120000.0,0.00000002,0.000000000000800874,6949731,2019-03-16 22:32:19,BTC,24.82891609,0.0,0.00000002,BTC,11877.22,0.0,0.0014,101
1,[],4,[],2019-03-16 22:32:20,450025.58346948,0.00000075,0.000000000030032775,6949732,2019-03-16 22:32:20,btc,291.44536575884456,0.0,0.00000075,btc,531684.98583641,0.00481396,0.2254193280942843,103
1,[],12,[],2019-03-16 22:32:23,31776116.0,0.000000008,0.0000000000003203496,6949733,2019-03-16 22:32:23,btc,3219027.5339265107,0.0,0.000000008,btc,65613372.68072926,0.0564548497784801,0.053606501,105
0,[],27,[],2019-03-16 22:32:25,0.0,0,0,6949734,2019-03-16 22:32:25,,36.61168845936601,0.0,0,btc,1500858.60039724,0.0,0.0,105
1,[],22,[],2019-03-16 22:33:54,9328.0,0.00000001,0.000000000000400437,6949735,2019-03-16 22:33:54,BTC,51.10837004,0.0,0.00000001,BTC,470435.0,0.0,9.328e-05,107
1,[],26,[],2019-03-16 22:33:55,0.0,0.00000000,0,6949736,2019-03-16 22:33:55,btc,0.0,0.0,0.00000000,btc,0.0,0.0,0.0,107
1,[],5,[],2019-03-16 22:33:57,0.0,0,0,6949737,2019-03-16 22:33:57,btc,0.0,0.01371779,0,btc,0.0,0.0,0.0,112
1,[],22,[],2019-03-16 22:34:11,1966.0,0.00000001,0.000000000000400437,6949738,2019-03-16 22:34:11,BTC,2.7794366,0.0,0.00000001,BTC,826409.0833333334,0.0,1.966e-05,112
0.0000000003523934,[],27,[],2019-03-16 22:34:13,2000.0,3.5239340000000005e-18,1.411113559158e-22,6949739,2019-03-16 22:34:13,eth,1.24996908,0.0,0.00000001,"btc,eth",1289.0,0.0,7.047868e-15,112
1,[],4,[],2019-03-16 22:34:14,1282938.20406925,0.00000199,0.000000000079686963,6949740,2019-03-16 22:34:14,btc,5.80803357246161,0.0,0.00000199,btc,392979.51712165,0.09855409,1.0296578169824997,113
1,[],5,[],2019-03-16 22:34:16,0.0,0,0,6949741,2019-03-16 22:34:16,btc,0.0,0.0,0,btc,0.0,0.0,0.0,113
0,[],27,[],2019-03-16 22:34:29,0.0,0,0,6949742,2019-03-16 22:34:29,,0.0,0.0,0,btc,0.0,0.0,0.0,116
1,[],17,[],2019-03-16 22:12:16,152738.278,0.00000004,0.0000000000016014520000000002,6949547,2019-03-16 22:12:16,btc,1.33680302678,0.0,0.00000004,btc,50696.221,0.0,0.0022095311199999998,116
1,[],4,[],2019-03-16 22:34:31,69671.41480635,0.00004522,0.000000001810776114,6949743,2019-03-16 22:34:31,btc,97.82906753090086,0.0,0.00004522,btc,39904.49263087,0.22481446,1.2691327874239067,120
1,[],7,[],2019-03-16 22:34:32,23443.949396609998,0.00002661000000000000102989665407005048791688750497996807098388671875,0.000000001065562857,6949744,2019-03-16 22:34:32,btc,115651.62504353837,11.94584882,0.00002661000000000000102989665407005048791688750497996807098388671875,btc,31960.27219964,0.00040819,0.06485942068893559,120
1,[],20,[],2019-03-16 22:34:35,1571817.8174,0.000000034,0.0000000000013614858,6949745,2019-03-16 22:34:35,btc,32.3019317846648,46499.0,0.000000034,btc,1028084.0986,0.001580966,0.0121248544626,125
1,[],22,[],2019-03-16 22:34:49,3053.0,0.00000001,0.000000000000400437,6949746,2019-03-16 22:34:49,BTC,0.01444887,0.0,0.00000001,BTC,296263.5111111111,0.0,3.053e-05,126
1,[],4,[],2019-03-16 22:34:50,1278950.65839476,0.00001185,0.000000000474517845,6949747,2019-03-16 22:34:50,btc,3.1442374708378895,0.0,0.00001185,btc,123625.65468377,0.14365373,0.6304182995676909,131
0,[],17,[],2019-03-16 22:35:03,0.0,0,0,6949748,2019-03-16 22:35:03,btc,0.0953976503951408,0.0,0,btc,5037.62507334,0.0,0.0,131
0,[],2,[],2019-01-20 23:25:46,0.0,0,0,6476969,2019-01-20 23:25:46,,0.0,0.0,0,,0.0,0.0,0.0,131
1,[],4,[],2019-03-16 22:35:04,4603.23486835,0.00016635,0.000000006661269495,6949749,2019-03-16 22:35:04,btc,1.6171316476097428,0.0,0.00016635,btc,240.08510373,0.00245366,0.0160044546736307,135
1,[],3,[],2019-03-07 00:20:44,877702.73244099,0.00000004,0.00000000000154846,6863392,2019-03-07 00:20:44,btc,0.119366241821405,0.0,0.00000004,btc,760637.99421222,0.0,0.023771231960604298,136
1,[],4,[],2019-03-16 22:35:05,658309.07523616,0.00000126,0.000000000050455062,6949750,2019-03-16 22:35:05,btc,38.7705604328808,0.0,0.00000126,btc,582134.45482019,0.00244663,0.1366083233626372,137
1,[],12,[],2019-03-16 22:35:06,156765.52984145,0.0000011400000000000000966436132510128942385563277639448642730712890625,0.000000000045649818000000004,6949751,2019-03-16 22:35:06,btc,37.50150314388711,0.0,0.0000011400000000000000966436132510128942385563277639448642730712890625,btc,5653.76899695,0.0011417376330563,0.0096531500000002,137
1,[],17,[],2019-03-16 21:36:45,22967.386363640002,0.00000088,0.000000000035190936,6949174,2019-03-16 21:36:45,btc,20.069913352782564,0.0,0.00000088,btc,2746.079105,0.0,0.0104613000000032,142
1,[],4,[],2019-03-16 22:35:07,6428.20310642,0.00003604,0.000000001443174948,6949752,2019-03-16 22:35:07,btc,28.412639284851696,0.0,0.00003604,btc,46673.13368011,0.39352023,0.143979918926579,142
1,[],5,[],2019-03-16 22:37:08,0.0,0,0,6949753,2019-03-16 22:37:08,btc,0.0,0.05157306,0,btc,0.0,0.0,0.0,142
1,[],20,[],2019-03-16 22:37:21,148995.0372,0.00003005,0.000000001203313185,6949754,2019-03-16 22:37:21,btc,0.3359267524272,0.0999,0.00003005,btc,2242.1871,3.100395e-06,0.3100129859617,142
1,[],22,[],2019-03-16 22:37:48,1470.2803921568627,0.00001020,0.00000000040844574,6949755,2019-03-16 22:37:48,BTC,3.0054103,0.0,0.00001020,BTC,910.5995,0.0,0.00121106,142
0.0,[],25,[],2019-03-16 22:37:50,0.0,0,0,6949756,2019-03-16 22:37:50,,0.0,0.0,0.0,btc,0.0,0.0,0.0,142
1,[],28,[],2019-03-16 22:37:52,77080.0,0.00000817,0.000000000327157029,6949757,2019-03-16 22:37:52,btc,0.056298412,749.5114,0.00000817,btc,356.4989,0.0,0.0042836,142
0,[],22,[],2019-03-16 22:37:59,0.0,0,0,6949758,2019-03-16 22:37:59,,65.83990167,0.0,0,,1043231670.8,0.0,0.0,143
0,[],22,[],2019-02-25 15:42:22,0.0,0,0,6783783,2019-02-25 15:42:22,,4.2131946,0.0,0,,2322156.0,0.0,0.0,146
,[],22,[],2018-11-20 23:01:11,0.0,0,0,4862114,2018-11-20 23:01:11,,2.56807021,0.0,,,61828.4988236,0.0,0.0,147
1,[],12,[],2019-03-16 22:38:01,389020.02057609,0.00000269000000000000007944274578453036639302808907814323902130126953125,0.00000000010771755300000001,6949759,2019-03-16 22:38:01,btc,9.693336873456582,0.0,0.00000269000000000000007944274578453036639302808907814323902130126953125,btc,108254.67576605,0.000769348313937,0.1691312099998835,148
1,[],4,[],2019-03-16 22:38:02,216589.34775422,0.00000027,0.000000000010811799,6949760,2019-03-16 22:38:02,btc,218.95071601357486,0.0,0.00000027,btc,805282.68165608,0.0,0.0493995099147638,152
0,[],22,[],2019-03-16 22:38:11,0.0,0,0,6949761,2019-03-16 22:38:11,,0.0,0.0,0,,0.0,0.0,0.0,152
1,[],5,[],2019-03-16 22:38:12,0.0,0,0,6949762,2019-03-16 22:38:12,btc,0.0,0.0,0,btc,0.0,0.0,0.0,153
,[],16,[],2019-01-11 15:38:59,0.0,0,0,6366141,2019-01-11 15:38:59,btc,0.0,0.0,,btc,0.0,0.0,0.0,155
0,[],22,[],2019-03-16 22:38:20,0.0,0,0,6949763,2019-03-16 22:38:20,,6.7463775,0.0,0,,4673391.242592593,0.0,0.0,156
0,[],23,[],2019-01-20 23:24:29,0.0,0,0,6476932,2019-01-20 23:24:29,,0.0,0.0,0,,0.0,0.0,0.0,156
1,[],22,[],2019-03-16 22:38:27,7073.8,0.00005300,0.0000000021223161,6949764,2019-03-16 22:38:27,BTC,1.79802465,0.0,0.00005300,BTC,802.6461988741639,0.0,0.00104336,157
0,[],22,[],2019-03-16 22:38:34,0.0,0,0,6949765,2019-03-16 22:38:34,,50175.67608608,0.0,0,,54079135.04179466,0.0,0.0,158
,[],17,[],2018-11-20 22:56:10,0.0,0,0,4861976,2018-11-20 22:56:10,btc,1.1265625,0.0,,btc,1000.0,0.0,0.0,159
,[],20,[],2018-11-20 22:56:12,0.0,0,0,4861977,2018-11-20 22:56:12,btc,11912.7940471,0.0,,btc,34413894.3617,0.0,0.0,159
1,[],12,[],2019-03-16 22:38:35,421640.63941591,0.000007259999999999999946756999713581848254762007854878902435302734375,0.000000000290717262,6949766,2019-03-16 22:38:35,btc,12.665412530475313,0.0,0.000007259999999999999946756999713581848254762007854878902435302734375,btc,7660.47884765,0.0011675003994528,0.1397606126030297,168
1,[],17,[],2019-03-16 22:38:47,29784.95,0.000001,0.000000000040043699999999995,6949767,2019-03-16 22:38:47,btc,0.03026736251542,0.0,0.000001,btc,144.46171372,0.0,0.00716147,168
0,[],22,[],2019-03-16 22:38:57,0.0,0,0,6949768,2019-03-16 22:38:57,,45.65713776,0.0,0,,516897.19471078104,0.0,0.0,169
1,[],22,[],2019-03-16 22:39:16,196521.0,0.00000002,0.000000000000800874,6949769,2019-03-16 22:39:16,BTC,14.35279726,0.0,0.00000002,BTC,169492.15296038514,4.29e-05,0.00198482,171
1,[],22,[],2019-03-16 22:39:34,810122.0,0.00000003,0.000000000001201311,6949770,2019-03-16 22:39:34,BTC,1.98627294,0.0,0.00000003,"BTC,LTC",374382.784355139,0.0007326,0.01750122,173
1,[],5,[],2019-03-16 22:39:37,0.0,0,0,6949771,2019-03-16 22:39:37,btc,0.0,0.0207559,0,btc,0.0,0.0,0.0,175
1,[],22,[],2019-03-16 22:39:46,31750.727272727272,0.00000011,0.000000000004404807,6949772,2019-03-16 22:39:46,BTC,0.54443778,0.0,0.00000011,BTC,138326.41665725366,0.00068158,0.00153758,176
1,[],7,[],2019-03-16 22:39:47,0.0,0,0,6949773,2019-03-16 22:39:47,btc,410194.4988640676,8012.98701298,0,btc,114899370.2616051,8.013e-05,0.0,178
0,[],22,[],2019-03-16 22:39:54,0.0,0,0,6949774,2019-03-16 22:39:54,,1.00242438,0.0,0,,57522.0,0.0,0.0,178
0,[],2,[],2019-01-20 23:28:34,0.0,0,0,6477001,2019-01-20 23:28:34,,0.0,0.0,0,,0.0,0.0,0.0,178
1,[],5,[],2019-03-16 22:39:56,0.0,0,0,6949775,2019-03-16 22:39:56,btc,0.0,0.0,0,btc,0.0,0.0,0.0,179
1,[],22,[],2019-03-16 22:40:18,6867106.0,0.00000002,0.000000000000800874,6949776,2019-03-16 22:40:18,BTC,5.63218152,0.0,0.00000002,"BTC,LTC",17390276.489868753,0.0,0.37228284,179
0,[],23,[],2019-01-20 23:25:08,0.0,0,0,6476952,2019-01-20 23:25:08,,0.0,0.0,0,,0.0,0.0,0.0,179
1,[],17,[],2019-03-16 22:40:19,10504.725,0.0000001,0.00000000000400437,6949777,2019-03-16 22:40:19,btc,5.2010695838170005,0.0,0.0000001,btc,4994.45945,0.0,0.0010504725,180
1,[],22,[],2019-03-16 22:40:37,666144.6658810326,0.00000162,0.000000000064870794,6949778,2019-03-16 22:40:37,BTC,37.96103664,0.0,0.00000162,"BTC,LTC",84095.09613087121,0.00474784,0.57170461,180
1,[],26,[],2019-03-16 22:40:37,0.0,0.00000125,0.000000000050054625,6949779,2019-03-16 22:40:37,btc,0.0,496.9,0.00000125,btc,0.0,0.0,0.0,180
,[],7,[],2018-11-20 22:58:01,562227.975654,0.00000085,0.000000000036176765,4862015,2018-11-20 22:58:01,btc,21836.6059674,2491.87645172,,btc,749999.041456,0.00211021,0.127565380455,183
,[],5,[],2019-01-10 08:11:41,0.0,0,0,6347036,2019-01-10 08:11:41,btc,82.15055501,0.00261,,btc,1.19002445,0.0,0.0,187
1,[],24,[],2019-03-16 22:40:38,0.0,0.000000000001,4.00437e-17,6949780,2019-03-16 22:40:38,btc,0.0,0.0,0.000000000001,btc,0.0,0.0,0.0,187
,[],17,[],2018-11-16 20:58:10,4062536.27273,0.00000001,0.000000000000550501,4708775,2018-11-16 20:58:10,btc,3.36492563466,0.195460381006,,"btc,eth",110697919.549,0.0,0.0157628953496,187
1,[],22,[],2019-03-16 22:41:08,13812.0,0.00000001,0.000000000000400437,6949781,2019-03-16 22:41:08,BTC,7.56699454,0.0,0.00000001,BTC,79361.7243344055,3e-05,0.00013812,191
0,[],22,[],2019-03-16 22:42:59,0.0,0,0,6949782,2019-03-16 22:42:59,,0.0,0.0,0,,0.0,0.0,0.0,197
0,[],23,[],2019-01-20 23:31:41,0.0,0,0,6477079,2019-01-20 23:31:41,,0.0,0.0,0,,0.0,0.0,0.0,199
0,[],22,[],2019-03-16 22:43:14,0.0,0,0,6949783,2019-03-16 22:43:14,,5.28893248,0.0,0,,23511987.0,0.0,0.0,199
1,[],26,[],2019-03-16 22:43:14,0.0,0.00000000,0,6949784,2019-03-16 22:43:14,btc,0.0,132619.0,0.00000000,btc,0.0,0.0,0.0,199
0,[],17,[],2019-01-30 16:32:01,0.0,0,0,6540827,2019-01-30 16:32:01,btc,6.802544163788159,0.0,0,btc,105897.55575295,0.0,0.0,200
0,[],2,[],2019-01-20 23:30:49,0.0,0,0,6477059,2019-01-20 23:30:49,,0.0,0.0,0,,0.0,0.0,0.0,201
1,[],4,[],2019-01-25 15:51:35,2084389.58565343,0.00000936,0.000000000333526752,6499557,2019-01-25 15:51:35,btc,2.0092503037378524,0.0,0.00000936,btc,160195.80207885,0.19272417,1.242687955921835,211
1,[],7,[],2019-03-16 22:43:18,3034739.87142757,0.00000110999999999999996035831596741250137938550324179232120513916015625,0.000000000044448506999999997,6949785,2019-03-16 22:43:18,btc,15476656.557221437,5453232.36958,0.00000110999999999999996035831596741250137938550324179232120513916015625,btc,14439674.6790239,0.0,2.1991427165087907,212
1,[],12,[],2019-01-25 02:44:32,207462.42853209,0.000001080000000000000035831255497387193287295303889550268650054931640625,0.000000000038610756000000006,6493050,2019-01-25 02:44:32,btc,85023.03793723314,0.0,0.000001080000000000000035831255497387193287295303889550268650054931640625,btc,43675.73520027,0.000146250909087,0.0348620860622024,213
1,[],5,[],2019-03-16 22:43:20,0.0,0,0,6949786,2019-03-16 22:43:20,btc,0.0,0.4028431,0,btc,0.0,0.0,0.0,213
1,[],24,[],2019-03-16 22:43:21,0.0,0.000000220000,0.000000000008809614,6949787,2019-03-16 22:43:21,btc,0.0,0.0,0.000000220000,btc,0.0,0.0,0.0,213
1,[],26,[],2019-03-16 22:43:21,0.0,0.00000010,0.00000000000400437,6949788,2019-03-16 22:43:21,btc,0.0,0.0,0.00000010,btc,0.0,0.0,0.0,213
1,[],22,[],2019-03-16 22:43:35,98810.0,0.00000002,0.000000000000800874,6949789,2019-03-16 22:43:35,BTC,2.2910283,0.0,0.00000002,BTC,748106.3963726171,0.0,0.0017262,216
1,[],27,[],2019-03-16 22:43:38,1233122.0,0.00000003,0.000000000001201311,6949790,2019-03-16 22:43:38,btc,316.9775071147724,0.0,0.00000003,"btc,ltc",239299.924324,0.0,0.03375764000007603,216
1,[],22,[],2019-03-16 22:43:58,153379.0,0.00000113,0.000000000045249381,6949791,2019-03-16 22:43:58,BTC,12543.6445652,0.0,0.00000113,BTC,447462.8952774747,0.02354869,0.13256493,217
1,[],7,[],2019-03-16 22:20:57,0.0,0,0,6949596,2019-03-16 22:20:57,btc,77971.81410323446,0.0,0,btc,135962412.7426053,0.0,0.0,219
0,[],27,[],2019-03-16 22:20:59,0.0,0,0,6949597,2019-03-16 22:20:59,,0.0404796,0.0,0,btc,2057905.0,0.0,0.0,219
0.0000000000000051,[],28,[],2019-03-16 22:21:06,170722989.525,2.55e-18,1.02092565e-22,6949598,2019-03-16 22:21:06,doge,109997.3467206176,1157148.0,0.00050000,"btc,doge",6913930.40281,0.0,1.702075359052437e-11,219
1,[],22,[],2019-03-16 22:44:13,405511.0,0.00000008,0.000000000003203496,6949792,2019-03-16 22:44:13,BTC,18.10613233,0.0,0.00000008,BTC,101344.54541875875,0.0,0.01929233,221
1,[],24,[],2019-03-16 22:44:13,0.0,0.000000200000,0.00000000000800874,6949793,2019-03-16 22:44:13,btc,0.0,0.0,0.000000200000,btc,0.0,0.0,0.0,221
1,[],20,[],2019-03-16 22:44:17,45327792.7453,0.000000003,0.0000000000001201311,6949794,2019-03-16 22:44:17,btc,49.3965489324206,705263.8875,0.000000003,btc,14639012.8477,0.005565757,0.0532665366853,224
0,[],22,[],2019-03-16 22:44:27,0.0,0,0,6949795,2019-03-16 22:44:27,,0.0,0.0,0,,0.0,0.0,0.0,224
1,[],26,[],2019-03-16 22:44:27,0.0,0.00000022,0.000000000008809614,6949796,2019-03-16 22:44:27,btc,0.0,0.0,0.00000022,btc,0.0,0.0,0.0,231
1,[],26,[],2019-03-16 22:44:28,0.0,0.00000005,0.000000000002002185,6949797,2019-03-16 22:44:28,btc,0.0,0.0,0.00000005,btc,0.0,0.0,0.0,234
0.0000000003523934,[],27,[],2019-03-16 22:44:31,2000.0,3.5239340000000005e-18,1.411113559158e-22,6949798,2019-03-16 22:44:31,eth,0.01134836604,0.0,0.00000001,"btc,eth",11462.996,0.0,7.047868e-15,234
1,[],4,[],2019-03-16 22:21:30,991595.23805061,0.00000091,0.000000000036433033000000003,6949606,2019-03-16 22:21:30,btc,4.254820545083854,0.0,0.00000091,btc,1191619.89889013,0.03378893,0.379327032021706,236
1,[],24,[],2019-03-16 22:21:30,0.0,0.000000500000,0.00000000002001815,6949607,2019-03-16 22:21:30,btc,0.0,0.0,0.000000500000,btc,0.0,0.0,0.0,236
1,[],20,[],2019-03-16 22:44:33,220342692.0974,0.000000047,0.0000000000018820539,6949799,2019-03-16 22:44:33,btc,92.7113018977811,2413316.3533,0.000000047,btc,31888187.8952,0.1202898608129,0.4957780032942,237
0.0000000001520603,[],22,[],2019-03-16 22:44:46,751594.9,2.5850251000000003e-17,1.0351396959687e-21,6949800,2019-03-16 22:44:46,LTC,1.20370855,0.0,0.00000017,LTC,18673.0,0.0,0.12541949,237
1,[],4,[],2019-03-16 22:44:48,23804577.34114206,0.00000039,0.000000000015617043,6949801,2019-03-16 22:44:48,btc,8.627533937912307,0.0,0.00000039,btc,9831563.14663061,1.82194119,3.2865580519743847,238
1,[],5,[],2019-03-16 22:44:50,0.0,0,0,6949802,2019-03-16 22:44:50,btc,0.0,0.04852408,0,btc,0.0,0.0,0.0,238
0,[],22,[],2019-03-12 16:49:32,0.0,0,0,6914458,2019-03-12 16:49:32,,0.40415746,0.0,0,,526736.5639027493,0.0,0.0,249
0.0000000001520603,[],22,[],2019-03-16 22:45:09,48086691.666666664,4.561809e-18,1.8267171105330002e-22,6949803,2019-03-16 22:45:09,LTC,0.95711324,0.0,0.00000003,LTC,18565111.353636365,0.0,1.04160377,252
1,[],28,[],2019-03-16 22:23:35,1739172.998,0.00000067,0.000000000026824321,6949613,2019-03-16 22:23:35,btc,164780.48662758173,80471.2,0.00000067,btc,549870.9652,0.0,0.4731486214,256
1,[],22,[],2019-03-16 22:45:25,1335324.6666666667,0.00000003,0.000000000001201311,6949804,2019-03-16 22:45:25,BTC,31.89452895,0.0,0.00000003,BTC,809112.6123923111,0.0,0.01899266,258
1,[],22,[],2019-03-13 00:07:30,47146.0,0.00000001,0.000000000000387233,6917028,2019-03-13 00:07:30,BTC,2.415167,0.0,0.00000001,BTC,157.0,0.0,0.00047146,259
1,[],5,[],2019-03-16 22:45:29,0.0,0,0,6949805,2019-03-16 22:45:29,btc,0.0,0.10362621,0,btc,0.0,0.0,0.0,264
1,[],20,[],2019-03-16 22:45:32,1247131.867,0.00000191,0.000000000076483467,6949806,2019-03-16 22:45:32,btc,7.1693441617986,37398.4094,0.00000191,btc,93820.2223,0.104235085604,0.02740515785,264
0,[],22,[],2019-03-16 22:45:40,0.0,0,0,6949807,2019-03-16 22:45:40,,8.75669439,0.0,0,,483745.2241309945,0.0,0.0,271
0,[],22,[],2019-03-16 22:45:49,0.0,0,0,6949808,2019-03-16 22:45:49,,111821.87121834,0.0,0,,14098217297.692,0.0,0.0,272
0.0000000000000052,[],28,[],2019-03-16 22:45:51,206317293566.671,3.848e-21,1.540881576e-25,6949809,2019-03-16 22:45:51,doge,147651104.82318982,1244732991.98,0.00000074,doge,245527925647.4124,0.0,5.320051861620695e-10,272
1,[],22,[],2019-03-16 22:46:07,136537.78,0.0000006,0.00000000002402622,6949810,2019-03-16 22:46:07,BTC,380.64602563,0.0,0.0000006,"BTC,LTC",80711.72512620929,0.0006,0.04209553,281
1,[],22,[],2019-03-16 22:46:20,374066.1818181818,0.00000011,0.000000000004404807,6949811,2019-03-16 22:46:20,BTC,1.27734798,0.0,0.00000011,BTC,237630.87115639672,0.01152695,0.0199194,286
0,[],22,[],2019-03-16 22:24:59,0.0,0,0,6949622,2019-03-16 22:24:59,,1044639.27757649,0.0,0,,747492492.0,0.0,0.0,294
