pairValue,buyBook,exchangeId,sellBook,updated,buyTotal,satoshiPrice,usdPrice,exchangeLogId,created,bestPair,sellTotalBtc,volume,pairPrice,activePairs,sellTotal,volumeBtc,buyTotalBtc,coinId
1,[],3,[],2019-02-24 09:59:16,30533.58800180652,0.01304056999999999959249930014948404277674853801727294921875,0.000000539586185175,6772998,2019-02-24 09:59:16,btc,61.13242941341692,0.0,0.01304056999999999959249930014948404277674853801727294921875,btc,26.322999249207,0.0,0.23413005833458353,1
1,[],4,[],2019-02-24 09:59:17,302969.70934629,0.01320501,0.000000546390301275,6772999,2019-02-24 09:59:17,btc,9.118983065823087,0.0,0.01320501,btc,251.95454323,0.71239434,1.3537769939345483,1
1,[],5,[],2019-02-24 09:59:19,0.0,0,0,6773000,2019-02-24 09:59:19,btc,0.0,0.17512552,0,btc,0.0,0.0,0.0,1
1,[],10,[],2019-02-24 09:59:21,414633.53077265,0.01164015,0.0000004816403066250001,6773001,2019-02-24 09:59:21,btc,6522.845599405948,1063.30865469,0.01164015,btc,1054.38913368,0.0,5.543314343667924,1
1,[],12,[],2019-02-24 09:59:23,10437.11375576,0.01502999999999999995725641355193147319369018077850341796875,0.000000621903825,6773002,2019-02-24 09:59:23,btc,0.1692472271739,0.0,0.01502999999999999995725641355193147319369018077850341796875,btc,5.63425861,0.2709045762976,0.3748908426312,1
1,[],20,[],2019-02-24 09:59:25,1150.428,0.010500214,0.00000043447260478500003,6773003,2019-02-24 09:59:25,btc,0.0616431583457,0.2998,0.010500214,btc,2.788,0.0031635906448,0.0915544251227,1
1,[],21,[],2019-02-24 09:59:26,2383.2553430899998,0.01310019999999999934514605116,0.0000005420535255,6773004,2019-02-24 09:59:26,btc,26.426309443208066,8886.10200634,0.013100199999999999345146051155097666196525096893310546875,"btc,eth",2819.00338377,106.01189885338967,21.292923690627134,1
1,[],22,[],2019-02-24 09:59:30,0.0163776,0.01300000,0.0000005379075,6773005,2019-02-24 09:59:30,BTC,0.31423927,0.0,0.01300000,BTC,0.11751954901960784,0.0,0.00020972,1
1,[],24,[],2019-02-24 09:59:30,0.0,0.000000000000,0,6773006,2019-02-24 09:59:30,btc,0.0,0.0,0.000000000000,btc,0.0,0.0,0.0,1
0.0,[],25,[],2019-02-24 09:59:31,0.0,0,0,6773007,2019-02-24 09:59:31,btc,15.740799997753495,335.92806782,0.0,btc,1169.99859503,4.3589,0.0,1
1,[],26,[],2019-02-24 09:59:32,0.0,0,0,6773008,2019-02-24 09:59:32,,0.0,0.0,0,,0.0,0.0,0.0,1
1,[],28,[],2019-02-24 09:59:34,993.21,0.01323000,0.000000547424325,6773009,2019-02-24 09:59:34,btc,0.162839806,2426.9,0.01323000,btc,8.9,0.0,0.090071836,1
0,[],2,[],2019-01-20 23:28:45,0.0,0,0,6477011,2019-01-20 23:28:45,,0.0,0.0,0,,0.0,0.0,0.0,1
1,[],5,[],2019-02-24 09:59:35,0.0,0,0,6773010,2019-02-24 09:59:35,btc,0.0,0.00146583,0,btc,0.0,0.0,0.0,2
0.0000000001314922,[],22,[],2019-02-24 09:59:39,1148.0,1.4464142e-16,5.98490035605e-21,6773011,2019-02-24 09:59:39,XMR,21.01373823,0.0,0.00000110,XMR,14319.12581,0.0,0.00087635,2
1,[],5,[],2019-02-24 09:59:40,0.0,0,0,6773012,2019-02-24 09:59:40,btc,0.0,0.99450057,0,btc,0.0,0.0,0.0,3
1,[],12,[],2019-02-24 09:59:41,13204937.391,0.000000173,0.0000000000071583075,6773013,2019-02-24 09:59:41,btc,924396.5824820952,0.0,0.000000173,btc,8468208.63591218,0.19101557828685917,0.6526270219029,3
0,[],28,[],2019-02-24 09:59:42,0.0,0,0,6773014,2019-02-24 09:59:42,,0.0,0.0,0,,0.0,0.0,0.0,3
0,[],2,[],2019-01-20 23:31:32,0.0,0,0,6477077,2019-01-20 23:31:32,,0.0,0.0,0,,0.0,0.0,0.0,4
1,[],4,[],2019-02-22 15:52:28,400439.70738348,0.00000032,0.000000000012596480000000001,6759744,2019-02-22 15:52:28,btc,31.576426407239886,0.0,0.00000032,btc,685876.08766458,0.0,0.0547125982053145,4
1,[],12,[],2019-02-22 14:50:14,1367032.5219999999,0.00000003,0.000000000001190475,6759350,2019-02-22 14:50:14,btc,11013869.583570713,0.0,0.00000003,btc,1211697.32371984,0.00024567976024,0.02065290044,5
1,[],11,[],2019-02-24 09:59:44,3301329.5,0.00000002,0.00000000000082755,6773015,2019-02-24 09:59:44,btc,9432.836945181234,61187.0,0.00000002,btc,41471686.95347657,0.0,0.033501425,6
0,[],2,[],2019-01-20 23:31:51,0.0,0,0,6477087,2019-01-20 23:31:51,,0.0,0.0,0,,0.0,0.0,0.0,6
1,[],3,[],2019-02-24 09:59:45,1091.857220066689,0.00015102999999999999563259078794175138682476244866847991943359375,0.000000006249243825,6773016,2019-02-24 09:59:45,btc,27.605796873748474,0.0,0.00015102999999999999563259078794175138682476244866847991943359375,btc,249.144760639695,0.0,0.03419745781762677,7
1,[],4,[],2019-02-24 09:59:45,98222.45681835,0.00024789,0.000000010257068475,6773017,2019-02-24 09:59:45,btc,16.544554192059696,0.0,0.00024789,btc,47916.91177119,8.58032964,5.9585406548069075,7
1,[],5,[],2019-02-24 09:59:46,0.0,0,0,6773018,2019-02-24 09:59:46,btc,0.0,1.71379569,0,btc,0.0,0.0,0.0,7
1,[],20,[],2019-02-20 02:16:17,39399275.8418,0.000000001,0.0000000000000390183,6728586,2019-02-20 02:16:17,btc,116.9737569154545,525.0,0.000000001,btc,56932965.8895,5.25e-07,0.0393992758418,8
1,[],4,[],2019-02-24 09:59:49,2020152.62023036,0.00000191,0.000000000079031025,6773019,2019-02-24 09:59:49,btc,4.542507861324417,0.0,0.00000191,btc,1984364.63016151,4.05054793,0.8894423476089672,9
1,[],28,[],2019-02-24 09:59:50,43300.0,0.00000166,0.00000000006868665,6773020,2019-02-24 09:59:50,btc,2708.763440957195,508915.0,0.00000166,btc,12613.2201,0.0,0.043148,9
0,[],2,[],2019-01-20 23:22:42,0.0,0,0,6476876,2019-01-20 23:22:42,,0.0,0.0,0,,0.0,0.0,0.0,9
0,[],23,[],2019-01-20 23:22:48,0.0,0,0,6476878,2019-01-20 23:22:48,,0.0,0.0,0,,0.0,0.0,0.0,9
1,[],1,[],2019-02-17 23:31:42,1822507.21,0.00000181000000000000003456111265232042484285557293333113193511962890625,0.000000000066086901,6701244,2019-02-17 23:31:42,btc,3.6990969245,17153386.5,0.00000181000000000000003456111265232042484285557293333113193511962890625,btc,1997391.71,31.11772986,3.2610482446,9
1,[],4,[],2019-02-17 11:22:43,4341674.27126056,0.00000002,0.0000000000007272960000000001,6696112,2019-02-17 11:22:43,btc,0.1997230937751353,0.0,0.00000002,btc,4109766.79808031,0.00215132,0.0479381022052112,10
1,[],4,[],2019-02-24 09:59:51,2732534.66016933,0.00000131,0.000000000054204525,6773021,2019-02-24 09:59:51,btc,13.930716549413797,0.0,0.00000131,btc,6905733.92705311,3.95714549,1.845714677108319,12
1,[],5,[],2019-02-24 09:59:52,0.0,0,0,6773022,2019-02-24 09:59:52,btc,0.0,0.51155332,0,btc,0.0,0.0,0.0,12
0.0,[],25,[],2019-02-24 09:59:53,0.0,0,0,6773023,2019-02-24 09:59:53,,0.0,0.0,0.0,btc,0.0,0.0,0.0,12
0,[],2,[],2019-01-20 23:23:08,0.0,0,0,6476890,2019-01-20 23:23:08,,0.0,0.0,0,,0.0,0.0,0.0,12
1,[],4,[],2019-02-24 09:59:54,1397969.28597891,0.00000561,0.000000000232127775,6773024,2019-02-24 09:59:54,btc,3.0963537419778886,0.0,0.00000561,btc,424594.66078606,0.82169269,0.7644191830771413,13
1,[],10,[],2019-02-24 09:59:56,486988.93258652,0.0000054,0.0000000002234385,6773025,2019-02-24 09:59:56,btc,666802.6004272054,29829.269768,0.0000054,btc,744417.2605694,0.0,0.3618035199273468,13
1,[],21,[],2019-02-24 09:59:57,490081.52815692,0.000005579999999999999938076877121,0.00000000023088645,6773026,2019-02-24 09:59:57,btc,8.33842083382214,380345.40294047,0.0000055799999999999999380768771206628997560983407311141490936279296875,btc,1355699.46927413,2.15823065,2.536180198642783,13
1,[],4,[],2019-02-24 09:59:58,674073.55775072,0.00000132,0.0000000000546183,6773027,2019-02-24 09:59:58,btc,12.943889216921892,0.0,0.00000132,btc,881963.23792597,0.01081902,0.1371541961612457,14
1,[],12,[],2019-02-24 09:59:59,119216.91304348,0.00000110999999999999996035831596741250137938550324179232120513916015625,0.000000000045929024999999996,6773028,2019-02-24 09:59:59,btc,5.292062009225207,0.0,0.00000110999999999999996035831596741250137938550324179232120513916015625,btc,32406.19773647,0.0001117714608128,0.0242673700000004,14
0,[],17,[],2019-02-24 10:00:01,0.0,0,0,6773029,2019-02-24 10:00:01,btc,0.0,0.0,0,btc,0.0,0.0,0.0,14
1,[],26,[],2019-02-24 10:00:01,0.0,0.00000050,0.00000000002068875,6773030,2019-02-24 10:00:01,btc,0.0,0.0,0.00000050,btc,0.0,0.0,0.0,14
0,[],4,[],2019-02-24 10:00:01,0.0,0,0,6773031,2019-02-24 10:00:01,,0.0,0.0,0,,0.0,0.0,0.0,15
,[],12,[],2018-12-01 15:15:48,204241.84496,0.00000489,0.000000000202473384,5260204,2018-12-01 15:15:48,btc,49.5475654835,0.0,,btc,35763.2193806,0.0163153972027625,0.0203389899998,15
1,[],4,[],2019-02-24 10:00:03,26383.12526168,0.00001772,0.0000000007332093,6773032,2019-02-24 10:00:03,btc,1.2378353308951222,0.0,0.00001772,btc,8393.5533971,0.02021718,0.0904911845103765,18
1,[],10,[],2019-02-24 10:00:05,783417.61578863,0.00001706,0.00000000070590015,6773033,2019-02-24 10:00:05,btc,15.4962305517821,7763.98896491,0.00001706,btc,16365.98852316,0.0,0.1397636742973413,18
1,[],12,[],2019-02-24 10:00:06,199313.1421695,0.00001639000000000000062416218027383507660488248802721500396728515625,0.0000000006781772250000001,6773034,2019-02-24 10:00:06,btc,23.673066315038046,0.0,0.00001639000000000000062416218027383507660488248802721500396728515625,btc,2139.91840297,0.0148627185162505,0.0345105265044139,18
0,[],17,[],2019-02-24 10:00:07,0.0,0,0,6773035,2019-02-24 10:00:07,btc,0.0,0.0,0,btc,0.0,0.0,0.0,18
0,[],2,[],2019-01-20 23:23:38,0.0,0,0,6476906,2019-01-20 23:23:38,,0.0,0.0,0,,0.0,0.0,0.0,18
1,[],3,[],2019-02-24 10:00:08,120776.3141567528,0.00002203999999999999904500003200524815838434733450412750244140625,0.0000000009119601,6773036,2019-02-24 10:00:08,btc,0.5975024268914596,19.9559647718,0.00002203999999999999904500003200524815838434733450412750244140625,btc,11484.78606069032,0.0,0.07966178993169826,19
1,[],4,[],2019-02-24 10:00:09,557866.24301639,0.00002116,0.0000000008755479,6773037,2019-02-24 10:00:09,btc,2.3163304584795172,0.0,0.00002116,btc,65804.54805678,0.58081438,2.252983727854084,19
1,[],5,[],2019-02-24 10:00:10,0.0,0,0,6773038,2019-02-24 10:00:10,btc,0.0,0.00031002,0,btc,0.0,0.0,0.0,19
1,[],12,[],2019-02-24 10:00:11,132775.87815384,0.00001910000000000000008860100153551542234708904288709163665771484375,0.00000000079031025,6773039,2019-02-24 10:00:11,btc,1.3579198080512087,0.0,0.00001910000000000000008860100153551542234708904288709163665771484375,btc,382.27457877,0.001686174115841,0.08096798999995959,19
0,[],27,[],2019-02-24 10:00:13,0.0,0,0,6773040,2019-02-24 10:00:13,,0.0,0.0,0,btc,0.0,0.0,0.0,19
0,[],2,[],2019-01-20 23:24:19,0.0,0,0,6476924,2019-01-20 23:24:19,,0.0,0.0,0,,0.0,0.0,0.0,19
1,[],4,[],2019-02-24 10:00:14,8070160.95424551,0.00000013,0.000000000005379075,6773041,2019-02-24 10:00:14,btc,7.376054659582633,0.0,0.00000013,btc,2843149.4360639,0.0,0.2584025451781454,20
1,[],4,[],2019-02-24 10:00:14,104150384.86437024,0.00000002,0.00000000000082755,6773042,2019-02-24 10:00:14,btc,359.51249733056267,0.0,0.00000002,btc,55871903.78217261,0.0,1.1707481411680452,21
1,[],12,[],2019-02-24 10:00:15,18647376.0,0.00000002,0.00000000000082755,6773043,2019-02-24 10:00:15,btc,670.3899289734848,0.0,0.00000002,btc,8544410.32857329,0.0,0.24518776,21
0,[],17,[],2019-02-24 10:00:17,0.0,0,0,6773044,2019-02-24 10:00:17,btc,0.0,0.0,0,btc,0.0,0.0,0.0,21
1,[],12,[],2019-02-24 10:00:18,3495925589.6808996,0.0000000002,0.000000000000008275500000000001,6773045,2019-02-24 10:00:18,btc,875865842411.6091,0.0,0.0000000002,btc,4724778004.173271,0.015379051259341494,0.4052863971829904,23
0.00000000039217259999999995,[],27,[],2019-02-24 10:00:20,2000.0,3.921726e-18,1.6227121756499999e-22,6773046,2019-02-24 10:00:20,eth,1.3429826565934113,0.0,0.00000001,eth,1964879.85514486,0.0,7.843452e-15,23
1,[],4,[],2019-02-24 10:00:21,430151.6597886,0.00000060,0.000000000024826500000000002,6773047,2019-02-24 10:00:21,btc,8.639080440049552,0.0,0.00000060,btc,1491993.87051553,0.00181618,0.1445860492184279,24
1,[],22,[],2019-02-24 10:00:34,11.76,0.00000100,0.0000000000413775,6773048,2019-02-24 10:00:34,BTC,7.415e-05,0.0,0.00000100,BTC,23.919354838709676,0.0,1.176e-05,24
0.0,[],25,[],2019-02-24 10:00:36,0.0,0,0,6773049,2019-02-24 10:00:36,,0.0,0.0,0.0,btc,0.0,0.0,0.0,24
1,[],4,[],2019-02-24 10:00:37,26859404.47132263,0.00000729,0.000000000301641975,6773050,2019-02-24 10:00:37,btc,131.46650757710904,0.0,0.00000729,btc,242515.15479665,0.10354773,0.4507555583403511,26
1,[],10,[],2019-02-24 10:00:39,690893.09190714,0.00000637,0.000000000263574675,6773051,2019-02-24 10:00:39,btc,25.915294071650827,6862.87593183,0.00000637,btc,12977.31853269,0.0,0.2236488596597217,26
0,[],2,[],2019-01-20 23:25:56,0.0,0,0,6476976,2019-01-20 23:25:56,,0.0,0.0,0,,0.0,0.0,0.0,26
1,[],3,[],2019-02-23 18:17:02,10659120.92303129,0.00000002,0.0000000000008202040000000002,6768225,2019-02-23 18:17:02,btc,2.9010609406228287,225458.199062,0.00000002,btc,18682481.51451327,0.0,0.1428299014392689,27
1,[],5,[],2019-02-23 18:17:03,0.0,0,0,6768226,2019-02-23 18:17:03,btc,0.0,0.03869042,0,btc,0.0,0.0,0.0,27
1,[],11,[],2019-02-23 18:17:06,9657302.940399151,0.00000005,0.0000000000020505100000000003,6768227,2019-02-23 18:17:06,btc,67506.53137702076,146281.413934,0.00000005,btc,8171781.9763934,0.0,0.450973774642923,27
1,[],4,[],2019-02-24 10:00:40,1435494519.1371922,0.00000002,0.00000000000082755,6773052,2019-02-24 10:00:40,btc,5.625728400238724,0.0,0.00000002,"btc,ltc",468459990.3689877,0.15772452,10.308723274755868,29
1,[],7,[],2019-02-24 10:00:42,33199849.73421801,0.00000002,0.00000000000082755,6773053,2019-02-24 10:00:42,btc,44463896.8411907,0.0,0.00000002,btc,60091061.60632691,0.0,0.333654897188643,29
1,[],4,[],2019-02-24 10:00:42,1418820.33780817,0.00000029,0.000000000011999475,6773054,2019-02-24 10:00:42,btc,2.334475563486945,0.0,0.00000029,btc,1572694.01467561,0.00747891,0.0926259685095336,30
0,[],17,[],2019-02-24 10:00:54,0.0,0,0,6773055,2019-02-24 10:00:54,btc,0.0,0.0,0,btc,0.0,0.0,0.0,30
1,[],4,[],2019-02-24 10:00:55,1117399.90007658,0.00005653,0.000000002339070075,6773056,2019-02-24 10:00:55,btc,5.289571507702098,0.0,0.00005653,btc,68484.51866719,0.81588942,1.09849268413467,31
1,[],21,[],2019-02-24 10:00:55,47421.22126962,0.00005679999999999999827672569896,0.000000002350242,6773057,2019-02-24 10:00:55,btc,1.9764176180745952,56374.39597375,0.00005679999999999999827672569896463983241119422018527984619140625,btc,30419.46392927,3.2310965,2.5961550953910235,31
0,[],2,[],2019-01-20 23:28:43,0.0,0,0,6477009,2019-01-20 23:28:43,,0.0,0.0,0,,0.0,0.0,0.0,32
1,[],4,[],2019-02-24 10:00:57,349845264.2082874,0.00000004,0.0000000000016551,6773058,2019-02-24 10:00:57,btc,9.194619160176382,0.0,0.00000004,"btc,ltc",160786133.36084214,0.51783452,7.982770530114989,33
1,[],12,[],2019-02-24 10:00:58,16697948.379,0.00000005,0.000000000002068875,6773059,2019-02-24 10:00:58,btc,35620517.644965746,0.0,0.00000005,btc,89085034.11588381,0.0062753375124882,0.55103518895,33
1,[],4,[],2019-02-24 10:00:59,129265643.92772509,0.00000001,0.000000000000413775,6773060,2019-02-24 10:00:59,btc,4.1781127109046325,0.0,0.00000001,btc,99067778.1954129,0.00553208,1.2926564392772508,34
1,[],5,[],2019-02-24 10:01:00,0.0,0,0,6773061,2019-02-24 10:01:00,btc,0.0,0.00694858,0,btc,0.0,0.0,0.0,34
0.00000000012517520000000002,[],4,[],2019-02-24 10:01:00,2080589711.7998257,2.503504e-18,1.0358873676e-22,6773062,2019-02-24 10:01:00,ltc,2.650646278614864e-08,0.0,0.00000002,ltc,3144970131.712899,0.0,4.2088673739602416e-09,36
1,[],5,[],2019-02-24 10:01:01,0.0,0,0,6773063,2019-02-24 10:01:01,btc,0.0,0.0,0,btc,0.0,0.0,0.0,36
0,[],17,[],2019-02-24 10:01:03,0.0,0,0,6773064,2019-02-24 10:01:03,btc,0.074645828732161,0.0,0,btc,4105386.20243647,0.0,0.0,36
0.00000000039217259999999995,[],27,[],2019-02-24 10:01:05,1000000.0,3.921726e-18,1.6227121756499999e-22,6773065,2019-02-24 10:01:05,eth,114.13449805688529,0.0,0.00000001,"ltc,eth",4163566.4875004,0.0,1.257091948e-12,36
1,[],4,[],2019-02-24 09:36:32,267123.93187882,0.00000068,0.000000000028091616,6772535,2019-02-24 09:36:32,btc,19772.500248575652,0.0,0.00000068,btc,569042.15938307,0.00544799,0.1220899885245849,37
1,[],12,[],2019-02-24 09:36:34,430335.71139972,0.00000063,0.000000000026026056,6772536,2019-02-24 09:36:34,btc,1346.965204906891,0.0,0.00000063,btc,876961.49728038,0.0452435450542204,0.0835141100000044,37
1,[],17,[],2019-02-24 09:36:36,1752.74075282,0.00000025,0.0000000000103278,6772537,2019-02-24 09:36:36,btc,0.055484923777095005,0.0,0.00000025,btc,1319.19918473,0.0,0.00043818518820499993,37
1,[],27,[],2019-02-24 09:36:38,14685.567,0.00000045,0.00000000001859004,6772538,2019-02-24 09:36:38,btc,25.83024737411233,0.0,0.00000045,btc,6763.38138508,0.0,0.00480032515,37
1,[],5,[],2019-02-24 10:01:07,0.0,0,0,6773066,2019-02-24 10:01:07,btc,0.0,0.10100041,0,btc,0.0,0.0,0.0,42
1,[],12,[],2019-02-24 10:01:08,137168.19425716,0.00000095,0.000000000039308625,6773067,2019-02-24 10:01:08,btc,94.699397187891,0.0,0.00000095,btc,109861.37238759,0.0051535278755642,0.0426920579649575,42
0.00000000039217259999999995,[],27,[],2019-02-24 10:01:10,2000.0,3.921726e-18,1.6227121756499999e-22,6773068,2019-02-24 10:01:10,eth,0.00315028,0.0,0.00000001,"btc,eth",11.007,0.0,7.843452e-15,42
0,[],17,[],2019-02-24 09:36:46,0.0,0,0,6772544,2019-02-24 09:36:46,btc,0.0,0.0,0,btc,0.0,0.0,0.0,43
1,[],5,[],2019-02-24 10:01:11,0.0,0,0,6773069,2019-02-24 10:01:11,btc,0.0,0.08783665,0,btc,0.0,0.0,0.0,43
1,[],12,[],2019-02-24 10:01:12,3609997.0,0.00000001,0.000000000000413775,6773070,2019-02-24 10:01:12,btc,20003573.0551117,0.0,0.00000001,btc,37294583.27012986,0.00024785,0.03609997,43
1,[],12,[],2019-02-24 10:01:24,679472.0,0.00000005,0.000000000002068875,6773071,2019-02-24 10:01:24,btc,11115177.728749167,0.0,0.00000005,btc,1099295.39762234,3.2e-06,0.01729248,44
1,[],4,[],2019-02-24 10:01:25,304151425.4389472,0.00000002,0.00000000000082755,6773072,2019-02-24 10:01:25,btc,474.5705350012688,0.0,0.00000002,"btc,ltc",12283786.99500239,0.00010277,0.21753555582150225,49
0,[],4,[],2019-02-24 10:01:25,0.0,0,0,6773073,2019-02-24 10:01:25,,25.469936314770287,0.0,0,,10627747459.9399,0.0,0.0,52
0.0000000001314922,[],22,[],2019-02-24 10:01:29,80845862.0,1.314922e-18,5.4408185055e-23,6773074,2019-02-24 10:01:29,XMR,4366.90665423,0.0,0.00000001,XMR,254618181.67882353,1.314922e-13,0.80845862,57
0.00000000039217259999999995,[],27,[],2019-02-24 10:01:31,2000.0,3.921726e-18,1.6227121756499999e-22,6773075,2019-02-24 10:01:31,eth,0.0,0.0,0.00000001,"btc,eth",0.0,0.0,7.843452e-15,57
0.00000000012517520000000002,[],4,[],2019-02-24 10:01:32,886922114.1345292,3.755256e-18,1.5538310514000003e-22,6773076,2019-02-24 10:01:32,ltc,18.811300381140942,0.0,0.00000003,ltc,3912532625.926724,0.0,2.1156586809254795e-09,58
1,[],12,[],2019-02-24 10:01:34,1632541495.843957,0.0000000004,0.000000000000016551000000000003,6773077,2019-02-24 10:01:34,btc,224005479525.9544,0.0,0.0000000004,btc,3720911320.701418,0.05410640318449359,0.5283968582011391,58
0,[],17,[],2019-02-24 10:01:35,0.0,0,0,6773078,2019-02-24 10:01:35,btc,1e+24,0.0,0,btc,49306342.21952568,0.0,0.0,58
0.0000000001314922,[],22,[],2019-02-24 10:01:38,137438.0,1.314922e-18,5.4408185055e-23,6773079,2019-02-24 10:01:38,XMR,69.8835922,0.0,0.00000001,XMR,9887963.0,0.0,0.00137438,58
1,[],5,[],2019-02-24 10:01:39,0.0,0,0,6773080,2019-02-24 10:01:39,btc,0.0,0.01443894,0,btc,0.0,0.0,0.0,61
1,[],22,[],2019-02-24 10:01:43,5149.5,0.00000011,0.0000000000045515250000000004,6773081,2019-02-24 10:01:43,BTC,1002.29597012,0.0,0.00000011,BTC,14947.700278135757,0.0,0.00051596,61
1,[],26,[],2019-02-24 10:01:44,0.0,0.00000800,0.00000000033102,6773082,2019-02-24 10:01:44,btc,0.0,0.0,0.00000800,btc,0.0,0.0,0.0,61
1,[],27,[],2019-02-24 10:01:46,2493.55,0.00000045,0.000000000018619875,6773083,2019-02-24 10:01:46,btc,7.847961250658426,0.0,0.00000045,"btc,eth",20831.38399471,0.0,0.00021559750384329149,61
1,[],28,[],2019-02-24 10:01:47,13882.304,0.0000005,0.00000000002068875,6773084,2019-02-24 10:01:47,btc,2.056328285685105,126.0,0.0000005,btc,9746.52450005,0.0,0.00566491304,61
1,[],4,[],2019-02-24 10:01:48,1449633.84767874,0.00000285,0.000000000117925875,6773085,2019-02-24 10:01:48,btc,11.366191638571085,0.0,0.00000285,btc,810829.54521473,0.15328324,1.3681976504592754,67
0.0,[],25,[],2019-02-24 10:01:49,0.0,0,0,6773086,2019-02-24 10:01:49,,0.0,0.0,0.0,btc,0.0,0.0,0.0,67
1,[],12,[],2019-02-24 10:01:51,2983985.47390196,0.0000002,0.0000000000082755,6773087,2019-02-24 10:01:51,btc,11115998.395934675,0.0,0.0000002,btc,2034309.66909684,0.0032128570429573,0.1018206264411115,71
,[],5,[],2018-11-20 23:02:39,1.5e-07,0.00000005,0.000000000002128045,4862160,2018-11-20 23:02:39,btc,2.84511358,0.0,,btc,0.00036572,0.0,0.07381892,74
1,[],5,[],2019-02-24 10:01:52,0.0,0,0,6773088,2019-02-24 10:01:52,btc,0.0,0.0,0,btc,0.0,0.0,0.0,75
1,[],4,[],2019-02-24 10:01:53,17233280.92031862,0.00000001,0.000000000000413775,6773089,2019-02-24 10:01:53,btc,11388.638595673243,0.0,0.00000001,btc,34444270.17624532,0.0,0.1723328092031862,81
0,[],20,[],2019-01-25 09:30:31,0.0,0,0,6495923,2019-01-25 09:30:31,btc,0.0,0.0,0,btc,0.0,0.0,0.0,81
1,[],4,[],2019-02-24 10:01:55,28591.44616311,0.00007447,0.000000003081382425,6773090,2019-02-24 10:01:55,btc,17.763456279238515,0.0,0.00007447,btc,12634.24976265,0.01753668,0.1368086480197937,82
1,[],21,[],2019-02-24 10:01:55,68940.93427609,0.00007843000000000000632941615786,0.0000000032452373250000002,6773091,2019-02-24 10:01:55,btc,2.268298051479271,2237.51606297,0.000078430000000000006329416157857536973097012378275394439697265625,btc,23954.32788949,0.17282622,2.378931184428872,82
0,[],17,[],2019-02-24 09:54:57,0.0,0,0,6772905,2019-02-24 09:54:57,btc,0.0447233088476774,0.0,0,btc,999127.19588126,0.0,0.0,84
0.00000000012517520000000002,[],4,[],2019-02-24 10:01:57,159256323.8290889,5.007008e-18,2.0717747352e-22,6773092,2019-02-24 10:01:57,ltc,1.7830423019588282,0.0,0.00000004,ltc,408368062.5182024,0.0,4.558257438159181e-10,85
,[],22,[],2018-11-20 23:09:34,3408.1,0.0000001,0.0000000000041895,4862324,2018-11-20 23:09:34,BTC,0.04624735,0.0,,BTC,4990.0,0.0,0.00033081,86
0,[],22,[],2019-02-22 12:52:35,0.0,0,0,6758847,2019-02-22 12:52:35,,2.0760781,0.0,0,,140622.94736842104,0.0,0.0,87
0,[],27,[],2019-02-22 12:52:37,0.0,0,0,6758848,2019-02-22 12:52:37,,0.0,0.0,0,btc,0.0,0.0,0.0,87
,[],2,[],2018-11-20 23:10:47,0.0,0,0,4862359,2018-11-20 23:10:47,,0.0,0.0,,,0.0,0.0,0.0,88
1,[],11,[],2019-02-24 10:01:59,93526.34752684,0.00015017000000000000725468296547404634111444465816020965576171875,0.000000006213659175,6773093,2019-02-24 10:01:59,btc,608.4624912275993,2021.0,0.00015017000000000000725468296547404634111444465816020965576171875,btc,92759.96265841,0.0,6.368413741279556,89
0,[],17,[],2019-02-24 09:45:04,0.0,0,0,6772751,2019-02-24 09:45:04,btc,0.0,0.0,0,btc,0.0,0.0,0.0,91
0,[],2,[],2019-01-20 23:31:45,0.0,0,0,6477083,2019-01-20 23:31:45,,0.0,0.0,0,,0.0,0.0,0.0,91
1,[],12,[],2019-02-24 10:02:01,427894.84113232,0.000001399999999999999936647356556240762159859514213167130947113037109375,0.0000000000579285,6773094,2019-02-24 10:02:01,btc,4.318102651275372,0.0,0.000001399999999999999936647356556240762159859514213167130947113037109375,btc,57467.5834294,0.0005275729406241,0.0398564650938308,91
0,[],22,[],2019-02-24 10:02:10,0.0,0,0,6773095,2019-02-24 10:02:10,,3.1e-06,0.0,0,,2.0,0.0,0.0,91
0.00000000012517520000000002,[],22,[],2019-02-24 10:02:26,2791021.0,5.007008e-18,2.0717747352e-22,6773096,2019-02-24 10:02:26,LTC,8.53161599,0.0,0.00000004,LTC,71994962.1,4.2809417699200004e-13,0.09164084,95
0.00000000012517520000000002,[],4,[],2019-02-24 10:02:27,644413216.7324059,7.3853368e-17,3.0558677344200002e-21,6773097,2019-02-24 10:02:27,ltc,11.906230226398828,0.0,0.00000059,ltc,136515415.00909793,0.0,2.314261221484603e-09,96
1,[],12,[],2019-02-24 10:02:28,200.0,0.00000001,0.000000000000413775,6773098,2019-02-24 10:02:28,btc,255075.88769088787,0.0,0.00000001,btc,8638916.94636337,0.002368207982018,2e-06,96
0,[],17,[],2019-02-24 10:02:30,0.0,0,0,6773099,2019-02-24 10:02:30,btc,0.0,0.0,0,btc,0.0,0.0,0.0,96
1,[],4,[],2019-02-24 10:02:31,1468162.45862873,0.00000029,0.000000000011999475,6773100,2019-02-24 10:02:31,btc,3.2228049372491525,0.0,0.00000029,btc,2556018.30289917,0.02492356,0.1226183038942723,99
1,[],4,[],2019-02-24 10:02:31,1218187.26816811,0.00004829,0.000000001998119475,6773101,2019-02-24 10:02:31,btc,14.153015602447221,0.0,0.00004829,btc,197910.8620752,3.20980656,2.8713417170544315,100
0,[],2,[],2019-01-20 23:23:55,0.0,0,0,6476914,2019-01-20 23:23:55,,0.0,0.0,0,,0.0,0.0,0.0,100
1,[],22,[],2019-02-24 10:02:35,50000.0,0.00000001,0.000000000000413775,6773102,2019-02-24 10:02:35,BTC,23.49896609,0.0,0.00000001,BTC,10277.22,0.0,0.0005,101
1,[],4,[],2019-02-24 10:02:36,479449.14687815,0.00000091,0.000000000037653525,6773103,2019-02-24 10:02:36,btc,256.29790267722876,0.0,0.00000091,btc,483485.54089408,0.01324834,0.2497919907913395,103
1,[],12,[],2019-02-24 10:02:39,57901017.0,0.000000012,0.00000000000049653,6773104,2019-02-24 10:02:39,btc,137279342.48383775,0.0,0.000000012,btc,126195990.50647408,0.0430190589086536,0.175495184,105
1,[],27,[],2019-02-24 10:02:41,413810.89,0.00000001,0.000000000000413775,6773105,2019-02-24 10:02:41,btc,0.1943154355560939,0.0,0.00000001,btc,311075.05581977,0.0,0.0041381089,105
1,[],22,[],2019-02-24 10:02:45,9328.0,0.00000001,0.000000000000413775,6773106,2019-02-24 10:02:45,BTC,51.10837004,0.0,0.00000001,BTC,470435.0,0.0,9.328e-05,107
1,[],26,[],2019-02-24 10:02:45,0.0,0.00000000,0,6773107,2019-02-24 10:02:45,btc,0.0,0.0,0.00000000,btc,0.0,0.0,0.0,107
1,[],5,[],2019-02-24 10:02:46,0.0,0,0,6773108,2019-02-24 10:02:46,btc,0.0,1.169e-05,0,btc,0.0,0.0,0.0,112
1,[],22,[],2019-02-24 10:02:49,1966.0,0.00000001,0.000000000000413775,6773109,2019-02-24 10:02:49,BTC,2.81183288,0.0,0.00000001,BTC,808524.0833333334,0.0,1.966e-05,112
0.00000000039217259999999995,[],27,[],2019-02-24 10:02:52,2000.0,3.921726e-18,1.6227121756499999e-22,6773110,2019-02-24 10:02:52,eth,1.35132491849924,0.0,0.00000001,"btc,eth",1328.641654,0.0,7.843452e-15,112
1,[],4,[],2019-02-24 10:02:52,359567.35142795,0.00000295,0.000000000122063625,6773111,2019-02-24 10:02:52,btc,7.975613572908415,0.0,0.00000295,btc,347913.06966596,0.05702457,0.1281795493176227,113
1,[],5,[],2019-02-24 10:02:53,0.0,0,0,6773112,2019-02-24 10:02:53,btc,0.0,0.00468312,0,btc,0.0,0.0,0.0,113
1,[],17,[],2019-02-24 09:45:45,152738.278,0.00000004,0.000000000001652716,6772767,2019-02-24 09:45:45,btc,1.33680302678,0.0,0.00000004,btc,50696.221,0.0,0.0022095311199999998,116
0,[],27,[],2019-02-24 10:03:06,0.0,0,0,6773113,2019-02-24 10:03:06,,0.0,0.0,0,btc,0.0,0.0,0.0,116
1,[],4,[],2019-02-24 10:03:07,78449.06514273,0.00002282,0.00000000094423455,6773114,2019-02-24 10:03:07,btc,32.170960849215334,0.0,0.00002282,btc,101803.09644588,0.24687335,0.9328736980875012,120
1,[],7,[],2019-02-24 10:03:08,211801.82118648,0.0000169200000000000006319424150635910564233199693262577056884765625,0.0000000007001073,6773115,2019-02-24 10:03:08,btc,115647.0338416425,7509.15081844,0.0000169200000000000006319424150635910564233199693262577056884765625,btc,30969.53662352,0.22319677,0.0696252780072892,120
1,[],20,[],2019-02-24 09:38:34,1175077.5618,0.000000012,0.0000000000004957344,6772590,2019-02-24 09:38:34,btc,31.9232981096527,10158.0,0.000000012,btc,1119871.1271,0.000121896,0.0033514319724,125
1,[],22,[],2019-02-24 10:03:13,3053.0,0.00000001,0.000000000000413775,6773116,2019-02-24 10:03:13,BTC,0.01444887,0.0,0.00000001,BTC,296263.5111111111,0.0,3.053e-05,126
1,[],4,[],2019-02-24 10:03:14,136937.56137033,0.00001365,0.000000000564802875,6773117,2019-02-24 10:03:14,btc,20.065243487207436,0.0,0.00001365,btc,132347.66427224,0.22105745,0.5854255223242762,131
0,[],17,[],2019-02-24 10:03:15,0.0,0,0,6773118,2019-02-24 10:03:15,btc,0.0009561751951600001,0.0,0,btc,35.42829368,0.0,0.0,131
0,[],2,[],2019-01-20 23:25:46,0.0,0,0,6476969,2019-01-20 23:25:46,,0.0,0.0,0,,0.0,0.0,0.0,131
1,[],4,[],2019-02-24 10:03:16,4545.94020504,0.00016001,0.000000006620813775,6773119,2019-02-24 10:03:16,btc,1.6411925931346285,0.0,0.00016001,btc,308.41791854,0.00336996,0.0071459329156942,135
1,[],3,[],2019-02-24 10:03:17,1500312.49571841,0.00000005,0.000000000002068875,6773120,2019-02-24 10:03:17,btc,0.1455662086247726,32547.6666667,0.00000005,btc,628525.53813868,0.0,0.0551089579470342,136
1,[],4,[],2019-02-24 10:03:18,265985.52666665,0.00000173,0.000000000071583075,6773121,2019-02-24 10:03:18,btc,38.87253707597702,0.0,0.00000173,btc,630797.17129655,0.11534784,0.0731986645528861,137
1,[],12,[],2019-02-24 10:03:19,337678.23759014,0.00000172000000000000004922169442866941579950434970669448375701904296875,0.00000000007116930000000001,6773122,2019-02-24 10:03:19,btc,11807.597621788162,0.0,0.00000172000000000000004922169442866941579950434970669448375701904296875,btc,123275.38516089,0.0026411982507283,0.09349261999999141,137
1,[],4,[],2019-02-24 10:03:20,225986.93302045,0.00004002,0.0000000016559275500000001,6773123,2019-02-24 10:03:20,btc,29.269003159270255,0.0,0.00004002,btc,48245.45095085,0.25114164,1.0991554663315235,142
1,[],5,[],2019-02-24 10:03:20,0.0,0,0,6773124,2019-02-24 10:03:20,btc,0.0,0.54958857,0,btc,0.0,0.0,0.0,142
1,[],20,[],2019-02-24 10:03:33,133410.9826,0.000045043,0.0000000018637667325,6773125,2019-02-24 10:03:33,btc,0.5019588885584,0.0,0.000045043,btc,3876.6846,0.0,0.2389389130972,142
1,[],22,[],2019-02-24 10:03:36,1685.8988921568628,0.00004000,0.0000000016551,6773126,2019-02-24 10:03:36,BTC,3.00385504,0.0,0.00004000,BTC,891.218,0.00023522,0.00174536,142
0.0,[],25,[],2019-02-24 10:03:37,0.0,0,0,6773127,2019-02-24 10:03:37,,0.0,0.0,0.0,btc,0.0,0.0,0.0,142
0,[],28,[],2019-02-24 10:03:38,0.0,0,0,6773128,2019-02-24 10:03:38,,0.0,0.0,0,,0.0,0.0,0.0,142
1,[],17,[],2019-02-24 08:36:40,22967.386363640002,0.00000088,0.00000000003666344,6772175,2019-02-24 08:36:40,btc,20.069913353320057,0.0,0.00000088,btc,2746.079105,0.0,0.0104613000000032,142
0,[],22,[],2019-02-23 08:10:09,0.0,0,0,6765290,2019-02-23 08:10:09,,61.28465123,0.0,0,,749385405.3,0.0,0.0,143
1,[],21,[],2019-02-24 10:03:39,52624635.61911929,0.00000025,0.000000000010344375,6773129,2019-02-24 10:03:39,btc,41.72749360072614,6866874.47752914,0.00000025,btc,86853807.25781476,1.76564344,3.538893882890245,145
0,[],22,[],2019-02-24 10:03:42,0.0,0,0,6773130,2019-02-24 10:03:42,,4.24912384,0.0,0,,1812056.0,0.0,0.0,146
,[],22,[],2018-11-20 23:01:11,0.0,0,0,4862114,2018-11-20 23:01:11,,2.56807021,0.0,,,61828.4988236,0.0,0.0,147
1,[],12,[],2019-02-24 10:03:43,113497.02358837,0.00000251000000000000010876390933722834830632564262486994266510009765625,0.000000000103857525,6773131,2019-02-24 10:03:43,btc,16.2855519168668,0.0,0.00000251000000000000010876390933722834830632564262486994266510009765625,btc,116986.71583628,0.000789865275776,0.0285710800000112,148
1,[],4,[],2019-02-24 10:03:44,240714.50476614,0.00000038,0.00000000001572345,6773132,2019-02-24 10:03:44,btc,219.93681160199571,0.0,0.00000038,btc,786278.69984402,0.00236975,0.0567718603091756,152
0,[],22,[],2019-02-24 10:03:46,0.0,0,0,6773133,2019-02-24 10:03:46,,0.0,0.0,0,,0.0,0.0,0.0,152
1,[],5,[],2019-02-24 10:03:47,0.0,0,0,6773134,2019-02-24 10:03:47,btc,0.0,0.0,0,btc,0.0,0.0,0.0,153
,[],16,[],2019-01-11 15:38:59,0.0,0,0,6366141,2019-01-11 15:38:59,btc,0.0,0.0,,btc,0.0,0.0,0.0,155
0,[],23,[],2019-01-20 23:24:29,0.0,0,0,6476932,2019-01-20 23:24:29,,0.0,0.0,0,,0.0,0.0,0.0,156
0,[],22,[],2019-02-24 10:03:50,0.0,0,0,6773135,2019-02-24 10:03:50,,6.74608761,0.0,0,,4644402.242592593,0.0,0.0,156
1,[],22,[],2019-02-24 10:03:54,7073.8,0.00005300,0.0000000021930075,6773136,2019-02-24 10:03:54,BTC,1.80343699,0.0,0.00005300,BTC,899.6422341958436,0.0,0.00104336,157
0,[],22,[],2019-02-24 10:03:57,0.0,0,0,6773137,2019-02-24 10:03:57,,50175.68008609,0.0,0,,54479136.04179466,0.0,0.0,158
,[],17,[],2018-11-20 22:56:10,0.0,0,0,4861976,2018-11-20 22:56:10,btc,1.1265625,0.0,,btc,1000.0,0.0,0.0,159
,[],20,[],2018-11-20 22:56:12,0.0,0,0,4861977,2018-11-20 22:56:12,btc,11912.7940471,0.0,,btc,34413894.3617,0.0,0.0,159
1,[],12,[],2019-02-24 10:03:58,182541.31623148,0.000008300000000000000153804920188793659008297254331409931182861328125,0.00000000034343325,6773138,2019-02-24 10:03:58,btc,6.655690369515953,0.0,0.000008300000000000000153804920188793659008297254331409931182861328125,btc,14452.388087700001,0.0059051283412309,0.0955240715995917,168
1,[],17,[],2019-02-24 10:04:00,29784.95,0.000001,0.0000000000413775,6773139,2019-02-24 10:04:00,btc,0.03026736251542,0.0,0.000001,btc,144.46171372,0.0,0.00716147,168
0,[],22,[],2019-02-24 10:04:03,0.0,0,0,6773140,2019-02-24 10:04:03,,1.14714792,0.0,0,,798972.8900917594,0.0,0.0,169
1,[],22,[],2019-02-24 10:04:07,165000.0,0.00000018,0.00000000000744795,6773141,2019-02-24 10:04:07,BTC,13.2555588,0.0,0.00000018,BTC,150057.9068373276,0.00027864,0.0198,171
1,[],22,[],2019-02-24 10:04:10,109953.2,0.00000011,0.0000000000045515250000000004,6773142,2019-02-24 10:04:10,BTC,2.22748412,0.0,0.00000011,BTC,276641.7315825667,6.798e-05,0.00837812,173
1,[],5,[],2019-02-24 10:04:11,0.0,0,0,6773143,2019-02-24 10:04:11,btc,0.0,0.16393557,0,btc,0.0,0.0,0.0,175
1,[],22,[],2019-02-24 10:04:14,45784.0,0.0000003,0.000000000012413250000000001,6773144,2019-02-24 10:04:14,BTC,0.52955903,0.0,0.0000003,BTC,143368.41384013777,0.0,0.0052016,176
1,[],7,[],2019-02-24 10:04:16,0.0,0,0,6773145,2019-02-24 10:04:16,btc,410932.5282358376,0.0,0,btc,117891559.31901672,0.0,0.0,178
0,[],22,[],2019-02-24 10:04:19,0.0,0,0,6773146,2019-02-24 10:04:19,,1.00242428,0.0,0,,57512.0,0.0,0.0,178
0,[],2,[],2019-01-20 23:28:34,0.0,0,0,6477001,2019-01-20 23:28:34,,0.0,0.0,0,,0.0,0.0,0.0,178
0,[],23,[],2019-01-20 23:25:08,0.0,0,0,6476952,2019-01-20 23:25:08,,0.0,0.0,0,,0.0,0.0,0.0,179
1,[],5,[],2019-02-24 10:04:20,0.0,0,0,6773147,2019-02-24 10:04:20,btc,0.0,0.07098308,0,btc,0.0,0.0,0.0,179
1,[],22,[],2019-02-24 10:04:24,6961684.0,0.00000002,0.00000000000082755,6773148,2019-02-24 10:04:24,BTC,5.73196334,0.0,0.00000002,"BTC,LTC",18407477.468656633,0.00018526,0.3741744,179
1,[],17,[],2019-02-24 10:04:36,10504.725,0.0000001,0.00000000000413775,6773149,2019-02-24 10:04:36,btc,5.2010695838170005,0.0,0.0000001,btc,4994.45945,0.0,0.0010504725,180
0.00000000012517520000000002,[],22,[],2019-02-24 10:04:39,128605.4,1.2517520000000001e-17,5.179436838e-22,6773150,2019-02-24 10:04:39,LTC,0.20149702,0.0,0.0000001,LTC,61046.395435424805,0.0,0.00130544,180
1,[],26,[],2019-02-24 10:04:39,0.0,0.00000200,0.000000000082755,6773151,2019-02-24 10:04:39,btc,0.0,482.38040002,0.00000200,btc,0.0,0.0,0.0,180
,[],7,[],2018-11-20 22:58:01,562227.975654,0.00000085,0.000000000036176765,4862015,2018-11-20 22:58:01,btc,21836.6059674,2491.87645172,,btc,749999.041456,0.00211021,0.127565380455,183
,[],5,[],2019-01-10 08:11:41,0.0,0,0,6347036,2019-01-10 08:11:41,btc,82.15055501,0.00261,,btc,1.19002445,0.0,0.0,187
1,[],24,[],2019-02-24 10:04:39,0.0,0.000000000001,4.13775e-17,6773152,2019-02-24 10:04:39,btc,0.0,0.0,0.000000000001,btc,0.0,0.0,0.0,187
,[],17,[],2018-11-16 20:58:10,4062536.27273,0.00000001,0.000000000000550501,4708775,2018-11-16 20:58:10,btc,3.36492563466,0.195460381006,,"btc,eth",110697919.549,0.0,0.0157628953496,187
0,[],22,[],2019-02-24 00:25:17,0.0,0,0,6769902,2019-02-24 00:25:17,,1.19374396,0.0,0,,16308.869534405507,0.0,0.0,191
0,[],22,[],2019-02-24 10:04:44,0.0,0,0,6773153,2019-02-24 10:04:44,,0.0,0.0,0,,0.0,0.0,0.0,197
0,[],23,[],2019-01-20 23:31:41,0.0,0,0,6477079,2019-01-20 23:31:41,,0.0,0.0,0,,0.0,0.0,0.0,199
0,[],22,[],2019-02-24 10:04:47,0.0,0,0,6773154,2019-02-24 10:04:47,,5.19557122,0.0,0,,21074453.0,0.0,0.0,199
1,[],26,[],2019-02-24 10:04:47,0.0,0.00000000,0,6773155,2019-02-24 10:04:47,btc,0.0,0.0,0.00000000,btc,0.0,0.0,0.0,199
0,[],17,[],2019-01-30 16:32:01,0.0,0,0,6540827,2019-01-30 16:32:01,btc,6.802544163788159,0.0,0,btc,105897.55575295,0.0,0.0,200
0,[],2,[],2019-01-20 23:30:49,0.0,0,0,6477059,2019-01-20 23:30:49,,0.0,0.0,0,,0.0,0.0,0.0,201
1,[],4,[],2019-01-25 15:51:35,2084389.58565343,0.00000936,0.000000000333526752,6499557,2019-01-25 15:51:35,btc,2.0092503037378524,0.0,0.00000936,btc,160195.80207885,0.19272417,1.242687955921835,211
1,[],7,[],2019-02-24 10:04:49,4133542.0134734698,0.000001300000000000000047051663780439678674838432925753295421600341796875,0.00000000005379075,6773156,2019-02-24 10:04:49,btc,15476315.578026257,689194.334419,0.000001300000000000000047051663780439678674838432925753295421600341796875,btc,12417495.40533329,0.0,3.0644838838354254,212
1,[],12,[],2019-01-25 02:44:32,207462.42853209,0.000001080000000000000035831255497387193287295303889550268650054931640625,0.000000000038610756000000006,6493050,2019-01-25 02:44:32,btc,85023.03793723314,0.0,0.000001080000000000000035831255497387193287295303889550268650054931640625,btc,43675.73520027,0.000146250909087,0.0348620860622024,213
1,[],5,[],2019-02-24 10:04:51,0.0,0,0,6773157,2019-02-24 10:04:51,btc,0.0,0.3669709,0,btc,0.0,0.0,0.0,213
1,[],24,[],2019-02-24 10:04:51,0.0,0.000000100000,0.00000000000413775,6773158,2019-02-24 10:04:51,btc,0.0,0.0,0.000000100000,btc,0.0,0.0,0.0,213
1,[],26,[],2019-02-24 10:04:51,0.0,0.00000009,0.000000000003723975,6773159,2019-02-24 10:04:51,btc,0.0,0.0,0.00000009,btc,0.0,0.0,0.0,213
1,[],22,[],2019-02-24 10:04:55,104971.0,0.00000001,0.000000000000413775,6773160,2019-02-24 10:04:55,BTC,2.20575949,0.0,0.00000001,BTC,249234.14637261708,0.00177602,0.00104971,216
1,[],27,[],2019-02-24 10:04:57,18125901.005988,0.00000007,0.000000000002896425,6773161,2019-02-24 10:04:57,btc,355.93215604754,1496.994012,0.00000007,"btc,ltc",213458.845,0.00010479,0.03395747044036424,216
1,[],22,[],2019-02-24 10:05:00,250214.46836262452,0.00000215,0.000000000088961625,6773162,2019-02-24 10:05:00,BTC,12673.59227106,0.0,0.00000215,BTC,372110.19063635875,0.0006578,0.35347713,217
1,[],7,[],2019-02-24 10:05:02,0.0,0,0,6773163,2019-02-24 10:05:02,btc,77969.61377456698,0.0,0,btc,137043486.5550253,0.0,0.0,219
0,[],27,[],2019-02-24 10:05:04,0.0,0,0,6773164,2019-02-24 10:05:04,,0.0740438339680921,0.0,0,btc,1536429.20709513,0.0,0.0,219
0.0000000000000051,[],28,[],2019-02-24 10:05:07,168116952.092,4.233459e-18,1.751699497725e-22,6773165,2019-02-24 10:05:07,doge,83869.8037917675,2371.0,0.00083009,"btc,doge",4822403.34751,0.0,1.114115375879244e-11,219
1,[],22,[],2019-02-24 10:05:16,262136.6,0.00000037,0.000000000015309675,6773166,2019-02-24 10:05:16,BTC,3.00166181,0.0,0.00000037,BTC,106589.27041875875,0.0,0.03420893,221
1,[],24,[],2019-02-24 10:05:17,0.0,0.000000200000,0.0000000000082755,6773167,2019-02-24 10:05:17,btc,0.0,0.0,0.000000200000,btc,0.0,0.0,0.0,221
1,[],20,[],2019-02-24 10:05:19,42952626.1239,0.000000001,0.0000000000000413775,6773168,2019-02-24 10:05:19,btc,47.9859179329136,275810.0,0.000000001,btc,11961564.467,0.00027581,0.0429526261239,224
0,[],22,[],2019-02-24 10:05:22,0.0,0,0,6773169,2019-02-24 10:05:22,,0.0,0.0,0,,0.0,0.0,0.0,224
1,[],26,[],2019-02-24 10:05:22,0.0,0.00000036,0.0000000000148959,6773170,2019-02-24 10:05:22,btc,0.0,0.0,0.00000036,btc,0.0,0.0,0.0,231
1,[],26,[],2019-02-24 10:05:22,0.0,0.00000006,0.00000000000248265,6773171,2019-02-24 10:05:22,btc,0.0,0.0,0.00000006,btc,0.0,0.0,0.0,234
0.00000000039217259999999995,[],27,[],2019-02-24 10:05:25,2000.0,3.921726e-18,1.6227121756499999e-22,6773172,2019-02-24 10:05:25,eth,0.0113483662182,0.0,0.00000001,"btc,eth",11462.99618,0.0,7.843452e-15,234
1,[],4,[],2019-02-24 10:05:26,1062747.17663746,0.00000080,0.000000000033102,6773173,2019-02-24 10:05:26,btc,4.461708448359703,0.0,0.00000080,btc,1062671.43540527,0.0257137,0.4060580446516083,236
1,[],24,[],2019-02-24 10:05:27,0.0,0.000000300000,0.000000000012413250000000001,6773174,2019-02-24 10:05:27,btc,0.0,0.0,0.000000300000,btc,0.0,0.0,0.0,236
1,[],20,[],2019-02-24 10:05:29,67634848.5226,0.000000057,0.0000000000023585175,6773175,2019-02-24 10:05:29,btc,10.0780476204342,28271137.261,0.000000057,btc,45111719.9969,1.7121268989487,0.2453924095819,237
0.00000000012517520000000002,[],22,[],2019-02-24 10:05:32,14400.0,1.2517520000000001e-17,5.179436838e-22,6773176,2019-02-24 10:05:32,LTC,0.0405823,0.0,0.0000001,LTC,3164.0,0.0,0.00144,237
1,[],4,[],2019-02-24 10:05:33,6982269.0382433,0.00000034,0.00000000001406835,6773177,2019-02-24 10:05:33,btc,5.8059906901194624,0.0,0.00000034,btc,9034412.77476177,0.34682676,1.4953038892164452,238
1,[],5,[],2019-02-24 10:05:34,0.0,0,0,6773178,2019-02-24 10:05:34,btc,0.0,0.00873929,0,btc,0.0,0.0,0.0,238
0,[],22,[],2019-02-24 10:05:39,0.0,0,0,6773179,2019-02-24 10:05:39,,0.41356282,0.0,0,,316008.5639027493,0.0,0.0,249
0.00000000012517520000000002,[],22,[],2019-02-24 10:05:43,7121097.666666667,3.755256e-18,1.5538310514000003e-22,6773180,2019-02-24 10:05:43,LTC,0.52696618,0.0,0.00000003,LTC,14400138.09,4.99914699744e-13,0.21263595,252
1,[],28,[],2019-02-24 10:05:45,3798307.698,0.00000013,0.000000000005379075,6773181,2019-02-24 10:05:45,btc,164693.6394059347,10712.4,0.00000013,btc,752342.43,0.0,0.2377927575,256
1,[],22,[],2019-02-24 10:05:49,2423447.6666666665,0.00000003,0.000000000001241325,6773182,2019-02-24 10:05:49,BTC,31.42327216,0.0,0.00000003,BTC,516927.80769145646,0.0003,0.05155815,258
1,[],22,[],2019-02-23 13:24:56,48751.0,0.00000001,0.000000000000395946,6766668,2019-02-23 13:24:56,BTC,2.4175745,0.0,0.00000001,BTC,1762.0,0.0,0.00048751,259
1,[],5,[],2019-02-24 10:05:51,0.0,0,0,6773183,2019-02-24 10:05:51,btc,0.0,0.15576518,0,btc,0.0,0.0,0.0,264
1,[],20,[],2019-02-24 10:05:53,1222333.2837,0.000001632,0.00000000006752808,6773184,2019-02-24 10:05:53,btc,7.6844563121298,117096.9912,0.000001632,btc,108987.7396,0.367764494184,0.0311732646712,264
1,[],22,[],2019-02-24 10:05:58,18164.0,0.00000001,0.000000000000413775,6773185,2019-02-24 10:05:58,BTC,8.44955368,0.0,0.00000001,BTC,428471.6907878143,7.5e-05,0.00018164,271
0,[],22,[],2019-02-24 10:06:00,0.0,0,0,6773186,2019-02-24 10:06:00,,263.46698823,0.0,0,,14809386027.9,0.0,0.0,272
0.0000000000000051,[],28,[],2019-02-24 10:06:02,230113918758.06,4.386e-21,1.81481715e-25,6773187,2019-02-24 10:06:02,doge,10981738.118439404,46589893.0,0.00000086,doge,213071319685.26923,0.0,6.03082836748164e-10,272
1,[],22,[],2019-02-24 10:06:07,116058.74,0.00000235,0.000000000097237125,6773188,2019-02-24 10:06:07,BTC,74.45094618,0.0,0.00000235,"BTC,LTC",13370.487639773188,0.0,0.04795372,281
1,[],22,[],2019-02-24 10:06:10,96393.0,0.00000001,0.000000000000413775,6773189,2019-02-24 10:06:10,BTC,1.33469086,0.0,0.00000001,BTC,166490.2905455173,1.35e-06,0.00096393,286
0,[],22,[],2019-02-22 20:00:43,0.0,0,0,6761229,2019-02-22 20:00:43,,43634.52003953,0.0,0,,419068796.0,0.0,0.0,294
