pairValue,buyBook,exchangeId,sellBook,updated,buyTotal,satoshiPrice,usdPrice,exchangeLogId,created,bestPair,sellTotalBtc,volume,pairPrice,activePairs,sellTotal,volumeBtc,buyTotalBtc,coinId
1,[],3,[],2019-05-27 05:00:02,31469.71355471286,0.01025396999999999940456074654093754361383616924285888671875,0.0000008901276531569999,7693108,2019-05-27 05:00:02,btc,0.1772856486877934,63.0878130188,0.01025396999999999940456074654093754361383616924285888671875,btc,15.52854506211,0.0,0.25605389803748424,1
1,[],4,[],2019-05-27 05:00:03,207671.14233123,0.01076153,0.000000934187972393,7693109,2019-05-27 05:00:03,btc,8.290167015935806,0.0,0.01076153,btc,354.21125068,1.20095368,0.4769747940209463,1
1,[],5,[],2019-05-27 05:00:05,0.0,0,0,7693110,2019-05-27 05:00:05,btc,0.0,0.04712038,0,btc,0.0,0.0,0.0,1
1,[],10,[],2019-05-27 05:00:08,225848.25566829,0.00730152,0.000000633831078312,7693111,2019-05-27 05:00:08,btc,6521.8185391593715,1924.42079856,0.00730152,btc,1331.36667682,0.0,2.4287816386122802,1
1,[],12,[],2019-05-27 05:00:11,77.28198535,0.0107100000000000007693845560652334825135767459869384765625,0.000000929714751,7693112,2019-05-27 05:00:11,btc,0.186490978434,0.0,0.0107100000000000007693845560652334825135767459869384765625,btc,16.42764144,0.621663676989,0.3028786187926,1
1,[],20,[],2019-05-27 05:00:13,973.4555,0.01026285,0.000000890898509085,7693113,2019-05-27 05:00:13,btc,0.5037388200255,0.2671,0.01026285,btc,41.7488,0.0030416184922,0.1099498807739,1
1,[],21,[],2019-05-27 05:00:14,1957.11602135,0.01074149999999999931243888085,0.0000009324492061499999,7693114,2019-05-27 05:00:14,btc,11.820301203757806,2505.63179654,0.01074149999999999931243888084964055451564490795135498046875,"btc,eth",1451.27189952,22.966533348677405,17.094024429462657,1
1,[],22,[],2019-05-27 05:00:19,0.0025666666666666667,0.00900000,0.0000007812729,7693115,2019-05-27 05:00:19,BTC,0.31629903,0.0,0.00900000,BTC,0.2505752479991019,0.0,2.31e-05,1
1,[],24,[],2019-05-27 05:00:19,0.0,0.000000000000,0,7693116,2019-05-27 05:00:19,btc,0.0,0.0,0.000000000000,btc,0.0,0.0,0.0,1
0.0,[],25,[],2019-05-27 05:00:21,0.0,0,0,7693117,2019-05-27 05:00:21,btc,11.749999999378876,4657.87225036,0.0,btc,1065.85176611,49.995,0.0,1
1,[],26,[],2019-05-27 05:00:24,0.0,0,0,7693118,2019-05-27 05:00:24,,0.0,0.0,0,,0.0,0.0,0.0,1
0,[],28,[],2019-05-27 05:00:26,0.0,0,0,7693119,2019-05-27 05:00:26,,0.0,366586.85,0,,0.0,0.0,0.0,1
0,[],2,[],2019-01-20 23:28:45,0.0,0,0,6477011,2019-01-20 23:28:45,,0.0,0.0,0,,0.0,0.0,0.0,1
1,[],5,[],2019-05-27 05:00:29,0.0,0,0,7693120,2019-05-27 05:00:29,btc,0.0,0.00112297,0,btc,0.0,0.0,0.0,2
1,[],22,[],2019-05-27 05:00:33,11638.0,0.0000002,0.00000000001736162,7693121,2019-05-27 05:00:33,BTC,21.00897301,0.0,0.0000002,"BTC,XMR",20678.87287795317,0.0,0.00145435,2
1,[],5,[],2019-05-27 05:00:35,0.0,0,0,7693122,2019-05-27 05:00:35,btc,0.0,0.01918873,0,btc,0.0,0.0,0.0,3
1,[],12,[],2019-05-27 05:00:36,2772937.05224,0.000000109,0.0000000000094620829,7693123,2019-05-27 05:00:36,btc,4688.201355252167,0.0,0.000000109,btc,3275118.9265576,0.03039066543,0.19501189369416,3
0,[],28,[],2019-05-27 05:00:38,0.0,0,0,7693124,2019-05-27 05:00:38,,0.0,0.0,0,,0.0,0.0,0.0,3
0,[],2,[],2019-01-20 23:31:32,0.0,0,0,6477077,2019-01-20 23:31:32,,0.0,0.0,0,,0.0,0.0,0.0,4
1,[],4,[],2019-05-18 21:29:50,562734.9206932,0.00000010,0.000000000007298720000000001,7650946,2019-05-18 21:29:50,btc,41.9347137769675,0.0,0.00000010,btc,1123702.32192634,0.00052462,0.029254593370966,4
0,[],12,[],2019-05-26 21:03:47,0.0,0,0,7691427,2019-05-26 21:03:47,btc,0.40767300499500503,0.0,0,btc,1036053.4995005,0.0,0.0,5
0,[],2,[],2019-01-20 23:31:51,0.0,0,0,6477087,2019-01-20 23:31:51,,0.0,0.0,0,,0.0,0.0,0.0,6
1,[],11,[],2019-05-27 05:00:40,7436289.776736,0.00000002,0.0000000000017361619999999999,7693125,2019-05-27 05:00:40,btc,9578.912630428847,2985180.66667,0.00000002,btc,65175878.07531829,0.0,0.09709137276736,6
1,[],3,[],2019-05-27 05:00:40,13620.362059973791,0.0000888800000000000028389790518446034184307791292667388916015625,0.000000007715503928,7693126,2019-05-27 05:00:40,btc,0.04519933530695203,176.533509258,0.0000888800000000000028389790518446034184307791292667388916015625,btc,163.45383294376398,0.0,0.026430804139177186,7
1,[],4,[],2019-05-27 05:00:41,328879.0406151,0.00008900,0.0000000077259209,7693127,2019-05-27 05:00:41,btc,8.140105946003663,0.0,0.00008900,btc,48912.18809357,2.74926568,2.207745519787194,7
1,[],5,[],2019-05-27 05:00:43,0.0,0,0,7693128,2019-05-27 05:00:43,btc,0.0,0.19127146,0,btc,0.0,0.0,0.0,7
1,[],20,[],2019-04-07 22:06:50,3201475.0482,0.000000001,0.000000000000051590000000000004,7213932,2019-04-07 22:06:50,btc,30.8005781811902,0.0,0.000000001,btc,23077405.3926,0.0,0.0032014750482,8
1,[],4,[],2019-05-27 05:00:46,20563047.54808502,0.00000048,0.000000000041667888,7693129,2019-05-27 05:00:46,btc,3.741855833151279,0.0,0.00000048,btc,3806061.83939743,0.78357093,0.4651919574080528,9
0,[],28,[],2019-05-27 05:00:48,0.0,0,0,7693130,2019-05-27 05:00:48,,0.0,3494410.57,0,,0.0,0.0,0.0,9
0,[],2,[],2019-01-20 23:22:42,0.0,0,0,6476876,2019-01-20 23:22:42,,0.0,0.0,0,,0.0,0.0,0.0,9
0,[],23,[],2019-01-20 23:22:48,0.0,0,0,6476878,2019-01-20 23:22:48,,0.0,0.0,0,,0.0,0.0,0.0,9
1,[],1,[],2019-02-17 23:31:42,1822507.21,0.00000181000000000000003456111265232042484285557293333113193511962890625,0.000000000066086901,6701244,2019-02-17 23:31:42,btc,3.6990969245,17153386.5,0.00000181000000000000003456111265232042484285557293333113193511962890625,btc,1997391.71,31.11772986,3.2610482446,9
1,[],4,[],2019-02-17 11:22:43,4341674.27126056,0.00000002,0.0000000000007272960000000001,6696112,2019-02-17 11:22:43,btc,0.1997230937751353,0.0,0.00000002,btc,4109766.79808031,0.00215132,0.0479381022052112,10
1,[],4,[],2019-05-27 05:00:49,7579240.53017894,0.00000046,0.000000000039931726,7693131,2019-05-27 05:00:49,btc,4.842729422469375,0.0,0.00000046,btc,4932673.1472183,1.85067747,1.3258631815067254,12
1,[],5,[],2019-05-27 05:00:50,0.0,0,0,7693132,2019-05-27 05:00:50,btc,0.0,0.45870461,0,btc,0.0,0.0,0.0,12
0.0,[],25,[],2019-05-27 05:00:52,0.0,0,0,7693133,2019-05-27 05:00:52,,0.0,0.0,0.0,btc,0.0,0.0,0.0,12
0,[],2,[],2019-01-20 23:23:08,0.0,0,0,6476890,2019-01-20 23:23:08,,0.0,0.0,0,,0.0,0.0,0.0,12
1,[],10,[],2019-05-27 01:08:30,568096.04356365,0.00000586,0.000000000516444144,7692563,2019-05-27 01:08:30,btc,666803.2674299486,8652.93608006,0.00000586,btc,862598.98371431,0.0,0.2815135779214737,13
1,[],4,[],2019-05-27 05:00:54,337655.57462246,0.00000576,0.000000000500014656,7693134,2019-05-27 05:00:54,btc,2.0334786496529387,0.0,0.00000576,btc,251147.02663946,0.4635301,0.5290761641400087,13
1,[],21,[],2019-05-27 05:00:59,1368232.5075272801,0.000005879999999999999606863955448,0.000000000510431628,7693135,2019-05-27 05:00:59,btc,2.6637960662976807,778004.40363026,0.000005879999999999999606863955448066150211161584593355655670166015625,btc,418548.96417392,4.76321692,5.743089877073349,13
1,[],4,[],2019-05-27 05:01:00,900420.9764983,0.00000080,0.00000000006944648,7693136,2019-05-27 05:01:00,btc,4.139648708032148,0.0,0.00000080,btc,846439.646569,0.01109132,0.1123066387868439,14
1,[],12,[],2019-05-27 05:01:01,134837.46098176,0.00000067,0.000000000058161427,7693137,2019-05-27 05:01:01,btc,14.134601972378293,0.0,0.00000067,btc,21859.65080592,0.0,0.0149163299999721,14
1,[],26,[],2019-05-27 05:03:01,0.0,0.00000050,0.00000000004340405,7693138,2019-05-27 05:03:01,btc,0.0,0.0,0.00000050,btc,0.0,0.0,0.0,14
0,[],17,[],2019-05-03 00:53:32,0.0,0,0,7558876,2019-05-03 00:53:32,btc,0.0,0.0,0,btc,0.0,0.0,0.0,14
0,[],4,[],2019-05-27 05:03:02,0.0,0,0,7693139,2019-05-27 05:03:02,,0.0,0.0,0,,0.0,0.0,0.0,15
,[],12,[],2018-12-01 15:15:48,204241.84496,0.00000489,0.000000000202473384,5260204,2018-12-01 15:15:48,btc,49.5475654835,0.0,,btc,35763.2193806,0.0163153972027625,0.0203389899998,15
1,[],4,[],2019-05-27 05:03:04,35282.25837549,0.00001210,0.0000000010503780099999999,7693140,2019-05-27 05:03:04,btc,0.9666710781512949,0.0,0.00001210,btc,10669.93385446,0.02912537,0.0889697558819431,18
1,[],10,[],2019-05-27 05:03:07,315936.91421855,0.00001135,0.0000000009852719349999999,7693141,2019-05-27 05:03:07,btc,15.34519193032072,11303.6099669,0.00001135,btc,13686.15990266,0.0,0.1245452567310855,18
1,[],12,[],2019-05-27 05:03:08,5150.27340484,0.000010499999999999999418976055765018173815406044013798236846923828125,0.0000000009114850499999999,7693142,2019-05-27 05:03:08,btc,0.1129304772926564,0.0,0.000010499999999999999418976055765018173815406044013798236846923828125,btc,1138.22219134,0.003848576051,0.0082277119179195,18
0,[],2,[],2019-01-20 23:23:38,0.0,0,0,6476906,2019-01-20 23:23:38,,0.0,0.0,0,,0.0,0.0,0.0,18
0,[],17,[],2019-05-03 00:53:39,0.0,0,0,7558882,2019-05-03 00:53:39,btc,0.0,0.0,0,btc,0.0,0.0,0.0,18
1,[],3,[],2019-05-27 05:05:09,158001.18302047078,0.00000812000000000000018312608374149164092159480787813663482666015625,0.000000000704881772,7693143,2019-05-27 05:05:09,btc,0.14816501163127396,3754.77071591,0.00000812000000000000018312608374149164092159480787813663482666015625,btc,4002.037760434089,0.0,0.0487258710696425,19
1,[],4,[],2019-05-27 05:05:10,623645.87111531,0.00000830,0.00000000072050723,7693144,2019-05-27 05:05:10,btc,3.754357391820814,0.0,0.00000830,btc,157591.08469157,0.60582655,0.8343602200984046,19
1,[],5,[],2019-05-27 05:05:12,0.0,0,0,7693145,2019-05-27 05:05:12,btc,0.0,9.768e-05,0,btc,0.0,0.0,0.0,19
1,[],12,[],2019-05-27 05:05:13,15213.14073649,0.000007240000000000000138244450609281699371422291733324527740478515625,0.000000000628490644,7693146,2019-05-27 05:05:13,btc,0.0557591648733854,0.0,0.000007240000000000000138244450609281699371422291733324527740478515625,btc,1890.63545137,0.00164136,0.0279008699997335,19
0,[],27,[],2019-05-27 05:05:25,0.0,0,0,7693147,2019-05-27 05:05:25,,0.0,0.0,0,btc,0.0,0.0,0.0,19
0,[],2,[],2019-01-20 23:24:19,0.0,0,0,6476924,2019-01-20 23:24:19,,0.0,0.0,0,,0.0,0.0,0.0,19
1,[],4,[],2019-05-27 05:05:26,10228410.21811859,0.00000007,0.000000000006076567,7693148,2019-05-27 05:05:26,btc,6.4307072950777595,0.0,0.00000007,btc,2332215.60836933,0.0,0.1274738176872813,20
1,[],4,[],2019-05-27 05:05:27,72781483.2473748,0.00000001,0.0000000000008680809999999999,7693149,2019-05-27 05:05:27,btc,1774.7844046158937,0.0,0.00000001,btc,66471138.91973631,0.0,0.7278148324737481,21
1,[],12,[],2019-05-27 05:05:27,2435360.0,0.00000001,0.0000000000008680809999999999,7693150,2019-05-27 05:05:27,btc,1008.0168623015485,0.0,0.00000001,btc,6038338.0769230705,0.00070672,0.0243536,21
0,[],17,[],2019-05-03 00:53:51,0.0,0,0,7558891,2019-05-03 00:53:51,btc,0.0,0.0,0,btc,0.0,0.0,0.0,21
1,[],12,[],2019-05-27 05:07:28,6216244769.0,0.0000000004,0.00000000000003472324,7693151,2019-05-27 05:07:28,btc,708147477.9973297,0.0,0.0000000004,btc,2536422846.3286715,0.018692536962,1.2613343992000001,23
0.0000000003066427,[],27,[],2019-05-27 05:07:35,91162703.0,6.132854e-18,5.3238140331739995e-22,7693152,2019-05-27 05:07:35,eth,1172.2247578808,871025739.3626374,0.00000002,eth,51323991.208,1.068374737812464e-08,3.87281055178017e-10,23
1,[],4,[],2019-05-27 05:07:36,1879585.29859609,0.00000022,0.000000000019097782,7693153,2019-05-27 05:07:36,btc,13.477547858771038,0.0,0.00000022,btc,2127496.73462349,0.01516242,0.0696005362920114,24
1,[],22,[],2019-05-27 05:07:40,21.76,0.00000100,0.0000000000868081,7693154,2019-05-27 05:07:40,BTC,7.415e-05,0.0,0.00000100,BTC,23.919354838709676,0.0,1.186e-05,24
0.0,[],25,[],2019-05-27 05:07:41,0.0,0,0,7693155,2019-05-27 05:07:41,,0.0,0.0,0.0,btc,0.0,0.0,0.0,24
1,[],4,[],2019-05-27 05:07:43,332532.42049229,0.00000419,0.000000000363725939,7693156,2019-05-27 05:07:43,btc,10.218758336671948,0.0,0.00000419,btc,266092.94396218,0.15813567,0.2836443252640385,26
1,[],10,[],2019-05-27 05:07:45,159417.44893447,0.00000402,0.00000000034896856199999997,7693157,2019-05-27 05:07:45,btc,25.508962050625076,5640.24239577,0.00000402,btc,22959.07349936,0.0,0.029794126394687,26
0,[],2,[],2019-01-20 23:25:56,0.0,0,0,6476976,2019-01-20 23:25:56,,0.0,0.0,0,,0.0,0.0,0.0,26
1,[],3,[],2019-05-27 05:07:46,10800453.60144003,0.00000001,0.0000000000008680809999999999,7693158,2019-05-27 05:07:46,btc,3.5926409800278702,5156255.03413,0.00000001,btc,26897503.30251259,0.0,0.1080045360144003,27
1,[],11,[],2019-05-27 05:07:47,1069867.58157834,0.00000001,0.0000000000008680809999999999,7693159,2019-05-27 05:07:47,btc,67503.03909773499,19676.5543251,0.00000001,btc,6639861.32608848,0.0,0.0106986758157834,27
1,[],5,[],2019-04-26 09:47:06,0.0,0,0,7465326,2019-04-26 09:47:06,btc,0.0,0.0,0,btc,0.0,0.0,0.0,27
1,[],4,[],2019-05-27 05:07:48,1185262847.627128,0.00000001,0.0000000000008680809999999999,7693160,2019-05-27 05:07:48,btc,4.860643105312488,0.0,0.00000001,"btc,ltc",301143096.3294254,0.02335673,8.132258107369601,29
1,[],7,[],2019-05-27 05:07:49,86565332.30740812,0.00000001,0.0000000000008680809999999999,7693161,2019-05-27 05:07:49,btc,46548272.11125571,2247.75224775,0.00000001,btc,35027619.35138779,4.496e-05,0.8656533230740813,29
1,[],4,[],2019-05-27 05:07:50,15165592.27217546,0.00000006,0.000000000005208486,7693162,2019-05-27 05:07:50,btc,2.6716034787246747,0.0,0.00000006,btc,2109118.12465525,0.00519337,0.1660759159941774,30
0,[],17,[],2019-05-03 01:11:25,0.0,0,0,7559066,2019-05-03 01:11:25,btc,0.0,0.0,0,btc,0.0,0.0,0.0,30
1,[],4,[],2019-05-27 04:18:56,313349.47776908,0.00003756,0.0000000032710778640000004,7693075,2019-05-27 04:18:56,btc,3.165831986572484,0.0,0.00003756,btc,41285.44953485,1.11400292,0.7177734777951895,31
1,[],21,[],2019-05-27 04:18:57,176295.00446718,0.00003894999999999999807862027801,0.00000000339213213,7693076,2019-05-27 04:18:57,btc,4.605841641827475,489214.26000477,0.0000389499999999999980786202780080884622293524444103240966796875,btc,95268.78993658,19.89652502,5.027616161332315,31
0,[],2,[],2019-01-20 23:28:43,0.0,0,0,6477009,2019-01-20 23:28:43,,0.0,0.0,0,,0.0,0.0,0.0,32
0,[],4,[],2019-05-27 04:18:58,0.0,0,0,7693077,2019-05-27 04:18:58,,0.0,0.0,0,,0.0,0.0,0.0,33
1,[],12,[],2019-03-30 07:55:10,40641173.964,0.00000003,0.000000000001228359,7108785,2019-03-30 07:55:10,btc,4233210.82356125,0.0,0.00000003,btc,28378394.68333462,0.0126927883965248,0.90752895892,33
0.0000000001304337,[],4,[],2019-05-27 04:19:00,502348146.73777777,1.8260718e-17,1.5903149741892002e-21,7693078,2019-05-27 04:19:00,ltc,3.5006767803462098,0.0,0.00000014,ltc,156423838.54745057,0.0,1.8443732502860934e-09,34
1,[],5,[],2019-05-27 04:19:01,0.0,0,0,7693079,2019-05-27 04:19:01,btc,0.0,5.256e-05,0,btc,0.0,0.0,0.0,34
0.0000000001304337,[],4,[],2019-05-27 04:19:02,96810195.093,1.3043370000000001e-18,1.135939267278e-22,7693080,2019-05-27 04:19:02,ltc,4.7578480337600286e-08,0.0,0.00000001,ltc,6902000111.610488,0.0,1.2627311943701835e-10,36
1,[],5,[],2019-05-27 04:19:03,0.0,0,0,7693081,2019-05-27 04:19:03,btc,0.0,6.38e-06,0,btc,0.0,0.0,0.0,36
0.0000000003069463,[],27,[],2019-05-27 04:21:15,41668565.004,6.138926e-18,5.3463538198440005e-22,7693082,2019-05-27 04:21:15,eth,1670.45195568,3359933268.0,0.00000002,"ltc,eth",5105977.0,1.7541091688120117e-08,1.4441765715015834e-10,36
0.0000000002926451,[],17,[],2019-05-02 18:17:47,200000.0,2.9264510000000002e-18,1.596703856561e-22,7556430,2019-05-02 18:17:47,eth,0.20942468735267253,0.0,0.00000001,"btc,eth",1018272.20243647,0.0,5.852902e-13,36
1,[],4,[],2019-05-27 04:21:16,10009560.80033799,0.00000018,0.000000000015676092,7693083,2019-05-27 04:21:16,btc,19772.582213659523,0.0,0.00000018,btc,785340.86244527,0.00191367,0.1425970957863112,37
1,[],12,[],2019-05-27 04:21:17,4220833.33528572,0.00000019,0.000000000016546986000000002,7693084,2019-05-27 04:21:17,btc,8.129139487765565,0.0,0.00000019,btc,828909.37196136,0.079889187722,0.1868626004442866,37
1,[],27,[],2019-05-27 04:23:23,1600.0,0.00000015,0.00000000001306341,7693085,2019-05-27 04:23:23,btc,24.11463822903233,0.0,0.00000015,btc,5792.59438508,0.0,3e-05,37
1,[],17,[],2019-05-03 01:11:36,211752.74075282,0.00000025,0.000000000013700074999999998,7559074,2019-05-03 01:11:36,btc,0.055484923955058496,0.0,0.00000025,"btc,eth",1387.19918473,0.0,0.0005381851887916605,37
1,[],5,[],2019-05-27 04:23:24,0.0,0,0,7693086,2019-05-27 04:23:24,btc,0.0,0.00376577,0,btc,0.0,0.0,0.0,42
1,[],12,[],2019-05-27 04:23:25,140952.12167975,0.000001129999999999999980629101885287735029805844533257186412811279296875,0.00000000009841102200000001,7693087,2019-05-27 04:23:25,btc,24.49738537899207,0.0,0.000001129999999999999980629101885287735029805844533257186412811279296875,btc,53568.5940907,0.009340545975,0.0514208399999479,42
1,[],27,[],2019-05-27 04:23:31,506.0,0.00000002,0.000000000001741788,7693088,2019-05-27 04:23:31,btc,0.39085425,0.0,0.00000002,"btc,eth",735.0,0.0,6.000000322477783e-06,42
1,[],12,[],2019-03-13 09:13:29,1112112.0,0.00000001,0.000000000000386531,6919902,2019-03-13 09:13:29,btc,29058.00478931866,0.0,0.00000001,btc,5967681.93306694,9.99000999e-07,0.01112112,43
1,[],5,[],2019-04-26 22:38:52,0.0,0,0,7474154,2019-04-26 22:38:52,btc,0.0,0.02638891,0,btc,0.0,0.0,0.0,43
0,[],17,[],2019-04-26 22:38:53,0.0,0,0,7474155,2019-04-26 22:38:53,btc,0.0,0.0,0,btc,0.0,0.0,0.0,43
1,[],12,[],2019-03-05 01:54:08,639326.02,0.00000004,0.000000000001486676,6845775,2019-03-05 01:54:08,btc,11116042.728239931,0.0,0.00000004,btc,1103841.4595604,0.0003330765234764,0.014975410599999999,44
1,[],4,[],2019-05-27 04:23:33,115215485.8371562,0.00000001,0.000000000000870894,7693089,2019-05-27 04:23:33,btc,291324.2205731203,0.0,0.00000001,"btc,ltc",27005151.83262538,0.0016245,0.09130860041136696,49
0.0000000001304337,[],4,[],2019-05-27 04:23:33,142303059.41393223,3.3912762000000003e-17,2.9534420949228002e-21,7693090,2019-05-27 04:23:33,ltc,22050.15425651759,0.0,0.00000026,ltc,157948479.38854668,0.00010884,8.19602481213249e-10,52
0,[],22,[],2019-05-27 03:23:20,0.0,0,0,7692930,2019-05-27 03:23:20,,10289.55991011,0.0,0,,308568058.4566013,0.0,0.0,57
0,[],27,[],2019-05-27 03:23:27,0.0,0,0,7692931,2019-05-27 03:23:27,,0.0,0.0,0,"btc,eth",0.0,0.0,0.0,57
0.0000000001304337,[],4,[],2019-05-27 04:23:35,2737425703.046031,1.3043370000000001e-18,1.135939267278e-22,7693091,2019-05-27 04:23:35,ltc,19.2638714086147,0.0,0.00000001,ltc,5768380386.228598,0.0,3.570525629233951e-09,58
1,[],12,[],2019-05-27 04:23:37,777393292.0,0.0000000001,0.000000000000008708940000000001,7693092,2019-05-27 04:23:37,btc,2038623.8760260814,0.0,0.0000000001,btc,2390517906.778222,0.000581776154,0.0777393292,58
0.0000000001076792,[],22,[],2019-05-27 04:25:40,126877.0,1.076792e-18,9.377716920480001e-23,7693093,2019-05-27 04:25:40,XMR,68.17454206,0.0,0.00000001,XMR,9626402.6,0.0,0.00126877,58
1,[],17,[],2019-05-03 01:12:09,1200000.0,0.0000000001,0.00000000000000548003,7559085,2019-05-03 01:12:09,btc,1e+24,0.0,0.0000000001,"btc,eth",39516342.31952568,0.0,0.00010000000058666061,58
1,[],5,[],2019-05-27 04:25:41,0.0,0,0,7693094,2019-05-27 04:25:41,btc,0.0,0.01987476,0,btc,0.0,0.0,0.0,61
1,[],22,[],2019-05-27 04:25:44,13613.833333333334,0.00000012,0.000000000010450728,7693095,2019-05-27 04:25:44,BTC,1002.29590883,0.0,0.00000012,BTC,15092.180177125656,0.0,0.00153269,61
1,[],26,[],2019-05-27 04:25:44,0.0,0.00000050,0.000000000043544700000000004,7693096,2019-05-27 04:25:44,btc,0.0,0.0,0.00000050,btc,0.0,0.0,0.0,61
1,[],27,[],2019-05-27 04:25:53,13712.0,0.0000002,0.00000000001741788,7693097,2019-05-27 04:25:53,btc,1.9582485601246655,747.001,0.0000002,"btc,eth",11379.41563696,0.00717121,0.00252178,61
0,[],28,[],2019-05-27 04:25:56,0.0,0,0,7693098,2019-05-27 04:25:56,,0.0,723.0,0,,0.0,0.0,0.0,61
1,[],4,[],2019-05-27 03:26:07,1054583.12138663,0.00000079,0.000000000068795254,7692940,2019-05-27 03:26:07,btc,2.6284726782004877,0.0,0.00000079,btc,866710.83991782,0.05887426,0.6210149623659394,67
0.0,[],25,[],2019-05-27 03:26:09,0.0,0,0,7692941,2019-05-27 03:26:09,,0.0,0.0,0.0,btc,0.0,0.0,0.0,67
1,[],12,[],2019-05-27 04:25:57,807113.0,0.00000006,0.000000000005225364,7693099,2019-05-27 04:25:57,btc,5.170120894485513,0.0,0.00000006,btc,767393.17582416,4.8e-07,0.01739667,71
,[],5,[],2018-11-20 23:02:39,1.5e-07,0.00000005,0.000000000002128045,4862160,2018-11-20 23:02:39,btc,2.84511358,0.0,,btc,0.00036572,0.0,0.07381892,74
1,[],5,[],2019-05-27 04:25:59,0.0,0,0,7693100,2019-05-27 04:25:59,btc,0.0,0.02338714,0,btc,0.0,0.0,0.0,75
0,[],4,[],2019-05-25 21:33:44,0.0,0,0,7686249,2019-05-25 21:33:44,,133656.37989170782,0.0,0,,33439209.5909442,0.0,0.0,81
0,[],20,[],2019-01-25 09:30:31,0.0,0,0,6495923,2019-01-25 09:30:31,btc,0.0,0.0,0,btc,0.0,0.0,0.0,81
1,[],4,[],2019-05-27 04:26:00,25807.19405384,0.00006255,0.000000005447441970000001,7693101,2019-05-27 04:26:00,btc,18.673781940351983,0.0,0.00006255,btc,27813.10676985,0.16342278,0.2061188802647162,82
1,[],21,[],2019-05-27 04:26:01,78654.53994531,0.00007333000000000000433673930100,0.000000006386265702000001,7693102,2019-05-27 04:26:01,btc,2.8156538945869913,35659.1655321,0.00007333000000000000433673930100297866374603472650051116943359375,btc,32166.989805049998,2.51590778,2.8315865227299173,82
0,[],17,[],2019-03-25 22:42:34,0.0,0,0,7038780,2019-03-25 22:42:34,btc,0.0445064681804024,0.0,0,btc,995513.18476001,0.0,0.0,84
0.0000000001161485,[],4,[],2019-05-20 13:09:39,216715621.0206096,1.161485e-18,9.0533806701e-23,7657228,2019-05-20 13:09:39,ltc,1.6511566870244727,0.0,0.00000001,ltc,471032407.9048656,0.0,2.5171194308112273e-10,85
,[],22,[],2018-11-20 23:09:34,3408.1,0.0000001,0.0000000000041895,4862324,2018-11-20 23:09:34,BTC,0.04624735,0.0,,BTC,4990.0,0.0,0.00033081,86
1,[],22,[],2019-05-27 04:26:05,65156.0,0.00000001,0.000000000000870894,7693103,2019-05-27 04:26:05,BTC,1.45608405,0.0,0.00000001,BTC,314587.29736842104,0.0,0.00065156,87
0,[],27,[],2019-05-27 04:26:13,0.0,0,0,7693104,2019-05-27 04:26:13,,4.961976754776,0.0,0,btc,36639.09041,0.0,0.0,87
,[],2,[],2018-11-20 23:10:47,0.0,0,0,4862359,2018-11-20 23:10:47,,0.0,0.0,,,0.0,0.0,0.0,88
1,[],11,[],2019-05-27 04:26:15,61911.0036293,0.000085099999999999994984394013908257647926802746951580047607421875,0.00000000741130794,7693105,2019-05-27 04:26:15,btc,184.0350325691882,1614.61594521,0.000085099999999999994984394013908257647926802746951580047607421875,btc,225677.83626507,0.0,3.0923590991698404,89
0,[],2,[],2019-01-20 23:31:45,0.0,0,0,6477083,2019-01-20 23:31:45,,0.0,0.0,0,,0.0,0.0,0.0,91
1,[],12,[],2019-05-27 04:26:17,367917.95505751,0.00000045,0.00000000003919023,7693106,2019-05-27 04:26:17,btc,87.64372761895463,0.0,0.00000045,btc,107575.9316117,0.005844965637,0.0298342719999813,91
1,[],22,[],2019-05-27 04:28:21,75910.55,0.0000002,0.00000000001741788,7693107,2019-05-27 04:28:21,BTC,0.495,0.0,0.0000002,"BTC,LTC",4.95,0.0,0.00165931,91
0,[],17,[],2019-05-03 01:12:26,0.0,0,0,7559096,2019-05-03 01:12:26,btc,0.0,0.0,0,btc,0.0,0.0,0.0,91
1,[],22,[],2019-04-09 20:17:52,374949.73333333334,0.00000015,0.000000000007771935,7235704,2019-04-09 20:17:52,BTC,6.87372503,0.0,0.00000015,"BTC,LTC",159980.01196797504,1.1e-05,0.80510266,95
0.000000000128524,[],4,[],2019-05-27 03:28:35,541145350.2140294,3.727196e-17,3.2457391838960003e-21,7692951,2019-05-27 03:28:35,ltc,11.603601382610332,0.0,0.00000029,ltc,174257983.5260669,0.0,8.473600319974022e-10,96
0,[],12,[],2019-05-27 03:28:36,0.0,0,0,7692952,2019-05-27 03:28:36,btc,10.433545760379621,0.0,0,btc,7434340.03796204,3.0969e-07,0.0,96
0,[],17,[],2019-05-03 01:12:32,0.0,0,0,7559100,2019-05-03 01:12:32,btc,0.0,0.0,0,btc,0.0,0.0,0.0,96
1,[],4,[],2019-04-14 03:32:46,1039404.33283278,0.00000038,0.000000000019245518,7293458,2019-04-14 03:32:46,btc,4.170086055365747,0.0,0.00000038,btc,3097704.34561074,0.06260606,0.1859928211030784,99
0,[],2,[],2019-01-20 23:23:55,0.0,0,0,6476914,2019-01-20 23:23:55,,0.0,0.0,0,,0.0,0.0,0.0,100
1,[],4,[],2019-05-27 03:30:37,234349.99722713,0.00001980,0.0000000017242354800000002,7692953,2019-05-27 03:30:37,btc,7.290977266619815,0.0,0.00001980,btc,141325.85182455,0.43746271,0.6321744910497422,100
1,[],22,[],2019-05-27 03:30:41,150000.0,0.00000002,0.000000000001741652,7692954,2019-05-27 03:30:41,BTC,24.83526409,0.0,0.00000002,BTC,11187.719,0.0,0.0017,101
1,[],4,[],2019-05-27 03:30:41,554457.57381405,0.00000160,0.00000000013933216,7692955,2019-05-27 03:30:41,btc,362.7566115869279,0.0,0.00000160,btc,637012.1372621,0.06358929,0.1989486204506938,103
1,[],12,[],2019-05-27 03:30:45,138673240.04047254,0.000000004,0.0000000000003483304,7692956,2019-05-27 03:30:45,btc,2374.4494485572436,0.0,0.000000004,btc,56387764.64261737,0.001639782033,0.16525129116189022,105
0,[],27,[],2019-05-27 03:30:56,0.0,0,0,7692957,2019-05-27 03:30:56,,0.2583801973531397,0.0,0,btc,612120.85947933,0.0,0.0,105
1,[],22,[],2019-04-21 00:17:26,21333.0,0.00000001,0.000000000000532493,7385819,2019-04-21 00:17:26,BTC,51.38182867,0.0,0.00000001,BTC,470435.0,0.0,0.00021333,107
1,[],26,[],2019-04-21 00:17:26,0.0,0.00000000,0,7385820,2019-04-21 00:17:26,btc,0.0,0.0,0.00000000,btc,0.0,0.0,0.0,107
1,[],5,[],2019-05-27 03:30:59,0.0,0,0,7692958,2019-05-27 03:30:59,btc,0.0,0.0001,0,btc,0.0,0.0,0.0,112
0,[],22,[],2019-05-27 03:31:02,0.0,0,0,7692959,2019-05-27 03:31:02,,2.79635781,0.0,0,,3274992.0833333335,0.0,0.0,112
1,[],27,[],2019-05-27 03:31:09,1.0,0.00000001,0.000000000000870826,7692960,2019-05-27 03:31:09,btc,1.15032588,0.0,0.00000001,"btc,eth",1818.0,0.0,1e-08,112
1,[],4,[],2019-05-27 03:31:11,173682.80090255,0.00000081,0.00000000007053690600000001,7692961,2019-05-27 03:31:11,btc,5.007289005070727,0.0,0.00000081,btc,574745.5100932,0.08276864,0.0919339256140965,113
1,[],5,[],2019-05-27 03:31:12,0.0,0,0,7692962,2019-05-27 03:31:12,btc,0.0,0.0,0,btc,0.0,0.0,0.0,113
1,[],17,[],2019-04-26 02:17:47,162738.278,0.00000004,0.0000000000021069000000000002,7461287,2019-04-26 02:17:47,btc,1.3331140273775473,0.0,0.00000004,btc,51796.221,0.0,0.00230953112,116
1,[],27,[],2019-05-22 05:13:01,210000.0,0.00000001,0.00000000000079145,7666372,2019-05-22 05:13:01,btc,3919.0005001478,0.0,0.00000001,btc,128660.871,0.0,0.0021,116
1,[],4,[],2019-05-21 22:31:11,138169.03963019,0.00000701,0.000000000558364025,7664793,2019-05-21 22:31:11,btc,150.95388250938234,0.0,0.00000701,btc,344631.17141974,0.07552974,0.4288357684941946,120
1,[],7,[],2019-05-21 22:31:12,3901.07750076,0.000010679999999999999389654892212320191902108490467071533203125,0.0000000008506887,7664794,2019-05-21 22:31:12,btc,231188.94669936574,0.0,0.000010679999999999999389654892212320191902108490467071533203125,btc,4133.83151364,0.0,0.0113888422364489,120
1,[],20,[],2019-04-07 18:42:29,1914137.0852,0.000000035,0.0000000000017871910000000002,7211992,2019-04-07 18:42:29,btc,32.2497668025648,25528.85,0.000000035,btc,1001975.4986,0.00089350975,0.0152723574729,125
1,[],22,[],2019-05-27 03:31:17,10000.0,0.00000001,0.000000000000870826,7692963,2019-05-27 03:31:17,BTC,0.032061,0.0,0.00000001,BTC,299316.7611111111,0.0,0.0001,126
1,[],4,[],2019-05-27 03:31:20,191267.21208391,0.00000580,0.00000000050507908,7692964,2019-05-27 03:31:20,btc,3.5495372152196407,0.0,0.00000580,btc,172041.72636846,0.19919691,0.5357521747407722,131
0,[],2,[],2019-01-20 23:25:46,0.0,0,0,6476969,2019-01-20 23:25:46,,0.0,0.0,0,,0.0,0.0,0.0,131
1,[],17,[],2019-05-03 01:13:10,10000.0,0.00000001,0.000000000000548003,7559115,2019-05-03 01:13:10,btc,0.0953976503951408,0.0,0.00000001,btc,5037.62507334,0.0,0.0001,131
1,[],4,[],2019-05-27 03:33:21,4716.37408397,0.00007919,0.0000000068960710940000004,7692965,2019-05-27 03:33:21,btc,5.04377095799207,0.0,0.00007919,btc,247.17378338,0.0,0.0067432248094347,135
1,[],3,[],2019-05-27 03:33:22,433341.0025,0.00000001,0.000000000000870826,7692966,2019-05-27 03:33:22,btc,0.218395441408873,1000968.8208,0.00000001,btc,1844571.47493701,0.0,0.0043334100250000005,136
1,[],4,[],2019-05-27 03:33:23,2407116.0294027,0.00000192,0.00000000016719859200000002,7692967,2019-05-27 03:33:23,btc,107.30291946427273,0.0,0.00000192,btc,476546.7953756,0.02954389,0.6967263229303747,137
1,[],12,[],2019-05-27 03:33:24,77453.0038249,0.00000213999999999999983963348826332406815708964131772518157958984375,0.00000000018635676399999998,7692968,2019-05-27 03:33:24,btc,57.771375896683104,0.0,0.00000213999999999999983963348826332406815708964131772518157958984375,btc,46576.81344692,0.002439903846,0.0188705799999264,137
1,[],4,[],2019-05-27 03:33:25,106311.89439157,0.00001610,0.00000000140202986,7692969,2019-05-27 03:33:25,btc,9.268639707171017,0.0,0.00001610,btc,130594.87580756,1.43840286,1.1026849905200369,142
1,[],5,[],2019-05-27 03:33:27,0.0,0,0,7692970,2019-05-27 03:33:27,btc,0.0,0.01944052,0,btc,0.0,0.0,0.0,142
1,[],20,[],2019-05-27 03:35:30,209157.6838,0.0000155,0.0000000013497803000000002,7692971,2019-05-27 03:35:30,btc,1.6072826359773,0.0,0.0000155,btc,9770.723,0.0,0.022857404864,142
1,[],22,[],2019-05-27 03:35:33,11028.645,0.00001000,0.000000000870826,7692972,2019-05-27 03:35:33,BTC,3.2754788,0.0,0.00001000,BTC,1133.9993657797618,0.0,0.00745365,142
0.0,[],25,[],2019-05-27 03:35:35,0.0,0,0,7692973,2019-05-27 03:35:35,,0.0,0.0,0.0,btc,0.0,0.0,0.0,142
0,[],28,[],2019-05-27 03:35:46,0.0,0,0,7692974,2019-05-27 03:35:46,,0.0,0.0,0,,0.0,0.0,0.0,142
1,[],17,[],2019-05-03 01:13:16,32967.38636364,0.00000088,0.000000000048224264,7559122,2019-05-03 01:13:16,btc,20.06976206696776,0.0,0.00000088,btc,2746.079105,0.0,0.0105613000000032,142
0,[],22,[],2019-05-27 03:35:48,0.0,0,0,7692975,2019-05-27 03:35:48,,65.51518676,0.0,0,,839924755.3,0.0,0.0,143
0,[],22,[],2019-02-25 15:42:22,0.0,0,0,6783783,2019-02-25 15:42:22,,4.2131946,0.0,0,,2322156.0,0.0,0.0,146
,[],22,[],2018-11-20 23:01:11,0.0,0,0,4862114,2018-11-20 23:01:11,,2.56807021,0.0,,,61828.4988236,0.0,0.0,147
1,[],12,[],2019-04-21 06:38:04,193091.5971266,0.00000071,0.000000000037635183,7388679,2019-04-21 06:38:04,btc,2.301232411611175,0.0,0.00000071,btc,9957.48302385,0.00023528,0.0313308199999888,148
1,[],4,[],2019-03-19 21:31:25,255810.0415942,0.00000029,0.000000000011615747,6982695,2019-03-19 21:31:25,btc,218.94922712414143,0.0,0.00000029,btc,793529.37642722,0.00117,0.0608347789473395,152
0,[],22,[],2019-03-19 21:31:27,0.0,0,0,6982696,2019-03-19 21:31:27,,0.0,0.0,0,,0.0,0.0,0.0,152
1,[],5,[],2019-04-26 09:36:59,0.0,0,0,7465040,2019-04-26 09:36:59,btc,0.0,0.0,0,btc,0.0,0.0,0.0,153
,[],16,[],2019-01-11 15:38:59,0.0,0,0,6366141,2019-01-11 15:38:59,btc,0.0,0.0,,btc,0.0,0.0,0.0,155
0,[],23,[],2019-01-20 23:24:29,0.0,0,0,6476932,2019-01-20 23:24:29,,0.0,0.0,0,,0.0,0.0,0.0,156
0,[],22,[],2019-05-27 03:35:55,0.0,0,0,7692976,2019-05-27 03:35:55,,6.80425924,0.0,0,,4675174.942592593,0.0,0.0,156
1,[],22,[],2019-05-27 03:35:59,7066.0,0.00000800,0.0000000006966608,7692977,2019-05-27 03:35:59,BTC,1.79802465,0.0,0.00000800,BTC,802.6461988741639,0.0,0.00062996,157
0,[],22,[],2019-05-21 23:40:32,0.0,0,0,7665049,2019-05-21 23:40:32,,50234.60468402,0.0,0,,54786159.03179465,0.0,0.0,158
,[],17,[],2018-11-20 22:56:10,0.0,0,0,4861976,2018-11-20 22:56:10,btc,1.1265625,0.0,,btc,1000.0,0.0,0.0,159
,[],20,[],2018-11-20 22:56:12,0.0,0,0,4861977,2018-11-20 22:56:12,btc,11912.7940471,0.0,,btc,34413894.3617,0.0,0.0,159
1,[],12,[],2019-05-24 02:51:20,9178.522006449999,0.00000191999999999999982841307998027158276954651228152215480804443359375,0.000000000151222656,7676256,2019-05-24 02:51:20,btc,149.80414728631675,0.0,0.00000191999999999999982841307998027158276954651228152215480804443359375,btc,1115.7451448499999,0.01783167678326,0.0120075778999181,168
1,[],17,[],2019-05-03 01:13:36,42852.0,0.00000002,0.000000000001096006,7559132,2019-05-03 01:13:36,btc,0.04279856251542,0.0,0.00000002,btc,274.46171372,0.0,0.00052852,168
1,[],22,[],2019-05-17 03:01:52,10.0,0.00000001,0.000000000000778341,7642059,2019-05-17 03:01:52,BTC,41.95893009,0.0,0.00000001,BTC,1753972.7737547632,0.0,1e-07,169
1,[],22,[],2019-05-27 03:36:05,203664.0,0.00000002,0.000000000001741652,7692978,2019-05-27 03:36:05,BTC,27.86386553,0.0,0.00000002,BTC,461104.9785507793,0.0,0.00213428,171
1,[],22,[],2019-05-27 03:36:12,494339.0,0.00000002,0.000000000001741652,7692979,2019-05-27 03:36:12,BTC,24.410856,0.0,0.00000002,"BTC,LTC",1160611.8364505093,1.062e-05,0.00547408,173
1,[],5,[],2019-05-27 03:36:13,0.0,0,0,7692980,2019-05-27 03:36:13,btc,0.0,0.01290977,0,btc,0.0,0.0,0.0,175
1,[],22,[],2019-05-27 03:36:18,90671.0,0.00000001,0.000000000000870826,7692981,2019-05-27 03:36:18,BTC,394.35459412,0.0,0.00000001,BTC,136275.61833431243,0.0,0.00090671,176
1,[],7,[],2019-05-27 03:36:21,0.0,0,0,7692982,2019-05-27 03:36:21,btc,522274.26972891926,260553.446553,0,btc,28191245.909312557,0.00260553,0.0,178
0,[],22,[],2019-05-27 03:36:24,0.0,0,0,7692983,2019-05-27 03:36:24,,1.00242428,0.0,0,,57512.0,0.0,0.0,178
0,[],2,[],2019-01-20 23:28:34,0.0,0,0,6477001,2019-01-20 23:28:34,,0.0,0.0,0,,0.0,0.0,0.0,178
0,[],23,[],2019-01-20 23:25:08,0.0,0,0,6476952,2019-01-20 23:25:08,,0.0,0.0,0,,0.0,0.0,0.0,179
1,[],5,[],2019-05-27 03:36:25,0.0,0,0,7692984,2019-05-27 03:36:25,btc,0.0,0.03576564,0,btc,0.0,0.0,0.0,179
0,[],22,[],2019-05-27 03:36:28,0.0,0,0,7692985,2019-05-27 03:36:28,,5.31420491,0.0,0,,13396087.311946675,0.0,0.0,179
1,[],22,[],2019-05-27 03:38:32,664978.8259994907,0.00000105,0.00000000009143673000000001,7692986,2019-05-27 03:38:32,BTC,39.28969833,0.0,0.00000105,"BTC,LTC",151646.58723940884,0.0065,0.56346207,180
1,[],26,[],2019-05-27 03:38:33,0.0,0.00000010,0.00000000000870826,7692987,2019-05-27 03:38:33,btc,0.0,0.0,0.00000010,btc,0.0,0.0,0.0,180
1,[],17,[],2019-05-03 01:13:56,20504.725000000002,0.0000001,0.00000000000548003,7559141,2019-05-03 01:13:56,btc,5.2010695838400265,0.0,0.0000001,btc,5033.45945,0.0,0.0011504725,180
,[],7,[],2018-11-20 22:58:01,562227.975654,0.00000085,0.000000000036176765,4862015,2018-11-20 22:58:01,btc,21836.6059674,2491.87645172,,btc,749999.041456,0.00211021,0.127565380455,183
,[],5,[],2019-01-10 08:11:41,0.0,0,0,6347036,2019-01-10 08:11:41,btc,82.15055501,0.00261,,btc,1.19002445,0.0,0.0,187
,[],17,[],2018-11-16 20:58:10,4062536.27273,0.00000001,0.000000000000550501,4708775,2018-11-16 20:58:10,btc,3.36492563466,0.195460381006,,"btc,eth",110697919.549,0.0,0.0157628953496,187
1,[],24,[],2019-05-22 21:04:52,0.0,0.000000000014,0.0000000000000010960978,7670219,2019-05-22 21:04:52,btc,0.0,0.0,0.000000000014,btc,0.0,0.0,0.0,187
0,[],22,[],2019-04-25 02:54:07,0.0,0,0,7447896,2019-04-25 02:54:07,,7.54794454,0.0,0,,76361.7243344055,0.0,0.0,191
0,[],22,[],2019-05-27 03:38:41,0.0,0,0,7692988,2019-05-27 03:38:41,,0.0,0.0,0,,0.0,0.0,0.0,197
0,[],23,[],2019-01-20 23:31:41,0.0,0,0,6477079,2019-01-20 23:31:41,,0.0,0.0,0,,0.0,0.0,0.0,199
0,[],22,[],2019-05-27 03:38:45,0.0,0,0,7692989,2019-05-27 03:38:45,,10.5548544,0.0,0,,99290037.0,0.0,0.0,199
1,[],26,[],2019-05-27 03:38:45,0.0,0.00000000,0,7692990,2019-05-27 03:38:45,btc,0.0,0.0,0.00000000,btc,0.0,0.0,0.0,199
0,[],2,[],2019-01-20 23:30:49,0.0,0,0,6477059,2019-01-20 23:30:49,,0.0,0.0,0,,0.0,0.0,0.0,201
1,[],4,[],2019-01-25 15:51:35,2084389.58565343,0.00000936,0.000000000333526752,6499557,2019-01-25 15:51:35,btc,2.0092503037378524,0.0,0.00000936,btc,160195.80207885,0.19272417,1.242687955921835,211
1,[],7,[],2019-05-27 03:38:49,21814624.67323099,0.00000036,0.000000000031349736,7692991,2019-05-27 03:38:49,btc,15200499.056235585,1154147.99331,0.00000036,btc,9790072.34057269,0.0,1.4656425745814299,212
1,[],12,[],2019-01-25 02:44:32,207462.42853209,0.000001080000000000000035831255497387193287295303889550268650054931640625,0.000000000038610756000000006,6493050,2019-01-25 02:44:32,btc,85023.03793723314,0.0,0.000001080000000000000035831255497387193287295303889550268650054931640625,btc,43675.73520027,0.000146250909087,0.0348620860622024,213
1,[],5,[],2019-05-27 03:38:51,0.0,0,0,7692992,2019-05-27 03:38:51,btc,0.0,0.08391544,0,btc,0.0,0.0,0.0,213
1,[],24,[],2019-05-27 03:38:51,0.0,0.000000090000,0.000000000007837434,7692993,2019-05-27 03:38:51,btc,0.0,0.0,0.000000090000,btc,0.0,0.0,0.0,213
1,[],26,[],2019-05-27 03:38:51,0.0,0.00000040,0.00000000003483304,7692994,2019-05-27 03:38:51,btc,0.0,0.0,0.00000040,btc,0.0,0.0,0.0,213
0,[],22,[],2019-05-27 03:38:56,0.0,0,0,7692995,2019-05-27 03:38:56,,9.61445386,0.0,0,,3661587.094064925,0.0,0.0,216
0,[],27,[],2019-05-27 03:39:04,0.0,0,0,7692996,2019-05-27 03:39:04,,66.1243904180052,0.0,0,"btc,ltc",396250.40768,0.0,0.0,216
1,[],22,[],2019-05-27 03:39:09,215833.0,0.00000014,0.000000000012191564,7692997,2019-05-27 03:39:09,BTC,12054.76316897,0.0,0.00000014,BTC,425859.796181347,0.00094764,0.00997587,217
1,[],7,[],2019-05-27 03:39:10,0.0,0,0,7692998,2019-05-27 03:39:10,btc,1234863.9748694147,0.0,0,btc,162552363.92083928,0.0,0.0,219
0,[],27,[],2019-05-27 03:39:16,0.0,0,0,7692999,2019-05-27 03:39:16,,0.105466823472,0.0,0,btc,3058319.8967,0.0,0.0,219
0,[],28,[],2019-05-27 03:39:37,0.0,0,0,7693000,2019-05-27 03:39:37,,0.0,37673.0,0,,0.0,0.0,0.0,219
1,[],22,[],2019-05-23 16:41:05,172069.0,0.00000004,0.0000000000031167080000000004,7674065,2019-05-23 16:41:05,BTC,56.76466137,0.0,0.00000004,BTC,127061.6482738741,0.0,0.00393676,221
1,[],24,[],2019-05-23 16:41:05,0.0,0.000000010000,0.0000000000007791770000000001,7674066,2019-05-23 16:41:05,btc,0.0,0.0,0.000000010000,btc,0.0,0.0,0.0,221
1,[],20,[],2019-05-27 03:39:40,5532263.404,0.000000003,0.0000000000002612478,7693001,2019-05-27 03:39:40,btc,100050.73144918322,314259.4938,0.000000003,btc,39832517.8618,0.0011203254876,0.0060760929934,224
0,[],22,[],2019-05-27 03:39:43,0.0,0,0,7693002,2019-05-27 03:39:43,,0.0,0.0,0,,0.0,0.0,0.0,224
1,[],26,[],2019-05-27 03:39:44,0.0,0.00000026,0.000000000022641476,7693003,2019-05-27 03:39:44,btc,0.0,0.0,0.00000026,btc,0.0,0.0,0.0,231
1,[],26,[],2019-05-27 03:39:45,0.0,0.00000006,0.0000000000052249560000000005,7693004,2019-05-27 03:39:45,btc,0.0,0.0,0.00000006,btc,0.0,0.0,0.0,234
0,[],27,[],2019-05-27 03:39:52,0.0,0,0,7693005,2019-05-27 03:39:52,,0.01134836604,0.0,0,"btc,eth",11462.996,0.0,0.0,234
1,[],4,[],2019-05-22 17:06:12,91780.56053785,0.00000078,0.000000000061977552,7669277,2019-05-22 17:06:12,btc,5.573372450018177,0.0,0.00000078,btc,729173.93529783,0.0,0.0307060663355679,236
1,[],24,[],2019-05-22 17:06:12,0.0,0.000000010000,0.000000000000794584,7669278,2019-05-22 17:06:12,btc,0.0,0.0,0.000000010000,btc,0.0,0.0,0.0,236
1,[],5,[],2019-05-27 03:39:53,0.0,0,0,7693006,2019-05-27 03:39:53,btc,0.0,0.1015645,0,btc,0.0,0.0,0.0,237
1,[],20,[],2019-05-27 03:39:57,120465676.3633,0.000000036,0.0000000000031349736,7693007,2019-05-27 03:39:57,btc,58794.1268543436,13532255.3781,0.000000036,btc,42397477.56,0.5881139056997,0.4506458156015,237
1,[],22,[],2019-05-27 03:40:05,363100.0,0.00000003,0.0000000000026124780000000003,7693008,2019-05-27 03:40:05,BTC,1.20267422,0.0,0.00000003,"BTC,LTC",17930.94871794872,0.0,0.009791,237
1,[],4,[],2019-05-27 03:40:06,26461417.78492914,0.00000013,0.000000000011320738,7693009,2019-05-27 03:40:06,btc,3.2946937014242645,0.0,0.00000013,btc,9141761.55856874,0.12424534,0.5156380142629716,238
1,[],5,[],2019-05-27 03:40:07,0.0,0,0,7693010,2019-05-27 03:40:07,btc,0.0,0.00210017,0,btc,0.0,0.0,0.0,238
0,[],22,[],2019-03-12 16:49:32,0.0,0,0,6914458,2019-03-12 16:49:32,,0.40415746,0.0,0,,526736.5639027493,0.0,0.0,249
0,[],22,[],2019-05-27 03:40:12,0.0,0,0,7693011,2019-05-27 03:40:12,,13.44274464,0.0,0,,43667434.3426455,0.0,0.0,252
0,[],28,[],2019-05-27 03:40:27,0.0,0,0,7693012,2019-05-27 03:40:27,,0.0,233119.70020182,0,,0.0,0.0,0.0,256
1,[],22,[],2019-05-27 03:40:33,1051629.0,0.00000001,0.000000000000870826,7693013,2019-05-27 03:40:33,BTC,21.85885958,0.0,0.00000001,BTC,542925.7509808998,1.275e-05,0.01051629,258
1,[],22,[],2019-05-19 18:12:02,400.0,0.00000001,0.0000000000007957800000000001,7653905,2019-05-19 18:12:02,BTC,2.415167,0.0,0.00000001,BTC,157.0,0.0,4e-06,259
1,[],5,[],2019-05-27 03:40:36,0.0,0,0,7693014,2019-05-27 03:40:36,btc,0.0,0.01123981,0,btc,0.0,0.0,0.0,264
1,[],20,[],2019-05-27 03:40:38,898296.6681,0.000000139,0.000000000012104481400000001,7693015,2019-05-27 03:40:38,btc,0.9807010419301,0.0,0.000000139,btc,52357.7448,0.0,0.0065427218476,264
0,[],22,[],2019-04-12 17:57:27,0.0,0,0,7278186,2019-04-12 17:57:27,,66.37522201,0.0,0,,677842.4169881374,0.0,0.0,271
0,[],22,[],2019-05-27 03:40:41,0.0,0,0,7693016,2019-05-27 03:40:41,,33050470.74998113,0.0,0,,14361377780.7,0.0,0.0,272
0,[],28,[],2019-05-27 03:40:59,0.0,0,0,7693017,2019-05-27 03:40:59,,0.0,7462563160.36,0,,0.0,0.0,0.0,272
1,[],22,[],2019-05-23 07:12:29,219930.0,0.00000004,0.000000000003048688,7671985,2019-05-23 07:12:29,BTC,426.77835217,0.0,0.00000004,BTC,248664.3325962929,0.0,0.00739728,281
1,[],22,[],2019-05-27 03:41:05,588845.2666666667,0.00000008,0.000000000006966608,7693018,2019-05-27 03:41:05,BTC,31.61864878,0.0,0.00000008,"BTC,LTC",1062769.857672661,0.0075624900000370145,0.02345985,286
0,[],22,[],2019-05-27 03:41:07,0.0,0,0,7693019,2019-05-27 03:41:07,,7337903.84179816,0.0,0,,1885064562.6797826,0.0,0.0,294
