pairValue,buyBook,exchangeId,sellBook,updated,buyTotal,satoshiPrice,usdPrice,exchangeLogId,created,bestPair,sellTotalBtc,volume,pairPrice,activePairs,sellTotal,volumeBtc,buyTotalBtc,coinId
1,[],3,[],2019-08-13 18:50:22,31391.217518819503,0.00793754999999999981408205229627128574065864086151123046875,0.000000866919367125,7894405,2019-08-13 18:50:22,btc,11.167986865194289,46.1385257369,0.00793754999999999981408205229627128574065864086151123046875,btc,34.121687369011,0.0,0.23556833173942962,1
1,[],4,[],2019-08-13 18:50:23,25454.14369406,0.00778000,0.00000084971215,7894406,2019-08-13 18:50:23,btc,9.577523165315922,0.0,0.00778000,btc,563.45181619,1.01303354,0.6577616747501581,1
1,[],12,[],2019-08-13 18:50:28,100.8613423,0.00783999999999999974686915038546430878341197967529296875,0.0000008562652,7894407,2019-08-13 18:50:28,btc,0.3055287936342,0.0,0.00783999999999999974686915038546430878341197967529296875,btc,29.71639875,0.971690401018,0.1873875433703,1
1,[],10,[],2019-07-13 08:58:05,251434.9725798,0.00271069,0.00000031407274150500003,7812232,2019-07-13 08:58:05,btc,6515.317158446701,1686.04548878,0.00271069,btc,2002.66956917,0.0,1.2639712180673435,1
1,[],20,[],2019-08-13 18:50:30,932.3456,0.00800003,0.000000873743276525,7894408,2019-08-13 18:50:30,btc,0.2225911049594,0.4271,0.00800003,btc,18.6379,0.003577057506,0.128530812216,1
1,[],21,[],2019-08-13 18:50:32,2045.2556904,0.007870910000000000059094951155,0.000000859641112925,7894409,2019-08-13 18:50:32,btc,9.431567377961775,1205.6659309,0.00787091000000000005909495115474783233366906642913818359375,"btc,eth",1722.12168953,9.11304204477593,12.983121170035641,1
1,[],22,[],2019-08-13 18:50:35,0.5199,0.00600000,0.000000655305,7894410,2019-08-13 18:50:35,BTC,0.01699254,0.0,0.00600000,BTC,0.2826888148077546,0.0,0.00302189,1
1,[],24,[],2019-08-13 18:50:36,0.0,0.000000000000,0,7894411,2019-08-13 18:50:36,btc,0.0,0.0,0.000000000000,btc,0.0,0.0,0.0,1
0.0,[],25,[],2019-08-13 18:50:37,0.0,0,0,7894412,2019-08-13 18:50:37,btc,11.67709999935542,5204.94396037,0.0,btc,1412.16173182,41.99,0.0,1
1,[],26,[],2019-08-13 18:50:41,0.0,0,0,7894413,2019-08-13 18:50:41,,0.0,0.0,0,,0.0,0.0,0.0,1
0,[],28,[],2019-08-13 18:54:56,0.0,0,0,7894414,2019-08-13 18:54:56,,0.0,2630.002,0,,0.0,0.0,0.0,1
1,[],5,[],2019-07-06 00:27:44,0.0,0,0,7800775,2019-07-06 00:27:44,btc,0.0,0.00190933,0,btc,0.0,0.0,0.0,1
0,[],2,[],2019-01-20 23:28:45,0.0,0,0,6477011,2019-01-20 23:28:45,,0.0,0.0,0,,0.0,0.0,0.0,1
0,[],22,[],2019-08-13 18:54:59,0.0,0,0,7894415,2019-08-13 18:54:59,,0.0,0.0,0,,0.0,0.0,0.0,2
1,[],5,[],2019-07-06 00:28:14,0.0,0,0,7800785,2019-07-06 00:28:14,btc,0.0,0.00208797,0,btc,0.0,0.0,0.0,2
1,[],5,[],2019-06-03 14:48:58,0.0,0,0,7731126,2019-06-03 14:48:58,btc,0.0,0.05905545,0,btc,0.0,0.0,0.0,3
1,[],12,[],2019-08-13 17:25:04,4632818.94540633,0.000000061,0.0000000000066360924000000004,7894259,2019-08-13 17:25:04,btc,42974.56150254562,0.0,0.000000061,btc,9397625.94546945,0.045168638127,0.18004979431303866,3
0,[],28,[],2019-08-13 17:25:06,0.0,0,0,7894260,2019-08-13 17:25:06,,0.0,0.0,0,,0.0,0.0,0.0,3
0,[],2,[],2019-01-20 23:31:32,0.0,0,0,6477077,2019-01-20 23:31:32,,0.0,0.0,0,,0.0,0.0,0.0,4
1,[],4,[],2019-07-23 19:39:19,5194762.69889617,0.00000005,0.00000000000508272,7830176,2019-07-23 19:39:19,btc,51.370046856622295,0.0,0.00000005,btc,1310172.08039262,0.0,0.0608782288383904,4
0,[],2,[],2019-01-20 23:31:51,0.0,0,0,6477087,2019-01-20 23:31:51,,0.0,0.0,0,,0.0,0.0,0.0,6
1,[],11,[],2019-08-12 15:08:45,87302.0,0.00000001,0.000000000001135941,7891621,2019-08-12 15:08:45,btc,9583.469746979361,4910218.0,0.00000001,btc,78273068.50750598,0.0,0.0008730200000000001,6
1,[],3,[],2019-08-13 18:54:59,11615.031584970893,0.00006035999999999999807327732970207989637856371700763702392578125,0.0000000065923682999999995,7894416,2019-08-13 18:54:59,btc,2027.9075854650778,0.0,0.00006035999999999999807327732970207989637856371700763702392578125,btc,563.784059619976,0.0,0.025707884918210563,7
1,[],4,[],2019-08-13 18:55:00,62781.45957695,0.00008490,0.00000000927256575,7894417,2019-08-13 18:55:00,btc,13.656961401148747,0.0,0.00008490,btc,81509.43397547,0.37097805,2.4895469286072074,7
1,[],5,[],2019-07-06 00:28:21,0.0,0,0,7800789,2019-07-06 00:28:21,btc,0.0,0.38662001,0,btc,0.0,0.0,0.0,7
1,[],5,[],2019-07-05 17:50:59,0.0,0,0,7799863,2019-07-05 17:50:59,btc,0.0,0.04857279,0,btc,0.0,0.0,0.0,12
0,[],2,[],2019-01-20 23:23:08,0.0,0,0,6476890,2019-01-20 23:23:08,,0.0,0.0,0,,0.0,0.0,0.0,12
1,[],4,[],2019-08-13 18:55:01,24935995.27330291,0.00000024,0.0000000000262122,7894418,2019-08-13 18:55:01,btc,5.565328369389587,0.0,0.00000024,btc,9181361.26820292,0.15105738,1.9664139188505598,12
0.0,[],25,[],2019-08-13 18:55:04,0.0,0,0,7894419,2019-08-13 18:55:04,,0.0,0.0,0.0,btc,0.0,0.0,0.0,12
1,[],4,[],2019-08-13 18:55:05,742480.02125965,0.00000153,0.000000000167102775,7894420,2019-08-13 18:55:05,btc,3.654374765812234,0.0,0.00000153,btc,894101.11383766,0.06262005,0.3406447492370614,13
1,[],10,[],2019-08-13 18:55:07,679110.1418847,0.00000154,0.00000000016819495000000002,7894421,2019-08-13 18:55:07,btc,666797.2202142078,11735.5141498,0.00000154,btc,1006291.21032098,0.0,0.1309666491122361,13
1,[],21,[],2019-08-13 18:55:09,7641789.53962342,0.000001570000000000000003069918451,0.000000000171471475,7894422,2019-08-13 18:55:09,btc,3.7125843746557985,230466.69277527,0.000001570000000000000003069918451392705804892102605663239955902099609375,btc,1510915.80184877,0.36225167,3.234027286919006,13
1,[],4,[],2019-08-13 18:55:10,1246092.90372028,0.00000075,0.000000000081913125,7894423,2019-08-13 18:55:10,btc,2.891112832978463,0.0,0.00000075,btc,844531.94533603,0.09310038,0.1836647228228442,14
1,[],12,[],2019-08-13 18:55:11,274426.52887297,0.00000081,0.000000000088466175,7894424,2019-08-13 18:55:11,btc,651.9841782024587,0.0,0.00000081,btc,32470.28919967,0.002106230348,0.0410425699999772,14
1,[],26,[],2019-08-13 18:57:12,0.0,0,0,7894425,2019-08-13 18:57:12,,0.0,0.0,0,,0.0,0.0,0.0,14
0,[],17,[],2019-05-03 00:53:32,0.0,0,0,7558876,2019-05-03 00:53:32,btc,0.0,0.0,0,btc,0.0,0.0,0.0,14
0,[],4,[],2019-08-13 18:57:13,0.0,0,0,7894426,2019-08-13 18:57:13,,0.0,0.0,0,,0.0,0.0,0.0,15
,[],12,[],2018-12-01 15:15:48,204241.84496,0.00000489,0.000000000202473384,5260204,2018-12-01 15:15:48,btc,49.5475654835,0.0,,btc,35763.2193806,0.0163153972027625,0.0203389899998,15
0,[],2,[],2019-01-20 23:23:38,0.0,0,0,6476906,2019-01-20 23:23:38,,0.0,0.0,0,,0.0,0.0,0.0,18
1,[],4,[],2019-08-13 18:57:14,35912.28888665,0.00000703,0.000000000767799025,7894427,2019-08-13 18:57:14,btc,2.4804228342345076,0.0,0.00000703,btc,29697.00484456,0.01245354,0.0516032012666482,18
1,[],10,[],2019-08-13 18:57:16,409533.47882265,0.00000671,0.000000000732849425,7894428,2019-08-13 18:57:16,btc,15.239968147333375,3268.95790384,0.00000671,btc,27228.7226369,0.0,0.2751655417335957,18
1,[],12,[],2019-08-13 18:57:18,4372.19178285,0.0000070099999999999997992512941469289700080480542965233325958251953125,0.0000000007656146749999999,7894429,2019-08-13 18:57:18,btc,0.5687742242704856,0.0,0.0000070099999999999997992512941469289700080480542965233325958251953125,btc,2224.70349759,0.000700454705,0.0083818126124334,18
0,[],17,[],2019-05-03 00:53:39,0.0,0,0,7558882,2019-05-03 00:53:39,btc,0.0,0.0,0,btc,0.0,0.0,0.0,18
1,[],3,[],2019-08-13 18:21:57,215628.93281428557,0.000005499999999999999856993733449161965154416975565254688262939453125,0.0000000005981008,7894373,2019-08-13 18:21:57,btc,190.83447415643042,649.99640678,0.000005499999999999999856993733449161965154416975565254688262939453125,btc,51203.724183782084,0.0,0.35909330648059024,19
1,[],4,[],2019-08-13 18:21:58,621142.34076297,0.00000579,0.0000000006296370239999999,7894374,2019-08-13 18:21:58,btc,3.4011263645566365,0.0,0.00000579,btc,263997.42605744,0.19451265,1.8501239779316614,19
1,[],12,[],2019-08-13 18:21:59,128404.95224346,0.00000778000000000000005028095995118775363152963109314441680908203125,0.0000000008460407679999999,7894375,2019-08-13 18:21:59,btc,0.9339069191248165,0.0,0.00000778000000000000005028095995118775363152963109314441680908203125,btc,2900.77160987,0.00026703887,0.016106321790508,19
0,[],27,[],2019-08-12 16:48:42,0.0,0,0,7891818,2019-08-12 16:48:42,,0.0,0.0,0,btc,0.0,0.0,0.0,19
0,[],2,[],2019-01-20 23:24:19,0.0,0,0,6476924,2019-01-20 23:24:19,,0.0,0.0,0,,0.0,0.0,0.0,19
1,[],5,[],2019-07-06 02:01:19,0.0,0,0,7800799,2019-07-06 02:01:19,btc,0.0,0.0,0,btc,0.0,0.0,0.0,19
1,[],4,[],2019-08-13 18:22:00,10293947.74977137,0.00000008,0.000000000008699648,7894376,2019-08-13 18:22:00,btc,4.978334794245483,0.0,0.00000008,btc,2230285.57095188,0.0,0.1204662294625621,20
0,[],4,[],2019-08-13 18:22:01,0.0,0,0,7894377,2019-08-13 18:22:01,,34090.87000100446,0.0,0,,172324125.37814376,0.0,0.0,21
0,[],12,[],2019-08-13 18:22:02,0.0,0,0,7894378,2019-08-13 18:22:02,btc,2617.9706822606195,0.0,0,btc,8593252.86013984,1.788212e-06,0.0,21
0,[],17,[],2019-05-03 00:53:51,0.0,0,0,7558891,2019-05-03 00:53:51,btc,0.0,0.0,0,btc,0.0,0.0,0.0,21
0.0000000002204393,[],27,[],2019-07-29 17:24:02,79794022.5,8.5971327e-17,8.21370058158e-21,7852364,2019-07-29 17:24:02,eth,1253.5830452782222,787155.0,0.00000039,eth,2317982.66147653,6.7672759904685e-11,2.1948587434632156e-09,23
1,[],12,[],2019-08-13 18:24:04,4473602160.232668,0.000000003,0.0000000000003262368,7894379,2019-08-13 18:24:04,btc,168400687771.8353,0.0,0.000000003,btc,1693547165.8790781,1.483281654199,3.412719912866469,23
1,[],4,[],2019-08-13 18:24:04,6066045.57491241,0.00000042,0.000000000045673152,7894380,2019-08-13 18:24:04,btc,9.816667025025025,0.0,0.00000042,btc,2165795.99337617,0.01419397,0.1950730356662969,24
0,[],22,[],2019-08-13 18:24:06,0.0,0,0,7894381,2019-08-13 18:24:06,,0.0,0.0,0,,0.0,0.0,0.0,24
0.0,[],25,[],2019-08-13 18:24:08,0.0,0,0,7894382,2019-08-13 18:24:08,,0.0,0.0,0.0,btc,0.0,0.0,0.0,24
1,[],4,[],2019-08-13 18:24:09,26957367.32266161,0.00000355,0.00000000038604688,7894383,2019-08-13 18:24:09,btc,107.35340683549418,0.0,0.00000355,btc,1057985.4067146,0.05437602,0.4420754439895785,26
1,[],10,[],2019-08-13 18:24:11,233497.67399898,0.00000362,0.000000000393659072,7894384,2019-08-13 18:24:11,btc,25.76490046315329,7080.91994633,0.00000362,btc,18517.81486851,0.0,0.0541287661686593,26
0,[],2,[],2019-01-20 23:25:56,0.0,0,0,6476976,2019-01-20 23:25:56,,0.0,0.0,0,,0.0,0.0,0.0,26
0.0000000000778268,[],4,[],2019-08-13 18:24:12,797440922.9632794,5.5257028e-17,6.0089586640768004e-21,7894385,2019-08-13 18:24:12,ltc,12.341418543348803,0.0,0.00000071,ltc,1001638005.3559129,0.00088277,6.2052665900315254e-09,29
1,[],7,[],2019-08-13 18:24:13,0.0,0,0,7894386,2019-08-13 18:24:13,btc,1236881.0048440725,0.0,0,btc,60353678.72853072,0.0,0.0,29
1,[],4,[],2019-08-13 18:24:14,15073455.01061312,0.00000009,0.000000000009787104,7894387,2019-08-13 18:24:14,btc,2.624562505591529,0.0,0.00000009,btc,2023839.91412313,0.00218468,0.1744812910797232,30
0,[],17,[],2019-05-03 01:11:25,0.0,0,0,7559066,2019-05-03 01:11:25,btc,0.0,0.0,0,btc,0.0,0.0,0.0,30
1,[],4,[],2019-08-13 18:26:14,202088.98501763,0.00002736,0.000000002975279616,7894388,2019-08-13 18:26:14,btc,2.290082641211805,0.0,0.00002736,btc,48784.82869896,0.14584714,0.4440845436438936,31
1,[],21,[],2019-08-13 18:26:15,1051170.50411275,0.00002837999999999999932985030038,0.000000003086200128,7894389,2019-08-13 18:26:15,btc,4.427410600162039,13415.50300774,0.00002837999999999999932985030037801976732225739397108554840087890625,btc,113018.39012898,0.38568632,2.086121801734263,31
0,[],2,[],2019-01-20 23:28:43,0.0,0,0,6477009,2019-01-20 23:28:43,,0.0,0.0,0,,0.0,0.0,0.0,32
0,[],4,[],2019-08-13 17:58:15,0.0,0,0,7894302,2019-08-13 17:58:15,,0.0,0.0,0,,0.0,0.0,0.0,33
1,[],12,[],2019-03-30 07:55:10,40641173.964,0.00000003,0.000000000001228359,7108785,2019-03-30 07:55:10,btc,4233210.82356125,0.0,0.00000003,btc,28378394.68333462,0.0126927883965248,0.90752895892,33
0.0000000000777321,[],4,[],2019-08-13 17:58:17,39278932.0502817,3.1870161000000004e-17,3.4729201273149005e-21,7894303,2019-08-13 17:58:17,ltc,6.024599333830733,0.0,0.00000041,ltc,160134161.79662797,0.0,2.6716720067456797e-10,34
1,[],5,[],2019-07-06 02:03:46,0.0,0,0,7800811,2019-07-06 02:03:46,btc,0.0,0.0,0,btc,0.0,0.0,0.0,34
1,[],27,[],2019-08-12 16:26:17,6255.0,0.00000019,0.000000000021630303,7891745,2019-08-12 16:26:17,btc,22.61101824371233,0.0,0.00000019,btc,4198.924835,0.0,0.00091445,37
1,[],4,[],2019-08-13 18:26:16,11000476.50333986,0.00000015,0.00000000001631184,7894390,2019-08-13 18:26:16,btc,19777.380996918444,0.0,0.00000015,btc,2422747.27858845,0.00609158,0.1977738157720402,37
1,[],12,[],2019-08-13 18:26:17,8735562.22976922,0.00000015,0.00000000001631184,7894391,2019-08-13 18:26:17,btc,1718.2396561847531,0.0,0.00000015,btc,2048247.45569597,0.008975352217,0.2931216798499988,37
1,[],17,[],2019-05-03 01:11:36,211752.74075282,0.00000025,0.000000000013700074999999998,7559074,2019-05-03 01:11:36,btc,0.055484923955058496,0.0,0.00000025,"btc,eth",1387.19918473,0.0,0.0005381851887916605,37
0,[],27,[],2019-08-12 16:26:27,0.0,0,0,7891747,2019-08-12 16:26:27,,0.001005,0.0,0,"btc,eth",3.0,0.0,0.0,42
1,[],12,[],2019-08-13 18:28:19,220563.41848674,0.000001230000000000000081983031474663903281907550990581512451171875,0.000000000133757088,7894392,2019-08-13 18:28:19,btc,559.2148528505315,0.0,0.000001230000000000000081983031474663903281907550990581512451171875,btc,169294.34268838,0.017469783398,0.059750715165958895,42
1,[],5,[],2019-07-06 02:03:47,0.0,0,0,7800812,2019-07-06 02:03:47,btc,0.0,0.14382058,0,btc,0.0,0.0,0.0,42
1,[],12,[],2019-03-13 09:13:29,1112112.0,0.00000001,0.000000000000386531,6919902,2019-03-13 09:13:29,btc,29058.00478931866,0.0,0.00000001,btc,5967681.93306694,9.99000999e-07,0.01112112,43
1,[],5,[],2019-04-26 22:38:52,0.0,0,0,7474154,2019-04-26 22:38:52,btc,0.0,0.02638891,0,btc,0.0,0.0,0.0,43
0,[],17,[],2019-04-26 22:38:53,0.0,0,0,7474155,2019-04-26 22:38:53,btc,0.0,0.0,0,btc,0.0,0.0,0.0,43
0.0000000000778268,[],4,[],2019-08-13 18:28:20,107288553.96058366,4.4361276e-17,4.8240935753856e-21,7894393,2019-08-13 18:28:20,ltc,2096.280440127429,0.0,0.00000057,ltc,24832305.31121768,0.0,4.1610716926984274e-10,49
0.0000000000761789,[],4,[],2019-08-12 15:19:45,92949563.32000165,1.9044725e-17,2.1633683961225003e-21,7891657,2019-08-12 15:19:45,ltc,31227.10836365824,0.0,0.00000025,ltc,232133860.71048552,0.0,4.884581044515765e-10,52
0,[],27,[],2019-08-12 16:26:37,0.0,0,0,7891750,2019-08-12 16:26:37,,0.0,0.0,0,"btc,eth",0.0,0.0,0.0,57
0,[],22,[],2019-08-13 18:28:22,0.0,0,0,7894394,2019-08-13 18:28:22,,10290.02779686,0.0,0,,282696231.3316013,0.0,0.0,57
0.0000000000778268,[],4,[],2019-08-13 18:28:23,506618302.712,7.782680000000001e-19,8.46332206208e-23,7894395,2019-08-13 18:28:23,ltc,19.78768441781979,0.0,0.00000001,ltc,5452343539.19347,0.0,3.9428481321506284e-10,58
1,[],12,[],2019-08-13 18:28:24,1696674214.2145119,0.0000000001,0.00000000000001087456,7894396,2019-08-13 18:28:24,btc,52808470.61020772,0.0,0.0000000001,btc,4676335998.437598,0.003317412502,0.1696674214214512,58
0.00000000007858630000000001,[],22,[],2019-08-13 18:30:27,126877.0,7.8586300000000005e-19,8.54591434528e-23,7894397,2019-08-13 18:30:27,XMR,68.17454206,0.0,0.00000001,XMR,9626402.6,0.0,0.00126877,58
1,[],17,[],2019-05-03 01:12:09,1200000.0,0.0000000001,0.00000000000000548003,7559085,2019-05-03 01:12:09,btc,1e+24,0.0,0.0000000001,"btc,eth",39516342.31952568,0.0,0.00010000000058666061,58
1,[],22,[],2019-08-13 18:30:35,336.0,0.00000001,0.000000000001087456,7894398,2019-08-13 18:30:35,BTC,1000.95210512,0.0,0.00000001,BTC,9262.814066014545,2.29e-06,3.36e-06,61
1,[],26,[],2019-08-13 18:30:35,0.0,0,0,7894399,2019-08-13 18:30:35,,0.0,0.0,0,,0.0,0.0,0.0,61
1,[],28,[],2019-08-13 18:30:37,40000.0,0.00000004,0.000000000004349824,7894400,2019-08-13 18:30:37,btc,0.242343945415105,441.0,0.00000004,btc,8016.46650005,0.0,0.001,61
0,[],27,[],2019-07-29 19:34:56,0.0,0,0,7852673,2019-07-29 19:34:56,,1.97314195,0.0,0,"btc,eth",10936.9,0.0,0.0,61
1,[],5,[],2019-06-17 14:31:27,0.0,0,0,7740135,2019-06-17 14:31:27,btc,0.0,0.00079154,0,btc,0.0,0.0,0.0,61
1,[],4,[],2019-08-13 16:58:35,1883114.45433125,0.00000085,0.00000000009277520499999999,7894193,2019-08-13 16:58:35,btc,3.3470068670635973,0.0,0.00000085,btc,1246084.71186987,0.12608114,0.885388009837053,67
0.0,[],25,[],2019-08-13 16:58:40,0.0,0,0,7894194,2019-08-13 16:58:40,,0.0,0.0,0.0,btc,0.0,0.0,0.0,67
1,[],12,[],2019-06-02 06:23:14,910048.355,0.00000006,0.000000000005154929999999999,7725270,2019-06-02 06:23:14,btc,5.167005424215783,0.0,0.00000006,btc,738530.60239759,0.003159757462,0.0187188113,71
,[],5,[],2018-11-20 23:02:39,1.5e-07,0.00000005,0.000000000002128045,4862160,2018-11-20 23:02:39,btc,2.84511358,0.0,,btc,0.00036572,0.0,0.07381892,74
1,[],5,[],2019-07-06 00:15:01,0.0,0,0,7800749,2019-07-06 00:15:01,btc,0.0,0.01883861,0,btc,0.0,0.0,0.0,75
1,[],4,[],2019-08-13 18:30:39,199742.77900909,0.00005947,0.000000006467100832,7894401,2019-08-13 18:30:39,btc,58.4717536095888,0.0,0.00005947,btc,134390.70510296,1.13048246,0.4172206049894935,82
1,[],21,[],2019-08-13 18:30:39,806484.3258744,0.00005684999999999999949207296623,0.0000000061821873599999995,7894402,2019-08-13 18:30:39,btc,5.854532234609531,6241.56702815,0.00005684999999999999949207296623399088275618851184844970703125,btc,77937.06700348,0.36562858,1.1318911812531112,82
0,[],4,[],2019-07-23 20:51:52,0.0,0,0,7830376,2019-07-23 20:51:52,,1.6413985531662756,0.0,0,,620289065.5915176,0.0,0.0,85
,[],22,[],2018-11-20 23:09:34,3408.1,0.0000001,0.0000000000041895,4862324,2018-11-20 23:09:34,BTC,0.04624735,0.0,,BTC,4990.0,0.0,0.00033081,86
1,[],22,[],2019-08-06 12:06:30,210163.0,0.00000002,0.000000000002344396,7875447,2019-08-06 12:06:30,BTC,1.9024205,0.0,0.00000002,BTC,849320.347368421,0.0,0.00220268,87
1,[],27,[],2019-08-06 12:06:36,100155.0,0.00000003,0.000000000003516594,7875448,2019-08-06 12:06:36,btc,7.177196150774,345.0,0.00000003,btc,287406.89336,1.035e-05,0.00300465,87
,[],2,[],2018-11-20 23:10:47,0.0,0,0,4862359,2018-11-20 23:10:47,,0.0,0.0,,,0.0,0.0,0.0,88
0,[],2,[],2019-01-20 23:31:45,0.0,0,0,6477083,2019-01-20 23:31:45,,0.0,0.0,0,,0.0,0.0,0.0,91
1,[],12,[],2019-07-29 19:37:20,363887.60323923,0.0000004,0.0000000000380056,7852681,2019-07-29 19:37:20,btc,434.49795557380435,0.0,0.0000004,btc,256704.51785259,0.005208319156,0.022326455808262,91
1,[],22,[],2019-07-29 19:39:29,50200.0,0.00000002,0.00000000000190028,7852682,2019-07-29 19:39:29,BTC,1.05335,0.0,0.00000002,"BTC,LTC",1839.95,1.836e-05,0.001804,91
0,[],17,[],2019-05-03 01:12:26,0.0,0,0,7559096,2019-05-03 01:12:26,btc,0.0,0.0,0,btc,0.0,0.0,0.0,91
0.0000000000778268,[],4,[],2019-08-13 18:30:40,555138820.6502569,1.167402e-17,1.269498309312e-21,7894403,2019-08-13 18:30:40,ltc,11.470885563188974,0.0,0.00000015,ltc,200294411.58821368,0.0,6.230893806126393e-10,96
0,[],12,[],2019-08-13 18:30:41,0.0,0,0,7894404,2019-08-13 18:30:41,btc,47.489492395634365,0.0,0,btc,13200201.563436551,0.0,0.0,96
0,[],17,[],2019-05-03 01:12:32,0.0,0,0,7559100,2019-05-03 01:12:32,btc,0.0,0.0,0,btc,0.0,0.0,0.0,96
1,[],4,[],2019-08-13 18:04:57,146331.88989568,0.00001512,0.000000001647640008,7894319,2019-08-13 18:04:57,btc,8.418383006527623,0.0,0.00001512,btc,180987.91926993,0.92538578,0.7015940654485404,100
0,[],2,[],2019-01-20 23:23:55,0.0,0,0,6476914,2019-01-20 23:23:55,,0.0,0.0,0,,0.0,0.0,0.0,100
1,[],22,[],2019-08-13 18:05:01,146000.0,0.00000002,0.000000000002179418,7894320,2019-08-13 18:05:01,BTC,26.50623849,0.0,0.00000002,BTC,10383.92,0.0,0.00162,101
1,[],27,[],2019-08-12 16:30:59,2050161.9,0.00000005,0.0000000000056921850000000005,7891762,2019-08-12 16:30:59,btc,261.32824567561846,0.0,0.00000005,btc,285690.80442935,0.0,0.060251537,105
1,[],12,[],2019-08-12 17:29:15,82119504.0,0.000000003,0.0000000000003422832,7891868,2019-08-12 17:29:15,btc,342090.02371141105,0.0,0.000000003,btc,116064332.02353828,0.003174081412,0.11150923900000001,105
0,[],22,[],2019-08-13 18:05:06,0.0,0,0,7894321,2019-08-13 18:05:06,,6.79500102,0.0,0,,3375892.0833333335,0.0,0.0,112
1,[],27,[],2019-08-12 16:31:06,1.0,0.00000001,0.000000000001138437,7891764,2019-08-12 16:31:06,btc,0.0,0.0,0.00000001,"btc,eth",0.0,0.0,1e-08,112
1,[],5,[],2019-07-06 00:19:31,0.0,0,0,7800761,2019-07-06 00:19:31,btc,0.0,0.0,0,btc,0.0,0.0,0.0,112
1,[],4,[],2019-08-13 18:05:06,634018.67398638,0.00000081,0.00000000008826642900000001,7894322,2019-08-13 18:05:06,btc,7.131615617746235,0.0,0.00000081,btc,1560017.83276919,0.07295117,0.2569383836573704,113
1,[],5,[],2019-07-06 00:19:43,0.0,0,0,7800765,2019-07-06 00:19:43,btc,0.0,0.0,0,btc,0.0,0.0,0.0,113
1,[],17,[],2019-04-26 02:17:47,162738.278,0.00000004,0.0000000000021069000000000002,7461287,2019-04-26 02:17:47,btc,1.3331140273775473,0.0,0.00000004,btc,51796.221,0.0,0.00230953112,116
1,[],27,[],2019-08-02 18:48:59,95525.16595526,0.00000001,0.000000000001045936,7866367,2019-08-02 18:48:59,btc,3918.96487209,0.0,0.00000001,btc,88497.69,0.0,0.0009552516595526,116
1,[],4,[],2019-07-18 16:30:54,1315571.55655546,0.00000231,0.000000000240609138,7830151,2019-07-18 16:30:54,btc,97.45214423295644,0.0,0.00000231,btc,453338.25653217,0.02253203,0.1939949889478389,120
1,[],7,[],2019-07-18 16:30:55,3748.91566159,0.0000075000000000000001900064307280846520598061033524572849273681640625,0.0000000007811985,7830152,2019-07-18 16:30:55,btc,231231.56046533308,193.90926286,0.0000075000000000000001900064307280846520598061033524572849273681640625,btc,4437.92755754,0.00147798,0.008882383768671,120
1,[],4,[],2019-08-13 18:07:07,945137.34902722,0.00000274,0.000000000298580266,7894323,2019-08-13 18:07:07,btc,2.5852615279166473,0.0,0.00000274,btc,352063.22986648,0.04737454,0.2330456022790308,131
0,[],2,[],2019-01-20 23:25:46,0.0,0,0,6476969,2019-01-20 23:25:46,,0.0,0.0,0,,0.0,0.0,0.0,131
1,[],17,[],2019-05-03 01:13:10,10000.0,0.00000001,0.000000000000548003,7559115,2019-05-03 01:13:10,btc,0.0953976503951408,0.0,0.00000001,btc,5037.62507334,0.0,0.0001,131
1,[],4,[],2019-08-13 18:09:08,8611.1318585,0.00005308,0.000000005784175372,7894324,2019-08-13 18:09:08,btc,0.2921744698828334,0.0,0.00005308,btc,234.13941042,0.0,0.0060528213607867,135
1,[],3,[],2019-07-13 16:51:20,187.26592867,0.00000001,0.000000000001140965,7813490,2019-07-13 16:51:20,btc,419.77407087449336,1935513.62324,0.00000001,btc,3179086.72005867,0.0,1.8726592866999999e-06,136
1,[],4,[],2019-08-13 18:09:09,836581.75854243,0.00000403,0.000000000439152727,7894325,2019-08-13 18:09:09,btc,23.539091590823816,0.0,0.00000403,btc,493673.78946152,0.08937128,1.800770434592158,137
1,[],12,[],2019-08-13 18:09:10,212607.36978137,0.00000357000000000000012432437891674030794320060522295534610748291015625,0.000000000389026113,7894326,2019-08-13 18:09:10,btc,39.90096812591998,0.0,0.00000357000000000000012432437891674030794320060522295534610748291015625,btc,56396.72251985,0.006852161756,0.0334292599998584,137
1,[],4,[],2019-08-13 18:09:11,1329375.25484426,0.00004152,0.0000000045244717680000005,7894327,2019-08-13 18:09:11,btc,144.07198897815846,0.0,0.00004152,btc,127926.60926251,0.85964172,2.954518203530752,142
1,[],20,[],2019-08-13 18:11:13,110265.1084,0.000035625,0.0000000038820883125,7894328,2019-08-13 18:11:13,btc,1.2799277339159,0.0,0.000035625,btc,3125.4606,0.0,0.0205719239085,142
1,[],22,[],2019-08-13 18:11:17,10619.88,0.00000200,0.0000000002179418,7894329,2019-08-13 18:11:17,BTC,1.55898515,0.0,0.00000200,BTC,835.8398331062671,0.0,0.00416696,142
0.0,[],25,[],2019-08-13 18:11:19,0.0,0,0,7894330,2019-08-13 18:11:19,,0.0,0.0,0.0,btc,0.0,0.0,0.0,142
1,[],28,[],2019-08-13 18:11:35,10093636.0,0.000035010000,0.000000003815071209,7894331,2019-08-13 18:11:35,btc,0.51474502,2633.0,0.000035010000,btc,2808.485,0.0,1.39650526,142
1,[],17,[],2019-05-03 01:13:16,32967.38636364,0.00000088,0.000000000048224264,7559122,2019-05-03 01:13:16,btc,20.06976206696776,0.0,0.00000088,btc,2746.079105,0.0,0.0105613000000032,142
1,[],5,[],2019-07-06 02:06:10,0.0,0,0,7800822,2019-07-06 02:06:10,btc,0.0,0.00140707,0,btc,0.0,0.0,0.0,142
0,[],22,[],2019-08-13 18:11:38,0.0,0,0,7894332,2019-08-13 18:11:38,,68.14027224,0.0,0,,718000153.5744588,0.0,0.0,143
0,[],22,[],2019-02-25 15:42:22,0.0,0,0,6783783,2019-02-25 15:42:22,,4.2131946,0.0,0,,2322156.0,0.0,0.0,146
,[],22,[],2018-11-20 23:01:11,0.0,0,0,4862114,2018-11-20 23:01:11,,2.56807021,0.0,,,61828.4988236,0.0,0.0,147
1,[],12,[],2019-04-21 06:38:04,193091.5971266,0.00000071,0.000000000037635183,7388679,2019-04-21 06:38:04,btc,2.301232411611175,0.0,0.00000071,btc,9957.48302385,0.00023528,0.0313308199999888,148
1,[],5,[],2019-04-26 09:36:59,0.0,0,0,7465040,2019-04-26 09:36:59,btc,0.0,0.0,0,btc,0.0,0.0,0.0,153
0,[],22,[],2019-08-13 18:11:43,0.0,0,0,7894333,2019-08-13 18:11:43,,6.78813965,0.0,0,,4560228.592592592,0.0,0.0,156
0,[],23,[],2019-01-20 23:24:29,0.0,0,0,6476932,2019-01-20 23:24:29,,0.0,0.0,0,,0.0,0.0,0.0,156
1,[],22,[],2019-08-03 17:00:24,6996.0,0.00000001,0.000000000001078598,7868327,2019-08-03 17:00:24,BTC,1.7543039,0.0,0.00000001,BTC,57.0,0.0,6.996e-05,157
0,[],22,[],2019-07-23 20:07:56,0.0,0,0,7830260,2019-07-23 20:07:56,,50234.60468402,0.0,0,,54786159.03179465,0.0,0.0,158
,[],17,[],2018-11-20 22:56:10,0.0,0,0,4861976,2018-11-20 22:56:10,btc,1.1265625,0.0,,btc,1000.0,0.0,0.0,159
,[],20,[],2018-11-20 22:56:12,0.0,0,0,4861977,2018-11-20 22:56:12,btc,11912.7940471,0.0,,btc,34413894.3617,0.0,0.0,159
1,[],22,[],2019-08-13 18:11:48,59089.0,0.00000001,0.000000000001089709,7894334,2019-08-13 18:11:48,BTC,12.83788783,0.0,0.00000001,"BTC,LTC",191998.34947371835,2e-07,0.00101089,171
1,[],22,[],2019-07-30 10:12:34,339113.0,0.00000001,0.00000000000094793,7854865,2019-07-30 10:12:34,BTC,21.25940355,0.0,0.00000001,"BTC,LTC",1435750.3536050986,0.00010646,0.01335315,173
1,[],5,[],2019-07-06 02:08:45,0.0,0,0,7800830,2019-07-06 02:08:45,btc,0.0,0.00700197,0,btc,0.0,0.0,0.0,175
1,[],22,[],2019-07-25 12:34:58,8535.0,0.00000001,0.000000000001008706,7836984,2019-07-25 12:34:58,BTC,393.97654772,0.0,0.00000001,BTC,136275.61833431243,1.465e-05,8.535e-05,176
0,[],22,[],2019-08-13 18:11:51,0.0,0,0,7894335,2019-08-13 18:11:51,,1.00255534,0.0,0,,112828.0,0.0,0.0,178
1,[],7,[],2019-07-01 10:15:32,0.0,0,0,7783526,2019-07-01 10:15:32,btc,521516.2326888725,0.0,0,btc,26809253.73522063,0.0,0.0,178
0,[],2,[],2019-01-20 23:28:34,0.0,0,0,6477001,2019-01-20 23:28:34,,0.0,0.0,0,,0.0,0.0,0.0,178
1,[],5,[],2019-07-06 02:08:50,0.0,0,0,7800832,2019-07-06 02:08:50,btc,0.0,6.904e-05,0,btc,0.0,0.0,0.0,179
0,[],22,[],2019-08-13 18:11:55,0.0,0,0,7894336,2019-08-13 18:11:55,,10.33298658,0.0,0,,14829644.231946677,0.0,0.0,179
0,[],23,[],2019-01-20 23:25:08,0.0,0,0,6476952,2019-01-20 23:25:08,,0.0,0.0,0,,0.0,0.0,0.0,179
1,[],22,[],2019-08-13 18:13:59,781707.6752319109,0.00000055,0.000000000059933995,7894337,2019-08-13 18:13:59,BTC,2.96733175,0.0,0.00000055,"BTC,LTC",247122.18025343024,0.00229378,0.61876067,180
1,[],26,[],2019-08-13 18:14:00,0.0,0,0,7894338,2019-08-13 18:14:00,,0.0,0.0,0,,0.0,0.0,0.0,180
1,[],17,[],2019-05-03 01:13:56,20504.725000000002,0.0000001,0.00000000000548003,7559141,2019-05-03 01:13:56,btc,5.2010695838400265,0.0,0.0000001,btc,5033.45945,0.0,0.0011504725,180
,[],7,[],2018-11-20 22:58:01,562227.975654,0.00000085,0.000000000036176765,4862015,2018-11-20 22:58:01,btc,21836.6059674,2491.87645172,,btc,749999.041456,0.00211021,0.127565380455,183
,[],5,[],2019-01-10 08:11:41,0.0,0,0,6347036,2019-01-10 08:11:41,btc,82.15055501,0.00261,,btc,1.19002445,0.0,0.0,187
,[],17,[],2018-11-16 20:58:10,4062536.27273,0.00000001,0.000000000000550501,4708775,2018-11-16 20:58:10,btc,3.36492563466,0.195460381006,,"btc,eth",110697919.549,0.0,0.0157628953496,187
1,[],24,[],2019-05-22 21:04:52,0.0,0.000000000014,0.0000000000000010960978,7670219,2019-05-22 21:04:52,btc,0.0,0.0,0.000000000014,btc,0.0,0.0,0.0,187
0,[],23,[],2019-01-20 23:31:41,0.0,0,0,6477079,2019-01-20 23:31:41,,0.0,0.0,0,,0.0,0.0,0.0,199
0,[],22,[],2019-08-10 07:36:22,0.0,0,0,7886036,2019-08-10 07:36:22,,12.82588123,0.0,0,,106829450.5,0.0,0.0,199
1,[],26,[],2019-08-10 07:36:23,0.0,0,0,7886037,2019-08-10 07:36:23,,0.0,0.0,0,,0.0,0.0,0.0,199
1,[],4,[],2019-01-25 15:51:35,2084389.58565343,0.00000936,0.000000000333526752,6499557,2019-01-25 15:51:35,btc,2.0092503037378524,0.0,0.00000936,btc,160195.80207885,0.19272417,1.242687955921835,211
1,[],7,[],2019-07-01 02:21:28,1170054124.6898527,0.00000018,0.000000000019815389999999997,7782694,2019-07-01 02:21:28,btc,1346735.6331920293,0.0,0.00000018,btc,5516233.71348162,0.0,11.954344045954047,212
0,[],22,[],2019-08-13 18:14:05,0.0,0,0,7894339,2019-08-13 18:14:05,,9.54552254,0.0,0,,3658585.214064925,0.0,0.0,216
1,[],27,[],2019-08-12 16:37:52,320029.088,0.00000001,0.000000000001138437,7891783,2019-08-12 16:37:52,btc,176.0318120012664,0.0,0.00000001,"btc,ltc",485496.05456794,0.0,0.00320029088,216
1,[],22,[],2019-08-13 18:14:08,774388.9766214178,0.00000017,0.000000000018525053,7894340,2019-08-13 18:14:08,BTC,12055.78316498,0.0,0.00000017,BTC,504381.67681702506,0.00278932,0.06127515,217
0,[],22,[],2019-07-23 20:11:38,0.0,0,0,7830275,2019-07-23 20:11:38,,57.73116496,0.0,0,,182427.70709740353,0.0,0.0,221
1,[],24,[],2019-07-23 20:11:38,0.0,0.000000010000,0.0000000000010165440000000001,7830276,2019-07-23 20:11:38,btc,0.0,0.0,0.000000010000,btc,0.0,0.0,0.0,221
1,[],26,[],2019-08-13 18:14:08,0.0,0,0,7894341,2019-08-13 18:14:08,,0.0,0.0,0,,0.0,0.0,0.0,231
1,[],26,[],2019-08-13 18:14:08,0.0,0,0,7894342,2019-08-13 18:14:08,,0.0,0.0,0,,0.0,0.0,0.0,234
0.0000000001859265,[],27,[],2019-08-12 16:38:10,100.0,1.859265e-18,2.1166560688050002e-22,7891787,2019-08-12 16:38:10,eth,0.0,0.0,0.00000001,"btc,eth",0.0,0.0,1.8592649999999999e-16,234
1,[],5,[],2019-07-06 02:11:21,0.0,0,0,7800842,2019-07-06 02:11:21,btc,0.0,0.10652887,0,btc,0.0,0.0,0.0,237
1,[],20,[],2019-08-13 18:14:11,92913528.9205,0.000000041,0.0000000000044678069,7894343,2019-08-13 18:14:11,btc,514.906815504404,7047362.7355,0.000000041,btc,30583144.5164,0.2747603343748,0.4394874206733,237
1,[],22,[],2019-08-13 18:14:15,1839335.0,0.00000001,0.000000000001089709,7894344,2019-08-13 18:14:15,BTC,1.20371953,0.0,0.00000001,"BTC,LTC",40634.04871794872,0.0,0.01839335,237
1,[],5,[],2019-07-06 02:11:32,0.0,0,0,7800846,2019-07-06 02:11:32,btc,0.0,0.05525444,0,btc,0.0,0.0,0.0,238
1,[],4,[],2019-08-04 18:01:50,29386586.97880371,0.00000008,0.000000000008734008,7870823,2019-08-04 18:01:50,btc,3.212080442629597,0.0,0.00000008,btc,15865406.26758609,0.22564351,0.7155491317562702,238
0.0000000000932996,[],22,[],2019-07-27 07:06:26,419253.0,9.32996e-19,9.392106863560001e-23,7844096,2019-07-27 07:06:26,LTC,0.40427224,0.0,0.00000001,LTC,496363.0639027493,0.0,0.00419253,249
0,[],22,[],2019-08-13 18:14:17,0.0,0,0,7894345,2019-08-13 18:14:17,,13.4488406,0.0,0,,43819581.3426455,0.0,0.0,252
1,[],28,[],2019-08-13 18:14:46,2595103.087,0.00000008,0.000000000008717672,7894346,2019-08-13 18:14:46,btc,5.122383800011,86099.7,0.00000008,btc,3404439.9472,0.0,0.11975742842,256
0.0000000000916764,[],22,[],2019-07-23 20:12:22,1517.0,9.16764e-19,9.31930943616e-23,7830286,2019-07-23 20:12:22,LTC,31474.63788373,0.0,0.00000001,LTC,1024398.9185893413,0.0,1.517e-05,258
1,[],20,[],2019-08-13 18:14:48,980611.2896,0.000000181,0.0000000000197237329,7894347,2019-08-13 18:14:48,btc,0.5327909195914,0.0,0.000000181,btc,97386.0538,0.0,0.0066902398926,264
1,[],5,[],2019-07-02 14:44:15,0.0,0,0,7788374,2019-07-02 14:44:15,btc,0.0,0.02775788,0,btc,0.0,0.0,0.0,264
0,[],22,[],2019-08-02 08:30:30,0.0,0,0,7864931,2019-08-02 08:30:30,,33050469.74148113,0.0,0,,14261527780.7,0.0,0.0,272
0.000000000000002773,[],28,[],2019-08-02 08:30:43,278867627739.875,2.7729999999999996e-22,2.916544345e-26,7864932,2019-08-02 08:30:43,doge,159824360004.7329,12824464087.9992,0.0000001,doge,107241022165.435,0.0,5.073096663009221e-11,272
1,[],22,[],2019-07-23 20:12:52,672850.9,0.00000002,0.0000000000020330880000000002,7830290,2019-07-23 20:12:52,BTC,26.73750817,0.0,0.00000002,"BTC,LTC",1207871.5684827343,0.0004207,0.01909618,286
