pairValue,buyBook,exchangeId,sellBook,updated,buyTotal,satoshiPrice,usdPrice,exchangeLogId,created,bestPair,sellTotalBtc,volume,pairPrice,activePairs,sellTotal,volumeBtc,buyTotalBtc,coinId
1,[],3,[],2019-02-18 04:23:05,30563.941963218622,0.012942649999999999987920773492078296840190887451171875,0.00000048055282891,6703424,2019-02-18 04:23:05,btc,107.05805515522596,0.006176402402,0.012942649999999999987920773492078296840190887451171875,btc,20.887691683751,0.0,0.35137548600260404,1
1,[],4,[],2019-02-18 04:23:06,84.57633408,0.01308197,0.000000485725696918,6703425,2019-02-18 04:23:06,btc,0.7663821550784689,0.0,0.01308197,btc,53.84154885,0.63533392,1.023047959386248,1
1,[],5,[],2019-02-18 04:23:09,0.30830543,0.01310000,0.0000004863951400000001,6703426,2019-02-18 04:23:09,btc,147.75728369,0.33754919,0.01310000,btc,355556.3751409,0.0,1.97032381,1
1,[],10,[],2019-02-18 04:23:11,415304.22739333,0.01005739,0.000000373424856266,6703427,2019-02-18 04:23:11,btc,6526.866175031626,1972.59154727,0.01005739,btc,1184.68755115,0.0,3.5869454796891285,1
1,[],12,[],2019-02-18 04:23:14,10445.52370875,0.01297000000000000062561067437627571052871644496917724609375,0.000000481568318,6703428,2019-02-18 04:23:14,btc,0.2938568770845,0.0,0.01297000000000000062561067437627571052871644496917724609375,btc,15.50600738,1.2165298426325,0.4621785037903,1
1,[],20,[],2019-02-18 04:23:15,1152.9273,0.010500212,0.0000003898665714328,6703429,2019-02-18 04:23:15,btc,0.0588401269655,0.0,0.010500212,btc,2.6354,0.0,0.1086609348315,1
1,[],21,[],2019-02-18 04:23:18,2549.95939881,0.01301001000000000067113870017,0.0000004830538652940001,6703430,2019-02-18 04:23:18,btc,24.304243580285497,3895.43630647,0.01301001000000000067113870017010412993840873241424560546875,"btc,eth",2180.52825364,46.946851368548565,27.830518902373075,1
1,[],22,[],2019-02-18 04:23:22,0.0163776,0.01300000,0.0000004826822,6703431,2019-02-18 04:23:22,BTC,0.31407927,0.0,0.01300000,BTC,0.10751954901960785,0.0,0.00020972,1
1,[],24,[],2019-02-18 04:23:23,0.0,0.000000000000,0,6703432,2019-02-18 04:23:23,btc,0.0,0.0,0.000000000000,btc,0.0,0.0,0.0,1
0.0,[],25,[],2019-02-18 04:23:23,0.0,0,0,6703433,2019-02-18 04:23:23,btc,31.55619999717054,1077.44959183,0.0,btc,2376.29319254,14.057,0.0,1
1,[],26,[],2019-02-18 04:23:50,0.0,0,0,6703434,2019-02-18 04:23:50,,0.0,0.0,0,,0.0,0.0,0.0,1
1,[],28,[],2019-02-18 04:23:56,992.968,0.01231000,0.00000045706291400000003,6703435,2019-02-18 04:23:56,btc,0.162839806,17836.8,0.01231000,btc,8.9,0.0,0.086870176,1
0,[],2,[],2019-01-20 23:28:45,0.0,0,0,6477011,2019-01-20 23:28:45,,0.0,0.0,0,,0.0,0.0,0.0,1
1,[],5,[],2019-02-18 04:23:59,1.58e-05,0.00000066,0.000000000024505404,6703436,2019-02-18 04:23:59,btc,0.12690282,0.00154146,0.00000066,btc,6.166e-05,0.0,0.25300755,2
0,[],22,[],2019-02-18 04:24:03,0.0,0,0,6703437,2019-02-18 04:24:03,,0.0,0.0,0,,0.0,0.0,0.0,2
1,[],5,[],2019-02-18 04:24:04,1.29e-06,0.00000017,0.000000000006311998,6703438,2019-02-18 04:24:04,btc,3.54481632,0.0273268,0.00000017,btc,2.345e-05,0.0,3.39005902,3
1,[],12,[],2019-02-18 04:24:06,12763933.71478522,0.00000017,0.0000000000063119979999999994,6703439,2019-02-18 04:24:06,btc,923761.8570034342,0.0,0.00000017,btc,9065218.36482906,0.24191933391150153,0.5464160349889775,3
0,[],28,[],2019-02-18 04:24:12,0.0,0,0,6703440,2019-02-18 04:24:12,,0.0,0.0,0,,0.0,0.0,0.0,3
0,[],2,[],2019-01-20 23:31:32,0.0,0,0,6477077,2019-01-20 23:31:32,,0.0,0.0,0,,0.0,0.0,0.0,4
1,[],4,[],2019-02-18 04:24:12,451383.06629443,0.00000032,0.000000000011881408,6703441,2019-02-18 04:24:12,btc,0.3842698469936974,0.0,0.00000032,btc,337830.34099658,0.0,0.0625366396340431,4
1,[],12,[],2019-02-18 04:24:14,1364161.18866667,0.00000003,0.000000000001113882,6703442,2019-02-18 04:24:14,btc,11113878.262303386,0.0,0.00000003,btc,1200440.19484872,0.00187444,0.0220505104400001,5
0,[],2,[],2019-01-20 23:31:51,0.0,0,0,6477087,2019-01-20 23:31:51,,0.0,0.0,0,,0.0,0.0,0.0,6
1,[],11,[],2019-02-18 04:24:16,1381209.5,0.00000002,0.000000000000742588,6703443,2019-02-18 04:24:16,btc,9433.292073620638,10000.0,0.00000002,btc,40118064.15478057,0.0,0.019133885,6
1,[],3,[],2019-02-18 04:24:17,1099.024667077048,0.0001499299999999999960000052201536391294212080538272857666015625,0.000000005566810942,6703444,2019-02-18 04:24:17,btc,27.605796873748474,0.0,0.0001499299999999999960000052201536391294212080538272857666015625,btc,249.144760639695,0.0,0.03520151472406596,7
1,[],4,[],2019-02-18 04:24:18,14048.20438053,0.00024097,0.000000008947071518,6703445,2019-02-18 04:24:18,btc,3.271011123306393,0.0,0.00024097,btc,12535.32615615,4.73163614,2.8811375597336553,7
1,[],5,[],2019-02-18 04:24:19,0.00780134,0.00023100,0.0000000085768914,6703446,2019-02-18 04:24:19,btc,1.65429721,0.65384761,0.00023100,btc,0.01424482,0.0,1.63063639,7
1,[],20,[],2019-02-18 04:24:23,39399800.8418,0.000000001,0.0000000000000371294,6703447,2019-02-18 04:24:23,btc,116.9737581404545,0.0,0.000000001,btc,56932990.8895,0.0,0.0393998008418,8
0,[],2,[],2019-01-20 23:22:42,0.0,0,0,6476876,2019-01-20 23:22:42,,0.0,0.0,0,,0.0,0.0,0.0,9
0,[],23,[],2019-01-20 23:22:48,0.0,0,0,6476878,2019-01-20 23:22:48,,0.0,0.0,0,,0.0,0.0,0.0,9
1,[],4,[],2019-02-18 04:24:24,211869.28152243,0.00000179,0.000000000066461626,6703448,2019-02-18 04:24:24,btc,0.760829196418838,0.0,0.00000179,btc,402126.02825376,2.12317112,0.3574503136296072,9
0,[],28,[],2019-02-18 04:26:28,0.0,0,0,6703449,2019-02-18 04:26:28,,0.0,0.0,0,,0.0,0.0,0.0,9
1,[],1,[],2019-02-17 23:31:42,1822507.21,0.00000181000000000000003456111265232042484285557293333113193511962890625,0.000000000066086901,6701244,2019-02-17 23:31:42,btc,3.6990969245,17153386.5,0.00000181000000000000003456111265232042484285557293333113193511962890625,btc,1997391.71,31.11772986,3.2610482446,9
1,[],4,[],2019-02-17 11:22:43,4341674.27126056,0.00000002,0.0000000000007272960000000001,6696112,2019-02-17 11:22:43,btc,0.1997230937751353,0.0,0.00000002,btc,4109766.79808031,0.00215132,0.0479381022052112,10
1,[],4,[],2019-02-18 04:26:28,1236353.37149318,0.00000163,0.000000000060520922,6703450,2019-02-18 04:26:28,btc,1.54182590656594,0.0,0.00000163,btc,887603.95876173,6.70046137,1.9414346025940243,12
0,[],2,[],2019-01-20 23:23:08,0.0,0,0,6476890,2019-01-20 23:23:08,,0.0,0.0,0,,0.0,0.0,0.0,12
1,[],5,[],2019-02-18 04:26:31,3.09e-05,0.00000158,0.000000000058664452,6703451,2019-02-18 04:26:31,btc,0.58310604,0.69709408,0.00000158,btc,0.00012351,0.0,0.54939564,12
0.0,[],25,[],2019-02-18 04:26:32,0.0,0,0,6703452,2019-02-18 04:26:32,,0.0,0.0,0.0,btc,0.0,0.0,0.0,12
1,[],4,[],2019-02-18 04:26:33,1389581.854543,0.00000612,0.000000000227231928,6703453,2019-02-18 04:26:33,btc,0.7590145185398735,0.0,0.00000612,btc,110972.31224423,0.25970247,1.8258968010712582,13
1,[],21,[],2019-02-18 04:26:36,895127.2848763,0.000006229999999999999643965353791,0.000000000231316162,6703454,2019-02-18 04:26:36,btc,12.418273283300595,493190.25270855,0.00000622999999999999964396535379052011194289661943912506103515625,btc,1739453.19610916,3.07183406,5.1255751305973245,13
1,[],10,[],2019-02-18 03:38:00,452076.27913727,0.0000061,0.00000000022723415,6703258,2019-02-18 03:38:00,btc,666805.4491832178,7446.17102537,0.0000061,btc,724793.64260914,0.0,0.4081485080506997,13
1,[],4,[],2019-02-18 04:26:37,982609.02309501,0.00000137,0.000000000050867278,6703455,2019-02-18 04:26:37,btc,0.1124110537281571,0.0,0.00000137,btc,62262.85795796,0.01391906,0.4072751036803973,14
1,[],12,[],2019-02-18 04:26:39,86061.2231405,0.000001269999999999999910766366496839285815667608403600752353668212890625,0.000000000047154338,6703456,2019-02-18 04:26:39,btc,3.7469850737917976,0.0,0.000001269999999999999910766366496839285815667608403600752353668212890625,btc,29721.22909905,5.67432568e-06,0.009995180000005,14
1,[],26,[],2019-02-18 04:26:40,0.0,0.00000050,0.0000000000185647,6703457,2019-02-18 04:26:40,btc,0.0,0.0,0.00000050,btc,0.0,0.0,0.0,14
0,[],17,[],2019-02-18 03:24:29,0.0,0,0,6703057,2019-02-18 03:24:29,btc,0.0,0.0,0,btc,0.0,0.0,0.0,14
0,[],4,[],2019-02-18 04:26:41,0.0,0,0,6703458,2019-02-18 04:26:41,,0.0,0.0,0,,0.0,0.0,0.0,15
,[],12,[],2018-12-01 15:15:48,204241.84496,0.00000489,0.000000000202473384,5260204,2018-12-01 15:15:48,btc,49.5475654835,0.0,,btc,35763.2193806,0.0163153972027625,0.0203389899998,15
1,[],4,[],2019-02-18 04:26:42,28815.52944209,0.00001949,0.0000000007236520060000001,6703459,2019-02-18 04:26:42,btc,2.2377289514625742,0.0,0.00001949,btc,8553.97913432,0.00875301,0.1343604238050338,18
1,[],10,[],2019-02-18 04:26:44,787385.45516468,0.00001897,0.000000000704344718,6703460,2019-02-18 04:26:44,btc,15.534436778572562,4739.20544604,0.00001897,btc,10438.43404906,0.0,0.2780919485182125,18
1,[],12,[],2019-02-18 04:26:46,204348.88767853,0.00001773999999999999955722050637429987318682833574712276458740234375,0.000000000658675556,6703461,2019-02-18 04:26:46,btc,22.61108536333115,0.0,0.00001773999999999999955722050637429987318682833574712276458740234375,btc,1814.8549773299999,0.0024064622353277,0.034676956698909,18
0,[],17,[],2019-02-18 04:26:47,0.0,0,0,6703462,2019-02-18 04:26:47,btc,0.0,0.0,0,btc,0.0,0.0,0.0,18
0,[],2,[],2019-01-20 23:23:38,0.0,0,0,6476906,2019-01-20 23:23:38,,0.0,0.0,0,,0.0,0.0,0.0,18
1,[],3,[],2019-02-18 04:26:48,123801.1306069426,0.0000228100000000000001430626450638072810761514119803905487060546875,0.000000000846921614,6703463,2019-02-18 04:26:48,btc,0.5151629217797592,29.8912871105,0.0000228100000000000001430626450638072810761514119803905487060546875,btc,7110.107464235501,0.0,0.148747888345855,19
1,[],4,[],2019-02-18 04:26:49,307730.88553125,0.00002410,0.00000000089481854,6703464,2019-02-18 04:26:49,btc,0.1168397566583121,0.0,0.00002410,btc,4251.88515903,0.39815919,3.4445945320299143,19
1,[],5,[],2019-02-18 04:26:51,0.00015129,0.00002101,0.0000000007800886940000001,6703465,2019-02-18 04:26:51,btc,0.21501293,0.00168327,0.00002101,btc,0.00294007,0.0,0.06692384,19
1,[],12,[],2019-02-18 04:26:53,134811.36703297,0.00002275000000000000071752499775090683442613226361572742462158203125,0.0000000008446938500000001,6703466,2019-02-18 04:26:53,btc,0.029524916781354802,0.0,0.00002275000000000000071752499775090683442613226361572742462158203125,btc,292.66393647,0.0,0.0326779200000675,19
0,[],27,[],2019-02-18 04:26:55,0.0,0,0,6703467,2019-02-18 04:26:55,,0.0,0.0,0,btc,0.0,0.0,0.0,19
0,[],2,[],2019-01-20 23:24:19,0.0,0,0,6476924,2019-01-20 23:24:19,,0.0,0.0,0,,0.0,0.0,0.0,19
1,[],4,[],2019-02-18 04:26:55,8073815.96800667,0.00000014,0.000000000005198116,6703468,2019-02-18 04:26:55,btc,0.7460851574177544,0.0,0.00000014,btc,1583096.66497752,0.00194132,0.2590475804358234,20
1,[],4,[],2019-02-18 04:26:56,111379306.5486164,0.00000002,0.000000000000742588,6703469,2019-02-18 04:26:56,btc,0.4408008187206992,0.0,0.00000002,btc,12807883.52271071,0.00560671,1.2654265748529683,21
1,[],12,[],2019-02-18 04:26:59,18409113.0,0.00000002,0.000000000000742588,6703470,2019-02-18 04:26:59,btc,669.7079376317495,0.0,0.00000002,btc,8590952.27073194,0.00012114997003,0.24040254,21
0,[],17,[],2019-02-18 04:27:10,0.0,0,0,6703471,2019-02-18 04:27:10,btc,0.0,0.0,0,btc,0.0,0.0,0.0,21
1,[],12,[],2019-02-18 04:27:11,2565737616.043896,0.0000000002,0.00000000000000742588,6703472,2019-02-18 04:27:11,btc,880864730542.6688,0.0,0.0000000002,btc,4235557536.0843673,0.007414763770829171,0.2601668919555898,23
0,[],27,[],2019-02-18 04:27:13,0.0,0,0,6703473,2019-02-18 04:27:13,,1.3429826565934113,0.0,0,eth,1964879.85514486,0.0,0.0,23
1,[],4,[],2019-02-18 04:27:15,308256.08247689,0.00000065,0.000000000024134110000000002,6703474,2019-02-18 04:27:15,btc,0.1697071815241836,0.0,0.00000065,btc,176581.13234841,0.0379453,0.1552817226392846,24
1,[],22,[],2019-02-18 04:27:19,11.76,0.00000100,0.0000000000371294,6703475,2019-02-18 04:27:19,BTC,7.415e-05,0.0,0.00000100,BTC,23.919354838709676,0.0,1.176e-05,24
0.0,[],25,[],2019-02-18 04:27:21,0.0,0,0,6703476,2019-02-18 04:27:21,,0.0,0.0,0.0,btc,0.0,0.0,0.0,24
1,[],4,[],2019-02-18 04:27:22,26859944.0436671,0.00000598,0.000000000222033812,6703477,2019-02-18 04:27:22,btc,0.6087786101204343,0.0,0.00000598,btc,58332.50888314,0.11144297,0.4396630597787783,26
1,[],10,[],2019-02-18 04:27:26,682874.19163166,0.0000054,0.00000000020049876000000001,6703478,2019-02-18 04:27:26,btc,25.927272136924913,275.07855722,0.0000054,btc,14351.41452713,0.0,0.2128385226438311,26
0,[],2,[],2019-01-20 23:25:56,0.0,0,0,6476976,2019-01-20 23:25:56,,0.0,0.0,0,,0.0,0.0,0.0,26
1,[],3,[],2019-02-18 04:27:27,5844313.95913569,0.00000001,0.000000000000371294,6703479,2019-02-18 04:27:27,btc,2.692702696209302,165235.0,0.00000001,btc,16912524.61059958,0.0,0.0584431395913569,27
1,[],5,[],2019-02-18 04:27:28,1e-08,0.00000001,0.000000000000371294,6703480,2019-02-18 04:27:28,btc,1.59810511,0.0,0.00000001,btc,4.345e-05,0.0,0.09866515,27
1,[],11,[],2019-02-18 04:27:30,9803584.35433359,0.00000005,0.00000000000185647,6703481,2019-02-18 04:27:30,btc,67506.53097482225,8080.0,0.00000005,btc,8171781.9463934,0.0,0.458287845339645,27
1,[],4,[],2019-02-18 04:27:31,610841252.1179167,0.00000002,0.000000000000742588,6703482,2019-02-18 04:27:31,btc,0.22088848465353456,0.0,0.00000002,"btc,ltc",16756297.5006933,0.1658439,8.26860837671599,29
1,[],7,[],2019-02-18 04:27:32,28336090.63491832,0.00000002,0.000000000000742588,6703483,2019-02-18 04:27:32,btc,44465227.260457814,782.0,0.00000002,btc,56312664.01797909,2.346e-05,0.41187488825014074,29
1,[],4,[],2019-02-18 04:27:33,1494068.58572925,0.00000030,0.00000000001113882,6703484,2019-02-18 04:27:33,btc,0.2787382642957443,0.0,0.00000030,btc,551143.93827204,0.10759812,0.1193723789960842,30
0,[],17,[],2019-02-18 03:25:36,0.0,0,0,6703084,2019-02-18 03:25:36,btc,0.0,0.0,0,btc,0.0,0.0,0.0,30
1,[],4,[],2019-02-18 04:27:44,1138820.47852719,0.00006201,0.000000002302394094,6703485,2019-02-18 04:27:44,btc,0.6698535760777473,0.0,0.00006201,btc,9686.87390258,1.30115468,1.6592218987505274,31
1,[],21,[],2019-02-18 04:27:46,56497.23784792,0.00006184000000000000423199669752,0.0000000022960820960000003,6703486,2019-02-18 04:27:46,btc,3.1365335216329058,126076.18920359,0.000061840000000000004231996697523499051385442726314067840576171875,btc,47622.58606482,7.82641456,3.1840885794830935,31
0,[],2,[],2019-01-20 23:28:43,0.0,0,0,6477009,2019-01-20 23:28:43,,0.0,0.0,0,,0.0,0.0,0.0,32
1,[],4,[],2019-02-18 04:27:47,135705334.26769447,0.00000004,0.000000000001485176,6703487,2019-02-18 04:27:47,btc,3.152072434443185,0.0,0.00000004,"btc,ltc",63309057.99115976,2.74191192,2.2711282373649966,33
1,[],12,[],2019-02-18 04:27:48,14623296.225,0.00000005,0.00000000000185647,6703488,2019-02-18 04:27:48,btc,34508971.10287576,0.0,0.00000005,btc,88936461.37062912,0.0022775753646372,0.47444423125,33
1,[],4,[],2019-02-18 04:27:49,134356053.54263937,0.00000001,0.000000000000371294,6703489,2019-02-18 04:27:49,btc,1.016743277756579,0.0,0.00000001,btc,42623291.93578488,0.03461397,1.3435605354263935,34
1,[],5,[],2019-02-18 04:27:50,1e-08,0.00000001,0.000000000000371294,6703490,2019-02-18 04:27:50,btc,5.09095167,0.00557555,0.00000001,btc,1.343e-05,0.0,0.85129011,34
0.0000000001191452,[],4,[],2019-02-18 04:27:51,914968535.2375063,2.382904e-18,8.84757957776e-23,6703491,2019-02-18 04:27:51,ltc,9.890035765731855e-09,0.0,0.00000002,ltc,1996805602.8210816,0.0,1.6308704921248643e-09,36
1,[],5,[],2019-02-18 04:27:52,0.0,0,0,6703492,2019-02-18 04:27:52,btc,197.51755592,0.0,0,btc,1.325e-05,0.0,0.0,36
0,[],17,[],2019-02-18 04:28:05,0.0,0,0,6703493,2019-02-18 04:28:05,btc,0.14155809404650171,0.0,0,btc,10794800.77743647,0.0,0.0,36
0,[],27,[],2019-02-18 04:28:07,0.0,0,0,6703494,2019-02-18 04:28:07,,113.82128944818679,7.0,0,"ltc,eth",3757762.7424504,2.5799207000000002e-17,0.0,36
1,[],4,[],2019-02-18 04:28:08,321289.54394218,0.00000069,0.000000000025619286000000003,6703495,2019-02-18 04:28:08,btc,0.2415553058027694,0.0,0.00000069,btc,183551.92212437,0.17413782,0.1521403135317766,37
1,[],12,[],2019-02-18 04:28:09,450219.12388863,0.00000078,0.000000000028960932000000004,6703496,2019-02-18 04:28:09,btc,1364.1121661098769,0.0,0.00000078,btc,787863.91457403,0.0641907134579518,0.0985746035106229,37
1,[],27,[],2019-02-18 04:28:13,16202.0,0.00000046,0.000000000017079524,6703497,2019-02-18 04:28:13,btc,26.25770832162233,0.0,0.00000046,btc,6830.24738508,0.0,0.00549722,37
1,[],17,[],2019-02-18 03:39:49,1752.74075282,0.00000025,0.000000000009312875,6703300,2019-02-18 03:39:49,btc,0.055484924001593175,0.0,0.00000025,btc,1387.19918473,0.0,0.00043818518820499993,37
1,[],5,[],2019-02-18 04:28:16,1.293e-05,0.00000091,0.000000000033787754,6703498,2019-02-18 04:28:16,btc,0.08060836,0.07324624,0.00000091,btc,8.82e-05,0.0,0.03912239,42
1,[],12,[],2019-02-18 04:28:17,136087.28223277,0.0000009,0.00000000003341646,6703499,2019-02-18 04:28:17,btc,93.60654242516024,0.0,0.0000009,btc,89306.20504743,0.0002656033966015,0.0429632799999988,42
0,[],27,[],2019-02-18 04:28:22,0.0,0,0,6703500,2019-02-18 04:28:22,,0.00315028,0.0,0,"btc,eth",11.007,0.0,0.0,42
1,[],5,[],2019-02-18 04:28:23,3e-08,0.00000002,0.000000000000742588,6703501,2019-02-18 04:28:23,btc,5.87390629,0.0090995,0.00000002,btc,1.375e-05,0.0,0.61053204,43
1,[],12,[],2019-02-18 04:28:24,4098309.0,0.00000002,0.000000000000742588,6703502,2019-02-18 04:28:24,btc,20007457.494387686,0.0,0.00000002,btc,38970405.17922077,0.0008394439660342,0.04098342,43
0,[],17,[],2019-02-18 04:28:26,0.0,0,0,6703503,2019-02-18 04:28:26,btc,0.0,0.0,0,btc,0.0,0.0,0.0,43
1,[],12,[],2019-02-18 04:28:27,697941.0,0.00000005,0.00000000000185647,6703504,2019-02-18 04:28:27,btc,11115167.385533532,0.0,0.00000005,btc,1012350.31470526,0.0011963994005995,0.0179018,44
1,[],4,[],2019-02-18 04:28:28,325291735.49007607,0.00000002,0.000000000000742588,6703505,2019-02-18 04:28:28,btc,0.19032078490875276,0.0,0.00000002,"btc,ltc",4619421.45245401,0.00015554,0.4287297559956655,49
0.0000000001191452,[],4,[],2019-02-18 04:28:29,2882802.84,1.191452e-18,4.42378978888e-23,6703506,2019-02-18 04:28:29,ltc,4.645173508180095,0.0,0.00000001,ltc,3609675017.4935336,0.0,3.4347212093236798e-12,52
0,[],22,[],2019-02-18 04:28:32,0.0,0,0,6703507,2019-02-18 04:28:32,,4368.07440295,0.0,0,,262751443.67882353,0.0,0.0,57
0,[],27,[],2019-02-18 04:28:38,0.0,0,0,6703508,2019-02-18 04:28:38,,0.0,0.0,0,"btc,eth",0.0,0.0,0.0,57
0.0000000001191452,[],4,[],2019-02-18 04:28:40,976601126.1325742,4.765808e-18,1.769515915552e-22,6703509,2019-02-18 04:28:40,ltc,3.2722090041277636,0.0,0.00000004,ltc,1108637263.7084205,0.0,2.7603595560688397e-09,58
1,[],12,[],2019-02-18 04:28:42,1764691210.843957,0.0000000005,0.0000000000000185647,6703510,2019-02-18 04:28:42,btc,224005480112.1414,0.0,0.0000000005,btc,3703586988.800675,0.02031583315976429,0.5974350317011392,58
0,[],17,[],2019-02-18 04:28:44,0.0,0,0,6703511,2019-02-18 04:28:44,btc,1e+24,0.0,0,btc,41401875.8285055,0.0,0.0,58
0.0000000001297932,[],22,[],2019-02-18 04:28:47,137438.0,1.297932e-18,4.8191436400800007e-23,6703512,2019-02-18 04:28:47,XMR,69.8835922,0.0,0.00000001,XMR,9887963.0,0.0,0.00137438,58
1,[],5,[],2019-02-18 04:28:48,4.76e-06,0.00000047,0.000000000017450818000000002,6703513,2019-02-18 04:28:48,btc,0.11592217,0.01090115,0.00000047,btc,5.282e-05,0.0,0.07921829,61
1,[],22,[],2019-02-18 04:28:52,5149.5,0.00000011,0.000000000004084234,6703514,2019-02-18 04:28:52,BTC,1002.29597012,0.0,0.00000011,BTC,14947.700278135757,0.0,0.00051596,61
1,[],26,[],2019-02-18 04:28:52,0.0,0.00000800,0.0000000002970352,6703515,2019-02-18 04:28:52,btc,0.0,0.0,0.00000800,btc,0.0,0.0,0.0,61
1,[],27,[],2019-02-18 04:28:56,35995.23,0.00000033,0.000000000012252702,6703516,2019-02-18 04:28:56,btc,2.9683433586282,0.0,0.00000033,"btc,eth",18762.955832,0.0,0.000843609708717065,61
1,[],28,[],2019-02-18 04:28:59,13882.304,0.0000005,0.0000000000185647,6703517,2019-02-18 04:28:59,btc,2.062488404235105,857.0,0.0000005,btc,15611.87550005,0.0,0.00566491304,61
1,[],4,[],2019-02-18 04:29:01,609551.67683355,0.00000284,0.00000000010544749600000001,6703518,2019-02-18 04:29:01,btc,1.3146480053310239,0.0,0.00000284,btc,314718.51756736,0.43762947,1.1869527593050326,67
0.0,[],25,[],2019-02-18 04:29:05,0.0,0,0,6703519,2019-02-18 04:29:05,,0.0,0.0,0.0,btc,0.0,0.0,0.0,67
1,[],12,[],2019-02-18 04:29:06,3418015.4253492,0.00000014,0.000000000005198116,6703520,2019-02-18 04:29:06,btc,11115995.90360337,0.0,0.00000014,btc,1891816.59926134,0.0034010555838294,0.1277006064411106,71
,[],5,[],2018-11-20 23:02:39,1.5e-07,0.00000005,0.000000000002128045,4862160,2018-11-20 23:02:39,btc,2.84511358,0.0,,btc,0.00036572,0.0,0.07381892,74
1,[],5,[],2019-02-18 04:29:09,3.049e-05,0.00000156,0.000000000057921864,6703521,2019-02-18 04:29:09,btc,1.5424315,0.0,0.00000156,btc,0.00016981,0.0,0.30484564,75
1,[],4,[],2019-02-18 04:29:10,29738604.75692337,0.00000001,0.000000000000371294,6703522,2019-02-18 04:29:10,btc,0.8487978482018892,0.0,0.00000001,btc,15391342.79181637,0.0,0.2973860475692337,81
0,[],20,[],2019-01-25 09:30:31,0.0,0,0,6495923,2019-01-25 09:30:31,btc,0.0,0.0,0,btc,0.0,0.0,0.0,81
1,[],4,[],2019-02-18 04:29:12,28754.14196113,0.00008212,0.000000003049066328,6703523,2019-02-18 04:29:12,btc,1.3192138209251687,0.0,0.00008212,btc,11104.25818601,0.0241581,0.2031299277580551,82
1,[],21,[],2019-02-18 04:29:13,166290.0427684,0.00007773000000000000286708157216,0.000000002886068262,6703524,2019-02-18 04:29:13,btc,2.4742875866546705,4794.0972134,0.00007773000000000000286708157215542769336025230586528778076171875,btc,24245.06135736,0.39195368,3.159851667669664,82
0,[],17,[],2019-02-18 04:29:14,0.0,0,0,6703525,2019-02-18 04:29:14,btc,0.0447233088476774,0.0,0,btc,999127.19588126,0.0,0.0,84
0.0000000001191452,[],4,[],2019-02-18 04:29:15,167006459.60134614,8.340164e-18,3.096652852216e-22,6703526,2019-02-18 04:29:15,ltc,0.19541526440591478,0.0,0.00000007,ltc,97408868.59512217,0.00027536,7.953366858178353e-10,85
,[],22,[],2018-11-20 23:09:34,3408.1,0.0000001,0.0000000000041895,4862324,2018-11-20 23:09:34,BTC,0.04624735,0.0,,BTC,4990.0,0.0,0.00033081,86
0,[],22,[],2019-02-18 04:29:19,0.0,0,0,6703527,2019-02-18 04:29:19,,2.0760781,0.0,0,,140622.94736842104,0.0,0.0,87
0,[],27,[],2019-02-18 04:29:27,0.0,0,0,6703528,2019-02-18 04:29:27,,0.0,0.0,0,btc,0.0,0.0,0.0,87
,[],2,[],2018-11-20 23:10:47,0.0,0,0,4862359,2018-11-20 23:10:47,,0.0,0.0,,,0.0,0.0,0.0,88
1,[],11,[],2019-02-18 04:29:29,96057.71424698,0.0001431399999999999881651613353739094236516393721103668212890625,0.000000005314702316,6703529,2019-02-18 04:29:29,btc,609.8199849092447,40.1,0.0001431399999999999881651613353739094236516393721103668212890625,btc,93610.39928474,0.0,6.44595222056707,89
0,[],2,[],2019-01-20 23:31:45,0.0,0,0,6477083,2019-01-20 23:31:45,,0.0,0.0,0,,0.0,0.0,0.0,91
1,[],12,[],2019-02-18 04:29:30,437994.935901,0.00000206000000000000018206681821897330308956952649168670177459716796875,0.000000000076486564,6703530,2019-02-18 04:29:30,btc,4.17321231453007,0.0,0.00000206000000000000018206681821897330308956952649168670177459716796875,btc,49056.30743096,0.0030809954487911,0.0601997056729456,91
0,[],17,[],2019-02-18 03:41:35,0.0,0,0,6703332,2019-02-18 03:41:35,btc,0.0,0.0,0,btc,0.0,0.0,0.0,91
0.0000000001191452,[],22,[],2019-02-18 04:29:45,3511520.0,4.765808e-18,1.769515915552e-22,6703531,2019-02-18 04:29:45,LTC,9.13211897,0.0,0.00000004,LTC,72065348.1,4.74903235584e-12,0.1052108,95
0,[],17,[],2019-02-18 02:48:07,0.0,0,0,6702979,2019-02-18 02:48:07,btc,0.0,0.0,0,btc,0.0,0.0,0.0,96
0.0000000001191452,[],4,[],2019-02-18 04:29:46,135761792.34819254,9.2933256e-17,3.4505560353264e-21,6703532,2019-02-18 04:29:46,ltc,0.9686898862952785,0.0,0.00000078,ltc,47813886.82940562,0.00127007,1.1431346546336445e-09,96
1,[],12,[],2019-02-18 04:29:47,294199.0,0.00000001,0.000000000000371294,6703533,2019-02-18 04:29:47,btc,255074.72066415334,0.0,0.00000001,btc,8790272.71859115,4.90767032966e-05,0.0029419900000000002,96
1,[],4,[],2019-02-18 04:29:59,1651357.27187816,0.00000032,0.000000000011881408,6703534,2019-02-18 04:29:59,btc,0.3335021816899459,0.0,0.00000032,btc,600064.8597246,0.22587731,0.2168101765518557,99
0,[],2,[],2019-01-20 23:23:55,0.0,0,0,6476914,2019-01-20 23:23:55,,0.0,0.0,0,,0.0,0.0,0.0,100
1,[],4,[],2019-02-18 04:30:00,199660.04525767,0.00003992,0.000000001482205648,6703535,2019-02-18 04:30:00,btc,1.0079610442156797,0.0,0.00003992,btc,22908.9745918,0.7529207,1.3582169931212094,100
1,[],22,[],2019-02-18 04:30:05,50000.0,0.00000001,0.000000000000371294,6703536,2019-02-18 04:30:05,BTC,23.49896609,0.0,0.00000001,BTC,10277.22,0.0,0.0005,101
1,[],4,[],2019-02-18 04:30:06,413595.61850118,0.00000083,0.000000000030817402,6703537,2019-02-18 04:30:06,btc,0.4072329781930681,0.0,0.00000083,btc,170448.12439557,0.02446692,0.2067443697323303,103
1,[],12,[],2019-02-18 04:30:08,41517227.4663887,0.000000016,0.0000000000005940704,6703538,2019-02-18 04:30:08,btc,137279207.80268356,0.0,0.000000016,btc,122903067.06285381,0.04515383045004762,0.1372386854622192,105
1,[],27,[],2019-02-18 03:42:05,3997411.89,0.00000001,0.000000000000372515,6703341,2019-02-18 03:42:05,btc,0.2583299431492299,0.0,0.00000001,btc,303168.20460553,0.0,0.0399741189,105
1,[],22,[],2019-02-18 03:42:25,9328.0,0.00000001,0.000000000000372515,6703342,2019-02-18 03:42:25,BTC,51.10825004,0.0,0.00000001,BTC,468935.0,0.0,9.328e-05,107
1,[],26,[],2019-02-18 03:42:25,0.0,0.00000000,0,6703343,2019-02-18 03:42:25,btc,0.0,0.0,0.00000000,btc,0.0,0.0,0.0,107
1,[],5,[],2019-02-18 03:42:26,1e-08,0.00000001,0.000000000000372515,6703344,2019-02-18 03:42:26,btc,2.92407407,1.128e-05,0.00000001,btc,1.523e-05,0.0,0.08576873,112
1,[],22,[],2019-02-18 03:42:30,1966.0,0.00000001,0.000000000000372515,6703345,2019-02-18 03:42:30,BTC,2.81183288,0.0,0.00000001,BTC,808524.0833333334,0.0,1.966e-05,112
0,[],27,[],2019-02-18 03:42:36,0.0,0,0,6703346,2019-02-18 03:42:36,,1.35132491849924,0.0,0,"btc,eth",1328.641654,0.0,0.0,112
1,[],4,[],2019-02-18 03:42:37,488009.06404295,0.00000359,0.00000000013373288500000002,6703347,2019-02-18 03:42:37,btc,0.3204476658981175,0.0,0.00000359,btc,75102.18663859,0.23955385,0.3169847804194366,113
1,[],5,[],2019-02-18 03:42:38,1.238e-05,0.00000314,0.00000000011696971,6703348,2019-02-18 03:42:38,btc,1.03425662,7.32e-05,0.00000314,btc,0.00234005,0.0,0.23642725,113
1,[],17,[],2019-02-18 02:48:56,152738.278,0.00000004,0.0000000000014842760000000001,6702993,2019-02-18 02:48:56,btc,1.33680302678,0.0,0.00000004,btc,50696.221,0.0,0.0022095311199999998,116
0,[],27,[],2019-02-18 03:42:43,0.0,0,0,6703349,2019-02-18 03:42:43,,0.0,0.0,0,btc,0.0,0.0,0.0,116
1,[],4,[],2019-02-18 03:42:43,23620.29306187,0.00003125,0.000000001164109375,6703350,2019-02-18 03:42:43,btc,0.8078552439590193,0.0,0.00003125,btc,23482.78791728,1.47733444,0.6139657682249279,120
1,[],7,[],2019-02-18 03:42:45,18248.12000794,0.00003004000000000000037705082112093890600590384565293788909912109375,0.00000000111903506,6703351,2019-02-18 03:42:45,btc,115647.13428525596,86.60769026,0.00003004000000000000037705082112093890600590384565293788909912109375,btc,27770.59585249,0.00308836,0.0769196295790958,120
1,[],20,[],2019-02-18 03:42:49,1076585.3897,0.000000017,0.0000000000006332755,6703352,2019-02-18 03:42:49,btc,31.909198496025,4188.2,0.000000017,btc,1141978.7853,6.70112e-05,0.0051311490174,125
1,[],22,[],2019-02-18 03:42:53,3053.0,0.00000001,0.000000000000372515,6703353,2019-02-18 03:42:53,BTC,0.01444887,0.0,0.00000001,BTC,296263.5111111111,0.0,3.053e-05,126
0,[],17,[],2019-02-18 03:31:07,0.0,0,0,6703152,2019-02-18 03:31:07,btc,0.0009561751951600001,0.0,0,btc,35.42829368,0.0,0.0,131
0,[],2,[],2019-01-20 23:25:46,0.0,0,0,6476969,2019-01-20 23:25:46,,0.0,0.0,0,,0.0,0.0,0.0,131
1,[],4,[],2019-02-18 03:42:54,121254.46164558,0.00001726,0.0000000006429608900000001,6703354,2019-02-18 03:42:54,btc,1.1142475364118485,0.0,0.00001726,btc,53493.29660519,0.39653422,0.9589819336518596,131
1,[],4,[],2019-02-18 03:42:56,4559.39842293,0.00016008,0.0000000059632201200000005,6703355,2019-02-18 03:42:56,btc,1.642035329786246,0.0,0.00016008,btc,307.87409808,0.00010658,0.0093053597159916,135
1,[],3,[],2019-02-18 03:42:57,1793630.03905174,0.00000005,0.000000000001862575,6703356,2019-02-18 03:42:57,btc,0.12183635312116449,42731.75,0.00000005,btc,509595.71602916997,0.0,0.0660789217803675,136
1,[],4,[],2019-02-18 03:42:58,110859.15874091,0.00000186,0.00000000006928779,6703357,2019-02-18 03:42:58,btc,0.1386329143023647,0.0,0.00000186,btc,63007.37419249,0.10231655,0.1651258778016108,137
1,[],12,[],2019-02-18 03:43:00,301268.69825759,0.000001769999999999999994019540816569957542014890350401401519775390625,0.00000000006593515500000001,6703358,2019-02-18 03:43:00,btc,11981.7019986019,0.0,0.000001769999999999999994019540816569957542014890350401401519775390625,btc,157918.15676263,0.0011826870095241,0.0351591598319899,137
1,[],5,[],2019-02-18 03:43:03,0.00183645,0.00005302,0.00000000197507453,6703360,2019-02-18 03:43:03,btc,1.40283028,0.20975494,0.00005302,btc,0.00353354,0.0,1.27148548,142
1,[],20,[],2019-02-18 03:43:15,133867.9447,0.000034962,0.0000000013023869430000001,6703361,2019-02-18 03:43:15,btc,0.3553350736712,0.0,0.000034962,btc,3229.1575,0.0,0.2515306851173,142
1,[],22,[],2019-02-18 03:43:27,1613.354305200341,0.00003220,0.0000000011994983000000001,6703362,2019-02-18 03:43:27,BTC,3.0070065,0.0,0.00003220,BTC,896.9784641392417,0.0,0.0018856,142
0.0,[],25,[],2019-02-18 03:43:28,0.0,0,0,6703363,2019-02-18 03:43:28,,0.0,0.0,0.0,btc,0.0,0.0,0.0,142
1,[],28,[],2019-02-18 03:43:39,77743.0,0.00004500,0.0000000016763175,6703364,2019-02-18 03:43:39,btc,0.057100837,1995.0,0.00004500,btc,356.4989,0.0,0.0519372,142
1,[],17,[],2019-02-18 03:31:14,22967.386363640002,0.00000088,0.000000000032781848,6703159,2019-02-18 03:31:14,btc,20.069913353036345,0.0,0.00000088,btc,2746.079105,0.0,0.0104613000000032,142
1,[],4,[],2019-02-18 03:43:01,114471.40806459,0.00005273,0.000000001964271595,6703359,2019-02-18 03:43:01,btc,0.6919882370497618,0.0,0.00005273,btc,10519.27290867,0.61052441,0.4348206754105556,142
0,[],22,[],2019-02-18 03:43:41,0.0,0,0,6703365,2019-02-18 03:43:41,,67.48874799,0.0,0,,840795081.3,0.0,0.0,143
1,[],21,[],2019-02-18 03:31:26,30697389.90747597,0.00000027,0.000000000010058067000000001,6703165,2019-02-18 03:31:26,btc,63.4021610938655,12439247.12726926,0.00000027,btc,98800964.3441708,3.37901393,4.159002015842933,145
0,[],22,[],2019-02-18 03:31:29,0.0,0,0,6703166,2019-02-18 03:31:29,,4.24982284,0.0,0,,1814156.0,0.0,0.0,146
,[],22,[],2018-11-20 23:01:11,0.0,0,0,4862114,2018-11-20 23:01:11,,2.56807021,0.0,,,61828.4988236,0.0,0.0,147
1,[],12,[],2019-02-18 03:43:43,8678898.78015319,0.00000297999999999999984397354955978354240642147487960755825042724609375,0.00000000011100947,6703366,2019-02-18 03:43:43,btc,16.58383558770579,0.0,0.00000297999999999999984397354955978354240642147487960755825042724609375,btc,122515.4262754,0.0006303731797804,0.1080365674000051,148
1,[],4,[],2019-02-18 03:43:44,252439.56402332,0.00000030,0.000000000011175450000000001,6703367,2019-02-18 03:43:44,btc,0.7792861841268122,0.0,0.00000030,btc,592738.21898097,0.0,0.0600404256786116,152
0,[],22,[],2019-02-18 03:43:47,0.0,0,0,6703368,2019-02-18 03:43:47,,0.0,0.0,0,,0.0,0.0,0.0,152
1,[],5,[],2019-02-18 03:43:48,0.0,0,0,6703369,2019-02-18 03:43:48,btc,10.61570492,0.0,0,btc,0.00092785,0.0,0.0,153
,[],16,[],2019-01-11 15:38:59,0.0,0,0,6366141,2019-01-11 15:38:59,btc,0.0,0.0,,btc,0.0,0.0,0.0,155
0,[],22,[],2019-02-18 03:43:52,0.0,0,0,6703370,2019-02-18 03:43:52,,6.74608761,0.0,0,,4644402.242592593,0.0,0.0,156
0,[],23,[],2019-01-20 23:24:29,0.0,0,0,6476932,2019-01-20 23:24:29,,0.0,0.0,0,,0.0,0.0,0.0,156
1,[],22,[],2019-02-18 03:43:56,7073.8,0.00005300,0.0000000019743295,6703371,2019-02-18 03:43:56,BTC,43.78801181,0.0,0.00005300,BTC,1067.5805334758436,0.0,0.00104336,157
0,[],22,[],2019-02-18 03:44:00,0.0,0,0,6703372,2019-02-18 03:44:00,,50175.68008609,0.0,0,,54479136.04179466,0.0,0.0,158
,[],17,[],2018-11-20 22:56:10,0.0,0,0,4861976,2018-11-20 22:56:10,btc,1.1265625,0.0,,btc,1000.0,0.0,0.0,159
,[],20,[],2018-11-20 22:56:12,0.0,0,0,4861977,2018-11-20 22:56:12,btc,11912.7940471,0.0,,btc,34413894.3617,0.0,0.0,159
1,[],12,[],2019-02-18 03:44:02,185496.49495245,0.0000073200000000000002193275942807826339731036568991839885711669921875,0.00000000027268098,6703373,2019-02-18 03:44:02,btc,6.658543428990122,0.0,0.0000073200000000000002193275942807826339731036568991839885711669921875,btc,14643.810945250001,0.0003914001,0.0817459442000025,168
1,[],17,[],2019-02-18 03:44:03,29784.95,0.000001,0.0000000000372515,6703374,2019-02-18 03:44:03,btc,0.03026736251542,0.0,0.000001,btc,144.46171372,0.0,0.00716147,168
1,[],22,[],2019-02-18 03:44:07,32185.0,0.00000002,0.00000000000074503,6703375,2019-02-18 03:44:07,BTC,1.14473811,0.0,0.00000002,BTC,604652.2234250928,0.00234462,0.0006427,169
1,[],22,[],2019-02-18 03:44:11,176276.0,0.00000019,0.000000000007077785000000001,6703376,2019-02-18 03:44:11,BTC,13.28920131,0.0,0.00000019,BTC,157546.54822383198,0.00070444,0.02446036,171
1,[],22,[],2019-02-18 03:44:15,158688.41176470587,0.00000017,0.0000000000063327550000000005,6703377,2019-02-18 03:44:15,BTC,2.66641211,0.0,0.00000017,BTC,271368.79665050836,0.0,0.00911019,173
1,[],5,[],2019-02-18 03:44:17,2.698e-05,0.00000198,0.00000000007375797,6703378,2019-02-18 03:44:17,btc,0.26483902,0.00027329,0.00000198,btc,0.00024725,0.0,0.3245267,175
1,[],22,[],2019-02-18 03:44:22,51114.0,0.0000002,0.000000000007450300000000001,6703379,2019-02-18 03:44:22,BTC,0.53337321,0.0,0.0000002,BTC,141986.47031396697,0.000355,0.0052914,176
1,[],7,[],2019-02-18 03:34:04,0.0,0,0,6703181,2019-02-18 03:34:04,btc,410918.63489866455,1108.89110889,0,btc,115828955.16222881,1.109e-05,0.0,178
0,[],22,[],2019-02-18 03:34:08,0.0,0,0,6703182,2019-02-18 03:34:08,,1.00242428,0.0,0,,57512.0,0.0,0.0,178
0,[],2,[],2019-01-20 23:28:34,0.0,0,0,6477001,2019-01-20 23:28:34,,0.0,0.0,0,,0.0,0.0,0.0,178
1,[],5,[],2019-02-18 03:44:23,3e-08,0.00000002,0.00000000000074503,6703380,2019-02-18 03:44:23,btc,18.5088334,0.00235506,0.00000002,btc,1.664e-05,0.0,0.74897887,179
1,[],22,[],2019-02-18 03:44:28,7779285.0,0.00000002,0.00000000000074503,6703381,2019-02-18 03:44:28,BTC,5.50797558,0.0,0.00000002,"BTC,LTC",17857364.676989965,0.0,0.38284554,179
0,[],23,[],2019-01-20 23:25:08,0.0,0,0,6476952,2019-01-20 23:25:08,,0.0,0.0,0,,0.0,0.0,0.0,179
1,[],17,[],2019-02-18 03:44:30,10504.725,0.0000001,0.00000000000372515,6703382,2019-02-18 03:44:30,btc,5.201913593536998,0.0,0.0000001,btc,5466.1328087,0.0,0.0010504725,180
1,[],22,[],2019-02-18 03:44:34,129174.85333333333,0.00000150,0.00000000005587725,6703383,2019-02-18 03:44:34,BTC,0.13645276,0.0,0.00000150,"BTC,LTC",27192.283631308655,0.00027832,0.00215962,180
1,[],26,[],2019-02-18 03:44:35,0.0,0.00000100,0.0000000000372515,6703384,2019-02-18 03:44:35,btc,0.0,0.0,0.00000100,btc,0.0,0.0,0.0,180
,[],7,[],2018-11-20 22:58:01,562227.975654,0.00000085,0.000000000036176765,4862015,2018-11-20 22:58:01,btc,21836.6059674,2491.87645172,,btc,749999.041456,0.00211021,0.127565380455,183
1,[],24,[],2019-02-18 03:44:35,0.0,0.000000000001,3.72515e-17,6703385,2019-02-18 03:44:35,btc,0.0,0.0,0.000000000001,btc,0.0,0.0,0.0,187
,[],5,[],2019-01-10 08:11:41,0.0,0,0,6347036,2019-01-10 08:11:41,btc,82.15055501,0.00261,,btc,1.19002445,0.0,0.0,187
,[],17,[],2018-11-16 20:58:10,4062536.27273,0.00000001,0.000000000000550501,4708775,2018-11-16 20:58:10,btc,3.36492563466,0.195460381006,,"btc,eth",110697919.549,0.0,0.0157628953496,187
0,[],22,[],2019-02-18 03:44:38,0.0,0,0,6703386,2019-02-18 03:44:38,,1.19374426,0.0,0,,16338.869534405507,0.0,0.0,191
0,[],22,[],2019-02-18 03:44:53,0.0,0,0,6703387,2019-02-18 03:44:53,,0.0,0.0,0,,0.0,0.0,0.0,197
0,[],23,[],2019-01-20 23:31:41,0.0,0,0,6477079,2019-01-20 23:31:41,,0.0,0.0,0,,0.0,0.0,0.0,199
0,[],22,[],2019-02-18 03:44:56,0.0,0,0,6703388,2019-02-18 03:44:56,,5.17192327,0.0,0,,21801494.0,0.0,0.0,199
1,[],26,[],2019-02-18 03:44:56,0.0,0.00000000,0,6703389,2019-02-18 03:44:56,btc,0.0,374698.0,0.00000000,btc,0.0,0.0,0.0,199
0,[],17,[],2019-01-30 16:32:01,0.0,0,0,6540827,2019-01-30 16:32:01,btc,6.802544163788159,0.0,0,btc,105897.55575295,0.0,0.0,200
0,[],2,[],2019-01-20 23:30:49,0.0,0,0,6477059,2019-01-20 23:30:49,,0.0,0.0,0,,0.0,0.0,0.0,201
1,[],4,[],2019-01-25 15:51:35,2084389.58565343,0.00000936,0.000000000333526752,6499557,2019-01-25 15:51:35,btc,2.0092503037378524,0.0,0.00000936,btc,160195.80207885,0.19272417,1.242687955921835,211
1,[],7,[],2019-02-18 03:44:59,4957504.0950669,0.00000141999999999999995691814247411599581027985550463199615478515625,0.000000000052897130000000004,6703390,2019-02-18 03:44:59,btc,15475859.387691624,194706.573564,0.00000141999999999999995691814247411599581027985550463199615478515625,btc,11191567.95788679,0.0,3.3800368120883735,212
1,[],5,[],2019-02-18 03:45:00,2.96e-06,0.00000028,0.00000000001043042,6703391,2019-02-18 03:45:00,btc,0.96249621,0.12112072,0.00000028,btc,2.789e-05,0.0,0.22889312,213
1,[],24,[],2019-02-18 03:45:00,0.0,0.000000050000,0.0000000000018625750000000003,6703392,2019-02-18 03:45:00,btc,0.0,0.0,0.000000050000,btc,0.0,0.0,0.0,213
1,[],26,[],2019-02-18 03:45:00,0.0,0.00000009,0.000000000003352635,6703393,2019-02-18 03:45:00,btc,0.0,0.0,0.00000009,btc,0.0,0.0,0.0,213
1,[],12,[],2019-01-25 02:44:32,207462.42853209,0.000001080000000000000035831255497387193287295303889550268650054931640625,0.000000000038610756000000006,6493050,2019-01-25 02:44:32,btc,85023.03793723314,0.0,0.000001080000000000000035831255497387193287295303889550268650054931640625,btc,43675.73520027,0.000146250909087,0.0348620860622024,213
0,[],22,[],2019-02-18 03:45:16,0.0,0,0,6703394,2019-02-18 03:45:16,,2.19551377,0.0,0,,211112.59081706151,0.0,0.0,216
1,[],27,[],2019-02-18 03:45:19,5204157.5615,0.00000006,0.00000000000223509,6703395,2019-02-18 03:45:19,btc,362.0759367606,0.0,0.00000006,"btc,ltc",273491.775,0.0,0.05478726246,216
1,[],22,[],2019-02-18 03:45:22,191926.0267418882,0.00000189,0.00000000007040533500000001,6703396,2019-02-18 03:45:22,BTC,12677.11433606,0.0,0.00000189,BTC,451138.3108103337,0.01587002,0.21332488,217
1,[],7,[],2019-02-18 03:45:23,0.0,0,0,6703397,2019-02-18 03:45:23,btc,77969.6156418105,0.0,0,btc,137055636.5050253,0.0,0.0,219
0,[],27,[],2019-02-18 03:45:26,0.0,0,0,6703398,2019-02-18 03:45:26,,5.341833788316972,0.0,0,btc,1599140.99226595,0.0,0.0,219
0.0000000000000055,[],28,[],2019-02-18 03:45:30,168566769.653,2.47511e-18,9.220156016500001e-23,6703399,2019-02-18 03:45:30,doge,84062.9976427895,14796.0,0.00045002,"btc,doge",4762557.44411,0.0,1.2145217511323876e-11,219
1,[],22,[],2019-02-18 03:45:34,224807.6,0.00000013,0.000000000004842695,6703400,2019-02-18 03:45:34,BTC,3.03110627,0.0,0.00000013,BTC,124292.57041875875,0.0,0.02357076,221
1,[],24,[],2019-02-18 03:45:34,0.0,0.000000170000,0.0000000000063327550000000005,6703401,2019-02-18 03:45:34,btc,0.0,28042.67826,0.000000170000,btc,0.0,0.00453642,0.0,221
1,[],20,[],2019-02-18 03:45:36,50869322.3415,0.000000002,0.000000000000074503,6703402,2019-02-18 03:45:36,btc,47.9783305350875,255256.0808,0.000000002,btc,10158214.059,0.0007707393782,0.0517226281053,224
0,[],22,[],2019-02-18 03:45:39,0.0,0,0,6703403,2019-02-18 03:45:39,,0.0,0.0,0,,0.0,0.0,0.0,224
1,[],26,[],2019-02-18 03:45:39,0.0,0.00000033,0.000000000012292995,6703404,2019-02-18 03:45:39,btc,0.0,0.0,0.00000033,btc,0.0,0.0,0.0,231
1,[],26,[],2019-02-18 03:45:39,0.0,0.00000006,0.00000000000223509,6703405,2019-02-18 03:45:39,btc,0.0,0.0,0.00000006,btc,0.0,0.0,0.0,234
0,[],27,[],2019-02-18 03:45:43,0.0,0,0,6703406,2019-02-18 03:45:43,,0.0113483662182,0.0,0,"btc,eth",11462.99618,0.0,0.0,234
0,[],22,[],2019-02-18 03:45:46,0.0,0,0,6703407,2019-02-18 03:45:46,,3.02211091,0.0,0,,107455782.06349206,0.0,0.0,235
1,[],4,[],2019-02-18 03:45:47,1132126.94841983,0.00000091,0.000000000033898865000000005,6703408,2019-02-18 03:45:47,btc,0.4939762982826922,0.0,0.00000091,btc,348793.54310225,0.03872022,0.4272962569352281,236
1,[],24,[],2019-02-18 03:45:47,0.0,0.000000020010,0.000000000000745402515,6703409,2019-02-18 03:45:47,btc,0.0,0.0,0.000000020010,btc,0.0,0.0,0.0,236
1,[],20,[],2019-02-18 03:35:41,74175491.2508,0.000000077,0.0000000000028684117,6703212,2019-02-18 03:35:41,btc,16.0883336130178,17801421.0975,0.000000077,btc,35583976.035,1.4549296333198,0.9018583753525,237
1,[],22,[],2019-02-18 03:35:46,116403.0,0.00000004,0.0000000000014900840000000001,6703213,2019-02-18 03:35:46,BTC,0.0405823,0.0,0.00000004,"BTC,LTC",3164.0,0.0,0.00482009,237
1,[],4,[],2019-02-18 03:45:49,5498943.04958465,0.00000033,0.000000000012292995,6703410,2019-02-18 03:45:49,btc,0.4632328921630759,0.0,0.00000033,btc,1271389.2598759,0.11440303,1.6923228883419277,238
1,[],5,[],2019-02-18 03:45:51,4.43e-06,0.00000033,0.000000000012292995,6703411,2019-02-18 03:45:51,btc,0.78946123,0.00019043,0.00000033,btc,3.008e-05,0.0,0.29107862,238
0,[],22,[],2019-02-18 03:45:54,0.0,0,0,6703412,2019-02-18 03:45:54,,1978.15996288,0.0,0,,370860.0639027493,0.0,0.0,249
0.0000000001197765,[],22,[],2019-02-18 03:45:58,7021097.666666667,3.593295e-18,1.338556286925e-22,6703413,2019-02-18 03:45:58,LTC,0.56670218,0.0,0.00000003,LTC,15147487.09,1.6774698825e-14,0.20963595,252
1,[],28,[],2019-02-18 03:46:00,4391956.698,0.0000001,0.0000000000037251500000000005,6703414,2019-02-18 03:46:00,btc,164693.69249005214,27992.765,0.0000001,btc,1044622.2751,0.0,0.2663411375,256
1,[],22,[],2019-02-18 03:46:04,1494873.6666666667,0.00000003,0.000000000001117545,6703415,2019-02-18 03:46:04,BTC,30.15633433,0.0,0.00000003,BTC,391113.92423192423,0.00042873,0.04370093,258
1,[],22,[],2019-02-18 03:46:07,49651.0,0.00000002,0.00000000000074503,6703416,2019-02-18 03:46:07,BTC,2.629917,0.0,0.00000002,BTC,1762.0,0.0,0.00050551,259
1,[],22,[],2019-02-18 03:46:11,10540.0,0.00001220,0.0000000004544683,6703417,2019-02-18 03:46:11,BTC,1293.02455434,0.0,0.00001220,"BTC,LTC",6053.292601650775,0.0,0.01253465,262
1,[],5,[],2019-02-18 03:46:13,1.099e-05,0.00000125,0.000000000046564375000000004,6703418,2019-02-18 03:46:13,btc,0.62226208,0.00527626,0.00000125,btc,0.00028875,0.0,0.15859691,264
1,[],20,[],2019-02-18 03:46:15,1223905.3679,0.000001002,0.000000000037326003,6703419,2019-02-18 03:46:15,btc,7.3224449455958,79503.501,0.000001002,btc,83326.7639,0.209519506076,0.0256906940926,264
1,[],22,[],2019-02-18 03:46:19,69663.5,0.00000002,0.00000000000074503,6703420,2019-02-18 03:46:19,BTC,8.50078806,0.0,0.00000002,BTC,408009.1588548506,7.886e-05,0.00089564,271
0,[],22,[],2019-02-18 03:46:21,0.0,0,0,6703421,2019-02-18 03:46:21,,385.44178703,0.0,0,,15173097515.9,0.0,0.0,272
0.0000000000000055,[],28,[],2019-02-18 03:46:24,201225718892.248,4.4e-21,1.6390660000000002e-25,6703422,2019-02-18 03:46:24,doge,441780746.53652394,44079581365.2262,0.0000008,doge,203658608183.49878,0.0,5.402536582883447e-10,272
1,[],22,[],2019-02-18 03:46:37,25563.363076923077,0.00001500,0.0000000005587725,6703423,2019-02-18 03:46:37,BTC,74.24524289,0.0,0.00001500,"BTC,LTC",4195.787545323318,0.00365968,0.10087415,281
