pairValue,buyBook,exchangeId,sellBook,updated,buyTotal,satoshiPrice,usdPrice,exchangeLogId,created,bestPair,sellTotalBtc,volume,pairPrice,activePairs,sellTotal,volumeBtc,buyTotalBtc,coinId
1,[],3,[],2019-03-01 20:58:34,30534.376082744362,0.01250724999999999927091653972865969990380108356475830078125,0.00000048093628135,6821978,2019-03-01 20:58:34,btc,61.11112195833482,0.0400073,0.01250724999999999927091653972865969990380108356475830078125,btc,25.256056086169,0.0,0.23632569435224104,1
1,[],4,[],2019-03-01 20:58:36,208065.35367264,0.01257455,0.00000048352414133,6821979,2019-03-01 20:58:36,btc,9.123790327731967,0.0,0.01257455,btc,256.55864889,1.19976563,3.1019762941072013,1
1,[],5,[],2019-03-01 20:58:39,0.0,0,0,6821980,2019-03-01 20:58:39,btc,0.0,0.08423373,0,btc,0.0,0.0,0.0,1
1,[],10,[],2019-03-01 20:58:42,414733.54060483,0.01050211,0.00000040383343498600003,6821981,2019-03-01 20:58:42,btc,6523.057726500505,1133.72667344,0.01050211,btc,1175.67889534,0.0,6.101063104273149,1
1,[],12,[],2019-03-01 20:58:45,10443.90452996,0.01252999999999999947153384027842548675835132598876953125,0.000000481811078,6821982,2019-03-01 20:58:45,btc,0.5579239135845,0.0,0.01252999999999999947153384027842548675835132598876953125,btc,34.81231511,0.1860293981131,0.4353107253199,1
1,[],20,[],2019-03-01 20:58:46,1151.4783,0.01151,0.00000044258942600000003,6821983,2019-03-01 20:58:46,btc,0.0662082325693,0.0466,0.01151,btc,3.0133,0.000489766,0.0946511826215,1
1,[],21,[],2019-03-01 20:58:47,2097.94580206,0.01256156999999999933359529081,0.0000004830250265820001,6821984,2019-03-01 20:58:47,btc,17.17808612100072,1548.45368951,0.01256156999999999933359529080689753754995763301849365234375,"btc,eth",1738.70772023,19.15251159274163,22.865327664843075,1
1,[],22,[],2019-03-01 20:58:52,0.006382215384615385,0.01300000,0.0000004998838000000001,6821985,2019-03-01 20:58:52,BTC,0.31439419,0.0,0.01300000,BTC,0.12751438772928525,0.0,7.978e-05,1
1,[],24,[],2019-03-01 20:58:52,0.0,0.000000000000,0,6821986,2019-03-01 20:58:52,btc,0.0,0.0,0.000000000000,btc,0.0,0.0,0.0,1
0.0,[],25,[],2019-03-01 20:58:53,0.0,0,0,6821987,2019-03-01 20:58:53,btc,12.735799998560386,708.25838954,0.0,btc,980.77788092,8.9613,0.0,1
1,[],26,[],2019-03-01 20:58:54,0.0,0,0,6821988,2019-03-01 20:58:54,,0.0,0.0,0,,0.0,0.0,0.0,1
1,[],28,[],2019-03-01 20:58:56,993.142,0.01323000,0.0000005087278980000001,6821989,2019-03-01 20:58:56,btc,0.162839806,18798.55,0.01323000,btc,8.9,0.0,0.089302756,1
0,[],2,[],2019-01-20 23:28:45,0.0,0,0,6477011,2019-01-20 23:28:45,,0.0,0.0,0,,0.0,0.0,0.0,1
1,[],5,[],2019-03-01 20:58:59,0.0,0,0,6821990,2019-03-01 20:58:59,btc,0.0,0.0178679,0,btc,0.0,0.0,0.0,2
0,[],22,[],2019-03-01 20:59:02,0.0,0,0,6821991,2019-03-01 20:59:02,,0.0,0.0,0,,0.0,0.0,0.0,2
1,[],5,[],2019-03-01 20:59:04,0.0,0,0,6821992,2019-03-01 20:59:04,btc,0.0,0.9828524,0,btc,0.0,0.0,0.0,3
1,[],12,[],2019-03-01 20:59:05,13372540.1887345,0.000000175,0.0000000000067292050000000005,6821993,2019-03-01 20:59:05,btc,924396.2526859983,0.0,0.000000175,btc,8214491.58125304,0.06483149175049253,0.728368557419303,3
0,[],28,[],2019-03-01 20:59:07,0.0,0,0,6821994,2019-03-01 20:59:07,,0.0,0.0,0,,0.0,0.0,0.0,3
0,[],2,[],2019-01-20 23:31:32,0.0,0,0,6477077,2019-01-20 23:31:32,,0.0,0.0,0,,0.0,0.0,0.0,4
1,[],4,[],2019-03-01 20:59:09,394515.51681416,0.00000033,0.000000000012689358000000001,6821995,2019-03-01 20:59:09,btc,31.987340114656288,0.0,0.00000033,btc,711488.43491406,0.0,0.0533407895458889,4
1,[],12,[],2019-03-01 20:59:10,1363917.18866667,0.00000003,0.000000000001153578,6821996,2019-03-01 20:59:10,btc,11013925.630750798,0.0,0.00000003,btc,1264766.42361994,0.000160066003996,0.0204295504400001,5
0,[],2,[],2019-01-20 23:31:51,0.0,0,0,6477087,2019-01-20 23:31:51,,0.0,0.0,0,,0.0,0.0,0.0,6
1,[],11,[],2019-03-01 20:59:13,4961818.5,0.00000002,0.0000000000007690520000000001,6821997,2019-03-01 20:59:13,btc,9568.044664252815,482490.0,0.00000002,btc,41579250.07452957,0.0,0.066711205,6
1,[],3,[],2019-03-01 20:59:21,1078.300764522044,0.0001510600000000000072038208731584063571062870323657989501953125,0.000000005808649756000001,6821998,2019-03-01 20:59:21,btc,28.402034471989545,0.0,0.0001510600000000000072038208731584063571062870323657989501953125,btc,243.122414578101,0.0,0.03284743781632565,7
1,[],4,[],2019-03-01 20:59:23,92613.72105816,0.00022469,0.000000008639914694,6821999,2019-03-01 20:59:23,btc,12.078880784203585,0.0,0.00022469,btc,35716.18176113,7.41796042,5.026398017677167,7
1,[],5,[],2019-03-01 20:59:26,0.0,0,0,6822000,2019-03-01 20:59:26,btc,0.0,1.30306391,0,btc,0.0,0.0,0.0,7
1,[],20,[],2019-02-20 02:16:17,39399275.8418,0.000000001,0.0000000000000390183,6728586,2019-02-20 02:16:17,btc,116.9737569154545,525.0,0.000000001,btc,56932965.8895,5.25e-07,0.0393992758418,8
0,[],2,[],2019-01-20 23:22:42,0.0,0,0,6476876,2019-01-20 23:22:42,,0.0,0.0,0,,0.0,0.0,0.0,9
0,[],23,[],2019-01-20 23:22:48,0.0,0,0,6476878,2019-01-20 23:22:48,,0.0,0.0,0,,0.0,0.0,0.0,9
1,[],4,[],2019-03-01 20:59:29,2017957.67652996,0.00000168,0.00000000006460036800000001,6822001,2019-03-01 20:59:29,btc,7.400994334832013,0.0,0.00000168,btc,3136122.43534883,1.87451036,0.7628453816146918,9
1,[],28,[],2019-03-01 20:59:30,45852.853,0.00000181,0.000000000069599206,6822002,2019-03-01 20:59:30,btc,2708.763406715895,3689023.76,0.00000181,btc,12476.4655,0.0,0.04775258393,9
1,[],1,[],2019-02-17 23:31:42,1822507.21,0.00000181000000000000003456111265232042484285557293333113193511962890625,0.000000000066086901,6701244,2019-02-17 23:31:42,btc,3.6990969245,17153386.5,0.00000181000000000000003456111265232042484285557293333113193511962890625,btc,1997391.71,31.11772986,3.2610482446,9
1,[],4,[],2019-02-17 11:22:43,4341674.27126056,0.00000002,0.0000000000007272960000000001,6696112,2019-02-17 11:22:43,btc,0.1997230937751353,0.0,0.00000002,btc,4109766.79808031,0.00215132,0.0479381022052112,10
0,[],2,[],2019-01-20 23:23:08,0.0,0,0,6476890,2019-01-20 23:23:08,,0.0,0.0,0,,0.0,0.0,0.0,12
1,[],4,[],2019-03-01 20:59:32,5689396.14798302,0.00000119,0.000000000045758594,6822003,2019-03-01 20:59:32,btc,10.456886815678642,0.0,0.00000119,btc,5625644.15398903,2.17106293,1.78985398529888,12
1,[],5,[],2019-03-01 20:59:33,0.0,0,0,6822004,2019-03-01 20:59:33,btc,0.0,0.27784577,0,btc,0.0,0.0,0.0,12
0.0,[],25,[],2019-03-01 20:59:35,0.0,0,0,6822005,2019-03-01 20:59:35,,0.0,0.0,0.0,btc,0.0,0.0,0.0,12
1,[],4,[],2019-03-01 20:59:35,32014112.532274,0.00000554,0.00000000021302740400000001,6822006,2019-03-01 20:59:35,btc,3.001670847542682,0.0,0.00000554,btc,417798.06968746,0.28067026,1.1165470821812518,13
1,[],10,[],2019-03-01 20:59:38,397156.8918207,0.00000529,0.000000000203414254,6822007,2019-03-01 20:59:38,btc,666802.6084286633,8797.0105312,0.00000529,btc,743678.31053367,0.0,0.2378953126967768,13
1,[],21,[],2019-03-01 20:59:39,881303.11915815,0.000005830000000000000085582582687,0.000000000224178658,6822008,2019-03-01 20:59:39,btc,6.155248078641814,200747.31662995,0.00000583000000000000008558258268731577800281229428946971893310546875,btc,968408.41617079,1.14083582,4.6720726987772245,13
1,[],4,[],2019-03-01 20:59:40,712261.89154878,0.00000150,0.000000000057678900000000006,6822009,2019-03-01 20:59:40,btc,127.23481654677283,0.0,0.00000150,btc,885674.24428668,0.06539265,0.1650498925408708,14
1,[],12,[],2019-03-01 20:59:42,219592.34078747,0.00000137999999999999991637657063836552850943917292170226573944091796875,0.000000000053064588,6822010,2019-03-01 20:59:42,btc,5.290507978648302,0.0,0.00000137999999999999991637657063836552850943917292170226573944091796875,btc,31128.09057434,0.0022344232798528,0.0281447599998842,14
0,[],17,[],2019-03-01 20:59:44,0.0,0,0,6822011,2019-03-01 20:59:44,btc,0.0,0.0,0,btc,0.0,0.0,0.0,14
1,[],26,[],2019-03-01 20:59:44,0.0,0.00000050,0.0000000000192263,6822012,2019-03-01 20:59:44,btc,0.0,0.0,0.00000050,btc,0.0,0.0,0.0,14
0,[],4,[],2019-03-01 20:59:45,0.0,0,0,6822013,2019-03-01 20:59:45,,0.0,0.0,0,,0.0,0.0,0.0,15
,[],12,[],2018-12-01 15:15:48,204241.84496,0.00000489,0.000000000202473384,5260204,2018-12-01 15:15:48,btc,49.5475654835,0.0,,btc,35763.2193806,0.0163153972027625,0.0203389899998,15
0,[],2,[],2019-01-20 23:23:38,0.0,0,0,6476906,2019-01-20 23:23:38,,0.0,0.0,0,,0.0,0.0,0.0,18
1,[],4,[],2019-03-01 20:59:47,25753.4367766,0.00001786,0.0000000006867634360000001,6822014,2019-03-01 20:59:47,btc,1.3216055374561904,0.0,0.00001786,btc,13863.6890112,0.0369389,0.0796849719690998,18
1,[],10,[],2019-03-01 20:59:49,786046.57915684,0.00001751,0.000000000673305026,6822015,2019-03-01 20:59:49,btc,25.81436102865314,46394.2209133,0.00001751,btc,15177.71987959,0.0,0.1880681574118317,18
1,[],12,[],2019-03-01 20:59:51,193682.73175212,0.0000174999999999999984669381281054967303134617395699024200439453125,0.0000000006729205,6822016,2019-03-01 20:59:51,btc,23.63051160415707,0.0,0.0000174999999999999984669381281054967303134617395699024200439453125,btc,1864.03352308,2.45e-06,0.0350979630952631,18
0,[],17,[],2019-03-01 19:37:26,0.0,0,0,6821285,2019-03-01 19:37:26,btc,0.0,0.0,0,btc,0.0,0.0,0.0,18
0,[],2,[],2019-01-20 23:24:19,0.0,0,0,6476924,2019-01-20 23:24:19,,0.0,0.0,0,,0.0,0.0,0.0,19
1,[],3,[],2019-03-01 20:59:59,118572.23134956505,0.00002000000000000000163606107828062619091724627651274204254150390625,0.0000000007690520000000002,6822017,2019-03-01 20:59:59,btc,0.5053401800644072,3105.37983943,0.00002000000000000000163606107828062619091724627651274204254150390625,btc,7948.096912413742,0.0,0.03491739175254243,19
1,[],4,[],2019-03-01 21:00:00,517981.75941519,0.00001988,0.0000000007644376880000001,6822018,2019-03-01 21:00:00,btc,1.9368172026063917,0.0,0.00001988,btc,64843.6519282,0.27944906,2.3539295056146328,19
1,[],5,[],2019-03-01 21:00:01,0.0,0,0,6822019,2019-03-01 21:00:01,btc,0.0,0.00046318,0,btc,0.0,0.0,0.0,19
1,[],12,[],2019-03-01 21:00:02,135272.9352518,0.00001821000000000000013946309385115540635524666868150234222412109375,0.0000000007002218460000001,6822020,2019-03-01 21:00:02,btc,6.898796282652104,0.0,0.00001821000000000000013946309385115540635524666868150234222412109375,btc,467.19317902,0.00097764,0.10829194000001599,19
0,[],27,[],2019-03-01 21:00:05,0.0,0,0,6822021,2019-03-01 21:00:05,,0.0,0.0,0,btc,0.0,0.0,0.0,19
1,[],4,[],2019-03-01 21:00:06,2800098.06930745,0.00000013,0.000000000004998838,6822022,2019-03-01 21:00:06,btc,7.378502889194436,0.0,0.00000013,btc,2855585.3982639,0.00194537,0.0790856264754801,20
1,[],4,[],2019-03-01 21:00:07,104036087.13737024,0.00000002,0.0000000000007690520000000001,6822023,2019-03-01 21:00:07,btc,1798.7485654879747,0.0,0.00000002,btc,55613109.76506001,0.0,1.1684621866280451,21
1,[],12,[],2019-03-01 21:00:07,18207001.0,0.00000002,0.0000000000007690520000000001,6822024,2019-03-01 21:00:07,btc,670.3733702334847,0.0,0.00000002,btc,8127598.32857329,0.0,0.23638026,21
0,[],17,[],2019-03-01 21:00:20,0.0,0,0,6822025,2019-03-01 21:00:20,btc,0.0,0.0,0,btc,0.0,0.0,0.0,21
1,[],12,[],2019-03-01 21:00:22,3051259814.531895,0.0000000002,0.000000000000007690520000000001,6822026,2019-03-01 21:00:22,btc,875865855577.2803,0.0,0.0000000002,btc,4946576642.380058,0.01242492824095904,0.31652424215318953,23
0.0000000003552046,[],27,[],2019-03-01 21:00:25,2000.0,3.552046e-18,1.365854040196e-22,6822027,2019-03-01 21:00:25,eth,1.3829826565934114,0.0,0.00000001,eth,2164879.85514486,0.0,7.1040919999999995e-15,23
1,[],4,[],2019-03-01 21:00:27,440409.67057914,0.00000051,0.000000000019610826000000002,6822028,2019-03-01 21:00:27,btc,8.78367005814173,0.0,0.00000051,btc,1527578.32180145,0.00213046,0.1409728686830976,24
1,[],22,[],2019-03-01 21:00:31,11.76,0.00000100,0.0000000000384526,6822029,2019-03-01 21:00:31,BTC,7.415e-05,0.0,0.00000100,BTC,23.919354838709676,0.0,1.176e-05,24
0.0,[],25,[],2019-03-01 21:00:32,0.0,0,0,6822030,2019-03-01 21:00:32,,0.0,0.0,0.0,btc,0.0,0.0,0.0,24
1,[],4,[],2019-03-01 21:00:34,26578394.85109835,0.00000625,0.00000000024032875,6822031,2019-03-01 21:00:34,btc,155.81387616562512,0.0,0.00000625,btc,240877.81519395,0.07596373,0.4382186528546489,26
1,[],10,[],2019-03-01 21:00:36,691126.43052741,0.00000603,0.000000000231869178,6822032,2019-03-01 21:00:36,btc,26.125950038523122,4089.23315352,0.00000603,btc,14054.67408507,0.0,0.2398199360174543,26
0,[],2,[],2019-01-20 23:25:56,0.0,0,0,6476976,2019-01-20 23:25:56,,0.0,0.0,0,,0.0,0.0,0.0,26
1,[],3,[],2019-03-01 21:00:44,5529569.78933568,0.00000001,0.00000000000038452600000000004,6822033,2019-03-01 21:00:44,btc,2.1004139993002364,120469.133324,0.00000001,btc,17433650.89664366,0.0,0.0552956978933568,27
1,[],5,[],2019-03-01 21:00:46,0.0,0,0,6822034,2019-03-01 21:00:46,btc,0.0,0.0,0,btc,0.0,0.0,0.0,27
1,[],11,[],2019-03-01 21:00:47,9470054.891515061,0.00000005,0.0000000000019226300000000003,6822035,2019-03-01 21:00:47,btc,67506.38088715188,21889.311987,0.00000005,btc,7980367.26084264,0.0,0.4414030388653851,27
1,[],4,[],2019-03-01 21:00:49,1610149071.920555,0.00000002,0.0000000000007690520000000001,6822036,2019-03-01 21:00:49,btc,2.8413852820183956,0.0,0.00000002,"btc,ltc",195447682.38111505,0.30861723,12.419873144490579,29
1,[],7,[],2019-03-01 21:00:50,35790709.30901225,0.00000002,0.0000000000007690520000000001,6822037,2019-03-01 21:00:50,btc,44462590.699340165,182966.925408,0.00000002,btc,47128750.89673502,0.0,0.3613325026805319,29
1,[],4,[],2019-03-01 21:00:52,2196198.90165661,0.00000026,0.000000000009997676,6822038,2019-03-01 21:00:52,btc,2.3402605787070248,0.0,0.00000026,btc,1565364.07374349,0.00023518,0.0942565325979219,30
0,[],17,[],2019-03-01 21:00:53,0.0,0,0,6822039,2019-03-01 21:00:53,btc,0.0,0.0,0,btc,0.0,0.0,0.0,30
1,[],4,[],2019-03-01 21:00:55,108102.87139962,0.00004760,0.0000000018303437600000001,6822040,2019-03-01 21:00:55,btc,5.688056388455397,0.0,0.00004760,btc,70324.24005114,0.90038911,0.4691417582973215,31
1,[],21,[],2019-03-01 21:00:55,2142352.53679108,0.00004801000000000000281436332572,0.0000000018461093260000003,6822041,2019-03-01 21:00:55,btc,2.4107552514713535,68946.9700355,0.0000480100000000000028143633257204925257610739208757877349853515625,btc,43530.13409962,3.32431368,3.575213073957213,31
0,[],2,[],2019-01-20 23:28:43,0.0,0,0,6477009,2019-01-20 23:28:43,,0.0,0.0,0,,0.0,0.0,0.0,32
1,[],4,[],2019-03-01 20:51:59,387042075.75865495,0.00000004,0.000000000001537648,6821846,2019-03-01 20:51:59,btc,11.451862671921937,0.0,0.00000004,"btc,ltc",203266688.38263378,0.53451012,8.824831191669409,33
1,[],12,[],2019-03-01 20:52:00,17224927.0,0.00000004,0.000000000001537648,6821847,2019-03-01 20:52:00,btc,35630718.1161121,0.0,0.00000004,btc,90539140.47957908,0.002262662617383,0.55664588,33
1,[],4,[],2019-03-01 21:00:57,117868229.96062756,0.00000001,0.00000000000038452600000000004,6822042,2019-03-01 21:00:57,btc,3.6955440326772635,0.0,0.00000001,btc,101405693.70227136,0.02747759,1.1786822996062756,34
1,[],5,[],2019-03-01 21:00:58,0.0,0,0,6822043,2019-03-01 21:00:58,btc,0.0,0.01118768,0,btc,0.0,0.0,0.0,34
0.0000000001251466,[],4,[],2019-03-01 21:01:01,2303369414.1649613,2.502932e-18,9.624424302320002e-23,6822044,2019-03-01 21:01:01,ltc,5.157155600981926e-08,0.0,0.00000002,ltc,6297546809.339437,0.0,3.795005745070261e-09,36
1,[],5,[],2019-03-01 21:01:03,0.0,0,0,6822045,2019-03-01 21:01:03,btc,0.0,0.0,0,btc,0.0,0.0,0.0,36
0,[],17,[],2019-03-01 21:01:05,0.0,0,0,6822046,2019-03-01 21:01:05,btc,0.07464582821977066,0.0,0,btc,4105386.20243647,0.0,0.0,36
0.0000000003552046,[],27,[],2019-03-01 21:01:09,1090000.0,3.552046e-18,1.365854040196e-22,6822047,2019-03-01 21:01:09,eth,222.5997971062634,0.0,0.00000001,"ltc,eth",11163566.48751039,0.0,1.48133104e-12,36
1,[],17,[],2019-03-01 20:26:20,1752.74075282,0.00000025,0.000000000009610675,6821501,2019-03-01 20:26:20,btc,0.055484923777095005,0.0,0.00000025,btc,1319.19918473,0.0,0.00043818518820499993,37
1,[],4,[],2019-03-01 20:52:11,247644.29168206,0.00000061,0.000000000023449132,6821854,2019-03-01 20:52:11,btc,19772.48520819012,0.0,0.00000061,btc,560717.84788899,0.02137287,0.1125127019953877,37
1,[],12,[],2019-03-01 20:52:12,635836.39554549,0.00000061,0.000000000023449132,6821855,2019-03-01 20:52:12,btc,1345.8806671173434,0.0,0.00000061,btc,1026718.15448407,0.1064983893488223,0.20554882000001018,37
1,[],27,[],2019-03-01 20:52:16,14685.567,0.00000045,0.000000000017298539999999998,6821856,2019-03-01 20:52:16,btc,25.82160105111233,0.0,0.00000045,btc,6804.86438508,0.0,0.00480032515,37
1,[],5,[],2019-03-01 21:01:12,0.0,0,0,6822048,2019-03-01 21:01:12,btc,0.0,0.08120093,0,btc,0.0,0.0,0.0,42
1,[],12,[],2019-03-01 21:01:13,254482.14656797,0.00000101000000000000007076262319161141789436442195437848567962646484375,0.000000000038837126000000007,6822049,2019-03-01 21:01:13,btc,94.68490078055588,0.0,0.00000101000000000000007076262319161141789436442195437848567962646484375,btc,98458.7890622,0.0404804957406922,0.0603542255709762,42
0.0000000003552046,[],27,[],2019-03-01 21:01:18,2000.0,3.552046e-18,1.365854040196e-22,6822050,2019-03-01 21:01:18,eth,0.00315028,0.0,0.00000001,"btc,eth",11.007,0.0,7.1040919999999995e-15,42
1,[],5,[],2019-03-01 21:01:19,0.0,0,0,6822051,2019-03-01 21:01:19,btc,0.0,0.0065045,0,btc,0.0,0.0,0.0,43
1,[],12,[],2019-03-01 21:01:20,1064496.0,0.00000001,0.00000000000038452600000000004,6822052,2019-03-01 21:01:20,btc,3568.8245623261237,0.0,0.00000001,btc,11768494.15224773,0.0064895704295706,0.01064496,43
0,[],17,[],2019-03-01 21:01:32,0.0,0,0,6822053,2019-03-01 21:01:32,btc,0.0,0.0,0,btc,0.0,0.0,0.0,43
1,[],12,[],2019-03-01 21:01:33,682431.0,0.00000005,0.0000000000019226300000000003,6822054,2019-03-01 21:01:33,btc,11116042.727857107,0.0,0.00000005,btc,1102962.40161834,2e-06,0.01625804,44
1,[],4,[],2019-03-01 21:01:35,290678417.11038655,0.00000002,0.0000000000007690520000000001,6822055,2019-03-01 21:01:35,btc,473.5842550598872,0.0,0.00000002,"btc,ltc",12086887.23698875,0.00014556,0.19736587071935613,49
0.0000000001251466,[],4,[],2019-03-01 21:01:37,162392112.99950334,1.251466e-18,4.812212151160001e-23,6822056,2019-03-01 21:01:37,ltc,25.56813392544531,0.0,0.00000001,ltc,10283359775.43118,0.0,2.0322820808703647e-10,52
0.0000000001251972,[],22,[],2019-03-01 19:27:23,80845862.0,1.251972e-18,4.8174630588e-23,6821130,2019-03-01 19:27:23,XMR,4366.96996713,0.0,0.00000001,XMR,255350310.67882353,0.0,0.80845862,57
0.00000000035606590000000003,[],27,[],2019-03-01 19:27:26,2000.0,3.560659e-18,1.3701059766100001e-22,6821131,2019-03-01 19:27:26,eth,0.0,0.0,0.00000001,"btc,eth",0.0,0.0,7.121318e-15,57
0.0000000001251466,[],4,[],2019-03-01 21:01:39,1206064406.6214862,5.005864e-18,1.9248848604640003e-22,6822057,2019-03-01 21:01:39,ltc,18.807185641291433,0.0,0.00000004,ltc,3900570703.1800942,0.0,3.42330670431099e-09,58
1,[],12,[],2019-03-01 21:01:41,1612579986.843957,0.0000000004,0.000000000000015381040000000002,6822058,2019-03-01 21:01:41,btc,224005480220.20755,0.0,0.0000000004,btc,3893028639.8136396,0.00371072074135476,0.5201777990011391,58
0,[],17,[],2019-03-01 21:01:42,0.0,0,0,6822059,2019-03-01 21:01:42,btc,1e+24,0.0,0,btc,49226522.0897055,0.0,0.0,58
0.00000000012534750000000002,[],22,[],2019-03-01 21:01:47,137438.0,1.2534750000000002e-18,4.8199372785000007e-23,6822060,2019-03-01 21:01:47,XMR,69.8835922,0.0,0.00000001,XMR,9887963.0,0.0,0.00137438,58
1,[],5,[],2019-03-01 21:01:49,0.0,0,0,6822061,2019-03-01 21:01:49,btc,0.0,0.13539627,0,btc,0.0,0.0,0.0,61
1,[],22,[],2019-03-01 21:01:53,13788.5,0.00000012,0.000000000004614312,6822062,2019-03-01 21:01:53,BTC,1002.29597012,0.0,0.00000012,BTC,14947.700278135757,0.0,0.00155365,61
1,[],26,[],2019-03-01 21:01:53,0.0,0.00000800,0.0000000003076208,6822063,2019-03-01 21:01:53,btc,0.0,0.0,0.00000800,btc,0.0,0.0,0.0,61
1,[],27,[],2019-03-01 21:01:56,18037.3571,0.00000046,0.000000000017688196,6822064,2019-03-01 21:01:56,btc,7.76205105961638,0.0,0.00000046,"btc,eth",20757.11257617,0.0,0.007503127488987691,61
1,[],28,[],2019-03-01 21:01:58,13880.304,0.0000005,0.0000000000192263,6822065,2019-03-01 21:01:58,btc,2.056312978300105,784.0,0.0000005,btc,9730.59500005,0.0,0.00566391304,61
1,[],4,[],2019-03-01 21:02:01,1462037.94181441,0.00000282,0.000000000108436332,6822066,2019-03-01 21:02:01,btc,11.237412062649272,0.0,0.00000282,btc,794617.0238396,0.07951551,1.484066639189886,67
0.0,[],25,[],2019-03-01 21:02:02,0.0,0,0,6822067,2019-03-01 21:02:02,,0.0,0.0,0.0,btc,0.0,0.0,0.0,67
1,[],12,[],2019-03-01 21:02:04,1797107.88421376,0.00000024,0.000000000009228624,6822068,2019-03-01 21:02:04,btc,11115899.060535664,0.0,0.00000024,btc,2196571.73596402,0.0680055790854192,0.080675426441112,71
,[],5,[],2018-11-20 23:02:39,1.5e-07,0.00000005,0.000000000002128045,4862160,2018-11-20 23:02:39,btc,2.84511358,0.0,,btc,0.00036572,0.0,0.07381892,74
1,[],5,[],2019-03-01 21:02:06,0.0,0,0,6822069,2019-03-01 21:02:06,btc,0.0,0.00020977,0,btc,0.0,0.0,0.0,75
0,[],20,[],2019-01-25 09:30:31,0.0,0,0,6495923,2019-01-25 09:30:31,btc,0.0,0.0,0,btc,0.0,0.0,0.0,81
1,[],4,[],2019-03-01 21:02:07,16197735.251575,0.00000001,0.00000000000038452600000000004,6822070,2019-03-01 21:02:07,btc,11388.632703683814,0.0,0.00000001,btc,34464598.85416836,0.0,0.16197735251575,81
1,[],4,[],2019-03-01 21:02:10,28740.41274371,0.00007548,0.0000000029024022480000002,6822071,2019-03-01 21:02:10,btc,17.73949315382504,0.0,0.00007548,btc,12570.6251558,0.01828828,0.1429736434183897,82
1,[],21,[],2019-03-01 21:02:11,291027.43035848,0.00007300999999999999384801135927,0.000000002807424326,6822072,2019-03-01 21:02:11,btc,2.073036623900638,2119.36382664,0.000073009999999999993848011359265370856519439257681369781494140625,btc,22784.93421346,0.15573142,4.380280375180657,82
0,[],17,[],2019-03-01 20:53:18,0.0,0,0,6821880,2019-03-01 20:53:18,btc,0.0447233088476774,0.0,0,btc,999127.19588126,0.0,0.0,84
0.0000000001251466,[],4,[],2019-03-01 21:02:16,121829570.012268,3.754398e-18,1.4436636453480001e-22,6822073,2019-03-01 21:02:16,ltc,1.7494931366764415,0.0,0.00000003,ltc,401794009.9439069,0.0,2.597379829261405e-10,85
,[],22,[],2018-11-20 23:09:34,3408.1,0.0000001,0.0000000000041895,4862324,2018-11-20 23:09:34,BTC,0.04624735,0.0,,BTC,4990.0,0.0,0.00033081,86
0,[],22,[],2019-02-22 12:52:35,0.0,0,0,6758847,2019-02-22 12:52:35,,2.0760781,0.0,0,,140622.94736842104,0.0,0.0,87
0,[],27,[],2019-02-22 12:52:37,0.0,0,0,6758848,2019-02-22 12:52:37,,0.0,0.0,0,btc,0.0,0.0,0.0,87
,[],2,[],2018-11-20 23:10:47,0.0,0,0,4862359,2018-11-20 23:10:47,,0.0,0.0,,,0.0,0.0,0.0,88
1,[],11,[],2019-03-01 21:02:18,91192.84868213,0.00013950000000000000268708666428807418924407102167606353759765625,0.0000000053641377,6822074,2019-03-01 21:02:18,btc,609.4267097490251,2154.61817858,0.00013950000000000000268708666428807418924407102167606353759765625,btc,97165.17775547,0.0,5.986352123199807,89
0,[],2,[],2019-01-20 23:31:45,0.0,0,0,6477083,2019-01-20 23:31:45,,0.0,0.0,0,,0.0,0.0,0.0,91
0,[],17,[],2019-03-01 20:36:48,0.0,0,0,6821714,2019-03-01 20:36:48,btc,0.0,0.0,0,btc,0.0,0.0,0.0,91
1,[],12,[],2019-03-01 21:02:20,465291.22,0.00000110000000000000005610204141526242693771564518101513385772705078125,0.000000000042297860000000004,6822075,2019-03-01 21:02:20,btc,4.371182402285084,0.0,0.00000110000000000000005610204141526242693771564518101513385772705078125,btc,60618.51285295,0.0099058919135552,0.076925116,91
0,[],22,[],2019-03-01 21:02:23,0.0,0,0,6822076,2019-03-01 21:02:23,,3e-06,0.0,0,,1.0,0.0,0.0,91
0.0000000001251466,[],22,[],2019-03-01 21:02:27,1520600.0,7.508796e-18,2.8873272906960003e-22,6822077,2019-03-01 21:02:27,LTC,8.53121199,0.0,0.00000006,LTC,71989912.1,5.05592264e-14,0.091236,95
0,[],17,[],2019-03-01 20:36:59,0.0,0,0,6821719,2019-03-01 20:36:59,btc,0.0,0.0,0,btc,0.0,0.0,0.0,96
0.0000000001251466,[],4,[],2019-03-01 21:02:28,646641153.8479909,7.759089200000001e-17,2.9835715337192006e-21,6822078,2019-03-01 21:02:28,ltc,11.885709814186797,0.0,0.00000062,ltc,136692133.92591968,0.0,1.9536941552251066e-09,96
0,[],12,[],2019-03-01 21:02:29,0.0,0,0,6822079,2019-03-01 21:02:29,btc,255079.46687756025,0.0,0,btc,8740461.1831266,2.3676323677e-06,0.0,96
1,[],4,[],2019-03-01 21:02:31,1359602.13306552,0.00000029,0.000000000011151254000000002,6822080,2019-03-01 21:02:31,btc,2.7302908402287356,0.0,0.00000029,btc,2342763.89956334,0.00553653,0.1004893760160125,99
0,[],2,[],2019-01-20 23:23:55,0.0,0,0,6476914,2019-01-20 23:23:55,,0.0,0.0,0,,0.0,0.0,0.0,100
1,[],4,[],2019-03-01 21:02:32,329982.44139981,0.00004192,0.0000000016119329920000002,6822081,2019-03-01 21:02:32,btc,12.173005461385218,0.0,0.00004192,btc,170380.42266496,3.81693486,2.120665007895334,100
1,[],22,[],2019-03-01 21:02:45,50000.0,0.00000001,0.00000000000038452600000000004,6822082,2019-03-01 21:02:45,BTC,23.49896609,0.0,0.00000001,BTC,10277.22,0.0,0.0005,101
1,[],4,[],2019-03-01 21:02:46,487627.69158856,0.00000086,0.000000000033069236,6822083,2019-03-01 21:02:46,btc,256.301606047094,0.0,0.00000086,btc,491298.82107106,0.00681693,0.2525168297140985,103
1,[],12,[],2019-03-01 21:02:49,67347746.0,0.000000009,0.0000000000003460734,6822084,2019-03-01 21:02:49,btc,137278954.74694407,0.0,0.000000009,btc,126856622.23416306,0.02262772508591453,0.255988181,105
1,[],27,[],2019-03-01 21:02:52,81803.89,0.00000001,0.00000000000038452600000000004,6822085,2019-03-01 21:02:52,btc,36.58422120075966,0.0,0.00000001,btc,531915.56793212,0.0,0.0008180389,105
1,[],22,[],2019-03-01 21:02:56,9328.0,0.00000001,0.00000000000038452600000000004,6822086,2019-03-01 21:02:56,BTC,51.10837004,0.0,0.00000001,BTC,470435.0,0.0,9.328e-05,107
1,[],26,[],2019-03-01 21:02:56,0.0,0.00000000,0,6822087,2019-03-01 21:02:56,btc,0.0,0.0,0.00000000,btc,0.0,0.0,0.0,107
1,[],5,[],2019-03-01 21:02:59,0.0,0,0,6822088,2019-03-01 21:02:59,btc,0.0,0.10005182,0,btc,0.0,0.0,0.0,112
1,[],22,[],2019-03-01 21:03:14,1966.0,0.00000001,0.00000000000038452600000000004,6822089,2019-03-01 21:03:14,BTC,2.81183288,0.0,0.00000001,BTC,808524.0833333334,0.0,1.966e-05,112
0.0000000003552046,[],27,[],2019-03-01 21:03:17,2000.0,3.552046e-18,1.365854040196e-22,6822090,2019-03-01 21:03:17,eth,1.35132491849924,0.0,0.00000001,"btc,eth",1328.641654,0.0,7.1040919999999995e-15,112
1,[],4,[],2019-03-01 21:03:18,1019367.54796696,0.00000248,0.00000000009536244800000001,6822091,2019-03-01 21:03:18,btc,85.19035636012917,0.0,0.00000248,btc,323338.00682338,0.2475245,0.7608253734705281,113
1,[],5,[],2019-03-01 21:03:20,0.0,0,0,6822092,2019-03-01 21:03:20,btc,0.0,0.02749977,0,btc,0.0,0.0,0.0,113
0,[],27,[],2019-03-01 21:03:33,0.0,0,0,6822093,2019-03-01 21:03:33,,0.0,0.0,0,btc,0.0,0.0,0.0,116
1,[],17,[],2019-03-01 19:40:45,152738.278,0.00000004,0.0000000000015391280000000002,6821362,2019-03-01 19:40:45,btc,1.3368030275002016,0.0,0.00000004,btc,51896.221,0.0,0.0022095311199999998,116
1,[],4,[],2019-03-01 21:03:35,84218.63815244,0.00002433,0.000000000935551758,6822094,2019-03-01 21:03:35,btc,28.53004800621666,0.0,0.00002433,btc,60839.8714811,5.57647836,1.1177829367322576,120
1,[],7,[],2019-03-01 21:03:36,21317.64421071,0.00001690000000000000082342986595929090753998025320470333099365234375,0.0000000006498489400000001,6822095,2019-03-01 21:03:36,btc,115751.20738048326,162.79573236,0.00001690000000000000082342986595929090753998025320470333099365234375,btc,56300.26032296,0.00507022,0.054329893835147004,120
1,[],20,[],2019-03-01 21:03:40,1487678.4795,0.000000036,0.0000000000013842936,6822096,2019-03-01 21:03:40,btc,32.2920319749844,994.9514,0.000000036,btc,949484.6857,3.87986046e-05,0.009737557801,125
1,[],22,[],2019-03-01 21:03:43,3053.0,0.00000001,0.00000000000038452600000000004,6822097,2019-03-01 21:03:43,BTC,0.01444887,0.0,0.00000001,BTC,296263.5111111111,0.0,3.053e-05,126
0,[],17,[],2019-03-01 18:23:22,0.0,0,0,6820926,2019-03-01 18:23:22,btc,0.0009561751951600001,0.0,0,btc,35.42829368,0.0,0.0,131
0,[],2,[],2019-01-20 23:25:46,0.0,0,0,6476969,2019-01-20 23:25:46,,0.0,0.0,0,,0.0,0.0,0.0,131
1,[],4,[],2019-03-01 21:03:45,160050.60237429,0.00001307,0.0000000005025754820000001,6822098,2019-03-01 21:03:45,btc,6.5659638922544605,0.0,0.00001307,btc,123639.78093086,0.21563317,0.4686084910519981,131
1,[],4,[],2019-03-01 21:03:57,4555.78838123,0.00016001,0.000000006152800526,6822099,2019-03-01 21:03:57,btc,1.6201312217265509,0.0,0.00016001,btc,238.12730989,0.0,0.008213837188804,135
1,[],3,[],2019-03-01 19:29:55,1012209.8877684299,0.00000004,0.00000000000153916,6821177,2019-03-01 19:29:55,btc,0.1138279376998478,30114.0,0.00000004,btc,605701.60876711,0.0,0.0325515181737019,136
1,[],4,[],2019-03-01 21:03:59,265464.60310244,0.00000174,0.00000000006690752400000001,6822100,2019-03-01 21:03:59,btc,38.987856661106804,0.0,0.00000174,btc,587938.00884079,0.01341666,0.0795963109465592,137
1,[],12,[],2019-03-01 21:04:00,321572.8865119,0.00000176000000000000008976326626441988310034503228962421417236328125,0.00000000006767657600000001,6822101,2019-03-01 21:04:00,btc,11807.602351585812,0.0,0.00000176000000000000008976326626441988310034503228962421417236328125,btc,125652.13955294,0.0062185503465459,0.0670557023291591,137
1,[],4,[],2019-03-01 21:04:01,108903.21870067,0.00003591,0.000000001380832866,6822102,2019-03-01 21:04:01,btc,28.60032696039854,0.0,0.00003591,btc,37997.83202799,0.27368882,0.6098120077075652,142
1,[],5,[],2019-03-01 21:04:03,0.0,0,0,6822103,2019-03-01 21:04:03,btc,0.0,0.29914675,0,btc,0.0,0.0,0.0,142
1,[],17,[],2019-03-01 21:04:15,22967.386363640002,0.00000088,0.000000000033838288000000003,6822104,2019-03-01 21:04:15,btc,20.0699133484,0.0,0.00000088,btc,405.079105,0.0,0.0104613000000032,142
1,[],20,[],2019-03-01 21:04:17,132424.3225,0.00002512,0.0000000009659293120000001,6822105,2019-03-01 21:04:17,btc,0.2961752035916,1623.58,0.00002512,btc,1218.4766,0.041185232293,0.2124260363359,142
1,[],22,[],2019-03-01 21:04:21,1685.8988921568628,0.00004000,0.0000000015381040000000001,6822106,2019-03-01 21:04:21,BTC,3.00385504,0.0,0.00004000,BTC,891.218,0.0,0.00174536,142
0.0,[],25,[],2019-03-01 21:04:22,0.0,0,0,6822107,2019-03-01 21:04:22,,0.0,0.0,0.0,btc,0.0,0.0,0.0,142
1,[],28,[],2019-03-01 21:04:24,76100.0,0.00000817,0.00000000031415774200000003,6822108,2019-03-01 21:04:24,btc,0.0669731472,399.8009,0.00000817,btc,560.5893,0.0,0.0041072,142
0,[],22,[],2019-03-01 21:04:27,0.0,0,0,6822109,2019-03-01 21:04:27,,60.72280694,0.0,0,,696341446.3,0.0,0.0,143
0,[],22,[],2019-02-25 15:42:22,0.0,0,0,6783783,2019-02-25 15:42:22,,4.2131946,0.0,0,,2322156.0,0.0,0.0,146
,[],22,[],2018-11-20 23:01:11,0.0,0,0,4862114,2018-11-20 23:01:11,,2.56807021,0.0,,,61828.4988236,0.0,0.0,147
1,[],12,[],2019-03-01 21:04:28,223458.3995426,0.0000022900000000000000975435010541758629187825135886669158935546875,0.00000000008805645400000001,6822110,2019-03-01 21:04:28,btc,16.614068802677807,0.0,0.0000022900000000000000975435010541758629187825135886669158935546875,btc,117097.25034917,0.0001857513,0.0327310286999154,148
1,[],4,[],2019-03-01 21:04:30,246056.52673192,0.00000032,0.000000000012304832000000001,6822111,2019-03-01 21:04:30,btc,219.96748007626834,0.0,0.00000032,btc,800822.7951546,0.0008,0.0583338765945086,152
0,[],22,[],2019-03-01 21:04:32,0.0,0,0,6822112,2019-03-01 21:04:32,,0.0,0.0,0,,0.0,0.0,0.0,152
1,[],5,[],2019-03-01 21:04:34,0.0,0,0,6822113,2019-03-01 21:04:34,btc,0.0,0.0,0,btc,0.0,0.0,0.0,153
,[],16,[],2019-01-11 15:38:59,0.0,0,0,6366141,2019-01-11 15:38:59,btc,0.0,0.0,,btc,0.0,0.0,0.0,155
0,[],23,[],2019-01-20 23:24:29,0.0,0,0,6476932,2019-01-20 23:24:29,,0.0,0.0,0,,0.0,0.0,0.0,156
0,[],22,[],2019-03-01 21:04:37,0.0,0,0,6822114,2019-03-01 21:04:37,,6.74608751,0.0,0,,4644392.242592593,0.0,0.0,156
1,[],22,[],2019-03-01 21:04:41,7073.8,0.00005300,0.0000000020379878,6822115,2019-03-01 21:04:41,BTC,1.80343699,0.0,0.00005300,BTC,899.6422341958436,0.0,0.00104336,157
0,[],22,[],2019-03-01 21:04:44,0.0,0,0,6822116,2019-03-01 21:04:44,,50175.67608608,0.0,0,,54079135.04179466,0.0,0.0,158
,[],17,[],2018-11-20 22:56:10,0.0,0,0,4861976,2018-11-20 22:56:10,btc,1.1265625,0.0,,btc,1000.0,0.0,0.0,159
,[],20,[],2018-11-20 22:56:12,0.0,0,0,4861977,2018-11-20 22:56:12,btc,11912.7940471,0.0,,btc,34413894.3617,0.0,0.0,159
1,[],17,[],2019-03-01 20:55:36,29784.95,0.000001,0.0000000000384412,6821926,2019-03-01 20:55:36,btc,0.03026736251542,0.0,0.000001,btc,144.46171372,0.0,0.00716147,168
1,[],12,[],2019-03-01 21:04:45,182055.3660003,0.000007469999999999999630204659817334089666474028490483760833740234375,0.000000000287240922,6822117,2019-03-01 21:04:45,btc,6.641401853887071,0.0,0.000007469999999999999630204659817334089666474028490483760833740234375,btc,13535.93488147,0.0032407924325137,0.0959201984561317,168
0,[],22,[],2019-03-01 21:04:49,0.0,0,0,6822118,2019-03-01 21:04:49,,1.1341504,0.0,0,,539283.174707144,0.0,0.0,169
1,[],22,[],2019-03-01 21:04:52,203600.0,0.00000002,0.0000000000007690520000000001,6822119,2019-03-01 21:04:52,BTC,13.2501524,0.0,0.00000002,BTC,144336.2939341018,0.0,0.002072,171
1,[],22,[],2019-03-01 21:04:56,1399119.0,0.00000004,0.0000000000015381040000000002,6822120,2019-03-01 21:04:56,BTC,2.1976194,0.0,0.00000004,BTC,242703.64055692567,0.00046785,0.02483679,173
1,[],5,[],2019-03-01 21:04:57,0.0,0,0,6822121,2019-03-01 21:04:57,btc,0.0,0.003711,0,btc,0.0,0.0,0.0,175
1,[],22,[],2019-03-01 21:05:14,45904.0,0.0000003,0.000000000011535780000000002,6822122,2019-03-01 21:05:14,BTC,0.52955903,0.0,0.0000003,BTC,143368.41384013777,0.0,0.0052148,176
0,[],2,[],2019-01-20 23:28:34,0.0,0,0,6477001,2019-01-20 23:28:34,,0.0,0.0,0,,0.0,0.0,0.0,178
1,[],7,[],2019-03-01 21:05:15,0.0,0,0,6822123,2019-03-01 21:05:15,btc,410932.5273358376,0.0,0,btc,117801559.31901672,0.0,0.0,178
0,[],22,[],2019-03-01 21:05:17,0.0,0,0,6822124,2019-03-01 21:05:17,,1.00242428,0.0,0,,57512.0,0.0,0.0,178
0,[],23,[],2019-01-20 23:25:08,0.0,0,0,6476952,2019-01-20 23:25:08,,0.0,0.0,0,,0.0,0.0,0.0,179
1,[],5,[],2019-03-01 21:05:19,0.0,0,0,6822125,2019-03-01 21:05:19,btc,0.0,0.16330956,0,btc,0.0,0.0,0.0,179
1,[],22,[],2019-03-01 21:05:24,6949180.5,0.00000002,0.0000000000007690520000000001,6822126,2019-03-01 21:05:24,BTC,5.63120977,0.0,0.00000002,"BTC,LTC",17087025.423202086,0.0,0.37392433,179
1,[],17,[],2019-03-01 20:56:05,10504.725,0.0000001,0.00000000000384412,6821936,2019-03-01 20:56:05,btc,5.201069583844911,0.0,0.0000001,btc,5033.45945,0.0,0.0010504725,180
1,[],22,[],2019-03-01 21:06:01,139712.75,0.0000006,0.000000000023071560000000003,6822127,2019-03-01 21:06:01,BTC,0.22812692,0.0,0.0000006,"BTC,LTC",77443.40600599538,0.00508,0.00466985,180
1,[],26,[],2019-03-01 21:06:01,0.0,0.00000160,0.00000000006152416000000001,6822128,2019-03-01 21:06:01,btc,0.0,0.0,0.00000160,btc,0.0,0.0,0.0,180
,[],7,[],2018-11-20 22:58:01,562227.975654,0.00000085,0.000000000036176765,4862015,2018-11-20 22:58:01,btc,21836.6059674,2491.87645172,,btc,749999.041456,0.00211021,0.127565380455,183
,[],5,[],2019-01-10 08:11:41,0.0,0,0,6347036,2019-01-10 08:11:41,btc,82.15055501,0.00261,,btc,1.19002445,0.0,0.0,187
,[],17,[],2018-11-16 20:58:10,4062536.27273,0.00000001,0.000000000000550501,4708775,2018-11-16 20:58:10,btc,3.36492563466,0.195460381006,,"btc,eth",110697919.549,0.0,0.0157628953496,187
1,[],24,[],2019-03-01 21:06:02,0.0,0.000000000001,3.84526e-17,6822129,2019-03-01 21:06:02,btc,0.0,0.0,0.000000000001,btc,0.0,0.0,0.0,187
0,[],22,[],2019-02-27 04:05:17,0.0,0,0,6799309,2019-02-27 04:05:17,,1.19374396,0.0,0,,16308.869534405507,0.0,0.0,191
0,[],22,[],2019-03-01 00:51:27,0.0,0,0,6814858,2019-03-01 00:51:27,,0.0,0.0,0,,0.0,0.0,0.0,197
0,[],23,[],2019-01-20 23:31:41,0.0,0,0,6477079,2019-01-20 23:31:41,,0.0,0.0,0,,0.0,0.0,0.0,199
0,[],22,[],2019-03-01 21:06:06,0.0,0,0,6822130,2019-03-01 21:06:06,,5.19477622,0.0,0,,21058553.0,0.0,0.0,199
1,[],26,[],2019-03-01 21:06:06,0.0,0.00000000,0,6822131,2019-03-01 21:06:06,btc,0.0,0.0,0.00000000,btc,0.0,0.0,0.0,199
0,[],17,[],2019-01-30 16:32:01,0.0,0,0,6540827,2019-01-30 16:32:01,btc,6.802544163788159,0.0,0,btc,105897.55575295,0.0,0.0,200
0,[],2,[],2019-01-20 23:30:49,0.0,0,0,6477059,2019-01-20 23:30:49,,0.0,0.0,0,,0.0,0.0,0.0,201
1,[],4,[],2019-01-25 15:51:35,2084389.58565343,0.00000936,0.000000000333526752,6499557,2019-01-25 15:51:35,btc,2.0092503037378524,0.0,0.00000936,btc,160195.80207885,0.19272417,1.242687955921835,211
1,[],7,[],2019-03-01 20:56:18,2431515.8482431,0.000001309999999999999951307938332589753116508290986530482769012451171875,0.000000000050357972,6821942,2019-03-01 20:56:18,btc,15476835.961433204,1358630.49386,0.000001309999999999999951307938332589753116508290986530482769012451171875,btc,12895377.73149474,0.0,2.4289559664531386,212
1,[],12,[],2019-01-25 02:44:32,207462.42853209,0.000001080000000000000035831255497387193287295303889550268650054931640625,0.000000000038610756000000006,6493050,2019-01-25 02:44:32,btc,85023.03793723314,0.0,0.000001080000000000000035831255497387193287295303889550268650054931640625,btc,43675.73520027,0.000146250909087,0.0348620860622024,213
1,[],5,[],2019-03-01 21:06:10,0.0,0,0,6822132,2019-03-01 21:06:10,btc,0.0,0.14375962,0,btc,0.0,0.0,0.0,213
1,[],24,[],2019-03-01 21:06:11,0.0,0.000000110000,0.0000000000042297860000000004,6822133,2019-03-01 21:06:11,btc,0.0,0.0,0.000000110000,btc,0.0,0.0,0.0,213
1,[],26,[],2019-03-01 21:06:11,0.0,0.00000010,0.0000000000038452600000000005,6822134,2019-03-01 21:06:11,btc,0.0,0.0,0.00000010,btc,0.0,0.0,0.0,213
1,[],22,[],2019-03-01 21:06:15,29644.0,0.00000002,0.0000000000007690520000000001,6822135,2019-03-01 21:06:15,BTC,2.2261193,0.0,0.00000002,BTC,481875.3963726171,0.0010292,0.00030203,216
1,[],27,[],2019-03-01 21:06:17,1298602.0,0.00000003,0.000000000001153578,6822136,2019-03-01 21:06:17,btc,316.25858560644,0.0,0.00000003,"btc,ltc",237761.907,0.0,0.03377204000022526,216
1,[],22,[],2019-03-01 21:06:23,217347.2070459645,0.00000214,0.000000000082288564,6822137,2019-03-01 21:06:23,BTC,12673.40070665,0.0,0.00000214,BTC,369457.15099116566,0.0243432,0.28954563,217
1,[],7,[],2019-03-01 21:06:24,0.0,0,0,6822138,2019-03-01 21:06:24,btc,77969.77488735563,0.0,0,btc,137043486.5550253,0.0,0.0,219
0,[],27,[],2019-03-01 21:06:27,0.0,0,0,6822139,2019-03-01 21:06:27,,0.0740438339680921,0.0,0,btc,1536429.20709513,0.0,0.0,219
0.0000000000000051,[],28,[],2019-03-01 21:06:29,167530653.514,2.295e-18,8.824871700000001e-23,6822140,2019-03-01 21:06:29,doge,83977.39953907319,189830.0,0.00045000,"btc,doge",4848145.53751,0.0,8.91847026247437e-12,219
1,[],22,[],2019-03-01 21:06:33,316064.6666666667,0.00000004,0.0000000000015381040000000002,6822141,2019-03-01 21:06:33,BTC,2.94533216,0.0,0.00000004,BTC,114179.27041875875,2.25e-05,0.00879164,221
1,[],24,[],2019-03-01 21:06:33,0.0,0.000000200000,0.000000000007690520000000001,6822142,2019-03-01 21:06:33,btc,0.0,0.0,0.000000200000,btc,0.0,0.0,0.0,221
0,[],22,[],2019-03-01 21:06:38,0.0,0,0,6822144,2019-03-01 21:06:38,,0.0,0.0,0,,0.0,0.0,0.0,224
1,[],20,[],2019-03-01 21:06:35,39852858.8476,0.000000001,0.0000000000000384526,6822143,2019-03-01 21:06:35,btc,48.2361191895339,948685.387,0.000000001,btc,12975085.5074,0.0010017733509,0.0398528588476,224
1,[],26,[],2019-03-01 21:06:38,0.0,0.00000035,0.000000000013458410000000001,6822145,2019-03-01 21:06:38,btc,0.0,0.0,0.00000035,btc,0.0,0.0,0.0,231
1,[],26,[],2019-03-01 21:06:38,0.0,0.00000006,0.000000000002307156,6822146,2019-03-01 21:06:38,btc,0.0,0.0,0.00000006,btc,0.0,0.0,0.0,234
0.0000000003552046,[],27,[],2019-03-01 21:06:41,2000.0,3.552046e-18,1.365854040196e-22,6822147,2019-03-01 21:06:41,eth,0.0,0.0,0.00000001,"btc,eth",0.0,0.0,7.1040919999999995e-15,234
1,[],4,[],2019-03-01 21:06:43,923314.2322087,0.00000078,0.000000000029993028,6822148,2019-03-01 21:06:43,btc,4.479488195686986,0.0,0.00000078,btc,1184729.73253186,0.04371235,0.2878046304935692,236
1,[],24,[],2019-03-01 21:06:43,0.0,0.000000300000,0.000000000011535780000000002,6822149,2019-03-01 21:06:43,btc,0.0,0.0,0.000000300000,btc,0.0,0.0,0.0,236
1,[],20,[],2019-03-01 21:06:45,71682001.9038,0.000000064,0.0000000000024609664,6822150,2019-03-01 21:06:45,btc,10.0205797000934,19483608.7231,0.000000064,btc,39851062.9462,1.259332246761,0.4926884234781,237
0.0000000001251466,[],22,[],2019-03-01 21:06:49,14400.0,1.2514660000000001e-17,4.812212151160001e-22,6822151,2019-03-01 21:06:49,LTC,0.0413973,0.0,0.0000001,LTC,7239.0,0.0,0.00144,237
1,[],4,[],2019-03-01 21:06:51,7467691.08843906,0.00000032,0.000000000012304832000000001,6822152,2019-03-01 21:06:51,btc,6.471322951893071,0.0,0.00000032,btc,10481762.23400159,0.18149725,1.7193887335370421,238
1,[],5,[],2019-03-01 21:06:53,0.0,0,0,6822153,2019-03-01 21:06:53,btc,0.0,0.01260287,0,btc,0.0,0.0,0.0,238
0,[],22,[],2019-03-01 20:57:19,0.0,0,0,6821965,2019-03-01 20:57:19,,0.41339518,0.0,0,,316626.5639027493,0.0,0.0,249
0.0000000001251466,[],22,[],2019-03-01 21:07:10,86300647.66666667,5.005864e-18,1.9248848604640003e-22,6822154,2019-03-01 21:07:10,LTC,0.36061926,0.0,0.00000004,LTC,11515189.09,3.1005854819182005e-11,1.86690481,252
1,[],28,[],2019-03-01 21:07:12,2152929.123,0.00000027,0.000000000010382202,6822155,2019-03-01 21:07:12,btc,164725.67084344174,92017.06547072,0.00000027,btc,2296906.6654,0.0,0.33314461647,256
1,[],22,[],2019-03-01 21:07:16,1053354.0,0.00000001,0.00000000000038452600000000004,6822156,2019-03-01 21:07:16,BTC,31.47160001,0.0,0.00000001,BTC,670687.0957866946,0.0,0.01053354,258
1,[],22,[],2019-03-01 20:57:33,48751.0,0.00000001,0.000000000000384412,6821969,2019-03-01 20:57:33,BTC,2.4175745,0.0,0.00000001,BTC,1762.0,0.0,0.00048751,259
1,[],5,[],2019-03-01 21:09:16,0.0,0,0,6822157,2019-03-01 21:09:16,btc,0.0,0.1368785,0,btc,0.0,0.0,0.0,264
1,[],20,[],2019-03-01 21:09:18,1216172.2015,0.00000201,0.00000000007728972600000001,6822158,2019-03-01 21:09:18,btc,7.4729428031796,91853.9675,0.00000201,btc,109678.7752,0.3008176937892,0.0170960572185,264
0,[],22,[],2019-03-01 21:09:21,0.0,0,0,6822159,2019-03-01 21:09:21,,8.33279043,0.0,0,,420048.34411321935,0.0,0.0,271
0,[],22,[],2019-03-01 21:09:24,0.0,0,0,6822160,2019-03-01 21:09:24,,271.27267057,0.0,0,,14421806420.692,0.0,0.0,272
0.0000000000000051,[],28,[],2019-03-01 21:09:26,234473087378.905,4.896e-21,1.882639296e-25,6822161,2019-03-01 21:09:26,doge,35428157.06582898,11969794845.2279,0.00000096,doge,188733904425.4526,0.0,6.714255518848665e-10,272
1,[],22,[],2019-03-01 20:57:55,114025.74,0.00000110,0.000000000042285319999999997,6821975,2019-03-01 20:57:55,BTC,74.20234185,0.0,0.00000110,"BTC,LTC",8368.517743939856,0.01172131,0.04276991,281
1,[],22,[],2019-03-01 21:09:30,834733.5,0.00000002,0.0000000000007690520000000001,6822162,2019-03-01 21:09:30,BTC,1.332275,0.0,0.00000002,BTC,135600.33221218394,0.00018162,0.01656255,286
0,[],22,[],2019-03-01 20:58:04,0.0,0,0,6821977,2019-03-01 20:58:04,,43636.1539348,0.0,0,,398471066.0,0.0,0.0,294
