pairValue,buyBook,exchangeId,sellBook,updated,buyTotal,satoshiPrice,usdPrice,exchangeLogId,created,bestPair,sellTotalBtc,volume,pairPrice,activePairs,sellTotal,volumeBtc,buyTotalBtc,coinId
1,[],28,[],2019-02-27 04:07:37,993.142,0.01323000,0.0000005055302070000001,6799360,2019-02-27 04:07:37,btc,0.162839806,18060.1,0.01323000,btc,8.9,0.0,0.089302756,1
0,[],2,[],2019-01-20 23:28:45,0.0,0,0,6477011,2019-01-20 23:28:45,,0.0,0.0,0,,0.0,0.0,0.0,1
1,[],3,[],2019-02-27 04:07:19,30539.97980628335,0.01248984000000000031682656498333017225377261638641357421875,0.000000477248027256,6799349,2019-02-27 04:07:19,btc,61.07201630105637,0.000149206496,0.01248984000000000031682656498333017225377261638641357421875,btc,22.270061865229,0.0,0.3044222908613724,1
1,[],4,[],2019-02-27 04:07:20,303084.57780596,0.01252310,0.0000004785189217900001,6799350,2019-02-27 04:07:20,btc,9.155163391649127,0.0,0.01252310,btc,258.91069164,0.63252774,2.766520399573039,1
1,[],5,[],2019-02-27 04:07:21,0.0,0,0,6799351,2019-02-27 04:07:21,btc,0.0,0.00328503,0,btc,0.0,0.0,0.0,1
1,[],10,[],2019-02-27 04:07:23,414634.61322882,0.01058146,0.0000004043271099140001,6799352,2019-02-27 04:07:23,btc,6522.379990486557,1686.89499372,0.01058146,btc,1017.59108066,0.0,5.38652125459025,1
1,[],12,[],2019-02-27 04:07:26,10429.99135665,0.01247999999999999977406961448878064402379095554351806640625,0.000000476872032,6799353,2019-02-27 04:07:26,btc,0.471780117777,0.0,0.01247999999999999977406961448878064402379095554351806640625,btc,28.18780906,0.2190411380742,0.265231977347,1
1,[],20,[],2019-02-27 04:07:28,1150.0464,0.01051,0.000000401596559,6799354,2019-02-27 04:07:28,btc,0.0665459125693,0.0307,0.01051,btc,3.0401,0.00037761,0.0875490456215,1
1,[],21,[],2019-02-27 04:07:29,2359.64431508,0.01252006999999999946326934008,0.000000478403142763,6799355,2019-02-27 04:07:29,btc,23.44157903021741,2335.97680333,0.01252006999999999946326934008311582147143781185150146484375,"btc,eth",2530.81484165,28.35557684041897,23.20677346013248,1
1,[],22,[],2019-02-27 04:07:33,0.0163776,0.01300000,0.0000004967417,6799356,2019-02-27 04:07:33,BTC,0.31423927,0.0,0.01300000,BTC,0.11751954901960784,0.0,0.00020972,1
1,[],24,[],2019-02-27 04:07:34,0.0,0.000000000000,0,6799357,2019-02-27 04:07:34,btc,0.0,0.0,0.000000000000,btc,0.0,0.0,0.0,1
0.0,[],25,[],2019-02-27 04:07:35,0.0,0,0,6799358,2019-02-27 04:07:35,btc,25.689599997807928,3443.96015069,0.0,btc,2003.43210534,44.0615,0.0,1
1,[],26,[],2019-02-27 04:07:36,0.0,0,0,6799359,2019-02-27 04:07:36,,0.0,0.0,0,,0.0,0.0,0.0,1
1,[],5,[],2019-02-27 04:07:39,0.0,0,0,6799361,2019-02-27 04:07:39,btc,0.0,0.00045954,0,btc,0.0,0.0,0.0,2
0,[],22,[],2019-02-27 04:07:41,0.0,0,0,6799362,2019-02-27 04:07:41,,0.0,0.0,0,,0.0,0.0,0.0,2
1,[],5,[],2019-02-27 04:07:43,0.0,0,0,6799363,2019-02-27 04:07:43,btc,0.0,0.02499918,0,btc,0.0,0.0,0.0,3
1,[],12,[],2019-02-27 04:07:44,13615558.3734,0.000000172,0.000000000006572274800000001,6799364,2019-02-27 04:07:44,btc,924396.232994359,0.0,0.000000172,btc,8103217.98829583,0.02732362344258979,0.7198372600247,3
0,[],28,[],2019-02-27 04:07:45,0.0,0,0,6799365,2019-02-27 04:07:45,,0.0,0.0,0,,0.0,0.0,0.0,3
1,[],4,[],2019-02-27 04:07:46,411218.65443734,0.00000032,0.000000000012227488,6799366,2019-02-27 04:07:46,btc,31.987543716450773,0.0,0.00000032,btc,710510.44072273,0.00075548,0.0583397308328429,4
0,[],2,[],2019-01-20 23:31:32,0.0,0,0,6477077,2019-01-20 23:31:32,,0.0,0.0,0,,0.0,0.0,0.0,4
1,[],12,[],2019-02-22 14:50:14,1367032.5219999999,0.00000003,0.000000000001190475,6759350,2019-02-22 14:50:14,btc,11013869.583570713,0.0,0.00000003,btc,1211697.32371984,0.00024567976024,0.02065290044,5
1,[],11,[],2019-02-27 04:07:49,4272596.5,0.00000001,0.00000000000038210900000000005,6799367,2019-02-27 04:07:49,btc,9432.752678832814,110000.0,0.00000001,btc,41797017.57452957,0.0,0.042725965,6
0,[],2,[],2019-01-20 23:31:51,0.0,0,0,6477087,2019-01-20 23:31:51,,0.0,0.0,0,,0.0,0.0,0.0,6
1,[],3,[],2019-02-27 04:07:50,1085.537475048359,0.0001510600000000000072038208731584063571062870323657989501953125,0.0000000057721385540000004,6799368,2019-02-27 04:07:50,btc,26.3363151709563,0.0,0.0001510600000000000072038208731584063571062870323657989501953125,btc,247.537822229004,0.0,0.03339742781632559,7
1,[],4,[],2019-02-27 04:07:52,101426.3323797,0.00023711,0.000000009060186499000001,6799369,2019-02-27 04:07:52,btc,10.640601434398326,0.0,0.00023711,btc,34133.80387553,3.21580509,5.991640080429468,7
1,[],5,[],2019-02-27 04:07:53,0.0,0,0,6799370,2019-02-27 04:07:53,btc,0.0,0.27465357,0,btc,0.0,0.0,0.0,7
1,[],20,[],2019-02-20 02:16:17,39399275.8418,0.000000001,0.0000000000000390183,6728586,2019-02-20 02:16:17,btc,116.9737569154545,525.0,0.000000001,btc,56932965.8895,5.25e-07,0.0393992758418,8
1,[],4,[],2019-02-27 04:07:55,1976708.41652035,0.00000178,0.00000000006801540200000001,6799371,2019-02-27 04:07:55,btc,5.805630986888847,0.0,0.00000178,btc,2233981.74976526,2.58599663,0.7703683644120848,9
1,[],28,[],2019-02-27 04:07:57,59857.48,0.00000179,0.00000000006839751100000001,6799372,2019-02-27 04:07:57,btc,2708.762682539512,3624175.26,0.00000179,btc,12195.0788,0.0,0.0707718668,9
0,[],2,[],2019-01-20 23:22:42,0.0,0,0,6476876,2019-01-20 23:22:42,,0.0,0.0,0,,0.0,0.0,0.0,9
0,[],23,[],2019-01-20 23:22:48,0.0,0,0,6476878,2019-01-20 23:22:48,,0.0,0.0,0,,0.0,0.0,0.0,9
1,[],1,[],2019-02-17 23:31:42,1822507.21,0.00000181000000000000003456111265232042484285557293333113193511962890625,0.000000000066086901,6701244,2019-02-17 23:31:42,btc,3.6990969245,17153386.5,0.00000181000000000000003456111265232042484285557293333113193511962890625,btc,1997391.71,31.11772986,3.2610482446,9
1,[],4,[],2019-02-17 11:22:43,4341674.27126056,0.00000002,0.0000000000007272960000000001,6696112,2019-02-17 11:22:43,btc,0.1997230937751353,0.0,0.00000002,btc,4109766.79808031,0.00215132,0.0479381022052112,10
1,[],4,[],2019-02-27 04:07:58,4173988.84871104,0.00000120,0.00000000004585308,6799373,2019-02-27 04:07:58,btc,10.18248175531583,0.0,0.00000120,btc,5351650.38895674,1.57145572,2.514101439329833,12
1,[],5,[],2019-02-27 04:07:59,0.0,0,0,6799374,2019-02-27 04:07:59,btc,0.0,0.31347845,0,btc,0.0,0.0,0.0,12
0.0,[],25,[],2019-02-27 04:08:01,0.0,0,0,6799375,2019-02-27 04:08:01,,0.0,0.0,0.0,btc,0.0,0.0,0.0,12
0,[],2,[],2019-01-20 23:23:08,0.0,0,0,6476890,2019-01-20 23:23:08,,0.0,0.0,0,,0.0,0.0,0.0,12
1,[],4,[],2019-02-27 04:08:02,1160435.62346563,0.00000541,0.00000000020672096900000002,6799376,2019-02-27 04:08:02,btc,3.104330429566394,0.0,0.00000541,btc,438952.60625979,0.50199376,0.3835433422313582,13
1,[],10,[],2019-02-27 04:08:04,474068.07236848,0.00000529,0.000000000202135661,6799377,2019-02-27 04:08:04,btc,666802.6211210422,8111.89190336,0.00000529,btc,746790.05852997,0.0,0.2850160004523205,13
1,[],21,[],2019-02-27 04:08:06,597046.32765018,0.000005540000000000000321051778912,0.00000000021168838600000003,6799378,2019-02-27 04:08:06,btc,5.50316864647111,813827.24472674,0.0000055400000000000003210517789120626019894189084880053997039794921875,btc,879328.87998538,4.52141646,3.064527990636293,13
1,[],4,[],2019-02-27 04:08:07,698418.66388852,0.00000127,0.000000000048527843,6799379,2019-02-27 04:08:07,btc,14.684096847692267,0.0,0.00000127,btc,899983.65565438,0.10364493,0.1439564801899875,14
1,[],12,[],2019-02-27 04:08:08,217265.91304348,0.000001120000000000000076372827333137660588135986472479999065399169921875,0.000000000042796208000000005,6799380,2019-02-27 04:08:08,btc,5.29429948623878,0.0,0.000001120000000000000076372827333137660588135986472479999065399169921875,btc,33863.19873547,0.0,0.0232142600000004,14
0,[],17,[],2019-02-27 04:08:09,0.0,0,0,6799381,2019-02-27 04:08:09,btc,0.0,0.0,0,btc,0.0,0.0,0.0,14
1,[],26,[],2019-02-27 04:08:09,0.0,0.00000050,0.00000000001910545,6799382,2019-02-27 04:08:09,btc,0.0,0.0,0.00000050,btc,0.0,0.0,0.0,14
0,[],4,[],2019-02-27 04:08:10,0.0,0,0,6799383,2019-02-27 04:08:10,,0.0,0.0,0,,0.0,0.0,0.0,15
,[],12,[],2018-12-01 15:15:48,204241.84496,0.00000489,0.000000000202473384,5260204,2018-12-01 15:15:48,btc,49.5475654835,0.0,,btc,35763.2193806,0.0163153972027625,0.0203389899998,15
0,[],17,[],2019-02-27 02:08:13,0.0,0,0,6798604,2019-02-27 02:08:13,btc,0.0,0.0,0,btc,0.0,0.0,0.0,18
1,[],4,[],2019-02-27 04:08:11,26293.62662642,0.00001790,0.0000000006839751100000001,6799384,2019-02-27 04:08:11,btc,1.2323789538699894,0.0,0.00001790,btc,9426.51247796,0.00735904,0.089153296046602,18
1,[],10,[],2019-02-27 04:08:13,783760.97888302,0.00001728,0.000000000660284352,6799385,2019-02-27 04:08:13,btc,16.63252308944722,12834.2667628,0.00001728,btc,14933.19698742,0.0,0.1439764203999027,18
1,[],12,[],2019-02-27 04:08:15,193475.41490622,0.00001701999999999999967450516058509180084001854993402957916259765625,0.000000000650349518,6799386,2019-02-27 04:08:15,btc,23.63061769495627,0.0,0.00001701999999999999967450516058509180084001854993402957916259765625,btc,1872.37523886,0.000325566800809,0.032877902394163404,18
0,[],2,[],2019-01-20 23:23:38,0.0,0,0,6476906,2019-01-20 23:23:38,,0.0,0.0,0,,0.0,0.0,0.0,18
1,[],3,[],2019-02-27 04:08:16,118351.62863834214,0.0000200099999999999998462514583241755872222711332142353057861328125,0.0000000007646001090000001,6799387,2019-02-27 04:08:16,btc,0.5286560728341213,0.0,0.0000200099999999999998462514583241755872222711332142353057861328125,btc,9053.568872553742,0.0,0.030907014098799864,19
1,[],4,[],2019-02-27 04:08:16,478987.87607767,0.00001985,0.0000000007584863650000001,6799388,2019-02-27 04:08:16,btc,2.1221951635288536,0.0,0.00001985,btc,70371.82520691,0.29417121,2.530467769498635,19
1,[],5,[],2019-02-27 04:08:17,0.0,0,0,6799389,2019-02-27 04:08:17,btc,0.0,0.00031489,0,btc,0.0,0.0,0.0,19
1,[],12,[],2019-02-27 04:08:18,135342.32570406,0.00001989999999999999920536654374192409022725769318640232086181640625,0.00000000076039691,6799390,2019-02-27 04:08:18,btc,1.358360661417211,0.0,0.00001989999999999999920536654374192409022725769318640232086181640625,btc,392.27457877,0.00010926,0.10967264999998999,19
0,[],27,[],2019-02-27 04:08:20,0.0,0,0,6799391,2019-02-27 04:08:20,,0.0,0.0,0,btc,0.0,0.0,0.0,19
0,[],2,[],2019-01-20 23:24:19,0.0,0,0,6476924,2019-01-20 23:24:19,,0.0,0.0,0,,0.0,0.0,0.0,19
1,[],4,[],2019-02-27 04:08:21,2817409.12717412,0.00000013,0.000000000004967417,6799392,2019-02-27 04:08:21,btc,7.375585881011204,0.0,0.00000013,btc,2840199.57892104,0.00064067,0.0813360639981472,20
1,[],4,[],2019-02-27 04:08:22,104036087.13737024,0.00000002,0.000000000000764218,6799393,2019-02-27 04:08:22,btc,1807.0981986415547,0.0,0.00000002,btc,54975780.27639335,0.0,1.1684621866280451,21
1,[],12,[],2019-02-27 04:08:22,18358332.0,0.00000002,0.0000000000007642180000000001,6799394,2019-02-27 04:08:22,btc,670.3772032734847,0.0,0.00000002,btc,8255366.32857329,0.00578088,0.23940688000000002,21
0,[],17,[],2019-02-27 01:06:55,0.0,0,0,6798242,2019-02-27 01:06:55,btc,0.0,0.0,0,btc,0.0,0.0,0.0,21
1,[],12,[],2019-02-27 04:08:24,3136480788.6808996,0.0000000002,0.000000000000007642180000000001,6799395,2019-02-27 04:08:24,btc,875865843029.986,0.0,0.0000000002,btc,4900102319.020418,0.034606210182417586,0.33356722998299043,23
0.0000000003559862,[],27,[],2019-02-27 04:08:27,2000.0,3.559862e-18,1.360255308958e-22,6799396,2019-02-27 04:08:27,eth,1.3829826565934114,0.0,0.00000001,eth,2164879.85514486,0.0,7.119724e-15,23
1,[],4,[],2019-02-27 04:08:27,464682.94858934,0.00000058,0.000000000022162322,6799397,2019-02-27 04:08:27,btc,9.145229135521054,0.0,0.00000058,btc,1520746.02559635,0.01110878,0.1489792646405643,24
1,[],22,[],2019-02-27 04:08:31,11.76,0.00000100,0.0000000000382109,6799398,2019-02-27 04:08:31,BTC,7.415e-05,0.0,0.00000100,BTC,23.919354838709676,0.0,1.176e-05,24
0.0,[],25,[],2019-02-27 04:08:32,0.0,0,0,6799399,2019-02-27 04:08:32,,0.0,0.0,0.0,btc,0.0,0.0,0.0,24
1,[],4,[],2019-02-27 04:08:33,28279920.6516726,0.00000672,0.00000000025677724800000003,6799400,2019-02-27 04:08:33,btc,167.53962113179568,0.0,0.00000672,btc,262568.62616451,0.09588452,0.4666432851293241,26
1,[],10,[],2019-02-27 04:08:34,699061.84566707,0.0000064,0.00000000024454976,6799401,2019-02-27 04:08:34,btc,26.125763622393887,3981.89084137,0.0000064,btc,14018.64167876,0.0,0.2634643794442328,26
0,[],2,[],2019-01-20 23:25:56,0.0,0,0,6476976,2019-01-20 23:25:56,,0.0,0.0,0,,0.0,0.0,0.0,26
1,[],3,[],2019-02-27 04:08:35,6199746.70213569,0.00000001,0.00000000000038210900000000005,6799402,2019-02-27 04:08:35,btc,2.318476015292954,99246.3381024,0.00000001,btc,17672398.51502257,0.0,0.061997467021356896,27
1,[],5,[],2019-02-27 04:08:36,0.0,0,0,6799403,2019-02-27 04:08:36,btc,0.0,0.00476051,0,btc,0.0,0.0,0.0,27
1,[],11,[],2019-02-27 04:08:38,9491944.20350207,0.00000005,0.000000000001910545,6799404,2019-02-27 04:08:38,btc,67506.40605986067,169525.403564,0.00000005,btc,8002256.57282965,0.0,0.44249750446473557,27
1,[],4,[],2019-02-27 04:08:39,1506456237.492738,0.00000002,0.000000000000764218,6799405,2019-02-27 04:08:39,btc,2.5831232632760104,0.0,0.00000002,"btc,ltc",279714513.719572,0.56126124,12.327414593701233,29
1,[],7,[],2019-02-27 04:08:40,47476687.7215207,0.00000002,0.0000000000007642180000000001,6799406,2019-02-27 04:08:40,btc,44462590.76774984,0.0,0.00000002,btc,47164116.521593474,0.0,0.6189312873043272,29
1,[],4,[],2019-02-27 04:08:41,1440201.17798168,0.00000029,0.000000000011081161,6799407,2019-02-27 04:08:41,btc,2.335161145006251,0.0,0.00000029,btc,1571017.47663893,0.00662183,0.0971713153718036,30
0,[],17,[],2019-02-27 04:08:42,0.0,0,0,6799408,2019-02-27 04:08:42,btc,0.0,0.0,0,btc,0.0,0.0,0.0,30
1,[],4,[],2019-02-27 04:08:43,1115366.29578859,0.00005162,0.0000000019724466580000003,6799409,2019-02-27 04:08:43,btc,5.118688813441119,0.0,0.00005162,btc,64955.86603723,0.42137618,1.0196266880247804,31
1,[],21,[],2019-02-27 04:08:45,78230.44016889,0.00005199999999999999679986886769,0.0000000019869668,6799410,2019-02-27 04:08:45,btc,1.3609028332859463,77367.66958043,0.0000519999999999999967998688676917851125836023129522800445556640625,btc,23433.35790068,4.00571915,3.365041004636751,31
0,[],2,[],2019-01-20 23:28:43,0.0,0,0,6477009,2019-01-20 23:28:43,,0.0,0.0,0,,0.0,0.0,0.0,32
1,[],4,[],2019-02-27 04:08:45,370965767.87773955,0.00000004,0.000000000001528436,6799411,2019-02-27 04:08:45,btc,9.651682989109474,0.0,0.00000004,"btc,ltc",179081007.2180661,1.56519509,8.305649046221566,33
1,[],12,[],2019-02-27 04:08:47,16560271.0,0.00000004,0.0000000000015284360000000002,6799412,2019-02-27 04:08:47,btc,35630543.57920583,0.0,0.00000004,btc,90520258.8122464,0.0294872712087925,0.5358654899999999,33
1,[],4,[],2019-02-27 04:08:48,124646686.98262756,0.00000001,0.000000000000382109,6799413,2019-02-27 04:08:48,btc,4.042263117617996,0.0,0.00000001,btc,101570786.9276837,0.01605978,1.2464668698262755,34
1,[],5,[],2019-02-27 04:08:49,0.0,0,0,6799414,2019-02-27 04:08:49,btc,0.0,0.23693132,0,btc,0.0,0.0,0.0,34
0.0000000001173237,[],4,[],2019-02-27 04:08:49,2255765484.9733334,2.346474e-18,8.966088336660001e-23,6799415,2019-02-27 04:08:49,ltc,2.988286451591338e-08,0.0,0.00000002,ltc,3956903635.5669875,0.0,4.358532798751068e-09,36
1,[],5,[],2019-02-27 04:08:51,0.0,0,0,6799416,2019-02-27 04:08:51,btc,0.0,0.0,0,btc,0.0,0.0,0.0,36
0,[],17,[],2019-02-27 04:09:03,0.0,0,0,6799417,2019-02-27 04:09:03,btc,0.0746458232965017,0.0,0,btc,4103573.70243647,0.0,0.0,36
0.0000000003559862,[],27,[],2019-02-27 04:09:06,1000000.0,3.559862e-18,1.360255308958e-22,6799418,2019-02-27 04:09:06,eth,222.5997971062634,0.0,0.00000001,"ltc,eth",11163566.48751039,0.0,1.17801025e-12,36
1,[],4,[],2019-02-27 04:09:07,397229.99374645,0.00000060,0.00000000002292654,6799419,2019-02-27 04:09:07,btc,19772.500948103443,0.0,0.00000060,btc,577351.36941515,0.0193117,0.1997692839486152,37
1,[],12,[],2019-02-27 04:09:08,598069.92513998,0.00000057,0.000000000021780213000000005,6799420,2019-02-27 04:09:08,btc,1344.7326949612943,0.0,0.00000057,btc,979185.05451708,0.2101873151303858,0.1865190600000032,37
1,[],17,[],2019-02-27 04:09:10,1752.74075282,0.00000025,0.000000000009552725,6799421,2019-02-27 04:09:10,btc,0.05548492399307183,0.0,0.00000025,btc,1387.19918473,0.0,0.00043818518820499993,37
1,[],27,[],2019-02-27 04:09:12,14685.567,0.00000045,0.000000000017194905000000002,6799422,2019-02-27 04:09:12,btc,25.82160393111233,0.0,0.00000045,btc,6804.86438508,0.0,0.00480032515,37
1,[],5,[],2019-02-27 04:09:13,0.0,0,0,6799423,2019-02-27 04:09:13,btc,0.0,0.0900523,0,btc,0.0,0.0,0.0,42
1,[],12,[],2019-02-27 04:09:14,240599.79936153,0.00000092,0.000000000035154028,6799424,2019-02-27 04:09:14,btc,94.70708039440801,0.0,0.00000092,btc,112158.43562287,0.0138305260981304,0.0470717300000007,42
0.0000000003559862,[],27,[],2019-02-27 04:09:16,2000.0,3.559862e-18,1.360255308958e-22,6799425,2019-02-27 04:09:16,eth,0.00315028,0.0,0.00000001,"btc,eth",11.007,0.0,7.119724e-15,42
1,[],5,[],2019-02-27 04:09:17,0.0,0,0,6799426,2019-02-27 04:09:17,btc,0.0,0.06493086,0,btc,0.0,0.0,0.0,43
1,[],12,[],2019-02-27 04:09:18,1793400.0,0.00000001,0.00000000000038210900000000005,6799427,2019-02-27 04:09:18,btc,3569.7539966245354,0.0,0.00000001,btc,12096636.57282716,6.2007992008e-05,0.017934000000000002,43
0,[],17,[],2019-02-27 04:01:30,0.0,0,0,6799226,2019-02-27 04:01:30,btc,0.0,0.0,0,btc,0.0,0.0,0.0,43
1,[],12,[],2019-02-27 04:09:31,656459.0,0.00000004,0.0000000000015284360000000002,6799428,2019-02-27 04:09:31,btc,11116047.727795307,0.0,0.00000004,btc,1102354.40161834,0.000406688201798,0.01624028,44
1,[],4,[],2019-02-27 04:09:32,290551281.33727527,0.00000002,0.000000000000764218,6799429,2019-02-27 04:09:32,btc,473.6043618207506,0.0,0.00000002,"btc,ltc",12155941.00365541,0.00315876,0.19885640864795479,49
0.0000000001173237,[],4,[],2019-02-27 04:09:33,107797648.54856344,1.173237e-18,4.4830441683300004e-23,6799430,2019-02-27 04:09:33,ltc,25.475336667571657,0.0,0.00000001,ltc,10239252169.218313,0.0,1.2647218979017094e-10,52
0.0000000001248501,[],22,[],2019-02-27 04:09:36,80845862.0,1.248501e-18,4.7706346860900004e-23,6799431,2019-02-27 04:09:36,XMR,4366.96886713,0.0,0.00000001,XMR,255240310.67882353,0.0,0.80845862,57
0.0000000003559862,[],27,[],2019-02-27 04:09:39,2000.0,3.559862e-18,1.360255308958e-22,6799432,2019-02-27 04:09:39,eth,0.0,0.0,0.00000001,"btc,eth",0.0,0.0,7.119724e-15,57
0.0000000001173237,[],4,[],2019-02-27 04:09:40,1051729236.3580483,3.519711000000001e-18,1.3449132504990002e-22,6799433,2019-02-27 04:09:40,ltc,18.807551019039064,0.0,0.00000003,ltc,4132999751.9015503,0.001619,2.541080419093208e-09,58
1,[],12,[],2019-02-27 04:09:41,1645143778.843957,0.0000000005,0.000000000000019105450000000002,6799434,2019-02-27 04:09:41,btc,224005479678.61057,0.0,0.0000000005,btc,3689105361.5768986,0.11357649906209985,0.5326026329011392,58
0.0000000001248501,[],22,[],2019-02-27 04:09:55,137438.0,1.248501e-18,4.7706346860900004e-23,6799435,2019-02-27 04:09:55,XMR,69.8835922,0.0,0.00000001,XMR,9887963.0,0.0,0.00137438,58
0,[],17,[],2019-02-27 03:10:49,0.0,0,0,6799039,2019-02-27 03:10:49,btc,1e+24,0.0,0,btc,49306342.21952568,0.0,0.0,58
1,[],5,[],2019-02-27 04:09:56,0.0,0,0,6799436,2019-02-27 04:09:56,btc,0.0,0.01459512,0,btc,0.0,0.0,0.0,61
1,[],22,[],2019-02-27 04:10:00,5149.5,0.00000011,0.000000000004203199,6799437,2019-02-27 04:10:00,BTC,1002.29597012,0.0,0.00000011,BTC,14947.700278135757,0.0,0.00051596,61
1,[],26,[],2019-02-27 04:10:00,0.0,0.00000800,0.0000000003056872,6799438,2019-02-27 04:10:00,btc,0.0,0.0,0.00000800,btc,0.0,0.0,0.0,61
1,[],27,[],2019-02-27 04:10:02,2563.55,0.00000055,0.000000000021015995,6799439,2019-02-27 04:10:02,btc,7.841844928616269,0.0,0.00000055,"btc,eth",20831.38399471,0.0,0.0002655975034886648,61
1,[],28,[],2019-02-27 04:10:04,13880.304,0.0000005,0.00000000001910545,6799440,2019-02-27 04:10:04,btc,2.056291378300105,985.0,0.0000005,btc,9710.59500005,0.0,0.00566391304,61
1,[],4,[],2019-02-27 04:10:05,1425050.5921361,0.00000278,0.000000000106226302,6799441,2019-02-27 04:10:05,btc,11.194545182911552,0.0,0.00000278,btc,778135.99811651,0.31911428,1.3342734270641172,67
0.0,[],25,[],2019-02-27 04:10:07,0.0,0,0,6799442,2019-02-27 04:10:07,,0.0,0.0,0.0,btc,0.0,0.0,0.0,67
1,[],12,[],2019-02-27 04:10:08,2903935.95622185,0.00000025,0.000000000009552725,6799443,2019-02-27 04:10:08,btc,11115999.00799186,0.0,0.00000025,btc,2182785.01015293,0.0194336904107349,0.0930838164411133,71
,[],5,[],2018-11-20 23:02:39,1.5e-07,0.00000005,0.000000000002128045,4862160,2018-11-20 23:02:39,btc,2.84511358,0.0,,btc,0.00036572,0.0,0.07381892,74
1,[],5,[],2019-02-27 04:10:09,0.0,0,0,6799444,2019-02-27 04:10:09,btc,0.0,0.0,0,btc,0.0,0.0,0.0,75
1,[],4,[],2019-02-27 04:10:10,16180270.251575,0.00000001,0.000000000000382109,6799445,2019-02-27 04:10:10,btc,11388.6314586309,0.0,0.00000001,btc,34441504.9695017,0.00017764,0.16180270251575,81
0,[],20,[],2019-01-25 09:30:31,0.0,0,0,6495923,2019-01-25 09:30:31,btc,0.0,0.0,0,btc,0.0,0.0,0.0,81
1,[],4,[],2019-02-27 04:02:20,28476.65593751,0.00007424,0.00000000283507712,6799245,2019-02-27 04:02:20,btc,17.7748835200901,0.0,0.00007424,btc,12760.58105425,0.01335943,0.1278266393964049,82
1,[],21,[],2019-02-27 04:02:21,40738.20878935,0.00007566999999999999887336649129,0.00000000288968596,6799246,2019-02-27 04:02:21,btc,2.266134122702742,5929.93152307,0.000075669999999999998873366491292102864463231526315212249755859375,btc,24617.2751724,0.44810073,2.118848513174844,82
0,[],17,[],2019-02-27 04:10:12,0.0,0,0,6799446,2019-02-27 04:10:12,btc,0.0447233088476774,0.0,0,btc,999127.19588126,0.0,0.0,84
0.0000000001173237,[],4,[],2019-02-27 04:10:13,185154519.7926447,3.519711000000001e-18,1.3449132504990002e-22,6799447,2019-02-27 04:10:13,ltc,1.7828321024012515,0.0,0.00000003,ltc,400596832.5913738,0.0,2.942056521826002e-10,85
,[],22,[],2018-11-20 23:09:34,3408.1,0.0000001,0.0000000000041895,4862324,2018-11-20 23:09:34,BTC,0.04624735,0.0,,BTC,4990.0,0.0,0.00033081,86
0,[],22,[],2019-02-22 12:52:35,0.0,0,0,6758847,2019-02-22 12:52:35,,2.0760781,0.0,0,,140622.94736842104,0.0,0.0,87
0,[],27,[],2019-02-22 12:52:37,0.0,0,0,6758848,2019-02-22 12:52:37,,0.0,0.0,0,btc,0.0,0.0,0.0,87
,[],2,[],2018-11-20 23:10:47,0.0,0,0,4862359,2018-11-20 23:10:47,,0.0,0.0,,,0.0,0.0,0.0,88
1,[],11,[],2019-02-27 04:10:15,86766.03763155,0.00014001000000000000966261792800793273272574879229068756103515625,0.000000005349908109000001,6799448,2019-02-27 04:10:15,btc,609.4619828645175,2.0,0.00014001000000000000966261792800793273272574879229068756103515625,btc,97578.81863904,0.0,5.388396674201448,89
0,[],2,[],2019-01-20 23:31:45,0.0,0,0,6477083,2019-01-20 23:31:45,,0.0,0.0,0,,0.0,0.0,0.0,91
1,[],12,[],2019-02-27 04:10:16,479104.17365445,0.000001709999999999999933207183062944256590753866476006805896759033203125,0.000000000065340639,6799449,2019-02-27 04:10:16,btc,4.362863301805557,0.0,0.000001709999999999999933207183062944256590753866476006805896759033203125,btc,59670.4799919,0.001827107654341,0.0977266352937631,91
0,[],17,[],2019-02-27 04:10:18,0.0,0,0,6799450,2019-02-27 04:10:18,btc,0.0,0.0,0,btc,0.0,0.0,0.0,91
0,[],22,[],2019-02-27 04:10:21,0.0,0,0,6799451,2019-02-27 04:10:21,,3.1e-06,0.0,0,,2.0,0.0,0.0,91
0.0000000001173237,[],22,[],2019-02-27 04:10:24,2791021.0,4.692948e-18,1.7932176673320001e-22,6799452,2019-02-27 04:10:24,LTC,8.53161599,0.0,0.00000004,LTC,71994962.1,0.0,0.09164084,95
0.0000000001173237,[],4,[],2019-02-27 04:10:26,646988450.6151512,8.3299827e-17,3.1829613595143003e-21,6799453,2019-02-27 04:10:26,ltc,11.89006741323481,0.0,0.00000071,ltc,136367520.44482967,0.00023037,1.8028771094064165e-09,96
0,[],12,[],2019-02-27 04:10:27,0.0,0,0,6799454,2019-02-27 04:10:27,btc,255077.86232305458,0.0,0,btc,8739592.61569404,5.004995005e-06,0.0,96
0,[],17,[],2019-02-27 04:02:40,0.0,0,0,6799255,2019-02-27 04:02:40,btc,0.0,0.0,0,btc,0.0,0.0,0.0,96
1,[],4,[],2019-02-27 04:10:28,1443477.65351121,0.00000031,0.000000000011845379000000001,6799455,2019-02-27 04:10:28,btc,3.047043102085191,0.0,0.00000031,btc,2428907.73272614,0.00037865,0.1271164887854971,99
1,[],4,[],2019-02-27 04:10:29,149917.65836741,0.00004696,0.0000000017943838640000002,6799456,2019-02-27 04:10:29,btc,11.732973179503453,0.0,0.00004696,btc,158827.20170918,3.85321724,3.1043991155658412,100
0,[],2,[],2019-01-20 23:23:55,0.0,0,0,6476914,2019-01-20 23:23:55,,0.0,0.0,0,,0.0,0.0,0.0,100
1,[],22,[],2019-02-27 04:10:32,50000.0,0.00000001,0.000000000000382109,6799457,2019-02-27 04:10:32,BTC,23.49896609,0.0,0.00000001,BTC,10277.22,0.0,0.0005,101
1,[],4,[],2019-02-27 04:10:33,479162.12405993,0.00000087,0.000000000033243483,6799458,2019-02-27 04:10:33,btc,256.29955989377817,0.0,0.00000087,btc,487456.74953203,0.01704635,0.2489934463564377,103
1,[],12,[],2019-02-27 04:10:36,61521896.0,0.00000001,0.00000000000038210900000000005,6799459,2019-02-27 04:10:36,btc,137278920.6438339,0.0,0.00000001,btc,122417231.58218057,0.01279883520877569,0.20820439500000001,105
1,[],27,[],2019-02-27 04:10:38,125810.89,0.00000001,0.000000000000382109,6799460,2019-02-27 04:10:38,btc,36.58510134075966,0.0,0.00000001,btc,575922.56793212,0.0,0.0012581089,105
1,[],22,[],2019-02-27 04:10:42,9328.0,0.00000001,0.000000000000382109,6799461,2019-02-27 04:10:42,BTC,51.10837004,0.0,0.00000001,BTC,470435.0,0.0,9.328e-05,107
1,[],26,[],2019-02-27 04:10:42,0.0,0.00000000,0,6799462,2019-02-27 04:10:42,btc,0.0,0.0,0.00000000,btc,0.0,0.0,0.0,107
1,[],5,[],2019-02-27 04:10:43,0.0,0,0,6799463,2019-02-27 04:10:43,btc,0.0,0.04812663,0,btc,0.0,0.0,0.0,112
1,[],22,[],2019-02-27 04:10:47,1966.0,0.00000001,0.000000000000382109,6799464,2019-02-27 04:10:47,BTC,2.81183288,0.0,0.00000001,BTC,808524.0833333334,0.0,1.966e-05,112
0.0000000003559862,[],27,[],2019-02-27 04:10:49,2000.0,3.559862e-18,1.360255308958e-22,6799465,2019-02-27 04:10:49,eth,1.35132491849924,0.0,0.00000001,"btc,eth",1328.641654,0.0,7.119724e-15,112
1,[],4,[],2019-02-27 04:10:51,391369.77976391,0.00000288,0.000000000110047392,6799466,2019-02-27 04:10:51,btc,85.09470608066549,0.0,0.00000288,btc,327675.30452463,0.39058644,0.2082514328646139,113
1,[],5,[],2019-02-27 04:10:51,0.0,0,0,6799467,2019-02-27 04:10:51,btc,0.0,0.11864354,0,btc,0.0,0.0,0.0,113
1,[],17,[],2019-02-27 04:10:53,152738.278,0.00000004,0.0000000000015284360000000002,6799468,2019-02-27 04:10:53,btc,1.3368030275004876,0.0,0.00000004,btc,51896.221,0.0,0.0022095311199999998,116
0,[],27,[],2019-02-27 04:10:55,0.0,0,0,6799469,2019-02-27 04:10:55,,0.0,0.0,0,btc,0.0,0.0,0.0,116
1,[],4,[],2019-02-27 04:10:56,290829.35678304,0.00002469,0.000000000943427121,6799470,2019-02-27 04:10:56,btc,29.238350437997045,0.0,0.00002469,btc,85392.17234285,3.06634651,2.167478829989958,120
1,[],7,[],2019-02-27 04:10:58,16244.74942763,0.00001768999999999999834187323910494882284183404408395290374755859375,0.000000000675950821,6799471,2019-02-27 04:10:58,btc,115647.7261683918,1384.34844247,0.00001768999999999999834187323910494882284183404408395290374755859375,btc,56575.38186679,0.03369558,0.0608372143056996,120
1,[],20,[],2019-02-27 04:11:01,1501566.8795,0.00000004,0.000000000001528436,6799472,2019-02-27 04:11:01,btc,32.2909198901994,61082.6083,0.00000004,btc,945515.5386,0.0030820004613,0.010231303801,125
1,[],22,[],2019-02-27 04:11:05,3053.0,0.00000001,0.000000000000382109,6799473,2019-02-27 04:11:05,BTC,0.01444887,0.0,0.00000001,BTC,296263.5111111111,0.0,3.053e-05,126
1,[],4,[],2019-02-27 04:11:06,2679925.20743589,0.00001386,0.000000000529603074,6799474,2019-02-27 04:11:06,btc,8.793810367086795,0.0,0.00001386,btc,127847.11540966,0.08884159,0.7205783805603966,131
0,[],2,[],2019-01-20 23:25:46,0.0,0,0,6476969,2019-01-20 23:25:46,,0.0,0.0,0,,0.0,0.0,0.0,131
0,[],17,[],2019-02-27 04:03:32,0.0,0,0,6799275,2019-02-27 04:03:32,btc,0.0009561751951600001,0.0,0,btc,35.42829368,0.0,0.0,131
1,[],4,[],2019-02-27 04:11:18,4558.89234762,0.00016001,0.000000006114126109,6799475,2019-02-27 04:11:18,btc,1.6208898737981448,0.0,0.00016001,btc,242.95965577,0.0,0.008709755000037,135
1,[],3,[],2019-02-27 04:03:34,1067833.16685176,0.00000004,0.0000000000015275200000000001,6799277,2019-02-27 04:03:34,btc,0.6402423705362453,17905.0,0.00000004,btc,2343705.33020365,0.0,0.0342510493370351,136
1,[],4,[],2019-02-27 04:03:35,270289.50040751,0.00000164,0.00000000006262832000000001,6799278,2019-02-27 04:03:35,btc,38.96326796125761,0.0,0.00000164,btc,570732.39269712,0.39945783,0.0865059074477175,137
1,[],12,[],2019-02-27 04:03:36,294816.76739037,0.00000172000000000000004922169442866941579950434970669448375701904296875,0.00000000006568336,6799279,2019-02-27 04:03:36,btc,11807.597024639768,0.0,0.00000172000000000000004922169442866941579950434970669448375701904296875,btc,122989.33537073,0.0041217156882909,0.0206493599999827,137
1,[],4,[],2019-02-27 04:11:19,114883.37882704,0.00003474,0.000000001327446666,6799476,2019-02-27 04:11:19,btc,29.033752057173285,0.0,0.00003474,btc,42962.44518427,0.35384223,0.4713924541075419,142
1,[],5,[],2019-02-27 04:11:21,0.0,0,0,6799477,2019-02-27 04:11:21,btc,0.0,0.34602321,0,btc,0.0,0.0,0.0,142
1,[],20,[],2019-02-27 04:11:34,133023.6247,0.000033891,0.0000000012950056119,6799478,2019-02-27 04:11:34,btc,0.3064313196569,8.7156,0.000033891,btc,1363.9861,0.000325058102,0.2281286845659,142
1,[],22,[],2019-02-27 04:11:37,1685.8988921568628,0.00004000,0.0000000015284360000000001,6799479,2019-02-27 04:11:37,BTC,3.00385504,0.0,0.00004000,BTC,891.218,0.0,0.00174536,142
0.0,[],25,[],2019-02-27 04:11:38,0.0,0,0,6799480,2019-02-27 04:11:38,,0.0,0.0,0.0,btc,0.0,0.0,0.0,142
1,[],28,[],2019-02-27 04:11:40,76600.0,0.00004400,0.0000000016812796,6799481,2019-02-27 04:11:40,btc,0.0639742472,1263.99,0.00004400,btc,500.6113,0.0,0.0261072,142
1,[],17,[],2019-02-27 04:03:50,22967.386363640002,0.00000088,0.000000000033605440000000005,6799282,2019-02-27 04:03:50,btc,20.0699133484,0.0,0.00000088,btc,405.079105,0.0,0.0104613000000032,142
0,[],22,[],2019-02-27 04:11:42,0.0,0,0,6799482,2019-02-27 04:11:42,,60.80280694,0.0,0,,704341446.3,0.0,0.0,143
0,[],22,[],2019-02-25 15:42:22,0.0,0,0,6783783,2019-02-25 15:42:22,,4.2131946,0.0,0,,2322156.0,0.0,0.0,146
,[],22,[],2018-11-20 23:01:11,0.0,0,0,4862114,2018-11-20 23:01:11,,2.56807021,0.0,,,61828.4988236,0.0,0.0,147
1,[],12,[],2019-02-27 04:11:44,218825.46202531,0.00000250000000000000020450763478507827386465578456409275531768798828125,0.00000000009552725000000001,6799483,2019-02-27 04:11:44,btc,16.291434583887526,0.0,0.00000250000000000000020450763478507827386465578456409275531768798828125,btc,117105.96563389,0.0016893581818127,0.0267427799999898,148
1,[],4,[],2019-02-27 04:11:46,245711.69913946,0.00000032,0.000000000012227488,6799484,2019-02-27 04:11:46,btc,219.967644468472,0.0,0.00000032,btc,800814.6791546,0.00098764,0.0582338765926952,152
0,[],22,[],2019-02-27 04:11:48,0.0,0,0,6799485,2019-02-27 04:11:48,,0.0,0.0,0,,0.0,0.0,0.0,152
1,[],5,[],2019-02-27 04:11:49,0.0,0,0,6799486,2019-02-27 04:11:49,btc,0.0,0.0,0,btc,0.0,0.0,0.0,153
,[],16,[],2019-01-11 15:38:59,0.0,0,0,6366141,2019-01-11 15:38:59,btc,0.0,0.0,,btc,0.0,0.0,0.0,155
0,[],22,[],2019-02-27 04:11:52,0.0,0,0,6799487,2019-02-27 04:11:52,,6.74829967,0.0,0,,4646626.747643097,0.0,0.0,156
0,[],23,[],2019-01-20 23:24:29,0.0,0,0,6476932,2019-01-20 23:24:29,,0.0,0.0,0,,0.0,0.0,0.0,156
1,[],22,[],2019-02-27 04:11:56,7073.8,0.00005300,0.0000000020251777,6799488,2019-02-27 04:11:56,BTC,1.80343699,0.0,0.00005300,BTC,899.6422341958436,0.0,0.00104336,157
0,[],22,[],2019-02-27 04:11:58,0.0,0,0,6799489,2019-02-27 04:11:58,,50175.68008609,0.0,0,,54479136.04179466,0.0,0.0,158
,[],17,[],2018-11-20 22:56:10,0.0,0,0,4861976,2018-11-20 22:56:10,btc,1.1265625,0.0,,btc,1000.0,0.0,0.0,159
,[],20,[],2018-11-20 22:56:12,0.0,0,0,4861977,2018-11-20 22:56:12,btc,11912.7940471,0.0,,btc,34413894.3617,0.0,0.0,159
1,[],17,[],2019-02-27 03:03:20,29784.95,0.000001,0.0000000000381505,6798900,2019-02-27 03:03:20,btc,0.03026736251542,0.0,0.000001,btc,144.46171372,0.0,0.00716147,168
1,[],12,[],2019-02-27 04:12:00,181527.07628287,0.000008019999999999999446497443711390218368251225911080837249755859375,0.000000000306451418,6799490,2019-02-27 04:12:00,btc,6.642218697091184,0.0,0.000008019999999999999446497443711390218368251225911080837249755859375,btc,13614.44413222,0.0052129859076038,0.0902599815715154,168
1,[],22,[],2019-02-27 04:12:05,259690.0,0.00000001,0.000000000000382109,6799491,2019-02-27 04:12:05,BTC,1.14695792,0.0,0.00000001,BTC,779972.8900917594,2.792e-05,0.0025969,169
1,[],22,[],2019-02-27 04:12:09,200000.0,0.00000001,0.000000000000382109,6799492,2019-02-27 04:12:09,BTC,13.2501524,0.0,0.00000001,BTC,144336.2939341018,0.0,0.002,171
1,[],22,[],2019-02-27 04:12:12,33544.0,0.00000005,0.000000000001910545,6799493,2019-02-27 04:12:12,BTC,2.19694125,0.0,0.00000005,BTC,240047.10850564364,0.00062419,0.00033724,173
1,[],5,[],2019-02-27 04:04:48,0.0,0,0,6799299,2019-02-27 04:04:48,btc,0.0,0.16318397,0,btc,0.0,0.0,0.0,175
1,[],22,[],2019-02-27 04:12:16,45904.0,0.0000003,0.00000000001146327,6799494,2019-02-27 04:12:16,BTC,0.52955903,0.0,0.0000003,BTC,143368.41384013777,0.0,0.0052148,176
1,[],7,[],2019-02-27 04:12:17,0.0,0,0,6799495,2019-02-27 04:12:17,btc,410932.5281358376,0.0,0,btc,117881559.31901672,0.0,0.0,178
0,[],22,[],2019-02-27 04:12:20,0.0,0,0,6799496,2019-02-27 04:12:20,,1.00242428,0.0,0,,57512.0,0.0,0.0,178
0,[],2,[],2019-01-20 23:28:34,0.0,0,0,6477001,2019-01-20 23:28:34,,0.0,0.0,0,,0.0,0.0,0.0,178
1,[],5,[],2019-02-27 04:12:23,0.0,0,0,6799497,2019-02-27 04:12:23,btc,0.0,0.00562229,0,btc,0.0,0.0,0.0,179
1,[],22,[],2019-02-27 04:12:27,7046871.666666667,0.00000003,0.0000000000011463270000000001,6799498,2019-02-27 04:12:27,BTC,5.63366894,0.0,0.00000003,"BTC,LTC",17147700.756535422,0.00043856,0.38128759,179
0,[],23,[],2019-01-20 23:25:08,0.0,0,0,6476952,2019-01-20 23:25:08,,0.0,0.0,0,,0.0,0.0,0.0,179
1,[],17,[],2019-02-27 04:12:30,10504.725,0.0000001,0.00000000000382109,6799499,2019-02-27 04:12:30,btc,5.201069583844945,0.0,0.0000001,btc,5033.45945,0.0,0.0010504725,180
0.0000000001173237,[],22,[],2019-02-27 04:12:34,128605.4,1.1732370000000002e-17,4.48304416833e-22,6799500,2019-02-27 04:12:34,LTC,0.20868427,0.0,0.0000001,LTC,64919.00349073286,0.0,0.00130544,180
1,[],26,[],2019-02-27 04:12:34,0.0,0.00000160,0.00000000006113744,6799501,2019-02-27 04:12:34,btc,0.0,0.0,0.00000160,btc,0.0,0.0,0.0,180
,[],7,[],2018-11-20 22:58:01,562227.975654,0.00000085,0.000000000036176765,4862015,2018-11-20 22:58:01,btc,21836.6059674,2491.87645172,,btc,749999.041456,0.00211021,0.127565380455,183
,[],5,[],2019-01-10 08:11:41,0.0,0,0,6347036,2019-01-10 08:11:41,btc,82.15055501,0.00261,,btc,1.19002445,0.0,0.0,187
1,[],24,[],2019-02-27 04:12:34,0.0,0.000000000001,3.82109e-17,6799502,2019-02-27 04:12:34,btc,0.0,0.0,0.000000000001,btc,0.0,0.0,0.0,187
,[],17,[],2018-11-16 20:58:10,4062536.27273,0.00000001,0.000000000000550501,4708775,2018-11-16 20:58:10,btc,3.36492563466,0.195460381006,,"btc,eth",110697919.549,0.0,0.0157628953496,187
0,[],22,[],2019-02-27 04:05:17,0.0,0,0,6799309,2019-02-27 04:05:17,,1.19374396,0.0,0,,16308.869534405507,0.0,0.0,191
0,[],22,[],2019-02-27 04:12:39,0.0,0,0,6799503,2019-02-27 04:12:39,,0.0,0.0,0,,0.0,0.0,0.0,197
0,[],23,[],2019-01-20 23:31:41,0.0,0,0,6477079,2019-01-20 23:31:41,,0.0,0.0,0,,0.0,0.0,0.0,199
0,[],22,[],2019-02-27 04:12:42,0.0,0,0,6799504,2019-02-27 04:12:42,,5.19477622,0.0,0,,21058553.0,0.0,0.0,199
1,[],26,[],2019-02-27 04:12:42,0.0,0.00000000,0,6799505,2019-02-27 04:12:42,btc,0.0,4.0,0.00000000,btc,0.0,0.0,0.0,199
0,[],17,[],2019-01-30 16:32:01,0.0,0,0,6540827,2019-01-30 16:32:01,btc,6.802544163788159,0.0,0,btc,105897.55575295,0.0,0.0,200
0,[],2,[],2019-01-20 23:30:49,0.0,0,0,6477059,2019-01-20 23:30:49,,0.0,0.0,0,,0.0,0.0,0.0,201
1,[],4,[],2019-01-25 15:51:35,2084389.58565343,0.00000936,0.000000000333526752,6499557,2019-01-25 15:51:35,btc,2.0092503037378524,0.0,0.00000936,btc,160195.80207885,0.19272417,1.242687955921835,211
1,[],7,[],2019-02-27 04:12:46,4476277.67953878,0.0000013299999999999999715787242504649867669286322779953479766845703125,0.000000000050820497,6799506,2019-02-27 04:12:46,btc,15476655.345189039,546418.077369,0.0000013299999999999999715787242504649867669286322779953479766845703125,btc,13131380.05169367,0.0,3.4982988583767574,212
1,[],12,[],2019-01-25 02:44:32,207462.42853209,0.000001080000000000000035831255497387193287295303889550268650054931640625,0.000000000038610756000000006,6493050,2019-01-25 02:44:32,btc,85023.03793723314,0.0,0.000001080000000000000035831255497387193287295303889550268650054931640625,btc,43675.73520027,0.000146250909087,0.0348620860622024,213
1,[],5,[],2019-02-27 04:12:48,0.0,0,0,6799507,2019-02-27 04:12:48,btc,0.0,0.37496743,0,btc,0.0,0.0,0.0,213
1,[],24,[],2019-02-27 04:12:48,0.0,0.000000100000,0.00000000000382109,6799508,2019-02-27 04:12:48,btc,0.0,0.0,0.000000100000,btc,0.0,0.0,0.0,213
1,[],26,[],2019-02-27 04:12:48,0.0,0.00000010,0.00000000000382109,6799509,2019-02-27 04:12:48,btc,0.0,0.0,0.00000010,btc,0.0,0.0,0.0,213
1,[],22,[],2019-02-27 04:12:52,29085.0,0.00000001,0.000000000000382109,6799510,2019-02-27 04:12:52,BTC,2.2293,0.0,0.00000001,BTC,574426.3963726171,0.00075806,0.00029085,216
1,[],27,[],2019-02-27 04:12:55,1301251.005988,0.00000007,0.0000000000026747630000000003,6799511,2019-02-27 04:12:55,btc,316.33345711644,580.0,0.00000007,"btc,ltc",234898.901,6.96e-05,0.03395747041937118,216
1,[],22,[],2019-02-27 04:12:58,253774.0040747906,0.00000230,0.00000000008788507,6799512,2019-02-27 04:12:58,BTC,12673.68000039,0.0,0.00000230,BTC,391839.1452312174,0.39438122,0.367091,217
1,[],7,[],2019-02-27 04:12:59,0.0,0,0,6799513,2019-02-27 04:12:59,btc,77969.77488735563,0.0,0,btc,137043486.5550253,0.0,0.0,219
0,[],27,[],2019-02-27 04:13:02,0.0,0,0,6799514,2019-02-27 04:13:02,,0.0740438339680921,0.0,0,btc,1536429.20709513,0.0,0.0,219
0.0000000000000052,[],28,[],2019-02-27 04:13:04,167609414.732,2.3404680000000002e-18,8.943138870120001e-23,6799515,2019-02-27 04:13:04,doge,83883.3352434475,1217695.0,0.00045009,"btc,doge",4823713.77951,0.0,9.277680338775264e-12,219
1,[],22,[],2019-02-27 04:13:07,240665.0,0.00000002,0.000000000000764218,6799516,2019-02-27 04:13:07,BTC,3.01323916,0.0,0.00000002,BTC,129679.27041875875,0.0,0.00440665,221
1,[],24,[],2019-02-27 04:13:07,0.0,0.000000200000,0.00000000000764218,6799517,2019-02-27 04:13:07,btc,0.0,0.0,0.000000200000,btc,0.0,0.0,0.0,221
1,[],20,[],2019-02-27 04:13:09,40808456.2707,0.000000001,0.000000000000038210900000000004,6799518,2019-02-27 04:13:09,btc,48.0255751569449,2030195.8282,0.000000001,btc,11203529.3145,0.0020301958282,0.0408084562707,224
0,[],22,[],2019-02-27 04:13:12,0.0,0,0,6799519,2019-02-27 04:13:12,,0.0,0.0,0,,0.0,0.0,0.0,224
1,[],26,[],2019-02-27 04:13:12,0.0,0.00000035,0.000000000013373815,6799520,2019-02-27 04:13:12,btc,0.0,0.0,0.00000035,btc,0.0,0.0,0.0,231
1,[],26,[],2019-02-27 04:13:12,0.0,0.00000006,0.0000000000022926540000000002,6799521,2019-02-27 04:13:12,btc,0.0,2050.0,0.00000006,btc,0.0,0.0,0.0,234
0.0000000003559862,[],27,[],2019-02-27 04:13:15,2000.0,3.559862e-18,1.360255308958e-22,6799522,2019-02-27 04:13:15,eth,0.0113483662182,0.0,0.00000001,"btc,eth",11462.99618,0.0,7.119724e-15,234
1,[],4,[],2019-02-27 04:13:17,902880.51588922,0.00000073,0.000000000027893957000000003,6799523,2019-02-27 04:13:17,btc,4.43561544028691,0.0,0.00000073,btc,1073688.76679747,0.16138583,0.2731260793725971,236
1,[],24,[],2019-02-27 04:13:17,0.0,0.000000300000,0.00000000001146327,6799524,2019-02-27 04:13:17,btc,0.0,0.0,0.000000300000,btc,0.0,0.0,0.0,236
1,[],20,[],2019-02-27 04:13:19,70821717.8744,0.000000059,0.0000000000022544431,6799525,2019-02-27 04:13:19,btc,9.3392708726442,11674785.9871,0.000000059,btc,45724221.6534,0.6540554386514,0.4281799490832,237
0.0000000001173237,[],22,[],2019-02-27 04:13:22,14400.0,1.1732370000000002e-17,4.48304416833e-22,6799526,2019-02-27 04:13:22,LTC,0.0405823,0.0,0.0000001,LTC,3164.0,0.0,0.00144,237
1,[],4,[],2019-02-27 04:13:24,7473971.87598449,0.00000034,0.000000000012991706000000001,6799527,2019-02-27 04:13:24,btc,6.258204057218994,0.0,0.00000034,btc,9789923.59449878,0.15242719,1.6679267354630634,238
1,[],5,[],2019-02-27 04:13:24,0.0,0,0,6799528,2019-02-27 04:13:24,btc,0.0,0.02180234,0,btc,0.0,0.0,0.0,238
0,[],22,[],2019-02-27 04:13:31,0.0,0,0,6799529,2019-02-27 04:13:31,,0.41356282,0.0,0,,316008.5639027493,0.0,0.0,249
0.0000000001173237,[],22,[],2019-02-27 04:13:37,7121097.666666667,3.519711000000001e-18,1.3449132504990002e-22,6799530,2019-02-27 04:13:37,LTC,0.52925409,0.0,0.00000003,LTC,19096234.09,0.0,0.21263595,252
1,[],28,[],2019-02-27 04:06:26,4567665.434,0.00000022,0.000000000008401360000000001,6799338,2019-02-27 04:06:26,btc,164706.66412978733,482815.338,0.00000022,btc,1963115.4669,0.0,0.38159691954,256
1,[],22,[],2019-02-27 04:13:41,1066287.3333333333,0.00000003,0.0000000000011463270000000001,6799531,2019-02-27 04:13:41,BTC,31.43427016,0.0,0.00000003,BTC,545727.8076914564,0.0004982,0.01084334,258
1,[],22,[],2019-02-27 04:06:34,48751.0,0.00000001,0.00000000000038188000000000003,6799340,2019-02-27 04:06:34,BTC,2.4175745,0.0,0.00000001,BTC,1762.0,0.0,0.00048751,259
1,[],5,[],2019-02-27 04:06:35,0.0,0,0,6799341,2019-02-27 04:06:35,btc,0.0,0.34403741,0,btc,0.0,0.0,0.0,264
1,[],20,[],2019-02-27 04:06:36,1222360.4385,0.000002032,0.000000000077598016,6799342,2019-02-27 04:06:36,btc,7.3223321027078,81526.3086,0.000002032,btc,87325.6974,0.2531299371422,0.0185130899599,264
0,[],22,[],2019-02-27 04:06:39,0.0,0,0,6799343,2019-02-27 04:06:39,,8.43388524,0.0,0,,424741.8107878143,0.0,0.0,271
0,[],22,[],2019-02-27 04:13:44,0.0,0,0,6799532,2019-02-27 04:13:44,,255.79451411,0.0,0,,14042138615.9,0.0,0.0,272
0.0000000000000052,[],28,[],2019-02-27 04:13:45,254388131403.787,4.576e-21,1.748530784e-25,6799533,2019-02-27 04:13:45,doge,21997031.982845023,106884896943.82,0.00000088,doge,237794185350.9798,0.0,7.312134981049509e-10,272
1,[],22,[],2019-02-27 04:13:50,114648.74,0.00000200,0.0000000000764218,6799534,2019-02-27 04:13:50,BTC,74.32244193,0.0,0.00000200,"BTC,LTC",8380.527743939856,0.0,0.04337297,281
1,[],22,[],2019-02-27 04:13:54,863814.5,0.00000002,0.000000000000764218,6799535,2019-02-27 04:13:54,BTC,1.33236171,0.0,0.00000002,BTC,138490.6655455173,5.99e-06,0.01714417,286
0,[],22,[],2019-02-27 04:14:01,0.0,0,0,6799536,2019-02-27 04:14:01,,43634.52001853,0.0,0,,419066696.0,0.0,0.0,294
