pairValue,buyBook,exchangeId,sellBook,updated,buyTotal,satoshiPrice,usdPrice,exchangeLogId,created,bestPair,sellTotalBtc,volume,pairPrice,activePairs,sellTotal,volumeBtc,buyTotalBtc,coinId
1,[],4,[],2019-05-23 22:31:44,207671.76854206,0.01071245,0.000000850417484455,7675504,2019-05-23 22:31:44,btc,8.26387926327693,0.0,0.01071245,btc,346.98074722,0.66988387,0.49480172967356,1
1,[],5,[],2019-05-23 22:31:46,0.0,0,0,7675505,2019-05-23 22:31:46,btc,0.0,0.00381213,0,btc,0.0,0.0,0.0,1
1,[],10,[],2019-05-23 22:31:48,255906.48979865,0.00750933,0.000000596134920447,7675506,2019-05-23 22:31:48,btc,6524.135120353857,1071.83736184,0.00750933,btc,1447.90728806,0.0,2.4469078550946106,1
1,[],12,[],2019-05-23 22:31:50,47.9144071,0.01081000000000000016431300764452316798269748687744140625,0.0000008581615790000001,7675507,2019-05-23 22:31:50,btc,0.1939272598118,0.0,0.01081000000000000016431300764452316798269748687744140625,btc,17.274408610000002,0.1156365508338,0.32413618779410003,1
1,[],20,[],2019-05-23 22:31:51,972.7444,0.01026283,0.000000814723996097,7675508,2019-05-23 22:31:51,btc,0.2218784056979,0.1012,0.01026283,btc,16.9969,0.0011400531634,0.1003646181899,1
1,[],21,[],2019-05-23 22:31:53,1744.20690501,0.01073120999999999970742070587,0.000000851906763939,7675509,2019-05-23 22:31:53,btc,12.089675803719137,3320.98843463,0.01073120999999999970742070587448324658907949924468994140625,"btc,eth",1507.54104269,34.34447344817364,15.840983706397687,1
1,[],22,[],2019-05-23 22:31:56,0.0025666666666666667,0.00900000,0.0000007144731,7675510,2019-05-23 22:31:56,BTC,0.31629903,0.0,0.00900000,BTC,0.2505752479991019,0.0,2.31e-05,1
1,[],24,[],2019-05-23 22:31:58,0.0,0.000000000000,0,7675511,2019-05-23 22:31:58,btc,0.0,0.0,0.000000000000,btc,0.0,0.0,0.0,1
0.0,[],25,[],2019-05-23 22:32:00,0.0,0,0,7675512,2019-05-23 22:32:00,btc,15.549999999304335,5764.61549202,0.0,btc,1412.91933782,63.3,0.0,1
1,[],26,[],2019-05-23 22:32:02,0.0,0,0,7675513,2019-05-23 22:32:02,,0.0,0.0,0,,0.0,0.0,0.0,1
0,[],28,[],2019-05-23 22:32:14,0.0,0,0,7675514,2019-05-23 22:32:14,,0.0,359270.1914,0,,0.0,0.0,0.0,1
1,[],3,[],2019-05-22 18:07:34,1123.259330580089,0.01114142000000000083670403938640447449870407581329345703125,0.0000008809019430100001,7669457,2019-05-22 18:07:34,btc,1.846938727610729,30.8730799403,0.01114142000000000083670403938640447449870407581329345703125,btc,27.179280298868,0.0,0.2238721862652316,1
0,[],2,[],2019-01-20 23:28:45,0.0,0,0,6477011,2019-01-20 23:28:45,,0.0,0.0,0,,0.0,0.0,0.0,1
1,[],5,[],2019-05-23 22:32:16,0.0,0,0,7675515,2019-05-23 22:32:16,btc,0.0,2.003e-05,0,btc,0.0,0.0,0.0,2
0,[],22,[],2019-05-23 22:32:19,0.0,0,0,7675516,2019-05-23 22:32:19,,0.0,0.0,0,,0.0,0.0,0.0,2
1,[],5,[],2019-05-23 22:32:20,0.0,0,0,7675517,2019-05-23 22:32:20,btc,0.0,0.01172681,0,btc,0.0,0.0,0.0,3
1,[],12,[],2019-05-23 22:32:22,3122277.73289,0.000000119,0.000000000009446922099999999,7675518,2019-05-23 22:32:22,btc,4645.226739671657,0.0,0.000000119,btc,1761382.16245625,0.02374482618746253,0.28286630221391,3
0,[],28,[],2019-05-23 22:32:23,0.0,0,0,7675519,2019-05-23 22:32:23,,0.0,0.0,0,,0.0,0.0,0.0,3
0,[],2,[],2019-01-20 23:31:32,0.0,0,0,6477077,2019-01-20 23:31:32,,0.0,0.0,0,,0.0,0.0,0.0,4
1,[],4,[],2019-05-18 21:29:50,562734.9206932,0.00000010,0.000000000007298720000000001,7650946,2019-05-18 21:29:50,btc,41.9347137769675,0.0,0.00000010,btc,1123702.32192634,0.00052462,0.029254593370966,4
0,[],12,[],2019-05-23 22:32:24,0.0,0,0,7675520,2019-05-23 22:32:24,btc,0.38590189,0.0,0,btc,951910.0,0.0,0.0,5
0,[],2,[],2019-01-20 23:31:51,0.0,0,0,6477087,2019-01-20 23:31:51,,0.0,0.0,0,,0.0,0.0,0.0,6
1,[],11,[],2019-05-23 22:32:26,7800289.776736,0.00000002,0.000000000001587718,7675521,2019-05-23 22:32:26,btc,9578.345472068535,2143927.0,0.00000002,btc,57100629.70519443,0.0,0.10437137276736,6
1,[],4,[],2019-05-23 22:32:28,3196231.21511452,0.00010706,0.000000008499054454000001,7675522,2019-05-23 22:32:28,btc,9.432156038900173,0.0,0.00010706,btc,53258.28271115,1.02933221,2.273109985592359,7
1,[],5,[],2019-05-23 22:32:29,0.0,0,0,7675523,2019-05-23 22:32:29,btc,0.0,0.04513459,0,btc,0.0,0.0,0.0,7
1,[],3,[],2019-05-22 18:08:48,11992.400030575094,0.00011500000000000000347812056933349822429590858519077301025390625,0.0000000090925325,7669475,2019-05-22 18:08:48,btc,1.1612001845741802,131.533509258,0.00011500000000000000347812056933349822429590858519077301025390625,btc,282.094355724518,0.0,0.024071946207221296,7
1,[],20,[],2019-04-07 22:06:50,3201475.0482,0.000000001,0.000000000000051590000000000004,7213932,2019-04-07 22:06:50,btc,30.8005781811902,0.0,0.000000001,btc,23077405.3926,0.0,0.0032014750482,8
0,[],2,[],2019-01-20 23:22:42,0.0,0,0,6476876,2019-01-20 23:22:42,,0.0,0.0,0,,0.0,0.0,0.0,9
0,[],23,[],2019-01-20 23:22:48,0.0,0,0,6476878,2019-01-20 23:22:48,,0.0,0.0,0,,0.0,0.0,0.0,9
1,[],4,[],2019-05-23 22:32:32,21248506.45268644,0.00000056,0.000000000044456104,7675524,2019-05-23 22:32:32,btc,4.291916430283379,0.0,0.00000056,btc,3958615.3562261,0.470553,0.8400241154627728,9
0,[],28,[],2019-05-23 22:32:34,0.0,0,0,7675525,2019-05-23 22:32:34,,0.0,3495532.0,0,,0.0,0.0,0.0,9
1,[],1,[],2019-02-17 23:31:42,1822507.21,0.00000181000000000000003456111265232042484285557293333113193511962890625,0.000000000066086901,6701244,2019-02-17 23:31:42,btc,3.6990969245,17153386.5,0.00000181000000000000003456111265232042484285557293333113193511962890625,btc,1997391.71,31.11772986,3.2610482446,9
1,[],4,[],2019-02-17 11:22:43,4341674.27126056,0.00000002,0.0000000000007272960000000001,6696112,2019-02-17 11:22:43,btc,0.1997230937751353,0.0,0.00000002,btc,4109766.79808031,0.00215132,0.0479381022052112,10
0,[],2,[],2019-01-20 23:23:08,0.0,0,0,6476890,2019-01-20 23:23:08,,0.0,0.0,0,,0.0,0.0,0.0,12
1,[],4,[],2019-05-23 22:32:36,4791819.57053123,0.00000071,0.000000000056363989,7675526,2019-05-23 22:32:36,btc,4.8183341624237475,0.0,0.00000071,btc,4332408.0833326,2.10707011,1.5469067076528922,12
1,[],5,[],2019-05-23 22:32:38,0.0,0,0,7675527,2019-05-23 22:32:38,btc,0.0,0.04368788,0,btc,0.0,0.0,0.0,12
0.0,[],25,[],2019-05-23 22:32:40,0.0,0,0,7675528,2019-05-23 22:32:40,,0.0,0.0,0.0,btc,0.0,0.0,0.0,12
1,[],10,[],2019-05-23 19:59:21,573720.56393285,0.00000628,0.00000000048842072,7674897,2019-05-23 19:59:21,btc,666802.6480485348,6158.02363761,0.00000628,btc,848852.08016171,0.0,0.3097467588924337,13
1,[],4,[],2019-05-23 22:32:41,348250.02585921,0.00000617,0.000000000489811003,7675529,2019-05-23 22:32:41,btc,2.0930839984405845,0.0,0.00000617,btc,250998.31222028,0.35985734,0.5463215988307121,13
1,[],21,[],2019-05-23 22:32:47,814601.30308146,0.000006489999999999999695727333909,0.000000000515214491,7675530,2019-05-23 22:32:47,btc,4.461009478811689,740131.27934285,0.0000064899999999999996957273339093230646312804310582578182220458984375,btc,597411.9970987301,4.88844795,4.5655245818869705,13
1,[],4,[],2019-05-23 22:32:48,922263.89176313,0.00000072,0.000000000057157848000000005,7675531,2019-05-23 22:32:48,btc,4.218951511561138,0.0,0.00000072,btc,816480.23343123,0.00692365,0.137399527340949,14
1,[],12,[],2019-05-23 22:32:49,133412.45249295,0.00000064,0.000000000050806976,7675532,2019-05-23 22:32:49,btc,0.0147326541497891,0.0,0.00000064,btc,3222.79953077,0.0,0.0135962299999733,14
1,[],26,[],2019-05-23 22:34:49,0.0,0.00000050,0.000000000039692950000000004,7675533,2019-05-23 22:34:49,btc,0.0,0.0,0.00000050,btc,0.0,0.0,0.0,14
0,[],17,[],2019-05-03 00:53:32,0.0,0,0,7558876,2019-05-03 00:53:32,btc,0.0,0.0,0,btc,0.0,0.0,0.0,14
0,[],4,[],2019-05-23 22:34:50,0.0,0,0,7675534,2019-05-23 22:34:50,,0.0,0.0,0,,0.0,0.0,0.0,15
,[],12,[],2018-12-01 15:15:48,204241.84496,0.00000489,0.000000000202473384,5260204,2018-12-01 15:15:48,btc,49.5475654835,0.0,,btc,35763.2193806,0.0163153972027625,0.0203389899998,15
0,[],2,[],2019-01-20 23:23:38,0.0,0,0,6476906,2019-01-20 23:23:38,,0.0,0.0,0,,0.0,0.0,0.0,18
1,[],4,[],2019-05-23 22:34:53,38363.21875609,0.00001275,0.000000001012170225,7675535,2019-05-23 22:34:53,btc,1.0853068204008904,0.0,0.00001275,btc,17338.11332744,0.01942347,0.121359991465962,18
1,[],10,[],2019-05-23 22:34:55,308391.10992809,0.00001204,0.000000000955806236,7675536,2019-05-23 22:34:55,btc,15.301028050415681,5593.59560736,0.00001204,btc,10178.69953124,0.0,0.0717633862192759,18
1,[],12,[],2019-05-23 22:34:56,5906.91422578,0.000010819999999999999743308630451021912222131504677236080169677734375,0.000000000858955438,7675537,2019-05-23 22:34:56,btc,0.0209961038765464,0.0,0.000010819999999999999743308630451021912222131504677236080169677734375,btc,1147.429485,0.0011639127974549,0.011110647215744101,18
0,[],17,[],2019-05-03 00:53:39,0.0,0,0,7558882,2019-05-03 00:53:39,btc,0.0,0.0,0,btc,0.0,0.0,0.0,18
1,[],3,[],2019-05-23 12:54:51,156766.51797800077,0.00000931000000000000064808401700755524643682292662560939788818359375,0.0000000007091966980000001,7673172,2019-05-23 12:54:51,btc,0.23320582175359217,3571.32820087,0.00000931000000000000064808401700755524643682292662560939788818359375,btc,5250.788950421293,0.0,0.04758336177432609,19
0,[],2,[],2019-01-20 23:24:19,0.0,0,0,6476924,2019-01-20 23:24:19,,0.0,0.0,0,,0.0,0.0,0.0,19
1,[],4,[],2019-05-23 22:36:57,154125.30337751,0.00000966,0.000000000766867794,7675538,2019-05-23 22:36:57,btc,3.7848675095451663,0.0,0.00000966,btc,165568.91872576,0.20710762,0.6059212892141544,19
1,[],5,[],2019-05-23 22:36:58,0.0,0,0,7675539,2019-05-23 22:36:58,btc,0.0,0.00019008,0,btc,0.0,0.0,0.0,19
1,[],12,[],2019-05-23 22:37:00,13236.77716127,0.0000067399999999999998432330394759759428779943846166133880615234375,0.000000000535060966,7675540,2019-05-23 22:37:00,btc,0.0468317239809393,0.0,0.0000067399999999999998432330394759759428779943846166133880615234375,btc,1642.22383734,0.00097348,0.0137046299997083,19
0,[],27,[],2019-05-23 22:37:06,0.0,0,0,7675541,2019-05-23 22:37:06,,0.0,0.0,0,btc,0.0,0.0,0.0,19
1,[],4,[],2019-05-23 22:37:09,10228410.21811859,0.00000007,0.000000000005557013,7675542,2019-05-23 22:37:09,btc,6.4307072950777595,0.0,0.00000007,btc,2332215.60836933,0.00012031,0.1274738176872813,20
1,[],4,[],2019-05-23 22:37:11,73119316.72337481,0.00000001,0.000000000000793859,7675543,2019-05-23 22:37:11,btc,39092.88511707825,0.0,0.00000001,btc,61868315.12581323,0.000223,0.731193167233748,21
1,[],12,[],2019-05-23 22:37:12,1510333.0,0.00000001,0.000000000000793859,7675544,2019-05-23 22:37:12,btc,2.16202506002997,0.0,0.00000001,btc,2444881.000999,1.038997003e-05,0.01510333,21
0,[],17,[],2019-05-03 00:53:51,0.0,0,0,7558891,2019-05-03 00:53:51,btc,0.0,0.0,0,btc,0.0,0.0,0.0,21
1,[],12,[],2019-05-23 22:39:13,5845665041.0,0.0000000004,0.00000000000003175436,7675545,2019-05-23 22:39:13,btc,859505.3180460943,0.0,0.0000000004,btc,1304840127.7662337,0.16218846415164836,1.1437066048,23
0.0000000003111692,[],27,[],2019-05-23 22:39:18,73289448.0,6.223384e-18,4.940489398856e-22,7675546,2019-05-23 22:39:18,eth,1170.933693525096,456876265.0588016,0.00000002,eth,43560587.4551984,2.84331643758076e-09,2.83248043694456e-10,23
1,[],4,[],2019-05-23 22:39:19,1893940.01937179,0.00000018,0.000000000014289462000000001,7675547,2019-05-23 22:39:19,btc,13.470271914988633,0.0,0.00000018,btc,2047961.61962726,0.00103558,0.0598898710644506,24
1,[],22,[],2019-05-23 22:39:25,21.76,0.00000100,0.00000000007938590000000001,7675548,2019-05-23 22:39:25,BTC,7.415e-05,0.0,0.00000100,BTC,23.919354838709676,0.0,1.186e-05,24
0.0,[],25,[],2019-05-23 22:39:27,0.0,0,0,7675549,2019-05-23 22:39:27,,0.0,0.0,0.0,btc,0.0,0.0,0.0,24
1,[],4,[],2019-05-23 22:39:27,310555.92147391,0.00000425,0.00000000033739007500000003,7675550,2019-05-23 22:39:27,btc,10.239828591253069,0.0,0.00000425,btc,271743.67727131,0.13603644,0.1753416323382105,26
1,[],10,[],2019-05-23 22:39:30,160062.3364921,0.00000441,0.000000000350091819,7675551,2019-05-23 22:39:30,btc,25.509371717630856,4401.42248574,0.00000441,btc,22203.23481014,0.0,0.0331134896071909,26
0,[],2,[],2019-01-20 23:25:56,0.0,0,0,6476976,2019-01-20 23:25:56,,0.0,0.0,0,,0.0,0.0,0.0,26
1,[],3,[],2019-05-23 12:57:31,7011104.62200389,0.00000001,0.000000000000761758,7673187,2019-05-23 12:57:31,btc,3.3214552111007274,4596166.57489,0.00000001,btc,24195530.02325085,0.0,0.0701110462200389,27
1,[],5,[],2019-04-26 09:47:06,0.0,0,0,7465326,2019-04-26 09:47:06,btc,0.0,0.0,0,btc,0.0,0.0,0.0,27
1,[],11,[],2019-05-23 22:39:32,1069867.58157834,0.00000001,0.000000000000793859,7675552,2019-05-23 22:39:32,btc,67503.038056662,12744.4184217,0.00000001,btc,6639900.67919713,0.0,0.0106986758157834,27
1,[],4,[],2019-05-23 22:39:34,1217834380.7750254,0.00000001,0.000000000000793859,7675553,2019-05-23 22:39:34,btc,4.762489349229376,0.0,0.00000001,"btc,ltc",297048889.1007023,0.00245819,8.340864385993765,29
1,[],7,[],2019-05-23 22:39:37,112446064.34806745,0.00000001,0.000000000000793859,7675554,2019-05-23 22:39:37,btc,46548272.13275479,78543.9,0.00000001,btc,35213300.81787476,0.00078544,1.1244606434806745,29
0,[],17,[],2019-05-03 01:11:25,0.0,0,0,7559066,2019-05-03 01:11:25,btc,0.0,0.0,0,btc,0.0,0.0,0.0,30
1,[],4,[],2019-05-23 22:39:40,15245640.28513377,0.00000006,0.000000000004763154,7675555,2019-05-23 22:39:40,btc,2.6506219866451595,0.0,0.00000006,btc,2155303.27704295,0.00212151,0.169945548405676,30
1,[],4,[],2019-05-23 22:02:28,101367.82621903,0.00004942,0.000000003904763156,7675397,2019-05-23 22:02:28,btc,3.746124784575627,0.0,0.00004942,btc,45064.32550511,1.69213268,0.3765935043264228,31
1,[],21,[],2019-05-23 22:02:30,117849.42464059,0.00004966000000000000226324167740,0.000000003923725988,7675398,2019-05-23 22:02:30,btc,4.835817758059044,245382.41750546,0.0000496600000000000022632416774026609118664055131375789642333984375,btc,86185.35077167,12.43203444,4.819244490991113,31
0,[],2,[],2019-01-20 23:28:43,0.0,0,0,6477009,2019-01-20 23:28:43,,0.0,0.0,0,,0.0,0.0,0.0,32
0,[],4,[],2019-05-23 22:02:32,0.0,0,0,7675399,2019-05-23 22:02:32,,0.0,0.0,0,,0.0,0.0,0.0,33
1,[],12,[],2019-03-30 07:55:10,40641173.964,0.00000003,0.000000000001228359,7108785,2019-03-30 07:55:10,btc,4233210.82356125,0.0,0.00000003,btc,28378394.68333462,0.0126927883965248,0.90752895892,33
0.00000000011237340000000001,[],4,[],2019-05-23 22:02:35,34576892.24439367,3.3712020000000003e-17,2.663647381836e-21,7675400,2019-05-23 22:02:35,ltc,3.5142788444692035,0.0,0.0000003,ltc,155838554.2740006,0.0,1.9559592014760038e-10,34
1,[],5,[],2019-05-23 22:02:36,0.0,0,0,7675401,2019-05-23 22:02:36,btc,0.0,0.0,0,btc,0.0,0.0,0.0,34
0.00000000011237340000000001,[],4,[],2019-05-23 22:02:37,13738200.57311783,1.123734e-18,8.878824606120001e-23,7675402,2019-05-23 22:02:37,ltc,4.071171673537975e-08,0.0,0.00000001,ltc,7493227762.067634,0.0,1.543808308283199e-11,36
1,[],5,[],2019-05-23 22:02:38,0.0,0,0,7675403,2019-05-23 22:02:38,btc,0.0,0.0,0,btc,0.0,0.0,0.0,36
0.0000000003101402,[],27,[],2019-05-23 22:04:45,127477081.004,6.202804e-18,4.900947090872e-22,7675404,2019-05-23 22:04:45,eth,1671.29985018,2541869017.163999,0.00000002,"ltc,eth",17425469.0,1.1195375440300141e-08,4.5476091390060695e-10,36
0.0000000002926451,[],17,[],2019-05-02 18:17:47,200000.0,2.9264510000000002e-18,1.596703856561e-22,7556430,2019-05-02 18:17:47,eth,0.20942468735267253,0.0,0.00000001,"btc,eth",1018272.20243647,0.0,5.852902e-13,36
1,[],4,[],2019-05-23 22:06:46,10088265.74980793,0.00000017,0.000000000013432006,7675405,2019-05-23 22:06:46,btc,19772.596009299992,0.0,0.00000017,btc,787543.48121193,0.0,0.1492005602913709,37
1,[],12,[],2019-05-23 22:06:47,3944025.52500001,0.00000017,0.000000000013432006,7675406,2019-05-23 22:06:47,btc,5.454924799486217,0.0,0.00000017,btc,898621.29103828,0.0198702344508156,0.1997610092500017,37
1,[],27,[],2019-05-23 22:08:54,1600.0,0.00000015,0.00000000001185177,7675407,2019-05-23 22:08:54,btc,24.12156123602533,0.0,0.00000015,btc,5842.04443503,0.0,3e-05,37
1,[],17,[],2019-05-03 01:11:36,211752.74075282,0.00000025,0.000000000013700074999999998,7559074,2019-05-03 01:11:36,btc,0.055484923955058496,0.0,0.00000025,"btc,eth",1387.19918473,0.0,0.0005381851887916605,37
1,[],5,[],2019-05-23 22:08:57,0.0,0,0,7675408,2019-05-23 22:08:57,btc,0.0,0.0017024,0,btc,0.0,0.0,0.0,42
1,[],12,[],2019-05-23 22:08:57,25896.62601901,0.00000101999999999999997501889774376149233603428001515567302703857421875,0.000000000080592036,7675409,2019-05-23 22:08:57,btc,24.40030562161434,0.0,0.00000101999999999999997501889774376149233603428001515567302703857421875,btc,44299.04393016,0.0245595068510958,0.0142363599999658,42
1,[],27,[],2019-05-23 22:09:07,806.0,0.00000100,0.0000000000790118,7675410,2019-05-23 22:09:07,btc,0.5699845831768,0.0,0.00000100,"btc,eth",1183.4448157,0.0,0.0002060000004824541,42
1,[],12,[],2019-03-13 09:13:29,1112112.0,0.00000001,0.000000000000386531,6919902,2019-03-13 09:13:29,btc,29058.00478931866,0.0,0.00000001,btc,5967681.93306694,9.99000999e-07,0.01112112,43
1,[],5,[],2019-04-26 22:38:52,0.0,0,0,7474154,2019-04-26 22:38:52,btc,0.0,0.02638891,0,btc,0.0,0.0,0.0,43
0,[],17,[],2019-04-26 22:38:53,0.0,0,0,7474155,2019-04-26 22:38:53,btc,0.0,0.0,0,btc,0.0,0.0,0.0,43
1,[],12,[],2019-03-05 01:54:08,639326.02,0.00000004,0.000000000001486676,6845775,2019-03-05 01:54:08,btc,11116042.728239931,0.0,0.00000004,btc,1103841.4595604,0.0003330765234764,0.014975410599999999,44
1,[],4,[],2019-05-23 22:09:09,113763575.83481912,0.00000001,0.000000000000790118,7675411,2019-05-23 22:09:09,btc,291324.2203687756,0.0,0.00000001,"btc,ltc",26168675.90369327,0.0,0.10775006817082551,49
0.00000000011237340000000001,[],4,[],2019-05-23 22:09:10,96743166.3952132,4.9444296e-17,3.9066828266928005e-21,7675412,2019-05-23 22:09:10,ltc,21909.46197153932,0.0,0.00000044,ltc,152215675.65779513,0.00011021,5.3515609298351e-10,52
0,[],22,[],2019-05-23 22:09:13,0.0,0,0,7675413,2019-05-23 22:09:13,,10289.55991011,0.0,0,,308568058.4566013,0.0,0.0,57
0,[],27,[],2019-05-23 22:09:20,0.0,0,0,7675414,2019-05-23 22:09:20,,0.0,0.0,0,"btc,eth",0.0,0.0,0.0,57
0.00000000011237340000000001,[],4,[],2019-05-23 22:09:23,3030928952.991031,1.123734e-18,8.878824606120001e-23,7675415,2019-05-23 22:09:23,ltc,19.26386795477035,0.0,0.00000001,ltc,6016416500.175698,0.0,3.4059579160604236e-09,58
1,[],12,[],2019-05-23 22:09:24,1241460900.0,0.0000000001,0.00000000000000790118,7675416,2019-05-23 22:09:24,btc,734554.5093473853,0.0,0.0000000001,btc,2098155136.8101897,0.030177658039760236,0.12414609,58
0.0000000001079837,[],22,[],2019-05-23 22:11:27,126877.0,1.079837e-18,8.531986507660001e-23,7675417,2019-05-23 22:11:27,XMR,68.17454206,0.0,0.00000001,XMR,9626402.6,0.0,0.00126877,58
1,[],17,[],2019-05-03 01:12:09,1200000.0,0.0000000001,0.00000000000000548003,7559085,2019-05-03 01:12:09,btc,1e+24,0.0,0.0000000001,"btc,eth",39516342.31952568,0.0,0.00010000000058666061,58
1,[],5,[],2019-05-23 22:11:28,0.0,0,0,7675418,2019-05-23 22:11:28,btc,0.0,0.0,0,btc,0.0,0.0,0.0,61
1,[],22,[],2019-05-23 22:11:32,13613.833333333334,0.00000012,0.000000000009481416,7675419,2019-05-23 22:11:32,BTC,1002.29590883,0.0,0.00000012,BTC,15092.180177125656,0.0,0.00153269,61
1,[],26,[],2019-05-23 22:11:32,0.0,0.00000050,0.0000000000395059,7675420,2019-05-23 22:11:32,btc,0.0,0.0,0.00000050,btc,0.0,0.0,0.0,61
1,[],27,[],2019-05-23 22:11:40,112138.0,0.0000002,0.000000000015802360000000002,7675421,2019-05-23 22:11:40,btc,1.9501982264346656,0.0,0.0000002,"btc,eth",12657.40563696,0.0,0.0023812200003101402,61
0,[],28,[],2019-05-23 22:12:22,0.0,0,0,7675422,2019-05-23 22:12:22,,0.0,662.0,0,,0.0,0.0,0.0,61
1,[],4,[],2019-05-23 22:12:24,1096219.32992231,0.00000081,0.000000000063999558,7675423,2019-05-23 22:12:24,btc,2.5523983716902836,0.0,0.00000081,btc,835330.23272285,0.13398229,0.6418406499898652,67
0.0,[],25,[],2019-05-23 22:12:25,0.0,0,0,7675424,2019-05-23 22:12:25,,0.0,0.0,0.0,btc,0.0,0.0,0.0,67
1,[],12,[],2019-05-23 22:12:27,628612.0,0.00000007,0.000000000005530826000000001,7675425,2019-05-23 22:12:27,btc,3.8114296048231835,0.0,0.00000007,btc,752083.17292716,0.0002333451848164,0.01224141,71
,[],5,[],2018-11-20 23:02:39,1.5e-07,0.00000005,0.000000000002128045,4862160,2018-11-20 23:02:39,btc,2.84511358,0.0,,btc,0.00036572,0.0,0.07381892,74
1,[],5,[],2019-05-23 22:12:28,0.0,0,0,7675426,2019-05-23 22:12:28,btc,0.0,0.03969417,0,btc,0.0,0.0,0.0,75
0,[],4,[],2019-05-23 22:12:30,0.0,0,0,7675427,2019-05-23 22:12:30,,133656.87703970782,0.0,0,,33424209.5909442,0.0,0.0,81
0,[],20,[],2019-01-25 09:30:31,0.0,0,0,6495923,2019-01-25 09:30:31,btc,0.0,0.0,0,btc,0.0,0.0,0.0,81
1,[],4,[],2019-05-23 22:12:32,28882.95664697,0.00006126,0.000000004840262868,7675428,2019-05-23 22:12:32,btc,18.596559005413656,0.0,0.00006126,btc,26406.1451773,0.11278538,0.5169557150257869,82
1,[],21,[],2019-05-23 22:12:33,59203.00842805,0.00006044999999999999890564969518,0.00000000477626331,7675429,2019-05-23 22:12:33,btc,3.727790225023891,7270.05558279,0.0000604499999999999989056496951800312444902374409139156341552734375,btc,50746.33985808,0.44950475,1.494357729120445,82
0,[],17,[],2019-03-25 22:42:34,0.0,0,0,7038780,2019-03-25 22:42:34,btc,0.0445064681804024,0.0,0,btc,995513.18476001,0.0,0.0,84
0.0000000001161485,[],4,[],2019-05-20 13:09:39,216715621.0206096,1.161485e-18,9.0533806701e-23,7657228,2019-05-20 13:09:39,ltc,1.6511566870244727,0.0,0.00000001,ltc,471032407.9048656,0.0,2.5171194308112273e-10,85
,[],22,[],2018-11-20 23:09:34,3408.1,0.0000001,0.0000000000041895,4862324,2018-11-20 23:09:34,BTC,0.04624735,0.0,,BTC,4990.0,0.0,0.00033081,86
1,[],22,[],2019-05-23 22:12:36,67051.0,0.00000001,0.000000000000790118,7675430,2019-05-23 22:12:36,BTC,1.45608405,0.0,0.00000001,BTC,314587.29736842104,0.00013108,0.00067051,87
0,[],27,[],2019-05-23 22:12:42,0.0,0,0,7675431,2019-05-23 22:12:42,,4.961732754776,0.0,0,btc,24439.09041,0.0,0.0,87
,[],2,[],2018-11-20 23:10:47,0.0,0,0,4862359,2018-11-20 23:10:47,,0.0,0.0,,,0.0,0.0,0.0,88
1,[],11,[],2019-05-23 22:12:44,73012.95385583,0.000110110000000000001168891372582692156356642954051494598388671875,0.000000008699989298000001,7675432,2019-05-23 22:12:44,btc,180.85200908560375,4219.92934328,0.000110110000000000001168891372582692156356642954051494598388671875,btc,203721.44005133,0.0,4.509956527674492,89
0,[],2,[],2019-01-20 23:31:45,0.0,0,0,6477083,2019-01-20 23:31:45,,0.0,0.0,0,,0.0,0.0,0.0,91
1,[],12,[],2019-05-23 22:12:45,187024.63,0.00000035,0.00000000002765413,7675433,2019-05-23 22:12:45,btc,84.64196145644368,0.0,0.00000035,btc,50305.72151743,0.0004867637966503,0.0214204435,91
1,[],22,[],2019-05-23 22:14:49,75910.55,0.0000002,0.000000000015802360000000002,7675434,2019-05-23 22:14:49,BTC,0.495,0.0,0.0000002,"BTC,LTC",4.95,0.0,0.00165931,91
0,[],17,[],2019-05-03 01:12:26,0.0,0,0,7559096,2019-05-03 01:12:26,btc,0.0,0.0,0,btc,0.0,0.0,0.0,91
1,[],22,[],2019-04-09 20:17:52,374949.73333333334,0.00000015,0.000000000007771935,7235704,2019-04-09 20:17:52,BTC,6.87372503,0.0,0.00000015,"BTC,LTC",159980.01196797504,1.1e-05,0.80510266,95
0.00000000011237340000000001,[],4,[],2019-05-23 22:14:50,541017126.3821362,4.2701892000000003e-17,3.3739533503256004e-21,7675435,2019-05-23 22:14:50,ltc,11.360096735834995,0.0,0.00000038,ltc,149184255.96070462,0.00014948,7.751444439030566e-10,96
0,[],12,[],2019-05-23 22:14:52,0.0,0,0,7675436,2019-05-23 22:14:52,btc,2.46420943,0.0,0,btc,4836990.0,0.0001998102,0.0,96
0,[],17,[],2019-05-03 01:12:32,0.0,0,0,7559100,2019-05-03 01:12:32,btc,0.0,0.0,0,btc,0.0,0.0,0.0,96
1,[],4,[],2019-04-14 03:32:46,1039404.33283278,0.00000038,0.000000000019245518,7293458,2019-04-14 03:32:46,btc,4.170086055365747,0.0,0.00000038,btc,3097704.34561074,0.06260606,0.1859928211030784,99
1,[],4,[],2019-05-23 22:16:53,182276.48819637,0.00002353,0.0000000018591476540000002,7675437,2019-05-23 22:16:53,btc,7.199219028732841,0.0,0.00002353,btc,138406.39089971,0.12392908,0.5611290766943658,100
0,[],2,[],2019-01-20 23:23:55,0.0,0,0,6476914,2019-01-20 23:23:55,,0.0,0.0,0,,0.0,0.0,0.0,100
1,[],22,[],2019-05-23 22:16:56,150000.0,0.00000002,0.000000000001580236,7675438,2019-05-23 22:16:56,BTC,24.83526409,0.0,0.00000002,BTC,11187.719,0.0,0.0017,101
1,[],4,[],2019-05-23 22:16:57,653134.09338289,0.00000178,0.000000000140641004,7675439,2019-05-23 22:16:57,btc,362.96026869798686,0.0,0.00000178,btc,644103.28983587,0.09230437,0.3066783954837642,103
1,[],12,[],2019-05-23 22:16:59,24479750.0,0.000000004,0.00000000000031604720000000005,7675440,2019-05-23 22:16:59,btc,551.4573006240138,0.0,0.000000004,btc,43811038.21904095,0.00498158927172822,0.040406171000000005,105
0,[],27,[],2019-05-23 22:17:07,0.0,0,0,7675441,2019-05-23 22:17:07,,0.2585948473531397,0.0,0,btc,622853.35947933,0.0,0.0,105
1,[],22,[],2019-04-21 00:17:26,21333.0,0.00000001,0.000000000000532493,7385819,2019-04-21 00:17:26,BTC,51.38182867,0.0,0.00000001,BTC,470435.0,0.0,0.00021333,107
1,[],26,[],2019-04-21 00:17:26,0.0,0.00000000,0,7385820,2019-04-21 00:17:26,btc,0.0,0.0,0.00000000,btc,0.0,0.0,0.0,107
1,[],5,[],2019-05-23 22:17:09,0.0,0,0,7675442,2019-05-23 22:17:09,btc,0.0,0.0,0,btc,0.0,0.0,0.0,112
0,[],22,[],2019-05-23 22:17:11,0.0,0,0,7675443,2019-05-23 22:17:11,,2.79635781,0.0,0,,3274992.0833333335,0.0,0.0,112
1,[],27,[],2019-05-23 22:17:19,1.0,0.00000001,0.000000000000790118,7675444,2019-05-23 22:17:19,btc,1.15032588,0.0,0.00000001,"btc,eth",1818.0,0.0,1e-08,112
1,[],4,[],2019-05-23 22:17:20,590895.05908412,0.00000100,0.0000000000790118,7675445,2019-05-23 22:17:20,btc,4.622081571687555,0.0,0.00000100,btc,590475.5383934,0.01721248,0.3268785626600191,113
1,[],5,[],2019-05-23 22:17:22,0.0,0,0,7675446,2019-05-23 22:17:22,btc,0.0,0.0,0,btc,0.0,0.0,0.0,113
1,[],17,[],2019-04-26 02:17:47,162738.278,0.00000004,0.0000000000021069000000000002,7461287,2019-04-26 02:17:47,btc,1.3331140273775473,0.0,0.00000004,btc,51796.221,0.0,0.00230953112,116
1,[],27,[],2019-05-22 05:13:01,210000.0,0.00000001,0.00000000000079145,7666372,2019-05-22 05:13:01,btc,3919.0005001478,0.0,0.00000001,btc,128660.871,0.0,0.0021,116
1,[],4,[],2019-05-21 22:31:11,138169.03963019,0.00000701,0.000000000558364025,7664793,2019-05-21 22:31:11,btc,150.95388250938234,0.0,0.00000701,btc,344631.17141974,0.07552974,0.4288357684941946,120
1,[],7,[],2019-05-21 22:31:12,3901.07750076,0.000010679999999999999389654892212320191902108490467071533203125,0.0000000008506887,7664794,2019-05-21 22:31:12,btc,231188.94669936574,0.0,0.000010679999999999999389654892212320191902108490467071533203125,btc,4133.83151364,0.0,0.0113888422364489,120
1,[],20,[],2019-04-07 18:42:29,1914137.0852,0.000000035,0.0000000000017871910000000002,7211992,2019-04-07 18:42:29,btc,32.2497668025648,25528.85,0.000000035,btc,1001975.4986,0.00089350975,0.0152723574729,125
1,[],22,[],2019-05-23 22:17:25,10000.0,0.00000001,0.000000000000790118,7675447,2019-05-23 22:17:25,BTC,0.032061,0.0,0.00000001,BTC,299316.7611111111,0.0,0.0001,126
1,[],4,[],2019-05-23 22:17:26,2192482.76588979,0.00000570,0.00000000045036726,7675448,2019-05-23 22:17:26,btc,3.252035410227082,0.0,0.00000570,btc,178677.253873,0.09212653,0.4141888969542089,131
0,[],2,[],2019-01-20 23:25:46,0.0,0,0,6476969,2019-01-20 23:25:46,,0.0,0.0,0,,0.0,0.0,0.0,131
1,[],17,[],2019-05-03 01:13:10,10000.0,0.00000001,0.000000000000548003,7559115,2019-05-03 01:13:10,btc,0.0953976503951408,0.0,0.00000001,btc,5037.62507334,0.0,0.0001,131
1,[],4,[],2019-05-23 22:19:29,4755.78931783,0.00008000,0.000000006320944,7675449,2019-05-23 22:19:29,btc,5.0328890415619245,0.0,0.00008000,btc,203.84599175,0.0,0.0084862345290058,135
1,[],3,[],2019-05-22 20:57:20,456341.0025,0.00000002,0.0000000000015658540000000001,7670196,2019-05-22 20:57:20,btc,0.2168360115270351,986846.107254,0.00000002,btc,1789524.65154488,0.0,0.004663410025,136
1,[],4,[],2019-05-23 22:19:31,2451029.32916235,0.00000188,0.000000000148542184,7675450,2019-05-23 22:19:31,btc,106.77189575026854,0.0,0.00000188,btc,444015.54535713,0.00541252,0.5304242589149685,137
1,[],12,[],2019-05-23 22:19:33,70740.13978495,0.00000093,0.00000000007348097400000001,7675451,2019-05-23 22:19:33,btc,0.0238362036173058,0.0,0.00000093,btc,4500.70493632,4.655e-05,0.0059503400000035,137
1,[],4,[],2019-05-23 22:19:35,98690.59010359,0.00001695,0.0000000013392500100000002,7675452,2019-05-23 22:19:35,btc,8.324456572880486,0.0,0.00001695,btc,141205.81681546,0.50630073,1.0794653889869723,142
1,[],5,[],2019-05-23 22:19:36,0.0,0,0,7675453,2019-05-23 22:19:36,btc,0.0,0.00783467,0,btc,0.0,0.0,0.0,142
1,[],20,[],2019-05-23 22:21:38,219649.3882,0.000015,0.0000000011851770000000001,7675454,2019-05-23 22:21:38,btc,1.6081454598144,0.05,0.000015,btc,9788.8796,7.6533e-07,0.0259840781213,142
1,[],22,[],2019-05-23 22:21:41,11028.645,0.00001000,0.000000000790118,7675455,2019-05-23 22:21:41,BTC,3.2754788,0.0,0.00001000,BTC,1133.9993657797618,0.0,0.00745365,142
0.0,[],25,[],2019-05-23 22:21:42,0.0,0,0,7675456,2019-05-23 22:21:42,,0.0,0.0,0.0,btc,0.0,0.0,0.0,142
0,[],28,[],2019-05-23 22:22:28,0.0,0,0,7675457,2019-05-23 22:22:28,,0.0,0.0,0,,0.0,0.0,0.0,142
1,[],17,[],2019-05-03 01:13:16,32967.38636364,0.00000088,0.000000000048224264,7559122,2019-05-03 01:13:16,btc,20.06976206696776,0.0,0.00000088,btc,2746.079105,0.0,0.0105613000000032,142
0,[],22,[],2019-05-23 22:22:31,0.0,0,0,7675458,2019-05-23 22:22:31,,65.7671051,0.0,0,,846980922.8,0.0,0.0,143
0,[],22,[],2019-02-25 15:42:22,0.0,0,0,6783783,2019-02-25 15:42:22,,4.2131946,0.0,0,,2322156.0,0.0,0.0,146
,[],22,[],2018-11-20 23:01:11,0.0,0,0,4862114,2018-11-20 23:01:11,,2.56807021,0.0,,,61828.4988236,0.0,0.0,147
1,[],12,[],2019-04-21 06:38:04,193091.5971266,0.00000071,0.000000000037635183,7388679,2019-04-21 06:38:04,btc,2.301232411611175,0.0,0.00000071,btc,9957.48302385,0.00023528,0.0313308199999888,148
1,[],4,[],2019-03-19 21:31:25,255810.0415942,0.00000029,0.000000000011615747,6982695,2019-03-19 21:31:25,btc,218.94922712414143,0.0,0.00000029,btc,793529.37642722,0.00117,0.0608347789473395,152
0,[],22,[],2019-03-19 21:31:27,0.0,0,0,6982696,2019-03-19 21:31:27,,0.0,0.0,0,,0.0,0.0,0.0,152
1,[],5,[],2019-04-26 09:36:59,0.0,0,0,7465040,2019-04-26 09:36:59,btc,0.0,0.0,0,btc,0.0,0.0,0.0,153
,[],16,[],2019-01-11 15:38:59,0.0,0,0,6366141,2019-01-11 15:38:59,btc,0.0,0.0,,btc,0.0,0.0,0.0,155
0,[],22,[],2019-05-23 22:22:36,0.0,0,0,7675459,2019-05-23 22:22:36,,6.80428744,0.0,0,,4677994.942592593,0.0,0.0,156
0,[],23,[],2019-01-20 23:24:29,0.0,0,0,6476932,2019-01-20 23:24:29,,0.0,0.0,0,,0.0,0.0,0.0,156
1,[],22,[],2019-05-23 22:22:40,7066.0,0.00000800,0.0000000006320944,7675460,2019-05-23 22:22:40,BTC,1.79802465,0.0,0.00000800,BTC,802.6461988741639,0.0,0.00062996,157
0,[],22,[],2019-05-21 23:40:32,0.0,0,0,7665049,2019-05-21 23:40:32,,50234.60468402,0.0,0,,54786159.03179465,0.0,0.0,158
,[],17,[],2018-11-20 22:56:10,0.0,0,0,4861976,2018-11-20 22:56:10,btc,1.1265625,0.0,,btc,1000.0,0.0,0.0,159
,[],20,[],2018-11-20 22:56:12,0.0,0,0,4861977,2018-11-20 22:56:12,btc,11912.7940471,0.0,,btc,34413894.3617,0.0,0.0,159
1,[],12,[],2019-05-23 22:22:41,9802.58304352,0.0000017799999999999998982758153687200319836847484111785888671875,0.000000000140641004,7675461,2019-05-23 22:22:41,btc,149.80415005554752,0.0,0.0000017799999999999998982758153687200319836847484111785888671875,btc,1116.07481518,0.017828907552488,0.0119551859999379,168
1,[],17,[],2019-05-03 01:13:36,42852.0,0.00000002,0.000000000001096006,7559132,2019-05-03 01:13:36,btc,0.04279856251542,0.0,0.00000002,btc,274.46171372,0.0,0.00052852,168
1,[],22,[],2019-05-17 03:01:52,10.0,0.00000001,0.000000000000778341,7642059,2019-05-17 03:01:52,BTC,41.95893009,0.0,0.00000001,BTC,1753972.7737547632,0.0,1e-07,169
1,[],22,[],2019-05-23 22:24:45,288172.6,0.00000005,0.0000000000039505900000000004,7675462,2019-05-23 22:24:45,BTC,27.86167578,0.0,0.00000005,BTC,450503.58519413596,0.00014242,0.00561483,171
1,[],22,[],2019-05-23 22:24:48,389395.0,0.00000002,0.000000000001580236,7675463,2019-05-23 22:24:48,BTC,24.3997339,0.0,0.00000002,"BTC,LTC",1038934.9936183414,0.0,0.0054799,173
1,[],5,[],2019-05-23 22:24:50,0.0,0,0,7675464,2019-05-23 22:24:50,btc,0.0,0.02049776,0,btc,0.0,0.0,0.0,175
1,[],22,[],2019-05-23 22:24:54,90671.0,0.00000001,0.000000000000790118,7675465,2019-05-23 22:24:54,BTC,394.35459412,0.0,0.00000001,BTC,136275.61833431243,0.0,0.00090671,176
1,[],7,[],2019-05-23 22:24:56,0.0,0,0,7675466,2019-05-23 22:24:56,btc,522274.2789885729,1000.0,0,btc,28589999.08886601,1e-05,0.0,178
0,[],22,[],2019-05-23 22:24:58,0.0,0,0,7675467,2019-05-23 22:24:58,,1.00242428,0.0,0,,57512.0,0.0,0.0,178
0,[],2,[],2019-01-20 23:28:34,0.0,0,0,6477001,2019-01-20 23:28:34,,0.0,0.0,0,,0.0,0.0,0.0,178
1,[],5,[],2019-05-23 22:24:59,0.0,0,0,7675468,2019-05-23 22:24:59,btc,0.0,0.02226016,0,btc,0.0,0.0,0.0,179
0,[],22,[],2019-05-23 22:25:04,0.0,0,0,7675469,2019-05-23 22:25:04,,5.31386491,0.0,0,,13362087.311946675,0.0,0.0,179
0,[],23,[],2019-01-20 23:25:08,0.0,0,0,6476952,2019-01-20 23:25:08,,0.0,0.0,0,,0.0,0.0,0.0,179
1,[],22,[],2019-05-23 22:27:08,660377.4649350649,0.00000120,0.00000000009481416,7675470,2019-05-23 22:27:08,BTC,39.28448181,0.0,0.00000120,"BTC,LTC",145561.2539508663,0.00587815,0.56019796,180
1,[],26,[],2019-05-23 22:27:08,0.0,0.00000250,0.0000000001975295,7675471,2019-05-23 22:27:08,btc,0.0,50.0,0.00000250,btc,0.0,0.0,0.0,180
1,[],17,[],2019-05-03 01:13:56,20504.725000000002,0.0000001,0.00000000000548003,7559141,2019-05-03 01:13:56,btc,5.2010695838400265,0.0,0.0000001,btc,5033.45945,0.0,0.0011504725,180
,[],7,[],2018-11-20 22:58:01,562227.975654,0.00000085,0.000000000036176765,4862015,2018-11-20 22:58:01,btc,21836.6059674,2491.87645172,,btc,749999.041456,0.00211021,0.127565380455,183
,[],5,[],2019-01-10 08:11:41,0.0,0,0,6347036,2019-01-10 08:11:41,btc,82.15055501,0.00261,,btc,1.19002445,0.0,0.0,187
,[],17,[],2018-11-16 20:58:10,4062536.27273,0.00000001,0.000000000000550501,4708775,2018-11-16 20:58:10,btc,3.36492563466,0.195460381006,,"btc,eth",110697919.549,0.0,0.0157628953496,187
1,[],24,[],2019-05-22 21:04:52,0.0,0.000000000014,0.0000000000000010960978,7670219,2019-05-22 21:04:52,btc,0.0,0.0,0.000000000014,btc,0.0,0.0,0.0,187
0,[],22,[],2019-04-25 02:54:07,0.0,0,0,7447896,2019-04-25 02:54:07,,7.54794454,0.0,0,,76361.7243344055,0.0,0.0,191
0,[],22,[],2019-05-23 22:27:13,0.0,0,0,7675472,2019-05-23 22:27:13,,0.0,0.0,0,,0.0,0.0,0.0,197
0,[],23,[],2019-01-20 23:31:41,0.0,0,0,6477079,2019-01-20 23:31:41,,0.0,0.0,0,,0.0,0.0,0.0,199
0,[],22,[],2019-05-23 22:27:16,0.0,0,0,7675473,2019-05-23 22:27:16,,10.24020274,0.0,0,,85004504.0,0.0,0.0,199
1,[],26,[],2019-05-23 22:27:16,0.0,0.00000000,0,7675474,2019-05-23 22:27:16,btc,0.0,0.0,0.00000000,btc,0.0,0.0,0.0,199
0,[],2,[],2019-01-20 23:30:49,0.0,0,0,6477059,2019-01-20 23:30:49,,0.0,0.0,0,,0.0,0.0,0.0,201
1,[],4,[],2019-01-25 15:51:35,2084389.58565343,0.00000936,0.000000000333526752,6499557,2019-01-25 15:51:35,btc,2.0092503037378524,0.0,0.00000936,btc,160195.80207885,0.19272417,1.242687955921835,211
1,[],7,[],2019-05-23 22:27:19,21264275.44078941,0.00000025,0.00000000001975295,7675475,2019-05-23 22:27:19,btc,15200499.382601209,3081149.70667,0.00000025,btc,9898681.63300591,0.0,1.206217462112671,212
1,[],5,[],2019-05-23 22:27:22,0.0,0,0,7675476,2019-05-23 22:27:22,btc,0.0,0.04597744,0,btc,0.0,0.0,0.0,213
1,[],24,[],2019-05-23 22:27:23,0.0,0.000000090000,0.000000000007111062,7675477,2019-05-23 22:27:23,btc,0.0,0.0,0.000000090000,btc,0.0,0.0,0.0,213
1,[],26,[],2019-05-23 22:27:23,0.0,0.00000040,0.000000000031604720000000003,7675478,2019-05-23 22:27:23,btc,0.0,0.0,0.00000040,btc,0.0,0.0,0.0,213
1,[],12,[],2019-01-25 02:44:32,207462.42853209,0.000001080000000000000035831255497387193287295303889550268650054931640625,0.000000000038610756000000006,6493050,2019-01-25 02:44:32,btc,85023.03793723314,0.0,0.000001080000000000000035831255497387193287295303889550268650054931640625,btc,43675.73520027,0.000146250909087,0.0348620860622024,213
0,[],22,[],2019-05-23 22:27:27,0.0,0,0,7675479,2019-05-23 22:27:27,,9.61235386,0.0,0,,3451587.094064925,0.0,0.0,216
0,[],27,[],2019-05-23 22:27:33,0.0,0,0,7675480,2019-05-23 22:27:33,,66.3989166180052,0.0,0,"btc,ltc",417200.40768,0.0,0.0,216
1,[],22,[],2019-05-23 22:27:37,287214.9,0.0000002,0.000000000015802360000000002,7675481,2019-05-23 22:27:37,BTC,12054.80354698,0.0,0.0000002,BTC,452296.1724419661,0.00020662,0.03097322,217
1,[],7,[],2019-05-23 22:27:38,0.0,0,0,7675482,2019-05-23 22:27:38,btc,1234864.1744444147,0.0,0,btc,162514363.92083928,0.0,0.0,219
0,[],27,[],2019-05-23 22:27:44,0.0,0,0,7675483,2019-05-23 22:27:44,,0.105466823472,0.0,0,btc,3058319.8967,0.0,0.0,219
0,[],28,[],2019-05-23 22:28:43,0.0,0,0,7675484,2019-05-23 22:28:43,,0.0,16158.0,0,,0.0,0.0,0.0,219
1,[],22,[],2019-05-23 16:41:05,172069.0,0.00000004,0.0000000000031167080000000004,7674065,2019-05-23 16:41:05,BTC,56.76466137,0.0,0.00000004,BTC,127061.6482738741,0.0,0.00393676,221
1,[],24,[],2019-05-23 16:41:05,0.0,0.000000010000,0.0000000000007791770000000001,7674066,2019-05-23 16:41:05,btc,0.0,0.0,0.000000010000,btc,0.0,0.0,0.0,221
1,[],20,[],2019-05-23 22:28:45,3195268.4812,0.000000001,0.0000000000000790118,7675485,2019-05-23 22:28:45,btc,100049.80514969582,15285873.4,0.000000001,btc,36050697.7516,0.01890159979,0.0031952684812,224
0,[],22,[],2019-05-23 22:28:48,0.0,0,0,7675486,2019-05-23 22:28:48,,0.0,0.0,0,,0.0,0.0,0.0,224
1,[],26,[],2019-05-23 22:28:50,0.0,0.00000026,0.000000000020543068,7675487,2019-05-23 22:28:50,btc,0.0,0.0,0.00000026,btc,0.0,0.0,0.0,231
1,[],26,[],2019-05-23 22:28:50,0.0,0.00000006,0.000000000004740708,7675488,2019-05-23 22:28:50,btc,0.0,0.0,0.00000006,btc,0.0,0.0,0.0,234
0,[],27,[],2019-05-23 22:28:57,0.0,0,0,7675489,2019-05-23 22:28:57,,0.01134836604,0.0,0,"btc,eth",11462.996,0.0,0.0,234
1,[],4,[],2019-05-22 17:06:12,91780.56053785,0.00000078,0.000000000061977552,7669277,2019-05-22 17:06:12,btc,5.573372450018177,0.0,0.00000078,btc,729173.93529783,0.0,0.0307060663355679,236
1,[],24,[],2019-05-22 17:06:12,0.0,0.000000010000,0.000000000000794584,7669278,2019-05-22 17:06:12,btc,0.0,0.0,0.000000010000,btc,0.0,0.0,0.0,236
1,[],5,[],2019-05-23 22:29:00,0.0,0,0,7675490,2019-05-23 22:29:00,btc,0.0,0.2395069,0,btc,0.0,0.0,0.0,237
1,[],20,[],2019-05-23 22:29:02,120037501.1921,0.000000045,0.000000000003555531,7675491,2019-05-23 22:29:02,btc,58793.14520402778,15288875.8137,0.000000045,btc,41980384.2248,0.6960775395342,0.4468713736691,237
1,[],22,[],2019-05-23 22:29:06,363100.0,0.00000003,0.000000000002370354,7675492,2019-05-23 22:29:06,BTC,1.20267422,0.0,0.00000003,"BTC,LTC",17930.94871794872,0.0,0.009791,237
1,[],4,[],2019-05-23 22:29:08,27944427.64855452,0.00000012,0.000000000009481416,7675493,2019-05-23 22:29:08,btc,2.918384301381049,0.0,0.00000012,btc,9666038.41128347,0.07801575,0.6559786619654612,238
1,[],5,[],2019-05-23 22:29:09,0.0,0,0,7675494,2019-05-23 22:29:09,btc,0.0,0.00111644,0,btc,0.0,0.0,0.0,238
0,[],22,[],2019-03-12 16:49:32,0.0,0,0,6914458,2019-03-12 16:49:32,,0.40415746,0.0,0,,526736.5639027493,0.0,0.0,249
0,[],22,[],2019-05-23 22:29:13,0.0,0,0,7675495,2019-05-23 22:29:13,,13.39584725,0.0,0,,40977695.3426455,0.0,0.0,252
0,[],28,[],2019-05-23 22:29:51,0.0,0,0,7675496,2019-05-23 22:29:51,,0.0,244618.2665,0,,0.0,0.0,0.0,256
1,[],22,[],2019-05-23 22:29:54,1052904.0,0.00000001,0.000000000000790118,7675497,2019-05-23 22:29:54,BTC,21.85885958,0.0,0.00000001,BTC,542925.7509808998,0.0,0.01052904,258
1,[],22,[],2019-05-19 18:12:02,400.0,0.00000001,0.0000000000007957800000000001,7653905,2019-05-19 18:12:02,BTC,2.415167,0.0,0.00000001,BTC,157.0,0.0,4e-06,259
1,[],5,[],2019-05-23 22:29:57,0.0,0,0,7675498,2019-05-23 22:29:57,btc,0.0,0.06117997,0,btc,0.0,0.0,0.0,264
1,[],20,[],2019-05-23 22:29:59,903654.2976,0.000000387,0.000000000030577566600000003,7675499,2019-05-23 22:29:59,btc,1.0294623175826,1295.4,0.000000387,btc,122975.0288,0.0006258798,0.0079590633448,264
0,[],22,[],2019-04-12 17:57:27,0.0,0,0,7278186,2019-04-12 17:57:27,,66.37522201,0.0,0,,677842.4169881374,0.0,0.0,271
0,[],22,[],2019-05-23 22:30:04,0.0,0,0,7675500,2019-05-23 22:30:04,,33050467.4724609,0.0,0,,14361462970.7,0.0,0.0,272
0,[],28,[],2019-05-23 22:31:10,0.0,0,0,7675501,2019-05-23 22:31:10,,0.0,20192022578.0,0,,0.0,0.0,0.0,272
1,[],22,[],2019-05-23 07:12:29,219930.0,0.00000004,0.000000000003048688,7671985,2019-05-23 07:12:29,BTC,426.77835217,0.0,0.00000004,BTC,248664.3325962929,0.0,0.00739728,281
1,[],22,[],2019-05-23 22:31:16,1101926.4333333333,0.00000003,0.000000000002370354,7675502,2019-05-23 22:31:16,BTC,2.64913128,0.0,0.00000003,"BTC,LTC",842570.03032866,3e-06,0.0368192,286
0,[],22,[],2019-05-23 22:31:19,0.0,0,0,7675503,2019-05-23 22:31:19,,7337899.5475411,0.0,0,,1884356788.7797825,0.0,0.0,294
