pairValue,buyBook,exchangeId,sellBook,updated,buyTotal,satoshiPrice,usdPrice,exchangeLogId,created,bestPair,sellTotalBtc,volume,pairPrice,activePairs,sellTotal,volumeBtc,buyTotalBtc,coinId
1,[],3,[],2019-03-14 02:48:58,30536.730664031762,0.01292908000000000078022477367767351097427308559417724609375,0.000000501069081216,6925157,2019-03-14 02:48:58,btc,61.20283522443114,0.0,0.01292908000000000078022477367767351097427308559417724609375,btc,31.49560767488,0.0,0.2469630833502422,1
1,[],4,[],2019-03-14 02:48:59,207790.75698851,0.01306609,0.000000506378931168,6925158,2019-03-14 02:48:59,btc,13.048827112689088,0.0,0.01306609,btc,322.23668704,0.94750418,1.6150160819627186,1
1,[],10,[],2019-03-14 02:49:10,413772.93605686,0.01060002,0.000000410805895104,6925159,2019-03-14 02:49:10,btc,6522.114511208743,806.35023424,0.01060002,btc,1087.91019981,0.0,4.619667557521177,1
1,[],12,[],2019-03-14 02:49:16,107.33054847,0.0129599999999999992983390484369010664522647857666015625,0.000000502267392,6925160,2019-03-14 02:49:16,btc,0.2863011464723,0.0,0.0129599999999999992983390484369010664522647857666015625,btc,21.24610647,0.0936678445389,0.341702255033,1
1,[],20,[],2019-03-14 02:49:18,1152.4727,0.01050023,0.000000406938513696,6925161,2019-03-14 02:49:18,btc,0.0552085068997,0.0,0.01050023,btc,2.4565,0.0,0.0959654646971,1
1,[],21,[],2019-03-14 02:49:19,2187.36703052,0.01300385000000000082498452514,0.00000050396680752,6925162,2019-03-14 02:49:19,btc,27.34576318849477,9388.39918514,0.0130038500000000008249845251384613220579922199249267578125,"btc,eth",3408.57062644,114.2502817922209,18.55353100222416,1
1,[],22,[],2019-03-14 02:49:32,0.0059712,0.01250000,0.00000048444,6925163,2019-03-14 02:49:32,BTC,0.31439419,0.0,0.01250000,BTC,0.12751438772928525,0.0,7.464e-05,1
1,[],24,[],2019-03-14 02:49:33,0.0,0.000000000000,0,6925164,2019-03-14 02:49:33,btc,0.0,0.0,0.000000000000,btc,0.0,0.0,0.0,1
0.0,[],25,[],2019-03-14 02:49:36,0.0,0,0,6925165,2019-03-14 02:49:36,btc,47.8964999975949,456.77032508,0.0,btc,3599.27733035,6.0,0.0,1
1,[],26,[],2019-03-14 02:49:37,0.0,0,0,6925166,2019-03-14 02:49:37,,0.0,0.0,0,,0.0,0.0,0.0,1
1,[],28,[],2019-03-14 02:49:39,992.9,0.01231000,0.000000477076512,6925167,2019-03-14 02:49:39,btc,0.147901439075,18078.75,0.01231000,btc,7.9421,0.0,0.086101096,1
1,[],5,[],2019-03-13 23:37:36,0.0,0,0,6924669,2019-03-13 23:37:36,btc,0.0,0.02639804,0,btc,0.0,0.0,0.0,1
0,[],2,[],2019-01-20 23:28:45,0.0,0,0,6477011,2019-01-20 23:28:45,,0.0,0.0,0,,0.0,0.0,0.0,1
0,[],22,[],2019-03-14 02:49:58,0.0,0,0,6925168,2019-03-14 02:49:58,,0.0,0.0,0,,0.0,0.0,0.0,2
1,[],5,[],2019-03-13 23:38:15,0.0,0,0,6924679,2019-03-13 23:38:15,btc,0.0,0.00276443,0,btc,0.0,0.0,0.0,2
1,[],12,[],2019-03-14 02:50:07,2793072.69707948,0.000000199,0.0000000000077122848,6925169,2019-03-14 02:50:07,btc,22813.409366768137,0.0,0.000000199,btc,1052479.068,0.054790432863799,0.3844890817886358,3
0,[],28,[],2019-03-14 02:50:09,0.0,0,0,6925170,2019-03-14 02:50:09,,0.0,0.0,0,,0.0,0.0,0.0,3
1,[],5,[],2019-03-13 23:38:30,0.0,0,0,6924681,2019-03-13 23:38:30,btc,0.0,0.12039654,0,btc,0.0,0.0,0.0,3
0,[],2,[],2019-01-20 23:31:32,0.0,0,0,6477077,2019-01-20 23:31:32,,0.0,0.0,0,,0.0,0.0,0.0,4
1,[],4,[],2019-03-09 19:03:36,394362.28616607,0.00000032,0.000000000012569280000000001,6889097,2019-03-09 19:03:36,btc,32.15548375957025,0.0,0.00000032,btc,707361.31512647,0.00109114,0.0476374485302292,4
1,[],12,[],2019-03-14 02:50:10,444940.0,0.00000002,0.000000000000775104,6925171,2019-03-14 02:50:10,btc,1111742.18134448,0.0,0.00000002,btc,753385.33266733,0.0007914200199801,0.00485804,5
0,[],2,[],2019-01-20 23:31:51,0.0,0,0,6477087,2019-01-20 23:31:51,,0.0,0.0,0,,0.0,0.0,0.0,6
1,[],11,[],2019-03-14 02:50:13,4497079.39882,0.00000002,0.000000000000775104,6925172,2019-03-14 02:50:13,btc,9568.09762938159,10000.0,0.00000002,btc,42608325.926142,0.0,0.056880531334200006,6
1,[],3,[],2019-03-14 02:50:14,1087.833962084558,0.000154759999999999988719301402539940681890584528446197509765625,0.000000005997754752,6925173,2019-03-14 02:50:14,btc,29.634085403952064,0.0,0.000154759999999999988719301402539940681890584528446197509765625,btc,239.122414578101,0.0,0.03439493781756314,7
1,[],4,[],2019-03-14 02:50:15,87434.55094926,0.00022195,0.00000000860171664,6925174,2019-03-14 02:50:15,btc,10.344091094720719,0.0,0.00022195,btc,35534.29819459,6.62747988,7.096103760872087,7
1,[],5,[],2019-03-13 23:38:41,0.0,0,0,6924688,2019-03-13 23:38:41,btc,0.0,1.49414604,0,btc,0.0,0.0,0.0,7
1,[],20,[],2019-02-20 02:16:17,39399275.8418,0.000000001,0.0000000000000390183,6728586,2019-02-20 02:16:17,btc,116.9737569154545,525.0,0.000000001,btc,56932965.8895,5.25e-07,0.0393992758418,8
0,[],2,[],2019-01-20 23:22:42,0.0,0,0,6476876,2019-01-20 23:22:42,,0.0,0.0,0,,0.0,0.0,0.0,9
0,[],23,[],2019-01-20 23:22:48,0.0,0,0,6476878,2019-01-20 23:22:48,,0.0,0.0,0,,0.0,0.0,0.0,9
1,[],4,[],2019-03-14 02:50:27,1557094.55860319,0.00000172,0.000000000066658944,6925175,2019-03-14 02:50:27,btc,5.463461165424159,0.0,0.00000172,btc,2513581.18899703,5.32004959,1.4406792691595451,9
1,[],28,[],2019-03-14 02:50:28,26353.0,0.00000159,0.00000000006162076800000001,6925176,2019-03-14 02:50:28,btc,2708.760431370583,3764049.92,0.00000159,btc,11454.1497,0.0,0.0147295,9
1,[],1,[],2019-02-17 23:31:42,1822507.21,0.00000181000000000000003456111265232042484285557293333113193511962890625,0.000000000066086901,6701244,2019-02-17 23:31:42,btc,3.6990969245,17153386.5,0.00000181000000000000003456111265232042484285557293333113193511962890625,btc,1997391.71,31.11772986,3.2610482446,9
1,[],4,[],2019-02-17 11:22:43,4341674.27126056,0.00000002,0.0000000000007272960000000001,6696112,2019-02-17 11:22:43,btc,0.1997230937751353,0.0,0.00000002,btc,4109766.79808031,0.00215132,0.0479381022052112,10
0,[],2,[],2019-01-20 23:23:08,0.0,0,0,6476890,2019-01-20 23:23:08,,0.0,0.0,0,,0.0,0.0,0.0,12
1,[],4,[],2019-03-14 02:50:30,7497394.84885288,0.00000147,0.000000000056970144000000004,6925177,2019-03-14 02:50:30,btc,14.538179166998846,0.0,0.00000147,btc,6597876.19350087,9.7369834,6.115919698269895,12
0.0,[],25,[],2019-03-14 02:50:41,0.0,0,0,6925178,2019-03-14 02:50:41,,0.0,0.0,0.0,btc,0.0,0.0,0.0,12
1,[],5,[],2019-03-13 23:38:50,0.0,0,0,6924692,2019-03-13 23:38:50,btc,0.0,0.43008967,0,btc,0.0,0.0,0.0,12
1,[],4,[],2019-03-14 02:50:43,32024066.15005861,0.00000707,0.000000000273999264,6925179,2019-03-14 02:50:43,btc,3.4465072038664495,0.0,0.00000707,btc,337566.58611285,2.34276263,1.3990292915152356,13
1,[],10,[],2019-03-14 02:50:45,455777.36117703,0.0000073,0.00000000028291296,6925180,2019-03-14 02:50:45,btc,666802.2199336579,45343.2367971,0.0000073,btc,702052.85493929,0.0,0.3171754699212814,13
1,[],21,[],2019-03-14 02:50:47,1796016.58639596,0.000007040000000000000359053065058,0.000000000272836608,6925181,2019-03-14 02:50:47,btc,9.167316740921857,3382431.92951051,0.000007040000000000000359053065057679532401380129158496856689453125,btc,1158179.05223932,24.22569227,11.799406018306952,13
1,[],4,[],2019-03-14 02:50:48,893761.35045483,0.00000094,0.000000000036429888000000004,6925182,2019-03-14 02:50:48,btc,5.7732817615246965,0.0,0.00000094,btc,1090283.65035653,0.06198215,0.2123428587775484,14
1,[],12,[],2019-03-14 02:50:49,278425.0,0.00000101999999999999997501889774376149233603428001515567302703857421875,0.000000000039530304,6925183,2019-03-14 02:50:49,btc,0.0568918618702554,0.0,0.00000101999999999999997501889774376149233603428001515567302703857421875,btc,9983.1985411,0.0,0.02133701,14
1,[],26,[],2019-03-14 02:51:00,0.0,0.00000050,0.0000000000193776,6925184,2019-03-14 02:51:00,btc,0.0,0.0,0.00000050,btc,0.0,0.0,0.0,14
0,[],17,[],2019-03-13 23:39:10,0.0,0,0,6924698,2019-03-13 23:39:10,btc,0.0,0.0,0,btc,0.0,0.0,0.0,14
0,[],4,[],2019-03-14 02:51:02,0.0,0,0,6925185,2019-03-14 02:51:02,,0.0,0.0,0,,0.0,0.0,0.0,15
,[],12,[],2018-12-01 15:15:48,204241.84496,0.00000489,0.000000000202473384,5260204,2018-12-01 15:15:48,btc,49.5475654835,0.0,,btc,35763.2193806,0.0163153972027625,0.0203389899998,15
0,[],2,[],2019-01-20 23:23:38,0.0,0,0,6476906,2019-01-20 23:23:38,,0.0,0.0,0,,0.0,0.0,0.0,18
1,[],4,[],2019-03-14 02:51:03,50267.53854768,0.00001679,0.000000000650699808,6925186,2019-03-14 02:51:03,btc,4.19051240212355,0.0,0.00001679,btc,18414.87876293,0.0272503,0.063618916398233,18
1,[],10,[],2019-03-14 02:51:07,781618.29520707,0.00001687,0.000000000653800224,6925187,2019-03-14 02:51:07,btc,15.406269975605559,353.78433161,0.00001687,btc,13324.36440746,0.0,0.111039002485783,18
1,[],12,[],2019-03-14 02:51:07,313913.77352774,0.00001576000000000000157381919996257835236974642612040042877197265625,0.000000000610781952,6925188,2019-03-14 02:51:07,btc,33214.724469549394,0.0,0.00001576000000000000157381919996257835236974642612040042877197265625,btc,641.06034321,0.0140442803901021,0.0283870680623674,18
0,[],17,[],2019-03-14 02:51:09,0.0,0,0,6925189,2019-03-14 02:51:09,btc,0.0,0.0,0,btc,0.0,0.0,0.0,18
0,[],2,[],2019-01-20 23:24:19,0.0,0,0,6476924,2019-01-20 23:24:19,,0.0,0.0,0,,0.0,0.0,0.0,19
1,[],3,[],2019-03-14 02:51:10,120833.40661140461,0.0000174999999999999984669381281054967303134617395699024200439453125,0.0000000006782159999999999,6925190,2019-03-14 02:51:10,btc,0.641035504559634,256.5,0.0000174999999999999984669381281054967303134617395699024200439453125,btc,14655.982436769738,0.0,0.054565221771228425,19
1,[],4,[],2019-03-14 02:51:12,220640.18375679,0.00001945,0.00000000075378864,6925191,2019-03-14 02:51:12,btc,2.4490353145236337,0.0,0.00001945,btc,90646.3546256,0.3722402,2.2642939430918756,19
1,[],12,[],2019-03-14 02:51:23,192249.32975551,0.000016779999999999998584222782316288657966651953756809234619140625,0.000000000650312256,6925192,2019-03-14 02:51:23,btc,0.8015753619517366,0.0,0.000016779999999999998584222782316288657966651953756809234619140625,btc,406.2143714,0.0,0.0402708999999027,19
0,[],27,[],2019-03-14 02:51:25,0.0,0,0,6925193,2019-03-14 02:51:25,,0.0,0.0,0,btc,0.0,0.0,0.0,19
1,[],5,[],2019-03-13 23:39:34,0.0,0,0,6924707,2019-03-13 23:39:34,btc,0.0,0.0,0,btc,0.0,0.0,0.0,19
1,[],4,[],2019-03-14 02:51:26,2779235.60194824,0.00000012,0.000000000004650624,6925194,2019-03-14 02:51:26,btc,7.382907576317832,0.0,0.00000012,btc,2875865.97746042,0.00157056,0.0776989389049041,20
1,[],4,[],2019-03-14 02:51:36,102903446.2663036,0.00000002,0.000000000000775104,6925195,2019-03-14 02:51:36,btc,39103.55115659408,0.0,0.00000002,btc,53710825.31990362,0.00814224,1.1438093684467123,21
1,[],12,[],2019-03-14 02:51:45,1424336.0,0.00000001,0.000000000000387552,6925196,2019-03-14 02:51:45,btc,1247.5321033693406,0.0,0.00000001,btc,2589644.96703296,3.996004e-08,0.01424336,21
0,[],17,[],2019-03-14 02:30:36,0.0,0,0,6925027,2019-03-14 02:30:36,btc,0.0,0.0,0,btc,0.0,0.0,0.0,21
1,[],12,[],2019-03-14 02:51:58,2688301901.0,0.0000000001,0.00000000000000387552,6925197,2019-03-14 02:51:58,btc,1933743.593574092,0.0,0.0000000001,btc,1799977355.1052837,0.00069119511968032,0.26883019010000003,23
0,[],27,[],2019-03-14 02:51:59,0.0,0,0,6925198,2019-03-14 02:51:59,,13.836146978083411,0.0,0,eth,5931606.84014486,0.0,0.0,23
1,[],4,[],2019-03-14 02:52:00,640994.13233931,0.00000048,0.000000000018602496,6925199,2019-03-14 02:52:00,btc,9.722525497290949,0.0,0.00000048,btc,1627834.66073145,0.01489757,0.1561430805470501,24
1,[],22,[],2019-03-14 02:53:25,11.76,0.00000100,0.0000000000387552,6925200,2019-03-14 02:53:25,BTC,7.415e-05,0.0,0.00000100,BTC,23.919354838709676,0.0,1.176e-05,24
0.0,[],25,[],2019-03-14 02:53:27,0.0,0,0,6925201,2019-03-14 02:53:27,,0.0,0.0,0.0,btc,0.0,0.0,0.0,24
1,[],4,[],2019-03-14 02:53:27,23514707.4517763,0.00000636,0.00000000024648307200000003,6925202,2019-03-14 02:53:27,btc,56.63374457174801,0.0,0.00000636,btc,242496.28900755,0.07092813,0.6175346823471708,26
1,[],10,[],2019-03-14 02:53:29,601566.14408179,0.00000621,0.000000000240669792,6925203,2019-03-14 02:53:29,btc,26.082165742975743,4142.45483768,0.00000621,btc,14876.61810999,0.0,0.1792594911405596,26
0,[],2,[],2019-01-20 23:25:56,0.0,0,0,6476976,2019-01-20 23:25:56,,0.0,0.0,0,,0.0,0.0,0.0,26
1,[],3,[],2019-03-14 02:53:30,8336462.54084747,0.00000001,0.000000000000387552,6925204,2019-03-14 02:53:30,btc,2.0389820462443056,35682.8651667,0.00000001,btc,14755137.43691035,0.0,0.0833646254084747,27
1,[],11,[],2019-03-14 02:53:41,8489638.24590115,0.00000006,0.000000000002325312,6925205,2019-03-14 02:53:41,btc,67506.1992155516,5956.66666667,0.00000006,btc,7966196.08369704,0.0,0.4689379049180229,27
1,[],5,[],2019-03-13 23:40:12,0.0,0,0,6924722,2019-03-13 23:40:12,btc,0.0,0.00208878,0,btc,0.0,0.0,0.0,27
1,[],4,[],2019-03-14 02:53:41,2096795373.8523736,0.00000001,0.000000000000387552,6925206,2019-03-14 02:53:41,btc,5.188966709001328,0.0,0.00000001,"btc,ltc",370845776.2025238,0.01533556,9.516380676810332,29
1,[],7,[],2019-03-14 02:53:43,35612181.13518611,0.00000001,0.000000000000387552,6925207,2019-03-14 02:53:43,btc,44461604.28227153,545.0,0.00000001,btc,51931453.80011315,1.09e-05,0.35612181135186116,29
1,[],4,[],2019-03-14 02:53:44,1894984.61060889,0.00000018,0.000000000006975936,6925208,2019-03-14 02:53:44,btc,2.6972611795289048,0.0,0.00000018,btc,2141423.17758584,0.01222717,0.1204766997600086,30
0,[],17,[],2019-03-14 02:53:55,0.0,0,0,6925209,2019-03-14 02:53:55,btc,0.0,0.0,0,btc,0.0,0.0,0.0,30
1,[],4,[],2019-03-14 02:53:56,187900.07319815,0.00005280,0.00000000204627456,6925210,2019-03-14 02:53:56,btc,10.347262724675888,0.0,0.00005280,btc,132754.12071276,0.35549549,2.1110092384369237,31
1,[],21,[],2019-03-14 02:53:58,57530.89526738,0.00005441000000000000252475124141,0.0000000021086704320000003,6925211,2019-03-14 02:53:58,btc,3.723561143666926,93373.42287811,0.000054410000000000002524751241406164581349003128707408905029296875,btc,59959.16373775,5.17731423,2.92610853338574,31
0,[],2,[],2019-01-20 23:28:43,0.0,0,0,6477009,2019-01-20 23:28:43,,0.0,0.0,0,,0.0,0.0,0.0,32
1,[],4,[],2019-03-14 02:54:07,490857440.46428174,0.00000004,0.000000000001550208,6925212,2019-03-14 02:54:07,btc,9.125973823188472,0.0,0.00000004,"btc,ltc",180492768.1118857,0.82137698,9.290082155242184,33
1,[],12,[],2019-03-14 02:54:09,26503350.63066667,0.00000004,0.000000000001550208,6925213,2019-03-14 02:54:09,btc,2918612.8464141367,0.0,0.00000004,btc,18481816.53646348,0.0016375884515485,0.61992593892,33
1,[],4,[],2019-03-14 02:54:10,96706799.77631107,0.00000001,0.000000000000387552,6925214,2019-03-14 02:54:10,btc,3.4144100719202553,0.0,0.00000001,btc,99278409.46573047,0.01555281,0.9670679977631107,34
1,[],5,[],2019-03-13 23:40:39,0.0,0,0,6924732,2019-03-13 23:40:39,btc,0.0,0.00147406,0,btc,0.0,0.0,0.0,34
0.0000000001443578,[],4,[],2019-03-14 02:54:19,3905318139.4570127,1.4435780000000001e-18,5.59461541056e-23,6925215,2019-03-14 02:54:19,ltc,4.813943398290188e-08,0.0,0.00000001,ltc,6779410131.576289,0.0,5.637631349121076e-09,36
0.0000000003410626,[],27,[],2019-03-14 02:54:32,1088163.16325,3.410626e-18,1.321794927552e-22,6925216,2019-03-14 02:54:32,eth,222.5593908357632,0.0,0.00000001,"ltc,eth",11165406.63658689,0.0,1.7010913728226946e-12,36
1,[],5,[],2019-03-13 23:40:42,0.0,0,0,6924734,2019-03-13 23:40:42,btc,0.0,0.0,0,btc,0.0,0.0,0.0,36
0,[],17,[],2019-03-14 02:31:45,0.0,0,0,6925047,2019-03-14 02:31:45,btc,0.07464582802186669,0.0,0,btc,4105386.20243647,0.0,0.0,36
1,[],17,[],2019-03-13 23:23:16,1752.74075282,0.00000025,0.00000000000965135,6924548,2019-03-13 23:23:16,btc,0.05548492398348816,0.0,0.00000025,btc,1387.19918473,0.0,0.00043818518820499993,37
1,[],4,[],2019-03-14 02:54:33,223592.78892556,0.00000058,0.000000000022478016,6925217,2019-03-14 02:54:33,btc,19772.480283026664,0.0,0.00000058,btc,560124.55562314,0.00582401,0.0936509363282258,37
1,[],12,[],2019-03-14 02:54:35,414752.11836741,0.00000059,0.000000000022865567999999998,6925218,2019-03-14 02:54:35,btc,22.24784287056303,0.0,0.00000059,btc,430077.75628021,0.0762672991308654,0.1137621733333226,37
1,[],27,[],2019-03-14 02:54:48,14685.567,0.00000045,0.00000000001743984,6925219,2019-03-14 02:54:48,btc,24.25536383611233,0.0,0.00000045,btc,6518.38138508,0.0,0.00480032515,37
1,[],12,[],2019-03-14 02:54:58,253287.13645526,0.000001030000000000000091033409109486651544784763245843350887298583984375,0.000000000039917856000000006,6925220,2019-03-14 02:54:58,btc,5.581467848362048,0.0,0.000001030000000000000091033409109486651544784763245843350887298583984375,btc,30412.70919435,0.0119798543423391,0.0194469598224882,42
0.0000000003410626,[],27,[],2019-03-14 02:55:01,2000.0,3.410626e-18,1.321794927552e-22,6925221,2019-03-14 02:55:01,eth,0.00315028,0.0,0.00000001,"btc,eth",11.007,0.0,6.821252e-15,42
1,[],5,[],2019-03-13 23:40:53,0.0,0,0,6924739,2019-03-13 23:40:53,btc,0.0,0.08380675,0,btc,0.0,0.0,0.0,42
1,[],5,[],2019-03-13 23:40:58,0.0,0,0,6924742,2019-03-13 23:40:58,btc,0.0,0.0,0,btc,0.0,0.0,0.0,43
1,[],12,[],2019-03-13 09:13:29,1112112.0,0.00000001,0.000000000000386531,6919902,2019-03-13 09:13:29,btc,29058.00478931866,0.0,0.00000001,btc,5967681.93306694,9.99000999e-07,0.01112112,43
0,[],17,[],2019-03-14 02:32:27,0.0,0,0,6925054,2019-03-14 02:32:27,btc,0.0,0.0,0,btc,0.0,0.0,0.0,43
1,[],12,[],2019-03-05 01:54:08,639326.02,0.00000004,0.000000000001486676,6845775,2019-03-05 01:54:08,btc,11116042.728239931,0.0,0.00000004,btc,1103841.4595604,0.0003330765234764,0.014975410599999999,44
1,[],4,[],2019-03-14 02:55:21,298615213.4426056,0.00000002,0.000000000000775104,6925222,2019-03-14 02:55:21,btc,960.941484065416,0.0,0.00000002,"btc,ltc",16885768.48243608,0.00300492,0.2792294648156977,49
0.0000000001443578,[],4,[],2019-03-14 02:55:23,505951454.13505876,1.4435780000000001e-18,5.59461541056e-23,6925223,2019-03-14 02:55:23,ltc,25.866299605812884,0.0,0.00000001,ltc,10277199998.565317,0.0,7.303803882573799e-10,52
0,[],22,[],2019-03-14 02:55:43,0.0,0,0,6925224,2019-03-14 02:55:43,,4468.89738099,0.0,0,,291728851.5359664,0.0,0.0,57
0.0000000003410626,[],27,[],2019-03-14 02:55:45,2000.0,3.410626e-18,1.321794927552e-22,6925225,2019-03-14 02:55:45,eth,0.0,0.0,0.00000001,"btc,eth",0.0,0.0,6.821252e-15,57
0.0000000001443578,[],4,[],2019-03-14 02:55:46,447156365.0339536,2.8871560000000002e-18,1.118923082112e-22,6925226,2019-03-14 02:55:46,ltc,18.657416683254485,0.0,0.00000002,ltc,4760072395.523396,0.0,6.730210317336156e-10,58
1,[],12,[],2019-03-14 02:55:47,1294165803.0,0.0000000003,0.00000000000001162656,6925227,2019-03-14 02:55:47,btc,4023102.6874357727,0.0,0.0000000003,btc,1580561356.2317681,0.07113518205044957,0.307454445,58
0,[],17,[],2019-03-14 02:55:59,0.0,0,0,6925228,2019-03-14 02:55:59,btc,1e+24,0.0,0,btc,49226522.0897055,0.0,0.0,58
0.00000000012845270000000001,[],22,[],2019-03-14 02:56:12,137438.0,1.284527e-18,4.97821007904e-23,6925229,2019-03-14 02:56:12,XMR,69.1795942,0.0,0.00000001,XMR,9887963.0,0.0,0.00137438,58
1,[],22,[],2019-03-14 02:58:31,13757.0,0.00000012,0.000000000004650624,6925230,2019-03-14 02:58:31,BTC,1002.2960049,0.0,0.00000012,BTC,14976.68361146909,0.0,0.00154987,61
1,[],26,[],2019-03-14 02:58:31,0.0,0.00000800,0.0000000003100416,6925231,2019-03-14 02:58:31,btc,0.0,0.0,0.00000800,btc,0.0,0.0,0.0,61
1,[],27,[],2019-03-14 02:58:34,4411.22008,0.00000047,0.000000000018214944000000002,6925232,2019-03-14 02:58:34,btc,2.8846615703141323,0.0,0.00000047,"btc,eth",19452.59257617,0.0,0.00124375995946874,61
1,[],28,[],2019-03-14 02:58:37,13880.304,0.0000005,0.0000000000193776,6925233,2019-03-14 02:58:37,btc,2.056312978300105,795.0,0.0000005,btc,9730.59500005,0.0,0.00566391304,61
1,[],5,[],2019-03-13 23:41:54,0.0,0,0,6924750,2019-03-13 23:41:54,btc,0.0,0.00490589,0,btc,0.0,0.0,0.0,61
1,[],4,[],2019-03-14 02:34:00,1458585.52312235,0.00000206,0.000000000079732506,6925066,2019-03-14 02:34:00,btc,9.635044059670594,0.0,0.00000206,btc,820366.31689853,0.20182843,1.3268914652981516,67
0.0,[],25,[],2019-03-14 02:34:04,0.0,0,0,6925067,2019-03-14 02:34:04,,0.0,0.0,0.0,btc,0.0,0.0,0.0,67
1,[],12,[],2019-03-14 02:58:39,2928740.67525151,0.00000011,0.000000000004263072,6925234,2019-03-14 02:58:39,btc,1111115.0105197837,0.0,0.00000011,btc,930143.73494689,0.0024872314025899,0.1110939841918177,71
,[],5,[],2018-11-20 23:02:39,1.5e-07,0.00000005,0.000000000002128045,4862160,2018-11-20 23:02:39,btc,2.84511358,0.0,,btc,0.00036572,0.0,0.07381892,74
1,[],5,[],2019-03-13 23:25:56,0.0,0,0,6924569,2019-03-13 23:25:56,btc,0.0,0.0,0,btc,0.0,0.0,0.0,75
1,[],4,[],2019-03-14 02:34:16,13407008.89224166,0.00000001,0.000000000000387051,6925069,2019-03-14 02:34:16,btc,11370.022068656366,0.0,0.00000001,btc,39949505.59932191,0.00237987,0.1340700889224166,81
0,[],20,[],2019-01-25 09:30:31,0.0,0,0,6495923,2019-01-25 09:30:31,btc,0.0,0.0,0,btc,0.0,0.0,0.0,81
1,[],4,[],2019-03-14 02:58:50,24941.68000357,0.00007888,0.000000003057010176,6925235,2019-03-14 02:58:50,btc,18.147611555041372,0.0,0.00007888,btc,12634.78667549,0.01405221,0.1691739256794655,82
1,[],21,[],2019-03-14 02:58:51,914005.51467576,0.00007493000000000000257027038542,0.0000000029039271360000002,6925236,2019-03-14 02:58:51,btc,2.81024654152091,17234.98493614,0.000074930000000000002570270385415795999506372027099132537841796875,btc,32533.9340934,1.30860227,3.2921813658500785,82
0,[],17,[],2019-03-13 23:26:13,0.0,0,0,6924573,2019-03-13 23:26:13,btc,0.0447233088476774,0.0,0,btc,999127.19588126,0.0,0.0,84
0.0000000001443578,[],4,[],2019-03-14 02:58:52,169240524.57394722,4.330734e-18,1.6783846231680002e-22,6925237,2019-03-14 02:58:52,ltc,1.6767322745276698,0.0,0.00000003,ltc,387108623.1422025,0.0,3.727042479309432e-10,85
,[],22,[],2018-11-20 23:09:34,3408.1,0.0000001,0.0000000000041895,4862324,2018-11-20 23:09:34,BTC,0.04624735,0.0,,BTC,4990.0,0.0,0.00033081,86
1,[],22,[],2019-03-14 02:59:22,110870.0,0.00000005,0.00000000000193776,6925238,2019-03-14 02:59:22,BTC,2.07858175,0.0,0.00000005,BTC,170145.94736842104,0.0,0.0017035,87
1,[],27,[],2019-03-14 02:59:23,55.0,0.00000001,0.000000000000387552,6925239,2019-03-14 02:59:23,btc,3.061282757476,5.388,0.00000001,btc,7360.28541,0.00046132,5.5e-07,87
,[],2,[],2018-11-20 23:10:47,0.0,0,0,4862359,2018-11-20 23:10:47,,0.0,0.0,,,0.0,0.0,0.0,88
1,[],11,[],2019-03-14 02:59:25,94425.9699799,0.00014589000000000000079915241091299549225368537008762359619140625,0.000000005653996128,6925240,2019-03-14 02:59:25,btc,611.7442884357948,835.64406616,0.00014589000000000000079915241091299549225368537008762359619140625,btc,99216.70599021,0.0,6.478892882354108,89
0,[],2,[],2019-01-20 23:31:45,0.0,0,0,6477083,2019-01-20 23:31:45,,0.0,0.0,0,,0.0,0.0,0.0,91
1,[],12,[],2019-03-14 02:59:27,257376.09503707,0.00000089,0.000000000034492127999999996,6925241,2019-03-14 02:59:27,btc,60.96544495601241,0.0,0.00000089,btc,107017.07962268,0.0129278090766787,0.0420097322999895,91
0,[],17,[],2019-03-14 02:59:39,0.0,0,0,6925242,2019-03-14 02:59:39,btc,0.0,0.0,0,btc,0.0,0.0,0.0,91
1,[],22,[],2019-03-14 02:59:47,65900.0,0.00000001,0.000000000000387552,6925243,2019-03-14 02:59:47,BTC,3e-06,0.0,0.00000001,BTC,1.0,0.0,0.000659,91
0.0000000001443578,[],22,[],2019-03-14 02:59:58,52834053.0,1.4435780000000001e-18,5.59461541056e-23,6925244,2019-03-14 02:59:58,LTC,3.31498785,0.0,0.00000001,LTC,37200566.889473684,0.0,0.52834053,95
0,[],17,[],2019-03-14 02:35:39,0.0,0,0,6925082,2019-03-14 02:35:39,btc,0.0,0.0,0,btc,0.0,0.0,0.0,96
0.0000000001443578,[],4,[],2019-03-14 02:59:59,633511400.2406622,7.506605600000001e-17,2.9092000134912004e-21,6925245,2019-03-14 02:59:59,ltc,11.889285557141829,0.0,0.00000052,ltc,136262391.0880396,0.00019392,1.5593318707958756e-09,96
0,[],12,[],2019-03-14 03:00:01,0.0,0,0,6925246,2019-03-14 03:00:01,btc,10.589852436643357,0.0,0,btc,3077555.66433565,3.2567432568e-06,0.0,96
1,[],4,[],2019-03-12 10:13:14,2544101.88493427,0.00000025,0.0000000000097174,6911574,2019-03-12 10:13:14,btc,2.5031007307816195,0.0,0.00000025,btc,2555984.39269018,0.04718357,0.3381776086135513,99
0,[],2,[],2019-01-20 23:23:55,0.0,0,0,6476914,2019-01-20 23:23:55,,0.0,0.0,0,,0.0,0.0,0.0,100
1,[],4,[],2019-03-14 03:00:15,356209.83840358,0.00003542,0.000000001372709184,6925247,2019-03-14 03:00:15,btc,12.453818348591156,0.0,0.00003542,btc,194080.8347215,1.82502542,3.911183033328398,100
1,[],22,[],2019-03-14 03:00:25,50000.0,0.00000001,0.000000000000387552,6925248,2019-03-14 03:00:25,BTC,23.49896609,0.0,0.00000001,BTC,10277.22,0.0,0.0005,101
1,[],4,[],2019-03-14 03:00:27,452376.65951742,0.00000073,0.000000000028291296000000002,6925249,2019-03-14 03:00:27,btc,308.0909678375996,0.0,0.00000073,btc,516137.17066065,0.00262108,0.2244624112617066,103
1,[],12,[],2019-03-14 03:00:30,31479495.941473,0.000000008,0.0000000000003100416,6925250,2019-03-14 03:00:30,btc,3219150.402687149,0.0,0.000000008,btc,77567042.61243044,0.00343914504154865,0.051457357531784,105
1,[],27,[],2019-03-14 03:00:32,294987.0,0.00000001,0.000000000000387552,6925251,2019-03-14 03:00:32,btc,36.60958327597041,228933.0,0.00000001,btc,1423539.93761724,0.00228933,0.00294987,105
1,[],22,[],2019-03-14 02:36:16,9328.0,0.00000001,0.000000000000387051,6925088,2019-03-14 02:36:16,BTC,51.10837004,0.0,0.00000001,BTC,470435.0,0.0,9.328e-05,107
1,[],26,[],2019-03-14 02:36:16,0.0,0.00000000,0,6925089,2019-03-14 02:36:16,btc,0.0,0.0,0.00000000,btc,0.0,0.0,0.0,107
1,[],22,[],2019-03-14 03:00:52,47455.0,0.00000002,0.000000000000775104,6925252,2019-03-14 03:00:52,BTC,2.7975128,0.0,0.00000002,BTC,826524.0833333334,0.0,0.00092944,112
0.0000000003410626,[],27,[],2019-03-14 03:00:55,2000.0,3.410626e-18,1.321794927552e-22,6925253,2019-03-14 03:00:55,eth,1.24996908,0.0,0.00000001,"btc,eth",1289.0,0.0,6.821252e-15,112
1,[],5,[],2019-03-13 23:43:59,0.0,0,0,6924777,2019-03-13 23:43:59,btc,0.0,0.00100947,0,btc,0.0,0.0,0.0,112
1,[],4,[],2019-03-14 03:00:56,1306522.24952283,0.00000190,0.00000000007363488,6925254,2019-03-14 03:00:56,btc,5.006494914990073,0.0,0.00000190,btc,379224.16075548,0.04650978,1.0093422222877813,113
1,[],5,[],2019-03-13 23:44:28,0.0,0,0,6924781,2019-03-13 23:44:28,btc,0.0,2.54e-06,0,btc,0.0,0.0,0.0,113
1,[],17,[],2019-03-13 20:25:14,152738.278,0.00000004,0.0000000000015450360000000002,6923601,2019-03-13 20:25:14,btc,1.3368030274703833,0.0,0.00000004,btc,51896.221,0.0,0.0022095311199999998,116
0,[],27,[],2019-03-13 20:25:16,0.0,0,0,6923602,2019-03-13 20:25:16,,0.0,0.0,0,btc,0.0,0.0,0.0,116
1,[],4,[],2019-03-14 03:01:05,101719.54945485,0.00004675,0.0000000018118056,6925255,2019-03-14 03:01:05,btc,85.62504773128181,0.0,0.00004675,btc,35122.50568381,0.91049216,2.2620156452755946,120
1,[],7,[],2019-03-14 03:01:07,20811.04093747,0.0000288300000000000001035803387505751516073360107839107513427734375,0.000000001117312416,6925256,2019-03-14 03:01:07,btc,115652.5042317556,42.09400297,0.0000288300000000000001035803387505751516073360107839107513427734375,btc,26280.08424784,0.00148933,0.052373691583435106,120
1,[],20,[],2019-03-14 03:01:11,1617276.4103,0.000000034,0.0000000000013176768,6925257,2019-03-14 03:01:11,btc,32.2519317846648,132799.8438,0.000000034,btc,1028083.5986,0.0045151946892,0.0136750180496,125
1,[],22,[],2019-03-14 03:01:21,3053.0,0.00000001,0.000000000000387552,6925258,2019-03-14 03:01:21,BTC,0.01444887,0.0,0.00000001,BTC,296263.5111111111,0.0,3.053e-05,126
1,[],4,[],2019-03-14 02:37:08,139157.01084543,0.00001193,0.00000000046175184300000004,6925097,2019-03-14 02:37:08,btc,3.5680309594061583,0.0,0.00001193,btc,124322.51864271,0.09836306,0.5497363208083752,131
0,[],17,[],2019-03-14 02:37:19,0.0,0,0,6925098,2019-03-14 02:37:19,btc,0.0009561751951600001,0.0,0,btc,35.42829368,0.0,0.0,131
0,[],2,[],2019-01-20 23:25:46,0.0,0,0,6476969,2019-01-20 23:25:46,,0.0,0.0,0,,0.0,0.0,0.0,131
1,[],4,[],2019-03-14 03:01:22,4615.21915755,0.00017236,0.000000006679846272,6925259,2019-03-14 03:01:22,btc,1.609276499019794,0.0,0.00017236,btc,204.67722116,0.00011999,0.0184026844167623,135
1,[],3,[],2019-03-07 00:20:44,877702.73244099,0.00000004,0.00000000000154846,6863392,2019-03-07 00:20:44,btc,0.119366241821405,0.0,0.00000004,btc,760637.99421222,0.0,0.023771231960604298,136
1,[],4,[],2019-03-14 03:01:24,428754.65487348,0.00000138,0.000000000053482176,6925260,2019-03-14 03:01:24,btc,38.62195995590444,0.0,0.00000138,btc,540111.16886209,0.01436327,0.0199691573667384,137
1,[],12,[],2019-03-14 03:01:25,183872.33333333,0.000001349999999999999991849510168340220417348973569460213184356689453125,0.00000000005231952,6925261,2019-03-14 03:01:25,btc,5.049475977559218,0.0,0.000001349999999999999991849510168340220417348973569460213184356689453125,btc,5729.74485823,0.0040097616265225,0.0064562299999956,137
1,[],4,[],2019-03-14 03:01:27,11397.79148914,0.00003446,0.000000001335504192,6925262,2019-03-14 03:01:27,btc,28.37143511323468,0.0,0.00003446,btc,46189.20525226,0.27292733,0.216955226679746,142
1,[],17,[],2019-03-14 03:01:37,22967.386363640002,0.00000088,0.000000000034104576,6925263,2019-03-14 03:01:37,btc,20.06991335265878,0.0,0.00000088,btc,2746.079105,0.0,0.0104613000000032,142
1,[],20,[],2019-03-14 03:01:38,153074.8183,0.000030005,0.000000001162849776,6925264,2019-03-14 03:01:38,btc,0.3361571811272,19.0994,0.000030005,btc,2245.1971,0.000573077497,0.3099826749587,142
1,[],22,[],2019-03-14 03:01:53,1470.2803921568627,0.00001020,0.00000000039530304,6925265,2019-03-14 03:01:53,BTC,3.0054103,0.0,0.00001020,BTC,910.5995,0.0,0.00121106,142
0.0,[],25,[],2019-03-14 03:01:54,0.0,0,0,6925266,2019-03-14 03:01:54,,0.0,0.0,0.0,btc,0.0,0.0,0.0,142
1,[],28,[],2019-03-14 03:01:56,76600.0,0.00002270,0.00000000087974304,6925267,2019-03-14 03:01:56,btc,0.067100461059305,864.0,0.00002270,btc,552.61077999,0.0,0.0154572,142
1,[],5,[],2019-03-13 23:45:01,0.0,0,0,6924790,2019-03-13 23:45:01,btc,0.0,0.10136516,0,btc,0.0,0.0,0.0,142
0,[],22,[],2019-03-13 15:33:20,0.0,0,0,6921615,2019-03-13 15:33:20,,65.83990167,0.0,0,,1043231670.8,0.0,0.0,143
0,[],22,[],2019-02-25 15:42:22,0.0,0,0,6783783,2019-02-25 15:42:22,,4.2131946,0.0,0,,2322156.0,0.0,0.0,146
,[],22,[],2018-11-20 23:01:11,0.0,0,0,4862114,2018-11-20 23:01:11,,2.56807021,0.0,,,61828.4988236,0.0,0.0,147
1,[],12,[],2019-03-14 03:01:56,343463.46581509,0.0000018599999999999999793589590402209665853661135770380496978759765625,0.000000000072084672,6925268,2019-03-14 03:01:56,btc,7.932826092605939,0.0,0.0000018599999999999999793589590402209665853661135770380496978759765625,btc,101651.33942272,0.0005151,0.0765056599998208,148
1,[],4,[],2019-03-14 02:37:54,201691.03510999,0.00000029,0.000000000011224479,6925108,2019-03-14 02:37:54,btc,218.94420193354875,0.0,0.00000029,btc,782875.78510436,0.01493878,0.0459104220939245,152
0,[],22,[],2019-03-14 02:38:00,0.0,0,0,6925109,2019-03-14 02:38:00,,0.0,0.0,0,,0.0,0.0,0.0,152
1,[],5,[],2019-03-13 23:47:03,0.0,0,0,6924798,2019-03-13 23:47:03,btc,0.0,0.0,0,btc,0.0,0.0,0.0,153
,[],16,[],2019-01-11 15:38:59,0.0,0,0,6366141,2019-01-11 15:38:59,btc,0.0,0.0,,btc,0.0,0.0,0.0,155
0,[],23,[],2019-01-20 23:24:29,0.0,0,0,6476932,2019-01-20 23:24:29,,0.0,0.0,0,,0.0,0.0,0.0,156
0,[],22,[],2019-03-14 03:02:13,0.0,0,0,6925269,2019-03-14 03:02:13,,6.7463775,0.0,0,,4673391.242592593,0.0,0.0,156
1,[],22,[],2019-03-14 03:03:40,7073.8,0.00005300,0.0000000020540256,6925270,2019-03-14 03:03:40,BTC,1.79802465,0.0,0.00005300,BTC,802.6461988741639,0.0,0.00104336,157
0,[],22,[],2019-03-14 02:38:24,0.0,0,0,6925112,2019-03-14 02:38:24,,50175.67608608,0.0,0,,54079135.04179466,0.0,0.0,158
,[],17,[],2018-11-20 22:56:10,0.0,0,0,4861976,2018-11-20 22:56:10,btc,1.1265625,0.0,,btc,1000.0,0.0,0.0,159
,[],20,[],2018-11-20 22:56:12,0.0,0,0,4861977,2018-11-20 22:56:12,btc,11912.7940471,0.0,,btc,34413894.3617,0.0,0.0,159
1,[],17,[],2019-03-14 01:43:03,29784.95,0.000001,0.0000000000387123,6924943,2019-03-14 01:43:03,btc,0.03026736251542,0.0,0.000001,btc,144.46171372,0.0,0.00716147,168
1,[],12,[],2019-03-14 03:03:41,232253.99929456,0.000007580000000000000271089574399585586661487468518316745758056640625,0.000000000293764416,6925271,2019-03-14 03:03:41,btc,1.7064554347220058,0.0,0.000007580000000000000271089574399585586661487468518316745758056640625,btc,9859.86058202,0.0017015669,0.0988830523561675,168
0,[],22,[],2019-03-14 03:03:58,0.0,0,0,6925272,2019-03-14 03:03:58,,1.13364782,0.0,0,,524897.174707144,0.0,0.0,169
1,[],22,[],2019-03-14 03:04:13,195281.875,0.00000008,0.000000000003100416,6925273,2019-03-14 03:04:13,BTC,14.35171587,0.0,0.00000008,BTC,158891.7107441047,0.00121987,0.00200335,171
1,[],22,[],2019-03-14 03:04:39,738128.3333333334,0.00000007,0.000000000002712864,6925274,2019-03-14 03:04:39,BTC,2.59380203,0.0,0.00000007,"BTC,LTC",327035.96697294293,0.00200111,0.02376146,173
1,[],5,[],2019-03-05 01:59:40,0.0,0,0,6845846,2019-03-05 01:59:40,btc,0.0,0.00384852,0,btc,0.0,0.0,0.0,175
1,[],22,[],2019-03-14 03:04:58,35500.0,0.00000012,0.000000000004650624,6925275,2019-03-14 03:04:58,BTC,0.54559973,0.0,0.00000012,BTC,137776.41444619838,0.0,0.00206,176
0,[],2,[],2019-01-20 23:28:34,0.0,0,0,6477001,2019-01-20 23:28:34,,0.0,0.0,0,,0.0,0.0,0.0,178
1,[],7,[],2019-03-14 03:05:11,0.0,0,0,6925276,2019-03-14 03:05:11,btc,408083.2735237904,1849.15084915,0,btc,112497602.04328883,0.0,0.0,178
0,[],22,[],2019-03-14 03:05:23,0.0,0,0,6925277,2019-03-14 03:05:23,,1.00242438,0.0,0,,57522.0,0.0,0.0,178
1,[],5,[],2019-03-13 23:50:00,0.0,0,0,6924808,2019-03-13 23:50:00,btc,0.0,0.05329103,0,btc,0.0,0.0,0.0,179
0,[],23,[],2019-01-20 23:25:08,0.0,0,0,6476952,2019-01-20 23:25:08,,0.0,0.0,0,,0.0,0.0,0.0,179
1,[],22,[],2019-03-14 03:05:43,6867106.0,0.00000002,0.000000000000775104,6925278,2019-03-14 03:05:43,BTC,5.63100652,0.0,0.00000002,"BTC,LTC",17355770.756535422,0.0,0.37228284,179
1,[],17,[],2019-03-14 03:05:45,10504.725,0.0000001,0.00000000000387552,6925279,2019-03-14 03:05:45,btc,5.201069583843774,0.0,0.0000001,btc,5033.45945,0.0,0.0010504725,180
1,[],22,[],2019-03-14 03:05:57,665166.7090909091,0.00000125,0.000000000048444,6925280,2019-03-14 03:05:57,BTC,0.21358263,0.0,0.00000125,"BTC,LTC",61334.714636976925,0.00346921,0.57021798,180
1,[],26,[],2019-03-14 03:05:57,0.0,0.00000125,0.000000000048444,6925281,2019-03-14 03:05:57,btc,0.0,0.0,0.00000125,btc,0.0,0.0,0.0,180
,[],7,[],2018-11-20 22:58:01,562227.975654,0.00000085,0.000000000036176765,4862015,2018-11-20 22:58:01,btc,21836.6059674,2491.87645172,,btc,749999.041456,0.00211021,0.127565380455,183
,[],5,[],2019-01-10 08:11:41,0.0,0,0,6347036,2019-01-10 08:11:41,btc,82.15055501,0.00261,,btc,1.19002445,0.0,0.0,187
1,[],24,[],2019-03-14 02:41:07,0.0,0.000000000001,3.8705100000000005e-17,6925124,2019-03-14 02:41:07,btc,0.0,0.0,0.000000000001,btc,0.0,0.0,0.0,187
,[],17,[],2018-11-16 20:58:10,4062536.27273,0.00000001,0.000000000000550501,4708775,2018-11-16 20:58:10,btc,3.36492563466,0.195460381006,,"btc,eth",110697919.549,0.0,0.0157628953496,187
0,[],22,[],2019-03-14 03:06:06,0.0,0,0,6925282,2019-03-14 03:06:06,,7.54797454,0.0,0,,79361.7243344055,0.0,0.0,191
0,[],22,[],2019-03-14 03:06:20,0.0,0,0,6925283,2019-03-14 03:06:20,,0.0,0.0,0,,0.0,0.0,0.0,197
0,[],23,[],2019-01-20 23:31:41,0.0,0,0,6477079,2019-01-20 23:31:41,,0.0,0.0,0,,0.0,0.0,0.0,199
0,[],22,[],2019-03-14 02:43:59,0.0,0,0,6925127,2019-03-14 02:43:59,,5.19581047,0.0,0,,21561978.0,0.0,0.0,199
1,[],26,[],2019-03-14 02:43:59,0.0,0.00000000,0,6925128,2019-03-14 02:43:59,btc,0.0,132711.0,0.00000000,btc,0.0,0.0,0.0,199
0,[],17,[],2019-01-30 16:32:01,0.0,0,0,6540827,2019-01-30 16:32:01,btc,6.802544163788159,0.0,0,btc,105897.55575295,0.0,0.0,200
0,[],2,[],2019-01-20 23:30:49,0.0,0,0,6477059,2019-01-20 23:30:49,,0.0,0.0,0,,0.0,0.0,0.0,201
1,[],4,[],2019-01-25 15:51:35,2084389.58565343,0.00000936,0.000000000333526752,6499557,2019-01-25 15:51:35,btc,2.0092503037378524,0.0,0.00000936,btc,160195.80207885,0.19272417,1.242687955921835,211
1,[],7,[],2019-03-14 02:44:03,5384735.77644389,0.000001049999999999999899545958213786800428124479367397725582122802734375,0.000000000040640355,6925129,2019-03-14 02:44:03,btc,15476654.29544176,606778.106923,0.000001049999999999999899545958213786800428124479367397725582122802734375,btc,13068657.42370458,0.0,2.828851487069168,212
1,[],5,[],2019-03-13 23:34:13,0.0,0,0,6924635,2019-03-13 23:34:13,btc,0.0,0.053997,0,btc,0.0,0.0,0.0,213
1,[],24,[],2019-03-13 23:34:13,0.0,0.000000150000,0.00000000000579081,6924636,2019-03-13 23:34:13,btc,0.0,0.0,0.000000150000,btc,0.0,0.0,0.0,213
1,[],26,[],2019-03-13 23:34:14,0.0,0.00000010,0.00000000000386054,6924637,2019-03-13 23:34:14,btc,0.0,0.0,0.00000010,btc,0.0,0.0,0.0,213
1,[],12,[],2019-01-25 02:44:32,207462.42853209,0.000001080000000000000035831255497387193287295303889550268650054931640625,0.000000000038610756000000006,6493050,2019-01-25 02:44:32,btc,85023.03793723314,0.0,0.000001080000000000000035831255497387193287295303889550268650054931640625,btc,43675.73520027,0.000146250909087,0.0348620860622024,213
1,[],22,[],2019-03-14 02:44:11,25000.0,0.00000001,0.000000000000387051,6925130,2019-03-14 02:44:11,BTC,2.2910283,0.0,0.00000001,BTC,748106.3963726171,0.00049,0.00025,216
1,[],27,[],2019-03-14 02:44:14,1298122.0,0.00000003,0.000000000001161153,6925131,2019-03-14 02:44:14,btc,317.9840526547724,0.0,0.00000003,"btc,ltc",240753.990324,0.0,0.033757640000259805,216
1,[],22,[],2019-03-14 02:45:40,142940.11184210525,0.00000153,0.000000000059218803,6925132,2019-03-14 02:45:40,BTC,12543.58081328,0.0,0.00000153,BTC,421376.58477463986,0.05335547,0.13878978,217
1,[],7,[],2019-03-14 02:45:42,0.0,0,0,6925133,2019-03-14 02:45:42,btc,77971.81411323446,0.0,0,btc,135963412.7426053,0.0,0.0,219
0,[],27,[],2019-03-14 02:45:44,0.0,0,0,6925134,2019-03-14 02:45:44,,0.0404796,0.0,0,btc,2057905.0,0.0,0.0,219
0.0000000000000052,[],28,[],2019-03-14 02:45:51,171578396.705,9.1026e-18,3.5231704326000005e-22,6925135,2019-03-14 02:45:51,doge,86217.0756560575,14539.0,0.00175050,"btc,doge",3933098.30521,0.0,2.493544688178804e-11,219
1,[],22,[],2019-03-14 02:46:03,406759.0,0.00000008,0.000000000003096408,6925136,2019-03-14 02:46:03,BTC,18.0683074,0.0,0.00000008,BTC,93423.54541875875,0.0,0.01939217,221
1,[],24,[],2019-03-14 02:46:03,0.0,0.000000200000,0.000000000007741020000000001,6925137,2019-03-14 02:46:03,btc,0.0,0.0,0.000000200000,btc,0.0,0.0,0.0,221
1,[],20,[],2019-03-14 02:46:07,42495605.3129,0.000000002,0.00000000000007741020000000001,6925138,2019-03-14 02:46:07,btc,49.3196816374785,331138.4986,0.000000002,btc,15415581.2943,0.0014333358558,0.0458858811005,224
0,[],22,[],2019-03-14 02:46:21,0.0,0,0,6925139,2019-03-14 02:46:21,,0.0,0.0,0,,0.0,0.0,0.0,224
1,[],26,[],2019-03-14 02:46:21,0.0,0.00000035,0.000000000013546785000000001,6925140,2019-03-14 02:46:21,btc,0.0,0.0,0.00000035,btc,0.0,0.0,0.0,231
1,[],26,[],2019-03-14 02:46:22,0.0,0.00000005,0.0000000000019352550000000003,6925141,2019-03-14 02:46:22,btc,0.0,200.0,0.00000005,btc,0.0,0.0,0.0,234
0.00000000034092619999999996,[],27,[],2019-03-14 02:46:25,2000.0,3.4092619999999997e-18,1.319558266362e-22,6925142,2019-03-14 02:46:25,eth,0.01134836604,0.0,0.00000001,"btc,eth",11462.996,0.0,6.8185239999999995e-15,234
1,[],4,[],2019-03-14 02:46:26,803760.62860643,0.00000066,0.000000000025545366000000002,6925143,2019-03-14 02:46:26,btc,4.232458368485974,0.0,0.00000066,btc,1242961.82354971,0.04042035,0.2035358345700881,236
1,[],24,[],2019-03-14 02:46:26,0.0,0.000000500000,0.00000000001935255,6925144,2019-03-14 02:46:26,btc,0.0,0.0,0.000000500000,btc,0.0,0.0,0.0,236
1,[],20,[],2019-03-14 02:46:28,228819252.5686,0.000000046,0.0000000000017804346000000001,6925145,2019-03-14 02:46:28,btc,10.6500088773018,673544.2663,0.000000046,btc,33918285.2941,0.0316559143344,0.5555693377259,237
0.0000000001443352,[],22,[],2019-03-14 02:46:38,751594.9,2.4536984e-17,9.497064194184002e-22,6925146,2019-03-14 02:46:38,LTC,0.0405823,0.0,0.00000017,LTC,3164.0,0.0,0.12541949,237
1,[],4,[],2019-03-14 02:46:39,7009744.89569515,0.00000033,0.000000000012772683000000001,6925147,2019-03-14 02:46:39,btc,6.285006113904115,0.0,0.00000033,btc,10464827.44110588,0.47429038,1.644101169331307,238
1,[],5,[],2019-03-13 23:35:44,0.0,0,0,6924656,2019-03-13 23:35:44,btc,0.0,0.00857809,0,btc,0.0,0.0,0.0,238
0,[],22,[],2019-03-12 16:49:32,0.0,0,0,6914458,2019-03-12 16:49:32,,0.40415746,0.0,0,,526736.5639027493,0.0,0.0,249
0.0000000001443352,[],22,[],2019-03-14 02:46:59,48101131.166666664,5.773408e-18,2.2346033398080003e-22,6925148,2019-03-14 02:46:59,LTC,0.93019708,0.0,0.00000004,LTC,18228659.353636365,4.72528907816e-12,1.14218135,252
1,[],28,[],2019-03-14 02:47:07,1931579.917,0.00000059,0.000000000022836009000000002,6925149,2019-03-14 02:47:07,btc,164780.3063231745,78771.38,0.00000059,btc,265649.736,0.0,0.5080319301,256
1,[],22,[],2019-03-14 02:47:19,1335610.3333333333,0.00000003,0.000000000001161153,6925150,2019-03-14 02:47:19,BTC,31.4462134,0.0,0.00000003,BTC,578131.8568978057,0.00102892,0.01900123,258
1,[],22,[],2019-03-13 00:07:30,47146.0,0.00000001,0.000000000000387233,6917028,2019-03-13 00:07:30,BTC,2.415167,0.0,0.00000001,BTC,157.0,0.0,0.00047146,259
1,[],20,[],2019-03-14 02:47:31,1220060.9912,0.00000079,0.000000000030577029000000003,6925151,2019-03-14 02:47:31,btc,7.1875509566097,70539.5028,0.00000079,btc,99478.0026,0.1535279932844,0.0193914142584,264
1,[],5,[],2019-03-13 23:36:15,0.0,0,0,6924660,2019-03-13 23:36:15,btc,0.0,0.01846533,0,btc,0.0,0.0,0.0,264
0,[],22,[],2019-03-14 02:47:42,0.0,0,0,6925152,2019-03-14 02:47:42,,8.75660439,0.0,0,,474745.2241309945,0.0,0.0,271
0,[],22,[],2019-03-14 02:48:01,0.0,0,0,6925153,2019-03-14 02:48:01,,111821.04152134,0.0,0,,13992847597.692,0.0,0.0,272
0.0000000000000052,[],28,[],2019-03-14 02:48:07,215701556712.905,4.68e-21,1.8113986800000002e-25,6925154,2019-03-14 02:48:07,doge,147688633.33520955,1420029812.13,0.0000009,doge,244547924413.1349,0.0,5.879410003432298e-10,272
1,[],22,[],2019-03-14 02:48:26,252555.74,0.00000071,0.000000000027480621,6925155,2019-03-14 02:48:26,BTC,383.7001582,0.0,0.00000071,"BTC,LTC",76400.84794835793,0.00573742,0.11391366,281
1,[],22,[],2019-03-14 02:48:38,475782.625,0.00000011,0.000000000004257561,6925156,2019-03-14 02:48:38,BTC,1.35534082,0.0,0.00000011,BTC,212905.64211377082,0.02022122,0.03403672,286
0,[],22,[],2019-03-13 05:14:01,0.0,0,0,6918528,2019-03-13 05:14:01,,1044638.85409864,0.0,0,,705144707.0,0.0,0.0,294
