pairValue,buyBook,exchangeId,sellBook,updated,buyTotal,satoshiPrice,usdPrice,exchangeLogId,created,bestPair,sellTotalBtc,volume,pairPrice,activePairs,sellTotal,volumeBtc,buyTotalBtc,coinId
1,[],4,[],2019-02-28 10:23:40,303080.30181678,0.01260501,0.0000004825752448440001,6810368,2019-02-28 10:23:40,btc,9.264200040990264,0.0,0.01260501,btc,265.99029196,0.71416223,2.7131746065893467,1
1,[],5,[],2019-02-28 10:23:43,0.0,0,0,6810369,2019-02-28 10:23:43,btc,0.0,0.01364293,0,btc,0.0,0.0,0.0,1
1,[],10,[],2019-02-28 10:23:47,414612.18289319,0.01005739,0.000000385041141716,6810370,2019-02-28 10:23:47,btc,6521.072722474348,1179.43532875,0.01005739,btc,1000.71499111,0.0,5.024635305649572,1
1,[],12,[],2019-02-28 10:23:50,10434.48295146,0.01255000000000000039135361618036768049933016300201416015625,0.00000048046922,6810371,2019-02-28 10:23:50,btc,0.5107248996641,0.0,0.01255000000000000039135361618036768049933016300201416015625,btc,31.18968458,0.3529526942792,0.3216437334745,1
1,[],20,[],2019-02-28 10:23:52,1149.9854,0.01051,0.000000402369044,6810372,2019-02-28 10:23:52,btc,0.0662082325693,0.061,0.01051,btc,3.0133,0.00064111,0.0869079356215,1
1,[],21,[],2019-02-28 10:23:53,2054.91337738,0.01246324000000000042920333954,0.000000477147665456,6810373,2019-02-28 10:23:53,btc,15.630142987040637,3098.7732520600002,0.01246324000000000042920333953588851727545261383056640625,"btc,eth",1668.61522956,35.25488731826975,22.798876634815638,1
1,[],22,[],2019-02-28 10:24:59,0.006382215384615385,0.01300000,0.0000004976972,6810374,2019-02-28 10:24:59,BTC,0.31439419,0.0,0.01300000,BTC,0.12751438772928525,0.00012994,7.978e-05,1
1,[],24,[],2019-02-28 10:24:59,0.0,0.000000000000,0,6810375,2019-02-28 10:24:59,btc,0.0,0.0,0.000000000000,btc,0.0,0.0,0.0,1
0.0,[],25,[],2019-02-28 10:25:00,0.0,0,0,6810376,2019-02-28 10:25:00,btc,11.928699998821582,3996.9603724,0.0,btc,919.61891524,51.5185,0.0,1
1,[],26,[],2019-02-28 10:25:01,0.0,0,0,6810377,2019-02-28 10:25:01,,0.0,0.0,0,,0.0,0.0,0.0,1
0,[],28,[],2019-02-28 10:25:30,0.0,0,0,6810378,2019-02-28 10:25:30,,0.0,0.0,0,,0.0,0.0,0.0,1
0,[],2,[],2019-01-20 23:28:45,0.0,0,0,6477011,2019-01-20 23:28:45,,0.0,0.0,0,,0.0,0.0,0.0,1
1,[],3,[],2019-02-28 10:23:38,30544.185903431095,0.01248984000000000031682656498333017225377261638641357421875,0.000000478166030496,6810367,2019-02-28 10:23:38,btc,61.07825478080736,0.0,0.01248984000000000031682656498333017225377261638641357421875,btc,22.729035002169,0.0,0.35560626444726207,1
1,[],5,[],2019-02-28 10:25:32,0.0,0,0,6810379,2019-02-28 10:25:32,btc,0.0,0.00734337,0,btc,0.0,0.0,0.0,2
0.0000000001249134,[],22,[],2019-02-28 10:26:22,1148.0,1.3740474e-16,5.260458028056e-21,6810380,2019-02-28 10:26:22,XMR,21.01373823,0.0,0.00000110,XMR,14319.12581,0.0,0.00087635,2
1,[],5,[],2019-02-28 10:26:24,0.0,0,0,6810381,2019-02-28 10:26:24,btc,0.0,0.81750436,0,btc,0.0,0.0,0.0,3
1,[],12,[],2019-02-28 10:26:25,13204677.44798,0.000000174,0.0000000000066614856,6810382,2019-02-28 10:26:25,btc,924396.2464707596,0.0,0.000000174,btc,8184560.52845583,0.04125316700571787,0.65726094558966,3
0,[],28,[],2019-02-28 10:26:55,0.0,0,0,6810383,2019-02-28 10:26:55,,0.0,0.0,0,,0.0,0.0,0.0,3
1,[],4,[],2019-02-28 10:26:56,394621.33670529,0.00000033,0.000000000012633852,6810384,2019-02-28 10:26:56,btc,32.00332084987005,0.0,0.00000033,btc,713718.98823302,0.0,0.0533407894865769,4
0,[],2,[],2019-01-20 23:31:32,0.0,0,0,6477077,2019-01-20 23:31:32,,0.0,0.0,0,,0.0,0.0,0.0,4
1,[],12,[],2019-02-22 14:50:14,1367032.5219999999,0.00000003,0.000000000001190475,6759350,2019-02-22 14:50:14,btc,11013869.583570713,0.0,0.00000003,btc,1211697.32371984,0.00024567976024,0.02065290044,5
1,[],11,[],2019-02-28 10:26:58,7077329.5,0.00000002,0.000000000000765688,6810385,2019-02-28 10:26:58,btc,9432.763145092815,235187.0,0.00000002,btc,41598830.57452957,0.0,0.099021425,6
0,[],2,[],2019-01-20 23:31:51,0.0,0,0,6477087,2019-01-20 23:31:51,,0.0,0.0,0,,0.0,0.0,0.0,6
1,[],3,[],2019-02-28 10:27:03,1085.537475048359,0.0001510600000000000072038208731584063571062870323657989501953125,0.000000005783241464000001,6810386,2019-02-28 10:27:03,btc,26.3363151709563,0.0,0.0001510600000000000072038208731584063571062870323657989501953125,btc,247.537822229004,0.0,0.03339742781632559,7
1,[],4,[],2019-02-28 10:27:04,100318.25817312,0.00023316,0.000000008926390704000001,6810387,2019-02-28 10:27:04,btc,10.98432914894246,0.0,0.00023316,btc,36607.62468764,2.47972857,5.721610420920466,7
1,[],5,[],2019-02-28 10:27:06,0.0,0,0,6810388,2019-02-28 10:27:06,btc,0.0,0.78910952,0,btc,0.0,0.0,0.0,7
1,[],20,[],2019-02-20 02:16:17,39399275.8418,0.000000001,0.0000000000000390183,6728586,2019-02-20 02:16:17,btc,116.9737569154545,525.0,0.000000001,btc,56932965.8895,5.25e-07,0.0393992758418,8
1,[],4,[],2019-02-28 10:27:09,1839418.95511321,0.00000177,0.000000000067763388,6810389,2019-02-28 10:27:09,btc,6.879907201085963,0.0,0.00000177,btc,2759552.60625519,1.97745312,0.5097380817649506,9
0,[],28,[],2019-02-28 10:27:36,0.0,0,0,6810390,2019-02-28 10:27:36,,0.0,0.0,0,,0.0,0.0,0.0,9
0,[],2,[],2019-01-20 23:22:42,0.0,0,0,6476876,2019-01-20 23:22:42,,0.0,0.0,0,,0.0,0.0,0.0,9
0,[],23,[],2019-01-20 23:22:48,0.0,0,0,6476878,2019-01-20 23:22:48,,0.0,0.0,0,,0.0,0.0,0.0,9
1,[],1,[],2019-02-17 23:31:42,1822507.21,0.00000181000000000000003456111265232042484285557293333113193511962890625,0.000000000066086901,6701244,2019-02-17 23:31:42,btc,3.6990969245,17153386.5,0.00000181000000000000003456111265232042484285557293333113193511962890625,btc,1997391.71,31.11772986,3.2610482446,9
1,[],4,[],2019-02-17 11:22:43,4341674.27126056,0.00000002,0.0000000000007272960000000001,6696112,2019-02-17 11:22:43,btc,0.1997230937751353,0.0,0.00000002,btc,4109766.79808031,0.00215132,0.0479381022052112,10
1,[],4,[],2019-02-28 10:27:36,4508800.13289496,0.00000125,0.000000000047855500000000003,6810391,2019-02-28 10:27:36,btc,10.32923498316062,0.0,0.00000125,btc,5429446.65312475,2.74209061,2.6002764495569686,12
1,[],5,[],2019-02-28 10:27:38,0.0,0,0,6810392,2019-02-28 10:27:38,btc,0.0,0.54337735,0,btc,0.0,0.0,0.0,12
0.0,[],25,[],2019-02-28 10:27:40,0.0,0,0,6810393,2019-02-28 10:27:40,,0.0,0.0,0.0,btc,0.0,0.0,0.0,12
0,[],2,[],2019-01-20 23:23:08,0.0,0,0,6476890,2019-01-20 23:23:08,,0.0,0.0,0,,0.0,0.0,0.0,12
1,[],4,[],2019-02-28 10:27:40,32953873.9555203,0.00000560,0.00000000021439264,6810394,2019-02-28 10:27:40,btc,3.1162794146322024,0.0,0.00000560,btc,429049.30575134,0.46097457,0.8373117219332417,13
1,[],10,[],2019-02-28 10:27:43,470161.87480083,0.00000529,0.00000000020252447600000001,6810395,2019-02-28 10:27:43,btc,666802.610766214,7736.12178963,0.00000529,btc,744043.5051955,0.0,0.254309837773292,13
1,[],21,[],2019-02-28 10:27:44,978776.3014332,0.000005789999999999999621524537224,0.000000000221666676,6810396,2019-02-28 10:27:44,btc,6.358067676251051,428817.99912967,0.0000057899999999999996215245372244151411678103613667190074920654296875,btc,997838.40762389,2.4740688,5.249152734210274,13
1,[],4,[],2019-02-28 10:27:45,680879.79271392,0.00000131,0.000000000050152564,6810397,2019-02-28 10:27:45,btc,15.38932386737806,0.0,0.00000131,btc,900624.14078472,0.02231772,0.122629878999625,14
1,[],12,[],2019-02-28 10:27:46,217264.91304348,0.000001120000000000000076372827333137660588135986472479999065399169921875,0.000000000042878528,6810398,2019-02-28 10:27:46,btc,5.294049172005861,0.0,0.000001120000000000000076372827333137660588135986472479999065399169921875,btc,33677.78078516,0.0002445071872188,0.0232132000000004,14
1,[],26,[],2019-02-28 10:27:47,0.0,0.00000050,0.0000000000191422,6810399,2019-02-28 10:27:47,btc,0.0,0.0,0.00000050,btc,0.0,0.0,0.0,14
0,[],17,[],2019-02-28 08:33:00,0.0,0,0,6809851,2019-02-28 08:33:00,btc,0.0,0.0,0,btc,0.0,0.0,0.0,14
0,[],4,[],2019-02-28 10:27:47,0.0,0,0,6810400,2019-02-28 10:27:47,,0.0,0.0,0,,0.0,0.0,0.0,15
,[],12,[],2018-12-01 15:15:48,204241.84496,0.00000489,0.000000000202473384,5260204,2018-12-01 15:15:48,btc,49.5475654835,0.0,,btc,35763.2193806,0.0163153972027625,0.0203389899998,15
1,[],4,[],2019-02-28 10:27:49,26083.29648834,0.00001795,0.00000000068720498,6810401,2019-02-28 10:27:49,btc,1.2194691299299287,0.0,0.00001795,btc,8757.82182679,0.028697,0.0851670896597616,18
1,[],10,[],2019-02-28 10:27:51,782818.33685879,0.00001763,0.000000000674953972,6810402,2019-02-28 10:27:51,btc,16.619379967918825,2659.34261892,0.00001763,btc,14394.9853374,0.0,0.1314454459650611,18
1,[],12,[],2019-02-28 10:27:52,193681.16817649998,0.00001894000000000000162050060870111423128037131391465663909912109375,0.0000000007251065360000001,6810403,2019-02-28 10:27:52,btc,23.630644113551067,0.0,0.00001894000000000000162050060870111423128037131391465663909912109375,btc,1872.30828082,4.6026831796e-06,0.0362783065067362,18
0,[],2,[],2019-01-20 23:23:38,0.0,0,0,6476906,2019-01-20 23:23:38,,0.0,0.0,0,,0.0,0.0,0.0,18
0,[],17,[],2019-02-28 09:25:46,0.0,0,0,6810072,2019-02-28 09:25:46,btc,0.0,0.0,0,btc,0.0,0.0,0.0,18
1,[],3,[],2019-02-28 10:27:53,118406.72976695286,0.00002004999999999999946327655653277588498895056545734405517578125,0.00000000076760222,6810404,2019-02-28 10:27:53,btc,0.5452047668341213,0.0,0.00002004999999999999946327655653277588498895056545734405517578125,btc,9078.168872553742,0.0,0.031968478598817435,19
1,[],4,[],2019-02-28 10:27:54,531453.17556135,0.00001915,0.00000000073314626,6810405,2019-02-28 10:27:54,btc,2.049933657520487,0.0,0.00001915,btc,72413.22488482,0.32897704,2.3850154842127864,19
1,[],5,[],2019-02-28 10:27:56,0.0,0,0,6810406,2019-02-28 10:27:56,btc,0.0,0.00018369,0,btc,0.0,0.0,0.0,19
1,[],12,[],2019-02-28 10:27:57,135341.47628047,0.0000183200000000000007803480084334069033502601087093353271484375,0.000000000701370208,6810407,2019-02-28 10:27:57,btc,6.8978322487983545,0.0,0.0000183200000000000007803480084334069033502601087093353271484375,btc,410.72558909,0.0002886132405072,0.10967661000000879,19
0,[],27,[],2019-02-28 10:28:00,0.0,0,0,6810408,2019-02-28 10:28:00,,0.0,0.0,0,btc,0.0,0.0,0.0,19
0,[],2,[],2019-01-20 23:24:19,0.0,0,0,6476924,2019-01-20 23:24:19,,0.0,0.0,0,,0.0,0.0,0.0,19
1,[],4,[],2019-02-28 10:28:01,2817409.12717412,0.00000013,0.000000000004976972,6810409,2019-02-28 10:28:01,btc,7.3747741764341495,0.0,0.00000013,btc,2840199.57892104,0.00011474,0.0813360639981472,20
1,[],4,[],2019-02-28 10:28:01,104036087.13737024,0.00000002,0.000000000000765688,6810410,2019-02-28 10:28:01,btc,1807.0292539368747,0.0,0.00000002,btc,54965235.06172668,0.00031635,1.1684621866280451,21
1,[],12,[],2019-02-28 10:28:03,18207001.0,0.00000002,0.000000000000765688,6810411,2019-02-28 10:28:03,btc,670.3733702334847,0.0,0.00000002,btc,8127598.32857329,0.00302662,0.23638026,21
0,[],17,[],2019-02-28 10:04:38,0.0,0,0,6810272,2019-02-28 10:04:38,btc,0.0,0.0,0,btc,0.0,0.0,0.0,21
1,[],12,[],2019-02-28 10:28:04,3030839912.6808996,0.0000000002,0.00000000000000765688,6810412,2019-02-28 10:28:04,btc,875865843214.2183,0.0,0.0000000002,btc,4941024053.183255,0.016415110851148853,0.3124392617829904,23
0.0000000003555791,[],27,[],2019-02-28 10:28:06,2000.0,3.555791e-18,1.361313249604e-22,6810413,2019-02-28 10:28:06,eth,1.3829826565934114,0.0,0.00000001,eth,2164879.85514486,0.0,7.111582e-15,23
1,[],4,[],2019-02-28 10:28:08,472321.96189374,0.00000051,0.000000000019525044,6810414,2019-02-28 10:28:08,btc,8.863007313896654,0.0,0.00000051,btc,1515212.22391249,0.00197935,0.1511670781428528,24
1,[],22,[],2019-02-28 10:29:18,11.76,0.00000100,0.0000000000382844,6810415,2019-02-28 10:29:18,BTC,7.415e-05,0.0,0.00000100,BTC,23.919354838709676,0.0,1.176e-05,24
0.0,[],25,[],2019-02-28 10:29:20,0.0,0,0,6810416,2019-02-28 10:29:20,,0.0,0.0,0.0,btc,0.0,0.0,0.0,24
1,[],4,[],2019-02-28 10:29:21,28274911.94643266,0.00000631,0.000000000241574564,6810417,2019-02-28 10:29:21,btc,164.93967646910983,0.0,0.00000631,btc,257225.10145414,0.22202599,0.4339230458829769,26
1,[],10,[],2019-02-28 10:29:24,694474.14567508,0.00000612,0.000000000234300528,6810418,2019-02-28 10:29:24,btc,26.12696290672453,4761.84028668,0.00000612,btc,14178.02340485,0.0,0.2415150932018986,26
0,[],2,[],2019-01-20 23:25:56,0.0,0,0,6476976,2019-01-20 23:25:56,,0.0,0.0,0,,0.0,0.0,0.0,26
1,[],3,[],2019-02-28 10:29:25,5548785.57033568,0.00000001,0.000000000000382844,6810419,2019-02-28 10:29:25,btc,2.2546975470176465,651823.6318,0.00000001,btc,17089139.62845722,0.0,0.0554878557033568,27
1,[],5,[],2019-02-28 10:29:27,0.0,0,0,6810420,2019-02-28 10:29:27,btc,0.0,0.0,0,btc,0.0,0.0,0.0,27
1,[],11,[],2019-02-28 10:29:29,9491944.20350207,0.00000005,0.00000000000191422,6810421,2019-02-28 10:29:29,btc,67506.40605986067,169525.403564,0.00000005,btc,8002256.57282965,0.0,0.44249750446473557,27
1,[],4,[],2019-02-28 10:29:30,1530817185.4069748,0.00000002,0.000000000000765688,6810422,2019-02-28 10:29:30,btc,5.830630435419848,0.0,0.00000002,"btc,ltc",372278940.7291446,0.45576429,12.244590941819206,29
1,[],7,[],2019-02-28 10:29:31,47476687.7215207,0.00000002,0.000000000000765688,6810423,2019-02-28 10:29:31,btc,44462590.767964035,258284.216117,0.00000002,btc,46991509.65157622,0.00774853,0.6189312873043272,29
1,[],4,[],2019-02-28 10:29:33,1402320.67390914,0.00000026,0.000000000009953944,6810424,2019-02-28 10:29:33,btc,2.3273441506213395,0.0,0.00000026,btc,1557577.30359048,0.01284667,0.0869584372868643,30
0,[],17,[],2019-02-28 10:29:44,0.0,0,0,6810425,2019-02-28 10:29:44,btc,0.0,0.0,0,btc,0.0,0.0,0.0,30
1,[],4,[],2019-02-28 10:29:45,1110452.00740637,0.00004799,0.0000000018372683560000002,6810426,2019-02-28 10:29:45,btc,5.67401458638138,0.0,0.00004799,btc,67493.42785453,0.77522748,0.6496726764257611,31
1,[],21,[],2019-02-28 10:29:46,59893.1287123,0.00004839999999999999738629213875,0.00000000185296496,6810427,2019-02-28 10:29:46,btc,1.4949137238949877,40452.35531399,0.000048399999999999997386292138745744750849553383886814117431640625,btc,26851.54805143,2.04415213,1.9410014259426012,31
0,[],2,[],2019-01-20 23:28:43,0.0,0,0,6477009,2019-01-20 23:28:43,,0.0,0.0,0,,0.0,0.0,0.0,32
1,[],4,[],2019-02-28 10:29:47,384181220.32389927,0.00000004,0.000000000001531376,6810428,2019-02-28 10:29:47,btc,12.611668001299998,0.0,0.00000004,"btc,ltc",221487664.46026957,0.80689691,8.745353838723618,33
1,[],12,[],2019-02-28 10:29:49,16627567.0,0.00000004,0.000000000001531376,6810429,2019-02-28 10:29:49,btc,35630522.41949809,0.0,0.00000004,btc,90544219.77328537,0.0014580519480515,0.5353938,33
1,[],4,[],2019-02-28 10:29:50,122230091.76262756,0.00000001,0.000000000000382844,6810430,2019-02-28 10:29:50,btc,4.031748013819446,0.0,0.00000001,btc,101066510.47862668,0.01442592,1.2223009176262756,34
1,[],5,[],2019-02-28 10:29:51,0.0,0,0,6810431,2019-02-28 10:29:51,btc,0.0,0.09352213,0,btc,0.0,0.0,0.0,34
0.0000000001189391,[],4,[],2019-02-28 10:29:53,2575559397.923871,2.3787820000000003e-18,9.107024160080001e-23,6810432,2019-02-28 10:29:53,ltc,4.717330621412412e-08,0.0,0.00000002,ltc,5518823060.797888,0.0,4.2622493904818466e-09,36
1,[],5,[],2019-02-28 10:29:54,0.0,0,0,6810433,2019-02-28 10:29:54,btc,0.0,0.0,0,btc,0.0,0.0,0.0,36
0,[],17,[],2019-02-28 10:29:55,0.0,0,0,6810434,2019-02-28 10:29:55,btc,0.07464582822496137,0.0,0,btc,4105386.20243647,0.0,0.0,36
0.0000000003555791,[],27,[],2019-02-28 10:29:58,1000000.0,3.555791e-18,1.361313249604e-22,6810435,2019-02-28 10:29:58,eth,222.5997971062634,0.0,0.00000001,"ltc,eth",11163566.48751039,0.0,1.1941238000000001e-12,36
1,[],4,[],2019-02-28 10:29:59,282168.56251091,0.00000062,0.000000000023736328,6810436,2019-02-28 10:29:59,btc,19772.496858765408,0.0,0.00000062,btc,565645.94189088,0.13954083,0.1319832679290283,37
1,[],12,[],2019-02-28 10:30:00,556839.80977469,0.00000064,0.000000000024502016,6810437,2019-02-28 10:30:00,btc,1345.898190590524,0.0,0.00000064,btc,991893.86829338,0.1038236151961685,0.1680648544015121,37
1,[],27,[],2019-02-28 10:30:12,14685.567,0.00000045,0.000000000017227980000000002,6810438,2019-02-28 10:30:12,btc,25.82160393111233,0.0,0.00000045,btc,6804.86438508,0.0,0.00480032515,37
1,[],17,[],2019-02-28 10:07:15,1752.74075282,0.00000025,0.000000000009601599999999999,6810298,2019-02-28 10:07:15,btc,0.055484923777095005,0.0,0.00000025,btc,1319.19918473,0.0,0.00043818518820499993,37
1,[],5,[],2019-02-28 10:30:14,0.0,0,0,6810439,2019-02-28 10:30:14,btc,0.0,0.00218181,0,btc,0.0,0.0,0.0,42
0.0000000003555791,[],27,[],2019-02-28 10:32:16,2000.0,3.555791e-18,1.361313249604e-22,6810440,2019-02-28 10:32:16,eth,0.00315028,0.0,0.00000001,"btc,eth",11.007,0.0,7.111582e-15,42
1,[],12,[],2019-02-28 10:07:19,254414.08247884,0.00000094,0.000000000036102016,6810301,2019-02-28 10:07:19,btc,94.68709798858485,0.0,0.00000094,btc,100760.58581559,0.0568307969965396,0.0598548692195167,42
1,[],5,[],2019-02-28 10:32:19,0.0,0,0,6810441,2019-02-28 10:32:19,btc,0.0,0.00040981,0,btc,0.0,0.0,0.0,43
1,[],12,[],2019-02-28 10:32:20,1079271.0,0.00000001,0.000000000000382844,6810442,2019-02-28 10:32:20,btc,3569.629441896553,0.0,0.00000001,btc,12100972.67372626,2.347982018e-06,0.01079271,43
0,[],17,[],2019-02-28 10:32:22,0.0,0,0,6810443,2019-02-28 10:32:22,btc,0.0,0.0,0,btc,0.0,0.0,0.0,43
1,[],12,[],2019-02-28 10:32:23,644500.0,0.00000005,0.00000000000191422,6810444,2019-02-28 10:32:23,btc,11116042.727797307,0.0,0.00000005,btc,1102357.40161834,0.0005415945254745,0.01577146,44
1,[],4,[],2019-02-28 10:32:24,290707803.15448976,0.00000002,0.000000000000765688,6810445,2019-02-28 10:32:24,btc,473.6088411117814,0.0,0.00000002,"btc,ltc",12274494.40365541,0.00133559,0.19762581467290938,49
0.0000000001189391,[],4,[],2019-02-28 10:32:25,12148371.22371678,1.1893910000000002e-18,4.5535120800400006e-23,6810446,2019-02-28 10:32:25,ltc,25.475336667388685,0.0,0.00000001,ltc,10233699170.368313,0.0,1.4449163398147725e-11,52
0.0000000001249134,[],22,[],2019-02-28 10:32:59,80845862.0,1.2491340000000001e-18,4.7822345709600004e-23,6810447,2019-02-28 10:32:59,XMR,4366.96996713,0.0,0.00000001,XMR,255350310.67882353,0.0,0.80845862,57
0.0000000003555791,[],27,[],2019-02-28 10:33:01,2000.0,3.555791e-18,1.361313249604e-22,6810448,2019-02-28 10:33:01,eth,0.0,0.0,0.00000001,"btc,eth",0.0,0.0,7.111582e-15,57
0,[],17,[],2019-02-28 09:28:30,0.0,0,0,6810116,2019-02-28 09:28:30,btc,1e+24,0.0,0,btc,49306342.21952568,0.0,0.0,58
0.0000000001189391,[],4,[],2019-02-28 10:33:03,1113712065.5191615,4.757564000000001e-18,1.8214048320160002e-22,6810449,2019-02-28 10:33:03,ltc,18.80718449968587,0.0,0.00000004,ltc,3910570703.1800942,0.00036681,2.848310808715692e-09,58
1,[],12,[],2019-02-28 10:33:04,1619404200.843957,0.0000000004,0.00000000000001531376,6810450,2019-02-28 10:33:04,btc,224005479740.3693,0.0,0.0000000004,btc,3752646737.654821,0.02156869005954048,0.5229028949011392,58
0.0000000001249134,[],22,[],2019-02-28 10:33:26,137438.0,1.2491340000000001e-18,4.7822345709600004e-23,6810451,2019-02-28 10:33:26,XMR,69.8835922,0.0,0.00000001,XMR,9887963.0,0.0,0.00137438,58
1,[],5,[],2019-02-28 10:33:28,0.0,0,0,6810452,2019-02-28 10:33:28,btc,0.0,0.82235985,0,btc,0.0,0.0,0.0,61
1,[],22,[],2019-02-28 10:08:40,13788.5,0.00000012,0.000000000004608768,6810314,2019-02-28 10:08:40,BTC,1002.29597012,0.0,0.00000012,BTC,14947.700278135757,0.0,0.00155365,61
1,[],26,[],2019-02-28 10:08:40,0.0,0.00000800,0.0000000003072512,6810315,2019-02-28 10:08:40,btc,0.0,0.0,0.00000800,btc,0.0,0.0,0.0,61
1,[],27,[],2019-02-28 10:08:43,2360.118,0.00000045,0.00000000001728288,6810316,2019-02-28 10:08:43,btc,7.76222960961638,283.432,0.00000045,"btc,eth",20547.11257617,4.9340955345e-13,0.00019959750339327274,61
0,[],28,[],2019-02-28 10:09:01,0.0,0,0,6810317,2019-02-28 10:09:01,,0.0,0.0,0,,0.0,0.0,0.0,61
1,[],4,[],2019-02-28 10:09:03,1471123.19819137,0.00000279,0.000000000107153856,6810318,2019-02-28 10:09:03,btc,11.197515015865,0.0,0.00000279,btc,786799.86866148,0.08302528,1.463896511783366,67
0.0,[],25,[],2019-02-28 10:09:04,0.0,0,0,6810319,2019-02-28 10:09:04,,0.0,0.0,0.0,btc,0.0,0.0,0.0,67
1,[],12,[],2019-02-28 10:09:06,1667892.30447009,0.00000018,0.000000000006913152,6810320,2019-02-28 10:09:06,btc,11115999.00209449,0.0,0.00000018,btc,2186192.57669749,0.0062423734717945,0.0622534464411119,71
,[],5,[],2018-11-20 23:02:39,1.5e-07,0.00000005,0.000000000002128045,4862160,2018-11-20 23:02:39,btc,2.84511358,0.0,,btc,0.00036572,0.0,0.07381892,74
1,[],5,[],2019-02-28 10:09:07,0.0,0,0,6810321,2019-02-28 10:09:07,btc,0.0,0.0,0,btc,0.0,0.0,0.0,75
0,[],20,[],2019-01-25 09:30:31,0.0,0,0,6495923,2019-01-25 09:30:31,btc,0.0,0.0,0,btc,0.0,0.0,0.0,81
1,[],4,[],2019-02-28 07:25:06,16180270.251575,0.00000001,0.00000000000038166100000000003,6809334,2019-02-28 07:25:06,btc,11388.6318068588,0.0,0.00000001,btc,34456445.8995017,0.0,0.16180270251575,81
1,[],4,[],2019-02-28 10:09:08,28687.63313883,0.00007572,0.000000002908132608,6810322,2019-02-28 10:09:08,btc,17.744080516407777,0.0,0.00007572,btc,12625.13815083,0.00154682,0.1391517083996881,82
1,[],21,[],2019-02-28 10:09:09,27170.94576798,0.00007359000000000000523553422838,0.000000002826326976,6810323,2019-02-28 10:09:09,btc,2.080153521915137,12819.86533324,0.000073590000000000005235534228376081955502741038799285888671875,btc,22635.82606031,0.96069969,1.1138303912459986,82
0,[],17,[],2019-02-28 10:09:11,0.0,0,0,6810324,2019-02-28 10:09:11,btc,0.0447233088476774,0.0,0,btc,999127.19588126,0.0,0.0,84
0.0000000001189878,[],4,[],2019-02-28 10:09:12,127399374.68519014,3.569634e-18,1.370967912576e-22,6810325,2019-02-28 10:09:12,ltc,1.7828321474389575,0.0,0.00000003,ltc,398802992.23227257,0.0,2.438227128253421e-10,85
,[],22,[],2018-11-20 23:09:34,3408.1,0.0000001,0.0000000000041895,4862324,2018-11-20 23:09:34,BTC,0.04624735,0.0,,BTC,4990.0,0.0,0.00033081,86
0,[],22,[],2019-02-22 12:52:35,0.0,0,0,6758847,2019-02-22 12:52:35,,2.0760781,0.0,0,,140622.94736842104,0.0,0.0,87
0,[],27,[],2019-02-22 12:52:37,0.0,0,0,6758848,2019-02-22 12:52:37,,0.0,0.0,0,btc,0.0,0.0,0.0,87
,[],2,[],2018-11-20 23:10:47,0.0,0,0,4862359,2018-11-20 23:10:47,,0.0,0.0,,,0.0,0.0,0.0,88
1,[],11,[],2019-02-28 10:09:14,90225.95396284,0.00013760000000000001071399913232795597650692798197269439697265625,0.00000000528472064,6810326,2019-02-28 10:09:14,btc,609.4157622562188,1447.68953369,0.00013760000000000001071399913232795597650692798197269439697265625,btc,97286.6711958,0.0,5.850961043200798,89
0,[],2,[],2019-01-20 23:31:45,0.0,0,0,6477083,2019-01-20 23:31:45,,0.0,0.0,0,,0.0,0.0,0.0,91
0,[],17,[],2019-02-28 08:26:07,0.0,0,0,6809726,2019-02-28 08:26:07,btc,0.0,0.0,0,btc,0.0,0.0,0.0,91
1,[],12,[],2019-02-28 10:09:15,465760.2671608,0.00000159000000000000002334070436926793945531244389712810516357421875,0.000000000061066176,6810327,2019-02-28 10:09:15,btc,4.361343985580397,0.0,0.00000159000000000000002334070436926793945531244389712810516357421875,btc,59925.10192172,0.0250441608458027,0.0783629519938316,91
0,[],22,[],2019-02-28 10:09:48,0.0,0,0,6810328,2019-02-28 10:09:48,,3e-06,0.0,0,,1.0,0.0,0.0,91
0.0000000001189878,[],22,[],2019-02-28 10:10:35,1830000.0,5.9493899999999996e-18,2.28494652096e-22,6810329,2019-02-28 10:10:35,LTC,8.53161599,0.0,0.00000005,LTC,71994962.1,0.0,0.0915,95
0.0000000001189878,[],4,[],2019-02-28 10:10:36,646161931.0126505,7.258255799999999e-17,2.7876347555712e-21,6810330,2019-02-28 10:10:36,ltc,11.88587940700035,0.0,0.00000061,ltc,136621224.3803981,0.0,1.8244562962253106e-09,96
0,[],12,[],2019-02-28 10:10:37,0.0,0,0,6810331,2019-02-28 10:10:37,btc,255076.9668640679,0.0,0,btc,8739616.94636337,0.0023628371628372,0.0,96
0,[],17,[],2019-02-28 10:10:38,0.0,0,0,6810332,2019-02-28 10:10:38,btc,0.0,0.0,0,btc,0.0,0.0,0.0,96
1,[],4,[],2019-02-28 10:10:39,1374609.17323796,0.00000030,0.00000000001152192,6810333,2019-02-28 10:10:39,btc,3.1245063203238335,0.0,0.00000030,btc,2424262.07105554,0.00270841,0.1057886973061229,99
0,[],2,[],2019-01-20 23:23:55,0.0,0,0,6476914,2019-01-20 23:23:55,,0.0,0.0,0,,0.0,0.0,0.0,100
1,[],4,[],2019-02-28 10:10:40,337548.84065153,0.00004524,0.000000001737505536,6810334,2019-02-28 10:10:40,btc,12.066360958075707,0.0,0.00004524,btc,163802.79570643,4.8016096,2.3826366767553693,100
1,[],22,[],2019-02-28 10:11:36,50000.0,0.00000001,0.000000000000384064,6810335,2019-02-28 10:11:36,BTC,23.49896609,0.0,0.00000001,BTC,10277.22,0.0,0.0005,101
1,[],4,[],2019-02-28 10:11:37,488170.24588408,0.00000091,0.000000000034949824,6810336,2019-02-28 10:11:37,btc,256.30074692364394,0.0,0.00000091,btc,488745.85571789,0.00859073,0.2536028867202728,103
1,[],12,[],2019-02-28 10:11:40,62467531.9,0.00000001,0.000000000000384064,6810337,2019-02-28 10:11:40,btc,137278920.69329578,0.0,0.00000001,btc,122615402.1276696,0.09854995974990365,0.212974325,105
1,[],27,[],2019-02-28 10:11:42,81803.89,0.00000001,0.000000000000384064,6810338,2019-02-28 10:11:42,btc,36.58422120075966,44007.0,0.00000001,btc,531915.56793212,0.00044007,0.0008180389,105
1,[],22,[],2019-02-28 10:12:17,9328.0,0.00000001,0.000000000000384064,6810339,2019-02-28 10:12:17,BTC,51.10837004,0.0,0.00000001,BTC,470435.0,0.0,9.328e-05,107
1,[],26,[],2019-02-28 10:12:17,0.0,0.00000000,0,6810340,2019-02-28 10:12:17,btc,0.0,0.0,0.00000000,btc,0.0,0.0,0.0,107
1,[],5,[],2019-02-28 10:12:18,0.0,0,0,6810341,2019-02-28 10:12:18,btc,0.0,0.02732417,0,btc,0.0,0.0,0.0,112
1,[],22,[],2019-02-28 10:12:43,1966.0,0.00000001,0.000000000000384064,6810342,2019-02-28 10:12:43,BTC,2.81183288,0.0,0.00000001,BTC,808524.0833333334,0.0,1.966e-05,112
0.00000000035527250000000003,[],27,[],2019-02-28 10:12:46,2000.0,3.5527250000000005e-18,1.3644737744e-22,6810343,2019-02-28 10:12:46,eth,1.35132491849924,0.0,0.00000001,"btc,eth",1328.641654,0.0,7.105450000000001e-15,112
1,[],4,[],2019-02-28 10:12:47,361486.53113276,0.00000265,0.00000000010177696,6810344,2019-02-28 10:12:47,btc,85.12094711248379,0.0,0.00000265,btc,324291.90698767,0.17619017,0.1241349740895445,113
1,[],5,[],2019-02-28 10:12:49,0.0,0,0,6810345,2019-02-28 10:12:49,btc,0.0,0.09490319,0,btc,0.0,0.0,0.0,113
1,[],17,[],2019-02-28 09:33:47,152738.278,0.00000004,0.000000000001537616,6810149,2019-02-28 09:33:47,btc,1.33680302678,0.0,0.00000004,btc,50696.221,0.0,0.0022095311199999998,116
0,[],27,[],2019-02-28 10:13:02,0.0,0,0,6810346,2019-02-28 10:13:02,,0.0,0.0,0,btc,0.0,0.0,0.0,116
1,[],4,[],2019-02-28 10:13:03,282901.1134029,0.00002381,0.0000000009144563839999999,6810347,2019-02-28 10:13:03,btc,84.09412880976694,0.0,0.00002381,btc,103812.7894382,0.66107875,2.0337473779542554,120
1,[],7,[],2019-02-28 10:13:04,15583.58871746,0.000012030000000000000016779112821385666620699339546263217926025390625,0.000000000462028992,6810348,2019-02-28 10:13:04,btc,115742.02143664141,755.57202586,0.000012030000000000000016779112821385666620699339546263217926025390625,btc,56393.71341989,0.01338612,0.049570440181977496,120
1,[],20,[],2019-02-28 10:13:10,1494281.3309,0.000000043,0.0000000000016514752,6810349,2019-02-28 10:13:10,btc,32.291797659822,6419.6655,0.000000043,btc,945958.5393,0.000446989085,0.0100113441862,125
1,[],22,[],2019-02-28 10:13:58,3053.0,0.00000001,0.000000000000384064,6810350,2019-02-28 10:13:58,BTC,0.01444887,0.0,0.00000001,BTC,296263.5111111111,0.0,3.053e-05,126
0,[],2,[],2019-01-20 23:25:46,0.0,0,0,6476969,2019-01-20 23:25:46,,0.0,0.0,0,,0.0,0.0,0.0,131
1,[],4,[],2019-02-28 10:13:59,2641850.91627916,0.00001367,0.000000000525015488,6810351,2019-02-28 10:13:59,btc,4.0617397635485855,0.0,0.00001367,btc,114762.05288518,0.12818522,0.5321357973475422,131
0,[],17,[],2019-02-28 10:14:12,0.0,0,0,6810352,2019-02-28 10:14:12,btc,0.0009561751951600001,0.0,0,btc,35.42829368,0.0,0.0,131
1,[],4,[],2019-02-28 09:34:52,4555.79256116,0.00016001,0.000000006150848404,6810156,2019-02-28 09:34:52,btc,1.6201345793482491,0.0,0.00016001,btc,238.12730989,0.00051462,0.0082138371764831,135
1,[],3,[],2019-02-28 09:34:53,1051183.88776843,0.00000004,0.000000000001537616,6810157,2019-02-28 09:34:53,btc,0.6347130129087458,260.0,0.00000004,btc,2354905.75112032,0.0,0.0335850781737019,136
1,[],4,[],2019-02-28 10:14:12,268073.56449133,0.00000168,0.000000000064522752,6810353,2019-02-28 10:14:12,btc,38.983826239357704,0.0,0.00000168,btc,579434.32211611,0.04375903,0.0837335276582534,137
1,[],12,[],2019-02-28 10:14:14,323504.74317888997,0.00000172999999999999995347796898081949024117420776747167110443115234375,0.000000000066443072,6810354,2019-02-28 10:14:14,btc,11807.601799403228,0.0,0.00000172999999999999995347796898081949024117420776747167110443115234375,btc,125271.65216726,0.0407777873080352,0.0699434645319524,137
1,[],4,[],2019-02-28 10:14:15,111901.21282786,0.00003051,0.000000001171779264,6810355,2019-02-28 10:14:15,btc,28.71021212330784,0.0,0.00003051,btc,38626.62619363,0.1089324,0.4210971409875543,142
1,[],5,[],2019-02-28 10:14:16,0.0,0,0,6810356,2019-02-28 10:14:16,btc,0.0,0.54889509,0,btc,0.0,0.0,0.0,142
1,[],17,[],2019-02-28 10:14:28,22967.386363640002,0.00000088,0.000000000033797632,6810357,2019-02-28 10:14:28,btc,20.0699133484,0.0,0.00000088,btc,405.079105,0.0,0.0104613000000032,142
1,[],20,[],2019-02-28 10:14:30,132990.5995,0.00002513,0.000000000965152832,6810358,2019-02-28 10:14:30,btc,0.2959973589236,85.3112,0.00002513,btc,1211.4375,0.0028431616712,0.2266455198417,142
1,[],22,[],2019-02-28 10:15:10,1685.8988921568628,0.00004000,0.000000001536256,6810359,2019-02-28 10:15:10,BTC,3.00385504,0.0,0.00004000,BTC,891.218,0.0,0.00174536,142
0.0,[],25,[],2019-02-28 10:15:12,0.0,0,0,6810360,2019-02-28 10:15:12,,0.0,0.0,0.0,btc,0.0,0.0,0.0,142
0,[],28,[],2019-02-28 10:15:41,0.0,0,0,6810361,2019-02-28 10:15:41,,0.0,0.0,0,,0.0,0.0,0.0,142
0,[],22,[],2019-02-28 10:16:18,0.0,0,0,6810362,2019-02-28 10:16:18,,60.72280694,0.0,0,,696341446.3,0.0,0.0,143
0,[],22,[],2019-02-25 15:42:22,0.0,0,0,6783783,2019-02-25 15:42:22,,4.2131946,0.0,0,,2322156.0,0.0,0.0,146
,[],22,[],2018-11-20 23:01:11,0.0,0,0,4862114,2018-11-20 23:01:11,,2.56807021,0.0,,,61828.4988236,0.0,0.0,147
1,[],12,[],2019-02-28 09:36:19,219945.25157233,0.00000250000000000000020450763478507827386465578456409275531768798828125,0.000000000096101,6810168,2019-02-28 09:36:19,btc,16.61375491591543,0.0,0.00000250000000000000020450763478507827386465578456409275531768798828125,btc,117059.24335616,0.0073011131968238,0.0276916200000047,148
1,[],4,[],2019-02-28 10:16:19,245619.74504268,0.00000032,0.000000000012290048,6810363,2019-02-28 10:16:19,btc,219.9675352791887,0.0,0.00000032,btc,800822.7951546,0.0,0.0582338765710576,152
0,[],22,[],2019-02-28 10:16:41,0.0,0,0,6810364,2019-02-28 10:16:41,,0.0,0.0,0,,0.0,0.0,0.0,152
1,[],5,[],2019-02-28 09:36:42,0.0,0,0,6810171,2019-02-28 09:36:42,btc,0.0,0.0,0,btc,0.0,0.0,0.0,153
,[],16,[],2019-01-11 15:38:59,0.0,0,0,6366141,2019-01-11 15:38:59,btc,0.0,0.0,,btc,0.0,0.0,0.0,155
0,[],23,[],2019-01-20 23:24:29,0.0,0,0,6476932,2019-01-20 23:24:29,,0.0,0.0,0,,0.0,0.0,0.0,156
0,[],22,[],2019-02-28 10:17:03,0.0,0,0,6810365,2019-02-28 10:17:03,,6.74829967,0.0,0,,4646626.747643097,0.0,0.0,156
1,[],22,[],2019-02-28 10:19:17,7073.8,0.00005300,0.0000000020355392,6810366,2019-02-28 10:19:17,BTC,1.80343699,0.0,0.00005300,BTC,899.6422341958436,0.0,0.00104336,157
0,[],22,[],2019-02-28 09:38:13,0.0,0,0,6810174,2019-02-28 09:38:13,,50175.68008609,0.0,0,,54479136.04179466,0.0,0.0,158
,[],17,[],2018-11-20 22:56:10,0.0,0,0,4861976,2018-11-20 22:56:10,btc,1.1265625,0.0,,btc,1000.0,0.0,0.0,159
,[],20,[],2018-11-20 22:56:12,0.0,0,0,4861977,2018-11-20 22:56:12,btc,11912.7940471,0.0,,btc,34413894.3617,0.0,0.0,159
1,[],12,[],2019-02-28 09:38:15,181230.13858744,0.00000802999999999999935075371826354029280992108397185802459716796875,0.000000000308676412,6810175,2019-02-28 09:38:15,btc,6.6448320055917725,0.0,0.00000802999999999999935075371826354029280992108397185802459716796875,btc,13908.2209989,0.0025233061,0.0898749319712028,168
1,[],17,[],2019-02-28 08:37:43,29784.95,0.000001,0.0000000000382378,6809959,2019-02-28 08:37:43,btc,0.03026736251542,0.0,0.000001,btc,144.46171372,0.0,0.00716147,168
0,[],22,[],2019-02-28 09:39:01,0.0,0,0,6810176,2019-02-28 09:39:01,,1.1341504,0.0,0,,539283.174707144,0.0,0.0,169
1,[],22,[],2019-02-28 09:39:48,203600.0,0.00000002,0.000000000000768808,6810177,2019-02-28 09:39:48,BTC,13.2501524,0.0,0.00000002,BTC,144336.2939341018,0.0,0.002072,171
1,[],22,[],2019-02-28 09:42:02,1206014.0,0.00000006,0.000000000002306424,6810178,2019-02-28 09:42:02,BTC,2.10866903,0.0,0.00000006,BTC,240366.7746697462,2.4e-06,0.01966189,173
1,[],5,[],2019-02-28 09:42:04,0.0,0,0,6810179,2019-02-28 09:42:04,btc,0.0,0.1665242,0,btc,0.0,0.0,0.0,175
1,[],22,[],2019-02-28 09:43:29,45904.0,0.0000003,0.00000000001153212,6810180,2019-02-28 09:43:29,BTC,0.52955903,0.0,0.0000003,BTC,143368.41384013777,0.0,0.0052148,176
1,[],7,[],2019-02-28 09:43:31,0.0,0,0,6810181,2019-02-28 09:43:31,btc,410932.5273358376,0.0,0,btc,117801559.31901672,0.0,0.0,178
0,[],22,[],2019-02-28 09:44:00,0.0,0,0,6810182,2019-02-28 09:44:00,,1.00242428,0.0,0,,57512.0,0.0,0.0,178
0,[],2,[],2019-01-20 23:28:34,0.0,0,0,6477001,2019-01-20 23:28:34,,0.0,0.0,0,,0.0,0.0,0.0,178
1,[],5,[],2019-02-28 09:44:01,0.0,0,0,6810183,2019-02-28 09:44:01,btc,0.0,0.0550955,0,btc,0.0,0.0,0.0,179
1,[],22,[],2019-02-28 09:44:34,6961684.0,0.00000002,0.000000000000768808,6810184,2019-02-28 09:44:34,BTC,5.6311133,0.0,0.00000002,"BTC,LTC",17083809.756535422,0.00255564,0.3741744,179
0,[],23,[],2019-01-20 23:25:08,0.0,0,0,6476952,2019-01-20 23:25:08,,0.0,0.0,0,,0.0,0.0,0.0,179
1,[],17,[],2019-02-28 09:44:37,10504.725,0.0000001,0.00000000000384404,6810185,2019-02-28 09:44:37,btc,5.201069583844976,0.0,0.0000001,btc,5033.45945,0.0,0.0010504725,180
1,[],22,[],2019-02-28 09:46:30,133605.4,0.00000025,0.000000000009610100000000001,6810186,2019-02-28 09:46:30,BTC,0.21897658,0.0,0.00000025,"BTC,LTC",69995.13798401735,0.00191106,0.00205544,180
1,[],26,[],2019-02-28 09:46:30,0.0,0.00000160,0.00000000006150464,6810187,2019-02-28 09:46:30,btc,0.0,0.0,0.00000160,btc,0.0,0.0,0.0,180
,[],7,[],2018-11-20 22:58:01,562227.975654,0.00000085,0.000000000036176765,4862015,2018-11-20 22:58:01,btc,21836.6059674,2491.87645172,,btc,749999.041456,0.00211021,0.127565380455,183
,[],5,[],2019-01-10 08:11:41,0.0,0,0,6347036,2019-01-10 08:11:41,btc,82.15055501,0.00261,,btc,1.19002445,0.0,0.0,187
1,[],24,[],2019-02-28 09:46:31,0.0,0.000000000001,3.84404e-17,6810188,2019-02-28 09:46:31,btc,0.0,0.0,0.000000000001,btc,0.0,0.0,0.0,187
,[],17,[],2018-11-16 20:58:10,4062536.27273,0.00000001,0.000000000000550501,4708775,2018-11-16 20:58:10,btc,3.36492563466,0.195460381006,,"btc,eth",110697919.549,0.0,0.0157628953496,187
0,[],22,[],2019-02-27 04:05:17,0.0,0,0,6799309,2019-02-27 04:05:17,,1.19374396,0.0,0,,16308.869534405507,0.0,0.0,191
0,[],22,[],2019-02-28 09:47:35,0.0,0,0,6810189,2019-02-28 09:47:35,,0.0,0.0,0,,0.0,0.0,0.0,197
0,[],23,[],2019-01-20 23:31:41,0.0,0,0,6477079,2019-01-20 23:31:41,,0.0,0.0,0,,0.0,0.0,0.0,199
0,[],22,[],2019-02-28 09:48:00,0.0,0,0,6810190,2019-02-28 09:48:00,,5.19477622,0.0,0,,21058553.0,0.0,0.0,199
1,[],26,[],2019-02-28 09:48:00,0.0,0.00000000,0,6810191,2019-02-28 09:48:00,btc,0.0,0.0,0.00000000,btc,0.0,0.0,0.0,199
0,[],17,[],2019-01-30 16:32:01,0.0,0,0,6540827,2019-01-30 16:32:01,btc,6.802544163788159,0.0,0,btc,105897.55575295,0.0,0.0,200
0,[],2,[],2019-01-20 23:30:49,0.0,0,0,6477059,2019-01-20 23:30:49,,0.0,0.0,0,,0.0,0.0,0.0,201
1,[],4,[],2019-01-25 15:51:35,2084389.58565343,0.00000936,0.000000000333526752,6499557,2019-01-25 15:51:35,btc,2.0092503037378524,0.0,0.00000936,btc,160195.80207885,0.19272417,1.242687955921835,211
1,[],7,[],2019-02-28 09:48:04,2672314.27374285,0.0000013299999999999999715787242504649867669286322779953479766845703125,0.000000000051125732,6810192,2019-02-28 09:48:04,btc,15476658.270707063,1158317.95452,0.0000013299999999999999715787242504649867669286322779953479766845703125,btc,14952290.17324152,0.0,2.7537795276287285,212
1,[],5,[],2019-02-28 09:48:07,0.0,0,0,6810193,2019-02-28 09:48:07,btc,0.0,0.17077305,0,btc,0.0,0.0,0.0,213
1,[],24,[],2019-02-28 09:48:07,0.0,0.000000110000,0.000000000004228444,6810194,2019-02-28 09:48:07,btc,0.0,0.0,0.000000110000,btc,0.0,0.0,0.0,213
1,[],26,[],2019-02-28 09:48:07,0.0,0.00000010,0.00000000000384404,6810195,2019-02-28 09:48:07,btc,0.0,0.0,0.00000010,btc,0.0,0.0,0.0,213
1,[],12,[],2019-01-25 02:44:32,207462.42853209,0.000001080000000000000035831255497387193287295303889550268650054931640625,0.000000000038610756000000006,6493050,2019-01-25 02:44:32,btc,85023.03793723314,0.0,0.000001080000000000000035831255497387193287295303889550268650054931640625,btc,43675.73520027,0.000146250909087,0.0348620860622024,213
1,[],22,[],2019-02-28 09:48:45,29544.0,0.00000002,0.000000000000768808,6810196,2019-02-28 09:48:45,BTC,2.22899412,0.0,0.00000002,BTC,531026.3963726171,0.00085882,0.00030003,216
1,[],27,[],2019-02-28 09:48:49,6248602.0,0.00000003,0.000000000001153212,6810197,2019-02-28 09:48:49,btc,316.32805111644,2699.005988,0.00000003,"btc,ltc",235048.901,0.00032388,0.0337720400119691,216
1,[],22,[],2019-02-28 09:49:40,242622.002186885,0.00000225,0.0000000000864909,6810198,2019-02-28 09:49:40,BTC,12673.46515184,0.0,0.00000225,BTC,392068.0476178071,0.02498666,0.34210727,217
1,[],7,[],2019-02-28 09:49:41,0.0,0,0,6810199,2019-02-28 09:49:41,btc,77969.77488735563,0.0,0,btc,137043486.5550253,0.0,0.0,219
0,[],27,[],2019-02-28 09:49:43,0.0,0,0,6810200,2019-02-28 09:49:43,,0.0740438339680921,0.0,0,btc,1536429.20709513,0.0,0.0,219
0,[],28,[],2019-02-28 09:50:11,0.0,0,0,6810201,2019-02-28 09:50:11,,0.0,0.0,0,,0.0,0.0,0.0,219
1,[],22,[],2019-02-28 09:50:51,340665.0,0.00000003,0.000000000001153212,6810202,2019-02-28 09:50:51,BTC,2.94533216,0.0,0.00000003,BTC,114179.27041875875,0.0,0.00940665,221
1,[],24,[],2019-02-28 09:50:51,0.0,0.000000200000,0.00000000000768808,6810203,2019-02-28 09:50:51,btc,0.0,0.0,0.000000200000,btc,0.0,0.0,0.0,221
1,[],20,[],2019-02-28 09:50:53,40748456.2707,0.000000001,0.0000000000000384404,6810204,2019-02-28 09:50:53,btc,48.2383485393842,101498.1409,0.000000001,btc,13394805.9726,0.0002029962818,0.0407484562707,224
0,[],22,[],2019-02-28 09:51:19,0.0,0,0,6810205,2019-02-28 09:51:19,,0.0,0.0,0,,0.0,0.0,0.0,224
1,[],26,[],2019-02-28 09:51:20,0.0,0.00000035,0.00000000001345414,6810206,2019-02-28 09:51:20,btc,0.0,0.0,0.00000035,btc,0.0,0.0,0.0,231
1,[],26,[],2019-02-28 09:51:20,0.0,0.00000006,0.000000000002306424,6810207,2019-02-28 09:51:20,btc,0.0,100.0,0.00000006,btc,0.0,0.0,0.0,234
0.00000000035638660000000005,[],27,[],2019-02-28 09:51:23,2000.0,3.563866e-18,1.369964345864e-22,6810208,2019-02-28 09:51:23,eth,0.0113483662182,0.0,0.00000001,"btc,eth",11462.99618,0.0,7.127732e-15,234
1,[],4,[],2019-02-28 09:51:24,909603.71216512,0.00000073,0.000000000028061492,6810209,2019-02-28 09:51:24,btc,4.364098837063258,0.0,0.00000073,btc,1098049.90764367,0.04197283,0.233255569638793,236
1,[],24,[],2019-02-28 09:51:24,0.0,0.000000300000,0.00000000001153212,6810210,2019-02-28 09:51:24,btc,0.0,0.0,0.000000300000,btc,0.0,0.0,0.0,236
1,[],20,[],2019-02-28 09:51:26,155881408.8873,0.000000057,0.0000000000021911028000000002,6810211,2019-02-28 09:51:26,btc,10.8417703749535,52972631.2321,0.000000057,btc,45047504.3376,3.3686584541114,0.7217936602063,237
0.0000000001187411,[],22,[],2019-02-28 09:52:02,14400.0,1.187411e-17,4.56445538044e-22,6810212,2019-02-28 09:52:02,LTC,0.0413973,0.0,0.0000001,LTC,7239.0,0.0,0.00144,237
1,[],4,[],2019-02-28 09:52:03,7523944.90416486,0.00000033,0.000000000012685332,6810213,2019-02-28 09:52:03,btc,6.769231154512396,0.0,0.00000033,btc,9940872.48026841,0.37246497,1.6661478227186004,238
1,[],5,[],2019-02-28 09:52:04,0.0,0,0,6810214,2019-02-28 09:52:04,btc,0.0,0.01825609,0,btc,0.0,0.0,0.0,238
0,[],22,[],2019-02-28 09:53:11,0.0,0,0,6810215,2019-02-28 09:53:11,,0.41356282,0.0,0,,316008.5639027493,0.0,0.0,249
0.0000000001187411,[],22,[],2019-02-28 09:53:58,7121097.666666667,3.562233e-18,1.3693366141320001e-22,6810216,2019-02-28 09:53:58,LTC,0.54417828,0.0,0.00000003,LTC,19426429.09,0.0,0.21263595,252
0,[],28,[],2019-02-28 09:54:23,0.0,0,0,6810217,2019-02-28 09:54:23,,0.0,0.0,0,,0.0,0.0,0.0,256
1,[],22,[],2019-02-28 09:55:29,1145354.0,0.00000002,0.000000000000768808,6810218,2019-02-28 09:55:29,BTC,31.47160001,0.0,0.00000002,BTC,670687.0957866946,0.0,0.01233444,258
1,[],22,[],2019-02-28 09:56:07,48751.0,0.00000001,0.000000000000384404,6810219,2019-02-28 09:56:07,BTC,2.4175745,0.0,0.00000001,BTC,1762.0,0.0,0.00048751,259
1,[],5,[],2019-02-28 09:56:10,0.0,0,0,6810220,2019-02-28 09:56:10,btc,0.0,0.06005689,0,btc,0.0,0.0,0.0,264
1,[],20,[],2019-02-28 09:56:12,1222306.7291,0.00000232,0.000000000089181728,6810221,2019-02-28 09:56:12,btc,7.2636799724808,47554.0179,0.00000232,btc,97968.4659,0.1602018056111,0.0232609918981,264
0,[],22,[],2019-02-28 09:56:30,0.0,0,0,6810222,2019-02-28 09:56:30,,8.33272543,0.0,0,,413548.34411321935,0.0,0.0,271
0,[],22,[],2019-02-28 09:56:58,0.0,0,0,6810223,2019-02-28 09:56:58,,271.16935057,0.0,0,,14411474420.692,0.0,0.0,272
0,[],28,[],2019-02-28 09:57:24,0.0,0,0,6810224,2019-02-28 09:57:24,,0.0,0.0,0,,0.0,0.0,0.0,272
1,[],22,[],2019-02-28 09:58:13,116763.74,0.00000400,0.00000000015376160000000001,6810225,2019-02-28 09:58:13,BTC,74.32244185,0.0,0.00000400,"BTC,LTC",8380.527743939856,0.0,0.04944097,281
1,[],22,[],2019-02-28 09:58:42,863814.5,0.00000002,0.000000000000768808,6810226,2019-02-28 09:58:42,BTC,1.33224124,0.0,0.00000002,BTC,134474.99887885063,0.00040847,0.01714417,286
0,[],22,[],2019-02-28 09:59:05,0.0,0,0,6810227,2019-02-28 09:59:05,,43634.75839435,0.0,0,,432735487.0,0.0,0.0,294
