pairValue,buyBook,exchangeId,sellBook,updated,buyTotal,satoshiPrice,usdPrice,exchangeLogId,created,bestPair,sellTotalBtc,volume,pairPrice,activePairs,sellTotal,volumeBtc,buyTotalBtc,coinId
1,[],3,[],2019-05-24 13:18:56,542.6445836392691,0.0102525499999999991640464713782421313226222991943359375,0.0000008182355104,7678545,2019-05-24 13:18:56,btc,3.286168533613605,66.6882838861,0.0102525499999999991640464713782421313226222991943359375,btc,27.040924619228,0.0,0.16371002784353983,1
1,[],4,[],2019-05-24 13:18:57,207680.45210903,0.01068467,0.0000008527221433600001,7678546,2019-05-24 13:18:57,btc,8.66146346492081,0.0,0.01068467,btc,383.1500105,0.8004344,0.5875285988574129,1
1,[],5,[],2019-05-24 13:19:00,0.0,0,0,7678547,2019-05-24 13:19:00,btc,0.0,0.00750585,0,btc,0.0,0.0,0.0,1
1,[],10,[],2019-05-24 13:19:03,255930.23666586,0.00710269,0.00000056685148352,7678548,2019-05-24 13:19:03,btc,6522.406151330214,1567.9122463,0.00710269,btc,1379.68521551,0.0,2.550523300715733,1
1,[],12,[],2019-05-24 13:19:06,63.73070489,0.01068999999999999984956478016329128877259790897369384765625,0.00000085314752,7678549,2019-05-24 13:19:06,btc,0.2230157170127,0.0,0.01068999999999999984956478016329128877259790897369384765625,btc,19.71366055,1.1864814553327,0.2983327212243,1
1,[],20,[],2019-05-24 13:19:08,972.9788,0.0102628,0.0000008190535424,7678550,2019-05-24 13:19:08,btc,0.2198263408504,0.4648,0.0102628,btc,16.8167,0.0050739636736,0.1004647427071,1
1,[],21,[],2019-05-24 13:19:10,1849.66131664,0.01074361000000000065934813165,0.0000008574260268800001,7678551,2019-05-24 13:19:10,btc,11.248868451012397,2914.4632183900003,0.01074361000000000065934813164858496747910976409912109375,"btc,eth",1402.29819355,29.762809407414174,16.031864611293972,1
1,[],22,[],2019-05-24 13:19:14,0.0025666666666666667,0.00900000,0.000000718272,7678552,2019-05-24 13:19:14,BTC,0.31629903,0.0,0.00900000,BTC,0.2505752479991019,0.0,2.31e-05,1
1,[],24,[],2019-05-24 13:19:16,0.0,0.000000000000,0,7678553,2019-05-24 13:19:16,btc,0.0,0.0,0.000000000000,btc,0.0,0.0,0.0,1
0.0,[],25,[],2019-05-24 13:19:17,0.0,0,0,7678554,2019-05-24 13:19:17,btc,3.049999999669936,6559.4446868,0.0,btc,278.2353327,71.34,0.0,1
1,[],26,[],2019-05-24 13:19:19,0.0,0,0,7678555,2019-05-24 13:19:19,,0.0,0.0,0,,0.0,0.0,0.0,1
0,[],28,[],2019-05-24 13:19:24,0.0,0,0,7678556,2019-05-24 13:19:24,,0.0,355072.2914,0,,0.0,0.0,0.0,1
0,[],2,[],2019-01-20 23:28:45,0.0,0,0,6477011,2019-01-20 23:28:45,,0.0,0.0,0,,0.0,0.0,0.0,1
1,[],5,[],2019-05-24 13:19:27,0.0,0,0,7678557,2019-05-24 13:19:27,btc,0.0,0.0,0,btc,0.0,0.0,0.0,2
1,[],22,[],2019-05-24 13:19:30,11638.0,0.0000002,0.000000000015961600000000002,7678558,2019-05-24 13:19:30,BTC,21.00897301,0.0,0.0000002,"BTC,XMR",20678.87287795317,0.0,0.00145435,2
1,[],5,[],2019-05-24 13:19:33,0.0,0,0,7678559,2019-05-24 13:19:33,btc,0.0,0.00742916,0,btc,0.0,0.0,0.0,3
1,[],12,[],2019-05-24 13:19:33,2062013.23594201,0.00000012,0.000000000009576959999999999,7678560,2019-05-24 13:19:33,btc,4655.5444360812935,0.0,0.00000012,btc,3056902.44678807,0.10760030539888199,0.1968151322921312,3
0,[],28,[],2019-05-24 13:19:35,0.0,0,0,7678561,2019-05-24 13:19:35,,0.0,0.0,0,,0.0,0.0,0.0,3
0,[],2,[],2019-01-20 23:31:32,0.0,0,0,6477077,2019-01-20 23:31:32,,0.0,0.0,0,,0.0,0.0,0.0,4
1,[],4,[],2019-05-18 21:29:50,562734.9206932,0.00000010,0.000000000007298720000000001,7650946,2019-05-18 21:29:50,btc,41.9347137769675,0.0,0.00000010,btc,1123702.32192634,0.00052462,0.029254593370966,4
0,[],12,[],2019-05-24 08:56:14,0.0,0,0,7677305,2019-05-24 08:56:14,btc,0.385896894995005,0.0,0,btc,951410.4995005,4.995004995e-06,0.0,5
0,[],2,[],2019-01-20 23:31:51,0.0,0,0,6477087,2019-01-20 23:31:51,,0.0,0.0,0,,0.0,0.0,0.0,6
1,[],11,[],2019-05-24 13:19:39,7800289.776736,0.00000002,0.0000000000015961600000000001,7678562,2019-05-24 13:19:39,btc,9578.935972068535,94999.999998,0.00000002,btc,67884629.7051967,0.0,0.10437137276736,6
1,[],3,[],2019-05-24 13:19:40,12560.644680493791,0.000105249999999999996878365104979735633605741895735263824462890625,0.000000008399792,7678563,2019-05-24 13:19:40,btc,0.17441362847635064,134.140045119,0.000105249999999999996878365104979735633605741895735263824462890625,btc,245.549135103764,0.0,0.02426113114437795,7
1,[],4,[],2019-05-24 13:19:41,3205458.19090555,0.00010001,0.00000000798159808,7678564,2019-05-24 13:19:41,btc,8.991661718080262,0.0,0.00010001,btc,50673.61492525,1.53040836,2.98431728897977,7
1,[],5,[],2019-05-24 13:19:42,0.0,0,0,7678565,2019-05-24 13:19:42,btc,0.0,0.11189261,0,btc,0.0,0.0,0.0,7
1,[],20,[],2019-04-07 22:06:50,3201475.0482,0.000000001,0.000000000000051590000000000004,7213932,2019-04-07 22:06:50,btc,30.8005781811902,0.0,0.000000001,btc,23077405.3926,0.0,0.0032014750482,8
0,[],2,[],2019-01-20 23:22:42,0.0,0,0,6476876,2019-01-20 23:22:42,,0.0,0.0,0,,0.0,0.0,0.0,9
0,[],23,[],2019-01-20 23:22:48,0.0,0,0,6476878,2019-01-20 23:22:48,,0.0,0.0,0,,0.0,0.0,0.0,9
1,[],4,[],2019-05-24 13:19:46,21129005.38571927,0.00000054,0.00000000004309632,7678566,2019-05-24 13:19:46,btc,4.064626742597929,0.0,0.00000054,btc,3576999.70882554,0.30594513,0.7616507523068619,9
0,[],28,[],2019-05-24 13:19:48,0.0,0,0,7678567,2019-05-24 13:19:48,,0.0,3467001.0,0,,0.0,0.0,0.0,9
1,[],1,[],2019-02-17 23:31:42,1822507.21,0.00000181000000000000003456111265232042484285557293333113193511962890625,0.000000000066086901,6701244,2019-02-17 23:31:42,btc,3.6990969245,17153386.5,0.00000181000000000000003456111265232042484285557293333113193511962890625,btc,1997391.71,31.11772986,3.2610482446,9
1,[],4,[],2019-02-17 11:22:43,4341674.27126056,0.00000002,0.0000000000007272960000000001,6696112,2019-02-17 11:22:43,btc,0.1997230937751353,0.0,0.00000002,btc,4109766.79808031,0.00215132,0.0479381022052112,10
0,[],2,[],2019-01-20 23:23:08,0.0,0,0,6476890,2019-01-20 23:23:08,,0.0,0.0,0,,0.0,0.0,0.0,12
1,[],4,[],2019-05-24 13:19:49,4670610.89573081,0.00000069,0.00000000005506752,7678568,2019-05-24 13:19:49,btc,4.732291866746383,0.0,0.00000069,btc,4294413.40439905,0.62451838,1.53700850327843,12
1,[],5,[],2019-05-24 13:19:50,0.0,0,0,7678569,2019-05-24 13:19:50,btc,0.0,0.0397895,0,btc,0.0,0.0,0.0,12
0.0,[],25,[],2019-05-24 13:19:52,0.0,0,0,7678570,2019-05-24 13:19:52,,0.0,0.0,0.0,btc,0.0,0.0,0.0,12
1,[],4,[],2019-05-24 13:19:52,363354.90501442,0.00000620,0.0000000004948096,7678571,2019-05-24 13:19:52,btc,2.1101494003418195,0.0,0.00000620,btc,253291.94027816,0.44861964,0.6192230981345223,13
1,[],10,[],2019-05-24 13:19:56,572238.95622052,0.00000614,0.00000000049002112,7678572,2019-05-24 13:19:56,btc,666802.6526701846,8199.16359075,0.00000614,btc,850294.09415932,0.0,0.3042397604888919,13
1,[],21,[],2019-05-24 13:19:57,962291.42323663,0.000006240000000000000395254575597,0.00000000049800192,7678573,2019-05-24 13:19:57,btc,4.354443986354538,690906.31755537,0.0000062400000000000003952545755969705254528889781795442104339599609375,btc,586208.60580835,4.44814265,4.991669441489575,13
1,[],4,[],2019-05-24 13:19:58,914951.07132841,0.00000075,0.000000000059856,7678574,2019-05-24 13:19:58,btc,4.19638587578498,0.0,0.00000075,btc,816643.55209777,0.01260355,0.1327869297002211,14
1,[],12,[],2019-05-24 13:19:58,134979.02922075,0.00000064,0.000000000051077120000000004,7678575,2019-05-24 13:19:58,btc,14.132334107350761,0.0,0.00000064,btc,19897.9208331,0.0,0.014608229999984,14
1,[],26,[],2019-05-24 13:21:58,0.0,0.00000050,0.000000000039904,7678576,2019-05-24 13:21:58,btc,0.0,0.0,0.00000050,btc,0.0,0.0,0.0,14
0,[],17,[],2019-05-03 00:53:32,0.0,0,0,7558876,2019-05-03 00:53:32,btc,0.0,0.0,0,btc,0.0,0.0,0.0,14
0,[],4,[],2019-05-24 13:22:01,0.0,0,0,7678577,2019-05-24 13:22:01,,0.0,0.0,0,,0.0,0.0,0.0,15
,[],12,[],2018-12-01 15:15:48,204241.84496,0.00000489,0.000000000202473384,5260204,2018-12-01 15:15:48,btc,49.5475654835,0.0,,btc,35763.2193806,0.0163153972027625,0.0203389899998,15
0,[],2,[],2019-01-20 23:23:38,0.0,0,0,6476906,2019-01-20 23:23:38,,0.0,0.0,0,,0.0,0.0,0.0,18
1,[],4,[],2019-05-24 13:22:02,36783.47556533,0.00001250,0.0000000009976,7678578,2019-05-24 13:22:02,btc,1.0865608672067733,0.0,0.00001250,btc,17614.82403163,0.02452031,0.1012202695795971,18
1,[],10,[],2019-05-24 13:22:05,307498.38116327,0.00001205,0.0000000009616864000000001,7678579,2019-05-24 13:22:05,btc,15.301989474379724,2307.68896008,0.00001205,btc,10236.87249085,0.0,0.0718400552937782,18
1,[],12,[],2019-05-24 13:22:06,6983.53627158,0.000010910000000000000575680995928973260333805228583514690399169921875,0.00000000087070528,7678580,2019-05-24 13:22:06,btc,0.0209096693793983,0.0,0.000010910000000000000575680995928973260333805228583514690399169921875,btc,1147.429485,5.973e-07,0.0111431231168178,18
0,[],17,[],2019-05-03 00:53:39,0.0,0,0,7558882,2019-05-03 00:53:39,btc,0.0,0.0,0,btc,0.0,0.0,0.0,18
0,[],2,[],2019-01-20 23:24:19,0.0,0,0,6476924,2019-01-20 23:24:19,,0.0,0.0,0,,0.0,0.0,0.0,19
1,[],3,[],2019-05-24 12:53:21,155733.92121783076,0.000009300000000000000743827742455405171995153068564832210540771484375,0.0000000007435098900000001,7678424,2019-05-24 12:53:21,btc,0.24223431643297597,3654.77071591,0.000009300000000000000743827742455405171995153068564832210540771484375,btc,5413.239736731293,0.0,0.04522791195876249,19
1,[],4,[],2019-05-24 12:53:22,195666.0278247,0.00000921,0.000000000736314633,7678425,2019-05-24 12:53:22,btc,3.722804963053358,0.0,0.00000921,btc,164894.06286443,0.35688765,0.7826967844857856,19
1,[],5,[],2019-05-24 12:53:24,0.0,0,0,7678426,2019-05-24 12:53:24,btc,0.0,0.00018763,0,btc,0.0,0.0,0.0,19
1,[],12,[],2019-05-24 12:53:25,14634.27363504,0.000007040000000000000359053065057679532401380129158496856689453125,0.000000000562828992,7678427,2019-05-24 12:53:25,btc,0.0541453003818036,0.0,0.000007040000000000000359053065057679532401380129158496856689453125,btc,1848.36689479,0.00097348,0.023825159999649,19
0,[],27,[],2019-05-24 12:53:31,0.0,0,0,7678428,2019-05-24 12:53:31,,0.0,0.0,0,btc,0.0,0.0,0.0,19
1,[],4,[],2019-05-24 12:53:34,10228410.21811859,0.00000007,0.000000000005596311,7678429,2019-05-24 12:53:34,btc,6.4307072950777595,0.0,0.00000007,btc,2332215.60836933,0.00012031,0.1274738176872813,20
1,[],4,[],2019-05-24 12:53:35,73048218.52337481,0.00000001,0.0000000000007994729999999999,7678430,2019-05-24 12:53:35,btc,1892.6316292238937,0.0,0.00000001,btc,63839682.01973631,0.00093398,0.7304821852337481,21
1,[],12,[],2019-05-24 12:53:37,1510421.0,0.00000001,0.0000000000007994729999999999,7678431,2019-05-24 12:53:37,btc,1007.7437481215285,0.0,0.00000001,btc,2574805.07592407,1.18884715286e-05,0.01510421,21
0,[],17,[],2019-05-03 00:53:51,0.0,0,0,7558891,2019-05-03 00:53:51,btc,0.0,0.0,0,btc,0.0,0.0,0.0,21
1,[],12,[],2019-05-24 12:55:39,6185258819.0,0.0000000004,0.00000000000003197892,7678432,2019-05-24 12:55:39,btc,856714.3953296144,0.0,0.0000000004,btc,2361935490.914086,0.09194654988771234,1.238287536,23
0.0000000003141486,[],27,[],2019-05-24 12:55:49,75226658.0,6.282972000000001e-18,5.023066473756e-22,7678433,2019-05-24 12:55:49,eth,1171.075657922596,434036142.4008016,0.00000002,eth,44203400.7051984,2.72703693031551e-09,2.9813153885686805e-10,23
1,[],4,[],2019-05-24 12:55:50,1846419.40365797,0.00000017,0.000000000013591041,7678434,2019-05-24 12:55:50,btc,13.442314988092232,0.0,0.00000017,btc,2048660.09184948,0.00247888,0.0552845883789345,24
1,[],22,[],2019-05-24 12:55:54,21.76,0.00000100,0.0000000000799473,7678435,2019-05-24 12:55:54,BTC,7.415e-05,0.0,0.00000100,BTC,23.919354838709676,0.0,1.186e-05,24
0.0,[],25,[],2019-05-24 12:55:59,0.0,0,0,7678436,2019-05-24 12:55:59,,0.0,0.0,0.0,btc,0.0,0.0,0.0,24
0,[],2,[],2019-01-20 23:25:56,0.0,0,0,6476976,2019-01-20 23:25:56,,0.0,0.0,0,,0.0,0.0,0.0,26
1,[],4,[],2019-05-24 12:56:00,315787.3758464,0.00000465,0.000000000371754945,7678437,2019-05-24 12:56:00,btc,10.782136851765689,0.0,0.00000465,btc,270391.39601416,0.12877799,0.2032130371227043,26
1,[],10,[],2019-05-24 12:56:03,160413.13094411,0.00000448,0.000000000358163904,7678438,2019-05-24 12:56:03,btc,25.50814588665502,4575.87929093,0.00000448,btc,22134.53184112,0.0,0.0333666941119091,26
1,[],5,[],2019-04-26 09:47:06,0.0,0,0,7465326,2019-04-26 09:47:06,btc,0.0,0.0,0,btc,0.0,0.0,0.0,27
1,[],3,[],2019-05-24 12:56:04,6950047.12200389,0.00000001,0.0000000000007994729999999999,7678439,2019-05-24 12:56:04,btc,3.3219520704887358,4624955.07489,0.00000001,btc,24190653.89462733,0.0,0.0695004712200389,27
1,[],11,[],2019-05-24 12:56:06,1069867.58157834,0.00000001,0.0000000000007994729999999999,7678440,2019-05-24 12:56:06,btc,67503.038056662,12744.4184217,0.00000001,btc,6639900.67919713,0.0,0.0106986758157834,27
1,[],4,[],2019-05-24 12:56:08,1216035777.23924,0.00000001,0.0000000000007994729999999999,7678441,2019-05-24 12:56:08,btc,4.484224430484501,0.0,0.00000001,"btc,ltc",293387347.08244693,0.08695878,8.357089998919413,29
1,[],7,[],2019-05-24 12:56:10,111898570.84157395,0.00000001,0.0000000000007994729999999999,7678442,2019-05-24 12:56:10,btc,46548272.134555474,0.0,0.00000001,btc,35302501.71484167,0.0,1.1189857084157395,29
0,[],17,[],2019-05-03 01:11:25,0.0,0,0,7559066,2019-05-03 01:11:25,btc,0.0,0.0,0,btc,0.0,0.0,0.0,30
1,[],4,[],2019-05-24 12:56:11,15278240.39472901,0.00000006,0.000000000004796838,7678443,2019-05-24 12:56:11,btc,2.6460269358623174,0.0,0.00000006,btc,2139838.34093183,0.004204,0.1719015549813904,30
1,[],4,[],2019-05-24 12:58:12,115280.16986374,0.00004904,0.0000000039206155919999995,7678444,2019-05-24 12:58:12,btc,3.603117096811853,0.0,0.00004904,btc,45193.82343753,0.41399427,0.3712668881620918,31
1,[],21,[],2019-05-24 12:58:13,135259.12492611,0.00004910000000000000084862672445,0.00000000392541243,7678445,2019-05-24 12:58:13,btc,4.748814506211598,134634.01436485,0.0000491000000000000008486267244478540305863134562969207763671875,btc,85573.04524347,6.72446311,4.176832025014527,31
0,[],2,[],2019-01-20 23:28:43,0.0,0,0,6477009,2019-01-20 23:28:43,,0.0,0.0,0,,0.0,0.0,0.0,32
1,[],12,[],2019-03-30 07:55:10,40641173.964,0.00000003,0.000000000001228359,7108785,2019-03-30 07:55:10,btc,4233210.82356125,0.0,0.00000003,btc,28378394.68333462,0.0126927883965248,0.90752895892,33
0,[],4,[],2019-05-24 12:58:15,0.0,0,0,7678446,2019-05-24 12:58:15,,0.0,0.0,0,,0.0,0.0,0.0,33
0.00000000012409190000000002,[],4,[],2019-05-24 12:58:16,500827556.3443241,2.8541137e-17,2.2817868420801e-21,7678447,2019-05-24 12:58:16,ltc,3.506872304684147,0.0,0.00000023,ltc,156140815.63923445,0.0,1.7422051967895191e-09,34
1,[],5,[],2019-05-24 12:58:19,0.0,0,0,7678448,2019-05-24 12:58:19,btc,0.0,0.0,0,btc,0.0,0.0,0.0,34
0.00000000011350529999999999,[],4,[],2019-05-24 06:42:22,13738200.57311783,1.1350529999999999e-18,8.87933801052e-23,7676720,2019-05-24 06:42:22,ltc,4.112179235979599e-08,0.0,0.00000001,ltc,7493227762.067634,0.0,1.559358577511911e-11,36
1,[],5,[],2019-05-24 06:42:23,0.0,0,0,7676721,2019-05-24 06:42:23,btc,0.0,3.33e-05,0,btc,0.0,0.0,0.0,36
0.0000000003110992,[],27,[],2019-05-24 06:44:34,127377081.004,6.221984e-18,4.867358531456e-22,7676722,2019-05-24 06:44:34,eth,1671.29985018,2541553559.163999,0.00000002,"ltc,eth",17425469.0,1.1266162551801756e-08,4.5585376694244823e-10,36
0.0000000002926451,[],17,[],2019-05-02 18:17:47,200000.0,2.9264510000000002e-18,1.596703856561e-22,7556430,2019-05-02 18:17:47,eth,0.20942468735267253,0.0,0.00000001,"btc,eth",1018272.20243647,0.0,5.852902e-13,36
1,[],17,[],2019-05-03 01:11:36,211752.74075282,0.00000025,0.000000000013700074999999998,7559074,2019-05-03 01:11:36,btc,0.055484923955058496,0.0,0.00000025,"btc,eth",1387.19918473,0.0,0.0005381851887916605,37
1,[],4,[],2019-05-24 12:58:20,10086821.26891843,0.00000017,0.000000000013591041,7678449,2019-05-24 12:58:20,btc,19772.59556746031,0.0,0.00000017,btc,787543.48121193,0.00289041,0.1489409985401559,37
1,[],12,[],2019-05-24 12:58:21,3742522.52500001,0.00000017,0.000000000013591040999999998,7678450,2019-05-24 12:58:21,btc,5.4616371336553815,0.0,0.00000017,btc,887538.03129802,0.0196851098001895,0.1793845692500017,37
1,[],27,[],2019-05-24 13:00:30,1600.0,0.00000015,0.000000000011992095,7678451,2019-05-24 13:00:30,btc,24.12156123602533,0.0,0.00000015,btc,5842.04443503,0.0,3e-05,37
1,[],5,[],2019-05-24 13:00:31,0.0,0,0,7678452,2019-05-24 13:00:31,btc,0.0,0.00196295,0,btc,0.0,0.0,0.0,42
1,[],12,[],2019-05-24 13:00:32,42858.49129984,0.00000101999999999999997501889774376149233603428001515567302703857421875,0.000000000081546246,7678453,2019-05-24 13:00:32,btc,24.46438608799455,0.0,0.00000101999999999999997501889774376149233603428001515567302703857421875,btc,46070.85510899,0.0134658251251656,0.027618339999971698,42
1,[],27,[],2019-05-24 13:00:42,806.0,0.00000100,0.0000000000799473,7678454,2019-05-24 13:00:42,btc,0.5699845831768,0.0,0.00000100,"btc,eth",1183.4448157,0.0,0.00020600000048868957,42
1,[],12,[],2019-03-13 09:13:29,1112112.0,0.00000001,0.000000000000386531,6919902,2019-03-13 09:13:29,btc,29058.00478931866,0.0,0.00000001,btc,5967681.93306694,9.99000999e-07,0.01112112,43
1,[],5,[],2019-04-26 22:38:52,0.0,0,0,7474154,2019-04-26 22:38:52,btc,0.0,0.02638891,0,btc,0.0,0.0,0.0,43
0,[],17,[],2019-04-26 22:38:53,0.0,0,0,7474155,2019-04-26 22:38:53,btc,0.0,0.0,0,btc,0.0,0.0,0.0,43
1,[],12,[],2019-03-05 01:54:08,639326.02,0.00000004,0.000000000001486676,6845775,2019-03-05 01:54:08,btc,11116042.728239931,0.0,0.00000004,btc,1103841.4595604,0.0003330765234764,0.014975410599999999,44
1,[],4,[],2019-05-24 13:00:44,115909052.36728849,0.00000001,0.0000000000007994729999999999,7678455,2019-05-24 13:00:44,btc,291324.17460556614,0.0,0.00000001,"btc,ltc",24755513.70369327,0.01522593,0.09252413020685159,49
0.00000000012409190000000002,[],4,[],2019-05-24 13:00:45,151269196.90022594,2.1095623e-17,1.6865381006679e-21,7678456,2019-05-24 13:00:45,ltc,21909.462360337075,0.0,0.00000017,ltc,153220316.3547534,0.0,6.830859742279429e-10,52
0,[],22,[],2019-05-24 13:00:48,0.0,0,0,7678457,2019-05-24 13:00:48,,10289.55991011,0.0,0,,308568058.4566013,0.0,0.0,57
0,[],27,[],2019-05-24 13:00:57,0.0,0,0,7678458,2019-05-24 13:00:57,,0.0,0.0,0,"btc,eth",0.0,0.0,0.0,57
1,[],17,[],2019-05-03 01:12:09,1200000.0,0.0000000001,0.00000000000000548003,7559085,2019-05-03 01:12:09,btc,1e+24,0.0,0.0000000001,"btc,eth",39516342.31952568,0.0,0.00010000000058666061,58
0.00000000012409190000000002,[],4,[],2019-05-24 13:00:58,2922863405.991031,1.240919e-18,9.92081235687e-23,7678459,2019-05-24 13:00:58,ltc,19.263870195563108,0.0,0.00000001,ltc,6016416700.223398,0.0,3.6270367348989847e-09,58
1,[],12,[],2019-05-24 13:01:00,1205056993.0,0.0000000001,0.00000000000000799473,7678460,2019-05-24 13:01:00,btc,801859.3730542306,0.0,0.0000000001,btc,2155114102.6133866,0.023702972606593403,0.1205056993,58
0.00000000010776680000000001,[],22,[],2019-05-24 13:03:04,126877.0,1.077668e-18,8.61566468964e-23,7678461,2019-05-24 13:03:04,XMR,68.17454206,0.0,0.00000001,XMR,9626402.6,0.0,0.00126877,58
1,[],26,[],2019-05-24 13:03:08,0.0,0.00000050,0.00000000003997365,7678464,2019-05-24 13:03:08,btc,0.0,0.0,0.00000050,btc,0.0,0.0,0.0,61
1,[],27,[],2019-05-24 13:03:16,111669.22,0.0000002,0.00000000001598946,7678465,2019-05-24 13:03:16,btc,1.9658957697246655,1118.669,0.0000002,"btc,eth",12107.41663696,0.00044747,0.002287464000314149,61
0,[],28,[],2019-05-24 13:03:35,0.0,0,0,7678466,2019-05-24 13:03:35,,0.0,679.0,0,,0.0,0.0,0.0,61
1,[],5,[],2019-05-24 13:03:05,0.0,0,0,7678462,2019-05-24 13:03:05,btc,0.0,0.00015091,0,btc,0.0,0.0,0.0,61
1,[],22,[],2019-05-24 13:03:08,13613.833333333334,0.00000012,0.000000000009593676,7678463,2019-05-24 13:03:08,BTC,1002.29590883,0.0,0.00000012,BTC,15092.180177125656,0.0,0.00153269,61
1,[],4,[],2019-05-24 13:03:37,1177623.0837321,0.00000082,0.000000000065556786,7678467,2019-05-24 13:03:37,btc,2.546259014035195,0.0,0.00000082,btc,841305.6634244,0.08801028,0.7070369078616067,67
0.0,[],25,[],2019-05-24 13:03:39,0.0,0,0,7678468,2019-05-24 13:03:39,,0.0,0.0,0.0,btc,0.0,0.0,0.0,67
1,[],12,[],2019-05-24 13:03:40,848002.0,0.00000006,0.000000000004796837999999999,7678469,2019-05-24 13:03:40,btc,3.8116712185014974,0.0,0.00000006,btc,749167.09390608,0.0002131649650352,0.02220859,71
,[],5,[],2018-11-20 23:02:39,1.5e-07,0.00000005,0.000000000002128045,4862160,2018-11-20 23:02:39,btc,2.84511358,0.0,,btc,0.00036572,0.0,0.07381892,74
1,[],5,[],2019-05-24 13:03:42,0.0,0,0,7678470,2019-05-24 13:03:42,btc,0.0,0.0356955,0,btc,0.0,0.0,0.0,75
0,[],4,[],2019-05-24 12:33:32,0.0,0,0,7678316,2019-05-24 12:33:32,,133656.87703970782,0.0,0,,33424209.5909442,0.0,0.0,81
0,[],20,[],2019-01-25 09:30:31,0.0,0,0,6495923,2019-01-25 09:30:31,btc,0.0,0.0,0,btc,0.0,0.0,0.0,81
1,[],4,[],2019-05-24 13:03:44,26308.63142193,0.00006119,0.000000004891975287,7678471,2019-05-24 13:03:44,btc,18.792418190894253,0.0,0.00006119,btc,29449.45016959,0.00507869,0.3567017519033655,82
1,[],21,[],2019-05-24 13:03:45,60026.42612993,0.00006119999999999999680706797012,0.0000000048927747599999995,7678472,2019-05-24 13:03:45,btc,3.726768248403188,6835.86487942,0.00006119999999999999680706797011708886202541179955005645751953125,btc,50558.28961227,0.41545145,1.5443243367309816,82
0,[],17,[],2019-03-25 22:42:34,0.0,0,0,7038780,2019-03-25 22:42:34,btc,0.0445064681804024,0.0,0,btc,995513.18476001,0.0,0.0,84
0.0000000001161485,[],4,[],2019-05-20 13:09:39,216715621.0206096,1.161485e-18,9.0533806701e-23,7657228,2019-05-20 13:09:39,ltc,1.6511566870244727,0.0,0.00000001,ltc,471032407.9048656,0.0,2.5171194308112273e-10,85
,[],22,[],2018-11-20 23:09:34,3408.1,0.0000001,0.0000000000041895,4862324,2018-11-20 23:09:34,BTC,0.04624735,0.0,,BTC,4990.0,0.0,0.00033081,86
1,[],22,[],2019-05-24 13:03:50,65156.0,0.00000001,0.0000000000007994729999999999,7678473,2019-05-24 13:03:50,BTC,1.45608405,0.0,0.00000001,BTC,314587.29736842104,0.00020843,0.00065156,87
0,[],27,[],2019-05-24 13:03:55,0.0,0,0,7678474,2019-05-24 13:03:55,,4.961732754776,0.0,0,btc,24439.09041,0.0,0.0,87
,[],2,[],2018-11-20 23:10:47,0.0,0,0,4862359,2018-11-20 23:10:47,,0.0,0.0,,,0.0,0.0,0.0,88
1,[],11,[],2019-05-24 13:03:59,74842.07162351,0.000112440000000000000883459971845468317042104899883270263671875,0.000000008989274412,7678475,2019-05-24 13:03:59,btc,180.64405516615992,155.66600394,0.000112440000000000000883459971845468317042104899883270263671875,btc,202178.64535452,0.0,4.717413378151978,89
1,[],12,[],2019-05-24 13:04:01,192514.14966260002,0.0000004,0.00000000003197892,7678476,2019-05-24 13:04:01,btc,86.6827070714244,0.0,0.0000004,btc,50786.21550345,0.0006443091678288,0.023751727099993,91
1,[],22,[],2019-05-24 13:06:05,75910.55,0.0000002,0.00000000001598946,7678477,2019-05-24 13:06:05,BTC,0.495,0.0,0.0000002,"BTC,LTC",4.95,0.0,0.00165931,91
0,[],2,[],2019-01-20 23:31:45,0.0,0,0,6477083,2019-01-20 23:31:45,,0.0,0.0,0,,0.0,0.0,0.0,91
0,[],17,[],2019-05-03 01:12:26,0.0,0,0,7559096,2019-05-03 01:12:26,btc,0.0,0.0,0,btc,0.0,0.0,0.0,91
1,[],22,[],2019-04-09 20:17:52,374949.73333333334,0.00000015,0.000000000007771935,7235704,2019-04-09 20:17:52,BTC,6.87372503,0.0,0.00000015,"BTC,LTC",159980.01196797504,1.1e-05,0.80510266,95
0.00000000012409190000000002,[],4,[],2019-05-24 13:06:06,541609780.1829063,5.0877679000000004e-17,4.0675330663167004e-21,7678478,2019-05-24 13:06:06,ltc,11.368627145581858,0.0,0.00000041,ltc,150348387.98141757,0.00014948,8.855725558540855e-10,96
0,[],12,[],2019-05-24 13:06:07,0.0,0,0,7678479,2019-05-24 13:06:07,btc,10.40931611,0.0,0,btc,7388627.0,0.0,0.0,96
0,[],17,[],2019-05-03 01:12:32,0.0,0,0,7559100,2019-05-03 01:12:32,btc,0.0,0.0,0,btc,0.0,0.0,0.0,96
1,[],4,[],2019-04-14 03:32:46,1039404.33283278,0.00000038,0.000000000019245518,7293458,2019-04-14 03:32:46,btc,4.170086055365747,0.0,0.00000038,btc,3097704.34561074,0.06260606,0.1859928211030784,99
1,[],4,[],2019-05-24 13:08:08,183568.31336471,0.00002236,0.000000001787621628,7678480,2019-05-24 13:08:08,btc,7.0221335093488255,0.0,0.00002236,btc,138940.92003272,0.16436098,0.5894003420329942,100
0,[],2,[],2019-01-20 23:23:55,0.0,0,0,6476914,2019-01-20 23:23:55,,0.0,0.0,0,,0.0,0.0,0.0,100
1,[],22,[],2019-05-24 13:08:12,150000.0,0.00000002,0.0000000000015989459999999999,7678481,2019-05-24 13:08:12,BTC,24.83526409,0.0,0.00000002,BTC,11187.719,0.0,0.0017,101
1,[],4,[],2019-05-24 13:08:13,577221.48400591,0.00000176,0.00000000014070724799999999,7678482,2019-05-24 13:08:13,btc,362.49065634840844,0.0,0.00000176,btc,615282.61707377,0.01674269,0.2315206901925926,103
1,[],12,[],2019-05-24 13:08:15,28076851.0,0.000000004,0.0000000000003197892,7678483,2019-05-24 13:08:15,btc,552.5811320603344,0.0,0.000000004,btc,45543350.46079918,0.02996112187016974,0.051957161,105
0,[],27,[],2019-05-24 13:08:26,0.0,0,0,7678484,2019-05-24 13:08:26,,0.2585948473531397,0.0,0,btc,622853.35947933,0.0,0.0,105
1,[],22,[],2019-04-21 00:17:26,21333.0,0.00000001,0.000000000000532493,7385819,2019-04-21 00:17:26,BTC,51.38182867,0.0,0.00000001,BTC,470435.0,0.0,0.00021333,107
1,[],26,[],2019-04-21 00:17:26,0.0,0.00000000,0,7385820,2019-04-21 00:17:26,btc,0.0,0.0,0.00000000,btc,0.0,0.0,0.0,107
1,[],5,[],2019-05-24 13:08:31,0.0,0,0,7678485,2019-05-24 13:08:31,btc,0.0,0.0,0,btc,0.0,0.0,0.0,112
0,[],22,[],2019-05-24 13:08:35,0.0,0,0,7678486,2019-05-24 13:08:35,,2.79635781,0.0,0,,3274992.0833333335,0.0,0.0,112
1,[],27,[],2019-05-24 13:08:42,1.0,0.00000001,0.0000000000007994729999999999,7678487,2019-05-24 13:08:42,btc,1.15032588,0.0,0.00000001,"btc,eth",1818.0,0.0,1e-08,112
1,[],4,[],2019-05-24 13:08:44,606505.05685075,0.00000106,0.000000000084744138,7678488,2019-05-24 13:08:44,btc,5.134633600266277,0.0,0.00000106,btc,604744.24254373,0.0456159,0.3512855077603443,113
1,[],5,[],2019-05-24 13:08:47,0.0,0,0,7678489,2019-05-24 13:08:47,btc,0.0,0.0,0,btc,0.0,0.0,0.0,113
1,[],17,[],2019-04-26 02:17:47,162738.278,0.00000004,0.0000000000021069000000000002,7461287,2019-04-26 02:17:47,btc,1.3331140273775473,0.0,0.00000004,btc,51796.221,0.0,0.00230953112,116
1,[],27,[],2019-05-22 05:13:01,210000.0,0.00000001,0.00000000000079145,7666372,2019-05-22 05:13:01,btc,3919.0005001478,0.0,0.00000001,btc,128660.871,0.0,0.0021,116
1,[],4,[],2019-05-21 22:31:11,138169.03963019,0.00000701,0.000000000558364025,7664793,2019-05-21 22:31:11,btc,150.95388250938234,0.0,0.00000701,btc,344631.17141974,0.07552974,0.4288357684941946,120
1,[],7,[],2019-05-21 22:31:12,3901.07750076,0.000010679999999999999389654892212320191902108490467071533203125,0.0000000008506887,7664794,2019-05-21 22:31:12,btc,231188.94669936574,0.0,0.000010679999999999999389654892212320191902108490467071533203125,btc,4133.83151364,0.0,0.0113888422364489,120
1,[],20,[],2019-04-07 18:42:29,1914137.0852,0.000000035,0.0000000000017871910000000002,7211992,2019-04-07 18:42:29,btc,32.2497668025648,25528.85,0.000000035,btc,1001975.4986,0.00089350975,0.0152723574729,125
1,[],22,[],2019-05-24 13:08:50,10000.0,0.00000001,0.0000000000007994729999999999,7678490,2019-05-24 13:08:50,BTC,0.032061,0.0,0.00000001,BTC,299316.7611111111,0.0,0.0001,126
1,[],4,[],2019-05-24 13:08:51,1870473.44007822,0.00000555,0.000000000443707515,7678491,2019-05-24 13:08:51,btc,3.258373335651408,0.0,0.00000555,btc,178259.75108606,0.09158591,0.4513008932423829,131
0,[],2,[],2019-01-20 23:25:46,0.0,0,0,6476969,2019-01-20 23:25:46,,0.0,0.0,0,,0.0,0.0,0.0,131
1,[],17,[],2019-05-03 01:13:10,10000.0,0.00000001,0.000000000000548003,7559115,2019-05-03 01:13:10,btc,0.0953976503951408,0.0,0.00000001,btc,5037.62507334,0.0,0.0001,131
1,[],4,[],2019-05-24 13:10:52,4758.41038558,0.00007917,0.000000006329427741,7678492,2019-05-24 13:10:52,btc,5.03283824319139,0.0,0.00007917,btc,202.13055914,0.00013581,0.0083987955894866,135
1,[],3,[],2019-05-24 13:10:53,444944.0025,0.00000002,0.0000000000015989459999999999,7678493,2019-05-24 13:10:53,btc,0.2327222558976859,987045.907254,0.00000002,btc,1825043.86832647,0.0,0.004565470025,136
1,[],4,[],2019-05-24 13:10:54,2449504.8103445,0.00000188,0.000000000150300924,7678494,2019-05-24 13:10:54,btc,106.78356164678473,0.0,0.00000188,btc,449572.99343622,0.00537286,0.5277281066692266,137
1,[],12,[],2019-05-24 13:10:55,70642.96396396,0.00000110999999999999996035831596741250137938550324179232120513916015625,0.00000000008874150299999999,7678495,2019-05-24 13:10:55,btc,57.6761797848272,0.0,0.00000110999999999999996035831596741250137938550324179232120513916015625,btc,46162.66919332,0.0030167105882949,0.0059567399999956,137
1,[],4,[],2019-05-24 13:10:56,93730.93824382,0.00001675,0.000000001339117275,7678496,2019-05-24 13:10:56,btc,9.555502114062547,0.0,0.00001675,btc,142112.5231787,0.42127325,0.9967783822737512,142
1,[],5,[],2019-05-24 13:10:58,0.0,0,0,7678497,2019-05-24 13:10:58,btc,0.0,0.00101954,0,btc,0.0,0.0,0.0,142
1,[],20,[],2019-05-24 13:13:00,219660.338,0.000015001,0.0000000011992894473,7678498,2019-05-24 13:13:00,btc,1.6080429273944,0.02,0.000015001,btc,9788.8796,3e-07,0.026148374929,142
1,[],22,[],2019-05-24 13:13:03,11028.645,0.00001000,0.000000000799473,7678499,2019-05-24 13:13:03,BTC,3.2754788,0.0,0.00001000,BTC,1133.9993657797618,0.0,0.00745365,142
0.0,[],25,[],2019-05-24 13:13:04,0.0,0,0,7678500,2019-05-24 13:13:04,,0.0,0.0,0.0,btc,0.0,0.0,0.0,142
0,[],28,[],2019-05-24 13:13:32,0.0,0,0,7678501,2019-05-24 13:13:32,,0.0,0.0,0,,0.0,0.0,0.0,142
1,[],17,[],2019-05-03 01:13:16,32967.38636364,0.00000088,0.000000000048224264,7559122,2019-05-03 01:13:16,btc,20.06976206696776,0.0,0.00000088,btc,2746.079105,0.0,0.0105613000000032,142
0,[],22,[],2019-05-24 13:13:36,0.0,0,0,7678502,2019-05-24 13:13:36,,65.7671051,0.0,0,,846980922.8,0.0,0.0,143
0,[],22,[],2019-02-25 15:42:22,0.0,0,0,6783783,2019-02-25 15:42:22,,4.2131946,0.0,0,,2322156.0,0.0,0.0,146
,[],22,[],2018-11-20 23:01:11,0.0,0,0,4862114,2018-11-20 23:01:11,,2.56807021,0.0,,,61828.4988236,0.0,0.0,147
1,[],12,[],2019-04-21 06:38:04,193091.5971266,0.00000071,0.000000000037635183,7388679,2019-04-21 06:38:04,btc,2.301232411611175,0.0,0.00000071,btc,9957.48302385,0.00023528,0.0313308199999888,148
1,[],4,[],2019-03-19 21:31:25,255810.0415942,0.00000029,0.000000000011615747,6982695,2019-03-19 21:31:25,btc,218.94922712414143,0.0,0.00000029,btc,793529.37642722,0.00117,0.0608347789473395,152
0,[],22,[],2019-03-19 21:31:27,0.0,0,0,6982696,2019-03-19 21:31:27,,0.0,0.0,0,,0.0,0.0,0.0,152
1,[],5,[],2019-04-26 09:36:59,0.0,0,0,7465040,2019-04-26 09:36:59,btc,0.0,0.0,0,btc,0.0,0.0,0.0,153
,[],16,[],2019-01-11 15:38:59,0.0,0,0,6366141,2019-01-11 15:38:59,btc,0.0,0.0,,btc,0.0,0.0,0.0,155
0,[],22,[],2019-05-24 13:13:39,0.0,0,0,7678503,2019-05-24 13:13:39,,6.80428744,0.0,0,,4677994.942592593,0.0,0.0,156
0,[],23,[],2019-01-20 23:24:29,0.0,0,0,6476932,2019-01-20 23:24:29,,0.0,0.0,0,,0.0,0.0,0.0,156
1,[],22,[],2019-05-24 13:13:43,7066.0,0.00000800,0.0000000006395784,7678504,2019-05-24 13:13:43,BTC,1.79802465,0.0,0.00000800,BTC,802.6461988741639,0.0,0.00062996,157
0,[],22,[],2019-05-21 23:40:32,0.0,0,0,7665049,2019-05-21 23:40:32,,50234.60468402,0.0,0,,54786159.03179465,0.0,0.0,158
,[],17,[],2018-11-20 22:56:10,0.0,0,0,4861976,2018-11-20 22:56:10,btc,1.1265625,0.0,,btc,1000.0,0.0,0.0,159
,[],20,[],2018-11-20 22:56:12,0.0,0,0,4861977,2018-11-20 22:56:12,btc,11912.7940471,0.0,,btc,34413894.3617,0.0,0.0,159
1,[],12,[],2019-05-24 02:51:20,9178.522006449999,0.00000191999999999999982841307998027158276954651228152215480804443359375,0.000000000151222656,7676256,2019-05-24 02:51:20,btc,149.80414728631675,0.0,0.00000191999999999999982841307998027158276954651228152215480804443359375,btc,1115.7451448499999,0.01783167678326,0.0120075778999181,168
1,[],17,[],2019-05-03 01:13:36,42852.0,0.00000002,0.000000000001096006,7559132,2019-05-03 01:13:36,btc,0.04279856251542,0.0,0.00000002,btc,274.46171372,0.0,0.00052852,168
1,[],22,[],2019-05-17 03:01:52,10.0,0.00000001,0.000000000000778341,7642059,2019-05-17 03:01:52,BTC,41.95893009,0.0,0.00000001,BTC,1753972.7737547632,0.0,1e-07,169
1,[],22,[],2019-05-24 13:13:47,208163.8,0.00000005,0.000000000003997365,7678505,2019-05-24 13:13:47,BTC,27.86184979,0.0,0.00000005,BTC,453085.494285045,0.00014286,0.00241439,171
1,[],22,[],2019-05-24 13:13:52,389395.0,0.00000002,0.0000000000015989459999999999,7678506,2019-05-24 13:13:52,BTC,24.3997339,0.0,0.00000002,"BTC,LTC",1038934.9936183414,0.0,0.0054799,173
1,[],5,[],2019-05-24 13:13:53,0.0,0,0,7678507,2019-05-24 13:13:53,btc,0.0,0.00260752,0,btc,0.0,0.0,0.0,175
1,[],22,[],2019-05-24 13:13:59,90671.0,0.00000001,0.0000000000007994729999999999,7678508,2019-05-24 13:13:59,BTC,394.35459412,0.0,0.00000001,BTC,136275.61833431243,0.0,0.00090671,176
1,[],7,[],2019-05-24 13:14:02,0.0,0,0,7678509,2019-05-24 13:14:02,btc,522274.2791391546,0.0,0,btc,28605057.255866,0.0,0.0,178
0,[],22,[],2019-05-24 13:14:05,0.0,0,0,7678510,2019-05-24 13:14:05,,1.00242428,0.0,0,,57512.0,0.0,0.0,178
0,[],2,[],2019-01-20 23:28:34,0.0,0,0,6477001,2019-01-20 23:28:34,,0.0,0.0,0,,0.0,0.0,0.0,178
1,[],5,[],2019-05-24 13:14:07,0.0,0,0,7678511,2019-05-24 13:14:07,btc,0.0,0.05305121,0,btc,0.0,0.0,0.0,179
1,[],22,[],2019-05-24 13:14:10,351000.0,0.00000001,0.0000000000007994729999999999,7678512,2019-05-24 13:14:10,BTC,5.31370491,0.0,0.00000001,BTC,13346087.311946675,0.000399,0.00351,179
0,[],23,[],2019-01-20 23:25:08,0.0,0,0,6476952,2019-01-20 23:25:08,,0.0,0.0,0,,0.0,0.0,0.0,179
1,[],22,[],2019-05-24 13:16:13,654774.2982683983,0.00000022,0.000000000017588405999999998,7678513,2019-05-24 13:16:13,BTC,39.28017844,0.0,0.00000022,"BTC,LTC",144244.15222064138,0.0071402,0.5531451,180
1,[],26,[],2019-05-24 13:16:13,0.0,0.00000010,0.00000000000799473,7678514,2019-05-24 13:16:13,btc,0.0,1750.0,0.00000010,btc,0.0,0.0,0.0,180
1,[],17,[],2019-05-03 01:13:56,20504.725000000002,0.0000001,0.00000000000548003,7559141,2019-05-03 01:13:56,btc,5.2010695838400265,0.0,0.0000001,btc,5033.45945,0.0,0.0011504725,180
,[],7,[],2018-11-20 22:58:01,562227.975654,0.00000085,0.000000000036176765,4862015,2018-11-20 22:58:01,btc,21836.6059674,2491.87645172,,btc,749999.041456,0.00211021,0.127565380455,183
,[],5,[],2019-01-10 08:11:41,0.0,0,0,6347036,2019-01-10 08:11:41,btc,82.15055501,0.00261,,btc,1.19002445,0.0,0.0,187
,[],17,[],2018-11-16 20:58:10,4062536.27273,0.00000001,0.000000000000550501,4708775,2018-11-16 20:58:10,btc,3.36492563466,0.195460381006,,"btc,eth",110697919.549,0.0,0.0157628953496,187
1,[],24,[],2019-05-22 21:04:52,0.0,0.000000000014,0.0000000000000010960978,7670219,2019-05-22 21:04:52,btc,0.0,0.0,0.000000000014,btc,0.0,0.0,0.0,187
0,[],22,[],2019-04-25 02:54:07,0.0,0,0,7447896,2019-04-25 02:54:07,,7.54794454,0.0,0,,76361.7243344055,0.0,0.0,191
0,[],22,[],2019-05-24 13:16:17,0.0,0,0,7678515,2019-05-24 13:16:17,,0.0,0.0,0,,0.0,0.0,0.0,197
0,[],23,[],2019-01-20 23:31:41,0.0,0,0,6477079,2019-01-20 23:31:41,,0.0,0.0,0,,0.0,0.0,0.0,199
0,[],22,[],2019-05-24 11:46:28,0.0,0,0,7678049,2019-05-24 11:46:28,,10.26020274,0.0,0,,87004504.0,0.0,0.0,199
1,[],26,[],2019-05-24 11:46:30,0.0,0.00000000,0,7678050,2019-05-24 11:46:30,btc,0.0,0.0,0.00000000,btc,0.0,0.0,0.0,199
0,[],2,[],2019-01-20 23:30:49,0.0,0,0,6477059,2019-01-20 23:30:49,,0.0,0.0,0,,0.0,0.0,0.0,201
1,[],4,[],2019-01-25 15:51:35,2084389.58565343,0.00000936,0.000000000333526752,6499557,2019-01-25 15:51:35,btc,2.0092503037378524,0.0,0.00000936,btc,160195.80207885,0.19272417,1.242687955921835,211
1,[],7,[],2019-05-24 13:16:22,25739730.91994588,0.00000031,0.000000000024783663,7678516,2019-05-24 13:16:22,btc,15200498.739533577,2163437.47888,0.00000031,btc,8960342.25022603,0.0,2.2122363325417354,212
1,[],5,[],2019-05-24 13:16:23,0.0,0,0,7678517,2019-05-24 13:16:23,btc,0.0,0.03701251,0,btc,0.0,0.0,0.0,213
1,[],24,[],2019-05-24 13:16:24,0.0,0.000000090000,0.000000000007195257,7678518,2019-05-24 13:16:24,btc,0.0,0.0,0.000000090000,btc,0.0,0.0,0.0,213
1,[],26,[],2019-05-24 13:16:24,0.0,0.00000040,0.00000000003197892,7678519,2019-05-24 13:16:24,btc,0.0,0.0,0.00000040,btc,0.0,0.0,0.0,213
1,[],12,[],2019-01-25 02:44:32,207462.42853209,0.000001080000000000000035831255497387193287295303889550268650054931640625,0.000000000038610756000000006,6493050,2019-01-25 02:44:32,btc,85023.03793723314,0.0,0.000001080000000000000035831255497387193287295303889550268650054931640625,btc,43675.73520027,0.000146250909087,0.0348620860622024,213
0,[],22,[],2019-05-24 13:16:27,0.0,0,0,7678520,2019-05-24 13:16:27,,9.61445386,0.0,0,,3661587.094064925,0.0,0.0,216
0,[],27,[],2019-05-24 13:16:36,0.0,0,0,7678521,2019-05-24 13:16:36,,66.3989566180052,0.0,0,"btc,ltc",417200.40768,0.0,0.0,216
1,[],22,[],2019-05-24 13:16:39,261006.9,0.00000022,0.000000000017588405999999998,7678522,2019-05-24 13:16:39,BTC,12054.79011015,0.0,0.00000022,BTC,429196.39186540945,1.05e-06,0.03099704,217
1,[],7,[],2019-05-24 13:16:40,0.0,0,0,7678523,2019-05-24 13:16:40,btc,1234863.9744444147,0.0,0,btc,162514363.92083928,0.0,0.0,219
0,[],27,[],2019-05-24 13:16:48,0.0,0,0,7678524,2019-05-24 13:16:48,,0.105466823472,0.0,0,btc,3058319.8967,0.0,0.0,219
0,[],28,[],2019-05-24 13:17:16,0.0,0,0,7678525,2019-05-24 13:17:16,,0.0,17801.0,0,,0.0,0.0,0.0,219
1,[],22,[],2019-05-23 16:41:05,172069.0,0.00000004,0.0000000000031167080000000004,7674065,2019-05-23 16:41:05,BTC,56.76466137,0.0,0.00000004,BTC,127061.6482738741,0.0,0.00393676,221
1,[],24,[],2019-05-23 16:41:05,0.0,0.000000010000,0.0000000000007791770000000001,7674066,2019-05-23 16:41:05,btc,0.0,0.0,0.000000010000,btc,0.0,0.0,0.0,221
1,[],20,[],2019-05-24 13:17:20,5054087.9812,0.000000002,0.0000000000001598946,7678526,2019-05-24 13:17:20,btc,100049.80256720647,15000000.0,0.000000002,btc,38046697.7516,0.01750531979,0.0051129074812,224
0,[],22,[],2019-05-24 13:17:22,0.0,0,0,7678527,2019-05-24 13:17:22,,0.0,0.0,0,,0.0,0.0,0.0,224
1,[],26,[],2019-05-24 13:17:23,0.0,0.00000026,0.000000000020786298,7678528,2019-05-24 13:17:23,btc,0.0,0.0,0.00000026,btc,0.0,0.0,0.0,231
1,[],26,[],2019-05-24 13:17:23,0.0,0.00000006,0.000000000004796838,7678529,2019-05-24 13:17:23,btc,0.0,0.0,0.00000006,btc,0.0,0.0,0.0,234
0,[],27,[],2019-05-24 13:17:32,0.0,0,0,7678530,2019-05-24 13:17:32,,0.01134836604,0.0,0,"btc,eth",11462.996,0.0,0.0,234
1,[],4,[],2019-05-22 17:06:12,91780.56053785,0.00000078,0.000000000061977552,7669277,2019-05-22 17:06:12,btc,5.573372450018177,0.0,0.00000078,btc,729173.93529783,0.0,0.0307060663355679,236
1,[],24,[],2019-05-22 17:06:12,0.0,0.000000010000,0.000000000000794584,7669278,2019-05-22 17:06:12,btc,0.0,0.0,0.000000010000,btc,0.0,0.0,0.0,236
1,[],5,[],2019-05-24 13:17:33,0.0,0,0,7678531,2019-05-24 13:17:33,btc,0.0,0.28102897,0,btc,0.0,0.0,0.0,237
1,[],20,[],2019-05-24 13:17:34,122173842.4434,0.000000043,0.0000000000034377339,7678532,2019-05-24 13:17:34,btc,58793.19730970044,15917724.1775,0.000000043,btc,43048187.5961,0.7171604339008,0.5190645283473,237
1,[],22,[],2019-05-24 13:17:38,363100.0,0.00000003,0.000000000002398419,7678533,2019-05-24 13:17:38,BTC,1.20267422,0.0,0.00000003,"BTC,LTC",17930.94871794872,0.0,0.009791,237
1,[],4,[],2019-05-24 13:17:40,27204046.5470849,0.00000012,0.000000000009593676,7678534,2019-05-24 13:17:40,btc,2.923562818773427,0.0,0.00000012,btc,9805658.2423626,0.0905197,0.5938678005911231,238
1,[],5,[],2019-05-24 13:17:42,0.0,0,0,7678535,2019-05-24 13:17:42,btc,0.0,0.00321308,0,btc,0.0,0.0,0.0,238
0,[],22,[],2019-03-12 16:49:32,0.0,0,0,6914458,2019-03-12 16:49:32,,0.40415746,0.0,0,,526736.5639027493,0.0,0.0,249
0,[],22,[],2019-05-24 13:17:47,0.0,0,0,7678536,2019-05-24 13:17:47,,13.39584725,0.0,0,,40977695.3426455,0.0,0.0,252
0,[],28,[],2019-05-24 13:18:00,0.0,0,0,7678537,2019-05-24 13:18:00,,0.0,105919.57,0,,0.0,0.0,0.0,256
1,[],22,[],2019-05-24 13:18:04,1052904.0,0.00000001,0.0000000000007994729999999999,7678538,2019-05-24 13:18:04,BTC,21.85885958,0.0,0.00000001,BTC,542925.7509808998,0.0,0.01052904,258
1,[],22,[],2019-05-19 18:12:02,400.0,0.00000001,0.0000000000007957800000000001,7653905,2019-05-19 18:12:02,BTC,2.415167,0.0,0.00000001,BTC,157.0,0.0,4e-06,259
1,[],5,[],2019-05-24 13:18:06,0.0,0,0,7678539,2019-05-24 13:18:06,btc,0.0,0.00472018,0,btc,0.0,0.0,0.0,264
1,[],20,[],2019-05-24 13:18:08,903840.9643,0.000000387,0.0000000000309396051,7678540,2019-05-24 13:18:08,btc,1.0226456436266,0.0,0.000000387,btc,113553.0288,0.0,0.0080290633573,264
0,[],22,[],2019-04-12 17:57:27,0.0,0,0,7278186,2019-04-12 17:57:27,,66.37522201,0.0,0,,677842.4169881374,0.0,0.0,271
0,[],22,[],2019-05-24 13:18:11,0.0,0,0,7678541,2019-05-24 13:18:11,,33050467.4724609,0.0,0,,14361462970.7,0.0,0.0,272
0,[],28,[],2019-05-24 13:18:23,0.0,0,0,7678542,2019-05-24 13:18:23,,0.0,52158520761.37,0,,0.0,0.0,0.0,272
1,[],22,[],2019-05-23 07:12:29,219930.0,0.00000004,0.000000000003048688,7671985,2019-05-23 07:12:29,BTC,426.77835217,0.0,0.00000004,BTC,248664.3325962929,0.0,0.00739728,281
1,[],22,[],2019-05-24 13:18:29,989992.6,0.00000004,0.0000000000031978919999999998,7678543,2019-05-24 13:18:29,BTC,2.649833,0.0,0.00000004,"BTC,LTC",843899.03032866,0.002042840000034746,0.04019681,286
0,[],22,[],2019-05-24 13:18:31,0.0,0,0,7678544,2019-05-24 13:18:31,,7337899.5475411,0.0,0,,1884356788.7797825,0.0,0.0,294
