pairValue,buyBook,exchangeId,sellBook,updated,buyTotal,satoshiPrice,usdPrice,exchangeLogId,created,bestPair,sellTotalBtc,volume,pairPrice,activePairs,sellTotal,volumeBtc,buyTotalBtc,coinId
1,[],3,[],2019-02-07 03:01:05,95.982965421721,0.01251254000000000081438411569934032741002738475799560546875,0.00000042620213748000003,6609183,2019-02-07 03:01:05,btc,107.09334144428402,1.4596432,0.01251254000000000081438411569934032741002738475799560546875,btc,23.881802540772,0.0,0.08691122122439798,1
1,[],4,[],2019-02-07 03:01:06,120135.23651326,0.01260518,0.00000042935764115999996,6609184,2019-02-07 03:01:06,btc,0.9586487726388111,0.0,0.01260518,btc,72.70609596,0.40601503,1.3700798931108562,1
1,[],5,[],2019-02-07 03:01:08,0.21772679,0.01225000,0.0000004172595,6609185,2019-02-07 03:01:08,btc,14578.01765719,0.00885776,0.01225000,btc,35555556.11338873,0.0,1.43877993,1
1,[],10,[],2019-02-07 03:01:10,414828.91699387,0.01141256,0.00000038873461872,6609186,2019-02-07 03:01:10,btc,6533.570195262533,1289.29301671,0.01141256,btc,1071.78298017,0.0,4.3903680228500175,1
1,[],12,[],2019-02-07 03:01:11,10439.41467417,0.01263000000000000060118576783452226663939654827117919921875,0.00000043020306,6609187,2019-02-07 03:01:11,btc,0.3285889569499,0.0,0.01263000000000000060118576783452226663939654827117919921875,btc,20.26041024,0.4837208602086,0.3915554934343,1
1,[],20,[],2019-02-07 03:01:14,1149.1772,0.01200001,0.00000040874434061999997,6609188,2019-02-07 03:01:14,btc,0.0580330504203,0.0,0.01200001,btc,2.5989,0.0,0.0843085388377,1
1,[],21,[],2019-02-07 03:01:15,2458.72116518,0.01263612000000000068489214300,0.00000043041151944,6609189,2019-02-07 03:01:15,btc,15.903009183467097,1790.48223082,0.0126361200000000006848921429991605691611766815185546875,"btc,eth",1867.53160017,21.06861266418854,24.26446738498666,1
1,[],22,[],2019-02-07 03:01:19,0.0263776,0.01350000,0.000000459837,6609190,2019-02-07 03:01:19,BTC,0.31397231,0.0,0.01350000,BTC,0.10124366666666666,0.0,0.00034472,1
1,[],24,[],2019-02-07 03:01:19,0.0,0.000000000000,0,6609191,2019-02-07 03:01:19,btc,0.0,0.0,0.000000000000,btc,0.0,0.0,0.0,1
0.0,[],25,[],2019-02-07 03:01:20,0.0,0,0,6609192,2019-02-07 03:01:20,btc,14.896199997300299,2080.13394442,0.0,btc,1130.92490175,26.5865,0.0,1
1,[],26,[],2019-02-07 03:01:38,0.0,0,0,6609193,2019-02-07 03:01:38,,0.0,0.0,0,,0.0,0.0,0.0,1
1,[],28,[],2019-02-07 03:01:40,987.9,0.01131000,0.00000038524122,6609194,2019-02-07 03:01:40,btc,0.162839806,18173.85,0.01131000,btc,8.9,0.0,0.024551096,1
0,[],2,[],2019-01-20 23:28:45,0.0,0,0,6477011,2019-01-20 23:28:45,,0.0,0.0,0,,0.0,0.0,0.0,1
1,[],5,[],2019-02-07 03:01:42,2.212e-05,0.00000075,0.0000000000255465,6609195,2019-02-07 03:01:42,btc,0.14677726,0.0277524,0.00000075,btc,7.133e-05,0.0,0.45603584,2
0,[],22,[],2019-02-07 03:01:44,0.0,0,0,6609196,2019-02-07 03:01:44,,0.0,0.0,0,,0.0,0.0,0.0,2
1,[],5,[],2019-02-07 03:01:45,1.25e-06,0.00000016,0.0000000000054499199999999995,6609197,2019-02-07 03:01:45,btc,3.47090702,0.01132439,0.00000016,btc,2.204e-05,0.0,2.92884367,3
1,[],12,[],2019-02-07 03:01:46,12310711.0101352,0.000000168,0.0000000000057224159999999995,6609198,2019-02-07 03:01:46,btc,921361.5263599143,0.0,0.000000168,btc,8102245.34770557,0.08015151615201994,0.5176941631132808,3
0,[],28,[],2019-02-07 03:01:48,0.0,0,0,6609199,2019-02-07 03:01:48,,0.0,0.0,0,,0.0,0.0,0.0,3
0,[],2,[],2019-01-20 23:31:32,0.0,0,0,6477077,2019-01-20 23:31:32,,0.0,0.0,0,,0.0,0.0,0.0,4
1,[],4,[],2019-02-07 03:01:49,560751.31010758,0.00000032,0.000000000010899839999999999,6609200,2019-02-07 03:01:49,btc,0.3705395024461971,0.0,0.00000032,btc,348536.28413462,0.0,0.0987442231999018,4
1,[],12,[],2019-02-06 17:43:51,1519183.5219999999,0.00000004,0.000000000001361944,6605019,2019-02-06 17:43:51,btc,11013878.268140282,0.0,0.00000004,btc,964899.39031991,0.0009933149650351,0.02495011044,5
0,[],2,[],2019-01-20 23:31:51,0.0,0,0,6477087,2019-01-20 23:31:51,,0.0,0.0,0,,0.0,0.0,0.0,6
1,[],11,[],2019-02-07 02:53:12,10346309.4999525,0.00000002,0.0000000000006810660000000001,6608998,2019-02-07 02:53:12,btc,9433.358465814097,26800.0,0.00000002,btc,41595182.18502707,0.0,0.17059767499905001,6
1,[],3,[],2019-02-07 03:01:50,1066.558051320279,0.000150559999999999995050348200464895853656344115734100341796875,0.00000000512837472,6609201,2019-02-07 03:01:50,btc,27.600142753279105,0.0,0.000150559999999999995050348200464895853656344115734100341796875,btc,234.145665820227,0.0,0.03053197781660925,7
1,[],4,[],2019-02-07 03:01:50,20632.42876614,0.00019203,0.00000000654092586,6609202,2019-02-07 03:01:50,btc,1.8374543746726377,0.0,0.00019203,btc,8777.03104205,2.0253919,3.34357430671833,7
1,[],5,[],2019-02-07 03:01:52,0.00602956,0.00019310,0.0000000065773721999999995,6609203,2019-02-07 03:01:52,btc,1.53455145,0.32523937,0.00019310,btc,0.01182043,0.0,1.47825421,7
1,[],20,[],2019-02-07 03:01:54,66461509.91,0.000000001,0.000000000000034062,6609204,2019-02-07 03:01:54,btc,116.1315013062774,0.0,0.000000001,btc,28812144.5195,0.0,0.06646150991,8
1,[],1,[],2019-02-07 03:01:55,681880.26,0.00000190999999999999992415680542812150832787665422074496746063232421875,0.00000000006505842,6609205,2019-02-07 03:01:55,btc,0.6261217243,7959103.13,0.00000190999999999999992415680542812150832787665422074496746063232421875,btc,321806.66,14.93442315,1.280991085,9
1,[],4,[],2019-02-07 03:01:56,359885.39754572,0.00000189,0.00000000006437718,6609206,2019-02-07 03:01:56,btc,0.9556248938616778,0.0,0.00000189,btc,486610.80119464,0.99890037,0.6276144555957598,9
1,[],28,[],2019-02-07 03:01:57,34500.0,0.00000165,0.0000000000562023,6609207,2019-02-07 03:01:57,btc,2708.7727397804,3511290.0,0.00000165,btc,15437.14,0.0,0.02854,9
0,[],2,[],2019-01-20 23:22:42,0.0,0,0,6476876,2019-01-20 23:22:42,,0.0,0.0,0,,0.0,0.0,0.0,9
0,[],23,[],2019-01-20 23:22:48,0.0,0,0,6476878,2019-01-20 23:22:48,,0.0,0.0,0,,0.0,0.0,0.0,9
1,[],4,[],2019-02-04 22:10:59,7341799.37826053,0.00000002,0.000000000000693444,6584299,2019-02-04 22:10:59,btc,0.1999615409270056,0.0,0.00000002,btc,4135980.29534268,0.00062922,0.0786653918652106,10
1,[],4,[],2019-02-07 03:01:58,2309331.60328411,0.00000150,0.000000000051093,6609208,2019-02-07 03:01:58,btc,1.1593843201656675,0.0,0.00000150,btc,734956.82576318,1.38624097,3.2361554594103117,12
1,[],5,[],2019-02-07 03:02:00,2.697e-05,0.00000147,0.00000000005007114,6609209,2019-02-07 03:02:00,btc,0.65688793,0.38692451,0.00000147,btc,0.00011603,0.0,0.22807773,12
0.0,[],25,[],2019-02-07 03:02:01,0.0,0,0,6609210,2019-02-07 03:02:01,,0.0,0.0,0.0,btc,0.0,0.0,0.0,12
0,[],2,[],2019-01-20 23:23:08,0.0,0,0,6476890,2019-01-20 23:23:08,,0.0,0.0,0,,0.0,0.0,0.0,12
1,[],4,[],2019-02-07 03:02:02,1262821.31264199,0.00000581,0.00000000019790021999999998,6609211,2019-02-07 03:02:02,btc,0.4251253860329645,0.0,0.00000581,btc,67120.88313819,0.350427,1.0020003909818103,13
1,[],21,[],2019-02-07 03:02:05,1582877.04236837,0.000005869999999999999702607680896,0.00000000019994393999999998,6609212,2019-02-07 03:02:05,btc,2.8628146153880083,369013.6430964,0.00000586999999999999970260768089591607576949172653257846832275390625,btc,433706.46005544,2.20347517,8.103853657937737,13
1,[],10,[],2019-02-06 20:47:12,675538.60752415,0.00000579,0.000000000197215506,6606701,2019-02-06 20:47:12,btc,666810.5856334516,11757.0012494,0.00000579,btc,755074.18150022,0.0,0.8285766981120432,13
1,[],4,[],2019-02-07 03:02:06,1206819.17623757,0.00000164,0.000000000055861679999999995,6609213,2019-02-07 03:02:06,btc,0.1106987665092166,0.0,0.00000164,btc,51033.8617635,0.00969274,0.5214859488894276,14
1,[],12,[],2019-02-07 03:02:07,109626.80271871,0.000001520000000000000058272072063492164062381561961956322193145751953125,0.00000000005177424,6609214,2019-02-07 03:02:07,btc,1.7637269231737391,0.0,0.000001520000000000000058272072063492164062381561961956322193145751953125,btc,28186.00592497,0.0,0.0378462199999889,14
0,[],17,[],2019-02-07 03:02:09,0.0,0,0,6609215,2019-02-07 03:02:09,btc,0.0,0.0,0,btc,0.0,0.0,0.0,14
1,[],26,[],2019-02-07 03:02:09,0.0,0.00000049,0.00000000001669038,6609216,2019-02-07 03:02:09,btc,0.0,0.0,0.00000049,btc,0.0,0.0,0.0,14
0,[],4,[],2019-02-07 03:02:10,0.0,0,0,6609217,2019-02-07 03:02:10,,0.0,0.0,0,,0.0,0.0,0.0,15
,[],12,[],2018-12-01 15:15:48,204241.84496,0.00000489,0.000000000202473384,5260204,2018-12-01 15:15:48,btc,49.5475654835,0.0,,btc,35763.2193806,0.0163153972027625,0.0203389899998,15
1,[],4,[],2019-02-07 03:02:11,23720.73326656,0.00001794,0.00000000061107228,6609218,2019-02-07 03:02:11,btc,2.3034051238794575,0.0,0.00001794,btc,11899.43294953,0.03804517,0.0585338530461294,18
1,[],10,[],2019-02-07 03:02:13,789557.55313822,0.00001772,0.0000000006035786399999999,6609219,2019-02-07 03:02:13,btc,15.590562085635508,4066.44279143,0.00001772,btc,12648.47806709,0.0,0.2921553190124578,18
1,[],12,[],2019-02-07 03:02:14,200414.55987141,0.00001563000000000000112442173627602670649139326997101306915283203125,0.00000000053238906,6609220,2019-02-07 03:02:14,btc,0.1994267278159677,0.0,0.00001563000000000000112442173627602670649139326997101306915283203125,btc,2473.24805576,0.010264051582,0.0103289996949297,18
0,[],17,[],2019-02-07 03:02:16,0.0,0,0,6609221,2019-02-07 03:02:16,btc,0.0,0.0,0,btc,0.0,0.0,0.0,18
0,[],2,[],2019-01-20 23:23:38,0.0,0,0,6476906,2019-01-20 23:23:38,,0.0,0.0,0,,0.0,0.0,0.0,18
1,[],3,[],2019-02-07 03:02:17,124750.64017392685,0.0000212900000000000011435817570681905408491729758679866790771484375,0.00000000072517998,6609222,2019-02-07 03:02:17,btc,0.4510756535126151,271.857894737,0.0000212900000000000011435817570681905408491729758679866790771484375,btc,5277.930805902641,0.0,0.10099494543159214,19
1,[],4,[],2019-02-07 03:02:17,238207.96131321,0.00002027,0.00000000069043674,6609223,2019-02-07 03:02:17,btc,0.362545669205996,0.0,0.00002027,btc,13357.03367734,0.93533547,2.439715543845757,19
1,[],5,[],2019-02-07 03:02:19,0.00013112,0.00002500,0.00000000085155,6609224,2019-02-07 03:02:19,btc,0.26628179,0.02086066,0.00002500,btc,0.00295582,0.0,0.15732775,19
1,[],12,[],2019-02-07 03:02:20,134785.93500915,0.00002411000000000000124890549291212238358639297075569629669189453125,0.00000000082123482,6609225,2019-02-07 03:02:20,btc,0.0301484272699098,0.0,0.00002411000000000000124890549291212238358639297075569629669189453125,btc,315.41105484,0.00020965,0.0321414983444654,19
0,[],27,[],2019-02-07 03:02:22,0.0,0,0,6609226,2019-02-07 03:02:22,,0.0,0.0,0,btc,0.0,0.0,0.0,19
0,[],2,[],2019-01-20 23:24:19,0.0,0,0,6476924,2019-01-20 23:24:19,,0.0,0.0,0,,0.0,0.0,0.0,19
1,[],4,[],2019-02-07 03:02:23,8042346.97209016,0.00000013,0.00000000000442806,6609227,2019-02-07 03:02:23,btc,0.8115322781103699,0.0,0.00000013,btc,1594753.31171721,0.0,0.255683087491571,20
1,[],4,[],2019-02-07 03:02:24,122264894.60142225,0.00000002,0.0000000000006812399999999999,6609228,2019-02-07 03:02:24,btc,0.6224738416939943,0.0,0.00000002,btc,16092520.56995158,0.003052,1.4550774762382854,21
1,[],12,[],2019-02-07 03:02:25,19032664.0,0.00000002,0.00000000000068124,6609229,2019-02-07 03:02:25,btc,669.7788089732579,0.0,0.00000002,btc,8561851.65434831,1.674e-05,0.25358563,21
0,[],17,[],2019-02-07 03:02:26,0.0,0,0,6609230,2019-02-07 03:02:26,btc,0.0,0.0,0,btc,0.0,0.0,0.0,21
1,[],12,[],2019-02-07 03:02:28,2156427763.531895,0.0000000001,0.0000000000000034062,6609231,2019-02-07 03:02:28,btc,1729404717701.6172,0.0,0.0000000001,btc,4280542275.189022,0.007024047563637061,0.2156427763531895,23
0,[],27,[],2019-02-07 03:02:30,0.0,0,0,6609232,2019-02-07 03:02:30,,0.426429,0.0,0,eth,426429.0,0.0,0.0,23
1,[],4,[],2019-02-07 03:02:30,385514.38165084,0.00000078,0.00000000002656836,6609233,2019-02-07 03:02:30,btc,0.0772441758555198,0.0,0.00000078,btc,69879.45797619,0.02584874,0.1985851210881931,24
1,[],22,[],2019-02-07 03:02:33,11.76,0.00000100,0.000000000034062,6609234,2019-02-07 03:02:33,BTC,7.415e-05,0.0,0.00000100,BTC,23.919354838709676,0.0,1.176e-05,24
0.0,[],25,[],2019-02-07 03:02:35,0.0,0,0,6609235,2019-02-07 03:02:35,,0.0,0.0,0.0,btc,0.0,0.0,0.0,24
1,[],4,[],2019-02-07 03:02:36,27833773.26838981,0.00000644,0.00000000021935928,6609236,2019-02-07 03:02:36,btc,0.4302206980467898,0.0,0.00000644,btc,36547.46825772,0.17396785,0.4158075832165759,26
1,[],10,[],2019-02-07 03:02:37,731402.69972007,0.00000617,0.00000000021016254,6609237,2019-02-07 03:02:37,btc,25.974007168145405,0.0,0.00000617,btc,12936.32082482,0.0,0.2105269502068188,26
0,[],2,[],2019-01-20 23:25:56,0.0,0,0,6476976,2019-01-20 23:25:56,,0.0,0.0,0,,0.0,0.0,0.0,26
1,[],3,[],2019-02-07 03:02:38,5712427.99917938,0.00000002,0.00000000000068124,6609238,2019-02-07 03:02:38,btc,2.512979286177026,238217.170957,0.00000002,btc,16145309.5169197,0.0,0.058788779595073296,27
1,[],5,[],2019-02-07 03:02:39,3e-08,0.00000002,0.0000000000006812399999999999,6609239,2019-02-07 03:02:39,btc,1.51475804,9.135e-05,0.00000002,btc,4.69e-05,0.0,0.11664222,27
1,[],11,[],2019-02-07 03:02:40,10064996.7912115,0.00000005,0.0000000000017030999999999999,6609240,2019-02-07 03:02:40,btc,370.63310344475406,219.9,0.00000005,btc,8170877.7193934005,0.0,0.4661206184459823,27
1,[],4,[],2019-02-07 03:02:41,604375960.6005299,0.00000002,0.0000000000006812399999999999,6609241,2019-02-07 03:02:41,btc,0.21658366993748981,0.0,0.00000002,"btc,ltc",29750990.18018936,0.18567182,7.397055035448437,29
1,[],7,[],2019-02-07 03:02:42,30548361.71349306,0.00000003,0.0000000000010218599999999998,6609242,2019-02-07 03:02:42,btc,44465205.798347004,9008273.55661,0.00000003,btc,42084625.2381388,0.0,0.4508946530468023,29
1,[],4,[],2019-02-07 02:54:11,1659090.99581979,0.00000032,0.000000000010897056,6609041,2019-02-07 02:54:11,btc,0.2769416853292767,0.0,0.00000032,btc,558380.02004131,0.00766627,0.1587536814929488,30
0,[],17,[],2019-02-07 02:54:13,0.0,0,0,6609042,2019-02-07 02:54:13,btc,0.0,0.0,0,btc,0.0,0.0,0.0,30
1,[],4,[],2019-02-07 03:02:43,1150381.49667235,0.00006604,0.00000000224945448,6609243,2019-02-07 03:02:43,btc,0.955639714655601,0.0,0.00006604,btc,12305.91967095,0.91489384,2.967773633860661,31
1,[],21,[],2019-02-07 03:02:46,94338.11847004,0.00006619999999999999636905029243,0.0000000022549044,6609244,2019-02-07 03:02:46,btc,4.062718199227024,256992.92246796,0.000066199999999999996369050292432945070686400867998600006103515625,btc,55317.56736852,17.29189696,5.809009279665945,31
0,[],2,[],2019-01-20 23:28:43,0.0,0,0,6477009,2019-01-20 23:28:43,,0.0,0.0,0,,0.0,0.0,0.0,32
1,[],4,[],2019-02-07 02:54:15,151027785.5262905,0.00000005,0.000000000001702665,6609045,2019-02-07 02:54:15,btc,2.130555127171122,0.0,0.00000005,"btc,ltc",42731100.34469954,0.55844483,2.774238780098281,33
1,[],12,[],2019-02-07 02:54:16,16397158.0,0.00000005,0.000000000001702665,6609046,2019-02-07 02:54:16,btc,17261791.771560233,0.0,0.00000005,btc,89355450.65534444,0.0391153002497526,0.57170387,33
1,[],4,[],2019-02-07 02:54:17,126591376.50715794,0.00000001,0.000000000000340533,6609047,2019-02-07 02:54:17,btc,0.7716265075124847,0.0,0.00000001,btc,25720883.58374949,1.30625027,1.2659137650715793,34
1,[],5,[],2019-02-07 02:54:18,3e-08,0.00000002,0.000000000000681066,6609048,2019-02-07 02:54:18,btc,3.47175874,1.34159052,0.00000002,btc,1.394e-05,0.0,0.95944921,34
0.0000000000968519,[],4,[],2019-02-07 03:02:47,1298223217.304,2.905557e-18,9.896908253399999e-23,6609245,2019-02-07 03:02:47,ltc,7.857149789645678e-09,0.0,0.00000003,ltc,1628265790.7773836,0.0,2.447454269977403e-09,36
1,[],5,[],2019-02-07 03:02:48,0.0,0,0,6609246,2019-02-07 03:02:48,btc,193.19395139,0.0,0,btc,1.295e-05,0.0,0.0,36
0,[],17,[],2019-02-07 03:02:50,0.0,0,0,6609247,2019-02-07 03:02:50,btc,0.1417436283149719,0.00010908,0,btc,10815166.27743647,0.0,0.0,36
0.0000000000968519,[],27,[],2019-02-07 03:02:52,1000000.0,1.937038e-18,6.5979388356e-23,6609248,2019-02-07 03:02:52,ltc,252.8263276744,0.0,0.00000002,"ltc,eth",3711879.06,0.0,1.937038e-12,36
1,[],4,[],2019-02-07 02:54:25,280886.3302467,0.00000135,0.000000000045971955,6609053,2019-02-07 02:54:25,btc,0.4362013260917599,0.0,0.00000135,btc,241006.99350002,0.04777755,0.1841112661450603,37
1,[],12,[],2019-02-07 02:54:26,430346.17353834,0.000001359999999999999896105784720490294859018831630237400531768798828125,0.000000000046312487999999995,6609054,2019-02-07 02:54:26,btc,1337.8973453981514,0.0,0.000001359999999999999896105784720490294859018831630237400531768798828125,btc,850161.62299478,0.0580318046461275,0.2981147419000119,37
1,[],17,[],2019-02-07 02:54:28,1752.74075282,0.00000025,0.000000000008513325,6609055,2019-02-07 02:54:28,btc,0.05548492396405689,0.0,0.00000025,btc,1387.19918473,0.0,0.00043818518820499993,37
1,[],27,[],2019-02-07 02:54:30,16833.0,0.00000052,0.000000000017707716,6609056,2019-02-07 02:54:30,btc,32.34621317030353,0.0,0.00000052,btc,19579.81438508,0.0,0.00570484,37
1,[],5,[],2019-02-07 02:54:31,1.526e-05,0.00000091,0.000000000030988503,6609057,2019-02-07 02:54:31,btc,0.10261077,0.06981738,0.00000091,btc,0.00010921,0.0,0.04805205,42
1,[],12,[],2019-02-07 02:54:32,145876.48234811,0.0000010600000000000000155604695795119596368749625980854034423828125,0.000000000036096498,6609058,2019-02-07 02:54:32,btc,88.07057934309202,0.0,0.0000010600000000000000155604695795119596368749625980854034423828125,btc,100098.07597628,0.0085471346653412,0.049559639999998,42
0,[],27,[],2019-02-07 02:54:34,0.0,0,0,6609059,2019-02-07 02:54:34,,0.00315028,0.0,0,"btc,eth",11.007,0.0,0.0,42
1,[],5,[],2019-02-07 01:59:07,6e-08,0.00000003,0.00000000000102228,6608756,2019-02-07 01:59:07,btc,6.02533621,0.01668796,0.00000003,btc,1.425e-05,0.0,0.52794241,43
1,[],12,[],2019-02-07 01:59:07,6725799.0,0.00000002,0.00000000000068152,6608757,2019-02-07 01:59:07,btc,20007456.46467842,0.0,0.00000002,btc,38832960.74865134,0.00031132997003,0.06729673,43
0,[],17,[],2019-02-07 01:59:09,0.0,0,0,6608758,2019-02-07 01:59:09,btc,0.0,0.0,0,btc,0.0,0.0,0.0,43
1,[],12,[],2019-02-07 03:02:53,853776.0,0.00000006,0.0000000000020437199999999997,6609249,2019-02-07 03:02:53,btc,11115166.927750511,0.0,0.00000006,btc,1018626.00399599,0.0038449942857137,0.02486242,44
1,[],4,[],2019-02-07 03:02:54,224630893.3761053,0.00000002,0.0000000000006812399999999999,6609250,2019-02-07 03:02:54,btc,0.1852449234542985,0.0,0.00000002,"btc,ltc",4405931.04547867,0.00033021,0.43459436234834514,49
0.0000000000968519,[],4,[],2019-02-07 03:02:55,4577737182.117896,1.937038e-18,6.5979388356e-23,6609251,2019-02-07 03:02:55,ltc,4.6451735040876345,0.0,0.00000002,ltc,1785603133.4963932,0.0,4.6859328179769134e-09,52
0,[],22,[],2019-02-07 03:02:58,0.0,0,0,6609252,2019-02-07 03:02:58,,3693.16111,0.0,0,,247825727.90882352,0.0,0.0,57
0,[],27,[],2019-02-07 03:03:00,0.0,0,0,6609253,2019-02-07 03:03:00,,0.0,0.0,0,"btc,eth",0.0,0.0,0.0,57
0.0000000000968519,[],4,[],2019-02-07 03:03:02,1802955739.5349076,4.842595e-18,1.6494847088999999e-22,6609254,2019-02-07 03:03:02,ltc,3.2816298270211264,0.0,0.00000005,ltc,1138533378.2729623,0.0,6.150570662635909e-09,58
1,[],12,[],2019-02-07 03:03:03,2111658863.175957,0.0000000006,0.0000000000000204372,6609255,2019-02-07 03:03:03,btc,625181485554.1708,0.0,0.0000000006,btc,3390226971.472627,0.02093701212027972,0.7746867957003392,58
0,[],17,[],2019-02-07 03:03:05,0.0,0,0,6609256,2019-02-07 03:03:05,btc,1e+24,0.0,0,btc,41616695.95832568,0.0,0.0,58
0.0000000001259913,[],22,[],2019-02-07 03:03:08,137438.0,1.259913e-18,4.2915156606e-23,6609257,2019-02-07 03:03:08,XMR,69.8835922,0.0,0.00000001,XMR,9887963.0,0.0,0.00137438,58
1,[],5,[],2019-02-07 03:03:10,7.06e-06,0.00000063,0.00000000002145906,6609258,2019-02-07 03:03:10,btc,0.32706185,0.0010353,0.00000063,btc,0.00014877,0.0,0.04672464,61
1,[],22,[],2019-02-07 03:03:13,5111.5,0.00000011,0.0000000000037468199999999996,6609259,2019-02-07 03:03:13,BTC,1002.29606732,0.0,0.00000011,BTC,15028.700278135757,0.0,0.00051178,61
1,[],26,[],2019-02-07 03:03:13,0.0,0.00000800,0.000000000272496,6609260,2019-02-07 03:03:13,btc,0.0,0.0,0.00000800,btc,0.0,0.0,0.0,61
1,[],27,[],2019-02-07 03:03:15,100.0,0.00000032,0.000000000010899839999999999,6609261,2019-02-07 03:03:15,btc,0.077778,0.0,0.00000032,"btc,eth",154.84,0.0,3.1e-05,61
1,[],28,[],2019-02-07 03:03:20,6884.304,0.0000006,0.0000000000204372,6609262,2019-02-07 03:03:20,btc,2.059333633700105,725.0,0.0000006,btc,10745.10450005,0.0,0.00216611304,61
1,[],4,[],2019-02-07 03:03:21,375837.40480547,0.00000185,0.0000000000630147,6609263,2019-02-07 03:03:21,btc,0.7534203699719934,0.0,0.00000185,btc,228926.63803571,0.07051806,0.5008584516704206,67
0.0,[],25,[],2019-02-07 03:03:22,0.0,0,0,6609264,2019-02-07 03:03:22,,0.0,0.0,0.0,btc,0.0,0.0,0.0,67
1,[],12,[],2019-02-07 03:03:24,2890206.66344444,0.00000038,0.00000000001294356,6609265,2019-02-07 03:03:24,btc,11115896.451603582,0.0,0.00000038,btc,1930346.26833165,0.0921740901498609,0.0841654964411108,71
,[],5,[],2018-11-20 23:02:39,1.5e-07,0.00000005,0.000000000002128045,4862160,2018-11-20 23:02:39,btc,2.84511358,0.0,,btc,0.00036572,0.0,0.07381892,74
1,[],5,[],2019-01-25 15:53:51,3.303e-05,0.00000156,0.000000000055588884,6499610,2019-01-25 15:53:51,btc,1.42844212,0.0,0.00000156,btc,0.00015937,0.0,0.49487621,75
1,[],4,[],2019-02-07 03:03:25,61335380.82492337,0.00000001,0.00000000000034061999999999997,6609266,2019-02-07 03:03:25,btc,0.7643178127338421,0.0,0.00000001,btc,14463797.09306941,0.00040318,0.6133538082492337,81
0,[],20,[],2019-01-25 09:30:31,0.0,0,0,6495923,2019-01-25 09:30:31,btc,0.0,0.0,0,btc,0.0,0.0,0.0,81
1,[],4,[],2019-02-07 03:03:26,23958.52558343,0.00007350,0.000000002503557,6609267,2019-02-07 03:03:26,btc,0.7935694319124355,0.0,0.00007350,btc,7280.92092544,0.00382959,0.0990610814655839,82
1,[],21,[],2019-02-07 03:03:27,78002.68912647,0.00007514999999999999707577663655,0.0000000025597592999999996,6609268,2019-02-07 03:03:27,btc,3.4256058665423508,4059.30868368,0.000075149999999999997075776636545896280949818901717662811279296875,btc,39124.91797892,0.30697247,3.808142067069359,82
0,[],17,[],2019-02-07 02:55:07,0.0,0,0,6609080,2019-02-07 02:55:07,btc,0.0447233088476774,0.0,0,btc,999127.19588126,0.0,0.0,84
0.0000000000968519,[],4,[],2019-02-07 03:03:28,335561488.49713564,1.1622228e-17,3.9587633013599997e-22,6609269,2019-02-07 03:03:28,ltc,0.19569063222221142,0.0,0.00000012,ltc,68625249.50869605,0.0,1.308801183746143e-09,85
,[],22,[],2018-11-20 23:09:34,3408.1,0.0000001,0.0000000000041895,4862324,2018-11-20 23:09:34,BTC,0.04624735,0.0,,BTC,4990.0,0.0,0.00033081,86
1,[],22,[],2019-02-07 03:03:31,740.0,0.00000005,0.0000000000017030999999999999,6609270,2019-02-07 03:03:31,BTC,2.07746772,0.0,0.00000005,BTC,141362.94736842104,0.0,3.7e-05,87
0,[],27,[],2019-02-07 03:03:33,0.0,0,0,6609271,2019-02-07 03:03:33,,0.0,0.0,0,btc,0.0,0.0,0.0,87
,[],2,[],2018-11-20 23:10:47,0.0,0,0,4862359,2018-11-20 23:10:47,,0.0,0.0,,,0.0,0.0,0.0,88
1,[],11,[],2019-02-07 02:55:14,96685.31773311,0.000177159999999999991093790896456994232721626758575439453125,0.000000006032882628,6609084,2019-02-07 02:55:14,btc,246.6424541489402,12.7655555,0.000177159999999999991093790896456994232721626758575439453125,btc,188018.4433066,0.0,6.654477014291625,89
0,[],2,[],2019-01-20 23:31:45,0.0,0,0,6477083,2019-01-20 23:31:45,,0.0,0.0,0,,0.0,0.0,0.0,91
1,[],12,[],2019-02-07 03:03:34,446284.39246693,0.0000039500000000000002977110745427946625341064645908772945404052734375,0.0000000001345449,6609272,2019-02-07 03:03:34,btc,1115.2283185293534,0.0,0.0000039500000000000002977110745427946625341064645908772945404052734375,btc,36031.96182398,0.0079385581387235,0.0879698056999587,91
0,[],17,[],2019-02-07 03:03:35,0.0,0,0,6609273,2019-02-07 03:03:35,btc,0.0,0.0,0,btc,0.0,0.0,0.0,91
0.0000000000968519,[],22,[],2019-02-07 03:03:39,28845304.0,5.811114e-18,1.9793816506799999e-22,6609274,2019-02-07 03:03:39,LTC,8.80758359,0.0,0.00000006,LTC,76429729.6,0.0,1.18962528,95
1,[],4,[],2019-02-07 03:03:40,139185035.95055494,0.00000001,0.00000000000034061999999999997,6609275,2019-02-07 03:03:40,btc,0.8509309911783076,0.0,0.00000001,"btc,ltc",43510586.39789618,0.02435594,0.054539482185251474,96
0,[],12,[],2019-02-07 03:03:41,0.0,0,0,6609276,2019-02-07 03:03:41,btc,255063.47433994553,0.0,0,btc,8864342.32498475,9.99200799201e-05,0.0,96
0,[],17,[],2019-02-07 03:03:43,0.0,0,0,6609277,2019-02-07 03:03:43,btc,0.0,0.0,0,btc,0.0,0.0,0.0,96
1,[],4,[],2019-02-07 02:55:25,1482606.86912848,0.00000033,0.000000000011237589,6609091,2019-02-07 02:55:25,btc,0.2348936617899274,0.0,0.00000033,btc,411598.91347361,0.09802394,0.1318658169448962,99
0,[],2,[],2019-01-20 23:23:55,0.0,0,0,6476914,2019-01-20 23:23:55,,0.0,0.0,0,,0.0,0.0,0.0,100
1,[],4,[],2019-02-07 03:03:44,79657.85727247,0.00004346,0.0000000014803345199999999,6609278,2019-02-07 03:03:44,btc,1.1192340563043748,0.0,0.00004346,btc,22802.69841395,1.98564482,2.9107652937257917,100
1,[],22,[],2019-02-07 02:55:31,50000.0,0.00000001,0.000000000000340533,6609093,2019-02-07 02:55:31,BTC,23.50383609,0.0,0.00000001,BTC,11277.22,0.0,0.0005,101
1,[],4,[],2019-02-07 03:03:44,146637.54497524,0.00000103,0.00000000003508386,6609279,2019-02-07 03:03:44,btc,0.3974121955804552,0.0,0.00000103,btc,146301.46010147,0.03063424,0.0973609411405959,103
1,[],12,[],2019-02-07 03:03:47,84449263.590789,0.000000017,0.000000000000579054,6609280,2019-02-07 03:03:47,btc,138278920.83052698,0.0,0.000000017,btc,129023371.78470813,0.05413279796677923,0.6599301185130243,105
1,[],27,[],2019-02-07 03:03:48,10161405.89,0.00000001,0.00000000000034061999999999997,6609281,2019-02-07 03:03:48,btc,0.620832568896094,0.0,0.00000001,btc,708411.74181977,0.0,0.1016140589,105
0,[],22,[],2019-02-07 03:03:51,0.0,0,0,6609282,2019-02-07 03:03:51,,1.07253299,0.0,0,,94300.0,0.0,0.0,107
1,[],26,[],2019-02-07 03:03:51,0.0,0.00000000,0,6609283,2019-02-07 03:03:51,btc,0.0,0.0,0.00000000,btc,0.0,0.0,0.0,107
1,[],5,[],2019-02-07 03:03:52,3e-08,0.00000002,0.0000000000006812399999999999,6609284,2019-02-07 03:03:52,btc,2.80788514,0.05341649,0.00000002,btc,1.649e-05,0.0,0.11642571,112
1,[],22,[],2019-02-07 03:03:56,16966.0,0.00000001,0.00000000000034061999999999997,6609285,2019-02-07 03:03:56,BTC,2.85883288,0.0,0.00000001,BTC,1508529.0833333333,0.0,0.00016966,112
0.00000000030796210000000004,[],27,[],2019-02-07 03:03:58,500000.0,3.0796210000000003e-18,1.04898050502e-22,6609286,2019-02-07 03:03:58,eth,1.25132491849924,0.0,0.00000001,"btc,eth",1327.641654,0.0,1.5398105000000002e-12,112
1,[],4,[],2019-02-07 03:03:59,486121.66736144,0.00000436,0.00000000014851032,6609287,2019-02-07 03:03:59,btc,0.4198752100883205,0.0,0.00000436,btc,68851.38165339,0.20742234,0.3662389894561606,113
1,[],5,[],2019-02-07 03:04:00,2.384e-05,0.00000390,0.0000000001328418,6609288,2019-02-07 03:04:00,btc,1.0216216,0.00458907,0.00000390,btc,0.00231697,0.0,0.2077259,113
1,[],17,[],2019-02-07 03:04:01,174538.724,0.00000004,0.00000000000136248,6609289,2019-02-07 03:04:01,btc,1.3368030274032907,0.0,0.00000004,btc,51896.221,0.0,0.00308154896,116
0,[],27,[],2019-02-07 03:04:03,0.0,0,0,6609290,2019-02-07 03:04:03,,0.0,0.0,0,btc,0.0,0.0,0.0,116
1,[],4,[],2019-02-07 03:04:04,40386.10288949,0.00002600,0.000000000885612,6609291,2019-02-07 03:04:04,btc,0.3471039618709622,0.0,0.00002600,btc,11052.88786997,1.0953595,0.7495837504761312,120
1,[],7,[],2019-02-07 03:04:06,14701.01537303,0.00001796000000000000083899033553880286717685521580278873443603515625,0.00000000061175352,6609292,2019-02-07 03:04:06,btc,88979.71249584299,0.28810141,0.00001796000000000000083899033553880286717685521580278873443603515625,btc,29600.775005310003,1e-05,0.1263732153470616,120
1,[],20,[],2019-02-07 03:04:08,1565914.1136,0.000000015,0.00000000000051093,6609293,2019-02-07 03:04:08,btc,33.7484903655786,43261.8958,0.000000015,btc,1062852.4953,0.000668928437,0.0083486985797,125
1,[],22,[],2019-02-07 03:04:11,3053.0,0.00000001,0.00000000000034061999999999997,6609294,2019-02-07 03:04:11,BTC,0.01444889,0.0,0.00000001,BTC,296264.5111111111,0.0,3.053e-05,126
0,[],2,[],2019-01-20 23:25:46,0.0,0,0,6476969,2019-01-20 23:25:46,,0.0,0.0,0,,0.0,0.0,0.0,131
1,[],4,[],2019-02-07 02:56:00,145427.45823638,0.00001684,0.000000000573457572,6609110,2019-02-07 02:56:00,btc,0.6536690958748153,0.0,0.00001684,btc,31483.41948648,0.2614772,0.7340098755799683,131
0,[],17,[],2019-02-07 02:56:02,0.0,0,0,6609111,2019-02-07 02:56:02,btc,0.0009561751951600001,0.0,0,btc,35.42829368,0.0,0.0,131
1,[],4,[],2019-02-07 02:56:03,4687.06675101,0.00016027,0.000000005457722391,6609112,2019-02-07 02:56:03,btc,1.6396222008618988,0.0,0.00016027,btc,296.13066201,0.00107493,0.0200798760519904,135
1,[],3,[],2019-02-07 02:56:03,1829013.72562326,0.00000005,0.000000000001702665,6609113,2019-02-07 02:56:03,btc,0.1411339578040692,53609.8975476,0.00000005,btc,454713.80018217,0.0,0.0673182211089435,136
1,[],4,[],2019-02-07 03:04:12,81727.01115665,0.00000173,0.00000000005892725999999999,6609295,2019-02-07 03:04:12,btc,0.0719983104302891,0.0,0.00000173,btc,33282.74235581,0.02157599,0.1084961379090925,137
1,[],12,[],2019-02-07 03:04:14,314830.86330838,0.00000172000000000000004922169442866941579950434970669448375701904296875,0.00000000005858664,6609296,2019-02-07 03:04:14,btc,11982.94591273754,0.0,0.00000172000000000000004922169442866941579950434970669448375701904296875,btc,157804.09369316,4.52065434622e-05,0.0573574543350933,137
1,[],5,[],2019-02-07 03:04:16,0.00168597,0.00004801,0.00000000163531662,6609297,2019-02-07 03:04:16,btc,9.75215735,4.08118923,0.00004801,btc,0.00481992,0.0,1.34779603,142
1,[],17,[],2019-02-07 03:04:17,12500.0,0.0000001,0.0000000000034061999999999998,6609298,2019-02-07 03:04:17,btc,20.261021578975118,0.0,0.0000001,btc,5931.99821453,0.0,0.00125,142
1,[],20,[],2019-02-07 03:04:19,149884.9393,0.000040555,0.00000000138138441,6609299,2019-02-07 03:04:19,btc,3.117606365767,0.0,0.000040555,btc,6014.3882,0.0,0.2560331045843,142
1,[],22,[],2019-02-07 03:04:22,1010.0,0.00001005,0.00000000034232309999999997,6609300,2019-02-07 03:04:22,BTC,3.00445079,0.0,0.00001005,BTC,898.098,0.0,0.0006307,142
0.0,[],25,[],2019-02-07 03:04:23,0.0,0,0,6609301,2019-02-07 03:04:23,,0.0,0.0,0.0,btc,0.0,0.0,0.0,142
1,[],28,[],2019-02-07 03:04:28,79065.0,0.00004400,0.000000001498728,6609302,2019-02-07 03:04:28,btc,0.04594154168,1311.5957,0.00004400,btc,931.772,0.0,0.0535837,142
0,[],22,[],2019-02-07 02:56:19,0.0,0,0,6609122,2019-02-07 02:56:19,,60.29967435,0.0,0,,812206579.8,0.0,0.0,143
1,[],21,[],2019-02-07 02:56:20,33918482.44015584,0.00000027,0.000000000009194391000000001,6609123,2019-02-07 02:56:20,btc,54.767129747872666,3379432.13697198,0.00000027,btc,94199964.28289834,0.91432929,5.09646087122942,145
0,[],22,[],2019-02-06 20:50:35,0.0,0,0,6606817,2019-02-06 20:50:35,,3.33248929,0.0,0,,1970827.5,0.0,0.0,146
,[],22,[],2018-11-20 23:01:11,0.0,0,0,4862114,2018-11-20 23:01:11,,2.56807021,0.0,,,61828.4988236,0.0,0.0,147
1,[],12,[],2019-02-07 02:56:21,8687232.82977512,0.00000353999999999999998803908163313991508402978070080280303955078125,0.000000000120548682,6609124,2019-02-07 02:56:21,btc,16.529627169760793,0.0,0.00000353999999999999998803908163313991508402978070080280303955078125,btc,115886.52191469,0.0019459766932716,0.1221713899996664,148
1,[],4,[],2019-02-07 03:04:29,308292.39194931,0.00000028,0.00000000000953736,6609303,2019-02-07 03:04:29,btc,0.9213008154834266,0.0,0.00000028,btc,819391.51473202,0.0,0.0682596103946448,152
0,[],22,[],2019-02-07 03:04:31,0.0,0,0,6609304,2019-02-07 03:04:31,,0.0,0.0,0,,0.0,0.0,0.0,152
1,[],5,[],2019-02-07 02:56:25,0.0,0,0,6609127,2019-02-07 02:56:25,btc,4.42293222,0.0,0,btc,0.00161275,0.0,0.0,153
,[],16,[],2019-01-11 15:38:59,0.0,0,0,6366141,2019-01-11 15:38:59,btc,0.0,0.0,,btc,0.0,0.0,0.0,155
0,[],23,[],2019-01-20 23:24:29,0.0,0,0,6476932,2019-01-20 23:24:29,,0.0,0.0,0,,0.0,0.0,0.0,156
0,[],22,[],2019-02-07 03:04:34,0.0,0,0,6609305,2019-02-07 03:04:34,,6.74512347,0.0,0,,4576272.742592593,0.0,0.0,156
1,[],22,[],2019-02-07 03:04:37,7906.0,0.00000801,0.00000000027283662,6609306,2019-02-07 03:04:37,BTC,43.78801181,0.0,0.00000801,BTC,1067.5805334758436,0.0,0.00743836,157
0,[],22,[],2019-02-07 02:56:34,0.0,0,0,6609130,2019-02-07 02:56:34,,50175.6753658,0.0,0,,54007107.04179466,0.0,0.0,158
,[],17,[],2018-11-20 22:56:10,0.0,0,0,4861976,2018-11-20 22:56:10,btc,1.1265625,0.0,,btc,1000.0,0.0,0.0,159
,[],20,[],2018-11-20 22:56:12,0.0,0,0,4861977,2018-11-20 22:56:12,btc,11912.7940471,0.0,,btc,34413894.3617,0.0,0.0,159
1,[],12,[],2019-02-07 03:04:39,194362.44034461,0.00000921999999999999981571165152960389832514920271933078765869140625,0.00000000031405164,6609307,2019-02-07 03:04:39,btc,6.687419612107563,0.0,0.00000921999999999999981571165152960389832514920271933078765869140625,btc,14849.55717607,0.004785239520635,0.0921317299963315,168
1,[],17,[],2019-02-07 03:04:41,29784.95,0.000001,0.000000000034061999999999994,6609308,2019-02-07 03:04:41,btc,0.03026736251542,0.0,0.000001,btc,144.46171372,0.0,0.00716147,168
0,[],22,[],2019-02-06 12:36:32,0.0,0,0,6600935,2019-02-06 12:36:32,,1.14688224,0.0,0,,677302.5900917595,0.0,0.0,169
1,[],22,[],2019-02-07 02:56:41,228500.0,0.00000024,0.000000000008172792,6609133,2019-02-07 02:56:41,BTC,10.3293684,0.0,0.00000024,BTC,126343.5712817009,0.00591933,0.02364,171
1,[],22,[],2019-02-07 02:56:44,255092.31547619047,0.00000024,0.000000000008172792,6609134,2019-02-07 02:56:44,BTC,2.63516889,0.0,0.00000024,BTC,232816.17545635236,0.0,0.02462075,173
1,[],5,[],2019-02-07 03:04:42,2.04e-05,0.00000314,0.00000000010695467999999999,6609309,2019-02-07 03:04:42,btc,0.38588722,0.04009372,0.00000314,btc,0.00029051,0.0,0.70370843,175
1,[],22,[],2019-02-07 03:04:46,52749.25714285715,0.0000006,0.0000000000204372,6609310,2019-02-07 03:04:46,BTC,0.63422749,0.0,0.0000006,BTC,155448.43518325547,0.0,0.01833557,176
1,[],7,[],2019-02-07 03:04:47,0.0,0,0,6609311,2019-02-07 03:04:47,btc,233187.7209713411,0.0,0,btc,115003345.8074238,0.0,0.0,178
0,[],22,[],2019-02-07 03:04:50,0.0,0,0,6609312,2019-02-07 03:04:50,,1.00242428,0.0,0,,57512.0,0.0,0.0,178
0,[],2,[],2019-01-20 23:28:34,0.0,0,0,6477001,2019-01-20 23:28:34,,0.0,0.0,0,,0.0,0.0,0.0,178
0,[],23,[],2019-01-20 23:25:08,0.0,0,0,6476952,2019-01-20 23:25:08,,0.0,0.0,0,,0.0,0.0,0.0,179
1,[],5,[],2019-02-07 03:04:51,3e-08,0.00000002,0.0000000000006812399999999999,6609313,2019-02-07 03:04:51,btc,16.90487593,0.05167024,0.00000002,btc,2.088e-05,0.0,1.00401053,179
1,[],22,[],2019-02-07 03:04:56,8340773.0,0.00000002,0.0000000000006812399999999999,6609314,2019-02-07 03:04:56,BTC,5.51804142,0.0,0.00000002,"BTC,LTC",18726503.068656635,4.65e-05,0.3940753,179
1,[],17,[],2019-02-07 03:04:58,10504.725,0.0000001,0.0000000000034061999999999998,6609315,2019-02-07 03:04:58,btc,5.2061668798771255,0.0,0.0000001,btc,6755.0074587,0.0,0.0010504725,180
1,[],22,[],2019-02-07 03:05:04,30971.945454545454,0.00000011,0.0000000000037468199999999996,6609316,2019-02-07 03:05:04,BTC,0.09643603,0.0,0.00000011,"BTC,LTC",17090.39315481,0.0,0.00327637,180
1,[],26,[],2019-02-07 03:05:04,0.0,0.00000010,0.0000000000034061999999999998,6609317,2019-02-07 03:05:04,btc,0.0,50.0,0.00000010,btc,0.0,0.0,0.0,180
,[],7,[],2018-11-20 22:58:01,562227.975654,0.00000085,0.000000000036176765,4862015,2018-11-20 22:58:01,btc,21836.6059674,2491.87645172,,btc,749999.041456,0.00211021,0.127565380455,183
,[],5,[],2019-01-10 08:11:41,0.0,0,0,6347036,2019-01-10 08:11:41,btc,82.15055501,0.00261,,btc,1.19002445,0.0,0.0,187
1,[],24,[],2019-02-07 03:05:05,0.0,0.000000000001,3.4061999999999996e-17,6609318,2019-02-07 03:05:05,btc,0.0,0.0,0.000000000001,btc,0.0,0.0,0.0,187
,[],17,[],2018-11-16 20:58:10,4062536.27273,0.00000001,0.000000000000550501,4708775,2018-11-16 20:58:10,btc,3.36492563466,0.195460381006,,"btc,eth",110697919.549,0.0,0.0157628953496,187
0,[],22,[],2019-02-07 03:05:08,0.0,0,0,6609319,2019-02-07 03:05:08,,1.19383767,0.0,0,,14406.036201072173,0.0,0.0,191
0,[],22,[],2019-02-07 02:57:20,0.0,0,0,6609146,2019-02-07 02:57:20,,0.0,0.0,0,,0.0,0.0,0.0,197
0,[],23,[],2019-01-20 23:31:41,0.0,0,0,6477079,2019-01-20 23:31:41,,0.0,0.0,0,,0.0,0.0,0.0,199
1,[],26,[],2019-02-07 03:05:08,0.0,0.00000000,0,6609320,2019-02-07 03:05:08,btc,0.0,772255.0,0.00000000,btc,0.0,0.0,0.0,199
0,[],17,[],2019-01-30 16:32:01,0.0,0,0,6540827,2019-01-30 16:32:01,btc,6.802544163788159,0.0,0,btc,105897.55575295,0.0,0.0,200
0,[],2,[],2019-01-20 23:30:49,0.0,0,0,6477059,2019-01-20 23:30:49,,0.0,0.0,0,,0.0,0.0,0.0,201
1,[],4,[],2019-01-25 15:51:35,2084389.58565343,0.00000936,0.000000000333526752,6499557,2019-01-25 15:51:35,btc,2.0092503037378524,0.0,0.00000936,btc,160195.80207885,0.19272417,1.242687955921835,211
1,[],7,[],2019-02-07 03:05:11,4304782.4151611095,0.000001489999999999999921986774779891771203210737439803779125213623046875,0.000000000050752379999999997,6609321,2019-02-07 03:05:11,btc,16567788.77801467,1576286.85263,0.000001489999999999999921986774779891771203210737439803779125213623046875,btc,10444795.20881128,0.0,4.043132940325597,212
1,[],12,[],2019-01-25 02:44:32,207462.42853209,0.000001080000000000000035831255497387193287295303889550268650054931640625,0.000000000038610756000000006,6493050,2019-01-25 02:44:32,btc,85023.03793723314,0.0,0.000001080000000000000035831255497387193287295303889550268650054931640625,btc,43675.73520027,0.000146250909087,0.0348620860622024,213
1,[],5,[],2019-02-07 03:05:13,4.66e-06,0.00000034,0.00000000001158108,6609322,2019-02-07 03:05:13,btc,1.20140729,0.14622899,0.00000034,btc,3.174e-05,0.0,0.55371382,213
1,[],24,[],2019-02-07 03:05:13,0.0,0.000000050000,0.0000000000017030999999999999,6609323,2019-02-07 03:05:13,btc,0.0,0.0,0.000000050000,btc,0.0,0.0,0.0,213
1,[],26,[],2019-02-07 03:05:13,0.0,0.00000009,0.00000000000306558,6609324,2019-02-07 03:05:13,btc,0.0,0.0,0.00000009,btc,0.0,0.0,0.0,213
1,[],22,[],2019-02-07 03:05:16,276400.0,0.00000002,0.0000000000006812399999999999,6609325,2019-02-07 03:05:16,BTC,70.20368422,0.0,0.00000002,BTC,291693.63137942314,0.00015,0.004714,216
1,[],27,[],2019-02-07 03:05:18,5049502.0,0.00000002,0.0000000000006812399999999999,6609326,2019-02-07 03:05:18,btc,313.98494254952,22327.0,0.00000002,"btc,ltc",288778.48811,0.00759118,0.05099104,216
1,[],22,[],2019-02-07 02:59:35,334904.0695775665,0.00000290,0.00000000009875457,6609154,2019-02-07 02:59:35,BTC,12677.27105736,0.0,0.00000290,BTC,416504.69016854913,0.36129073,0.53013057,217
1,[],7,[],2019-02-07 03:05:20,0.0,0,0,6609327,2019-02-07 03:05:20,btc,77970.02600413912,0.0,0,btc,134531561.1214003,0.0,0.0,219
0,[],27,[],2019-02-07 03:05:21,0.0,0,0,6609328,2019-02-07 03:05:21,,5.3418937883169715,0.0,0,btc,1605140.99226592,0.0,0.0,219
0.0000000000000054,[],28,[],2019-02-07 03:05:26,203942515.944,6.0210000000000005e-18,2.05087302e-22,6609329,2019-02-07 03:05:26,doge,88584.0309717675,19049.9,0.00111500,"btc,doge",4974437.69751,0.0,2.1502717201779642e-11,219
1,[],22,[],2019-02-07 02:59:44,219175.42222222223,0.0000009,0.00000000003064797,6609158,2019-02-07 02:59:44,BTC,2.81701609,0.0,0.0000009,BTC,43914.58953748975,0.02759548,0.03057936,221
1,[],24,[],2019-02-07 02:59:44,0.0,0.000000610000,0.000000000020772513,6609159,2019-02-07 02:59:44,btc,0.0,27703.36235,0.000000610000,btc,0.0,0.10480794,0.0,221
1,[],20,[],2019-02-07 03:05:28,6308636.1943,0.000000007,0.000000000000238434,6609330,2019-02-07 03:05:28,btc,5.9928636975851,16622.4949,0.000000007,btc,7567448.6845,0.0001321580026,0.0150812378152,224
0,[],22,[],2019-02-07 03:05:31,0.0,0,0,6609331,2019-02-07 03:05:31,,0.0,0.0,0,,0.0,0.0,0.0,224
1,[],26,[],2019-02-07 03:05:31,0.0,0.00000022,0.000000000007493639999999999,6609332,2019-02-07 03:05:31,btc,0.0,0.0,0.00000022,btc,0.0,0.0,0.0,231
1,[],26,[],2019-02-07 02:59:49,0.0,0.00000005,0.000000000001702665,6609163,2019-02-07 02:59:49,btc,0.0,100.0,0.00000005,btc,0.0,0.0,0.0,234
0,[],27,[],2019-02-07 02:59:52,0.0,0,0,6609164,2019-02-07 02:59:52,,0.0113483662182,0.0,0,"btc,eth",11462.99618,0.0,0.0,234
0,[],22,[],2019-02-07 03:05:34,0.0,0,0,6609333,2019-02-07 03:05:34,,3.02469477,0.0,0,,99242433.81349206,0.0,0.0,235
1,[],4,[],2019-02-07 02:59:55,867830.04096286,0.00000058,0.000000000019750914,6609166,2019-02-07 02:59:55,btc,0.13934967284249,0.0,0.00000058,btc,131068.30360706,0.05320475,0.1893782273835593,236
1,[],24,[],2019-02-07 02:59:55,0.0,0.000000010000,0.000000000000340533,6609167,2019-02-07 02:59:55,btc,0.0,0.0,0.000000010000,btc,0.0,0.0,0.0,236
1,[],20,[],2019-02-07 03:05:35,20897914.4871,0.00000006,0.00000000000204372,6609334,2019-02-07 03:05:35,btc,16.284954606564,22999556.8347,0.00000006,btc,26470614.7963,1.3762063714419,0.4021563094223,237
0,[],22,[],2019-02-07 03:05:38,0.0,0,0,6609335,2019-02-07 03:05:38,,0.04083605,0.0,0,,4179.0,0.0,0.0,237
1,[],4,[],2019-02-07 03:00:01,4757967.43461238,0.00000034,0.000000000011578122,6609170,2019-02-07 03:00:01,btc,0.5189968221876454,0.0,0.00000034,btc,1310512.07983845,0.10382297,1.4916422048044076,238
1,[],5,[],2019-02-07 03:00:03,3.93e-06,0.00000033,0.000000000011237589,6609171,2019-02-07 03:00:03,btc,0.77689134,0.06762465,0.00000033,btc,2.957e-05,0.0,0.24303694,238
1,[],22,[],2019-02-07 03:05:42,118965.33333333333,0.00000003,0.00000000000102186,6609336,2019-02-07 03:05:42,BTC,15.41456983,0.0,0.00000003,BTC,316933.8139027493,0.00073072,0.00356896,249
0.0000000000968519,[],22,[],2019-02-07 03:05:45,1258373.0,2.905557e-18,9.896908253399999e-23,6609337,2019-02-07 03:05:45,LTC,4.03395063,0.0,0.00000003,LTC,14505871.09,0.0,0.03675421,252
1,[],28,[],2019-02-07 03:05:50,2351208.286,0.00000009,0.00000000000306558,6609338,2019-02-07 03:05:50,btc,164692.2993508189,11976.3,0.00000009,btc,675372.1485,0.0,0.0814213363,256
1,[],22,[],2019-02-07 03:00:17,114807.0,0.00000001,0.000000000000340533,6609175,2019-02-07 03:00:17,BTC,30.2063862,0.0,0.00000001,BTC,455846.02135702135,4.365e-05,0.00114807,258
1,[],22,[],2019-01-26 20:58:41,368451.0,0.00000001,0.000000000000356135,6510120,2019-01-26 20:58:41,BTC,2.642917,0.0,0.00000001,"BTC,LTC",1862.0,0.0,0.02488451,259
1,[],22,[],2019-02-07 03:05:54,5366.545938748335,0.00000751,0.00000000025580562,6609339,2019-02-07 03:05:54,BTC,111115.78354377,0.0,0.00000751,BTC,5791.542661517651,0.0,0.03432441,262
1,[],5,[],2019-02-07 03:05:55,6.267e-05,0.00000300,0.000000000102186,6609340,2019-02-07 03:05:55,btc,1.04629531,0.39862151,0.00000300,btc,0.00070434,0.0,0.22167783,264
1,[],20,[],2019-02-07 03:05:57,1176888.0901,0.00000257,0.00000000008753934,6609341,2019-02-07 03:05:57,btc,5.0363127120103,13994.0036,0.00000257,btc,94140.5732,0.0553856423942,0.0305413521121,264
1,[],22,[],2019-02-07 03:06:00,121796.0,0.00000002,0.0000000000006812399999999999,6609342,2019-02-07 03:06:00,BTC,8.46981963,0.0,0.00000002,BTC,344316.64326478855,5.2e-05,0.00193829,271
0,[],22,[],2019-02-07 03:06:04,0.0,0,0,6609343,2019-02-07 03:06:04,,369.95049049,0.0,0,,14650343738.9,0.0,0.0,272
0.0000000000000054,[],28,[],2019-02-07 03:06:08,226437833975.892,5.9400000000000005e-21,2.0232828e-25,6609344,2019-02-07 03:06:08,doge,298864901.2338897,28543358110.07,0.00000110,doge,218064144141.07068,0.0,7.247514856271389e-10,272
1,[],22,[],2019-02-07 03:00:46,15281.0,0.00003000,0.000000001021599,6609182,2019-02-07 03:00:46,BTC,272.15544426,0.0,0.00003000,BTC,1408.389,0.01087341,0.0031548,281
