pairValue,buyBook,exchangeId,sellBook,updated,buyTotal,satoshiPrice,usdPrice,exchangeLogId,created,bestPair,sellTotalBtc,volume,pairPrice,activePairs,sellTotal,volumeBtc,buyTotalBtc,coinId
1,[],3,[],2019-05-28 12:39:54,40.098993937339,0.0107250699999999997424904307763426913879811763763427734375,0.0000009342125848849999,7700757,2019-05-28 12:39:54,btc,3.246982845427728,48.0401425616,0.0107250699999999997424904307763426913879811763763427734375,btc,23.747831727410002,0.0,0.36534508499341267,1
1,[],4,[],2019-05-28 12:39:56,207668.06724915,0.01095245,0.000000954018633475,7700758,2019-05-28 12:39:56,btc,8.058460730730507,0.0,0.01095245,btc,333.86138725,2.17618723,0.4474451430359718,1
1,[],5,[],2019-05-28 12:39:57,0.0,0,0,7700759,2019-05-28 12:39:57,btc,0.0,0.00412356,0,btc,0.0,0.0,0.0,1
1,[],10,[],2019-05-28 12:40:00,309956.83697481,0.00700209,0.000000609920550495,7700760,2019-05-28 12:40:00,btc,6521.32337687104,1767.30721871,0.00700209,btc,1327.49236675,0.0,2.429277181534849,1
1,[],12,[],2019-05-28 12:40:02,80.69308104,0.01111999999999999967636998832176686846651136875152587890625,0.0000009686131599999998,7700761,2019-05-28 12:40:02,btc,0.2093336141128,0.0,0.01111999999999999967636998832176686846651136875152587890625,btc,17.90675862,0.151738450215,0.3490479667839,1
1,[],20,[],2019-05-28 12:40:06,973.0135,0.010262851,0.0000008939507677805,7700762,2019-05-28 12:40:06,btc,0.5004177412745,0.0,0.010262851,btc,41.6349,0.0,0.1089450214012,1
1,[],21,[],2019-05-28 12:40:07,2142.35779997,0.01117009000000000057406523979,0.000000972976274495,7700763,2019-05-28 12:40:07,btc,11.276359074204006,5217.3736225,0.011170090000000000574065239788978942669928073883056640625,"btc,eth",1406.8144627,53.4785955449774,19.286085321333736,1
1,[],22,[],2019-05-28 12:40:10,0.0025666666666666667,0.00900000,0.0000007839494999999999,7700764,2019-05-28 12:40:10,BTC,0.31629903,0.0,0.00900000,BTC,0.2505752479991019,0.0,2.31e-05,1
1,[],24,[],2019-05-28 12:40:10,0.0,0.000000000000,0,7700765,2019-05-28 12:40:10,btc,0.0,0.0,0.000000000000,btc,0.0,0.0,0.0,1
0.0,[],25,[],2019-05-28 12:40:11,0.0,0,0,7700766,2019-05-28 12:40:11,btc,53.16499999763007,1013.7554786,0.0,btc,4617.80219048,11.115,0.0,1
1,[],26,[],2019-05-28 12:40:13,0.0,0,0,7700767,2019-05-28 12:40:13,,0.0,0.0,0,,0.0,0.0,0.0,1
0,[],28,[],2019-05-28 12:40:15,0.0,0,0,7700768,2019-05-28 12:40:15,,0.0,367115.3522,0,,0.0,0.0,0.0,1
0,[],2,[],2019-01-20 23:28:45,0.0,0,0,6477011,2019-01-20 23:28:45,,0.0,0.0,0,,0.0,0.0,0.0,1
1,[],5,[],2019-05-28 12:40:17,0.0,0,0,7700769,2019-05-28 12:40:17,btc,0.0,0.00039381,0,btc,0.0,0.0,0.0,2
1,[],22,[],2019-05-28 12:40:21,11638.0,0.0000002,0.000000000017421099999999998,7700770,2019-05-28 12:40:21,BTC,21.00897301,0.0,0.0000002,"BTC,XMR",20678.87287795317,0.0,0.00145435,2
1,[],5,[],2019-05-28 12:40:22,0.0,0,0,7700771,2019-05-28 12:40:22,btc,0.0,0.18753856,0,btc,0.0,0.0,0.0,3
1,[],12,[],2019-05-28 12:40:24,2463333.4213462,0.000000104,0.000000000009058972,7700772,2019-05-28 12:40:24,btc,4527.1527195544195,0.0,0.000000104,btc,3185040.84515605,0.178240956804,0.2000107297174848,3
0,[],28,[],2019-05-28 12:40:25,0.0,0,0,7700773,2019-05-28 12:40:25,,0.0,0.0,0,,0.0,0.0,0.0,3
0,[],2,[],2019-01-20 23:31:32,0.0,0,0,6477077,2019-01-20 23:31:32,,0.0,0.0,0,,0.0,0.0,0.0,4
1,[],4,[],2019-05-18 21:29:50,562734.9206932,0.00000010,0.000000000007298720000000001,7650946,2019-05-18 21:29:50,btc,41.9347137769675,0.0,0.00000010,btc,1123702.32192634,0.00052462,0.029254593370966,4
0,[],12,[],2019-05-28 11:27:13,0.0,0,0,7700457,2019-05-28 11:27:13,btc,3.6278680449950054,0.0,0,btc,1065121.4995005,0.0,0.0,5
0,[],2,[],2019-01-20 23:31:51,0.0,0,0,6477087,2019-01-20 23:31:51,,0.0,0.0,0,,0.0,0.0,0.0,6
1,[],11,[],2019-05-28 12:40:27,6327305.63940233,0.00000002,0.00000000000174211,7700774,2019-05-28 12:40:27,btc,9578.380019417778,946980.137334,0.00000002,btc,66127387.7185691,0.0,0.0709551000206866,6
1,[],3,[],2019-05-28 12:40:29,1125.975124233792,0.0000888800000000000028389790518446034184307791292667388916015625,0.00000000774193684,7700775,2019-05-28 12:40:29,btc,0.05074837736652864,176.533509258,0.0000888800000000000028389790518446034184307791292667388916015625,btc,174.093433613764,0.0,0.026171520968750486,7
1,[],4,[],2019-05-28 12:40:29,331942.81242785,0.00008156,0.00000000710432458,7700776,2019-05-28 12:40:29,btc,8.916012946950314,0.0,0.00008156,btc,55993.27686169,2.53468633,2.263949018633788,7
1,[],5,[],2019-05-28 12:40:31,0.0,0,0,7700777,2019-05-28 12:40:31,btc,0.0,0.54782184,0,btc,0.0,0.0,0.0,7
1,[],20,[],2019-04-07 22:06:50,3201475.0482,0.000000001,0.000000000000051590000000000004,7213932,2019-04-07 22:06:50,btc,30.8005781811902,0.0,0.000000001,btc,23077405.3926,0.0,0.0032014750482,8
1,[],4,[],2019-05-28 12:40:32,21252893.70335005,0.00000050,0.00000000004355275,7700778,2019-05-28 12:40:32,btc,3.462216134788418,0.0,0.00000050,btc,3301350.88060505,0.3388497,0.6229252383799067,9
0,[],28,[],2019-05-28 12:40:37,0.0,0,0,7700779,2019-05-28 12:40:37,,0.0,3477407.57,0,,0.0,0.0,0.0,9
0,[],2,[],2019-01-20 23:22:42,0.0,0,0,6476876,2019-01-20 23:22:42,,0.0,0.0,0,,0.0,0.0,0.0,9
0,[],23,[],2019-01-20 23:22:48,0.0,0,0,6476878,2019-01-20 23:22:48,,0.0,0.0,0,,0.0,0.0,0.0,9
1,[],1,[],2019-02-17 23:31:42,1822507.21,0.00000181000000000000003456111265232042484285557293333113193511962890625,0.000000000066086901,6701244,2019-02-17 23:31:42,btc,3.6990969245,17153386.5,0.00000181000000000000003456111265232042484285557293333113193511962890625,btc,1997391.71,31.11772986,3.2610482446,9
1,[],4,[],2019-02-17 11:22:43,4341674.27126056,0.00000002,0.0000000000007272960000000001,6696112,2019-02-17 11:22:43,btc,0.1997230937751353,0.0,0.00000002,btc,4109766.79808031,0.00215132,0.0479381022052112,10
1,[],4,[],2019-05-28 12:40:39,8479345.13239612,0.00000050,0.00000000004355275,7700780,2019-05-28 12:40:39,btc,4.844963607210723,0.0,0.00000050,btc,5153111.547812,0.66827677,1.4853645251769196,12
1,[],5,[],2019-05-28 12:40:40,0.0,0,0,7700781,2019-05-28 12:40:40,btc,0.0,0.12233055,0,btc,0.0,0.0,0.0,12
0.0,[],25,[],2019-05-28 12:40:41,0.0,0,0,7700782,2019-05-28 12:40:41,,0.0,0.0,0.0,btc,0.0,0.0,0.0,12
0,[],2,[],2019-01-20 23:23:08,0.0,0,0,6476890,2019-01-20 23:23:08,,0.0,0.0,0,,0.0,0.0,0.0,12
1,[],4,[],2019-05-28 12:40:42,334980.51957096,0.00000569,0.0000000004956302949999999,7700783,2019-05-28 12:40:42,btc,1.9318289878468424,0.0,0.00000569,btc,241199.97106486,0.2915285,0.5137652881646073,13
1,[],10,[],2019-05-28 12:40:45,646308.31109476,0.00000571,0.000000000497372405,7700784,2019-05-28 12:40:45,btc,666803.2515392704,8596.15680895,0.00000571,btc,861019.77691383,0.0,0.2116530447406257,13
1,[],21,[],2019-05-28 12:40:46,2120356.00103052,0.000005800000000000000372813759031,0.0000000005052119,7700785,2019-05-28 12:40:46,btc,2.7560800103796823,702975.35030339,0.000005800000000000000372813759030865554677802720107138156890869140625,btc,428349.98174363,4.12036026,8.984569266324275,13
1,[],4,[],2019-05-28 12:40:48,800804.24186517,0.00000079,0.00000000006881334499999999,7700786,2019-05-28 12:40:48,btc,5.878348663912521,0.0,0.00000079,btc,860524.44748421,0.0034629,0.0531353274655181,14
1,[],12,[],2019-05-28 12:40:50,135923.73305656,0.00000077,0.000000000067071235,7700787,2019-05-28 12:40:50,btc,14.13455670305429,0.0,0.00000077,btc,21543.71741965,0.0,0.0152602399999562,14
1,[],26,[],2019-05-28 12:42:50,0.0,0.00000050,0.00000000004355275,7700788,2019-05-28 12:42:50,btc,0.0,0.0,0.00000050,btc,0.0,0.0,0.0,14
0,[],17,[],2019-05-03 00:53:32,0.0,0,0,7558876,2019-05-03 00:53:32,btc,0.0,0.0,0,btc,0.0,0.0,0.0,14
0,[],4,[],2019-05-28 12:42:51,0.0,0,0,7700789,2019-05-28 12:42:51,,0.0,0.0,0,,0.0,0.0,0.0,15
,[],12,[],2018-12-01 15:15:48,204241.84496,0.00000489,0.000000000202473384,5260204,2018-12-01 15:15:48,btc,49.5475654835,0.0,,btc,35763.2193806,0.0163153972027625,0.0203389899998,15
1,[],4,[],2019-05-28 12:42:54,34725.82064591,0.00001120,0.0000000009755816,7700790,2019-05-28 12:42:54,btc,0.9706627725233093,0.0,0.00001120,btc,11060.30269659,0.0339415,0.0812646992062589,18
1,[],10,[],2019-05-28 12:42:55,487065.15531122,0.00001175,0.0000000010234896249999998,7700791,2019-05-28 12:42:55,btc,15.344133656325882,53762.2648146,0.00001175,btc,13471.80157007,0.0,0.076390802112893,18
1,[],12,[],2019-05-28 12:42:57,7386.20201178,0.000011800000000000000524818903613333276325647602789103984832763671875,0.0000000010278449,7700792,2019-05-28 12:42:57,btc,0.39886317545924493,0.0,0.000011800000000000000524818903613333276325647602789103984832763671875,btc,1255.93459134,4.72696e-05,0.0116439225189447,18
0,[],2,[],2019-01-20 23:23:38,0.0,0,0,6476906,2019-01-20 23:23:38,,0.0,0.0,0,,0.0,0.0,0.0,18
0,[],17,[],2019-05-03 00:53:39,0.0,0,0,7558882,2019-05-03 00:53:39,btc,0.0,0.0,0,btc,0.0,0.0,0.0,18
1,[],3,[],2019-05-28 12:44:58,148524.40580435906,0.00000821999999999999922568882926299238533829338848590850830078125,0.0000000007160072099999999,7700793,2019-05-28 12:44:58,btc,0.09835525149852134,3754.77071591,0.00000821999999999999922568882926299238533829338848590850830078125,btc,3041.667200148268,0.0,0.0481377940557809,19
1,[],4,[],2019-05-28 12:44:59,593909.56319605,0.00000836,0.00000000072820198,7700794,2019-05-28 12:44:59,btc,3.3571806874477135,0.0,0.00000836,btc,157743.54337426,0.25935748,0.654551305902033,19
1,[],5,[],2019-05-28 12:45:01,0.0,0,0,7700795,2019-05-28 12:45:01,btc,0.0,3.447e-05,0,btc,0.0,0.0,0.0,19
1,[],12,[],2019-05-28 12:45:03,15514.12696556,0.00000709999999999999978459071237057997905139927752315998077392578125,0.00000000061844905,7700796,2019-05-28 12:45:03,btc,0.0590310419540437,0.0,0.00000709999999999999978459071237057997905139927752315998077392578125,btc,2092.39552447,0.002141891859,0.028640869999667,19
0,[],27,[],2019-05-28 12:45:16,0.0,0,0,7700797,2019-05-28 12:45:16,,0.0,0.0,0,btc,0.0,0.0,0.0,19
0,[],2,[],2019-01-20 23:24:19,0.0,0,0,6476924,2019-01-20 23:24:19,,0.0,0.0,0,,0.0,0.0,0.0,19
1,[],4,[],2019-05-28 12:45:17,10062076.88478525,0.00000007,0.000000000006097385,7700798,2019-05-28 12:45:17,btc,6.411239436602338,0.0,0.00000007,btc,2322306.93095912,0.0,0.1174938176872809,20
1,[],4,[],2019-05-28 12:45:19,72531683.2473748,0.00000001,0.000000000000871055,7700799,2019-05-28 12:45:19,btc,1755.9931050918938,0.0,0.00000001,btc,66906156.71973631,0.0015,0.7253168324737481,21
1,[],12,[],2019-05-28 12:45:20,2449160.0,0.00000001,0.000000000000871055,7700800,2019-05-28 12:45:20,btc,1010.9711310128372,0.0,0.00000001,btc,5961337.6413586205,0.000286323067,0.0244916,21
0,[],17,[],2019-05-03 00:53:51,0.0,0,0,7558891,2019-05-03 00:53:51,btc,0.0,0.0,0,btc,0.0,0.0,0.0,21
1,[],12,[],2019-05-28 12:47:24,4675806696.0,0.0000000003,0.000000000000026131649999999998,7700801,2019-05-28 12:47:24,btc,708148873.1750597,0.0,0.0000000003,btc,2635703286.7212787,0.067571487943,0.9453745403,23
0.0000000003090193,[],27,[],2019-05-28 12:47:30,86779969.82067932,1.2360772000000001e-17,1.076691225446e-21,7700802,2019-05-28 12:47:30,eth,1172.9931652228,463939332.1793207,0.00000004,eth,8195644.028,5.734648307774497e-09,4.322232095282926e-10,23
1,[],4,[],2019-05-28 12:47:33,1870576.24483659,0.00000021,0.000000000018292155,7700803,2019-05-28 12:47:33,btc,13.475309204318256,0.0,0.00000021,btc,2120522.73364109,0.01394389,0.0686615299632566,24
1,[],22,[],2019-05-28 12:47:36,21.76,0.00000100,0.0000000000871055,7700804,2019-05-28 12:47:36,BTC,7.415e-05,0.0,0.00000100,BTC,23.919354838709676,0.0,1.186e-05,24
0.0,[],25,[],2019-05-28 12:47:38,0.0,0,0,7700805,2019-05-28 12:47:38,,0.0,0.0,0.0,btc,0.0,0.0,0.0,24
1,[],4,[],2019-05-28 12:47:39,293476.97225866,0.00000411,0.000000000358003605,7700806,2019-05-28 12:47:39,btc,9.865322706787357,0.0,0.00000411,btc,255295.93050055,0.13159296,0.1191264714706249,26
1,[],10,[],2019-05-28 12:47:42,148938.86771416,0.00000353,0.000000000307482415,7700807,2019-05-28 12:47:42,btc,25.510062657136242,6835.34461789,0.00000353,btc,22984.54821614,0.0,0.0314769363292809,26
0,[],2,[],2019-01-20 23:25:56,0.0,0,0,6476976,2019-01-20 23:25:56,,0.0,0.0,0,,0.0,0.0,0.0,26
1,[],3,[],2019-05-28 12:47:46,10520907.60144003,0.00000001,0.000000000000871055,7700808,2019-05-28 12:47:46,btc,3.321388397065838,4925879.53413,0.00000001,btc,24191503.39306147,0.0,0.1052090760144003,27
1,[],11,[],2019-05-28 12:47:47,1070969.08157834,0.00000002,0.00000000000174211,7700809,2019-05-28 12:47:47,btc,67503.03934773499,19676.5543251,0.00000002,btc,6639861.32608848,0.0,0.0107207058157834,27
1,[],5,[],2019-04-26 09:47:06,0.0,0,0,7465326,2019-04-26 09:47:06,btc,0.0,0.0,0,btc,0.0,0.0,0.0,27
1,[],4,[],2019-05-28 12:47:49,1143327453.2417598,0.00000001,0.000000000000871055,7700810,2019-05-28 12:47:49,btc,5.045649340843731,0.0,0.00000001,"btc,ltc",314488203.917738,0.0726993,7.845467788332142,29
1,[],7,[],2019-05-28 12:47:50,86565332.30740812,0.00000001,0.000000000000871055,7700811,2019-05-28 12:47:50,btc,46548272.11110298,0.0,0.00000001,btc,35038976.83626881,0.0,0.8656533230740813,29
1,[],4,[],2019-05-28 12:47:52,15161814.27217546,0.00000006,0.00000000000522633,7700812,2019-05-28 12:47:52,btc,2.6931596225518586,0.0,0.00000006,btc,2121866.96538939,0.00010668,0.1658492359941774,30
0,[],17,[],2019-05-03 01:11:25,0.0,0,0,7559066,2019-05-03 01:11:25,btc,0.0,0.0,0,btc,0.0,0.0,0.0,30
1,[],4,[],2019-05-28 12:49:52,109508.96699358,0.00004828,0.0000000042054535399999994,7700813,2019-05-28 12:49:52,btc,3.2932670538327047,0.0,0.00004828,btc,41430.68815763,1.76628584,0.5651346221069034,31
1,[],21,[],2019-05-28 12:49:53,98599.07034293,0.00004925999999999999931672711728,0.00000000429081693,7700814,2019-05-28 12:49:53,btc,7.01043606865274,605384.27373055,0.00004925999999999999931672711728225522165303118526935577392578125,btc,130841.36532738,28.98034304,3.9524527924754786,31
0,[],2,[],2019-01-20 23:28:43,0.0,0,0,6477009,2019-01-20 23:28:43,,0.0,0.0,0,,0.0,0.0,0.0,32
0,[],4,[],2019-05-28 12:49:58,0.0,0,0,7700815,2019-05-28 12:49:58,,0.0,0.0,0,,0.0,0.0,0.0,33
1,[],12,[],2019-03-30 07:55:10,40641173.964,0.00000003,0.000000000001228359,7108785,2019-03-30 07:55:10,btc,4233210.82356125,0.0,0.00000003,btc,28378394.68333462,0.0126927883965248,0.90752895892,33
0.000000000130976,[],4,[],2019-05-28 12:50:00,509300360.14364743,2.226592e-17,1.93948409456e-21,7700816,2019-05-28 12:50:00,ltc,3.5077653919700933,0.0,0.00000017,ltc,155817496.6585306,0.0,2.01310055926974e-09,34
1,[],5,[],2019-05-28 12:50:01,0.0,0,0,7700817,2019-05-28 12:50:01,btc,0.0,2.593e-05,0,btc,0.0,0.0,0.0,34
0.0000000002926451,[],17,[],2019-05-02 18:17:47,200000.0,2.9264510000000002e-18,1.596703856561e-22,7556430,2019-05-02 18:17:47,eth,0.20942468735267253,0.0,0.00000001,"btc,eth",1018272.20243647,0.0,5.852902e-13,36
0.000000000130976,[],4,[],2019-05-28 12:50:02,80740056.16077778,1.30976e-18,1.1408729968e-22,7700818,2019-05-28 12:50:02,ltc,5.008861333287847e-08,0.0,0.00000001,ltc,7087906061.087266,0.0,1.057500959571403e-10,36
1,[],5,[],2019-05-28 12:50:04,0.0,0,0,7700819,2019-05-28 12:50:04,btc,0.0,0.0,0,btc,0.0,0.0,0.0,36
0.0000000003090193,[],27,[],2019-05-28 12:52:16,19275417.0,9.270579e-18,8.075184190845e-22,7700820,2019-05-28 12:52:16,eth,1670.59537168,503362838.0,0.00000003,"ltc,eth",5475577.0,4.6664649553432025e-09,1.0334638036008801e-10,36
1,[],4,[],2019-05-28 12:52:18,9940010.63087131,0.00000018,0.00000000001567899,7700821,2019-05-28 12:52:18,btc,19772.58652924222,0.0,0.00000018,btc,749403.83310403,0.00972301,0.1348436929263104,37
1,[],12,[],2019-05-28 12:52:19,4036215.33528572,0.00000019,0.000000000016550045,7700822,2019-05-28 12:52:19,btc,8.159464735558403,0.0,0.00000019,btc,914870.88112782,0.028878584461,0.1929179004442866,37
1,[],27,[],2019-05-28 12:54:29,1600.0,0.00000015,0.000000000013065824999999999,7700823,2019-05-28 12:54:29,btc,24.11463822903233,0.0,0.00000015,btc,5792.59438508,0.0,3e-05,37
1,[],17,[],2019-05-03 01:11:36,211752.74075282,0.00000025,0.000000000013700074999999998,7559074,2019-05-03 01:11:36,btc,0.055484923955058496,0.0,0.00000025,"btc,eth",1387.19918473,0.0,0.0005381851887916605,37
1,[],5,[],2019-05-28 12:54:30,0.0,0,0,7700824,2019-05-28 12:54:30,btc,0.0,0.00036574,0,btc,0.0,0.0,0.0,42
1,[],12,[],2019-05-28 12:54:31,133442.75173966,0.00000094,0.00000000008187916999999999,7700825,2019-05-28 12:54:31,btc,24.758135768297677,0.0,0.00000094,btc,70910.72600759,0.007147334407,0.045613839999962796,42
1,[],27,[],2019-05-28 12:54:40,506.0,0.00000002,0.00000000000174211,7700826,2019-05-28 12:54:40,btc,0.39085425,0.0,0.00000002,"btc,eth",735.0,0.0,6.000000324655676e-06,42
1,[],12,[],2019-03-13 09:13:29,1112112.0,0.00000001,0.000000000000386531,6919902,2019-03-13 09:13:29,btc,29058.00478931866,0.0,0.00000001,btc,5967681.93306694,9.99000999e-07,0.01112112,43
1,[],5,[],2019-04-26 22:38:52,0.0,0,0,7474154,2019-04-26 22:38:52,btc,0.0,0.02638891,0,btc,0.0,0.0,0.0,43
0,[],17,[],2019-04-26 22:38:53,0.0,0,0,7474155,2019-04-26 22:38:53,btc,0.0,0.0,0,btc,0.0,0.0,0.0,43
1,[],12,[],2019-03-05 01:54:08,639326.02,0.00000004,0.000000000001486676,6845775,2019-03-05 01:54:08,btc,11116042.728239931,0.0,0.00000004,btc,1103841.4595604,0.0003330765234764,0.014975410599999999,44
1,[],4,[],2019-05-28 12:54:41,114621507.9822598,0.00000001,0.000000000000871055,7700827,2019-05-28 12:54:41,btc,291324.2226494719,0.0,0.00000001,"btc,ltc",27239082.70187069,0.00521067,0.08314434373572065,49
0.000000000130976,[],4,[],2019-05-28 12:54:43,136367836.71375978,3.798304e-17,3.30853169072e-21,7700828,2019-05-28 12:54:43,ltc,22050.151287138004,0.0,0.00000029,ltc,158708557.4420744,0.0,7.514443883925262e-10,52
0,[],22,[],2019-05-28 12:54:46,0.0,0,0,7700829,2019-05-28 12:54:46,,10289.55991011,0.0,0,,308568058.4566013,0.0,0.0,57
0,[],27,[],2019-05-28 12:54:57,0.0,0,0,7700830,2019-05-28 12:54:57,,0.0,0.0,0,"btc,eth",0.0,0.0,0.0,57
0.000000000130976,[],4,[],2019-05-28 12:54:58,2693628841.494031,1.30976e-18,1.1408729968e-22,7700831,2019-05-28 12:54:58,ltc,19.263871512303307,0.0,0.00000001,ltc,5780746102.343987,0.0,3.528007311435222e-09,58
1,[],12,[],2019-05-28 12:55:00,1099529719.0,0.0000000001,0.00000000000000871055,7700832,2019-05-28 12:55:00,btc,2179627.232994762,0.0,0.0000000001,btc,2493628263.2697306,0.085799098192,0.1099529719,58
0.0000000001116816,[],22,[],2019-05-28 12:57:03,126877.0,1.116816e-18,9.7280816088e-23,7700833,2019-05-28 12:57:03,XMR,68.17454206,0.0,0.00000001,XMR,9626402.6,0.0,0.00126877,58
1,[],17,[],2019-05-03 01:12:09,1200000.0,0.0000000001,0.00000000000000548003,7559085,2019-05-03 01:12:09,btc,1e+24,0.0,0.0000000001,"btc,eth",39516342.31952568,0.0,0.00010000000058666061,58
1,[],5,[],2019-05-28 12:57:06,0.0,0,0,7700834,2019-05-28 12:57:06,btc,0.0,0.0026464,0,btc,0.0,0.0,0.0,61
1,[],22,[],2019-05-28 12:57:09,13613.833333333334,0.00000012,0.00000000001045266,7700835,2019-05-28 12:57:09,BTC,1002.29590883,0.0,0.00000012,BTC,15092.180177125656,0.0,0.00153269,61
1,[],26,[],2019-05-28 12:57:10,0.0,0.00000050,0.00000000004355275,7700836,2019-05-28 12:57:10,btc,0.0,0.0,0.00000050,btc,0.0,0.0,0.0,61
1,[],27,[],2019-05-28 12:57:21,15549.0,0.0000002,0.000000000017421099999999998,7700837,2019-05-28 12:57:21,btc,1.9582485601246655,0.0,0.0000002,"btc,eth",11379.41563696,0.0,0.00288918,61
0,[],28,[],2019-05-28 12:57:25,0.0,0,0,7700838,2019-05-28 12:57:25,,0.0,717.0,0,,0.0,0.0,0.0,61
1,[],4,[],2019-05-28 12:57:28,980293.28380954,0.00000080,0.00000000006968439999999999,7700839,2019-05-28 12:57:28,btc,2.564452498376879,0.0,0.00000080,btc,839990.00844552,0.09501694,0.5698709612222875,67
0.0,[],25,[],2019-05-28 12:57:29,0.0,0,0,7700840,2019-05-28 12:57:29,,0.0,0.0,0.0,btc,0.0,0.0,0.0,67
1,[],12,[],2019-05-28 12:57:31,808301.0,0.00000005,0.0000000000043552749999999995,7700841,2019-05-28 12:57:31,btc,5.16913331173826,0.0,0.00000005,btc,772892.78321675,0.000104192319,0.01744621,71
,[],5,[],2018-11-20 23:02:39,1.5e-07,0.00000005,0.000000000002128045,4862160,2018-11-20 23:02:39,btc,2.84511358,0.0,,btc,0.00036572,0.0,0.07381892,74
1,[],5,[],2019-05-28 12:57:32,0.0,0,0,7700842,2019-05-28 12:57:32,btc,0.0,0.05946747,0,btc,0.0,0.0,0.0,75
0,[],4,[],2019-05-25 21:33:44,0.0,0,0,7686249,2019-05-25 21:33:44,,133656.37989170782,0.0,0,,33439209.5909442,0.0,0.0,81
0,[],20,[],2019-01-25 09:30:31,0.0,0,0,6495923,2019-01-25 09:30:31,btc,0.0,0.0,0,btc,0.0,0.0,0.0,81
1,[],4,[],2019-05-28 12:57:33,34635.38935543,0.00013255,0.000000011545834025,7700843,2019-05-28 12:57:33,btc,22.04478815366394,0.0,0.00013255,btc,18196.30312178,5.12295285,1.2100675860999488,82
1,[],21,[],2019-05-28 12:57:35,146802.56733813,0.0001469399999999999992163907114,0.000000012799282169999999,7700844,2019-05-28 12:57:35,btc,10.947118591156407,486568.94515047,0.00014693999999999999921639071143175669931224547326564788818359375,btc,49729.51857596,75.86089836,12.798234475836887,82
0,[],17,[],2019-03-25 22:42:34,0.0,0,0,7038780,2019-03-25 22:42:34,btc,0.0445064681804024,0.0,0,btc,995513.18476001,0.0,0.0,84
0.0000000001161485,[],4,[],2019-05-20 13:09:39,216715621.0206096,1.161485e-18,9.0533806701e-23,7657228,2019-05-20 13:09:39,ltc,1.6511566870244727,0.0,0.00000001,ltc,471032407.9048656,0.0,2.5171194308112273e-10,85
,[],22,[],2018-11-20 23:09:34,3408.1,0.0000001,0.0000000000041895,4862324,2018-11-20 23:09:34,BTC,0.04624735,0.0,,BTC,4990.0,0.0,0.00033081,86
1,[],22,[],2019-05-28 12:57:38,65156.0,0.00000001,0.000000000000871055,7700845,2019-05-28 12:57:38,BTC,1.45608405,0.0,0.00000001,BTC,314587.29736842104,0.0,0.00065156,87
0,[],27,[],2019-05-28 12:57:46,0.0,0,0,7700846,2019-05-28 12:57:46,,4.962566382816,0.0,0,btc,66120.49241,0.0,0.0,87
,[],2,[],2018-11-20 23:10:47,0.0,0,0,4862359,2018-11-20 23:10:47,,0.0,0.0,,,0.0,0.0,0.0,88
1,[],11,[],2019-05-28 12:57:48,78831.68116501,0.000077769999999999995707843092329625278580351732671260833740234375,0.0000000067741947349999994,7700847,2019-05-28 12:57:48,btc,184.49551774128773,19086.9045282,0.000077769999999999995707843092329625278580351732671260833740234375,btc,225791.33844424,0.0,1.730021769841382,89
0,[],2,[],2019-01-20 23:31:45,0.0,0,0,6477083,2019-01-20 23:31:45,,0.0,0.0,0,,0.0,0.0,0.0,91
1,[],12,[],2019-05-28 12:57:50,199600.90345553998,0.00000032,0.00000000002787376,7700848,2019-05-28 12:57:50,btc,87.63768230060157,0.0,0.00000032,btc,103986.70254855,0.002143142553,0.0106245519999904,91
1,[],22,[],2019-05-28 12:59:53,75910.55,0.0000002,0.000000000017421099999999998,7700849,2019-05-28 12:59:53,BTC,0.495,0.0,0.0000002,"BTC,LTC",4.95,0.0,0.00165931,91
0,[],17,[],2019-05-03 01:12:26,0.0,0,0,7559096,2019-05-03 01:12:26,btc,0.0,0.0,0,btc,0.0,0.0,0.0,91
1,[],22,[],2019-04-09 20:17:52,374949.73333333334,0.00000015,0.000000000007771935,7235704,2019-04-09 20:17:52,BTC,6.87372503,0.0,0.00000015,"BTC,LTC",159980.01196797504,1.1e-05,0.80510266,95
0.000000000130976,[],4,[],2019-05-28 12:59:54,557415556.0665289,3.012448e-17,2.6240078926399997e-21,7700850,2019-05-28 12:59:54,ltc,11.582135824147107,0.0,0.00000023,ltc,178034585.58068943,0.0,1.1620518955301998e-09,96
0,[],12,[],2019-05-28 12:59:57,0.0,0,0,7700851,2019-05-28 12:59:57,btc,10.510150110379621,0.0,0,btc,7826058.03796204,0.0,0.0,96
0,[],17,[],2019-05-03 01:12:32,0.0,0,0,7559100,2019-05-03 01:12:32,btc,0.0,0.0,0,btc,0.0,0.0,0.0,96
1,[],4,[],2019-04-14 03:32:46,1039404.33283278,0.00000038,0.000000000019245518,7293458,2019-04-14 03:32:46,btc,4.170086055365747,0.0,0.00000038,btc,3097704.34561074,0.06260606,0.1859928211030784,99
0,[],2,[],2019-01-20 23:23:55,0.0,0,0,6476914,2019-01-20 23:23:55,,0.0,0.0,0,,0.0,0.0,0.0,100
1,[],4,[],2019-05-28 13:01:59,208221.36045674,0.00001757,0.000000001530443635,7700852,2019-05-28 13:01:59,btc,6.757370434106651,0.0,0.00001757,btc,132537.03062913,0.51757375,0.4345841781858071,100
1,[],22,[],2019-05-28 13:02:03,150000.0,0.00000002,0.00000000000174211,7700853,2019-05-28 13:02:03,BTC,24.83526409,0.0,0.00000002,BTC,11187.719,0.0,0.0017,101
1,[],4,[],2019-05-28 13:02:05,524582.60332813,0.00000151,0.000000000131529305,7700854,2019-05-28 13:02:05,btc,362.2062330792701,0.0,0.00000151,btc,593664.06804795,0.02550692,0.1570348684956032,103
1,[],12,[],2019-05-28 13:02:06,139649608.83268034,0.000000004,0.000000000000348422,7700855,2019-05-28 13:02:06,btc,2379.989533507812,0.0,0.000000004,btc,57903632.15634869,0.009706626473,0.1683713753307214,105
0,[],27,[],2019-05-28 13:02:23,0.0,0,0,7700856,2019-05-28 13:02:23,,0.2570835520459794,168024.66656843,0,btc,547051.57828866,0.01344197,0.0,105
1,[],22,[],2019-04-21 00:17:26,21333.0,0.00000001,0.000000000000532493,7385819,2019-04-21 00:17:26,BTC,51.38182867,0.0,0.00000001,BTC,470435.0,0.0,0.00021333,107
1,[],26,[],2019-04-21 00:17:26,0.0,0.00000000,0,7385820,2019-04-21 00:17:26,btc,0.0,0.0,0.00000000,btc,0.0,0.0,0.0,107
1,[],5,[],2019-05-28 13:02:26,0.0,0,0,7700857,2019-05-28 13:02:26,btc,0.0,0.0,0,btc,0.0,0.0,0.0,112
0,[],22,[],2019-05-28 13:02:28,0.0,0,0,7700858,2019-05-28 13:02:28,,2.79635781,0.0,0,,3274992.0833333335,0.0,0.0,112
1,[],27,[],2019-05-28 13:02:42,1.0,0.00000001,0.000000000000871055,7700859,2019-05-28 13:02:42,btc,1.15032588,0.0,0.00000001,"btc,eth",1818.0,0.0,1e-08,112
1,[],4,[],2019-05-28 13:04:42,190414.40256391,0.00000081,0.00000000007055545499999999,7700860,2019-05-28 13:04:42,btc,4.35033887303967,0.0,0.00000081,btc,553781.60380868,0.00883959,0.1042584767433693,113
1,[],5,[],2019-05-28 13:04:43,0.0,0,0,7700861,2019-05-28 13:04:43,btc,0.0,0.0,0,btc,0.0,0.0,0.0,113
1,[],17,[],2019-04-26 02:17:47,162738.278,0.00000004,0.0000000000021069000000000002,7461287,2019-04-26 02:17:47,btc,1.3331140273775473,0.0,0.00000004,btc,51796.221,0.0,0.00230953112,116
1,[],27,[],2019-05-22 05:13:01,210000.0,0.00000001,0.00000000000079145,7666372,2019-05-22 05:13:01,btc,3919.0005001478,0.0,0.00000001,btc,128660.871,0.0,0.0021,116
1,[],4,[],2019-05-21 22:31:11,138169.03963019,0.00000701,0.000000000558364025,7664793,2019-05-21 22:31:11,btc,150.95388250938234,0.0,0.00000701,btc,344631.17141974,0.07552974,0.4288357684941946,120
1,[],7,[],2019-05-21 22:31:12,3901.07750076,0.000010679999999999999389654892212320191902108490467071533203125,0.0000000008506887,7664794,2019-05-21 22:31:12,btc,231188.94669936574,0.0,0.000010679999999999999389654892212320191902108490467071533203125,btc,4133.83151364,0.0,0.0113888422364489,120
1,[],20,[],2019-04-07 18:42:29,1914137.0852,0.000000035,0.0000000000017871910000000002,7211992,2019-04-07 18:42:29,btc,32.2497668025648,25528.85,0.000000035,btc,1001975.4986,0.00089350975,0.0152723574729,125
1,[],22,[],2019-05-28 13:04:47,10000.0,0.00000001,0.000000000000871055,7700862,2019-05-28 13:04:47,BTC,0.032061,0.0,0.00000001,BTC,299316.7611111111,0.0,0.0001,126
1,[],4,[],2019-05-28 13:04:48,237577.05620388,0.00000721,0.000000000628030655,7700863,2019-05-28 13:04:48,btc,5.151185282973147,0.0,0.00000721,btc,169733.46450593,0.25190321,0.4414275817860594,131
0,[],2,[],2019-01-20 23:25:46,0.0,0,0,6476969,2019-01-20 23:25:46,,0.0,0.0,0,,0.0,0.0,0.0,131
1,[],17,[],2019-05-03 01:13:10,10000.0,0.00000001,0.000000000000548003,7559115,2019-05-03 01:13:10,btc,0.0953976503951408,0.0,0.00000001,btc,5037.62507334,0.0,0.0001,131
1,[],4,[],2019-05-28 13:06:49,4746.70871057,0.00007919,0.000000006897884545,7700864,2019-05-28 13:06:49,btc,5.032298042721431,0.0,0.00007919,btc,202.13055914,0.0,0.0069432248091007,135
1,[],3,[],2019-05-28 13:06:50,252849.5,0.00000002,0.00000000000174211,7700865,2019-05-28 13:06:50,btc,0.237536394374776,1449130.8233,0.00000002,btc,1983731.87087723,0.0,0.00255699,136
1,[],4,[],2019-05-28 13:06:51,2512119.78538769,0.00000187,0.000000000162887285,7700866,2019-05-28 13:06:51,btc,107.59801769227788,0.0,0.00000187,btc,484147.50825969,0.04695141,0.6268783482943373,137
1,[],12,[],2019-05-28 13:06:51,88171.20956175,0.00000181999999999999993881738720447049928452543099410831928253173828125,0.00000000015853200999999998,7700867,2019-05-28 13:06:51,btc,57.780270316910624,0.0,0.00000181999999999999993881738720447049928452543099410831928253173828125,btc,49255.60942518,0.003522976377,0.0166952199999265,137
1,[],4,[],2019-05-28 13:06:54,65966.26976767,0.00001906,0.00000000166023083,7700868,2019-05-28 13:06:54,btc,9.52371378834223,0.0,0.00001906,btc,147826.17382092,1.58032835,0.4081832266175076,142
1,[],5,[],2019-05-28 13:06:56,0.0,0,0,7700869,2019-05-28 13:06:56,btc,0.0,0.07801601,0,btc,0.0,0.0,0.0,142
1,[],17,[],2019-05-03 01:13:16,32967.38636364,0.00000088,0.000000000048224264,7559122,2019-05-03 01:13:16,btc,20.06976206696776,0.0,0.00000088,btc,2746.079105,0.0,0.0105613000000032,142
1,[],20,[],2019-05-28 12:30:57,208915.2059,0.00001422,0.000000001241593704,7700710,2019-05-28 12:30:57,btc,1.6082454615614,560.976,0.00001422,btc,9969.0955,0.007984502491,0.0168895739787,142
1,[],22,[],2019-05-28 12:31:01,11028.645,0.00001000,0.000000000873132,7700711,2019-05-28 12:31:01,BTC,3.2754788,0.0,0.00001000,BTC,1133.9993657797618,0.0,0.00745365,142
0.0,[],25,[],2019-05-28 12:31:02,0.0,0,0,7700712,2019-05-28 12:31:02,,0.0,0.0,0.0,btc,0.0,0.0,0.0,142
0,[],28,[],2019-05-28 12:31:58,0.0,0,0,7700713,2019-05-28 12:31:58,,0.0,0.0,0,,0.0,0.0,0.0,142
0,[],22,[],2019-05-28 12:32:01,0.0,0,0,7700714,2019-05-28 12:32:01,,65.51518676,0.0,0,,839924755.3,0.0,0.0,143
0,[],22,[],2019-02-25 15:42:22,0.0,0,0,6783783,2019-02-25 15:42:22,,4.2131946,0.0,0,,2322156.0,0.0,0.0,146
,[],22,[],2018-11-20 23:01:11,0.0,0,0,4862114,2018-11-20 23:01:11,,2.56807021,0.0,,,61828.4988236,0.0,0.0,147
1,[],12,[],2019-04-21 06:38:04,193091.5971266,0.00000071,0.000000000037635183,7388679,2019-04-21 06:38:04,btc,2.301232411611175,0.0,0.00000071,btc,9957.48302385,0.00023528,0.0313308199999888,148
1,[],4,[],2019-03-19 21:31:25,255810.0415942,0.00000029,0.000000000011615747,6982695,2019-03-19 21:31:25,btc,218.94922712414143,0.0,0.00000029,btc,793529.37642722,0.00117,0.0608347789473395,152
0,[],22,[],2019-03-19 21:31:27,0.0,0,0,6982696,2019-03-19 21:31:27,,0.0,0.0,0,,0.0,0.0,0.0,152
1,[],5,[],2019-04-26 09:36:59,0.0,0,0,7465040,2019-04-26 09:36:59,btc,0.0,0.0,0,btc,0.0,0.0,0.0,153
,[],16,[],2019-01-11 15:38:59,0.0,0,0,6366141,2019-01-11 15:38:59,btc,0.0,0.0,,btc,0.0,0.0,0.0,155
0,[],23,[],2019-01-20 23:24:29,0.0,0,0,6476932,2019-01-20 23:24:29,,0.0,0.0,0,,0.0,0.0,0.0,156
0,[],22,[],2019-05-28 12:32:03,0.0,0,0,7700715,2019-05-28 12:32:03,,7.44455324,0.0,0,,5955762.942592593,0.0,0.0,156
1,[],22,[],2019-05-28 12:32:08,7066.0,0.00000800,0.0000000006985055999999999,7700716,2019-05-28 12:32:08,BTC,1.79802465,0.0,0.00000800,BTC,802.6461988741639,0.0,0.00062996,157
0,[],22,[],2019-05-21 23:40:32,0.0,0,0,7665049,2019-05-21 23:40:32,,50234.60468402,0.0,0,,54786159.03179465,0.0,0.0,158
,[],17,[],2018-11-20 22:56:10,0.0,0,0,4861976,2018-11-20 22:56:10,btc,1.1265625,0.0,,btc,1000.0,0.0,0.0,159
,[],20,[],2018-11-20 22:56:12,0.0,0,0,4861977,2018-11-20 22:56:12,btc,11912.7940471,0.0,,btc,34413894.3617,0.0,0.0,159
1,[],12,[],2019-05-24 02:51:20,9178.522006449999,0.00000191999999999999982841307998027158276954651228152215480804443359375,0.000000000151222656,7676256,2019-05-24 02:51:20,btc,149.80414728631675,0.0,0.00000191999999999999982841307998027158276954651228152215480804443359375,btc,1115.7451448499999,0.01783167678326,0.0120075778999181,168
1,[],17,[],2019-05-03 01:13:36,42852.0,0.00000002,0.000000000001096006,7559132,2019-05-03 01:13:36,btc,0.04279856251542,0.0,0.00000002,btc,274.46171372,0.0,0.00052852,168
1,[],22,[],2019-05-17 03:01:52,10.0,0.00000001,0.000000000000778341,7642059,2019-05-17 03:01:52,BTC,41.95893009,0.0,0.00000001,BTC,1753972.7737547632,0.0,1e-07,169
1,[],22,[],2019-05-28 12:32:12,203664.0,0.00000002,0.000000000001746264,7700717,2019-05-28 12:32:12,BTC,27.86992936,0.0,0.00000002,BTC,462029.9785507793,0.0,0.00213428,171
1,[],22,[],2019-05-28 12:32:15,349870.0,0.00000002,0.000000000001746264,7700718,2019-05-28 12:32:15,BTC,24.05844626,0.0,0.00000002,"BTC,LTC",1218736.4355616204,0.0,0.0039847,173
1,[],5,[],2019-05-28 12:32:17,0.0,0,0,7700719,2019-05-28 12:32:17,btc,0.0,0.01316928,0,btc,0.0,0.0,0.0,175
0,[],22,[],2019-05-28 12:34:21,90671.0,0,0,7700720,2019-05-28 12:34:21,,394.35459412,0.0,0,,136275.61833431243,0.0,0.00090671,176
0,[],2,[],2019-01-20 23:28:34,0.0,0,0,6477001,2019-01-20 23:28:34,,0.0,0.0,0,,0.0,0.0,0.0,178
1,[],7,[],2019-05-28 12:34:22,0.0,0,0,7700721,2019-05-28 12:34:22,btc,522274.2532042936,0.0,0,btc,26538783.34310775,0.0,0.0,178
0,[],22,[],2019-05-28 12:34:25,0.0,0,0,7700722,2019-05-28 12:34:25,,1.00242428,0.0,0,,57512.0,0.0,0.0,178
0,[],23,[],2019-01-20 23:25:08,0.0,0,0,6476952,2019-01-20 23:25:08,,0.0,0.0,0,,0.0,0.0,0.0,179
1,[],5,[],2019-05-28 12:34:28,0.0,0,0,7700723,2019-05-28 12:34:28,btc,0.0,0.02292339,0,btc,0.0,0.0,0.0,179
0,[],22,[],2019-05-28 12:34:30,0.0,0,0,7700724,2019-05-28 12:34:30,,5.31458491,0.0,0,,13434087.311946675,0.0,0.0,179
1,[],17,[],2019-05-03 01:13:56,20504.725000000002,0.0000001,0.00000000000548003,7559141,2019-05-03 01:13:56,btc,5.2010695838400265,0.0,0.0000001,btc,5033.45945,0.0,0.0011504725,180
1,[],22,[],2019-05-28 12:36:35,669160.0606446359,0.00000110,0.00000000009604452,7700725,2019-05-28 12:36:35,BTC,39.19536411,0.0,0.00000110,"BTC,LTC",149206.16518321863,0.02706532,0.56808984,180
1,[],26,[],2019-05-28 12:36:35,0.0,0.00000010,0.00000000000873132,7700726,2019-05-28 12:36:35,btc,0.0,50.0,0.00000010,btc,0.0,0.0,0.0,180
,[],7,[],2018-11-20 22:58:01,562227.975654,0.00000085,0.000000000036176765,4862015,2018-11-20 22:58:01,btc,21836.6059674,2491.87645172,,btc,749999.041456,0.00211021,0.127565380455,183
,[],5,[],2019-01-10 08:11:41,0.0,0,0,6347036,2019-01-10 08:11:41,btc,82.15055501,0.00261,,btc,1.19002445,0.0,0.0,187
,[],17,[],2018-11-16 20:58:10,4062536.27273,0.00000001,0.000000000000550501,4708775,2018-11-16 20:58:10,btc,3.36492563466,0.195460381006,,"btc,eth",110697919.549,0.0,0.0157628953496,187
1,[],24,[],2019-05-22 21:04:52,0.0,0.000000000014,0.0000000000000010960978,7670219,2019-05-22 21:04:52,btc,0.0,0.0,0.000000000014,btc,0.0,0.0,0.0,187
0,[],22,[],2019-04-25 02:54:07,0.0,0,0,7447896,2019-04-25 02:54:07,,7.54794454,0.0,0,,76361.7243344055,0.0,0.0,191
0,[],22,[],2019-05-28 12:36:41,0.0,0,0,7700727,2019-05-28 12:36:41,,0.0,0.0,0,,0.0,0.0,0.0,197
0,[],23,[],2019-01-20 23:31:41,0.0,0,0,6477079,2019-01-20 23:31:41,,0.0,0.0,0,,0.0,0.0,0.0,199
0,[],22,[],2019-05-28 12:36:43,0.0,0,0,7700728,2019-05-28 12:36:43,,10.9548544,0.0,0,,99450037.0,0.0,0.0,199
1,[],26,[],2019-05-28 12:36:43,0.0,0.00000000,0,7700729,2019-05-28 12:36:43,btc,0.0,0.0,0.00000000,btc,0.0,0.0,0.0,199
0,[],2,[],2019-01-20 23:30:49,0.0,0,0,6477059,2019-01-20 23:30:49,,0.0,0.0,0,,0.0,0.0,0.0,201
1,[],4,[],2019-01-25 15:51:35,2084389.58565343,0.00000936,0.000000000333526752,6499557,2019-01-25 15:51:35,btc,2.0092503037378524,0.0,0.00000936,btc,160195.80207885,0.19272417,1.242687955921835,211
1,[],7,[],2019-05-28 12:36:46,1172424236.4545841,0.00000056,0.000000000048895392,7700730,2019-05-28 12:36:46,btc,15202333.76008515,275947.800549,0.00000056,btc,8767248.9442734,0.0,13.202977830719533,212
1,[],12,[],2019-01-25 02:44:32,207462.42853209,0.000001080000000000000035831255497387193287295303889550268650054931640625,0.000000000038610756000000006,6493050,2019-01-25 02:44:32,btc,85023.03793723314,0.0,0.000001080000000000000035831255497387193287295303889550268650054931640625,btc,43675.73520027,0.000146250909087,0.0348620860622024,213
1,[],5,[],2019-05-28 12:36:48,0.0,0,0,7700731,2019-05-28 12:36:48,btc,0.0,0.08514137,0,btc,0.0,0.0,0.0,213
1,[],24,[],2019-05-28 12:36:48,0.0,0.000000399202,0.000000000034855604066399996,7700732,2019-05-28 12:36:48,btc,0.0,433.54035,0.000000399202,btc,0.0,0.00017307,0.0,213
1,[],26,[],2019-05-28 12:36:49,0.0,0.00000040,0.00000000003492528,7700733,2019-05-28 12:36:49,btc,0.0,0.0,0.00000040,btc,0.0,0.0,0.0,213
0,[],22,[],2019-05-28 12:36:51,0.0,0,0,7700734,2019-05-28 12:36:51,,9.61445386,0.0,0,,3661587.094064925,0.0,0.0,216
1,[],27,[],2019-05-28 12:36:59,0.0,0.00000001,0.000000000000873132,7700735,2019-05-28 12:36:59,btc,70.5880431980052,13018.0,0.00000001,"btc,ltc",385818.40768,0.00026036,0.0,216
1,[],22,[],2019-05-28 12:37:03,569597.65625,0.00000033,0.000000000028813356,7700736,2019-05-28 12:37:03,BTC,12054.75364412,0.0,0.00000033,BTC,408868.93767707155,0.03055813,0.04773955,217
1,[],7,[],2019-05-28 12:37:05,0.0,0,0,7700737,2019-05-28 12:37:05,btc,1234863.9715096697,0.0,0,btc,160745512.9208393,0.0,0.0,219
0,[],27,[],2019-05-28 12:37:15,0.0,0,0,7700738,2019-05-28 12:37:15,,0.49457331670168,2377054.0337,0,btc,4450808.060356,0.19016432,0.0,219
0,[],28,[],2019-05-28 12:38:08,0.0,0,0,7700739,2019-05-28 12:38:08,,0.0,3129294.603,0,,0.0,0.0,0.0,219
1,[],22,[],2019-05-23 16:41:05,172069.0,0.00000004,0.0000000000031167080000000004,7674065,2019-05-23 16:41:05,BTC,56.76466137,0.0,0.00000004,BTC,127061.6482738741,0.0,0.00393676,221
1,[],24,[],2019-05-23 16:41:05,0.0,0.000000010000,0.0000000000007791770000000001,7674066,2019-05-23 16:41:05,btc,0.0,0.0,0.000000010000,btc,0.0,0.0,0.0,221
1,[],20,[],2019-05-28 12:38:10,6879470.5336,0.000000002,0.0000000000001746264,7700740,2019-05-28 12:38:10,btc,100050.7803061456,621847.6958,0.000000002,btc,45356872.0177,0.001254266575,0.0069783785336,224
0,[],22,[],2019-05-28 12:38:13,0.0,0,0,7700741,2019-05-28 12:38:13,,0.0,0.0,0,,0.0,0.0,0.0,224
1,[],26,[],2019-05-28 12:38:13,0.0,0.00000026,0.000000000022701432,7700742,2019-05-28 12:38:13,btc,0.0,0.0,0.00000026,btc,0.0,0.0,0.0,231
1,[],26,[],2019-05-28 12:38:15,0.0,0.00000006,0.000000000005238792,7700743,2019-05-28 12:38:15,btc,0.0,100.0,0.00000006,btc,0.0,0.0,0.0,234
0,[],27,[],2019-05-28 12:38:27,0.0,0,0,7700744,2019-05-28 12:38:27,,0.01134836604,0.0,0,"btc,eth",11462.996,0.0,0.0,234
1,[],4,[],2019-05-22 17:06:12,91780.56053785,0.00000078,0.000000000061977552,7669277,2019-05-22 17:06:12,btc,5.573372450018177,0.0,0.00000078,btc,729173.93529783,0.0,0.0307060663355679,236
1,[],24,[],2019-05-22 17:06:12,0.0,0.000000010000,0.000000000000794584,7669278,2019-05-22 17:06:12,btc,0.0,0.0,0.000000010000,btc,0.0,0.0,0.0,236
1,[],5,[],2019-05-28 12:38:29,0.0,0,0,7700745,2019-05-28 12:38:29,btc,0.0,0.22055853,0,btc,0.0,0.0,0.0,237
1,[],20,[],2019-05-28 12:38:31,119715614.3101,0.000000037,0.0000000000032305884,7700746,2019-05-28 12:38:31,btc,58794.21014820905,9680398.2793,0.000000037,btc,43838038.296,0.3755231651876,0.4281078068592,237
1,[],22,[],2019-05-28 12:38:34,288100.0,0.00000003,0.000000000002619396,7700747,2019-05-28 12:38:34,BTC,1.20267422,0.0,0.00000003,"BTC,LTC",17930.94871794872,0.0,0.007541,237
1,[],4,[],2019-05-28 12:38:35,26821136.40621732,0.00000012,0.000000000010477584,7700748,2019-05-28 12:38:35,btc,2.841467966520494,0.0,0.00000012,btc,8799812.9207834,0.06471685,0.5463999516493725,238
1,[],5,[],2019-05-28 12:38:36,0.0,0,0,7700749,2019-05-28 12:38:36,btc,0.0,0.04872593,0,btc,0.0,0.0,0.0,238
0,[],22,[],2019-03-12 16:49:32,0.0,0,0,6914458,2019-03-12 16:49:32,,0.40415746,0.0,0,,526736.5639027493,0.0,0.0,249
0,[],22,[],2019-05-28 12:38:39,0.0,0,0,7700750,2019-05-28 12:38:39,,13.44714864,0.0,0,,43777534.3426455,0.0,0.0,252
0,[],28,[],2019-05-28 12:39:11,0.0,0,0,7700751,2019-05-28 12:39:11,,0.0,304751.065,0,,0.0,0.0,0.0,256
1,[],22,[],2019-05-28 12:39:16,1039321.0,0.00000001,0.000000000000873132,7700752,2019-05-28 12:39:16,BTC,21.85885958,0.0,0.00000001,BTC,542925.7509808998,0.00012308,0.01039321,258
1,[],22,[],2019-05-19 18:12:02,400.0,0.00000001,0.0000000000007957800000000001,7653905,2019-05-19 18:12:02,BTC,2.415167,0.0,0.00000001,BTC,157.0,0.0,4e-06,259
1,[],5,[],2019-05-28 12:39:18,0.0,0,0,7700753,2019-05-28 12:39:18,btc,0.0,0.10621928,0,btc,0.0,0.0,0.0,264
1,[],20,[],2019-05-28 12:39:20,980215.6101,0.000000142,0.0000000000123984744,7700754,2019-05-28 12:39:20,btc,0.9781749883409,40133.7728,0.000000142,btc,52160.9707,0.02408026368,0.0109761547767,264
0,[],22,[],2019-04-12 17:57:27,0.0,0,0,7278186,2019-04-12 17:57:27,,66.37522201,0.0,0,,677842.4169881374,0.0,0.0,271
0,[],22,[],2019-05-28 10:09:49,0.0,0,0,7700123,2019-05-28 10:09:49,,33050470.74998113,0.0,0,,14361377780.7,0.0,0.0,272
0,[],28,[],2019-05-28 10:09:51,0.0,0,0,7700124,2019-05-28 10:09:51,,0.0,41041727177.1442,0,,0.0,0.0,0.0,272
1,[],22,[],2019-05-23 07:12:29,219930.0,0.00000004,0.000000000003048688,7671985,2019-05-23 07:12:29,BTC,426.77835217,0.0,0.00000004,BTC,248664.3325962929,0.0,0.00739728,281
1,[],22,[],2019-05-28 12:39:24,229391.1,0.00000003,0.000000000002619396,7700755,2019-05-28 12:39:24,BTC,31.64139931,0.0,0.00000003,"BTC,LTC",1320196.168386947,0.01306963,0.01009238,286
0,[],22,[],2019-05-28 12:39:28,0.0,0,0,7700756,2019-05-28 12:39:28,,7337904.96568486,0.0,0,,2004620112.6797826,0.0,0.0,294
