pairValue,buyBook,exchangeId,sellBook,updated,buyTotal,satoshiPrice,usdPrice,exchangeLogId,created,bestPair,sellTotalBtc,volume,pairPrice,activePairs,sellTotal,volumeBtc,buyTotalBtc,coinId
0,[],2,[],2019-01-20 23:28:45,0.0,0,0,6477011,2019-01-20 23:28:45,,0.0,0.0,0,,0.0,0.0,0.0,1
1,[],3,[],2019-03-19 05:19:38,31038.324512152318,0.01305526000000000082235107612405045074410736560821533203125,0.000000519474017504,6974437,2019-03-19 05:19:38,btc,60.16970659491435,0.050123664296,0.01305526000000000082235107612405045074410736560821533203125,btc,26.286953281684,0.0,0.30299941428721977,1
1,[],4,[],2019-03-19 05:19:39,207757.21532845,0.01300000,0.0000005172752,6974438,2019-03-19 05:19:39,btc,13.630521898201858,0.0,0.01300000,btc,267.40613522,1.12024601,1.204191775718897,1
1,[],5,[],2019-03-19 05:19:42,0.0,0,0,6974439,2019-03-19 05:19:42,btc,0.0,0.35239153,0,btc,0.0,0.0,0.0,1
1,[],10,[],2019-03-19 05:19:44,413722.69281292,0.01112943,0.000000442844471472,6974440,2019-03-19 05:19:44,btc,6523.43087284727,1635.22964998,0.01112943,btc,1028.49480413,0.0,4.714214634379996,1
1,[],12,[],2019-03-19 05:19:47,54.837990229999996,0.0129599999999999992983390484369010664522647857666015625,0.000000515683584,6974441,2019-03-19 05:19:47,btc,0.1685261337728,0.0,0.0129599999999999992983390484369010664522647857666015625,btc,12.43074054,0.0078716188527,0.4167984121193,1
1,[],20,[],2019-03-19 05:19:48,1155.1527,0.01100001,0.000000437694797904,6974442,2019-03-19 05:19:48,btc,0.0423738248054,0.0,0.01100001,btc,1.8879,0.0,0.1254152403471,1
1,[],21,[],2019-03-19 05:19:49,2412.64378148,0.01301000000000000073052675020,0.000000517673104,6974443,2019-03-19 05:19:49,btc,97.6520693386758,12351.6374771,0.013010000000000000730526750203353003598749637603759765625,"btc,eth",8308.77038934,155.66977937967084,24.779082013397574,1
1,[],22,[],2019-03-19 05:19:53,0.07686088253968254,0.01260000,0.00000050135904,6974444,2019-03-19 05:19:53,BTC,0.31439419,0.0,0.01260000,BTC,0.12751438772928525,0.0,0.00096785,1
1,[],24,[],2019-03-19 05:19:53,0.0,0.000000000000,0,6974445,2019-03-19 05:19:53,btc,0.0,0.0,0.000000000000,btc,0.0,0.0,0.0,1
0.0,[],25,[],2019-03-19 05:19:54,0.0,0,0,6974446,2019-03-19 05:19:54,btc,37.39119999765464,753.64169466,0.0,btc,2810.18464073,9.887,0.0,1
1,[],26,[],2019-03-19 05:19:55,0.0,0,0,6974447,2019-03-19 05:19:55,,0.0,0.0,0,,0.0,0.0,0.0,1
1,[],28,[],2019-03-19 05:20:06,994.123,0.01250000,0.00000049738,6974448,2019-03-19 05:20:06,btc,0.151703079,18557.81,0.01250000,btc,8.184,0.0,0.101388596,1
1,[],5,[],2019-03-19 05:06:44,0.0,0,0,6974274,2019-03-19 05:06:44,btc,0.0,0.10688778,0,btc,0.0,0.0,0.0,2
0,[],22,[],2019-03-19 05:06:46,0.0,0,0,6974275,2019-03-19 05:06:46,,0.0,0.0,0,,0.0,0.0,0.0,2
1,[],5,[],2019-03-19 05:06:47,0.0,0,0,6974276,2019-03-19 05:06:47,btc,0.0,1.39201554,0,btc,0.0,0.0,0.0,3
1,[],12,[],2019-03-19 05:06:48,2737395.43352221,0.000000191,0.0000000000075971014,6974277,2019-03-19 05:06:48,btc,23468.943263506157,0.0,0.000000191,btc,1407076.82261701,0.05757908694747185,0.3922433786943978,3
0,[],28,[],2019-03-19 05:06:50,0.0,0,0,6974278,2019-03-19 05:06:50,,0.0,0.0,0,,0.0,0.0,0.0,3
0,[],2,[],2019-01-20 23:31:32,0.0,0,0,6477077,2019-01-20 23:31:32,,0.0,0.0,0,,0.0,0.0,0.0,4
1,[],4,[],2019-03-19 05:06:51,357173.60317503,0.00000031,0.000000000012330374,6974279,2019-03-19 05:06:51,btc,32.07924660579981,0.0,0.00000031,btc,716372.72080371,0.00318224,0.0360603961767699,4
1,[],12,[],2019-03-19 04:57:49,394575.0,0.00000002,0.000000000000795104,6974086,2019-03-19 04:57:49,btc,1111853.28843344,0.0,0.00000002,btc,786424.33266733,0.0,0.00435124,5
0,[],2,[],2019-01-20 23:31:51,0.0,0,0,6477087,2019-01-20 23:31:51,,0.0,0.0,0,,0.0,0.0,0.0,6
1,[],11,[],2019-03-19 05:06:53,3387507.66422,0.00000001,0.00000000000039775400000000003,6974280,2019-03-19 05:06:53,btc,9574.321185219353,882000.0,0.00000001,btc,43437365.60080908,0.0,0.0338750766422,6
1,[],3,[],2019-03-19 05:20:07,1111.874925057246,0.00016001000000000000791054721727135756736970506608486175537109375,0.0000000063668619040000005,6974449,2019-03-19 05:20:07,btc,29.634654231634162,0.0,0.00016001000000000000791054721727135756736970506608486175537109375,btc,241.020514578101,0.0,0.03830597781778914,7
1,[],4,[],2019-03-19 05:20:08,106816.4757526,0.00023316,0.000000009277529664,6974450,2019-03-19 05:20:08,btc,11.575563883038518,0.0,0.00023316,btc,39242.03500543,7.60453371,11.432354353984376,7
1,[],5,[],2019-03-19 05:20:09,0.0,0,0,6974451,2019-03-19 05:20:09,btc,0.0,0.52321659,0,btc,0.0,0.0,0.0,7
1,[],20,[],2019-02-20 02:16:17,39399275.8418,0.000000001,0.0000000000000390183,6728586,2019-02-20 02:16:17,btc,116.9737569154545,525.0,0.000000001,btc,56932965.8895,5.25e-07,0.0393992758418,8
0,[],2,[],2019-01-20 23:22:42,0.0,0,0,6476876,2019-01-20 23:22:42,,0.0,0.0,0,,0.0,0.0,0.0,9
0,[],23,[],2019-01-20 23:22:48,0.0,0,0,6476878,2019-01-20 23:22:48,,0.0,0.0,0,,0.0,0.0,0.0,9
1,[],1,[],2019-02-17 23:31:42,1822507.21,0.00000181000000000000003456111265232042484285557293333113193511962890625,0.000000000066086901,6701244,2019-02-17 23:31:42,btc,3.6990969245,17153386.5,0.00000181000000000000003456111265232042484285557293333113193511962890625,btc,1997391.71,31.11772986,3.2610482446,9
1,[],4,[],2019-03-19 05:20:10,1712209.98795071,0.00000153,0.000000000060879312,6974452,2019-03-19 05:20:10,btc,7.136420040562979,0.0,0.00000153,btc,3253960.62788193,0.68238552,1.8000582651109052,9
1,[],28,[],2019-03-19 05:20:25,27403.0,0.00000160,0.00000000006366464,6974453,2019-03-19 05:20:25,btc,2708.776551247723,3606227.0,0.00000160,btc,20316.3373,0.0,0.0164095,9
1,[],4,[],2019-02-17 11:22:43,4341674.27126056,0.00000002,0.0000000000007272960000000001,6696112,2019-02-17 11:22:43,btc,0.1997230937751353,0.0,0.00000002,btc,4109766.79808031,0.00215132,0.0479381022052112,10
0,[],2,[],2019-01-20 23:23:08,0.0,0,0,6476890,2019-01-20 23:23:08,,0.0,0.0,0,,0.0,0.0,0.0,12
1,[],4,[],2019-03-19 05:20:26,5584591.3242577,0.00000182,0.000000000072418528,6974454,2019-03-19 05:20:26,btc,13.187217645740063,0.0,0.00000182,btc,5275270.47088773,2.38195835,6.6829759213263245,12
1,[],5,[],2019-03-19 05:20:27,0.0,0,0,6974455,2019-03-19 05:20:27,btc,0.0,0.14607207,0,btc,0.0,0.0,0.0,12
0.0,[],25,[],2019-03-19 05:20:28,0.0,0,0,6974456,2019-03-19 05:20:28,,0.0,0.0,0.0,btc,0.0,0.0,0.0,12
1,[],10,[],2019-03-19 05:07:07,481413.99224593,0.00001023,0.00000000040690234200000003,6974290,2019-03-19 05:07:07,btc,666776.4131710934,82022.4410324,0.00001023,btc,645042.23870812,0.0,0.6457494878161621,13
1,[],4,[],2019-03-19 05:20:29,32904414.05939015,0.00001026,0.000000000408249504,6974457,2019-03-19 05:20:29,btc,3.3815894753426416,0.0,0.00001026,btc,255957.77847122,1.94207341,1.204522872902557,13
1,[],21,[],2019-03-19 05:20:32,1594809.91209659,0.00001028999999999999973552839566,0.000000000409443216,6974458,2019-03-19 05:20:32,btc,13.298517642004045,3251462.28740201,0.000010289999999999999735528395661265932403694023378193378448486328125,btc,1124541.85280196,36.22238389,15.16834719729328,13
0,[],17,[],2019-03-19 04:45:43,0.0,0,0,6973872,2019-03-19 04:45:43,btc,0.0,0.0,0,btc,0.0,0.0,0.0,14
1,[],4,[],2019-03-19 05:20:33,1099661.35277096,0.00000089,0.000000000035413456,6974459,2019-03-19 05:20:33,btc,5.4369797658497765,0.0,0.00000089,btc,993324.11344219,0.02368916,0.1845624203664511,14
1,[],12,[],2019-03-19 05:20:34,303845.50704225,0.00000071,0.000000000028251184,6974460,2019-03-19 05:20:34,btc,0.056045956394471796,0.0,0.00000071,btc,13799.95186185,2.213786214e-05,0.0323323999999975,14
1,[],26,[],2019-03-19 05:20:45,0.0,0.00000050,0.0000000000198952,6974461,2019-03-19 05:20:45,btc,0.0,0.0,0.00000050,btc,0.0,0.0,0.0,14
,[],12,[],2018-12-01 15:15:48,204241.84496,0.00000489,0.000000000202473384,5260204,2018-12-01 15:15:48,btc,49.5475654835,0.0,,btc,35763.2193806,0.0163153972027625,0.0203389899998,15
0,[],4,[],2019-03-19 05:20:46,0.0,0,0,6974462,2019-03-19 05:20:46,,0.0,0.0,0,,0.0,0.0,0.0,15
0,[],17,[],2019-03-19 04:06:05,0.0,0,0,6973719,2019-03-19 04:06:05,btc,0.0,0.0,0,btc,0.0,0.0,0.0,18
1,[],4,[],2019-03-19 05:07:27,74770.08374305,0.00001515,0.00000000060259731,6974296,2019-03-19 05:07:27,btc,2.112076132109314,0.0,0.00001515,btc,18632.37402629,0.05215287,0.0522142893797962,18
1,[],10,[],2019-03-19 05:07:29,786329.28471463,0.00001535,0.00000000061055239,6974297,2019-03-19 05:07:29,btc,15.396110051903745,4448.52382364,0.00001535,btc,12809.29463027,0.0,0.1695590950535084,18
1,[],12,[],2019-03-19 05:07:30,338274.96174073,0.00001544000000000000124948662527657461396302096545696258544921875,0.000000000614132176,6974298,2019-03-19 05:07:30,btc,33214.73000430219,0.0,0.00001544000000000000124948662527657461396302096545696258544921875,btc,944.12085775,0.0163467605313371,0.058315512873300696,18
0,[],2,[],2019-01-20 23:23:38,0.0,0,0,6476906,2019-01-20 23:23:38,,0.0,0.0,0,,0.0,0.0,0.0,18
1,[],4,[],2019-03-19 05:20:48,227094.29234661,0.00001954,0.000000000777504416,6974464,2019-03-19 05:20:48,btc,2.259725642165245,0.0,0.00001954,btc,75424.72440369,0.49041872,2.4233688489927214,19
1,[],5,[],2019-03-19 05:20:49,0.0,0,0,6974465,2019-03-19 05:20:49,btc,0.0,0.00046389,0,btc,0.0,0.0,0.0,19
1,[],12,[],2019-03-19 05:20:50,193483.21203168,0.00001849999999999999905696095037210824330031755380332469940185546875,0.0000000007361224,6974466,2019-03-19 05:20:50,btc,0.2094084258393596,0.0,0.00001849999999999999905696095037210824330031755380332469940185546875,btc,2452.9978106,0.0082401904297028,0.0490289299996687,19
0,[],27,[],2019-03-19 05:20:52,0.0,0,0,6974467,2019-03-19 05:20:52,,0.0,0.0,0,btc,0.0,0.0,0.0,19
0,[],2,[],2019-01-20 23:24:19,0.0,0,0,6476924,2019-01-20 23:24:19,,0.0,0.0,0,,0.0,0.0,0.0,19
1,[],3,[],2019-03-19 05:20:47,119822.63752771809,0.00001847000000000000103825802122425869811195298098027706146240234375,0.000000000734928688,6974463,2019-03-19 05:20:47,btc,0.6919407325489582,0.0,0.00001847000000000000103825802122425869811195298098027706146240234375,btc,15054.205445313173,0.0,0.047099976451235266,19
1,[],4,[],2019-03-19 05:20:53,3268793.59434985,0.00000013,0.000000000005172752,6974468,2019-03-19 05:20:53,btc,7.380201587426975,0.0,0.00000013,btc,2861915.63183601,0.00127417,0.0983855666087598,20
1,[],4,[],2019-03-19 05:07:54,88042158.01393595,0.00000002,0.000000000000795508,6974305,2019-03-19 05:07:54,btc,39417.370638353175,0.0,0.00000002,btc,58209685.92291303,0.1373929,0.8805223331893596,21
1,[],12,[],2019-03-19 05:07:55,2160443.0,0.00000001,0.00000000000039775400000000003,6974306,2019-03-19 05:07:55,btc,2870.5387465902895,0.0,0.00000001,btc,2983694.51448551,0.00015161988012,0.02160443,21
0,[],17,[],2019-03-19 04:58:33,0.0,0,0,6974114,2019-03-19 04:58:33,btc,0.0,0.0,0,btc,0.0,0.0,0.0,21
1,[],12,[],2019-03-19 05:08:07,2846479943.0,0.0000000002,0.00000000000000795508,6974307,2019-03-19 05:08:07,btc,1951137.8126779755,0.0,0.0000000002,btc,1400797219.4655344,0.3074665330930847,0.30335444440000003,23
0,[],27,[],2019-03-19 05:08:09,0.0,0,0,6974308,2019-03-19 05:08:09,,13.9750273112066,0.0,0,eth,6313324.08723636,0.0,0.0,23
1,[],4,[],2019-03-19 05:08:10,683828.61836138,0.00000046,0.000000000018296684,6974309,2019-03-19 05:08:10,btc,9.911903280526317,0.0,0.00000046,btc,1610795.82615438,0.00929407,0.1754123565868012,24
1,[],22,[],2019-03-19 05:08:13,11.76,0.00000100,0.0000000000397754,6974310,2019-03-19 05:08:13,BTC,7.415e-05,0.0,0.00000100,BTC,23.919354838709676,0.0,1.176e-05,24
0.0,[],25,[],2019-03-19 05:08:14,0.0,0,0,6974311,2019-03-19 05:08:14,,0.0,0.0,0.0,btc,0.0,0.0,0.0,24
1,[],4,[],2019-03-19 05:08:15,28209525.09301916,0.00000731,0.000000000290758174,6974312,2019-03-19 05:08:15,btc,151.5119183328355,0.0,0.00000731,btc,252944.16822513,0.24383251,0.6383241699855358,26
1,[],10,[],2019-03-19 05:08:17,602885.51914764,0.00000542,0.00000000021558266799999998,6974313,2019-03-19 05:08:17,btc,25.238704938233916,2989.92925767,0.00000542,btc,15115.03027449,0.0,0.1448395141276207,26
0,[],2,[],2019-01-20 23:25:56,0.0,0,0,6476976,2019-01-20 23:25:56,,0.0,0.0,0,,0.0,0.0,0.0,26
1,[],3,[],2019-03-19 05:08:18,10183348.48184747,0.00000001,0.00000000000039775400000000003,6974314,2019-03-19 05:08:18,btc,2.0625272795082132,4818.059,0.00000001,btc,16017441.31331054,0.0,0.1018334848184747,27
1,[],5,[],2019-03-19 05:08:19,0.0,0,0,6974315,2019-03-19 05:08:19,btc,0.0,0.00034602,0,btc,0.0,0.0,0.0,27
1,[],11,[],2019-03-19 05:10:20,8483599.24590115,0.00000006,0.0000000000023865239999999997,6974316,2019-03-19 05:10:20,btc,67506.1891365516,0.0,0.00000006,btc,7956117.08369704,0.0,0.4685351649180229,27
1,[],4,[],2019-03-19 05:10:21,2165524027.539866,0.00000001,0.000000000000397754,6974317,2019-03-19 05:10:21,btc,3.274383576247314,0.0,0.00000001,"btc,ltc",264237061.59804228,0.08495933,10.0593905788186,29
1,[],7,[],2019-03-19 05:10:22,35609430.88543586,0.00000001,0.00000000000039775400000000003,6974318,2019-03-19 05:10:22,btc,44461604.301215105,0.0,0.00000001,btc,52543206.098992825,0.0,0.35609430885435855,29
1,[],4,[],2019-03-19 05:10:24,4102694.34369721,0.00000019,0.000000000007557326,6974319,2019-03-19 05:10:24,btc,2.7910889400516585,0.0,0.00000019,btc,2245798.87566908,0.00222044,0.1128280494374399,30
0,[],17,[],2019-03-19 04:58:49,0.0,0,0,6974126,2019-03-19 04:58:49,btc,0.0,0.0,0,btc,0.0,0.0,0.0,30
1,[],4,[],2019-03-19 05:10:36,216587.92132461,0.00005941,0.000000002363056514,6974320,2019-03-19 05:10:36,btc,5.974416288278577,0.0,0.00005941,btc,63620.94517777,0.9262731,2.8583404368276044,31
1,[],21,[],2019-03-19 05:10:37,70450.59645669,0.00006106999999999999635767050643,0.000000002429083678,6974321,2019-03-19 05:10:37,btc,7.518214956843095,315863.92871374,0.000061069999999999996357670506430537216147058643400669097900390625,btc,110636.87123101999,19.07976744,3.970632534422212,31
0,[],2,[],2019-01-20 23:28:43,0.0,0,0,6477009,2019-01-20 23:28:43,,0.0,0.0,0,,0.0,0.0,0.0,32
1,[],4,[],2019-03-19 05:10:38,396670783.3008816,0.00000004,0.000000000001591016,6974322,2019-03-19 05:10:38,btc,8.936799100776987,0.0,0.00000004,"btc,ltc",183760286.03955236,0.18150158,8.428878833893428,33
1,[],12,[],2019-03-19 05:10:40,31484859.658999998,0.00000004,0.0000000000015910160000000001,6974323,2019-03-19 05:10:40,btc,4127602.4344330034,0.0,0.00000004,btc,20543804.55544455,0.0002028000399605,0.76071073672,33
1,[],4,[],2019-03-19 05:10:41,89789735.77117006,0.00000001,0.000000000000397754,6974324,2019-03-19 05:10:41,btc,3.2225744430191208,0.0,0.00000001,btc,102645027.49810039,0.00388532,0.8978973577117006,34
1,[],5,[],2019-03-19 05:10:42,0.0,0,0,6974325,2019-03-19 05:10:42,btc,0.0,0.08129686,0,btc,0.0,0.0,0.0,34
0.0000000001477754,[],4,[],2019-03-19 05:10:43,5073512028.398448,1.477754e-18,5.877825645160001e-23,6974326,2019-03-19 05:10:43,ltc,4.950728290426685e-08,0.0,0.00000001,ltc,6356755251.736046,0.0,7.49740269401392e-09,36
1,[],5,[],2019-03-19 05:10:44,0.0,0,0,6974327,2019-03-19 05:10:44,btc,0.0,0.0,0,btc,0.0,0.0,0.0,36
0.0000000003452892,[],27,[],2019-03-19 05:10:58,992184.46325,3.452892e-18,1.3734016045679998e-22,6974328,2019-03-19 05:10:58,eth,223.74951049924783,5815.7,0.00000001,"ltc,eth",12177368.61058689,8.594617264000001e-15,1.466204881746819e-12,36
0,[],17,[],2019-03-19 04:49:10,0.0,0,0,6973944,2019-03-19 04:49:10,btc,0.1415580988288065,0.0,0,btc,10796613.27743647,0.0,0.0,36
1,[],4,[],2019-03-19 04:59:12,217910.12472002,0.00000056,0.000000000022262912,6974136,2019-03-19 04:59:12,btc,19772.47129744893,0.0,0.00000056,btc,593555.44380408,0.00528608,0.0856965243956523,37
1,[],12,[],2019-03-19 04:59:13,564790.35364516,0.00000061,0.000000000024250672,6974137,2019-03-19 04:59:13,btc,21.862663776096273,0.0,0.00000061,btc,489273.25845911,0.0442488153145909,0.211628242638249,37
1,[],17,[],2019-03-19 04:59:15,1752.74075282,0.00000025,0.0000000000099388,6974138,2019-03-19 04:59:15,btc,0.05548492398641506,0.0,0.00000025,btc,1387.19918473,0.0,0.00043818518820499993,37
1,[],27,[],2019-03-19 04:59:17,14685.567,0.00000045,0.00000000001788984,6974139,2019-03-19 04:59:17,btc,24.25536383611233,0.0,0.00000045,btc,6518.38138508,0.0,0.00480032515,37
1,[],5,[],2019-03-19 05:10:59,0.0,0,0,6974329,2019-03-19 05:10:59,btc,0.0,0.02106296,0,btc,0.0,0.0,0.0,42
0.0000000003452892,[],27,[],2019-03-19 05:13:02,2000.0,3.452892e-18,1.3734016045679998e-22,6974330,2019-03-19 05:13:02,eth,0.00315028,0.0,0.00000001,"btc,eth",11.007,0.0,6.905784e-15,42
1,[],12,[],2019-03-19 04:59:20,258541.34585434,0.00000097,0.000000000038562544,6974141,2019-03-19 04:59:20,btc,5.580827796739261,0.0,0.00000097,btc,30172.49442021,0.0155079148234137,0.0183780668353156,42
1,[],5,[],2019-03-19 05:13:04,0.0,0,0,6974331,2019-03-19 05:13:04,btc,0.0,0.01267911,0,btc,0.0,0.0,0.0,43
0,[],17,[],2019-03-19 05:13:16,0.0,0,0,6974332,2019-03-19 05:13:16,btc,0.0,0.0,0,btc,0.0,0.0,0.0,43
1,[],12,[],2019-03-13 09:13:29,1112112.0,0.00000001,0.000000000000386531,6919902,2019-03-13 09:13:29,btc,29058.00478931866,0.0,0.00000001,btc,5967681.93306694,9.99000999e-07,0.01112112,43
1,[],12,[],2019-03-05 01:54:08,639326.02,0.00000004,0.000000000001486676,6845775,2019-03-05 01:54:08,btc,11116042.728239931,0.0,0.00000004,btc,1103841.4595604,0.0003330765234764,0.014975410599999999,44
1,[],4,[],2019-03-19 05:13:17,298312773.89737284,0.00000002,0.000000000000795508,6974333,2019-03-19 05:13:17,btc,473.80209723334116,0.0,0.00000002,"btc,ltc",12823039.44219975,0.00060861,0.2839204469096403,49
0.0000000001477754,[],4,[],2019-03-19 05:13:18,502681308.62466913,1.477754e-18,5.877825645160001e-23,6974334,2019-03-19 05:13:18,ltc,25.901654673938655,0.0,0.00000001,ltc,8614125116.009727,0.0,7.428393145453394e-10,52
0,[],22,[],2019-03-19 05:13:21,0.0,0,0,6974335,2019-03-19 05:13:21,,4428.59026215,0.0,0,,305937213.5359664,0.0,0.0,57
0.0000000003452892,[],27,[],2019-03-19 05:13:23,2000.0,3.452892e-18,1.3734016045679998e-22,6974336,2019-03-19 05:13:23,eth,0.0,0.0,0.00000001,"btc,eth",0.0,0.0,6.905784e-15,57
0.0000000001477754,[],4,[],2019-03-19 05:13:24,758703760.9328182,2.955508e-18,1.1755651290320001e-22,6974337,2019-03-19 05:13:24,ltc,18.65761730941389,0.0,0.00000002,ltc,4664894118.967522,0.0,1.6831031102430613e-09,58
1,[],12,[],2019-03-19 05:13:26,1422975834.0,0.0000000003,0.00000000000001193262,6974338,2019-03-19 05:13:26,btc,4265309.782206455,0.0,0.0000000003,btc,1776891445.7352648,0.00103803642887114,0.3648171503,58
0,[],17,[],2019-03-19 05:13:28,0.0,0,0,6974339,2019-03-19 05:13:28,btc,1e+24,0.0,0,btc,49306342.21952568,0.0,0.0,58
0.00000000012984990000000002,[],22,[],2019-03-19 05:13:30,137438.0,1.298499e-18,5.1648317124600004e-23,6974340,2019-03-19 05:13:30,XMR,69.1795942,0.0,0.00000001,XMR,9887963.0,0.0,0.00137438,58
1,[],5,[],2019-03-19 05:13:31,0.0,0,0,6974341,2019-03-19 05:13:31,btc,0.0,0.02288851,0,btc,0.0,0.0,0.0,61
1,[],22,[],2019-03-19 05:13:34,13656.0,0.00000012,0.000000000004773048,6974342,2019-03-19 05:13:34,BTC,1002.2960049,0.0,0.00000012,BTC,14976.68361146909,0.0,0.00153775,61
1,[],26,[],2019-03-19 05:13:34,0.0,0.00000800,0.0000000003182032,6974343,2019-03-19 05:13:34,btc,0.0,0.0,0.00000800,btc,0.0,0.0,0.0,61
1,[],27,[],2019-03-19 05:13:37,9758.72798,0.00000047,0.000000000018694438000000002,6974344,2019-03-19 05:13:37,btc,2.884958570314132,159.84,0.00000047,"btc,eth",19782.59257617,7.512e-05,0.0001608152065586395,61
1,[],28,[],2019-03-19 05:13:39,13880.304,0.0000005,0.0000000000198877,6974345,2019-03-19 05:13:39,btc,2.056812978300105,837.0,0.0000005,btc,10230.59500005,0.0,0.00566391304,61
1,[],4,[],2019-03-19 04:59:58,1277626.17316724,0.00000248,0.000000000098592896,6974158,2019-03-19 04:59:58,btc,9.975335115293452,0.0,0.00000248,btc,1077145.11337026,1.20714321,0.9821777720405531,67
0.0,[],25,[],2019-03-19 04:59:59,0.0,0,0,6974159,2019-03-19 04:59:59,,0.0,0.0,0.0,btc,0.0,0.0,0.0,67
1,[],12,[],2019-03-19 05:13:40,1052625.2137130501,0.00000014,0.000000000005568556000000001,6974346,2019-03-19 05:13:40,btc,1111615.2299695283,0.0,0.00000014,btc,982453.90258844,0.0039643871628368,0.0913096841918177,71
,[],5,[],2018-11-20 23:02:39,1.5e-07,0.00000005,0.000000000002128045,4862160,2018-11-20 23:02:39,btc,2.84511358,0.0,,btc,0.00036572,0.0,0.07381892,74
1,[],5,[],2019-03-19 05:13:42,0.0,0,0,6974347,2019-03-19 05:13:42,btc,0.0,0.0,0,btc,0.0,0.0,0.0,75
1,[],4,[],2019-03-19 05:13:43,13382103.94481309,0.00000001,0.000000000000397754,6974348,2019-03-19 05:13:43,btc,11370.01882265495,0.0,0.00000001,btc,39916337.06932191,0.00062383,0.1338210394481309,81
0,[],20,[],2019-01-25 09:30:31,0.0,0,0,6495923,2019-01-25 09:30:31,btc,0.0,0.0,0,btc,0.0,0.0,0.0,81
1,[],4,[],2019-03-19 05:13:45,23847.99960342,0.00008076,0.000000003212261304,6974349,2019-03-19 05:13:45,btc,17.885528630903927,0.0,0.00008076,btc,12044.49515503,0.04378203,0.0981619656817942,82
1,[],21,[],2019-03-19 05:13:46,912329.33491299,0.00007653000000000000080380146983,0.0000000030440113620000003,6974350,2019-03-19 05:13:46,btc,2.8028936164058527,11818.65995669,0.00007653000000000000080380146982861333526670932769775390625,btc,31009.84080488,0.90320271,3.178797894824606,82
0,[],17,[],2019-03-19 05:13:48,0.0,0,0,6974351,2019-03-19 05:13:48,btc,0.0447233088476774,0.0,0,btc,999127.19588126,0.0,0.0,84
0.0000000001477754,[],4,[],2019-03-19 05:13:49,149291050.4678183,4.433262e-18,1.763347693548e-22,6974352,2019-03-19 05:13:49,ltc,1.6750569507998103,0.0,0.00000003,ltc,365587477.38117534,0.00123456,3.2122334079326827e-10,85
,[],22,[],2018-11-20 23:09:34,3408.1,0.0000001,0.0000000000041895,4862324,2018-11-20 23:09:34,BTC,0.04624735,0.0,,BTC,4990.0,0.0,0.00033081,86
1,[],22,[],2019-03-19 05:13:52,111869.83333333333,0.00000006,0.000000000002386524,6974353,2019-03-19 05:13:52,BTC,2.07824106,0.0,0.00000006,BTC,165278.94736842104,0.0,0.00185219,87
1,[],27,[],2019-03-19 05:13:54,50.0,0.00000001,0.000000000000397754,6974354,2019-03-19 05:13:54,btc,5.061790002021791,0.0,0.00000001,btc,27725.90385964,0.0,5e-07,87
,[],2,[],2018-11-20 23:10:47,0.0,0,0,4862359,2018-11-20 23:10:47,,0.0,0.0,,,0.0,0.0,0.0,88
1,[],11,[],2019-03-19 05:13:56,106357.60556069,0.00015028999999999999932949468206544452186790294945240020751953125,0.000000005977844866,6974355,2019-03-19 05:13:56,btc,612.7683663696072,242.7586948,0.00015028999999999999932949468206544452186790294945240020751953125,btc,103554.71471455,0.0,8.276011994505243,89
0,[],2,[],2019-01-20 23:31:45,0.0,0,0,6477083,2019-01-20 23:31:45,,0.0,0.0,0,,0.0,0.0,0.0,91
1,[],12,[],2019-03-19 05:00:24,311788.92200902,0.00000085,0.000000000033791920000000004,6974168,2019-03-19 05:00:24,btc,58.44295248298038,0.0,0.00000085,btc,87753.7230187,0.0010888232593412,0.0304893086999939,91
0,[],17,[],2019-03-19 05:00:25,0.0,0,0,6974169,2019-03-19 05:00:25,btc,0.0,0.0,0,btc,0.0,0.0,0.0,91
1,[],22,[],2019-03-19 05:00:28,65900.0,0.00000001,0.000000000000397552,6974170,2019-03-19 05:00:28,BTC,3e-06,0.0,0.00000001,BTC,1.0,0.0,0.000659,91
0.0000000001477754,[],22,[],2019-03-19 05:13:59,10468333.0,2.955508e-18,1.1755651290320001e-22,6974356,2019-03-19 05:13:59,LTC,4.79897116,0.0,0.00000002,LTC,46768900.1,6.1863709271836e-11,0.10936666,95
0.0000000001477754,[],4,[],2019-03-19 05:14:00,543005871.4588805,6.649893e-17,2.6450215403220003e-21,6974357,2019-03-19 05:14:00,ltc,11.878918690281854,0.0,0.00000045,ltc,134415305.19667292,0.0001203,1.280979958394971e-09,96
0,[],12,[],2019-03-19 05:14:01,0.0,0,0,6974358,2019-03-19 05:14:01,btc,20.929217068651347,0.0,0,btc,3213578.86513483,2.43456543457e-05,0.0,96
0,[],17,[],2019-03-19 05:00:34,0.0,0,0,6974174,2019-03-19 05:00:34,btc,0.0,0.0,0,btc,0.0,0.0,0.0,96
1,[],4,[],2019-03-19 05:14:02,4215080.75586815,0.00000043,0.000000000017103422,6974359,2019-03-19 05:14:02,btc,5.830788175884966,0.0,0.00000043,btc,3143010.41591974,0.16820331,0.8784569817723233,99
0,[],2,[],2019-01-20 23:23:55,0.0,0,0,6476914,2019-01-20 23:23:55,,0.0,0.0,0,,0.0,0.0,0.0,100
1,[],4,[],2019-03-19 05:14:03,289131.64735954,0.00003506,0.000000001394525524,6974360,2019-03-19 05:14:03,btc,12.243991544775104,0.0,0.00003506,btc,182593.68968368,1.20089058,1.3027143699694208,100
1,[],22,[],2019-03-19 05:14:06,120000.0,0.00000002,0.000000000000795508,6974361,2019-03-19 05:14:06,BTC,24.82891609,0.0,0.00000002,BTC,11877.22,0.0,0.0014,101
1,[],4,[],2019-03-19 05:14:07,1269014.59163799,0.00000084,0.000000000033411336,6974362,2019-03-19 05:14:07,btc,291.61151202070914,0.0,0.00000084,btc,556535.13536033,0.01445816,0.2194358249138185,103
1,[],12,[],2019-03-19 05:14:11,34686905.0,0.000000007,0.0000000000002784278,6974363,2019-03-19 05:14:11,btc,3219028.712756706,0.0,0.000000007,btc,68008524.66448268,0.03187206398753542,0.059564864,105
1,[],27,[],2019-03-19 05:14:13,207322.0,0.00000001,0.000000000000397754,6974364,2019-03-19 05:14:13,btc,36.60985838767041,17194.0,0.00000001,btc,1409355.01561724,0.00017194,0.00207322,105
1,[],22,[],2019-03-19 05:00:47,9328.0,0.00000001,0.000000000000397552,6974181,2019-03-19 05:00:47,BTC,51.10837004,0.0,0.00000001,BTC,470435.0,0.0,9.328e-05,107
1,[],26,[],2019-03-19 05:00:47,0.0,0.00000000,0,6974182,2019-03-19 05:00:47,btc,0.0,0.0,0.00000000,btc,0.0,0.0,0.0,107
1,[],5,[],2019-03-19 05:14:14,0.0,0,0,6974365,2019-03-19 05:14:14,btc,0.0,0.00152917,0,btc,0.0,0.0,0.0,112
0,[],22,[],2019-03-19 05:14:16,0.0,0,0,6974366,2019-03-19 05:14:16,,2.7794366,0.0,0,,826409.0833333334,0.0,0.0,112
0.0000000003452892,[],27,[],2019-03-19 05:14:19,2000.0,3.452892e-18,1.3734016045679998e-22,6974367,2019-03-19 05:14:19,eth,1.24996908,0.0,0.00000001,"btc,eth",1289.0,0.0,6.905784e-15,112
1,[],4,[],2019-03-19 05:14:20,757558.00573688,0.00000190,0.00000000007557326,6974368,2019-03-19 05:14:20,btc,5.027616891669912,0.0,0.00000190,btc,406457.30699449,0.17201224,0.7272404508789642,113
1,[],5,[],2019-03-19 05:14:21,0.0,0,0,6974369,2019-03-19 05:14:21,btc,0.0,0.0,0,btc,0.0,0.0,0.0,113
1,[],17,[],2019-03-19 05:00:58,152738.278,0.00000004,0.000000000001590208,6974188,2019-03-19 05:00:58,btc,1.33680302678,0.0,0.00000004,btc,50696.221,0.0,0.0022095311199999998,116
0,[],27,[],2019-03-19 05:01:00,0.0,0,0,6974189,2019-03-19 05:01:00,,0.0,0.0,0,btc,0.0,0.0,0.0,116
1,[],4,[],2019-03-19 05:14:22,61454.57454099,0.00004570,0.00000000181773578,6974370,2019-03-19 05:14:22,btc,103.00728530739855,0.0,0.00004570,btc,46738.55424354,0.17060713,1.1286542469011056,120
1,[],7,[],2019-03-19 05:14:25,23178.26865938,0.000028030000000000000986814796544166483727167360484600067138671875,0.000000001114904462,6974371,2019-03-19 05:14:25,btc,115651.27472249835,0.0,0.000028030000000000000986814796544166483727167360484600067138671875,btc,27816.70457454,0.0,0.0580458035123694,120
1,[],20,[],2019-03-19 05:14:28,1562733.1588,0.000000034,0.0000000000013523636,6974372,2019-03-19 05:14:28,btc,32.3019190406648,9355.159,0.000000034,btc,1028084.0986,0.000318075406,0.0118142444686,125
1,[],22,[],2019-03-19 05:14:31,3053.0,0.00000001,0.000000000000397754,6974373,2019-03-19 05:14:31,BTC,0.01444887,0.0,0.00000001,BTC,296263.5111111111,0.0,3.053e-05,126
1,[],4,[],2019-03-19 05:14:32,1341268.7783021,0.00001114,0.000000000443097956,6974374,2019-03-19 05:14:32,btc,3.0192542046641364,0.0,0.00001114,btc,127060.13826975,0.11426868,0.4759503963638508,131
0,[],17,[],2019-03-19 05:14:34,0.0,0,0,6974375,2019-03-19 05:14:34,btc,0.0953976503951408,0.0,0,btc,5037.62507334,0.0,0.0,131
0,[],2,[],2019-01-20 23:25:46,0.0,0,0,6476969,2019-01-20 23:25:46,,0.0,0.0,0,,0.0,0.0,0.0,131
1,[],4,[],2019-03-19 05:14:35,4597.6832711,0.00018438,0.000000007333788252,6974376,2019-03-19 05:14:35,btc,0.5274228348620151,0.0,0.00018438,btc,201.05474546,0.03437668,0.0157853282496872,135
1,[],3,[],2019-03-07 00:20:44,877702.73244099,0.00000004,0.00000000000154846,6863392,2019-03-07 00:20:44,btc,0.119366241821405,0.0,0.00000004,btc,760637.99421222,0.0,0.023771231960604298,136
1,[],4,[],2019-03-19 05:14:36,160978.41771096,0.00000116,0.000000000046139464,6974377,2019-03-19 05:14:36,btc,38.769071780805525,0.0,0.00000116,btc,580898.65964222,0.25776115,0.1264747528649047,137
1,[],12,[],2019-03-19 05:14:37,170227.9073639,0.00000119999999999999994569773419106351042273672646842896938323974609375,0.00000000004773048,6974378,2019-03-19 05:14:37,btc,37.49964172935846,0.0,0.00000119999999999999994569773419106351042273672646842896938323974609375,btc,5329.32065971,0.000708943199992,0.0092985267999823,137
1,[],4,[],2019-03-19 05:14:38,37904.21416304,0.00003878,0.000000001542490012,6974379,2019-03-19 05:14:38,btc,28.740532004376334,0.0,0.00003878,btc,49793.46079905,0.65628582,0.363652420165731,142
1,[],5,[],2019-03-19 05:14:39,0.0,0,0,6974380,2019-03-19 05:14:39,btc,0.0,0.20157976,0,btc,0.0,0.0,0.0,142
1,[],20,[],2019-03-19 05:14:53,142015.0278,0.000032001,0.0000000012728525754,6974381,2019-03-19 05:14:53,btc,0.3359263738872,0.06,0.000032001,btc,2242.1771,1.90004e-06,0.3129214064174,142
1,[],22,[],2019-03-19 05:14:55,1470.2803921568627,0.00001020,0.00000000040570908,6974382,2019-03-19 05:14:55,BTC,3.0054103,0.0,0.00001020,BTC,910.5995,0.0,0.00121106,142
0.0,[],25,[],2019-03-19 05:14:57,0.0,0,0,6974383,2019-03-19 05:14:57,,0.0,0.0,0.0,btc,0.0,0.0,0.0,142
1,[],28,[],2019-03-19 05:14:58,82320.0,0.00001450,0.0000000005767433,6974384,2019-03-19 05:14:58,btc,0.0725844444,677.1636,0.00001450,btc,479.55993,0.0,0.0718054,142
1,[],17,[],2019-03-19 05:01:17,22967.386363640002,0.00000088,0.000000000034984576000000003,6974201,2019-03-19 05:01:17,btc,20.069913352708124,0.0,0.00000088,btc,2746.079105,0.0,0.0104613000000032,142
0,[],22,[],2019-03-19 05:15:01,0.0,0,0,6974385,2019-03-19 05:15:01,,65.73454167,0.0,0,,1043215670.8,0.0,0.0,143
0,[],22,[],2019-02-25 15:42:22,0.0,0,0,6783783,2019-02-25 15:42:22,,4.2131946,0.0,0,,2322156.0,0.0,0.0,146
,[],22,[],2018-11-20 23:01:11,0.0,0,0,4862114,2018-11-20 23:01:11,,2.56807021,0.0,,,61828.4988236,0.0,0.0,147
1,[],12,[],2019-03-19 05:15:03,343544.50289001,0.00000207999999999999999057936732327345197290924261324107646942138671875,0.000000000082732832,6974386,2019-03-19 05:15:03,btc,9.691162757211844,0.0,0.00000207999999999999999057936732327345197290924261324107646942138671875,btc,108329.52426484,0.0014051830769232,0.1466569441136475,148
1,[],4,[],2019-03-18 14:38:26,266824.85382063,0.00000030,0.00000000001193823,6964858,2019-03-18 14:38:26,btc,218.95563091013318,0.0,0.00000030,btc,801811.42486661,0.00142141,0.0643635474147626,152
0,[],22,[],2019-03-18 14:38:29,0.0,0,0,6964859,2019-03-18 14:38:29,,0.0,0.0,0,,0.0,0.0,0.0,152
1,[],5,[],2019-03-19 05:15:04,0.0,0,0,6974387,2019-03-19 05:15:04,btc,0.0,0.0,0,btc,0.0,0.0,0.0,153
,[],16,[],2019-01-11 15:38:59,0.0,0,0,6366141,2019-01-11 15:38:59,btc,0.0,0.0,,btc,0.0,0.0,0.0,155
0,[],23,[],2019-01-20 23:24:29,0.0,0,0,6476932,2019-01-20 23:24:29,,0.0,0.0,0,,0.0,0.0,0.0,156
0,[],22,[],2019-03-19 05:15:06,0.0,0,0,6974388,2019-03-19 05:15:06,,6.74640151,0.0,0,,4675792.242592593,0.0,0.0,156
1,[],22,[],2019-03-19 05:15:10,7073.8,0.00005300,0.0000000021080962000000002,6974389,2019-03-19 05:15:10,BTC,1.79802465,0.0,0.00005300,BTC,802.6461988741639,0.0,0.00104336,157
0,[],22,[],2019-03-19 05:15:20,0.0,0,0,6974390,2019-03-19 05:15:20,,50175.67608608,0.0,0,,54079135.04179466,0.0,0.0,158
,[],17,[],2018-11-20 22:56:10,0.0,0,0,4861976,2018-11-20 22:56:10,btc,1.1265625,0.0,,btc,1000.0,0.0,0.0,159
,[],20,[],2018-11-20 22:56:12,0.0,0,0,4861977,2018-11-20 22:56:12,btc,11912.7940471,0.0,,btc,34413894.3617,0.0,0.0,159
1,[],17,[],2019-03-19 05:01:57,29784.95,0.000001,0.0000000000397552,6974213,2019-03-19 05:01:57,btc,0.03026736251542,0.0,0.000001,btc,144.46171372,0.0,0.00716147,168
1,[],12,[],2019-03-19 05:15:21,248207.4945728,0.000007220000000000000329731901504981550488082575611770153045654296875,0.000000000287178388,6974391,2019-03-19 05:15:21,btc,12.66487356388734,0.0,0.000007220000000000000329731901504981550488082575611770153045654296875,btc,7597.49505011,0.0137295940563039,0.1163380744326835,168
0,[],22,[],2019-03-19 05:15:34,0.0,0,0,6974392,2019-03-19 05:15:34,,45.65713776,0.0,0,,516897.19471078104,0.0,0.0,169
1,[],22,[],2019-03-19 05:15:36,199055.14285714287,0.00000007,0.000000000002784278,6974393,2019-03-19 05:15:36,BTC,14.35318145,0.0,0.00000007,BTC,171077.13699301917,4.171e-05,0.00215941,171
1,[],22,[],2019-03-19 05:15:40,253329.0,0.00000012,0.000000000004773048,6974394,2019-03-19 05:15:40,BTC,1.97140851,0.0,0.00000012,"BTC,LTC",304696.4624535843,0.00705504,0.01221948,173
1,[],5,[],2019-03-19 05:15:41,0.0,0,0,6974395,2019-03-19 05:15:41,btc,0.0,0.15610771,0,btc,0.0,0.0,0.0,175
1,[],22,[],2019-03-19 05:15:44,133183.2,0.00000011,0.000000000004375294,6974396,2019-03-19 05:15:44,BTC,0.6265795,0.0,0.00000011,BTC,151921.20308941446,0.00024074,0.01140555,176
1,[],7,[],2019-03-19 05:15:46,3814220.30523933,0.00000001,0.00000000000039775400000000003,6974397,2019-03-19 05:15:46,btc,410193.9385826994,6733404.47671,0.00000001,btc,35083441.90550013,0.0,0.038142203052393304,178
0,[],22,[],2019-03-19 05:15:48,0.0,0,0,6974398,2019-03-19 05:15:48,,1.00242438,0.0,0,,57522.0,0.0,0.0,178
0,[],2,[],2019-01-20 23:28:34,0.0,0,0,6477001,2019-01-20 23:28:34,,0.0,0.0,0,,0.0,0.0,0.0,178
0,[],23,[],2019-01-20 23:25:08,0.0,0,0,6476952,2019-01-20 23:25:08,,0.0,0.0,0,,0.0,0.0,0.0,179
1,[],5,[],2019-03-19 05:15:49,0.0,0,0,6974399,2019-03-19 05:15:49,btc,0.0,0.11633709,0,btc,0.0,0.0,0.0,179
1,[],22,[],2019-03-19 05:15:53,6612290.5,0.00000002,0.000000000000795508,6974400,2019-03-19 05:15:53,BTC,5.63519724,0.0,0.00000002,"BTC,LTC",17465669.489868753,0.003932,0.36718653,179
1,[],17,[],2019-03-19 05:16:04,10504.725,0.0000001,0.00000000000397754,6974401,2019-03-19 05:16:04,btc,5.2010695838170005,0.0,0.0000001,btc,4994.45945,0.0,0.0010504725,180
1,[],22,[],2019-03-19 05:16:08,665304.7090909091,0.00000130,0.00000000005170802,6974402,2019-03-19 05:16:08,BTC,38.01133062,0.0,0.00000130,"BTC,LTC",110026.98118834248,0.00147204,0.57039738,180
1,[],26,[],2019-03-19 05:16:08,0.0,0.00000125,0.00000000004971925,6974403,2019-03-19 05:16:08,btc,0.0,0.0,0.00000125,btc,0.0,0.0,0.0,180
,[],7,[],2018-11-20 22:58:01,562227.975654,0.00000085,0.000000000036176765,4862015,2018-11-20 22:58:01,btc,21836.6059674,2491.87645172,,btc,749999.041456,0.00211021,0.127565380455,183
,[],5,[],2019-01-10 08:11:41,0.0,0,0,6347036,2019-01-10 08:11:41,btc,82.15055501,0.00261,,btc,1.19002445,0.0,0.0,187
,[],17,[],2018-11-16 20:58:10,4062536.27273,0.00000001,0.000000000000550501,4708775,2018-11-16 20:58:10,btc,3.36492563466,0.195460381006,,"btc,eth",110697919.549,0.0,0.0157628953496,187
1,[],24,[],2019-03-19 05:16:09,0.0,0.000000000001,3.97754e-17,6974404,2019-03-19 05:16:09,btc,0.0,0.0,0.000000000001,btc,0.0,0.0,0.0,187
1,[],22,[],2019-03-18 18:17:00,13812.0,0.00000001,0.00000000000039819,6968124,2019-03-18 18:17:00,BTC,7.56699454,0.0,0.00000001,BTC,79361.7243344055,0.0,0.00013812,191
0,[],22,[],2019-03-19 05:16:14,0.0,0,0,6974405,2019-03-19 05:16:14,,0.0,0.0,0,,0.0,0.0,0.0,197
0,[],23,[],2019-01-20 23:31:41,0.0,0,0,6477079,2019-01-20 23:31:41,,0.0,0.0,0,,0.0,0.0,0.0,199
0,[],22,[],2019-03-19 05:16:16,0.0,0,0,6974406,2019-03-19 05:16:16,,5.2941966,0.0,0,,24038399.0,0.0,0.0,199
1,[],26,[],2019-03-19 05:16:16,0.0,0.00000000,0,6974407,2019-03-19 05:16:16,btc,0.0,128077.0,0.00000000,btc,0.0,0.0,0.0,199
0,[],2,[],2019-01-20 23:30:49,0.0,0,0,6477059,2019-01-20 23:30:49,,0.0,0.0,0,,0.0,0.0,0.0,201
1,[],4,[],2019-01-25 15:51:35,2084389.58565343,0.00000936,0.000000000333526752,6499557,2019-01-25 15:51:35,btc,2.0092503037378524,0.0,0.00000936,btc,160195.80207885,0.19272417,1.242687955921835,211
1,[],7,[],2019-03-19 05:16:21,4065061.48627427,0.000001069999999999999919816744131662034078544820658862590789794921875,0.000000000042559677999999995,6974408,2019-03-19 05:16:21,btc,15476712.150860444,668141.484594,0.000001069999999999999919816744131662034078544820658862590789794921875,btc,13842491.43238776,0.0,3.2330029777230065,212
1,[],12,[],2019-01-25 02:44:32,207462.42853209,0.000001080000000000000035831255497387193287295303889550268650054931640625,0.000000000038610756000000006,6493050,2019-01-25 02:44:32,btc,85023.03793723314,0.0,0.000001080000000000000035831255497387193287295303889550268650054931640625,btc,43675.73520027,0.000146250909087,0.0348620860622024,213
1,[],5,[],2019-03-19 05:16:23,0.0,0,0,6974409,2019-03-19 05:16:23,btc,0.0,0.05315835,0,btc,0.0,0.0,0.0,213
1,[],24,[],2019-03-19 05:16:23,0.0,0.000000220000,0.000000000008750588,6974410,2019-03-19 05:16:23,btc,0.0,0.0,0.000000220000,btc,0.0,0.0,0.0,213
1,[],26,[],2019-03-19 05:16:23,0.0,0.00000040,0.000000000015910160000000002,6974411,2019-03-19 05:16:23,btc,0.0,0.0,0.00000040,btc,0.0,0.0,0.0,213
1,[],22,[],2019-03-19 05:04:54,25000.0,0.00000001,0.000000000000397552,6974233,2019-03-19 05:04:54,BTC,2.31835456,0.0,0.00000001,BTC,570573.3630392838,0.0,0.00025,216
1,[],27,[],2019-03-19 05:04:57,1233122.0,0.00000003,0.000000000001192656,6974234,2019-03-19 05:04:57,btc,316.9775071147724,0.0,0.00000003,"btc,ltc",239299.924324,0.0,0.03375764000007375,216
1,[],22,[],2019-03-19 05:16:27,171118.3620689655,0.00000116,0.000000000046139464,6974412,2019-03-19 05:16:27,BTC,12543.64715939,0.0,0.00000116,BTC,452659.960806002,0.01345159,0.15437081,217
1,[],7,[],2019-03-19 05:16:28,0.0,0,0,6974413,2019-03-19 05:16:28,btc,77969.38157402142,0.0,0,btc,136811928.93791,0.0,0.0,219
0,[],27,[],2019-03-19 05:16:30,0.0,0,0,6974414,2019-03-19 05:16:30,,0.03997288,0.0,0,btc,2007233.0,0.0,0.0,219
0.0000000000000052,[],28,[],2019-03-19 05:18:32,170722989.525,2.6e-18,1.0341604e-22,6974415,2019-03-19 05:18:32,doge,146547.0044352275,35322.468,0.00050000,doge,6868356.9611,0.0,1.735449385700524e-11,219
1,[],22,[],2019-03-19 05:18:35,405411.0,0.00000008,0.000000000003182032,6974416,2019-03-19 05:18:35,BTC,18.12597145,0.0,0.00000008,BTC,100266.74459740352,0.0,0.01918633,221
1,[],24,[],2019-03-19 05:18:35,0.0,0.000000200000,0.000000000007955080000000001,6974417,2019-03-19 05:18:35,btc,0.0,0.0,0.000000200000,btc,0.0,0.0,0.0,221
1,[],20,[],2019-03-19 05:18:37,45692340.8893,0.000000007,0.0000000000002784278,6974418,2019-03-19 05:18:37,btc,506.0779476120224,694836.6151,0.000000007,btc,19434038.0203,0.0088495505643,0.0609070771051,224
0,[],22,[],2019-03-19 05:18:39,0.0,0,0,6974419,2019-03-19 05:18:39,,0.0,0.0,0,,0.0,0.0,0.0,224
1,[],26,[],2019-03-19 05:18:39,0.0,0.00000022,0.000000000008750588,6974420,2019-03-19 05:18:39,btc,0.0,0.0,0.00000022,btc,0.0,0.0,0.0,231
1,[],26,[],2019-03-19 05:18:39,0.0,0.00000005,0.0000000000019887700000000002,6974421,2019-03-19 05:18:39,btc,0.0,100.0,0.00000005,btc,0.0,0.0,0.0,234
0.0000000003452892,[],27,[],2019-03-19 05:18:42,2000.0,3.452892e-18,1.3734016045679998e-22,6974422,2019-03-19 05:18:42,eth,0.01134836604,0.0,0.00000001,"btc,eth",11462.996,0.0,6.905784e-15,234
1,[],4,[],2019-03-19 05:18:44,984085.94635986,0.00000103,0.000000000040968662,6974423,2019-03-19 05:18:44,btc,4.231316169371263,0.0,0.00000103,btc,1040008.56798694,0.25077838,0.4190519850994809,236
1,[],24,[],2019-03-19 05:18:44,0.0,0.000000500000,0.0000000000198877,6974424,2019-03-19 05:18:44,btc,0.0,0.0,0.000000500000,btc,0.0,0.0,0.0,236
1,[],20,[],2019-03-19 05:18:46,218539769.2802,0.00000004,0.000000000001591016,6974425,2019-03-19 05:18:46,btc,94.2051011450657,9546610.0729,0.00000004,btc,28962479.8613,0.4225219181798,0.3671972264262,237
0.0000000001477754,[],22,[],2019-03-19 05:18:57,751594.9,2.5121818000000002e-17,9.992303596772e-22,6974426,2019-03-19 05:18:57,LTC,1.20370855,0.0,0.00000017,LTC,18673.0,0.0,0.12541949,237
1,[],4,[],2019-03-19 05:18:58,10822463.85973242,0.00000038,0.000000000015114652,6974427,2019-03-19 05:18:58,btc,5.551894487484298,0.0,0.00000038,btc,8087548.18036465,0.79146937,3.102593819055415,238
1,[],5,[],2019-03-19 05:18:59,0.0,0,0,6974428,2019-03-19 05:18:59,btc,0.0,0.2344654,0,btc,0.0,0.0,0.0,238
0,[],22,[],2019-03-12 16:49:32,0.0,0,0,6914458,2019-03-12 16:49:32,,0.40415746,0.0,0,,526736.5639027493,0.0,0.0,249
0.00000000014750310000000001,[],22,[],2019-03-19 05:05:39,48086691.666666664,4.425093e-18,1.7592045723360002e-22,6974252,2019-03-19 05:05:39,LTC,0.95711324,0.0,0.00000003,LTC,18565111.353636365,0.0,1.04160377,252
1,[],28,[],2019-03-19 05:19:01,1849204.661,0.00000071,0.000000000028240534,6974429,2019-03-19 05:19:01,btc,164753.61130660426,200110.29,0.00000071,btc,441325.551,0.0,0.5588914855,256
1,[],22,[],2019-03-19 02:53:00,1324903.3333333333,0.00000003,0.000000000001199322,6972924,2019-03-19 02:53:00,BTC,34.00351985,0.0,0.00000003,BTC,848766.352203122,0.00055302,0.01868002,258
1,[],22,[],2019-03-13 00:07:30,47146.0,0.00000001,0.000000000000387233,6917028,2019-03-13 00:07:30,BTC,2.415167,0.0,0.00000001,BTC,157.0,0.0,0.00047146,259
1,[],5,[],2019-03-19 05:19:03,0.0,0,0,6974430,2019-03-19 05:19:03,btc,0.0,0.07371391,0,btc,0.0,0.0,0.0,264
1,[],20,[],2019-03-19 05:19:05,1270743.8621,0.00000151,0.000000000060060854,6974431,2019-03-19 05:19:05,btc,4.7937515498435,19192.4978,0.00000151,btc,96971.0661,0.043000279896,0.023072922921,264
0,[],22,[],2019-03-19 05:05:47,0.0,0,0,6974256,2019-03-19 05:05:47,,8.75641439,0.0,0,,455745.2241309945,0.0,0.0,271
0,[],22,[],2019-03-19 05:19:07,0.0,0,0,6974432,2019-03-19 05:19:07,,111841.37121834,0.0,0,,14248217297.692,0.0,0.0,272
0.0000000000000052,[],28,[],2019-03-19 05:19:09,197698804678.671,3.796e-21,1.509874184e-25,6974433,2019-03-19 05:19:09,doge,146101072.39035547,8072173368.4682,0.00000073,doge,247283723119.7726,0.0,4.991363929210455e-10,272
1,[],22,[],2019-03-19 05:19:12,185255.74,0.0000005,0.0000000000198877,6974434,2019-03-19 05:19:12,BTC,276.19598993,0.0,0.0000005,"BTC,LTC",192957.30099441917,0.00462371,0.04644184,281
1,[],22,[],2019-03-19 05:19:15,306596.0,0.00000005,0.0000000000019887700000000002,6974435,2019-03-19 05:19:15,BTC,1.32386061,0.0,0.00000005,BTC,419931.67976508307,0.00079623,0.00960278,286
0,[],22,[],2019-03-19 05:19:18,0.0,0,0,6974436,2019-03-19 05:19:18,,1044639.47241442,0.0,0,,766976285.0,0.0,0.0,294
