pairValue,buyBook,exchangeId,sellBook,updated,buyTotal,satoshiPrice,usdPrice,exchangeLogId,created,bestPair,sellTotalBtc,volume,pairPrice,activePairs,sellTotal,volumeBtc,buyTotalBtc,coinId
1,[],3,[],2019-03-10 09:04:54,30544.17365386205,0.012569059999999999954756191300475620664656162261962890625,0.000000490546530586,6893771,2019-03-10 09:04:54,btc,61.10269696238982,0.0,0.012569059999999999954756191300475620664656162261962890625,btc,24.439181926765002,0.0,0.2998472086124128,1
1,[],4,[],2019-03-10 09:04:56,207741.93976554,0.01289758,0.000000503368041998,6893772,2019-03-10 09:04:56,btc,10.255979385414168,0.0,0.01289758,btc,342.4540844,0.73753387,0.983563314373772,1
1,[],5,[],2019-03-10 09:04:59,0.0,0,0,6893773,2019-03-10 09:04:59,btc,0.0,0.01022211,0,btc,0.0,0.0,0.0,1
1,[],10,[],2019-03-10 09:05:02,413921.80949693,0.01051976,0.00000041056624525599997,6893774,2019-03-10 09:05:02,btc,6521.984494696612,1884.76353237,0.01051976,btc,1080.46200593,0.0,5.0297333859400855,1
1,[],12,[],2019-03-10 09:05:04,117.59903288,0.012600000000000000088817841970012523233890533447265625,0.00000049175406,6893775,2019-03-10 09:05:04,btc,0.3032891790649,0.0,0.012600000000000000088817841970012523233890533447265625,btc,22.74726105,0.0264456417274,0.4605640306091,1
1,[],20,[],2019-03-10 09:05:06,1152.474,0.010500222,0.0000004098037142382,6893776,2019-03-10 09:05:06,btc,0.0554564832443,0.0,0.010500222,btc,2.4799,0.0,0.0959458101201,1
1,[],21,[],2019-03-10 09:05:07,2202.58012856,0.01262169999999999958628649210,0.00000049260096977,6893777,2019-03-10 09:05:07,btc,25.523307639298906,5074.71917952,0.01262169999999999958628649210368166677653789520263671875,"btc,eth",2700.36835734,56.70698261009079,19.245043835167014,1
1,[],22,[],2019-03-10 09:05:11,0.0059712,0.01250000,0.00000048785125,6893778,2019-03-10 09:05:11,BTC,0.31439419,0.0,0.01250000,BTC,0.12751438772928525,0.0,7.464e-05,1
1,[],24,[],2019-03-10 09:05:12,0.0,0.000000000000,0,6893779,2019-03-10 09:05:12,btc,0.0,0.0,0.000000000000,btc,0.0,0.0,0.0,1
0,[],2,[],2019-01-20 23:28:45,0.0,0,0,6477011,2019-01-20 23:28:45,,0.0,0.0,0,,0.0,0.0,0.0,1
0.0,[],25,[],2019-03-10 09:05:13,0.0,0,0,6893780,2019-03-10 09:05:13,btc,16.104699998519024,6.00611626,0.0,btc,1236.23989387,0.08,0.0,1
1,[],26,[],2019-03-10 09:05:22,0.0,0,0,6893781,2019-03-10 09:05:22,,0.0,0.0,0,,0.0,0.0,0.0,1
1,[],28,[],2019-03-10 09:05:33,993.142,0.01323000,0.000000516341763,6893782,2019-03-10 09:05:33,btc,0.147901439075,17740.2,0.01323000,btc,7.9421,0.0,0.089302756,1
1,[],5,[],2019-03-10 09:05:34,0.0,0,0,6893783,2019-03-10 09:05:34,btc,0.0,0.00521906,0,btc,0.0,0.0,0.0,2
0.00000000012345240000000001,[],22,[],2019-03-10 09:05:38,1148.0,1.3579764000000001e-16,5.299923873684e-21,6893784,2019-03-10 09:05:38,XMR,21.01373823,0.0,0.00000110,XMR,14319.12581,0.0,0.00087635,2
1,[],5,[],2019-03-10 04:07:52,0.0,0,0,6892279,2019-03-10 04:07:52,btc,0.0,1.45026677,0,btc,0.0,0.0,0.0,3
1,[],12,[],2019-03-10 04:07:54,1905698.94485,0.000000177,0.0000000000069428781000000005,6892280,2019-03-10 04:07:54,btc,22810.248596901045,0.0,0.000000177,btc,949405.88852,0.05158974707818944,0.27589331233845,3
0,[],28,[],2019-03-10 04:07:56,0.0,0,0,6892281,2019-03-10 04:07:56,,0.0,0.0,0,,0.0,0.0,0.0,3
0,[],2,[],2019-01-20 23:31:32,0.0,0,0,6477077,2019-01-20 23:31:32,,0.0,0.0,0,,0.0,0.0,0.0,4
1,[],4,[],2019-03-09 19:03:36,394362.28616607,0.00000032,0.000000000012569280000000001,6889097,2019-03-09 19:03:36,btc,32.15548375957025,0.0,0.00000032,btc,707361.31512647,0.00109114,0.0476374485302292,4
1,[],12,[],2019-03-10 09:05:39,364307.0,0.00000002,0.000000000000780562,6893785,2019-03-10 09:05:39,btc,1111742.13256361,0.0,0.00000002,btc,564210.0,0.0,0.00474588,5
0,[],2,[],2019-01-20 23:31:51,0.0,0,0,6477087,2019-01-20 23:31:51,,0.0,0.0,0,,0.0,0.0,0.0,6
1,[],11,[],2019-03-10 09:05:41,4721654.6305,0.00000002,0.000000000000780562,6893786,2019-03-10 09:05:41,btc,9568.127645043909,20324.0,0.00000002,btc,42619962.29371394,0.0,0.06190792761,6
1,[],3,[],2019-03-10 09:05:42,1088.817024748546,0.00015417999999999999088430568949803500800044275820255279541015625,0.000000006017352458,6893787,2019-03-10 09:05:42,btc,29.634085403952064,0.0,0.00015417999999999999088430568949803500800044275820255279541015625,btc,239.122414578101,0.0,0.03449836841602205,7
1,[],4,[],2019-03-10 09:05:43,99200.33705214,0.00024500,0.0000000095618845,6893788,2019-03-10 09:05:43,btc,9.044839023325098,0.0,0.00024500,btc,29402.28424133,2.96825577,6.718803246046416,7
1,[],5,[],2019-03-10 09:05:45,0.0,0,0,6893789,2019-03-10 09:05:45,btc,0.0,0.31923952,0,btc,0.0,0.0,0.0,7
1,[],20,[],2019-02-20 02:16:17,39399275.8418,0.000000001,0.0000000000000390183,6728586,2019-02-20 02:16:17,btc,116.9737569154545,525.0,0.000000001,btc,56932965.8895,5.25e-07,0.0393992758418,8
0,[],2,[],2019-01-20 23:22:42,0.0,0,0,6476876,2019-01-20 23:22:42,,0.0,0.0,0,,0.0,0.0,0.0,9
0,[],23,[],2019-01-20 23:22:48,0.0,0,0,6476878,2019-01-20 23:22:48,,0.0,0.0,0,,0.0,0.0,0.0,9
1,[],1,[],2019-02-17 23:31:42,1822507.21,0.00000181000000000000003456111265232042484285557293333113193511962890625,0.000000000066086901,6701244,2019-02-17 23:31:42,btc,3.6990969245,17153386.5,0.00000181000000000000003456111265232042484285557293333113193511962890625,btc,1997391.71,31.11772986,3.2610482446,9
1,[],4,[],2019-03-10 09:05:47,1031935.78788229,0.00000146,0.000000000056981026,6893790,2019-03-10 09:05:47,btc,5.42040145679618,0.0,0.00000146,btc,2893446.22439358,1.24210199,0.6734733415590669,9
1,[],28,[],2019-03-10 09:05:54,37353.0,0.00000165,0.000000000064396365,6893791,2019-03-10 09:05:54,btc,2708.782203270583,3624730.77,0.00000165,btc,24261.1497,0.0,0.0328195,9
1,[],4,[],2019-02-17 11:22:43,4341674.27126056,0.00000002,0.0000000000007272960000000001,6696112,2019-02-17 11:22:43,btc,0.1997230937751353,0.0,0.00000002,btc,4109766.79808031,0.00215132,0.0479381022052112,10
0,[],2,[],2019-01-20 23:23:08,0.0,0,0,6476890,2019-01-20 23:23:08,,0.0,0.0,0,,0.0,0.0,0.0,12
1,[],4,[],2019-03-10 09:05:55,5878023.03459664,0.00000119,0.000000000046443439,6893792,2019-03-10 09:05:55,btc,8.343064078951704,0.0,0.00000119,btc,4759997.73908522,1.06854329,3.394771324108463,12
1,[],5,[],2019-03-10 09:05:57,0.0,0,0,6893793,2019-03-10 09:05:57,btc,0.0,0.18423681,0,btc,0.0,0.0,0.0,12
0.0,[],25,[],2019-03-10 09:05:58,0.0,0,0,6893794,2019-03-10 09:05:58,,0.0,0.0,0.0,btc,0.0,0.0,0.0,12
1,[],10,[],2019-03-10 06:17:21,394788.88584572,0.00000579,0.000000000226715556,6893174,2019-03-10 06:17:21,btc,666801.3299900828,12481.6694787,0.00000579,btc,717910.20324432,0.0,0.2469120049366054,13
1,[],4,[],2019-03-10 09:05:59,32025047.57566654,0.00000583,0.000000000227533823,6893795,2019-03-10 09:05:59,btc,2.7882437407297025,0.0,0.00000583,btc,380026.14552942,0.26159005,1.2546754150317438,13
1,[],21,[],2019-03-10 09:06:02,680391.85301495,0.000005949999999999999783690824567,0.000000000232217195,6893796,2019-03-10 09:06:02,btc,4.096974532768204,747550.25786015,0.0000059499999999999997836908245674170103711730916984379291534423828125,btc,620158.7718568,4.38222227,3.6724298444352796,13
1,[],4,[],2019-03-10 09:06:03,735364.50816901,0.00000130,0.00000000005073653,6893797,2019-03-10 09:06:03,btc,6.026864028558797,0.0,0.00000130,btc,864732.4250631,0.00658986,0.1552435092045824,14
1,[],12,[],2019-03-10 09:06:04,274991.0,0.0000015000000000000000380012861456169304119612206704914569854736328125,0.00000000005854215,6893798,2019-03-10 09:06:04,btc,0.10447311291488659,0.0,0.0000015000000000000000380012861456169304119612206704914569854736328125,btc,8752.29534048,7.84215784215e-05,0.0340163,14
0,[],17,[],2019-03-10 09:06:05,0.0,0,0,6893799,2019-03-10 09:06:05,btc,0.0,0.0,0,btc,0.0,0.0,0.0,14
1,[],26,[],2019-03-10 09:06:05,0.0,0.00000050,0.00000000001951405,6893800,2019-03-10 09:06:05,btc,0.0,0.0,0.00000050,btc,0.0,0.0,0.0,14
,[],12,[],2018-12-01 15:15:48,204241.84496,0.00000489,0.000000000202473384,5260204,2018-12-01 15:15:48,btc,49.5475654835,0.0,,btc,35763.2193806,0.0163153972027625,0.0203389899998,15
0,[],4,[],2019-03-10 09:06:06,0.0,0,0,6893801,2019-03-10 09:06:06,,0.0,0.0,0,,0.0,0.0,0.0,15
0,[],2,[],2019-01-20 23:23:38,0.0,0,0,6476906,2019-01-20 23:23:38,,0.0,0.0,0,,0.0,0.0,0.0,18
1,[],4,[],2019-03-10 09:06:08,37029.58925358,0.00001706,0.000000000665819386,6893802,2019-03-10 09:06:08,btc,4.191151576482062,0.0,0.00001706,btc,18727.41313935,0.02366399,0.1181559783682657,18
1,[],10,[],2019-03-10 09:06:09,792051.30335584,0.00001714,0.000000000668941634,6893803,2019-03-10 09:06:09,btc,15.319311505014355,4464.91907958,0.00001714,btc,9728.05882204,0.0,0.2678905594539449,18
1,[],12,[],2019-03-10 09:06:11,363508.46011718,0.00001709999999999999890855535700229239637337741442024707794189453125,0.0000000006673805099999999,6893804,2019-03-10 09:06:11,btc,33008.933432243,0.0,0.00001709999999999999890855535700229239637337741442024707794189453125,btc,570.35641909,0.0045852333644714,0.025843727541711197,18
0,[],17,[],2019-03-10 09:06:12,0.0,0,0,6893805,2019-03-10 09:06:12,btc,0.0,0.0,0,btc,0.0,0.0,0.0,18
0,[],2,[],2019-01-20 23:24:19,0.0,0,0,6476924,2019-01-20 23:24:19,,0.0,0.0,0,,0.0,0.0,0.0,19
1,[],3,[],2019-03-10 09:06:13,117241.83122062578,0.00001815999999999999892411582658180435601025237701833248138427734375,0.000000000708750296,6893806,2019-03-10 09:06:13,btc,0.5176048946807801,52.0437098696,0.00001815999999999999892411582658180435601025237701833248138427734375,btc,9394.208834904759,0.0,0.015103631598703277,19
1,[],4,[],2019-03-10 09:06:14,240943.7007765,0.00002059,0.0000000008035885790000001,6893807,2019-03-10 09:06:14,btc,3.020555453728514,0.0,0.00002059,btc,89997.815718,0.83374673,2.583511640993444,19
1,[],5,[],2019-03-10 09:06:15,0.0,0,0,6893808,2019-03-10 09:06:15,btc,0.0,0.01227275,0,btc,0.0,0.0,0.0,19
1,[],12,[],2019-03-10 09:06:16,171090.28395061,0.000012259999999999999508739322029438056915751076303422451019287109375,0.0000000004784845059999999,6893809,2019-03-10 09:06:16,btc,0.2086949020721297,0.0,0.000012259999999999999508739322029438056915751076303422451019287109375,btc,365.56200924,0.0,0.0297652699999115,19
0,[],27,[],2019-03-10 09:06:19,0.0,0,0,6893810,2019-03-10 09:06:19,,0.0,0.0,0,btc,0.0,0.0,0.0,19
1,[],4,[],2019-03-10 09:06:20,2769550.98210011,0.00000012,0.000000000004683372,6893811,2019-03-10 09:06:20,btc,7.383042289760813,0.0,0.00000012,btc,2876583.25385408,0.00047882,0.0767187845231285,20
0,[],17,[],2019-03-10 07:06:41,0.0,0,0,6893239,2019-03-10 07:06:41,btc,0.0,0.0,0,btc,0.0,0.0,0.0,21
1,[],4,[],2019-03-10 09:06:21,103815793.72147027,0.00000002,0.000000000000780562,6893812,2019-03-10 09:06:21,btc,1852.945155259571,0.0,0.00000002,btc,54305021.8278267,0.0,1.1630563175500457,21
1,[],12,[],2019-03-10 09:06:22,1359458.0,0.00000001,0.000000000000390281,6893813,2019-03-10 09:06:22,btc,1247.5070061495405,0.0,0.00000001,btc,2425596.97702298,0.0,0.01359458,21
1,[],12,[],2019-03-10 09:06:25,1984140639.0,0.0000000001,0.00000000000000390281,6893814,2019-03-10 09:06:25,btc,1122581.7914479743,0.0,0.0000000001,btc,1631682114.5418472,0.044744908706293704,0.19841406390000002,23
0,[],27,[],2019-03-10 09:06:26,0.0,0,0,6893815,2019-03-10 09:06:26,,13.583243496593411,0.0,0,eth,2566832.35514486,0.0,0.0,23
1,[],4,[],2019-03-10 09:06:28,577774.95543533,0.00000044,0.000000000017172364000000002,6893816,2019-03-10 09:06:28,btc,9.667105074490303,0.0,0.00000044,btc,1626398.86968259,0.00436622,0.1513708582058822,24
1,[],22,[],2019-03-10 09:06:31,11.76,0.00000100,0.0000000000390281,6893817,2019-03-10 09:06:31,BTC,7.415e-05,0.0,0.00000100,BTC,23.919354838709676,0.0,1.176e-05,24
0.0,[],25,[],2019-03-10 09:06:32,0.0,0,0,6893818,2019-03-10 09:06:32,,0.0,0.0,0.0,btc,0.0,0.0,0.0,24
0,[],2,[],2019-01-20 23:25:56,0.0,0,0,6476976,2019-01-20 23:25:56,,0.0,0.0,0,,0.0,0.0,0.0,26
1,[],4,[],2019-03-10 09:06:34,26581487.93849794,0.00000700,0.0000000002731967,6893819,2019-03-10 09:06:34,btc,146.01146311834611,0.0,0.00000700,btc,253201.9549575,0.15348423,0.4678731322314539,26
1,[],10,[],2019-03-10 09:06:35,686097.89861326,0.00000601,0.000000000234558881,6893820,2019-03-10 09:06:35,btc,26.127625329877706,3930.4087791,0.00000601,btc,14082.23878667,0.0,0.2137617411445378,26
1,[],3,[],2019-03-10 09:06:36,8436759.19501412,0.00000001,0.000000000000390281,6893821,2019-03-10 09:06:36,btc,2.2746846243272705,374.0,0.00000001,btc,17866078.11152067,0.0,0.0843675919501412,27
1,[],5,[],2019-03-10 09:06:38,0.0,0,0,6893822,2019-03-10 09:06:38,btc,0.0,0.00013829,0,btc,0.0,0.0,0.0,27
1,[],11,[],2019-03-10 09:06:39,9469667.88103613,0.00000005,0.000000000001951405,6893823,2019-03-10 09:06:39,btc,67506.32843704063,170.63047893,0.00000005,btc,7972152.75036371,0.0,0.4413054133414386,27
1,[],4,[],2019-03-10 09:06:41,2195021999.19727,0.00000001,0.000000000000390281,6893824,2019-03-10 09:06:41,btc,3.214005831681527,0.0,0.00000001,"btc,ltc",222661733.3598834,0.20758654,9.877087018112189,29
1,[],7,[],2019-03-10 09:06:42,35576600.71560571,0.00000001,0.000000000000390281,6893825,2019-03-10 09:06:42,btc,44461616.56949179,5000.0,0.00000001,btc,46779319.45179288,0.0001,0.35576600715605716,29
1,[],4,[],2019-03-10 09:06:43,2372705.30313808,0.00000024,0.000000000009366744,6893826,2019-03-10 09:06:43,btc,2.639440112440437,0.0,0.00000024,btc,1975625.49660753,0.01251201,0.1112466374477779,30
0,[],17,[],2019-03-10 09:06:55,0.0,0,0,6893827,2019-03-10 09:06:55,btc,0.0,0.0,0,btc,0.0,0.0,0.0,30
1,[],4,[],2019-03-10 09:06:57,198027.71496168,0.00005675,0.000000002214844675,6893828,2019-03-10 09:06:57,btc,10.432310162248154,0.0,0.00005675,btc,133018.55889402,1.46390736,1.9408199683267038,31
1,[],21,[],2019-03-10 09:06:58,100552.29096628,0.00005662999999999999821030313707,0.0000000022101613029999998,6893829,2019-03-10 09:06:58,btc,5.94591300629831,246283.06043339,0.0000566299999999999982103031370694878887661616317927837371826171875,btc,93213.94162831,13.9744806,5.445570069419629,31
0,[],2,[],2019-01-20 23:28:43,0.0,0,0,6477009,2019-01-20 23:28:43,,0.0,0.0,0,,0.0,0.0,0.0,32
1,[],4,[],2019-03-10 09:06:59,424867463.12246996,0.00000004,0.000000000001561124,6893830,2019-03-10 09:06:59,btc,10.629593874257974,0.0,0.00000004,"btc,ltc",199308789.82153347,0.05809707,10.18695442957989,33
1,[],12,[],2019-03-10 09:07:00,25733081.961,0.00000004,0.000000000001561124,6893831,2019-03-10 09:07:00,btc,1321846.6409966778,0.0,0.00000004,btc,15732234.9580419,0.026908768251749,0.5963672188,33
1,[],4,[],2019-03-10 09:07:01,110837223.46242525,0.00000001,0.000000000000390281,6893832,2019-03-10 09:07:01,btc,3.4014094650178106,0.0,0.00000001,btc,98184337.14861183,0.04585285,1.1083722346242524,34
1,[],5,[],2019-03-10 09:07:02,0.0,0,0,6893833,2019-03-10 09:07:02,btc,0.0,0.03138483,0,btc,0.0,0.0,0.0,34
0.0000000001450705,[],4,[],2019-03-10 09:07:03,3527641631.1973333,1.4507050000000002e-18,5.661825981050001e-23,6893834,2019-03-10 09:07:03,ltc,4.202812844280655e-08,0.0,0.00000001,ltc,6342619096.469583,0.0,5.117567352586127e-09,36
1,[],5,[],2019-03-10 09:07:05,0.0,0,0,6893835,2019-03-10 09:07:05,btc,0.0,0.0,0,btc,0.0,0.0,0.0,36
0.0000000003461769,[],27,[],2019-03-10 09:07:18,1088163.16325,3.461769e-18,1.351062667089e-22,6893836,2019-03-10 09:07:18,eth,222.55781431551742,1836.83675,0.00000001,"ltc,eth",11163573.47351039,6.359269653e-15,1.7094953234807894e-12,36
0,[],17,[],2019-03-10 08:15:52,0.0,0,0,6893625,2019-03-10 08:15:52,btc,0.0746458232965017,0.0,0,btc,4103573.70243647,0.0,0.0,36
1,[],4,[],2019-03-10 09:07:19,254453.01156307,0.00000059,0.000000000023026579,6893837,2019-03-10 09:07:19,btc,19772.477243701203,0.0,0.00000059,btc,558055.18457985,0.0,0.1109259443445822,37
1,[],12,[],2019-03-10 09:07:20,480819.89334407,0.00000062,0.000000000024197422,6893838,2019-03-10 09:07:20,btc,9.729804817367857,0.0,0.00000062,btc,290153.48303279,0.0828030070911034,0.1220421561304659,37
1,[],27,[],2019-03-10 09:07:33,14685.567,0.00000045,0.000000000017562645,6893839,2019-03-10 09:07:33,btc,24.25536383611233,0.0,0.00000045,btc,6518.38138508,0.0,0.00480032515,37
1,[],17,[],2019-03-10 08:04:52,1752.74075282,0.00000025,0.000000000009752325,6893443,2019-03-10 08:04:52,btc,0.055484923777095005,0.0,0.00000025,btc,1319.19918473,0.0,0.00043818518820499993,37
1,[],5,[],2019-03-10 09:07:34,0.0,0,0,6893840,2019-03-10 09:07:34,btc,0.0,0.0608224,0,btc,0.0,0.0,0.0,42
1,[],12,[],2019-03-10 09:07:36,255133.27333483,0.0000009,0.00000000003512529,6893841,2019-03-10 09:07:36,btc,0.2905055743537937,0.0,0.0000009,btc,31715.43133003,0.0707651253645154,0.0190989999999861,42
0.0000000003461769,[],27,[],2019-03-10 09:07:38,2000.0,3.461769e-18,1.351062667089e-22,6893842,2019-03-10 09:07:38,eth,0.00315028,0.0,0.00000001,"btc,eth",11.007,0.0,6.923538e-15,42
1,[],5,[],2019-03-10 09:07:39,0.0,0,0,6893843,2019-03-10 09:07:39,btc,0.0,0.01156911,0,btc,0.0,0.0,0.0,43
1,[],12,[],2019-03-10 09:07:40,1121333.0,0.00000001,0.000000000000390281,6893844,2019-03-10 09:07:40,btc,1.8600863194405597,0.0,0.00000001,btc,4484175.97202798,9e-08,0.01121333,43
0,[],17,[],2019-03-10 09:07:41,0.0,0,0,6893845,2019-03-10 09:07:41,btc,0.0,0.0,0,btc,0.0,0.0,0.0,43
1,[],12,[],2019-03-05 01:54:08,639326.02,0.00000004,0.000000000001486676,6845775,2019-03-05 01:54:08,btc,11116042.728239931,0.0,0.00000004,btc,1103841.4595604,0.0003330765234764,0.014975410599999999,44
1,[],4,[],2019-03-10 09:07:43,299303326.7762322,0.00000004,0.000000000001561124,6893846,2019-03-10 09:07:43,btc,473.75058527302957,0.0,0.00000004,"btc,ltc",11596108.35359567,0.08461856,0.28604314646837414,49
0,[],4,[],2019-03-10 09:07:44,0.0,0,0,6893847,2019-03-10 09:07:44,,25.936059463000664,0.0,0,,10004377171.084637,0.0,0.0,52
0.00000000012345240000000001,[],22,[],2019-03-10 09:07:47,80646562.0,1.234524e-18,4.8181126124400004e-23,6893848,2019-03-10 09:07:47,XMR,4366.97564137,0.0,0.00000001,XMR,255837734.67882353,2.5962039720000003e-13,0.80646562,57
0.0000000003461769,[],27,[],2019-03-10 09:07:51,2000.0,3.461769e-18,1.351062667089e-22,6893849,2019-03-10 09:07:51,eth,0.0,0.0,0.00000001,"btc,eth",0.0,0.0,6.923538e-15,57
0.0000000001450705,[],4,[],2019-03-10 09:07:52,454644914.33196163,2.9014100000000003e-18,1.1323651962100002e-22,6893850,2019-03-10 09:07:52,ltc,18.80718923264797,0.0,0.00000002,ltc,4864980275.997357,0.0,8.750775368357141e-10,58
1,[],12,[],2019-03-10 09:07:53,1066294258.0,0.0000000003,0.00000000000001170843,6893851,2019-03-10 09:07:53,btc,2911891.8567066267,0.0,0.0000000003,btc,1686852398.5124874,0.005338776691408608,0.2686094063,58
0,[],17,[],2019-03-10 09:07:55,0.0,0,0,6893852,2019-03-10 09:07:55,btc,1e+24,0.0,0,btc,49226522.0897055,0.0,0.0,58
0.00000000012345240000000001,[],22,[],2019-03-10 09:07:58,137438.0,1.234524e-18,4.8181126124400004e-23,6893853,2019-03-10 09:07:58,XMR,69.8835922,0.0,0.00000001,XMR,9887963.0,0.0,0.00137438,58
1,[],5,[],2019-03-10 09:08:00,0.0,0,0,6893854,2019-03-10 09:08:00,btc,0.0,0.00022657,0,btc,0.0,0.0,0.0,61
1,[],22,[],2019-03-10 09:08:04,13757.0,0.00000012,0.000000000004683372,6893855,2019-03-10 09:08:04,BTC,1002.2960049,0.0,0.00000012,BTC,14976.68361146909,0.0,0.00154987,61
1,[],26,[],2019-03-10 09:08:04,0.0,0.00000800,0.0000000003122248,6893856,2019-03-10 09:08:04,btc,0.0,0.0,0.00000800,btc,0.0,0.0,0.0,61
1,[],27,[],2019-03-10 09:08:07,4411.22008,0.00000047,0.000000000018343207,6893857,2019-03-10 09:08:07,btc,2.8990263703141324,0.0,0.00000047,"btc,eth",19485.01257617,0.0,0.0012437599595117573,61
1,[],28,[],2019-03-10 09:08:14,13880.304,0.0000005,0.00000000001951405,6893858,2019-03-10 09:08:14,btc,2.056312978300105,2335.2744,0.0000005,btc,9730.59500005,0.0,0.00566391304,61
1,[],4,[],2019-03-10 09:08:15,1368524.72791898,0.00000212,0.000000000082739572,6893859,2019-03-10 09:08:15,btc,9.09559549846772,0.0,0.00000212,btc,770753.12787376,0.19727741,1.118412129317416,67
0.0,[],25,[],2019-03-10 09:08:16,0.0,0,0,6893860,2019-03-10 09:08:16,,0.0,0.0,0.0,btc,0.0,0.0,0.0,67
1,[],12,[],2019-03-10 09:08:17,282992.75369398,0.00000028,0.000000000010927868,6893861,2019-03-10 09:08:17,btc,1111115.6515942446,0.0,0.00000028,btc,1109719.63976992,0.0061735045756362,0.0577168699343962,71
,[],5,[],2018-11-20 23:02:39,1.5e-07,0.00000005,0.000000000002128045,4862160,2018-11-20 23:02:39,btc,2.84511358,0.0,,btc,0.00036572,0.0,0.07381892,74
1,[],5,[],2019-03-10 09:08:18,0.0,0,0,6893862,2019-03-10 09:08:18,btc,0.0,0.0,0,btc,0.0,0.0,0.0,75
1,[],4,[],2019-03-10 09:08:19,13147768.81424166,0.00000001,0.000000000000390281,6893863,2019-03-10 09:08:19,btc,11388.985544584346,0.0,0.00000001,btc,40019471.49932191,0.0,0.1314776881424166,81
0,[],20,[],2019-01-25 09:30:31,0.0,0,0,6495923,2019-01-25 09:30:31,btc,0.0,0.0,0,btc,0.0,0.0,0.0,81
1,[],4,[],2019-03-10 09:08:22,24034.65329487,0.00007638,0.000000002980966278,6893864,2019-03-10 09:08:22,btc,18.123919279852156,0.0,0.00007638,btc,12348.10265487,0.01946267,0.1042465063117096,82
1,[],21,[],2019-03-10 09:08:22,763468.20191462,0.00007449999999999999482878931811,0.0000000029075934499999997,6893865,2019-03-10 09:08:22,btc,3.807622557363902,2600.66445753,0.00007449999999999999482878931811313805155805312097072601318359375,btc,45932.30401483,0.19388878,2.775874416239504,82
0,[],17,[],2019-03-10 09:08:24,0.0,0,0,6893866,2019-03-10 09:08:24,btc,0.0447233088476774,0.0,0,btc,999127.19588126,0.0,0.0,84
0.0000000001450705,[],4,[],2019-03-10 09:08:26,207742814.46412548,4.3521150000000005e-18,1.6985477943150002e-22,6893867,2019-03-10 09:08:26,ltc,1.6956429503922534,0.0,0.00000003,ltc,386014466.22225314,0.0,4.739612803513931e-10,85
,[],22,[],2018-11-20 23:09:34,3408.1,0.0000001,0.0000000000041895,4862324,2018-11-20 23:09:34,BTC,0.04624735,0.0,,BTC,4990.0,0.0,0.00033081,86
1,[],22,[],2019-03-10 09:08:29,122000.0,0.00000003,0.000000000001170843,6893868,2019-03-10 09:08:29,BTC,2.078122,0.0,0.00000003,BTC,169918.94736842104,0.0,0.00186,87
0,[],27,[],2019-03-10 09:08:31,0.0,0,0,6893869,2019-03-10 09:08:31,,0.0,0.0,0,btc,0.0,0.0,0.0,87
,[],2,[],2018-11-20 23:10:47,0.0,0,0,4862359,2018-11-20 23:10:47,,0.0,0.0,,,0.0,0.0,0.0,88
1,[],11,[],2019-03-10 09:08:33,97054.21773706,0.0001481599999999999909237879958112671374692581593990325927734375,0.000000005782403296,6893870,2019-03-10 09:08:33,btc,610.9715223212341,678.50120606,0.0001481599999999999909237879958112671374692581593990325927734375,btc,95915.19995526,0.0,6.871396259073938,89
0,[],2,[],2019-01-20 23:31:45,0.0,0,0,6477083,2019-01-20 23:31:45,,0.0,0.0,0,,0.0,0.0,0.0,91
1,[],12,[],2019-03-10 09:08:35,246538.91509318,0.000001,0.0000000000390281,6893871,2019-03-10 09:08:35,btc,61.09523578899927,0.0,0.000001,btc,117135.36062175,0.0074655872802289,0.0335153864999806,91
0,[],17,[],2019-03-10 09:08:37,0.0,0,0,6893872,2019-03-10 09:08:37,btc,0.0,0.0,0,btc,0.0,0.0,0.0,91
1,[],22,[],2019-03-10 09:08:40,65900.0,0.00000001,0.000000000000390281,6893873,2019-03-10 09:08:40,BTC,3e-06,0.0,0.00000001,BTC,1.0,0.0,0.000659,91
0,[],22,[],2019-03-10 09:08:43,0.0,0,0,6893874,2019-03-10 09:08:43,,7.50307462,0.0,0,,70597140.95714286,0.0,0.0,95
0.0000000001450705,[],4,[],2019-03-10 09:08:45,646849596.8276336,7.543666000000001e-17,2.944149510146e-21,6893875,2019-03-10 09:08:45,ltc,11.894759078602544,0.0,0.00000052,ltc,136343495.56165135,0.0,1.8159012130701726e-09,96
0,[],12,[],2019-03-10 09:08:46,0.0,0,0,6893876,2019-03-10 09:08:46,btc,10.11889137,0.0,0,btc,2915474.0,0.00069933,0.0,96
0,[],17,[],2019-03-10 09:08:47,0.0,0,0,6893877,2019-03-10 09:08:47,btc,0.0,0.0,0,btc,0.0,0.0,0.0,96
1,[],4,[],2019-03-10 09:08:48,1614608.0494905,0.00000021,0.000000000008195901,6893878,2019-03-10 09:08:48,btc,2.536293055891623,0.0,0.00000021,btc,2569594.05153073,0.00584473,0.1306329308675821,99
1,[],4,[],2019-03-10 09:08:49,286866.32327896,0.00003904,0.000000001523657024,6893879,2019-03-10 09:08:49,btc,11.369503297083776,0.0,0.00003904,btc,161281.7420341,1.63034954,1.6225719712494717,100
0,[],2,[],2019-01-20 23:23:55,0.0,0,0,6476914,2019-01-20 23:23:55,,0.0,0.0,0,,0.0,0.0,0.0,100
1,[],22,[],2019-03-10 09:08:52,50000.0,0.00000001,0.000000000000390281,6893880,2019-03-10 09:08:52,BTC,23.49896609,0.0,0.00000001,BTC,10277.22,0.0,0.0005,101
1,[],4,[],2019-03-10 09:08:54,367590.72307349,0.00000085,0.000000000033173885,6893881,2019-03-10 09:08:54,btc,308.0371386321795,0.0,0.00000085,btc,493431.32974006,0.00871124,0.1969055514353102,103
1,[],12,[],2019-03-10 09:08:56,21606615.19700003,0.000000009,0.0000000000003512529,6893882,2019-03-10 09:08:56,btc,3859729.799018502,0.0,0.000000009,btc,72929282.10393897,0.02376904659061923,0.04806007277300027,105
1,[],27,[],2019-03-10 09:08:58,223920.39,0.00000001,0.000000000000390281,6893883,2019-03-10 09:08:58,btc,36.60591030491341,0.0,0.00000001,btc,1301440.23571724,0.0,0.0022392039,105
1,[],22,[],2019-03-10 09:09:10,9328.0,0.00000001,0.000000000000390281,6893884,2019-03-10 09:09:10,BTC,51.10837004,0.0,0.00000001,BTC,470435.0,0.0,9.328e-05,107
1,[],26,[],2019-03-10 09:09:11,0.0,0.00000000,0,6893885,2019-03-10 09:09:11,btc,0.0,91290.0,0.00000000,btc,0.0,0.0,0.0,107
1,[],5,[],2019-03-10 09:09:12,0.0,0,0,6893886,2019-03-10 09:09:12,btc,0.0,0.07579993,0,btc,0.0,0.0,0.0,112
1,[],22,[],2019-03-10 09:09:15,1966.0,0.00000001,0.000000000000390281,6893887,2019-03-10 09:09:15,BTC,2.7975128,0.0,0.00000001,BTC,826524.0833333334,0.0,1.966e-05,112
0.0000000003461769,[],27,[],2019-03-10 09:09:18,2000.0,3.461769e-18,1.351062667089e-22,6893888,2019-03-10 09:09:18,eth,1.24996908,0.0,0.00000001,"btc,eth",1289.0,0.0,6.923538e-15,112
1,[],4,[],2019-03-10 09:09:20,1280341.61723167,0.00000197,0.000000000076885357,6893889,2019-03-10 09:09:20,btc,85.08786652314771,0.0,0.00000197,btc,326640.66879842,0.05012697,0.975230382892965,113
1,[],5,[],2019-03-10 09:09:21,0.0,0,0,6893890,2019-03-10 09:09:21,btc,0.0,0.0,0,btc,0.0,0.0,0.0,113
0,[],27,[],2019-03-10 01:00:49,0.0,0,0,6891072,2019-03-10 01:00:49,,0.0,0.0,0,btc,0.0,0.0,0.0,116
1,[],17,[],2019-03-09 23:08:14,152738.278,0.00000004,0.0000000000015702200000000001,6890671,2019-03-09 23:08:14,btc,1.3368030274857574,0.0,0.00000004,btc,51896.221,0.0,0.0022095311199999998,116
1,[],4,[],2019-03-10 09:09:22,72799.51299718,0.00002485,0.000000000969848285,6893891,2019-03-10 09:09:22,btc,93.8811246098248,0.0,0.00002485,btc,87672.47963122,1.03310374,1.010044687240676,120
1,[],7,[],2019-03-10 09:09:24,20994.5573696,0.0000212500000000000015265566588595902430824935436248779296875,0.000000000829347125,6893892,2019-03-10 09:09:24,btc,115648.89480684382,0.0,0.0000212500000000000015265566588595902430824935436248779296875,btc,36709.119221220004,0.0,0.0536294973136781,120
1,[],20,[],2019-03-10 09:09:26,2950134.1162,0.000000034,0.0000000000013269554,6893893,2019-03-10 09:09:26,btc,33.6158386038068,61768.5,0.000000034,btc,1013047.029,0.0021517278668,0.0388290589086,125
1,[],22,[],2019-03-10 09:09:30,3053.0,0.00000001,0.000000000000390281,6893894,2019-03-10 09:09:30,BTC,0.01444887,0.0,0.00000001,BTC,296263.5111111111,0.0,3.053e-05,126
1,[],4,[],2019-03-10 09:09:31,137182.7895582,0.00001299,0.000000000506975019,6893895,2019-03-10 09:09:31,btc,3.58041691876362,0.0,0.00001299,btc,121601.469258,0.10061395,0.5427375241613877,131
0,[],17,[],2019-03-10 08:18:01,0.0,0,0,6893682,2019-03-10 08:18:01,btc,0.0009561751951600001,0.0,0,btc,35.42829368,0.0,0.0,131
0,[],2,[],2019-01-20 23:25:46,0.0,0,0,6476969,2019-01-20 23:25:46,,0.0,0.0,0,,0.0,0.0,0.0,131
1,[],4,[],2019-03-10 09:09:43,4547.37926879,0.00016000,0.000000006244496,6893896,2019-03-10 09:09:43,btc,1.6192487581045771,0.0,0.00016000,btc,239.25503526,0.0,0.0068261669220029,135
1,[],3,[],2019-03-07 00:20:44,877702.73244099,0.00000004,0.00000000000154846,6863392,2019-03-07 00:20:44,btc,0.119366241821405,0.0,0.00000004,btc,760637.99421222,0.0,0.023771231960604298,136
1,[],4,[],2019-03-10 09:09:44,236318.93733525,0.00000152,0.000000000059322712,6893897,2019-03-10 09:09:44,btc,38.68353594229104,0.0,0.00000152,btc,522705.33785616,0.00393358,0.0569827537402769,137
1,[],12,[],2019-03-10 09:09:45,179360.01201261,0.000001410000000000000052661867921965921368609997443854808807373046875,0.000000000055029621000000004,6893898,2019-03-10 09:09:45,btc,5.061559037737293,0.0,0.000001410000000000000052661867921965921368609997443854808807373046875,btc,4477.46434606,0.00038511998838,0.0071380099999816,137
1,[],4,[],2019-03-10 09:09:46,10208.75612535,0.00003617,0.000000001411646377,6893899,2019-03-10 09:09:46,btc,28.638357978441082,0.0,0.00003617,btc,49525.97623018,0.32178424,0.2119880737338739,142
1,[],5,[],2019-03-10 09:09:48,0.0,0,0,6893900,2019-03-10 09:09:48,btc,0.0,0.41157497,0,btc,0.0,0.0,0.0,142
1,[],20,[],2019-03-10 09:10:01,139640.8154,0.0000331,0.00000000129183011,6893901,2019-03-10 09:10:01,btc,0.3385275771142,4.9487,0.0000331,btc,2290.4355,0.000197651986,0.3068247408779,142
1,[],22,[],2019-03-10 09:10:07,1470.8988921568628,0.00004000,0.000000001561124,6893902,2019-03-10 09:10:07,BTC,3.00385504,0.0,0.00004000,BTC,891.218,0.0,0.0012358,142
0.0,[],25,[],2019-03-10 09:10:08,0.0,0,0,6893903,2019-03-10 09:10:08,,0.0,0.0,0.0,btc,0.0,0.0,0.0,142
1,[],28,[],2019-03-10 09:10:28,76202.668,0.00002550,0.00000000099521655,6893904,2019-03-10 09:10:28,btc,0.067100461059305,1650.0,0.00002550,btc,552.61077999,0.0,0.005494562,142
1,[],17,[],2019-03-10 08:18:17,22967.386363640002,0.00000088,0.000000000034339976,6893687,2019-03-10 08:18:17,btc,20.0699133484,0.0,0.00000088,btc,405.079105,0.0,0.0104613000000032,142
0,[],22,[],2019-03-10 09:10:30,0.0,0,0,6893905,2019-03-10 09:10:30,,65.61831169,0.0,0,,1037691921.3,0.0,0.0,143
0,[],22,[],2019-02-25 15:42:22,0.0,0,0,6783783,2019-02-25 15:42:22,,4.2131946,0.0,0,,2322156.0,0.0,0.0,146
,[],22,[],2018-11-20 23:01:11,0.0,0,0,4862114,2018-11-20 23:01:11,,2.56807021,0.0,,,61828.4988236,0.0,0.0,147
1,[],12,[],2019-03-10 09:10:31,337151.46534453,0.00000216999999999999997591878554692446101626046583987772464752197265625,0.000000000084690977,6893906,2019-03-10 09:10:31,btc,1.7297516686747016,0.0,0.00000216999999999999997591878554692446101626046583987772464752197265625,btc,28336.32742472,0.0,0.0279192799999386,148
1,[],4,[],2019-03-10 09:10:33,251436.93238136,0.00000029,0.000000000011318149,6893907,2019-03-10 09:10:33,btc,219.99888813067545,0.0,0.00000029,btc,841119.99512658,0.0,0.059760223645077,152
0,[],22,[],2019-03-10 09:10:36,0.0,0,0,6893908,2019-03-10 09:10:36,,0.0,0.0,0,,0.0,0.0,0.0,152
1,[],5,[],2019-03-10 09:10:38,0.0,0,0,6893909,2019-03-10 09:10:38,btc,0.0,0.0,0,btc,0.0,0.0,0.0,153
,[],16,[],2019-01-11 15:38:59,0.0,0,0,6366141,2019-01-11 15:38:59,btc,0.0,0.0,,btc,0.0,0.0,0.0,155
0,[],22,[],2019-03-10 09:10:41,0.0,0,0,6893910,2019-03-10 09:10:41,,6.7463781,0.0,0,,4673397.242592593,0.0,0.0,156
0,[],23,[],2019-01-20 23:24:29,0.0,0,0,6476932,2019-01-20 23:24:29,,0.0,0.0,0,,0.0,0.0,0.0,156
1,[],22,[],2019-03-10 09:10:51,7073.8,0.00005300,0.0000000020684893,6893911,2019-03-10 09:10:51,BTC,1.79802465,0.0,0.00005300,BTC,802.6461988741639,0.00541234,0.00104336,157
0,[],22,[],2019-03-10 09:10:54,0.0,0,0,6893912,2019-03-10 09:10:54,,50175.67608608,0.0,0,,54079135.04179466,0.0,0.0,158
,[],17,[],2018-11-20 22:56:10,0.0,0,0,4861976,2018-11-20 22:56:10,btc,1.1265625,0.0,,btc,1000.0,0.0,0.0,159
,[],20,[],2018-11-20 22:56:12,0.0,0,0,4861977,2018-11-20 22:56:12,btc,11912.7940471,0.0,,btc,34413894.3617,0.0,0.0,159
1,[],12,[],2019-03-10 09:10:55,221165.660179,0.0000068299999999999998285724576996269519213456078432500362396240234375,0.000000000266561923,6893913,2019-03-10 09:10:55,btc,0.7786030691256801,0.0,0.0000068299999999999998285724576996269519213456078432500362396240234375,btc,8636.12642149,0.0022806023831213,0.09677126395324259,168
1,[],17,[],2019-03-10 05:15:37,29784.95,0.000001,0.0000000000391515,6892773,2019-03-10 05:15:37,btc,0.03026736251542,0.0,0.000001,btc,144.46171372,0.0,0.00716147,168
0,[],22,[],2019-03-07 13:06:36,0.0,0,0,6867364,2019-03-07 13:06:36,,1.1339604,0.0,0,,520283.17470714403,0.0,0.0,169
1,[],22,[],2019-03-10 09:11:10,222628.08333333334,0.00000012,0.000000000004683372,6893914,2019-03-10 09:11:10,BTC,14.35049674,0.0,0.00000012,BTC,156152.1439341018,0.00013086,0.00300837,171
1,[],22,[],2019-03-10 09:11:15,944614.6916666667,0.00000012,0.000000000004683372,6893915,2019-03-10 09:11:15,BTC,2.2545786,0.0,0.00000012,"BTC,LTC",285992.7784535492,0.0,0.03325914,173
1,[],5,[],2019-03-05 01:59:40,0.0,0,0,6845846,2019-03-05 01:59:40,btc,0.0,0.00384852,0,btc,0.0,0.0,0.0,175
1,[],22,[],2019-03-10 09:11:19,35500.0,0.00000012,0.000000000004683372,6893916,2019-03-10 09:11:19,BTC,0.54559973,0.0,0.00000012,BTC,137776.41444619838,0.0,0.00206,176
1,[],7,[],2019-03-10 09:11:20,0.0,0,0,6893917,2019-03-10 09:11:20,btc,410914.8135572541,17509.4905095,0,btc,115666563.31395811,0.00017509,0.0,178
0,[],22,[],2019-03-10 09:11:22,0.0,0,0,6893918,2019-03-10 09:11:22,,1.00242438,0.0,0,,57522.0,0.0,0.0,178
0,[],2,[],2019-01-20 23:28:34,0.0,0,0,6477001,2019-01-20 23:28:34,,0.0,0.0,0,,0.0,0.0,0.0,178
1,[],5,[],2019-03-10 09:11:24,0.0,0,0,6893919,2019-03-10 09:11:24,btc,0.0,0.02926221,0,btc,0.0,0.0,0.0,179
1,[],22,[],2019-03-10 09:11:29,6875825.5,0.00000002,0.000000000000780562,6893920,2019-03-10 09:11:29,BTC,5.6519481,0.0,0.00000002,"BTC,LTC",17780969.756535422,0.0,0.37245723,179
0,[],23,[],2019-01-20 23:25:08,0.0,0,0,6476952,2019-01-20 23:25:08,,0.0,0.0,0,,0.0,0.0,0.0,179
1,[],17,[],2019-03-10 05:06:01,10504.725,0.0000001,0.00000000000391942,6892596,2019-03-10 05:06:01,btc,5.201069583844242,0.0,0.0000001,btc,5033.45945,0.0,0.0010504725,180
1,[],22,[],2019-03-10 09:11:34,667166.7090909091,0.00000177,0.000000000069079737,6893921,2019-03-10 09:11:34,BTC,0.20952313,0.0,0.00000177,"BTC,LTC",59060.756131308655,0.01743884,0.57373798,180
1,[],26,[],2019-03-10 09:11:34,0.0,0.00000125,0.000000000048785125,6893922,2019-03-10 09:11:34,btc,0.0,194.0,0.00000125,btc,0.0,0.0,0.0,180
,[],7,[],2018-11-20 22:58:01,562227.975654,0.00000085,0.000000000036176765,4862015,2018-11-20 22:58:01,btc,21836.6059674,2491.87645172,,btc,749999.041456,0.00211021,0.127565380455,183
,[],5,[],2019-01-10 08:11:41,0.0,0,0,6347036,2019-01-10 08:11:41,btc,82.15055501,0.00261,,btc,1.19002445,0.0,0.0,187
1,[],24,[],2019-03-10 09:11:34,0.0,0.000000000001,3.90281e-17,6893923,2019-03-10 09:11:34,btc,0.0,0.0,0.000000000001,btc,0.0,0.0,0.0,187
,[],17,[],2018-11-16 20:58:10,4062536.27273,0.00000001,0.000000000000550501,4708775,2018-11-16 20:58:10,btc,3.36492563466,0.195460381006,,"btc,eth",110697919.549,0.0,0.0157628953496,187
0,[],22,[],2019-03-10 09:11:37,0.0,0,0,6893924,2019-03-10 09:11:37,,7.54797454,0.0,0,,79361.7243344055,0.0,0.0,191
0,[],22,[],2019-03-10 09:11:43,0.0,0,0,6893925,2019-03-10 09:11:43,,0.0,0.0,0,,0.0,0.0,0.0,197
0,[],23,[],2019-01-20 23:31:41,0.0,0,0,6477079,2019-01-20 23:31:41,,0.0,0.0,0,,0.0,0.0,0.0,199
0,[],22,[],2019-03-10 09:11:46,0.0,0,0,6893926,2019-03-10 09:11:46,,5.19076992,0.0,0,,21057923.0,0.0,0.0,199
1,[],26,[],2019-03-10 09:11:46,0.0,0.00000000,0,6893927,2019-03-10 09:11:46,btc,0.0,128259.0,0.00000000,btc,0.0,0.0,0.0,199
0,[],17,[],2019-01-30 16:32:01,0.0,0,0,6540827,2019-01-30 16:32:01,btc,6.802544163788159,0.0,0,btc,105897.55575295,0.0,0.0,200
0,[],2,[],2019-01-20 23:30:49,0.0,0,0,6477059,2019-01-20 23:30:49,,0.0,0.0,0,,0.0,0.0,0.0,201
1,[],4,[],2019-01-25 15:51:35,2084389.58565343,0.00000936,0.000000000333526752,6499557,2019-01-25 15:51:35,btc,2.0092503037378524,0.0,0.00000936,btc,160195.80207885,0.19272417,1.242687955921835,211
1,[],7,[],2019-03-10 09:11:48,2535656.30666827,0.000001,0.0000000000390281,6893928,2019-03-10 09:11:48,btc,15476653.669753373,496028.285552,0.000001,btc,13340199.38329743,0.0,1.0976257278140233,212
1,[],5,[],2019-03-10 09:11:49,0.0,0,0,6893929,2019-03-10 09:11:49,btc,0.0,0.2409657,0,btc,0.0,0.0,0.0,213
1,[],24,[],2019-03-10 09:11:50,0.0,0.000000120000,0.000000000004683372,6893930,2019-03-10 09:11:50,btc,0.0,0.0,0.000000120000,btc,0.0,0.0,0.0,213
1,[],26,[],2019-03-10 09:11:50,0.0,0.00000010,0.00000000000390281,6893931,2019-03-10 09:11:50,btc,0.0,0.0,0.00000010,btc,0.0,0.0,0.0,213
1,[],12,[],2019-01-25 02:44:32,207462.42853209,0.000001080000000000000035831255497387193287295303889550268650054931640625,0.000000000038610756000000006,6493050,2019-01-25 02:44:32,btc,85023.03793723314,0.0,0.000001080000000000000035831255497387193287295303889550268650054931640625,btc,43675.73520027,0.000146250909087,0.0348620860622024,213
1,[],22,[],2019-03-10 09:11:53,65000.0,0.00000002,0.000000000000780562,6893932,2019-03-10 09:11:53,BTC,2.28062382,0.0,0.00000002,BTC,675757.3963726171,0.0,0.00105,216
1,[],27,[],2019-03-10 09:11:56,1298122.0,0.00000003,0.000000000001170843,6893933,2019-03-10 09:11:56,btc,317.9840534547724,480.0,0.00000003,"btc,ltc",240763.990324,1.44e-05,0.03375764000026113,216
1,[],22,[],2019-03-10 09:11:59,151663.82642196695,0.00000172,0.000000000067128332,6893934,2019-03-10 09:11:59,BTC,12673.62809053,0.0,0.00000172,BTC,432676.7848329881,0.03028843,0.15743766,217
1,[],7,[],2019-03-10 09:12:00,0.0,0,0,6893935,2019-03-10 09:12:00,btc,77969.38822110009,1000.0,0,btc,135864036.11822966,1e-05,0.0,219
0,[],27,[],2019-03-10 09:12:02,0.0,0,0,6893936,2019-03-10 09:12:02,,0.0404796,0.0,0,btc,2057905.0,0.0,0.0,219
0.000000000000005,[],28,[],2019-03-10 09:12:13,168602693.387,7.5e-18,2.9271075e-22,6893937,2019-03-10 09:12:13,doge,85152.2106148375,14795.962,0.00150000,"btc,doge",3763918.34751,0.0,1.43534945916935e-11,219
1,[],22,[],2019-03-10 09:12:17,348339.0,0.00000006,0.000000000002341686,6893938,2019-03-10 09:12:17,BTC,2.76235014,0.0,0.00000006,BTC,86245.24541875876,0.0,0.01427961,221
1,[],24,[],2019-03-10 09:12:17,0.0,0.000000200000,0.00000000000780562,6893939,2019-03-10 09:12:17,btc,0.0,0.0,0.000000200000,btc,0.0,0.0,0.0,221
1,[],20,[],2019-03-10 09:12:19,39105329.5253,0.000000001,0.0000000000000390281,6893940,2019-03-10 09:12:19,btc,48.4450043719203,0.0,0.000000001,btc,16389766.8029,0.0,0.0391053295253,224
0,[],22,[],2019-03-10 09:12:22,0.0,0,0,6893941,2019-03-10 09:12:22,,0.0,0.0,0,,0.0,0.0,0.0,224
1,[],26,[],2019-03-10 09:12:22,0.0,0.00000035,0.000000000013659835,6893942,2019-03-10 09:12:22,btc,0.0,0.0,0.00000035,btc,0.0,0.0,0.0,231
1,[],26,[],2019-03-10 09:12:22,0.0,0.00000005,0.000000000001951405,6893943,2019-03-10 09:12:22,btc,0.0,100.0,0.00000005,btc,0.0,0.0,0.0,234
0.0000000003461769,[],27,[],2019-03-10 09:12:24,2000.0,3.461769e-18,1.351062667089e-22,6893944,2019-03-10 09:12:24,eth,0.01134836604,0.0,0.00000001,"btc,eth",11462.996,0.0,6.923538e-15,234
1,[],4,[],2019-03-10 09:12:26,771450.92898269,0.00000072,0.000000000028100232,6893945,2019-03-10 09:12:26,btc,4.226728244254254,0.0,0.00000072,btc,1225575.37203978,0.02621315,0.1921289543464229,236
1,[],24,[],2019-03-10 09:12:26,0.0,0.000000500000,0.00000000001951405,6893946,2019-03-10 09:12:26,btc,0.0,0.0,0.000000500000,btc,0.0,0.0,0.0,236
1,[],20,[],2019-03-10 09:12:28,199012680.776,0.000000055,0.0000000000021465455000000002,6893947,2019-03-10 09:12:28,btc,13.5375446694089,19271426.2266,0.000000055,btc,38140129.5806,1.0587732470278,0.3196513463785,237
0.0000000001450705,[],22,[],2019-03-10 09:12:31,751594.9,2.4661985000000003e-17,9.625104167785001e-22,6893948,2019-03-10 09:12:31,LTC,0.0405823,0.0,0.00000017,LTC,3164.0,0.0,0.12541949,237
1,[],4,[],2019-03-10 09:12:32,8619223.36058003,0.00000036,0.000000000014050116,6893949,2019-03-10 09:12:32,btc,9.827506650941617,0.0,0.00000036,btc,11749599.81842235,0.49627639,2.1758637437715658,238
1,[],5,[],2019-03-10 09:12:35,0.0,0,0,6893950,2019-03-10 09:12:35,btc,0.0,0.03320208,0,btc,0.0,0.0,0.0,238
0,[],22,[],2019-03-10 09:12:38,0.0,0,0,6893951,2019-03-10 09:12:38,,0.40415746,0.0,0,,526736.5639027493,0.0,0.0,249
0.0000000001450705,[],22,[],2019-03-10 09:12:42,49087200.666666664,5.802820000000001e-18,2.2647303924200004e-22,6893952,2019-03-10 09:12:42,LTC,0.90188236,0.0,0.00000004,LTC,17061399.253636364,0.0,1.18162413,252
1,[],28,[],2019-03-10 09:12:52,2789461.713,0.00000037,0.000000000014440397,6893953,2019-03-10 09:12:52,btc,164735.3137161558,8964.5,0.00000037,btc,3219214.1177,0.0,0.57356634182,256
1,[],22,[],2019-03-10 09:12:55,1370473.8333333333,0.00000004,0.000000000001561124,6893954,2019-03-10 09:12:55,BTC,31.45379838,0.0,0.00000004,BTC,643769.9124533612,0.0002403,0.02036077,258
1,[],22,[],2019-03-10 09:12:59,48751.0,0.00000001,0.000000000000390281,6893955,2019-03-10 09:12:59,BTC,2.4175745,0.0,0.00000001,BTC,1762.0,0.0,0.00048751,259
1,[],5,[],2019-03-10 09:13:00,0.0,0,0,6893956,2019-03-10 09:13:00,btc,0.0,0.04927546,0,btc,0.0,0.0,0.0,264
1,[],20,[],2019-03-10 09:13:02,1215784.8401,0.0000018,0.00000000007025058,6893957,2019-03-10 09:13:02,btc,7.4612712134432,48520.2484,0.0000018,btc,103749.3256,0.1349144181156,0.0168240528018,264
0,[],22,[],2019-03-10 09:13:05,0.0,0,0,6893958,2019-03-10 09:13:05,,8.75643939,0.0,0,,466495.2241309945,0.0,0.0,271
0,[],22,[],2019-03-10 09:13:08,0.0,0,0,6893959,2019-03-10 09:13:08,,266.36893303,0.0,0,,13949488766.692,0.0,0.0,272
0.000000000000005,[],28,[],2019-03-10 09:13:14,219865356712.905,5.05e-21,1.9709190499999999e-25,6893960,2019-03-10 09:13:14,doge,36961346.41743207,16675785727.8214,0.00000101,doge,200635681649.4549,0.0,6.040132249454133e-10,272
1,[],22,[],2019-03-10 09:13:20,179098.74,0.0000007,0.00000000002731967,6893961,2019-03-10 09:13:20,BTC,177.43013731,0.0,0.0000007,"BTC,LTC",31999.421119091923,0.0280804,0.06950825,281
1,[],22,[],2019-03-10 09:13:24,13202.0,0.00000001,0.000000000000390281,6893962,2019-03-10 09:13:24,BTC,1.30477006,0.0,0.00000001,BTC,167330.60966054318,0.03593441,0.00013202,286
0,[],22,[],2019-03-10 09:13:27,0.0,0,0,6893963,2019-03-10 09:13:27,,43638.82491513,0.0,0,,700126356.0,0.0,0.0,294
