pairValue,buyBook,exchangeId,sellBook,updated,buyTotal,satoshiPrice,usdPrice,exchangeLogId,created,bestPair,sellTotalBtc,volume,pairPrice,activePairs,sellTotal,volumeBtc,buyTotalBtc,coinId
1,[],3,[],2019-07-01 02:57:28,31396.929128827804,0.00823495999999999950258455783114186488091945648193359375,0.0000009164588164479999,7782715,2019-07-01 02:57:28,btc,10.546219657496373,80.9767766947,0.00823495999999999950258455783114186488091945648193359375,btc,41.143381107772,0.0,0.2760883265896047,1
1,[],4,[],2019-07-01 02:57:29,208226.16104443,0.00809015,0.0000009003430853199999,7782716,2019-07-01 02:57:29,btc,9.611339303907366,0.0,0.00809015,btc,484.03637654,3.77574382,0.443906977159722,1
1,[],5,[],2019-07-01 02:57:31,0.0,0,0,7782717,2019-07-01 02:57:31,btc,0.0,0.00711844,0,btc,0.0,0.0,0.0,1
1,[],10,[],2019-07-01 02:57:34,246592.60285709,0.00309492,0.000000344429932896,7782718,2019-07-01 02:57:34,btc,6526.251540249612,1272.52606928,0.00309492,btc,1978.13726407,0.0,1.4032286636025764,1
1,[],12,[],2019-07-01 02:57:37,85.16980177,0.00814999999999999925892613106270800926722586154937744140625,0.0000009070037199999999,7782719,2019-07-01 02:57:37,btc,0.7126964556493,0.0,0.00814999999999999925892613106270800926722586154937744140625,btc,35.83538459,1.500567534519,0.0483968235216,1
1,[],20,[],2019-07-01 02:57:39,928.3295,0.008010077,0.0000008914318572375999,7782720,2019-07-01 02:57:39,btc,0.1474852813431,1.5168,0.008010077,btc,11.0183,0.0137790622849,0.1262991274778,1
1,[],21,[],2019-07-01 02:57:40,2439.91112098,0.008186970000000000011186607196,0.0000009111180669359999,7782721,2019-07-01 02:57:40,btc,9.980546493966953,2919.98292895,0.00818697000000000001118660719612307730130851268768310546875,"btc,eth",1696.48390175,21.61727371547952,13.523731459842136,1
1,[],22,[],2019-07-01 02:57:44,0.5199,0.00150000,0.0000001669332,7782722,2019-07-01 02:57:44,BTC,0.01667896,0.0,0.00150000,BTC,0.2541810146658512,0.0,0.00077189,1
1,[],24,[],2019-07-01 02:57:45,0.0,0.000000000000,0,7782723,2019-07-01 02:57:45,btc,0.0,0.0,0.000000000000,btc,0.0,0.0,0.0,1
0.0,[],25,[],2019-07-01 02:57:46,0.0,0,0,7782724,2019-07-01 02:57:46,btc,18.677099999107345,11089.36781396,0.0,btc,2184.77659691,91.3974,0.0,1
1,[],26,[],2019-07-01 02:57:48,0.0,0,0,7782725,2019-07-01 02:57:48,,0.0,0.0,0,,0.0,0.0,0.0,1
1,[],28,[],2019-07-01 02:58:02,1039.924,0.00730000,0.00000081240824,7782726,2019-07-01 02:58:02,btc,0.374000830075,128499.45,0.00730000,btc,23.7132,0.0,0.268011296,1
0,[],2,[],2019-01-20 23:28:45,0.0,0,0,6477011,2019-01-20 23:28:45,,0.0,0.0,0,,0.0,0.0,0.0,1
1,[],5,[],2019-06-17 14:29:02,0.0,0,0,7740076,2019-06-17 14:29:02,btc,0.0,2.72e-05,0,btc,0.0,0.0,0.0,2
1,[],22,[],2019-06-17 14:29:06,11550.3,0.0000002,0.0000000000185828,7740077,2019-06-17 14:29:06,BTC,21.00897301,0.0,0.0000002,"BTC,XMR",20678.87287795317,1.754e-05,0.00143681,2
1,[],5,[],2019-06-03 14:48:58,0.0,0,0,7731126,2019-06-03 14:48:58,btc,0.0,0.05905545,0,btc,0.0,0.0,0.0,3
1,[],12,[],2019-06-03 14:48:59,3468623.70302,0.000000116,0.000000000009823402000000002,7731127,2019-06-03 14:48:59,btc,169531.0336573751,0.0,0.000000116,btc,2361209.62379607,0.041350953071,0.33764769154428,3
0,[],28,[],2019-06-03 14:49:00,0.0,0,0,7731128,2019-06-03 14:49:00,,0.0,0.0,0,,0.0,0.0,0.0,3
0,[],2,[],2019-01-20 23:31:32,0.0,0,0,6477077,2019-01-20 23:31:32,,0.0,0.0,0,,0.0,0.0,0.0,4
1,[],4,[],2019-05-18 21:29:50,562734.9206932,0.00000010,0.000000000007298720000000001,7650946,2019-05-18 21:29:50,btc,41.9347137769675,0.0,0.00000010,btc,1123702.32192634,0.00052462,0.029254593370966,4
0,[],12,[],2019-06-02 05:03:43,0.0,0,0,7724919,2019-06-02 05:03:43,btc,625.901992874995,0.0,0,btc,1211362.4995005,0.0,0.0,5
0,[],2,[],2019-01-20 23:31:51,0.0,0,0,6477087,2019-01-20 23:31:51,,0.0,0.0,0,,0.0,0.0,0.0,6
1,[],11,[],2019-07-01 02:58:03,6547161.276736,0.00000001,0.000000000001112888,7782727,2019-07-01 02:58:03,btc,9583.57405781093,41033.399,0.00000001,btc,76679126.25770687,0.0,0.06547161276736001,6
1,[],3,[],2019-07-01 02:58:04,11573.467404185665,0.0000547100000000000030405712669878681708723888732492923736572265625,0.000000006088610248,7782728,2019-07-01 02:58:04,btc,1026.279571983094,627.29874475,0.0000547100000000000030405712669878681708723888732492923736572265625,btc,348.865016524402,0.0,0.014796099093936563,7
1,[],4,[],2019-07-01 02:58:05,323030.89922892,0.00007895,0.00000000878625076,7782729,2019-07-01 02:58:05,btc,8.435713839333836,0.0,0.00007895,btc,55037.83322618,2.89804324,2.317735810331206,7
1,[],5,[],2019-07-01 02:58:06,0.0,0,0,7782730,2019-07-01 02:58:06,btc,0.0,0.49799954,0,btc,0.0,0.0,0.0,7
1,[],20,[],2019-04-07 22:06:50,3201475.0482,0.000000001,0.000000000000051590000000000004,7213932,2019-04-07 22:06:50,btc,30.8005781811902,0.0,0.000000001,btc,23077405.3926,0.0,0.0032014750482,8
1,[],4,[],2019-07-01 02:58:09,2018709.65812393,0.00000044,0.000000000048967071999999996,7782731,2019-07-01 02:58:09,btc,3.06511102116305,0.0,0.00000044,btc,3211906.1442111,0.66427441,0.3672572846611582,9
1,[],28,[],2019-07-01 02:58:24,20043.809,0.00000042,0.000000000046741296,7782732,2019-07-01 02:58:24,btc,2708.78166413335,141533.0,0.00000042,btc,35184.584,0.0,0.00270157978,9
0,[],2,[],2019-01-20 23:22:42,0.0,0,0,6476876,2019-01-20 23:22:42,,0.0,0.0,0,,0.0,0.0,0.0,9
0,[],23,[],2019-01-20 23:22:48,0.0,0,0,6476878,2019-01-20 23:22:48,,0.0,0.0,0,,0.0,0.0,0.0,9
1,[],1,[],2019-02-17 23:31:42,1822507.21,0.00000181000000000000003456111265232042484285557293333113193511962890625,0.000000000066086901,6701244,2019-02-17 23:31:42,btc,3.6990969245,17153386.5,0.00000181000000000000003456111265232042484285557293333113193511962890625,btc,1997391.71,31.11772986,3.2610482446,9
1,[],4,[],2019-02-17 11:22:43,4341674.27126056,0.00000002,0.0000000000007272960000000001,6696112,2019-02-17 11:22:43,btc,0.1997230937751353,0.0,0.00000002,btc,4109766.79808031,0.00215132,0.0479381022052112,10
1,[],4,[],2019-07-01 02:58:25,8584459.47154432,0.00000028,0.000000000031160864,7782733,2019-07-01 02:58:25,btc,7.502232401248754,0.0,0.00000028,btc,8374208.10183436,0.20200125,0.9425324594206095,12
1,[],5,[],2019-07-01 02:58:26,0.0,0,0,7782734,2019-07-01 02:58:26,btc,0.0,0.00103677,0,btc,0.0,0.0,0.0,12
0.0,[],25,[],2019-07-01 02:58:27,0.0,0,0,7782735,2019-07-01 02:58:27,,0.0,0.0,0.0,btc,0.0,0.0,0.0,12
0,[],2,[],2019-01-20 23:23:08,0.0,0,0,6476890,2019-01-20 23:23:08,,0.0,0.0,0,,0.0,0.0,0.0,12
1,[],4,[],2019-07-01 02:58:29,543766.24384526,0.00000231,0.000000000257077128,7782736,2019-07-01 02:58:29,btc,2.001640321467328,0.0,0.00000231,btc,375352.04425935,0.18483221,0.2487328543880437,13
1,[],21,[],2019-07-01 02:58:32,7352737.91437896,0.000002340000000000000042341347442,0.00000000026041579199999997,7782737,2019-07-01 02:58:32,btc,2.8991351001710752,1335660.81057969,0.00000234000000000000004234134744207640466129305423237383365631103515625,btc,912750.72902377,3.19311859,3.337890566232439,13
1,[],10,[],2019-07-01 01:58:54,574682.10757904,0.00000234,0.00000000025760006999999997,7782618,2019-07-01 01:58:54,btc,666797.6784321767,12443.3140972,0.00000234,btc,876672.26649838,0.0,0.1770308381861535,13
1,[],4,[],2019-07-01 02:58:33,1139350.86989911,0.00000030,0.00000000003338664,7782738,2019-07-01 02:58:33,btc,3.0142383703108835,0.0,0.00000030,btc,770630.34557656,0.01385236,0.1053137234467045,14
1,[],12,[],2019-07-01 02:58:34,214172.14097491,0.0000004,0.00000000004451552,7782739,2019-07-01 02:58:34,btc,191.49121228655198,0.0,0.0000004,btc,41595.06442848,0.001430056244,0.0108188799999869,14
1,[],26,[],2019-07-01 03:00:35,0.0,0.00000050,0.000000000055644399999999995,7782740,2019-07-01 03:00:35,btc,0.0,0.0,0.00000050,btc,0.0,0.0,0.0,14
0,[],17,[],2019-05-03 00:53:32,0.0,0,0,7558876,2019-05-03 00:53:32,btc,0.0,0.0,0,btc,0.0,0.0,0.0,14
0,[],4,[],2019-07-01 03:00:36,0.0,0,0,7782741,2019-07-01 03:00:36,,0.0,0.0,0,,0.0,0.0,0.0,15
,[],12,[],2018-12-01 15:15:48,204241.84496,0.00000489,0.000000000202473384,5260204,2018-12-01 15:15:48,btc,49.5475654835,0.0,,btc,35763.2193806,0.0163153972027625,0.0203389899998,15
1,[],4,[],2019-07-01 03:00:37,29625.48415908,0.00000772,0.0000000008591495359999999,7782742,2019-07-01 03:00:37,btc,2.357810004103189,0.0,0.00000772,btc,16020.61717669,0.03872567,0.0274113048316628,18
1,[],10,[],2019-07-01 03:00:40,415838.28223421,0.00000752,0.000000000836891776,7782743,2019-07-01 03:00:40,btc,14.901104759064866,10634.7748369,0.00000752,btc,11646.09002244,0.0,0.3501458182914759,18
1,[],12,[],2019-07-01 03:00:42,2110.98584728,0.00000798999999999999973372862005493999504324165172874927520751953125,0.000000000889197512,7782744,2019-07-01 03:00:42,btc,0.529539573601457,0.0,0.00000798999999999999973372862005493999504324165172874927520751953125,btc,1931.97269621,5.128681e-06,0.004036280364012,18
0,[],2,[],2019-01-20 23:23:38,0.0,0,0,6476906,2019-01-20 23:23:38,,0.0,0.0,0,,0.0,0.0,0.0,18
0,[],17,[],2019-05-03 00:53:39,0.0,0,0,7558882,2019-05-03 00:53:39,btc,0.0,0.0,0,btc,0.0,0.0,0.0,18
1,[],3,[],2019-07-01 03:02:43,162223.48826604,0.00000795000000000000011670352184633969727656221948564052581787109375,0.00000000088474596,7782745,2019-07-01 03:02:43,btc,190.480658156687,16053.1297018,0.00000795000000000000011670352184633969727656221948564052581787109375,btc,18900.172204470637,0.0,0.1103848807064612,19
1,[],4,[],2019-07-01 03:02:44,331710.51684329,0.00000633,0.000000000704458104,7782746,2019-07-01 03:02:44,btc,3.152901696118976,0.0,0.00000633,btc,208492.10695596,0.20929755,1.3161345434655263,19
1,[],5,[],2019-07-01 03:02:45,0.0,0,0,7782747,2019-07-01 03:02:45,btc,0.0,5.376e-05,0,btc,0.0,0.0,0.0,19
1,[],12,[],2019-07-01 03:02:46,107156.92349913,0.0000060599999999999995775427918953681682978640310466289520263671875,0.0000000006744101279999999,7782748,2019-07-01 03:02:46,btc,1.2047275031321378,0.0,0.0000060599999999999995775427918953681682978640310466289520263671875,btc,3008.56634116,0.0,0.0101925199997934,19
0,[],27,[],2019-07-01 03:02:53,0.0,0,0,7782749,2019-07-01 03:02:53,,0.0,0.0,0,btc,0.0,0.0,0.0,19
0,[],2,[],2019-01-20 23:24:19,0.0,0,0,6476924,2019-01-20 23:24:19,,0.0,0.0,0,,0.0,0.0,0.0,19
1,[],4,[],2019-07-01 03:02:54,9941131.39828478,0.00000005,0.00000000000556444,7782750,2019-07-01 03:02:54,btc,5.162345510776601,0.0,0.00000005,btc,2240531.70486197,0.0,0.1109370288405056,20
0,[],4,[],2019-07-01 03:02:56,0.0,0,0,7782751,2019-07-01 03:02:56,,14033.178505919237,0.0,0,,166024404.7737067,0.0,0.0,21
0,[],12,[],2019-07-01 03:02:57,0.0,0,0,7782752,2019-07-01 03:02:57,btc,2602.9632939374624,0.0,0,btc,10378022.54445551,0.0,0.0,21
0,[],17,[],2019-05-03 00:53:51,0.0,0,0,7558891,2019-05-03 00:53:51,btc,0.0,0.0,0,btc,0.0,0.0,0.0,21
1,[],12,[],2019-07-01 03:04:58,5916325917.455566,0.0000000005,0.0000000000000556444,7782753,2019-07-01 03:04:58,btc,1426620313124.0974,0.0,0.0000000005,btc,2900413336.0720606,0.34309136456,1.7258966889000833,23
0.000000000270002,[],27,[],2019-07-01 03:05:04,90508020.07852118,3.8880288e-16,4.3269405951744e-20,7782754,2019-07-01 03:05:04,eth,1157.28563578,3973662.74647346,0.00000144,eth,1692158.066,1.5449715186487e-09,6.304441581817948e-09,23
1,[],4,[],2019-06-22 05:45:29,6100414.07522138,0.00000017,0.00000000001823352,7751732,2019-06-22 05:45:29,btc,10.22685272773715,0.0,0.00000017,btc,1790815.48208265,0.0,0.1345450262400025,24
0,[],22,[],2019-06-22 05:45:31,0.0,0,0,7751733,2019-06-22 05:45:31,,6.22e-05,0.0,0,,517.4264705882352,0.0,0.0,24
0.0,[],25,[],2019-06-22 05:45:32,0.0,0,0,7751734,2019-06-22 05:45:32,,0.0,0.0,0.0,btc,0.0,0.0,0.0,24
1,[],4,[],2019-07-01 03:05:05,26944885.07537654,0.00000347,0.00000000038617213599999996,7782755,2019-07-01 03:05:05,btc,7.289619397233307,0.0,0.00000347,btc,202854.89859992,0.03787372,0.388564195712759,26
1,[],10,[],2019-07-01 03:05:07,128726.36510712,0.00000463,0.000000000515267144,7782756,2019-07-01 03:05:07,btc,26.15767772720335,5144.54993909,0.00000463,btc,19876.61640799,0.0,0.047627584276464,26
0,[],2,[],2019-01-20 23:25:56,0.0,0,0,6476976,2019-01-20 23:25:56,,0.0,0.0,0,,0.0,0.0,0.0,26
1,[],5,[],2019-04-26 09:47:06,0.0,0,0,7465326,2019-04-26 09:47:06,btc,0.0,0.0,0,btc,0.0,0.0,0.0,27
1,[],3,[],2019-06-17 14:30:26,13571825.64059417,0.00000001,0.00000000000092914,7740112,2019-06-17 14:30:26,btc,3.485049956644059,4264730.43754,0.00000001,btc,23500048.28518193,0.0,0.1357182564059417,27
1,[],11,[],2019-06-17 14:30:28,2031833.58157834,0.00000001,0.00000000000092914,7740113,2019-06-17 14:30:28,btc,67502.92060589766,32677.9652116,0.00000001,btc,6487362.95640949,0.0,0.0203183358157834,27
0.0000000001133885,[],4,[],2019-07-01 03:05:08,379358218.143999,8.5041375e-17,9.464152574099999e-21,7782757,2019-07-01 03:05:08,ltc,10.483873555509708,0.0,0.00000075,ltc,646725253.273289,0.04760857,7.84205530504537e-09,29
1,[],7,[],2019-07-01 03:05:09,0.0,0,0,7782758,2019-07-01 03:05:09,btc,46548272.70874157,2075757.84164,0,btc,54734288.0238681,0.02075758,0.0,29
1,[],4,[],2019-07-01 03:05:10,15247247.18640204,0.00000004,0.000000000004451552,7782759,2019-07-01 03:05:10,btc,2.574271176878842,0.0,0.00000004,btc,2263873.01112021,0.0,0.1669783403867238,30
0,[],17,[],2019-05-03 01:11:25,0.0,0,0,7559066,2019-05-03 01:11:25,btc,0.0,0.0,0,btc,0.0,0.0,0.0,30
1,[],4,[],2019-07-01 03:07:12,218157.06185855,0.00002903,0.000000003230713864,7782760,2019-07-01 03:07:12,btc,3.894826289421323,0.0,0.00002903,btc,58062.34981016,0.49000026,0.194260813632575,31
1,[],21,[],2019-07-01 03:07:13,299980.95707966,0.00003113999999999999662150459989,0.0000000034655332319999993,7782761,2019-07-01 03:07:13,btc,6.084830831482805,160501.35494556,0.0000311399999999999966215045998918498071361682377755641937255859375,btc,154070.85025398,5.02577471,4.3175474173487,31
0,[],2,[],2019-01-20 23:28:43,0.0,0,0,6477009,2019-01-20 23:28:43,,0.0,0.0,0,,0.0,0.0,0.0,32
0,[],4,[],2019-07-01 03:07:14,0.0,0,0,7782762,2019-07-01 03:07:14,,0.0,0.0,0,,0.0,0.0,0.0,33
1,[],12,[],2019-03-30 07:55:10,40641173.964,0.00000003,0.000000000001228359,7108785,2019-03-30 07:55:10,btc,4233210.82356125,0.0,0.00000003,btc,28378394.68333462,0.0126927883965248,0.90752895892,33
0.0000000001133885,[],4,[],2019-07-01 03:07:16,147814011.880478,5.669425e-17,6.3094350493999995e-21,7782763,2019-07-01 03:07:16,ltc,4.5734141803541375,0.0,0.0000005,ltc,167548409.46291184,0.0,6.332972211847124e-10,34
1,[],5,[],2019-07-01 03:07:17,0.0,0,0,7782764,2019-07-01 03:07:17,btc,0.0,0.0,0,btc,0.0,0.0,0.0,34
0.0000000002926451,[],17,[],2019-05-02 18:17:47,200000.0,2.9264510000000002e-18,1.596703856561e-22,7556430,2019-05-02 18:17:47,eth,0.20942468735267253,0.0,0.00000001,"btc,eth",1018272.20243647,0.0,5.852902e-13,36
0.0000000001311821,[],4,[],2019-05-31 13:28:19,2417517744.0607657,1.311821e-18,1.105058333085e-22,7717483,2019-05-31 13:28:19,ltc,5.019900492391546e-08,0.0,0.00000001,ltc,7102398142.262129,0.0,3.171350544531538e-09,36
1,[],5,[],2019-05-31 13:28:21,0.0,0,0,7717484,2019-05-31 13:28:21,btc,0.0,0.0,0,btc,0.0,0.0,0.0,36
0.0000000003108179,[],27,[],2019-05-31 13:30:34,10388811.226876,6.216358000000001e-18,5.236566733830001e-22,7717485,2019-05-31 13:30:34,eth,1569.8708019850988,761866.634299,0.00000002,"ltc,eth",5084024.2511555,4.736034912207001e-12,3.3251980286483705e-11,36
1,[],4,[],2019-06-25 10:05:55,10747826.61931615,0.00000014,0.000000000015920562,7762320,2019-06-25 10:05:55,btc,19773.05513423956,0.0,0.00000014,btc,682946.14349671,0.0006293,0.1362851255028938,37
1,[],12,[],2019-06-25 10:05:57,4167862.54235103,0.00000013,0.000000000014783379,7762321,2019-06-25 10:05:57,btc,7.381091518261743,0.0,0.00000013,btc,1713444.53926904,0.016313049979,0.1478110147956336,37
1,[],27,[],2019-06-25 10:08:02,10970.0,0.00000019,0.000000000021606477,7762322,2019-06-25 10:08:02,btc,22.62970013895233,0.0,0.00000019,btc,4298.824295,0.0,0.00167419,37
1,[],17,[],2019-05-03 01:11:36,211752.74075282,0.00000025,0.000000000013700074999999998,7559074,2019-05-03 01:11:36,btc,0.055484923955058496,0.0,0.00000025,"btc,eth",1387.19918473,0.0,0.0005381851887916605,37
1,[],5,[],2019-07-01 03:07:19,0.0,0,0,7782765,2019-07-01 03:07:19,btc,0.0,0.21959922,0,btc,0.0,0.0,0.0,42
1,[],12,[],2019-07-01 03:07:20,2522681.25396136,0.000001359999999999999896105784720490294859018831630237400531768798828125,0.00000000015135276799999997,7782766,2019-07-01 03:07:20,btc,526.3213762128695,0.0,0.000001359999999999999896105784720490294859018831630237400531768798828125,btc,145025.03261398,0.034018655943,0.06689552006243239,42
1,[],27,[],2019-07-01 03:07:26,10300.0,0.00000003,0.0000000000033386639999999997,7782767,2019-07-01 03:07:26,btc,0.07600425,0.0,0.00000003,"btc,eth",18.0,0.0,0.000306,42
1,[],12,[],2019-03-13 09:13:29,1112112.0,0.00000001,0.000000000000386531,6919902,2019-03-13 09:13:29,btc,29058.00478931866,0.0,0.00000001,btc,5967681.93306694,9.99000999e-07,0.01112112,43
1,[],5,[],2019-04-26 22:38:52,0.0,0,0,7474154,2019-04-26 22:38:52,btc,0.0,0.02638891,0,btc,0.0,0.0,0.0,43
0,[],17,[],2019-04-26 22:38:53,0.0,0,0,7474155,2019-04-26 22:38:53,btc,0.0,0.0,0,btc,0.0,0.0,0.0,43
1,[],12,[],2019-03-05 01:54:08,639326.02,0.00000004,0.000000000001486676,6845775,2019-03-05 01:54:08,btc,11116042.728239931,0.0,0.00000004,btc,1103841.4595604,0.0003330765234764,0.014975410599999999,44
0.0000000001133885,[],4,[],2019-07-01 03:07:27,109695564.1936323,6.349755999999999e-17,7.066567255327999e-21,7782768,2019-07-01 03:07:27,ltc,2762.209336113936,0.0,0.00000056,ltc,26963062.44695519,0.0,5.264187988827776e-10,49
0.0000000001133885,[],4,[],2019-07-01 03:07:28,316890229.17962,2.6079355e-17,2.9023401227239998e-21,7782769,2019-07-01 03:07:28,ltc,28257.76693692221,0.0,0.00000023,ltc,196600734.69826642,0.0,2.071577693290742e-09,52
0,[],22,[],2019-07-01 03:07:32,0.0,0,0,7782770,2019-07-01 03:07:32,,10289.80784133,0.0,0,,287058287.4566013,0.0,0.0,57
0,[],27,[],2019-07-01 03:07:40,0.0,0,0,7782771,2019-07-01 03:07:40,,0.0,0.0,0,"btc,eth",0.0,0.0,0.0,57
0,[],4,[],2019-07-01 03:07:41,0.0,0,0,7782772,2019-07-01 03:07:41,,19.71936519468505,0.0,0,,6081330352.902692,0.0,0.0,58
0,[],12,[],2019-07-01 03:07:42,0.0,0,0,7782773,2019-07-01 03:07:42,btc,654521217.9550719,0.0,0,btc,3471685062.84711,0.000559943954,0.0,58
0.000000000081809,[],22,[],2019-07-01 03:09:45,126877.0,8.1809e-19,9.104425439199999e-23,7782774,2019-07-01 03:09:45,XMR,68.17454206,0.0,0.00000001,XMR,9626402.6,0.0,0.00126877,58
1,[],17,[],2019-05-03 01:12:09,1200000.0,0.0000000001,0.00000000000000548003,7559085,2019-05-03 01:12:09,btc,1e+24,0.0,0.0000000001,"btc,eth",39516342.31952568,0.0,0.00010000000058666061,58
1,[],5,[],2019-06-17 14:31:27,0.0,0,0,7740135,2019-06-17 14:31:27,btc,0.0,0.00079154,0,btc,0.0,0.0,0.0,61
1,[],22,[],2019-06-17 14:31:30,13612.833333333334,0.00000012,0.00000000001114968,7740136,2019-06-17 14:31:30,BTC,1002.29123003,0.0,0.00000012,BTC,15014.200177125656,0.0,0.00153257,61
1,[],26,[],2019-06-17 14:31:30,0.0,0.00000050,0.000000000046457,7740137,2019-06-17 14:31:30,btc,0.0,0.0,0.00000050,btc,0.0,0.0,0.0,61
1,[],27,[],2019-06-17 14:31:36,8400.0,0.00000018,0.00000000001672452,7740138,2019-06-17 14:31:36,btc,1.9742539297246655,0.0,0.00000018,"btc,eth",10953.51663696,0.0,0.001512,61
0,[],28,[],2019-06-17 14:31:38,0.0,0,0,7740139,2019-06-17 14:31:38,,0.0,0.0,0,,0.0,0.0,0.0,61
1,[],4,[],2019-07-01 03:09:47,1757495.05486036,0.00000042,0.000000000046741296,7782775,2019-07-01 03:09:47,btc,3.3113564696202906,0.0,0.00000042,btc,1162219.16322161,0.04021389,0.1075587141278408,67
0.0,[],25,[],2019-07-01 03:09:49,0.0,0,0,7782776,2019-07-01 03:09:49,,0.0,0.0,0.0,btc,0.0,0.0,0.0,67
1,[],12,[],2019-06-02 06:23:14,910048.355,0.00000006,0.000000000005154929999999999,7725270,2019-06-02 06:23:14,btc,5.167005424215783,0.0,0.00000006,btc,738530.60239759,0.003159757462,0.0187188113,71
,[],5,[],2018-11-20 23:02:39,1.5e-07,0.00000005,0.000000000002128045,4862160,2018-11-20 23:02:39,btc,2.84511358,0.0,,btc,0.00036572,0.0,0.07381892,74
1,[],5,[],2019-07-01 03:09:51,0.0,0,0,7782777,2019-07-01 03:09:51,btc,0.0,0.01193336,0,btc,0.0,0.0,0.0,75
1,[],4,[],2019-06-04 03:25:15,715281.46076168,0.00000001,0.000000000000803619,7734085,2019-06-04 03:25:15,btc,581089.6218469425,0.0,0.00000001,btc,37692563.61091116,0.0,0.0071528146076168,81
0,[],20,[],2019-01-25 09:30:31,0.0,0,0,6495923,2019-01-25 09:30:31,btc,0.0,0.0,0,btc,0.0,0.0,0.0,81
1,[],4,[],2019-07-01 03:09:52,185447.21980986,0.00006230,0.00000000693329224,7782778,2019-07-01 03:09:52,btc,59.17678592352134,0.0,0.00006230,btc,129183.81463261,0.21706717,0.281828755802428,82
1,[],21,[],2019-07-01 03:09:53,325804.68506783,0.00006902999999999999468456440832,0.000000007682265863999999,7782779,2019-07-01 03:09:53,btc,4.2561486432908024,3814.32243416,0.000069029999999999994684564408320426309728645719587802886962890625,btc,43988.12575568,0.26554226,3.522683259606629,82
0,[],17,[],2019-03-25 22:42:34,0.0,0,0,7038780,2019-03-25 22:42:34,btc,0.0445064681804024,0.0,0,btc,995513.18476001,0.0,0.0,84
0.0000000001161485,[],4,[],2019-05-20 13:09:39,216715621.0206096,1.161485e-18,9.0533806701e-23,7657228,2019-05-20 13:09:39,ltc,1.6511566870244727,0.0,0.00000001,ltc,471032407.9048656,0.0,2.5171194308112273e-10,85
,[],22,[],2018-11-20 23:09:34,3408.1,0.0000001,0.0000000000041895,4862324,2018-11-20 23:09:34,BTC,0.04624735,0.0,,BTC,4990.0,0.0,0.00033081,86
1,[],22,[],2019-06-26 09:07:19,62694.0,0.00000005,0.0000000000063518149999999994,7766682,2019-06-26 09:07:19,BTC,1.85249053,0.0,0.00000005,BTC,287024.94736842107,0.0003,0.00062846,87
1,[],27,[],2019-06-26 09:07:25,361781.0,0.0000002,0.000000000025407259999999998,7766683,2019-06-26 09:07:25,btc,19.86923154858,99950.0,0.0000002,btc,548343.482,0.01999,0.01237888,87
,[],2,[],2018-11-20 23:10:47,0.0,0,0,4862359,2018-11-20 23:10:47,,0.0,0.0,,,0.0,0.0,0.0,88
1,[],11,[],2019-06-17 14:31:59,193715.3529613,0.000073310000000000001140094962881477158589405007660388946533203125,0.00000000681152534,7740147,2019-06-17 14:31:59,btc,168.35454702024953,5791.70569014,0.000073310000000000001140094962881477158589405007660388946533203125,btc,196971.41170107,0.0,1.1996165759440112,89
0,[],2,[],2019-01-20 23:31:45,0.0,0,0,6477083,2019-01-20 23:31:45,,0.0,0.0,0,,0.0,0.0,0.0,91
1,[],12,[],2019-07-01 03:09:55,396930.17672362,0.00000027,0.000000000030047976,7782780,2019-07-01 03:09:55,btc,122.14883499465229,0.0,0.00000027,btc,294056.97528392,0.000193440558,0.0256848129538392,91
1,[],22,[],2019-07-01 03:11:59,75900.0,0.00000001,0.000000000001112888,7782781,2019-07-01 03:11:59,BTC,0.495,0.0,0.00000001,"BTC,LTC",4.95,0.0,0.001659,91
0,[],17,[],2019-05-03 01:12:26,0.0,0,0,7559096,2019-05-03 01:12:26,btc,0.0,0.0,0,btc,0.0,0.0,0.0,91
1,[],22,[],2019-07-01 03:12:03,94060.0,0.00000002,0.000000000002225776,7782782,2019-07-01 03:12:03,BTC,11.46030174,0.0,0.00000002,"BTC,LTC",337739.4683191416,0.0,0.0662712,95
0.0000000001133885,[],4,[],2019-07-01 03:12:04,537835460.8799856,2.8347125e-17,3.1547175246999997e-21,7782783,2019-07-01 03:12:04,ltc,10.917322916032555,0.0,0.00000025,ltc,154388718.31137526,0.0,7.536449017044653e-10,96
0,[],12,[],2019-07-01 03:12:05,0.0,0,0,7782784,2019-07-01 03:12:05,btc,36.53970342649351,0.0,0,btc,9957600.649350641,0.0,0.0,96
0,[],17,[],2019-05-03 01:12:32,0.0,0,0,7559100,2019-05-03 01:12:32,btc,0.0,0.0,0,btc,0.0,0.0,0.0,96
1,[],4,[],2019-04-14 03:32:46,1039404.33283278,0.00000038,0.000000000019245518,7293458,2019-04-14 03:32:46,btc,4.170086055365747,0.0,0.00000038,btc,3097704.34561074,0.06260606,0.1859928211030784,99
0,[],2,[],2019-01-20 23:23:55,0.0,0,0,6476914,2019-01-20 23:23:55,,0.0,0.0,0,,0.0,0.0,0.0,100
1,[],4,[],2019-07-01 03:14:06,186790.5646427,0.00001442,0.000000001604784496,7782785,2019-07-01 03:14:06,btc,8.27182382988308,0.0,0.00001442,btc,164037.78602843,0.20751405,0.5149361442419683,100
1,[],22,[],2019-06-05 06:30:35,150000.0,0.00000002,0.000000000001558192,7740007,2019-06-05 06:30:35,BTC,28.56386409,0.0,0.00000002,BTC,12787.719,0.0,0.0017,101
1,[],4,[],2019-07-01 03:14:07,528714.92110893,0.00000148,0.00000000016470742399999998,7782786,2019-07-01 03:14:07,btc,882.5781363905718,0.0,0.00000148,btc,742546.44510625,0.01100641,0.074700042407562,103
1,[],12,[],2019-06-17 14:32:14,179201505.10870332,0.000000005,0.00000000000046457,7740154,2019-06-17 14:32:14,btc,113577.79366343976,0.0,0.000000005,btc,79148141.67831126,0.019059029059,0.27280986350611003,105
1,[],27,[],2019-06-17 14:32:19,18306828.03496503,0.00000002,0.00000000000185828,7740155,2019-06-17 14:32:19,btc,180.7198218385489,1083.96503497,0.00000002,btc,276513.60142659,7.588e-05,0.3661365606993006,105
1,[],22,[],2019-04-21 00:17:26,21333.0,0.00000001,0.000000000000532493,7385819,2019-04-21 00:17:26,BTC,51.38182867,0.0,0.00000001,BTC,470435.0,0.0,0.00021333,107
1,[],26,[],2019-04-21 00:17:26,0.0,0.00000000,0,7385820,2019-04-21 00:17:26,btc,0.0,0.0,0.00000000,btc,0.0,0.0,0.0,107
1,[],5,[],2019-07-01 03:14:10,0.0,0,0,7782787,2019-07-01 03:14:10,btc,0.0,0.0125249,0,btc,0.0,0.0,0.0,112
0,[],22,[],2019-07-01 03:14:13,0.0,0,0,7782788,2019-07-01 03:14:13,,6.79500102,0.0,0,,3375892.0833333335,0.0,0.0,112
1,[],27,[],2019-07-01 03:14:19,1.0,0.00000001,0.000000000001112888,7782789,2019-07-01 03:14:19,btc,0.0,0.0,0.00000001,"btc,eth",0.0,0.0,1e-08,112
1,[],4,[],2019-07-01 03:14:21,1078077.73272532,0.00000032,0.000000000035612416,7782790,2019-07-01 03:14:21,btc,6.549652803413027,0.0,0.00000032,btc,1010181.64724203,0.00139673,0.1340525783520004,113
1,[],5,[],2019-07-01 03:14:22,0.0,0,0,7782791,2019-07-01 03:14:22,btc,0.0,0.0,0,btc,0.0,0.0,0.0,113
1,[],17,[],2019-04-26 02:17:47,162738.278,0.00000004,0.0000000000021069000000000002,7461287,2019-04-26 02:17:47,btc,1.3331140273775473,0.0,0.00000004,btc,51796.221,0.0,0.00230953112,116
1,[],27,[],2019-05-22 05:13:01,210000.0,0.00000001,0.00000000000079145,7666372,2019-05-22 05:13:01,btc,3919.0005001478,0.0,0.00000001,btc,128660.871,0.0,0.0021,116
1,[],4,[],2019-05-21 22:31:11,138169.03963019,0.00000701,0.000000000558364025,7664793,2019-05-21 22:31:11,btc,150.95388250938234,0.0,0.00000701,btc,344631.17141974,0.07552974,0.4288357684941946,120
1,[],7,[],2019-05-21 22:31:12,3901.07750076,0.000010679999999999999389654892212320191902108490467071533203125,0.0000000008506887,7664794,2019-05-21 22:31:12,btc,231188.94669936574,0.0,0.000010679999999999999389654892212320191902108490467071533203125,btc,4133.83151364,0.0,0.0113888422364489,120
1,[],20,[],2019-04-07 18:42:29,1914137.0852,0.000000035,0.0000000000017871910000000002,7211992,2019-04-07 18:42:29,btc,32.2497668025648,25528.85,0.000000035,btc,1001975.4986,0.00089350975,0.0152723574729,125
1,[],22,[],2019-06-17 14:32:38,10000.0,0.00000001,0.00000000000092914,7740161,2019-06-17 14:32:38,BTC,0.032061,0.0,0.00000001,BTC,299316.7611111111,0.0,0.0001,126
1,[],4,[],2019-07-01 03:14:23,590780.17253387,0.00000336,0.000000000373930368,7782792,2019-07-01 03:14:23,btc,2.852088100713846,0.0,0.00000336,btc,192094.70694014,0.09073475,0.5628012068176699,131
0,[],2,[],2019-01-20 23:25:46,0.0,0,0,6476969,2019-01-20 23:25:46,,0.0,0.0,0,,0.0,0.0,0.0,131
1,[],17,[],2019-05-03 01:13:10,10000.0,0.00000001,0.000000000000548003,7559115,2019-05-03 01:13:10,btc,0.0953976503951408,0.0,0.00000001,btc,5037.62507334,0.0,0.0001,131
1,[],4,[],2019-06-17 14:32:42,4848.49465417,0.00007919,0.00000000735785966,7740163,2019-06-17 14:32:42,btc,0.9905723729472744,0.0,0.00007919,btc,202.13055914,0.0,0.0061509344290166,135
1,[],3,[],2019-06-05 06:33:11,40600.27748212,0.00000001,0.000000000000779096,7740019,2019-06-05 06:33:11,btc,0.2308097808993716,2146378.52189,0.00000001,btc,2477992.76904676,0.0,0.0004060027748212,136
1,[],4,[],2019-07-01 03:16:25,204925.20172568,0.00000134,0.000000000149126992,7782793,2019-07-01 03:16:25,btc,112.52900165488566,0.0,0.00000134,btc,518238.62857602,0.01115429,0.1931684217790447,137
1,[],12,[],2019-07-01 03:16:27,66715.75855268,0.000001410000000000000052661867921965921368609997443854808807373046875,0.000000000156917208,7782794,2019-07-01 03:16:27,btc,57.90187195926126,0.0,0.000001410000000000000052661867921965921368609997443854808807373046875,btc,81858.41598678,0.002298144916,0.0135109699999411,137
1,[],4,[],2019-07-01 03:16:27,407249.61016912,0.00000904,0.000000001006050752,7782795,2019-07-01 03:16:27,btc,3.4602886601993643,0.0,0.00000904,btc,136818.73393185,0.04844826,0.2659842855710564,142
1,[],5,[],2019-07-01 03:16:29,0.0,0,0,7782796,2019-07-01 03:16:29,btc,0.0,0.00238365,0,btc,0.0,0.0,0.0,142
1,[],20,[],2019-07-01 03:18:31,112947.1528,0.000010133,0.0000000011276894103999999,7782797,2019-07-01 03:18:31,btc,1.5672807920627,870.7029,0.000010133,btc,9858.0353,0.012047385764,0.006271372837,142
1,[],22,[],2019-07-01 03:18:34,10820.0,0.00000600,0.0000000006677328,7782798,2019-07-01 03:18:34,BTC,2.99759384,0.0,0.00000600,BTC,835.7198755539798,0.0,0.0053672,142
0.0,[],25,[],2019-07-01 03:18:36,0.0,0,0,7782799,2019-07-01 03:18:36,,0.0,0.0,0.0,btc,0.0,0.0,0.0,142
1,[],28,[],2019-07-01 03:19:03,76110.0,0.00001110,0.00000000123530568,7782800,2019-07-01 03:19:03,btc,0.438587390411,4427.0,0.00001110,btc,1381.1951,0.0,0.0042182,142
1,[],17,[],2019-05-03 01:13:16,32967.38636364,0.00000088,0.000000000048224264,7559122,2019-05-03 01:13:16,btc,20.06976206696776,0.0,0.00000088,btc,2746.079105,0.0,0.0105613000000032,142
0,[],22,[],2019-07-01 03:19:06,0.0,0,0,7782801,2019-07-01 03:19:06,,1635.49920992,0.0,0,,707007055.1744589,0.0,0.0,143
0,[],22,[],2019-02-25 15:42:22,0.0,0,0,6783783,2019-02-25 15:42:22,,4.2131946,0.0,0,,2322156.0,0.0,0.0,146
,[],22,[],2018-11-20 23:01:11,0.0,0,0,4862114,2018-11-20 23:01:11,,2.56807021,0.0,,,61828.4988236,0.0,0.0,147
1,[],12,[],2019-04-21 06:38:04,193091.5971266,0.00000071,0.000000000037635183,7388679,2019-04-21 06:38:04,btc,2.301232411611175,0.0,0.00000071,btc,9957.48302385,0.00023528,0.0313308199999888,148
1,[],4,[],2019-03-19 21:31:25,255810.0415942,0.00000029,0.000000000011615747,6982695,2019-03-19 21:31:25,btc,218.94922712414143,0.0,0.00000029,btc,793529.37642722,0.00117,0.0608347789473395,152
0,[],22,[],2019-03-19 21:31:27,0.0,0,0,6982696,2019-03-19 21:31:27,,0.0,0.0,0,,0.0,0.0,0.0,152
1,[],5,[],2019-04-26 09:36:59,0.0,0,0,7465040,2019-04-26 09:36:59,btc,0.0,0.0,0,btc,0.0,0.0,0.0,153
,[],16,[],2019-01-11 15:38:59,0.0,0,0,6366141,2019-01-11 15:38:59,btc,0.0,0.0,,btc,0.0,0.0,0.0,155
0,[],23,[],2019-01-20 23:24:29,0.0,0,0,6476932,2019-01-20 23:24:29,,0.0,0.0,0,,0.0,0.0,0.0,156
0,[],22,[],2019-06-04 06:02:09,0.0,0,0,7734688,2019-06-04 06:02:09,,7.43375324,0.0,0,,5955762.942592593,0.0,0.0,156
1,[],22,[],2019-07-01 03:19:10,6996.0,0.00000001,0.000000000001112888,7782802,2019-07-01 03:19:10,BTC,1.7543039,0.0,0.00000001,BTC,57.0,0.0,6.996e-05,157
0,[],22,[],2019-05-21 23:40:32,0.0,0,0,7665049,2019-05-21 23:40:32,,50234.60468402,0.0,0,,54786159.03179465,0.0,0.0,158
,[],17,[],2018-11-20 22:56:10,0.0,0,0,4861976,2018-11-20 22:56:10,btc,1.1265625,0.0,,btc,1000.0,0.0,0.0,159
,[],20,[],2018-11-20 22:56:12,0.0,0,0,4861977,2018-11-20 22:56:12,btc,11912.7940471,0.0,,btc,34413894.3617,0.0,0.0,159
1,[],12,[],2019-05-24 02:51:20,9178.522006449999,0.00000191999999999999982841307998027158276954651228152215480804443359375,0.000000000151222656,7676256,2019-05-24 02:51:20,btc,149.80414728631675,0.0,0.00000191999999999999982841307998027158276954651228152215480804443359375,btc,1115.7451448499999,0.01783167678326,0.0120075778999181,168
1,[],17,[],2019-05-03 01:13:36,42852.0,0.00000002,0.000000000001096006,7559132,2019-05-03 01:13:36,btc,0.04279856251542,0.0,0.00000002,btc,274.46171372,0.0,0.00052852,168
1,[],22,[],2019-05-17 03:01:52,10.0,0.00000001,0.000000000000778341,7642059,2019-05-17 03:01:52,BTC,41.95893009,0.0,0.00000001,BTC,1753972.7737547632,0.0,1e-07,169
1,[],22,[],2019-05-30 08:38:18,202834.0,0.00000002,0.0000000000017416160000000001,7711049,2019-05-30 08:38:18,BTC,27.87002826,0.0,0.00000002,BTC,462189.5410507793,0.0,0.00211768,171
1,[],22,[],2019-05-29 08:05:18,349870.0,0.00000002,0.000000000001705894,7705265,2019-05-29 08:05:18,BTC,24.05907723,0.0,0.00000002,"BTC,LTC",1224285.4355616204,0.0,0.0039847,173
1,[],5,[],2019-07-01 02:19:10,0.0,0,0,7782685,2019-07-01 02:19:10,btc,0.0,0.0037489,0,btc,0.0,0.0,0.0,175
1,[],22,[],2019-06-17 14:33:12,90671.0,0.00000001,0.00000000000092914,7740175,2019-06-17 14:33:12,BTC,394.35459412,0.0,0.00000001,BTC,136275.61833431243,0.0,0.00090671,176
1,[],7,[],2019-07-01 03:19:12,0.0,0,0,7782803,2019-07-01 03:19:12,btc,521516.2326888725,0.0,0,btc,26809253.73522063,0.0,0.0,178
1,[],22,[],2019-07-01 03:19:15,30.0,0.00000001,0.000000000001112888,7782804,2019-07-01 03:19:15,BTC,1.00242428,0.0,0.00000001,BTC,57512.0,0.0,3e-07,178
0,[],2,[],2019-01-20 23:28:34,0.0,0,0,6477001,2019-01-20 23:28:34,,0.0,0.0,0,,0.0,0.0,0.0,178
1,[],5,[],2019-07-01 03:19:16,0.0,0,0,7782805,2019-07-01 03:19:16,btc,0.0,0.00054696,0,btc,0.0,0.0,0.0,179
0,[],22,[],2019-07-01 03:19:19,0.0,0,0,7782806,2019-07-01 03:19:19,,9.36129742,0.0,0,,14660694.311946675,0.0,0.0,179
0,[],23,[],2019-01-20 23:25:08,0.0,0,0,6476952,2019-01-20 23:25:08,,0.0,0.0,0,,0.0,0.0,0.0,179
1,[],22,[],2019-07-01 03:21:23,710006.8336609337,0.00000037,0.000000000041176855999999995,7782807,2019-07-01 03:21:23,BTC,40.64497293,0.0,0.00000037,"BTC,LTC",198397.311571008,0.00338502,0.57807067,180
1,[],26,[],2019-07-01 03:21:23,0.0,0.00000010,0.00000000001112888,7782808,2019-07-01 03:21:23,btc,0.0,0.0,0.00000010,btc,0.0,0.0,0.0,180
1,[],17,[],2019-05-03 01:13:56,20504.725000000002,0.0000001,0.00000000000548003,7559141,2019-05-03 01:13:56,btc,5.2010695838400265,0.0,0.0000001,btc,5033.45945,0.0,0.0011504725,180
,[],7,[],2018-11-20 22:58:01,562227.975654,0.00000085,0.000000000036176765,4862015,2018-11-20 22:58:01,btc,21836.6059674,2491.87645172,,btc,749999.041456,0.00211021,0.127565380455,183
,[],5,[],2019-01-10 08:11:41,0.0,0,0,6347036,2019-01-10 08:11:41,btc,82.15055501,0.00261,,btc,1.19002445,0.0,0.0,187
,[],17,[],2018-11-16 20:58:10,4062536.27273,0.00000001,0.000000000000550501,4708775,2018-11-16 20:58:10,btc,3.36492563466,0.195460381006,,"btc,eth",110697919.549,0.0,0.0157628953496,187
1,[],24,[],2019-05-22 21:04:52,0.0,0.000000000014,0.0000000000000010960978,7670219,2019-05-22 21:04:52,btc,0.0,0.0,0.000000000014,btc,0.0,0.0,0.0,187
0,[],22,[],2019-04-25 02:54:07,0.0,0,0,7447896,2019-04-25 02:54:07,,7.54794454,0.0,0,,76361.7243344055,0.0,0.0,191
0,[],22,[],2019-06-17 14:33:34,0.0,0,0,7740182,2019-06-17 14:33:34,,0.0,0.0,0,,0.0,0.0,0.0,197
0,[],23,[],2019-01-20 23:31:41,0.0,0,0,6477079,2019-01-20 23:31:41,,0.0,0.0,0,,0.0,0.0,0.0,199
0,[],22,[],2019-07-01 02:21:26,0.0,0,0,7782692,2019-07-01 02:21:26,,10.58263174,0.0,0,,84280969.0,0.0,0.0,199
1,[],26,[],2019-07-01 02:21:26,0.0,0.00000000,0,7782693,2019-07-01 02:21:26,btc,0.0,0.0,0.00000000,btc,0.0,0.0,0.0,199
0,[],2,[],2019-01-20 23:30:49,0.0,0,0,6477059,2019-01-20 23:30:49,,0.0,0.0,0,,0.0,0.0,0.0,201
1,[],4,[],2019-01-25 15:51:35,2084389.58565343,0.00000936,0.000000000333526752,6499557,2019-01-25 15:51:35,btc,2.0092503037378524,0.0,0.00000936,btc,160195.80207885,0.19272417,1.242687955921835,211
1,[],7,[],2019-07-01 02:21:28,1170054124.6898527,0.00000018,0.000000000019815389999999997,7782694,2019-07-01 02:21:28,btc,1346735.6331920293,0.0,0.00000018,btc,5516233.71348162,0.0,11.954344045954047,212
1,[],12,[],2019-01-25 02:44:32,207462.42853209,0.000001080000000000000035831255497387193287295303889550268650054931640625,0.000000000038610756000000006,6493050,2019-01-25 02:44:32,btc,85023.03793723314,0.0,0.000001080000000000000035831255497387193287295303889550268650054931640625,btc,43675.73520027,0.000146250909087,0.0348620860622024,213
1,[],5,[],2019-05-30 00:07:46,0.0,0,0,7709357,2019-05-30 00:07:46,btc,0.0,0.06425239,0,btc,0.0,0.0,0.0,213
1,[],24,[],2019-05-30 00:07:46,0.0,0.000000399202,0.0000000000344859829346,7709358,2019-05-30 00:07:46,btc,0.0,0.0,0.000000399202,btc,0.0,0.0,0.0,213
1,[],26,[],2019-05-30 00:07:47,0.0,0.00000040,0.000000000034554919999999996,7709359,2019-05-30 00:07:47,btc,0.0,0.0,0.00000040,btc,0.0,0.0,0.0,213
0,[],22,[],2019-07-01 02:21:31,0.0,0,0,7782695,2019-07-01 02:21:31,,9.54523049,0.0,0,,3658586.2040649247,0.0,0.0,216
0,[],27,[],2019-07-01 02:21:38,0.0,0,0,7782696,2019-07-01 02:21:38,,1998.7079838093975,22.0,0,"btc,ltc",514928.29534794,2.2384700844000002e-14,0.0,216
1,[],22,[],2019-07-01 02:21:41,1028047.1904761905,0.00000021,0.000000000023117955,7782697,2019-07-01 02:21:41,BTC,12055.86400463,0.0,0.00000021,BTC,588625.9363606856,0.00158304,0.04746528,217
1,[],7,[],2019-06-27 19:02:35,0.0,0,0,7772298,2019-06-27 19:02:35,btc,2123800.2774640615,0.0,0,btc,82333746.4752352,0.0,0.0,219
0,[],27,[],2019-07-01 03:21:32,0.0,0,0,7782809,2019-07-01 03:21:32,,250.21442758069674,0.0,0,btc,146772.535837,0.0,0.0,219
0.000000000000003038,[],28,[],2019-07-01 03:21:47,3312820234.054,6.859804e-19,7.634193553952e-23,7782810,2019-07-01 03:21:47,doge,125846.04510800431,6998.0,0.00022580,"btc,doge",120666781.230909,0.0,2.6615570468100797e-11,219
0,[],22,[],2019-06-26 23:36:41,0.0,0,0,7769178,2019-06-26 23:36:41,,56.75439223,0.0,0,,184664.6482738741,0.0,0.0,221
1,[],24,[],2019-06-26 23:36:41,0.0,0.000000030000,0.000000000003835668,7769179,2019-06-26 23:36:41,btc,0.0,0.0,0.000000030000,btc,0.0,0.0,0.0,221
1,[],20,[],2019-06-17 14:34:11,26882155.8301,0.000000003,0.000000000000278742,7740192,2019-06-17 14:34:11,btc,100050.81956632523,233521.3529,0.000000003,btc,38769742.8604,0.0007925640587,0.0306863532672,224
0,[],22,[],2019-06-17 14:34:13,0.0,0,0,7740193,2019-06-17 14:34:13,,0.0,0.0,0,,0.0,0.0,0.0,224
1,[],26,[],2019-07-01 02:21:49,0.0,0.00000022,0.00000000002421881,7782700,2019-07-01 02:21:49,btc,0.0,0.0,0.00000022,btc,0.0,0.0,0.0,231
1,[],26,[],2019-07-01 02:21:49,0.0,0.00000005,0.0000000000055042749999999996,7782701,2019-07-01 02:21:49,btc,0.0,0.0,0.00000005,btc,0.0,0.0,0.0,234
0.0000000002693034,[],27,[],2019-07-01 02:21:55,100.0,2.6930340000000002e-18,2.96463994407e-22,7782702,2019-07-01 02:21:55,eth,0.0,0.0,0.00000001,"btc,eth",0.0,0.0,2.693034e-16,234
1,[],4,[],2019-05-22 17:06:12,91780.56053785,0.00000078,0.000000000061977552,7669277,2019-05-22 17:06:12,btc,5.573372450018177,0.0,0.00000078,btc,729173.93529783,0.0,0.0307060663355679,236
1,[],24,[],2019-05-22 17:06:12,0.0,0.000000010000,0.000000000000794584,7669278,2019-05-22 17:06:12,btc,0.0,0.0,0.000000010000,btc,0.0,0.0,0.0,236
1,[],5,[],2019-07-01 02:21:56,0.0,0,0,7782703,2019-07-01 02:21:56,btc,0.0,0.85051361,0,btc,0.0,0.0,0.0,237
1,[],20,[],2019-07-01 02:21:58,118168852.9309,0.000000059,0.0000000000064950445,7782704,2019-07-01 02:21:58,btc,549.1301137706942,14811141.2203,0.000000059,btc,42436511.6526,0.8896037277316,0.5955366661665,237
1,[],22,[],2019-07-01 02:22:02,2084614.0,0.00000004,0.00000000000440342,7782705,2019-07-01 02:22:02,BTC,1.20112178,0.0,0.00000004,"BTC,LTC",14506.148717948718,0.0,0.02587451,237
1,[],4,[],2019-07-01 02:22:03,24952992.28730486,0.00000005,0.0000000000055042749999999996,7782706,2019-07-01 02:22:03,btc,2.7210838607406433,0.0,0.00000005,btc,11297968.15192875,0.04769696,0.4485024572369092,238
1,[],5,[],2019-07-01 02:22:05,0.0,0,0,7782707,2019-07-01 02:22:05,btc,0.0,0.00109141,0,btc,0.0,0.0,0.0,238
0,[],22,[],2019-03-12 16:49:32,0.0,0,0,6914458,2019-03-12 16:49:32,,0.40415746,0.0,0,,526736.5639027493,0.0,0.0,249
0,[],22,[],2019-05-28 23:53:45,0.0,0,0,7703643,2019-05-28 23:53:45,,13.44714864,0.0,0,,43777534.3426455,0.0,0.0,252
1,[],28,[],2019-07-01 02:22:07,1008604.859,0.00000005,0.0000000000055042749999999996,7782708,2019-07-01 02:22:07,btc,3.527317260566,131404.2,0.00000005,btc,4944621.6832,0.0,0.03224743795,256
1,[],22,[],2019-07-01 03:21:51,501544.0,0.00000001,0.000000000001112888,7782811,2019-07-01 03:21:51,BTC,31471.48537874,0.0,0.00000001,"BTC,LTC",1164536.0289488921,0.0002108,0.00741544,258
1,[],22,[],2019-05-19 18:12:02,400.0,0.00000001,0.0000000000007957800000000001,7653905,2019-05-19 18:12:02,BTC,2.415167,0.0,0.00000001,BTC,157.0,0.0,4e-06,259
1,[],5,[],2019-07-01 02:22:14,0.0,0,0,7782710,2019-07-01 02:22:14,btc,0.0,0.02271126,0,btc,0.0,0.0,0.0,264
1,[],20,[],2019-07-01 02:22:16,951472.7884,0.000000178,0.000000000019595219,7782711,2019-07-01 02:22:16,btc,1.1507523995024,7431.6739,0.000000178,btc,65015.5225,0.0023003325972,0.0049363256968,264
0,[],22,[],2019-04-12 17:57:27,0.0,0,0,7278186,2019-04-12 17:57:27,,66.37522201,0.0,0,,677842.4169881374,0.0,0.0,271
0,[],22,[],2019-07-01 02:22:19,0.0,0,0,7782712,2019-07-01 02:22:19,,33050469.74148113,0.0,0,,14261527780.7,0.0,0.0,272
0.0000000000000029569999999999997,[],28,[],2019-07-01 02:22:21,378691011766.298,4.7312e-22,5.208365175999999e-26,7782713,2019-07-01 02:22:21,doge,282946047.16493136,5998419236.243,0.00000016,doge,317128114653.3654,0.0,1.0070238104898928e-10,272
1,[],22,[],2019-05-23 07:12:29,219930.0,0.00000004,0.000000000003048688,7671985,2019-05-23 07:12:29,BTC,426.77835217,0.0,0.00000004,BTC,248664.3325962929,0.0,0.00739728,281
1,[],22,[],2019-07-01 02:22:25,65293.9,0.00000001,0.000000000001100855,7782714,2019-07-01 02:22:25,BTC,7.83764196,0.0,0.00000001,"BTC,LTC",1107475.2660440896,0.00020887,0.0038446,286
0,[],22,[],2019-06-17 14:34:53,0.0,0,0,7740207,2019-06-17 14:34:53,,7337915.80475575,0.0,0,,2078527309.6797826,0.0,0.0,294
