pairValue,buyBook,exchangeId,sellBook,updated,buyTotal,satoshiPrice,usdPrice,exchangeLogId,created,bestPair,sellTotalBtc,volume,pairPrice,activePairs,sellTotal,volumeBtc,buyTotalBtc,coinId
1,[],3,[],2019-06-04 02:05:44,62.430353291986,0.01069460000000000028663738049772291560657322406768798828125,0.00000085597760318,7733860,2019-06-04 02:05:44,btc,0.24833377160039882,41.3886185165,0.01069460000000000028663738049772291560657322406768798828125,btc,12.596961460017,0.0,0.22367321265653387,1
1,[],4,[],2019-06-04 02:05:45,207669.43305882,0.01060965,0.000000849178349595,7733861,2019-06-04 02:05:45,btc,8.022990430800595,0.0,0.01060965,btc,337.37201257,1.35774396,0.5191666894044549,1
1,[],5,[],2019-06-04 02:05:48,0.0,0,0,7733862,2019-06-04 02:05:48,btc,0.0,0.03520068,0,btc,0.0,0.0,0.0,1
1,[],10,[],2019-06-04 02:05:50,312417.26028167,0.00640876,0.000000512946255508,7733863,2019-06-04 02:05:50,btc,6519.536905624923,1542.27193462,0.00640876,btc,1200.73553595,0.0,2.5846535352609585,1
1,[],12,[],2019-06-04 02:05:52,73.41772136,0.01091999999999999915178960918638040311634540557861328125,0.000000874018236,7733864,2019-06-04 02:05:52,btc,0.1336181488562,0.0,0.01091999999999999915178960918638040311634540557861328125,btc,11.45072425,0.191477533115,0.2726773355504,1
1,[],20,[],2019-06-04 02:05:54,933.8104,0.00920886,0.000000737061499338,7733865,2019-06-04 02:05:54,btc,0.2203240377893,0.3866,0.00920886,btc,17.0635,0.0040172518674,0.0983966187201,1
1,[],21,[],2019-06-04 02:05:57,2282.73149666,0.01093676000000000023137936012,0.000000875359677908,7733866,2019-06-04 02:05:57,btc,10.528485882188399,5104.505253,0.0109367600000000002313793601160796242766082286834716796875,"btc,eth",1400.91478789,52.104644099548665,17.96591047986601,1
1,[],22,[],2019-06-04 02:06:01,0.0025666666666666667,0.00900000,0.0000007203447000000001,7733867,2019-06-04 02:06:01,BTC,0.31629903,0.0,0.00900000,BTC,0.2505752479991019,0.0,2.31e-05,1
1,[],24,[],2019-06-04 02:06:01,0.0,0.000000000000,0,7733868,2019-06-04 02:06:01,btc,0.0,0.0,0.000000000000,btc,0.0,0.0,0.0,1
0.0,[],25,[],2019-06-04 02:06:02,0.0,0,0,7733869,2019-06-04 02:06:02,btc,13.49999999955052,3002.22065575,0.0,btc,1214.4463295,33.15,0.0,1
1,[],26,[],2019-06-04 02:06:11,0.0,0,0,7733870,2019-06-04 02:06:11,,0.0,0.0,0,,0.0,0.0,0.0,1
0,[],28,[],2019-06-04 02:07:21,0.0,0,0,7733871,2019-06-04 02:07:21,,0.0,341128.842,0,,0.0,0.0,0.0,1
0,[],2,[],2019-01-20 23:28:45,0.0,0,0,6477011,2019-01-20 23:28:45,,0.0,0.0,0,,0.0,0.0,0.0,1
1,[],5,[],2019-06-04 02:07:22,0.0,0,0,7733872,2019-06-04 02:07:22,btc,0.0,0.00667308,0,btc,0.0,0.0,0.0,2
1,[],22,[],2019-06-04 02:07:27,11638.0,0.0000002,0.00000000001600766,7733873,2019-06-04 02:07:27,BTC,21.00897301,0.0,0.0000002,"BTC,XMR",20678.87287795317,0.0,0.00145435,2
1,[],5,[],2019-06-03 14:48:58,0.0,0,0,7731126,2019-06-03 14:48:58,btc,0.0,0.05905545,0,btc,0.0,0.0,0.0,3
1,[],12,[],2019-06-03 14:48:59,3468623.70302,0.000000116,0.000000000009823402000000002,7731127,2019-06-03 14:48:59,btc,169531.0336573751,0.0,0.000000116,btc,2361209.62379607,0.041350953071,0.33764769154428,3
0,[],28,[],2019-06-03 14:49:00,0.0,0,0,7731128,2019-06-03 14:49:00,,0.0,0.0,0,,0.0,0.0,0.0,3
0,[],2,[],2019-01-20 23:31:32,0.0,0,0,6477077,2019-01-20 23:31:32,,0.0,0.0,0,,0.0,0.0,0.0,4
1,[],4,[],2019-05-18 21:29:50,562734.9206932,0.00000010,0.000000000007298720000000001,7650946,2019-05-18 21:29:50,btc,41.9347137769675,0.0,0.00000010,btc,1123702.32192634,0.00052462,0.029254593370966,4
0,[],12,[],2019-06-02 05:03:43,0.0,0,0,7724919,2019-06-02 05:03:43,btc,625.901992874995,0.0,0,btc,1211362.4995005,0.0,0.0,5
0,[],2,[],2019-01-20 23:31:51,0.0,0,0,6477087,2019-01-20 23:31:51,,0.0,0.0,0,,0.0,0.0,0.0,6
1,[],11,[],2019-06-04 02:07:31,9443414.276736,0.00000002,0.000000000001600766,7733874,2019-06-04 02:07:31,btc,9582.822012312145,1676233.0,0.00000002,btc,67393503.19260395,0.0,0.13935154276736,6
1,[],3,[],2019-06-04 02:07:32,1018.297206010686,0.00008909000000000000252242671194835565984249114990234375,0.000000007130612147,7733875,2019-06-04 02:07:32,btc,0.9236350919422572,362.378178169,0.00008909000000000000252242671194835565984249114990234375,btc,341.771942274997,0.0,0.023845013951245744,7
1,[],4,[],2019-06-04 02:07:33,319976.50259809,0.00008300,0.0000000066431789,7733876,2019-06-04 02:07:33,btc,8.993894992125874,0.0,0.00008300,btc,59628.37946583,1.77186155,1.7925407791026793,7
1,[],5,[],2019-06-04 02:07:34,0.0,0,0,7733877,2019-06-04 02:07:34,btc,0.0,0.2153028,0,btc,0.0,0.0,0.0,7
1,[],20,[],2019-04-07 22:06:50,3201475.0482,0.000000001,0.000000000000051590000000000004,7213932,2019-04-07 22:06:50,btc,30.8005781811902,0.0,0.000000001,btc,23077405.3926,0.0,0.0032014750482,8
0,[],2,[],2019-01-20 23:22:42,0.0,0,0,6476876,2019-01-20 23:22:42,,0.0,0.0,0,,0.0,0.0,0.0,9
0,[],23,[],2019-01-20 23:22:48,0.0,0,0,6476878,2019-01-20 23:22:48,,0.0,0.0,0,,0.0,0.0,0.0,9
1,[],4,[],2019-06-04 02:07:38,2063005.60211172,0.00000046,0.000000000036817618000000003,7733878,2019-06-04 02:07:38,btc,3.1895730398932693,0.0,0.00000046,btc,3109202.07986376,0.55253443,0.3524930182800256,9
0,[],28,[],2019-06-04 02:07:53,0.0,0,0,7733879,2019-06-04 02:07:53,,0.0,3133959.0,0,,0.0,0.0,0.0,9
1,[],1,[],2019-02-17 23:31:42,1822507.21,0.00000181000000000000003456111265232042484285557293333113193511962890625,0.000000000066086901,6701244,2019-02-17 23:31:42,btc,3.6990969245,17153386.5,0.00000181000000000000003456111265232042484285557293333113193511962890625,btc,1997391.71,31.11772986,3.2610482446,9
1,[],4,[],2019-02-17 11:22:43,4341674.27126056,0.00000002,0.0000000000007272960000000001,6696112,2019-02-17 11:22:43,btc,0.1997230937751353,0.0,0.00000002,btc,4109766.79808031,0.00215132,0.0479381022052112,10
0,[],2,[],2019-01-20 23:23:08,0.0,0,0,6476890,2019-01-20 23:23:08,,0.0,0.0,0,,0.0,0.0,0.0,12
1,[],4,[],2019-06-04 02:07:54,9830639.21086077,0.00000044,0.000000000035216852,7733880,2019-06-04 02:07:54,btc,4.623042107312178,0.0,0.00000044,btc,4155272.88231731,1.6780293,1.8498128449724307,12
1,[],5,[],2019-06-04 02:07:55,0.0,0,0,7733881,2019-06-04 02:07:55,btc,0.0,0.11136477,0,btc,0.0,0.0,0.0,12
0.0,[],25,[],2019-06-04 02:07:56,0.0,0,0,7733882,2019-06-04 02:07:56,,0.0,0.0,0.0,btc,0.0,0.0,0.0,12
1,[],4,[],2019-06-04 02:07:58,337710.91523509,0.00000551,0.000000000441011033,7733883,2019-06-04 02:07:58,btc,1.99380784110491,0.0,0.00000551,btc,267026.69039289,0.65214652,0.492275077813788,13
1,[],10,[],2019-06-04 02:08:01,648472.68437569,0.00000515,0.000000000412197245,7733884,2019-06-04 02:08:01,btc,666803.235526363,28145.6019179,0.00000515,btc,871682.80081984,0.0,0.2152375109862842,13
1,[],21,[],2019-06-04 02:08:02,1385864.08046306,0.000005360000000000000350372942465,0.000000000429005288,7733885,2019-06-04 02:08:02,btc,5.795200960105419,2374871.86745542,0.0000053600000000000003503729424647605839027164620347321033477783203125,btc,958236.28630029,13.26187067,4.255750281693952,13
1,[],4,[],2019-06-04 02:08:03,895533.60912462,0.00000074,0.000000000059228342,7733886,2019-06-04 02:08:03,btc,4.269218874260256,0.0,0.00000074,btc,876283.41564671,0.01116927,0.078689131633554,14
1,[],12,[],2019-06-04 02:08:04,135707.62147925,0.00000073,0.000000000058427959,7733887,2019-06-04 02:08:04,btc,14.143067735963577,0.0,0.00000073,btc,31924.65275591,0.0,0.015143329999964499,14
1,[],26,[],2019-06-04 02:10:04,0.0,0.00000050,0.00000000004001915,7733888,2019-06-04 02:10:04,btc,0.0,0.0,0.00000050,btc,0.0,0.0,0.0,14
0,[],17,[],2019-05-03 00:53:32,0.0,0,0,7558876,2019-05-03 00:53:32,btc,0.0,0.0,0,btc,0.0,0.0,0.0,14
0,[],4,[],2019-06-04 02:10:05,0.0,0,0,7733889,2019-06-04 02:10:05,,0.0,0.0,0,,0.0,0.0,0.0,15
,[],12,[],2018-12-01 15:15:48,204241.84496,0.00000489,0.000000000202473384,5260204,2018-12-01 15:15:48,btc,49.5475654835,0.0,,btc,35763.2193806,0.0163153972027625,0.0203389899998,15
0,[],2,[],2019-01-20 23:23:38,0.0,0,0,6476906,2019-01-20 23:23:38,,0.0,0.0,0,,0.0,0.0,0.0,18
1,[],4,[],2019-06-04 02:10:07,31254.28860956,0.00001088,0.0000000008708167040000001,7733890,2019-06-04 02:10:07,btc,0.9859782733249712,0.0,0.00001088,btc,12101.1536599,0.09118085,0.0504774984354044,18
1,[],10,[],2019-06-04 02:10:10,494821.16109435,0.00001199,0.000000000959659217,7733891,2019-06-04 02:10:10,btc,15.1865499095458,1929.43990639,0.00001199,btc,12581.45096598,0.0,0.156166775706615,18
1,[],12,[],2019-06-04 02:10:11,2819.56734205,0.000011029999999999999426756290554774153633843525312840938568115234375,0.000000000882822449,7733892,2019-06-04 02:10:11,btc,0.4105773823735868,0.0,0.000011029999999999999426756290554774153633843525312840938568115234375,btc,1764.2221867,4.7886985e-05,0.0135550398366536,18
0,[],17,[],2019-05-03 00:53:39,0.0,0,0,7558882,2019-05-03 00:53:39,btc,0.0,0.0,0,btc,0.0,0.0,0.0,18
0,[],2,[],2019-01-20 23:24:19,0.0,0,0,6476924,2019-01-20 23:24:19,,0.0,0.0,0,,0.0,0.0,0.0,19
1,[],3,[],2019-06-04 02:12:14,149825.7038873154,0.0000055799999999999999380768771206628997560983407311141490936279296875,0.000000000446613714,7733893,2019-06-04 02:12:14,btc,0.22305114723701333,5475.36930304,0.0000055799999999999999380768771206628997560983407311141490936279296875,btc,5985.628089442199,0.0,0.0506231212331097,19
1,[],4,[],2019-06-04 02:12:15,525758.11561056,0.00000808,0.000000000646709464,7733894,2019-06-04 02:12:15,btc,4.115168061498783,0.0,0.00000808,btc,176870.96585081,0.20869204,0.4865516855838852,19
1,[],5,[],2019-06-04 02:12:16,0.0,0,0,7733895,2019-06-04 02:12:16,btc,0.0,0.003438,0,btc,0.0,0.0,0.0,19
1,[],12,[],2019-06-04 02:12:18,14343.10700058,0.000007089999999999999880334437818429904609729419462382793426513671875,0.000000000567471547,7733896,2019-06-04 02:12:18,btc,0.050271388824519,0.0,0.000007089999999999999880334437818429904609729419462382793426513671875,btc,1915.0831785,0.0,0.0211067599997674,19
0,[],27,[],2019-06-04 02:12:34,0.0,0,0,7733897,2019-06-04 02:12:34,,0.0,0.0,0,btc,0.0,0.0,0.0,19
1,[],4,[],2019-06-04 02:12:35,10062076.88478525,0.00000007,0.000000000005602681,7733898,2019-06-04 02:12:35,btc,6.4029639466023385,0.0,0.00000007,btc,2322306.93095912,0.0,0.1174938176872809,20
1,[],4,[],2019-06-04 02:12:36,5370089.584,0.00000001,0.000000000000800383,7733899,2019-06-04 02:12:36,btc,39340.60599387661,0.0,0.00000001,btc,74352064.80359267,0.01685504,0.05370089584,21
1,[],12,[],2019-06-04 02:12:37,1406513.0,0.00000001,0.000000000000800383,7733900,2019-06-04 02:12:37,btc,2566.6482369131268,0.0,0.00000001,btc,5423603.15584414,0.0,0.01406513,21
0,[],17,[],2019-05-03 00:53:51,0.0,0,0,7558891,2019-05-03 00:53:51,btc,0.0,0.0,0,btc,0.0,0.0,0.0,21
1,[],12,[],2019-06-04 01:18:54,5094920288.0,0.0000000003,0.00000000000002403273,7733754,2019-06-04 01:18:54,btc,726731438.9120344,0.0,0.0000000003,btc,3067243418.0587044,0.08246396211,1.1336936206000001,23
0.0000000003106039,[],27,[],2019-06-04 01:18:59,68924405.97999999,3.106039e-18,2.4882198885490003e-22,7733755,2019-06-04 01:18:59,eth,1032.100474668657,4326254.0,0.00000001,eth,50378471.1564255,2.6875027295812e-11,2.140818930257132e-10,23
1,[],4,[],2019-06-04 01:19:03,1840130.35908632,0.00000021,0.000000000016822911,7733756,2019-06-04 01:19:03,btc,10.681744933586348,0.0,0.00000021,btc,1753212.53670386,0.00583328,0.0554512945000059,24
0,[],22,[],2019-06-04 01:19:06,0.0,0,0,7733757,2019-06-04 01:19:06,,0.0,0.0,0,,0.0,0.0,0.0,24
0.0,[],25,[],2019-06-04 01:19:07,0.0,0,0,7733758,2019-06-04 01:19:07,,0.0,0.0,0.0,btc,0.0,0.0,0.0,24
1,[],10,[],2019-06-04 01:19:10,149909.42514491,0.00000484,0.000000000387728044,7733760,2019-06-04 01:19:10,btc,25.267274231251236,5275.04603812,0.00000484,btc,19535.11762926,0.0,0.0362872607039398,26
0,[],2,[],2019-01-20 23:25:56,0.0,0,0,6476976,2019-01-20 23:25:56,,0.0,0.0,0,,0.0,0.0,0.0,26
1,[],4,[],2019-06-04 01:19:08,26944369.76148236,0.00000472,0.000000000378114952,7733759,2019-06-04 01:19:08,btc,11.3147885987301,0.0,0.00000472,btc,229461.33814279,0.07540894,0.4891289615354643,26
1,[],3,[],2019-06-04 01:19:11,20922133.185043,0.00000001,0.000000000000801091,7733761,2019-06-04 01:19:11,btc,3.758838153430762,3819030.48668,0.00000001,btc,26010749.57033498,0.0,0.20922133185043001,27
1,[],11,[],2019-06-04 01:19:13,2071589.08157834,0.00000002,0.000000000001602182,7733762,2019-06-04 01:19:13,btc,67503.04527066177,19676.5543251,0.00000002,btc,6588861.32608848,0.0,0.0211134458157834,27
1,[],5,[],2019-04-26 09:47:06,0.0,0,0,7465326,2019-04-26 09:47:06,btc,0.0,0.0,0,btc,0.0,0.0,0.0,27
1,[],4,[],2019-06-04 01:19:14,1195004299.5722744,0.00000001,0.000000000000801091,7733763,2019-06-04 01:19:14,btc,5.174540896731819,0.0,0.00000001,"btc,ltc",332283688.3489387,0.00700483,8.616963267827455,29
1,[],7,[],2019-06-04 01:19:15,90452021.33155985,0.00000001,0.000000000000801091,7733764,2019-06-04 01:19:15,btc,46548272.198574685,0.0,0.00000001,btc,37056219.60802258,0.0,0.9045202133155985,29
1,[],4,[],2019-06-04 01:19:18,15336691.35084882,0.00000007,0.000000000005607637,7733765,2019-06-04 01:19:18,btc,2.558318202608009,0.0,0.00000007,btc,2022547.84448455,0.0004569,0.1743882352694362,30
0,[],17,[],2019-05-03 01:11:25,0.0,0,0,7559066,2019-05-03 01:11:25,btc,0.0,0.0,0,btc,0.0,0.0,0.0,30
1,[],4,[],2019-06-04 01:21:19,109011.68787299,0.00004335,0.000000003472729485,7733766,2019-06-04 01:21:19,btc,3.165258075316449,0.0,0.00004335,btc,43612.79295572,0.44499604,0.5366779130773471,31
1,[],21,[],2019-06-04 01:21:20,167219.84956385999,0.00004323999999999999935620942360,0.000000003463917484,7733767,2019-06-04 01:21:20,btc,5.725051357451209,143853.07649863,0.0000432399999999999993562094235954873511218465864658355712890625,btc,117049.14612792,6.39394327,6.091909418414344,31
0,[],2,[],2019-01-20 23:28:43,0.0,0,0,6477009,2019-01-20 23:28:43,,0.0,0.0,0,,0.0,0.0,0.0,32
0,[],4,[],2019-06-04 01:21:21,0.0,0,0,7733768,2019-06-04 01:21:21,,0.0,0.0,0,,0.0,0.0,0.0,33
1,[],12,[],2019-03-30 07:55:10,40641173.964,0.00000003,0.000000000001228359,7108785,2019-03-30 07:55:10,btc,4233210.82356125,0.0,0.00000003,btc,28378394.68333462,0.0126927883965248,0.90752895892,33
0.0000000001323518,[],4,[],2019-06-04 01:21:22,462382220.98893964,4.1029058e-17,3.2868009102277998e-21,7733769,2019-06-04 01:21:22,ltc,3.9003706305729056,0.0,0.00000031,ltc,159164802.7286871,0.0,1.7445469268035544e-09,34
1,[],5,[],2019-06-04 01:21:24,0.0,0,0,7733770,2019-06-04 01:21:24,btc,0.0,0.0,0,btc,0.0,0.0,0.0,34
0.0000000002926451,[],17,[],2019-05-02 18:17:47,200000.0,2.9264510000000002e-18,1.596703856561e-22,7556430,2019-05-02 18:17:47,eth,0.20942468735267253,0.0,0.00000001,"btc,eth",1018272.20243647,0.0,5.852902e-13,36
0.0000000001311821,[],4,[],2019-05-31 13:28:19,2417517744.0607657,1.311821e-18,1.105058333085e-22,7717483,2019-05-31 13:28:19,ltc,5.019900492391546e-08,0.0,0.00000001,ltc,7102398142.262129,0.0,3.171350544531538e-09,36
1,[],5,[],2019-05-31 13:28:21,0.0,0,0,7717484,2019-05-31 13:28:21,btc,0.0,0.0,0,btc,0.0,0.0,0.0,36
0.0000000003108179,[],27,[],2019-05-31 13:30:34,10388811.226876,6.216358000000001e-18,5.236566733830001e-22,7717485,2019-05-31 13:30:34,eth,1569.8708019850988,761866.634299,0.00000002,"ltc,eth",5084024.2511555,4.736034912207001e-12,3.3251980286483705e-11,36
1,[],4,[],2019-06-04 01:21:24,9993394.5703031,0.00000017,0.000000000013618547,7733771,2019-06-04 01:21:24,btc,19772.481760330178,0.0,0.00000017,btc,735811.99350511,0.00072124,0.130811432561371,37
1,[],12,[],2019-06-04 01:21:26,3702755.0,0.00000019,0.000000000015220729,7733772,2019-06-04 01:21:26,btc,9.363222832575447,0.0,0.00000019,btc,998893.84096742,0.029558824993,0.17311282,37
1,[],27,[],2019-06-04 01:23:33,11126.0,0.00000018,0.000000000014419638,7733773,2019-06-04 01:23:33,btc,22.62970013895233,0.0,0.00000018,btc,4298.824295,0.0,0.00165394,37
1,[],17,[],2019-05-03 01:11:36,211752.74075282,0.00000025,0.000000000013700074999999998,7559074,2019-05-03 01:11:36,btc,0.055484923955058496,0.0,0.00000025,"btc,eth",1387.19918473,0.0,0.0005381851887916605,37
1,[],5,[],2019-06-04 01:23:36,0.0,0,0,7733774,2019-06-04 01:23:36,btc,0.0,0.00036371,0,btc,0.0,0.0,0.0,42
1,[],12,[],2019-06-04 01:23:37,129790.97506147,0.0000010600000000000000155604695795119596368749625980854034423828125,0.000000000084915646,7733775,2019-06-04 01:23:37,btc,24.813235091616466,0.0,0.0000010600000000000000155604695795119596368749625980854034423828125,btc,76704.27773004,0.026943271546,0.045055076889816796,42
1,[],27,[],2019-06-04 01:23:46,506.0,0.00000002,0.000000000001602182,7733776,2019-06-04 01:23:46,btc,0.07600425,0.0,0.00000002,"btc,eth",18.0,0.0,6.000000326320457e-06,42
1,[],12,[],2019-03-13 09:13:29,1112112.0,0.00000001,0.000000000000386531,6919902,2019-03-13 09:13:29,btc,29058.00478931866,0.0,0.00000001,btc,5967681.93306694,9.99000999e-07,0.01112112,43
1,[],5,[],2019-04-26 22:38:52,0.0,0,0,7474154,2019-04-26 22:38:52,btc,0.0,0.02638891,0,btc,0.0,0.0,0.0,43
0,[],17,[],2019-04-26 22:38:53,0.0,0,0,7474155,2019-04-26 22:38:53,btc,0.0,0.0,0,btc,0.0,0.0,0.0,43
1,[],12,[],2019-03-05 01:54:08,639326.02,0.00000004,0.000000000001486676,6845775,2019-03-05 01:54:08,btc,11116042.728239931,0.0,0.00000004,btc,1103841.4595604,0.0003330765234764,0.014975410599999999,44
1,[],4,[],2019-06-04 01:23:47,104504582.33826558,0.00000001,0.000000000000801091,7733777,2019-06-04 01:23:47,btc,2660396.608658962,0.0,0.00000001,"btc,ltc",28383274.40296117,0.00246536,0.028021209495461604,49
0.0000000001323518,[],4,[],2019-06-04 01:23:48,137627094.89666587,3.5734986e-17,2.8626975669726e-21,7733778,2019-06-04 01:23:48,ltc,194920.23718203552,0.0,0.00000027,ltc,196687600.97855875,0.0,1.5165330882031597e-09,52
0,[],22,[],2019-06-04 01:23:52,0.0,0,0,7733779,2019-06-04 01:23:52,,10289.52569349,0.0,0,,305146396.4566013,0.0,0.0,57
1,[],27,[],2019-06-04 01:23:59,2297.0,0.0000003,0.00000000002403273,7733780,2019-06-04 01:23:59,btc,0.0,0.0,0.0000003,"btc,eth",0.0,0.0,0.0003891,57
0.0000000001323518,[],4,[],2019-06-04 01:24:00,3431140170.5721416,1.323518e-18,1.060258358138e-22,7733781,2019-06-04 01:24:00,ltc,19.34101363478286,0.0,0.00000001,ltc,5806992378.741686,0.0,4.541175776275299e-09,58
1,[],12,[],2019-06-04 01:24:01,697367224.0,0.0000000001,0.00000000000000801091,7733782,2019-06-04 01:24:01,btc,2386685.8696988327,0.0,0.0000000001,btc,3523332155.047909,0.002048706462,0.0697367224,58
0.00000000010944900000000001,[],22,[],2019-06-04 01:26:04,126877.0,1.0944900000000001e-18,8.7678608859e-23,7733783,2019-06-04 01:26:04,XMR,68.17454206,0.0,0.00000001,XMR,9626402.6,0.0,0.00126877,58
1,[],17,[],2019-05-03 01:12:09,1200000.0,0.0000000001,0.00000000000000548003,7559085,2019-05-03 01:12:09,btc,1e+24,0.0,0.0000000001,"btc,eth",39516342.31952568,0.0,0.00010000000058666061,58
1,[],5,[],2019-06-04 01:26:07,0.0,0,0,7733784,2019-06-04 01:26:07,btc,0.0,0.0,0,btc,0.0,0.0,0.0,61
1,[],22,[],2019-06-04 01:26:12,13613.833333333334,0.00000012,0.000000000009613092,7733785,2019-06-04 01:26:12,BTC,1002.29123003,0.0,0.00000012,BTC,15014.200177125656,0.0,0.00153269,61
1,[],26,[],2019-06-04 01:26:12,0.0,0.00000050,0.00000000004005455,7733786,2019-06-04 01:26:12,btc,0.0,0.0,0.00000050,btc,0.0,0.0,0.0,61
1,[],27,[],2019-06-04 01:26:20,8450.0,0.0000002,0.00000000001602182,7733787,2019-06-04 01:26:20,btc,1.9582485601246655,0.0,0.0000002,"btc,eth",11379.41563696,0.0,0.001522,61
0,[],28,[],2019-06-04 01:26:22,0.0,0,0,7733788,2019-06-04 01:26:22,,0.0,499.0,0,,0.0,0.0,0.0,61
1,[],4,[],2019-06-04 01:26:24,890963.95363248,0.00000076,0.000000000060882916,7733789,2019-06-04 01:26:24,btc,3.073100373211438,0.0,0.00000076,btc,944814.99308716,0.13992302,0.4660976265886392,67
0.0,[],25,[],2019-06-04 01:26:25,0.0,0,0,7733790,2019-06-04 01:26:25,,0.0,0.0,0.0,btc,0.0,0.0,0.0,67
1,[],12,[],2019-06-02 06:23:14,910048.355,0.00000006,0.000000000005154929999999999,7725270,2019-06-02 06:23:14,btc,5.167005424215783,0.0,0.00000006,btc,738530.60239759,0.003159757462,0.0187188113,71
,[],5,[],2018-11-20 23:02:39,1.5e-07,0.00000005,0.000000000002128045,4862160,2018-11-20 23:02:39,btc,2.84511358,0.0,,btc,0.00036572,0.0,0.07381892,74
1,[],5,[],2019-06-04 01:26:26,0.0,0,0,7733791,2019-06-04 01:26:26,btc,0.0,0.18718214,0,btc,0.0,0.0,0.0,75
1,[],4,[],2019-06-04 01:26:28,715281.46076168,0.00000001,0.000000000000801091,7733792,2019-06-04 01:26:28,btc,581089.6218469425,0.0,0.00000001,btc,37692563.61091116,0.0,0.0071528146076168,81
0,[],20,[],2019-01-25 09:30:31,0.0,0,0,6495923,2019-01-25 09:30:31,btc,0.0,0.0,0,btc,0.0,0.0,0.0,81
1,[],4,[],2019-06-04 01:26:30,69754.84102458,0.00011544,0.000000009247794504,7733793,2019-06-04 01:26:30,btc,55.786408398951835,0.0,0.00011544,btc,123195.60782959,0.76161464,0.7375150932280643,82
1,[],21,[],2019-06-04 01:26:31,101752.42868487,0.0001161699999999999939701705864,0.000000009306274147,7733794,2019-06-04 01:26:31,btc,13.794487090464864,29477.87459653,0.00011616999999999999397017058644365761210792697966098785400390625,btc,87281.86903904,3.44699896,8.673173849907588,82
0,[],17,[],2019-03-25 22:42:34,0.0,0,0,7038780,2019-03-25 22:42:34,btc,0.0445064681804024,0.0,0,btc,995513.18476001,0.0,0.0,84
0.0000000001161485,[],4,[],2019-05-20 13:09:39,216715621.0206096,1.161485e-18,9.0533806701e-23,7657228,2019-05-20 13:09:39,ltc,1.6511566870244727,0.0,0.00000001,ltc,471032407.9048656,0.0,2.5171194308112273e-10,85
,[],22,[],2018-11-20 23:09:34,3408.1,0.0000001,0.0000000000041895,4862324,2018-11-20 23:09:34,BTC,0.04624735,0.0,,BTC,4990.0,0.0,0.00033081,86
1,[],22,[],2019-06-04 01:26:34,138656.0,0.00000002,0.000000000001602182,7733795,2019-06-04 01:26:34,BTC,1.51226866,0.0,0.00000002,BTC,332360.29736842104,0.0016845,0.00214656,87
1,[],27,[],2019-06-04 01:26:40,464461.0,0.00000019,0.000000000015220729,7733796,2019-06-04 01:26:40,btc,5.077876318036,44464.0,0.00000019,btc,83050.67341,0.00844816,0.02335699,87
,[],2,[],2018-11-20 23:10:47,0.0,0,0,4862359,2018-11-20 23:10:47,,0.0,0.0,,,0.0,0.0,0.0,88
1,[],11,[],2019-06-04 01:26:42,254261.34113281,0.000078659999999999995656981000013985294572194106876850128173828125,0.000000006301381806,7733797,2019-06-04 01:26:42,btc,166.86143051608238,11031.60714,0.000078659999999999995656981000013985294572194106876850128173828125,btc,196664.41163615,0.0,3.9433862900903214,89
0,[],2,[],2019-01-20 23:31:45,0.0,0,0,6477083,2019-01-20 23:31:45,,0.0,0.0,0,,0.0,0.0,0.0,91
1,[],12,[],2019-06-04 01:26:44,367432.64838937,0.00000025,0.000000000020027274999999998,7733798,2019-06-04 01:26:44,btc,88.5823029035499,0.0,0.00000025,btc,161114.18025974,0.011014555376,0.0160555138177967,91
1,[],22,[],2019-06-04 01:28:47,75910.55,0.0000002,0.00000000001602182,7733799,2019-06-04 01:28:47,BTC,0.497,0.0,0.0000002,"BTC,LTC",6.95,0.0,0.00165931,91
0,[],17,[],2019-05-03 01:12:26,0.0,0,0,7559096,2019-05-03 01:12:26,btc,0.0,0.0,0,btc,0.0,0.0,0.0,91
1,[],22,[],2019-04-09 20:17:52,374949.73333333334,0.00000015,0.000000000007771935,7235704,2019-04-09 20:17:52,BTC,6.87372503,0.0,0.00000015,"BTC,LTC",159980.01196797504,1.1e-05,0.80510266,95
0.0000000001323518,[],4,[],2019-06-04 01:28:48,542468209.5035086,2.7793878e-17,2.2265425520898e-21,7733800,2019-06-04 01:28:48,ltc,11.303277989402991,0.0,0.00000021,ltc,153178728.10345778,0.0,8.584337788720915e-10,96
0,[],12,[],2019-06-04 01:28:49,0.0,0,0,7733801,2019-06-04 01:28:49,btc,22.33351984046953,0.0,0,btc,9676398.04695305,0.0,0.0,96
0,[],17,[],2019-05-03 01:12:32,0.0,0,0,7559100,2019-05-03 01:12:32,btc,0.0,0.0,0,btc,0.0,0.0,0.0,96
1,[],4,[],2019-04-14 03:32:46,1039404.33283278,0.00000038,0.000000000019245518,7293458,2019-04-14 03:32:46,btc,4.170086055365747,0.0,0.00000038,btc,3097704.34561074,0.06260606,0.1859928211030784,99
1,[],4,[],2019-06-04 01:30:52,268766.60481862,0.00001937,0.000000001551713267,7733802,2019-06-04 01:30:52,btc,7.670134849301906,0.0,0.00001937,btc,149808.33534289,0.77315357,0.9584388458163263,100
0,[],2,[],2019-01-20 23:23:55,0.0,0,0,6476914,2019-01-20 23:23:55,,0.0,0.0,0,,0.0,0.0,0.0,100
1,[],22,[],2019-06-04 01:30:57,150000.0,0.00000002,0.000000000001602182,7733803,2019-06-04 01:30:57,BTC,24.83526409,0.0,0.00000002,BTC,11187.719,0.0,0.0017,101
1,[],4,[],2019-06-04 01:30:58,512053.74743705,0.00000151,0.000000000120964741,7733804,2019-06-04 01:30:58,btc,549.7985613419917,0.0,0.00000151,btc,661020.10441221,0.03307844,0.1516236508338403,103
1,[],12,[],2019-06-04 01:31:01,177843816.0,0.000000003,0.0000000000002403273,7733805,2019-06-04 01:31:01,btc,2446.9222009916807,0.0,0.000000003,btc,70951428.4172859,0.001267097489,0.238100542,105
1,[],27,[],2019-06-04 01:31:07,61112.0,0.00000001,0.000000000000801091,7733806,2019-06-04 01:31:07,btc,0.398447318,0.0,0.00000001,btc,1923466.8,0.0,0.00061112,105
1,[],22,[],2019-04-21 00:17:26,21333.0,0.00000001,0.000000000000532493,7385819,2019-04-21 00:17:26,BTC,51.38182867,0.0,0.00000001,BTC,470435.0,0.0,0.00021333,107
1,[],26,[],2019-04-21 00:17:26,0.0,0.00000000,0,7385820,2019-04-21 00:17:26,btc,0.0,0.0,0.00000000,btc,0.0,0.0,0.0,107
1,[],5,[],2019-06-04 01:31:09,0.0,0,0,7733807,2019-06-04 01:31:09,btc,0.0,0.0,0,btc,0.0,0.0,0.0,112
0,[],22,[],2019-06-04 01:31:12,0.0,0,0,7733808,2019-06-04 01:31:12,,6.79500102,0.0,0,,3375892.0833333335,0.0,0.0,112
1,[],27,[],2019-06-04 01:31:21,1.0,0.00000001,0.000000000000801091,7733809,2019-06-04 01:31:21,btc,1.15032588,0.0,0.00000001,"btc,eth",1818.0,0.0,1e-08,112
1,[],4,[],2019-06-04 01:31:23,236269.83545369,0.00000085,0.000000000068092735,7733810,2019-06-04 01:31:23,btc,5.769918981264747,0.0,0.00000085,btc,631931.99664589,0.04128765,0.1386800831432439,113
1,[],5,[],2019-06-04 01:31:25,0.0,0,0,7733811,2019-06-04 01:31:25,btc,0.0,0.0,0,btc,0.0,0.0,0.0,113
1,[],17,[],2019-04-26 02:17:47,162738.278,0.00000004,0.0000000000021069000000000002,7461287,2019-04-26 02:17:47,btc,1.3331140273775473,0.0,0.00000004,btc,51796.221,0.0,0.00230953112,116
1,[],27,[],2019-05-22 05:13:01,210000.0,0.00000001,0.00000000000079145,7666372,2019-05-22 05:13:01,btc,3919.0005001478,0.0,0.00000001,btc,128660.871,0.0,0.0021,116
1,[],4,[],2019-05-21 22:31:11,138169.03963019,0.00000701,0.000000000558364025,7664793,2019-05-21 22:31:11,btc,150.95388250938234,0.0,0.00000701,btc,344631.17141974,0.07552974,0.4288357684941946,120
1,[],7,[],2019-05-21 22:31:12,3901.07750076,0.000010679999999999999389654892212320191902108490467071533203125,0.0000000008506887,7664794,2019-05-21 22:31:12,btc,231188.94669936574,0.0,0.000010679999999999999389654892212320191902108490467071533203125,btc,4133.83151364,0.0,0.0113888422364489,120
1,[],20,[],2019-04-07 18:42:29,1914137.0852,0.000000035,0.0000000000017871910000000002,7211992,2019-04-07 18:42:29,btc,32.2497668025648,25528.85,0.000000035,btc,1001975.4986,0.00089350975,0.0152723574729,125
1,[],22,[],2019-06-04 01:31:29,10000.0,0.00000001,0.000000000000801091,7733812,2019-06-04 01:31:29,BTC,0.032061,0.0,0.00000001,BTC,299316.7611111111,0.0,0.0001,126
1,[],4,[],2019-06-04 01:31:30,134237.35935489,0.00000635,0.000000000508692785,7733813,2019-06-04 01:31:30,btc,3.5577881250527192,0.0,0.00000635,btc,185313.03522928,0.24097742,0.306491460516747,131
0,[],2,[],2019-01-20 23:25:46,0.0,0,0,6476969,2019-01-20 23:25:46,,0.0,0.0,0,,0.0,0.0,0.0,131
1,[],17,[],2019-05-03 01:13:10,10000.0,0.00000001,0.000000000000548003,7559115,2019-05-03 01:13:10,btc,0.0953976503951408,0.0,0.00000001,btc,5037.62507334,0.0,0.0001,131
1,[],4,[],2019-06-01 22:22:37,4877.33287432,0.00010000,0.000000008588780000000001,7724055,2019-06-01 22:22:37,btc,5.03221070889025,0.0,0.00010000,btc,202.13055914,0.0,0.0067319517514342,135
1,[],3,[],2019-06-04 01:33:31,500091.0,0.00000001,0.000000000000801091,7733814,2019-06-04 01:33:31,btc,0.2354023039523199,1696749.79937,0.00000001,btc,1848982.9576359,0.0,0.00500091,136
1,[],4,[],2019-06-04 01:33:32,2147778.26660815,0.00000182,0.00000000014579856200000001,7733815,2019-06-04 01:33:32,btc,109.6837931315905,0.0,0.00000182,btc,540092.6689247,0.02814425,0.465149383548586,137
1,[],12,[],2019-06-04 01:33:33,88748.4702495,0.000001839999999999999959088173122345732934945772285573184490203857421875,0.000000000147400744,7733816,2019-06-04 01:33:33,btc,57.78904937659001,0.0,0.000001839999999999999959088173122345732934945772285573184490203857421875,btc,50782.49064291,7.273e-05,0.0183817899999124,137
1,[],4,[],2019-06-04 01:33:34,131664.06085976,0.00001764,0.000000001413124524,7733817,2019-06-04 01:33:34,btc,7.68113913190598,0.0,0.00001764,btc,139913.90327268,0.37901757,1.3127803840108587,142
1,[],5,[],2019-06-04 01:33:35,0.0,0,0,7733818,2019-06-04 01:33:35,btc,0.0,0.01119883,0,btc,0.0,0.0,0.0,142
1,[],20,[],2019-06-04 01:35:37,215028.3624,0.000015001,0.0000000012017166091,7733819,2019-06-04 01:35:37,btc,1.6056255697037,0.77,0.000015001,btc,9745.8517,1.155077e-05,0.0191957055963,142
1,[],22,[],2019-06-04 01:35:40,10928.645,0.00001000,0.000000000801091,7733820,2019-06-04 01:35:40,BTC,3.00455459,0.0,0.00001000,BTC,1114.1498755539799,0.0,0.00725365,142
0.0,[],25,[],2019-06-04 01:35:42,0.0,0,0,7733821,2019-06-04 01:35:42,,0.0,0.0,0.0,btc,0.0,0.0,0.0,142
0,[],28,[],2019-06-04 01:35:43,0.0,0,0,7733822,2019-06-04 01:35:43,,0.0,0.0,0,,0.0,0.0,0.0,142
1,[],17,[],2019-05-03 01:13:16,32967.38636364,0.00000088,0.000000000048224264,7559122,2019-05-03 01:13:16,btc,20.06976206696776,0.0,0.00000088,btc,2746.079105,0.0,0.0105613000000032,142
0,[],22,[],2019-06-04 01:35:45,0.0,0,0,7733823,2019-06-04 01:35:45,,64.98620993,0.0,0,,787027072.3,0.0,0.0,143
0,[],22,[],2019-02-25 15:42:22,0.0,0,0,6783783,2019-02-25 15:42:22,,4.2131946,0.0,0,,2322156.0,0.0,0.0,146
,[],22,[],2018-11-20 23:01:11,0.0,0,0,4862114,2018-11-20 23:01:11,,2.56807021,0.0,,,61828.4988236,0.0,0.0,147
1,[],12,[],2019-04-21 06:38:04,193091.5971266,0.00000071,0.000000000037635183,7388679,2019-04-21 06:38:04,btc,2.301232411611175,0.0,0.00000071,btc,9957.48302385,0.00023528,0.0313308199999888,148
1,[],4,[],2019-03-19 21:31:25,255810.0415942,0.00000029,0.000000000011615747,6982695,2019-03-19 21:31:25,btc,218.94922712414143,0.0,0.00000029,btc,793529.37642722,0.00117,0.0608347789473395,152
0,[],22,[],2019-03-19 21:31:27,0.0,0,0,6982696,2019-03-19 21:31:27,,0.0,0.0,0,,0.0,0.0,0.0,152
1,[],5,[],2019-04-26 09:36:59,0.0,0,0,7465040,2019-04-26 09:36:59,btc,0.0,0.0,0,btc,0.0,0.0,0.0,153
,[],16,[],2019-01-11 15:38:59,0.0,0,0,6366141,2019-01-11 15:38:59,btc,0.0,0.0,,btc,0.0,0.0,0.0,155
0,[],22,[],2019-06-04 01:35:48,0.0,0,0,7733824,2019-06-04 01:35:48,,7.43375324,0.0,0,,5955762.942592593,0.0,0.0,156
0,[],23,[],2019-01-20 23:24:29,0.0,0,0,6476932,2019-01-20 23:24:29,,0.0,0.0,0,,0.0,0.0,0.0,156
1,[],22,[],2019-06-04 01:35:51,6996.0,0.00000001,0.000000000000801091,7733825,2019-06-04 01:35:51,BTC,1.7543039,0.0,0.00000001,BTC,57.0,0.0,6.996e-05,157
0,[],22,[],2019-05-21 23:40:32,0.0,0,0,7665049,2019-05-21 23:40:32,,50234.60468402,0.0,0,,54786159.03179465,0.0,0.0,158
,[],17,[],2018-11-20 22:56:10,0.0,0,0,4861976,2018-11-20 22:56:10,btc,1.1265625,0.0,,btc,1000.0,0.0,0.0,159
,[],20,[],2018-11-20 22:56:12,0.0,0,0,4861977,2018-11-20 22:56:12,btc,11912.7940471,0.0,,btc,34413894.3617,0.0,0.0,159
1,[],12,[],2019-05-24 02:51:20,9178.522006449999,0.00000191999999999999982841307998027158276954651228152215480804443359375,0.000000000151222656,7676256,2019-05-24 02:51:20,btc,149.80414728631675,0.0,0.00000191999999999999982841307998027158276954651228152215480804443359375,btc,1115.7451448499999,0.01783167678326,0.0120075778999181,168
1,[],17,[],2019-05-03 01:13:36,42852.0,0.00000002,0.000000000001096006,7559132,2019-05-03 01:13:36,btc,0.04279856251542,0.0,0.00000002,btc,274.46171372,0.0,0.00052852,168
1,[],22,[],2019-05-17 03:01:52,10.0,0.00000001,0.000000000000778341,7642059,2019-05-17 03:01:52,BTC,41.95893009,0.0,0.00000001,BTC,1753972.7737547632,0.0,1e-07,169
1,[],22,[],2019-05-30 08:38:18,202834.0,0.00000002,0.0000000000017416160000000001,7711049,2019-05-30 08:38:18,BTC,27.87002826,0.0,0.00000002,BTC,462189.5410507793,0.0,0.00211768,171
1,[],22,[],2019-05-29 08:05:18,349870.0,0.00000002,0.000000000001705894,7705265,2019-05-29 08:05:18,BTC,24.05907723,0.0,0.00000002,"BTC,LTC",1224285.4355616204,0.0,0.0039847,173
1,[],5,[],2019-06-04 01:35:54,0.0,0,0,7733826,2019-06-04 01:35:54,btc,0.0,0.05090875,0,btc,0.0,0.0,0.0,175
1,[],22,[],2019-06-04 01:35:57,90671.0,0.00000001,0.000000000000801091,7733827,2019-06-04 01:35:57,BTC,394.35459412,0.0,0.00000001,BTC,136275.61833431243,0.0,0.00090671,176
1,[],7,[],2019-06-04 01:35:58,0.0,0,0,7733828,2019-06-04 01:35:58,btc,522272.518248941,10575.4245754,0,btc,21305676.84864055,0.00010575,0.0,178
0,[],22,[],2019-06-04 01:36:00,0.0,0,0,7733829,2019-06-04 01:36:00,,1.00242428,0.0,0,,57512.0,0.0,0.0,178
0,[],2,[],2019-01-20 23:28:34,0.0,0,0,6477001,2019-01-20 23:28:34,,0.0,0.0,0,,0.0,0.0,0.0,178
1,[],5,[],2019-06-04 01:36:01,0.0,0,0,7733830,2019-06-04 01:36:01,btc,0.0,0.02756538,0,btc,0.0,0.0,0.0,179
0,[],22,[],2019-06-04 01:36:04,0.0,0,0,7733831,2019-06-04 01:36:04,,5.3132485,0.0,0,,13258002.811946675,0.0,0.0,179
0,[],23,[],2019-01-20 23:25:08,0.0,0,0,6476952,2019-01-20 23:25:08,,0.0,0.0,0,,0.0,0.0,0.0,179
1,[],22,[],2019-06-04 01:38:09,680834.9900552204,0.00000106,0.000000000084915646,7733832,2019-06-04 01:38:09,BTC,39.19362193,0.0,0.00000106,"BTC,LTC",148325.5346287728,0.00276816,0.58022937,180
1,[],26,[],2019-06-04 01:38:09,0.0,0.00000010,0.00000000000801091,7733833,2019-06-04 01:38:09,btc,0.0,0.0,0.00000010,btc,0.0,0.0,0.0,180
1,[],17,[],2019-05-03 01:13:56,20504.725000000002,0.0000001,0.00000000000548003,7559141,2019-05-03 01:13:56,btc,5.2010695838400265,0.0,0.0000001,btc,5033.45945,0.0,0.0011504725,180
,[],7,[],2018-11-20 22:58:01,562227.975654,0.00000085,0.000000000036176765,4862015,2018-11-20 22:58:01,btc,21836.6059674,2491.87645172,,btc,749999.041456,0.00211021,0.127565380455,183
,[],5,[],2019-01-10 08:11:41,0.0,0,0,6347036,2019-01-10 08:11:41,btc,82.15055501,0.00261,,btc,1.19002445,0.0,0.0,187
,[],17,[],2018-11-16 20:58:10,4062536.27273,0.00000001,0.000000000000550501,4708775,2018-11-16 20:58:10,btc,3.36492563466,0.195460381006,,"btc,eth",110697919.549,0.0,0.0157628953496,187
1,[],24,[],2019-05-22 21:04:52,0.0,0.000000000014,0.0000000000000010960978,7670219,2019-05-22 21:04:52,btc,0.0,0.0,0.000000000014,btc,0.0,0.0,0.0,187
0,[],22,[],2019-04-25 02:54:07,0.0,0,0,7447896,2019-04-25 02:54:07,,7.54794454,0.0,0,,76361.7243344055,0.0,0.0,191
0,[],22,[],2019-06-04 01:38:12,0.0,0,0,7733834,2019-06-04 01:38:12,,0.0,0.0,0,,0.0,0.0,0.0,197
0,[],23,[],2019-01-20 23:31:41,0.0,0,0,6477079,2019-01-20 23:31:41,,0.0,0.0,0,,0.0,0.0,0.0,199
0,[],22,[],2019-06-04 01:38:17,0.0,0,0,7733835,2019-06-04 01:38:17,,10.80766794,0.0,0,,95910482.0,0.0,0.0,199
1,[],26,[],2019-06-04 01:38:17,0.0,0.00000000,0,7733836,2019-06-04 01:38:17,btc,0.0,0.0,0.00000000,btc,0.0,0.0,0.0,199
0,[],2,[],2019-01-20 23:30:49,0.0,0,0,6477059,2019-01-20 23:30:49,,0.0,0.0,0,,0.0,0.0,0.0,201
1,[],4,[],2019-01-25 15:51:35,2084389.58565343,0.00000936,0.000000000333526752,6499557,2019-01-25 15:51:35,btc,2.0092503037378524,0.0,0.00000936,btc,160195.80207885,0.19272417,1.242687955921835,211
1,[],7,[],2019-06-04 01:38:21,1170169393.7242348,0.00000018,0.000000000014419638,7733837,2019-06-04 01:38:21,btc,15201832.875541028,0.0,0.00000018,btc,6666446.4161087,0.0,11.967950945464535,212
1,[],12,[],2019-01-25 02:44:32,207462.42853209,0.000001080000000000000035831255497387193287295303889550268650054931640625,0.000000000038610756000000006,6493050,2019-01-25 02:44:32,btc,85023.03793723314,0.0,0.000001080000000000000035831255497387193287295303889550268650054931640625,btc,43675.73520027,0.000146250909087,0.0348620860622024,213
1,[],5,[],2019-05-30 00:07:46,0.0,0,0,7709357,2019-05-30 00:07:46,btc,0.0,0.06425239,0,btc,0.0,0.0,0.0,213
1,[],24,[],2019-05-30 00:07:46,0.0,0.000000399202,0.0000000000344859829346,7709358,2019-05-30 00:07:46,btc,0.0,0.0,0.000000399202,btc,0.0,0.0,0.0,213
1,[],26,[],2019-05-30 00:07:47,0.0,0.00000040,0.000000000034554919999999996,7709359,2019-05-30 00:07:47,btc,0.0,0.0,0.00000040,btc,0.0,0.0,0.0,213
0,[],22,[],2019-06-04 01:38:23,0.0,0,0,7733838,2019-06-04 01:38:23,,9.61445386,0.0,0,,3661587.094064925,0.0,0.0,216
0.0000000001323518,[],27,[],2019-06-04 01:38:31,1000.0,1.323518e-18,1.060258358138e-22,7733839,2019-06-04 01:38:31,ltc,88.86567152917752,183.0,0.00000001,"btc,ltc",391976.407688,1.83e-06,1.323518e-15,216
1,[],22,[],2019-06-04 01:38:37,728252.4827586206,0.0000003,0.00000000002403273,7733840,2019-06-04 01:38:37,BTC,12056.47583867,0.0,0.0000003,BTC,521307.5533695675,0.00080546,0.05650523,217
1,[],7,[],2019-06-04 01:38:38,0.0,0,0,7733841,2019-06-04 01:38:38,btc,1234864.1040716618,0.0,0,btc,164001712.13147992,0.0,0.0,219
0,[],27,[],2019-06-04 01:38:46,0.0,0,0,7733842,2019-06-04 01:38:46,,261.3753845967132,0.0,0,btc,14755255.74381025,0.0,0.0,219
0,[],28,[],2019-06-04 01:38:49,0.0,0,0,7733843,2019-06-04 01:38:49,,0.0,11919.734,0,,0.0,0.0,0.0,219
1,[],22,[],2019-05-23 16:41:05,172069.0,0.00000004,0.0000000000031167080000000004,7674065,2019-05-23 16:41:05,BTC,56.76466137,0.0,0.00000004,BTC,127061.6482738741,0.0,0.00393676,221
1,[],24,[],2019-05-23 16:41:05,0.0,0.000000010000,0.0000000000007791770000000001,7674066,2019-05-23 16:41:05,btc,0.0,0.0,0.000000010000,btc,0.0,0.0,0.0,221
1,[],20,[],2019-06-04 01:38:52,12816468.025,0.000000001,0.0000000000000801091,7733844,2019-06-04 01:38:52,btc,100052.67540701649,595430.4526,0.000000001,btc,45546091.6027,0.0011258741877,0.012816468025,224
0,[],22,[],2019-06-04 01:38:57,0.0,0,0,7733845,2019-06-04 01:38:57,,0.0,0.0,0,,0.0,0.0,0.0,224
1,[],26,[],2019-06-04 01:38:57,0.0,0.00000025,0.000000000020027275,7733846,2019-06-04 01:38:57,btc,0.0,0.0,0.00000025,btc,0.0,0.0,0.0,231
1,[],26,[],2019-06-04 01:38:58,0.0,0.00000006,0.000000000004806546,7733847,2019-06-04 01:38:58,btc,0.0,0.0,0.00000006,btc,0.0,0.0,0.0,234
0.0000000003106039,[],27,[],2019-06-04 01:39:05,100.0,3.106039e-18,2.4882198885490003e-22,7733848,2019-06-04 01:39:05,eth,1.14618497004,0.0,0.00000001,"btc,eth",11462.996,0.0,3.106039e-16,234
1,[],4,[],2019-05-22 17:06:12,91780.56053785,0.00000078,0.000000000061977552,7669277,2019-05-22 17:06:12,btc,5.573372450018177,0.0,0.00000078,btc,729173.93529783,0.0,0.0307060663355679,236
1,[],24,[],2019-05-22 17:06:12,0.0,0.000000010000,0.000000000000794584,7669278,2019-05-22 17:06:12,btc,0.0,0.0,0.000000010000,btc,0.0,0.0,0.0,236
1,[],5,[],2019-06-04 01:39:07,0.0,0,0,7733849,2019-06-04 01:39:07,btc,0.0,0.65774457,0,btc,0.0,0.0,0.0,237
1,[],20,[],2019-06-04 01:39:09,124856737.6004,0.000000045,0.0000000000036049095,7733850,2019-06-04 01:39:09,btc,8172523.087184808,10854115.4413,0.000000045,btc,47228339.9768,0.4526148289443,0.5537806073624,237
1,[],22,[],2019-06-04 01:39:15,288100.0,0.00000003,0.000000000002403273,7733851,2019-06-04 01:39:15,BTC,1.20267422,0.0,0.00000003,"BTC,LTC",17930.94871794872,0.0,0.007541,237
1,[],4,[],2019-06-04 01:39:18,28123912.87596973,0.00000011,0.000000000008812001,7733852,2019-06-04 01:39:18,btc,2.833739639255234,0.0,0.00000011,btc,9998126.61439517,0.18427423,0.6490461608054688,238
1,[],5,[],2019-06-04 01:39:19,0.0,0,0,7733853,2019-06-04 01:39:19,btc,0.0,0.01138328,0,btc,0.0,0.0,0.0,238
0,[],22,[],2019-03-12 16:49:32,0.0,0,0,6914458,2019-03-12 16:49:32,,0.40415746,0.0,0,,526736.5639027493,0.0,0.0,249
0,[],22,[],2019-05-28 23:53:45,0.0,0,0,7703643,2019-05-28 23:53:45,,13.44714864,0.0,0,,43777534.3426455,0.0,0.0,252
0,[],28,[],2019-06-04 01:39:21,0.0,0,0,7733854,2019-06-04 01:39:21,,0.0,213942.5555,0,,0.0,0.0,0.0,256
1,[],22,[],2019-06-04 01:39:24,850992.0,0.00000001,0.000000000000801091,7733855,2019-06-04 01:39:24,BTC,31464.5506333,0.0,0.00000001,BTC,584951.6675322719,0.00170968,0.00850992,258
1,[],22,[],2019-05-19 18:12:02,400.0,0.00000001,0.0000000000007957800000000001,7653905,2019-05-19 18:12:02,BTC,2.415167,0.0,0.00000001,BTC,157.0,0.0,4e-06,259
1,[],5,[],2019-06-04 01:39:26,0.0,0,0,7733856,2019-06-04 01:39:26,btc,0.0,0.07190266,0,btc,0.0,0.0,0.0,264
1,[],20,[],2019-06-04 01:39:28,960958.2389,0.000000181,0.0000000000144997471,7733857,2019-06-04 01:39:28,btc,0.9760774832195,0.0,0.000000181,btc,51736.5911,0.0,0.0085853635416,264
0,[],22,[],2019-04-12 17:57:27,0.0,0,0,7278186,2019-04-12 17:57:27,,66.37522201,0.0,0,,677842.4169881374,0.0,0.0,271
0,[],22,[],2019-05-29 08:10:20,0.0,0,0,7705301,2019-05-29 08:10:20,,33050470.74998113,0.0,0,,14361377780.7,0.0,0.0,272
0,[],28,[],2019-05-29 08:10:54,0.0,0,0,7705302,2019-05-29 08:10:54,,0.0,22189957216.5758,0,,0.0,0.0,0.0,272
1,[],22,[],2019-05-23 07:12:29,219930.0,0.00000004,0.000000000003048688,7671985,2019-05-23 07:12:29,BTC,426.77835217,0.0,0.00000004,BTC,248664.3325962929,0.0,0.00739728,281
1,[],22,[],2019-06-04 01:39:33,987494.85,0.00000004,0.000000000003204364,7733858,2019-06-04 01:39:33,BTC,31.67271682,0.0,0.00000004,"BTC,LTC",1554381.3069583753,0.00017078,0.04026243,286
0,[],22,[],2019-06-04 01:39:36,0.0,0,0,7733859,2019-06-04 01:39:36,,7337904.96568486,0.0,0,,2004620112.6797826,0.0,0.0,294
