pairValue,buyBook,exchangeId,sellBook,updated,buyTotal,satoshiPrice,usdPrice,exchangeLogId,created,bestPair,sellTotalBtc,volume,pairPrice,activePairs,sellTotal,volumeBtc,buyTotalBtc,coinId
1,[],3,[],2019-04-06 13:34:08,31229.703719870187,0.01353672000000000034958258510187079082243144512176513671875,0.000000678752799552,7198621,2019-04-06 13:34:08,btc,60.44174634494387,0.35451883,0.01353672000000000034958258510187079082243144512176513671875,btc,17.357828714416,0.0,0.43554398198511773,1
1,[],4,[],2019-04-06 13:34:09,207777.65279496,0.01349630,0.00000067672607608,7198622,2019-04-06 13:34:09,btc,8.952472275599064,0.0,0.01349630,btc,326.85466992,1.39633322,1.278949259259875,1
1,[],10,[],2019-04-06 13:36:11,422033.81334954,0.00989,0.0000004959004239999999,7198623,2019-04-06 13:36:11,btc,6523.0033642639455,1278.33620527,0.00989,btc,1253.28004603,0.0,4.353890527249262,1
1,[],12,[],2019-04-06 13:36:14,58.48160956,0.01350999999999999943989248407660852535627782344818115234375,0.000000677413016,7198624,2019-04-06 13:36:14,btc,0.3850969846238,0.0,0.01350999999999999943989248407660852535627782344818115234375,btc,20.07664776,0.3814761905773,0.2505063009378,1
1,[],20,[],2019-04-06 13:36:15,1187.4098,0.0131001,0.00000065685997416,7198625,2019-04-06 13:36:15,btc,0.0337348828411,6.0381,0.0131001,btc,1.8979,0.0943761052514,0.1670154876313,1
1,[],21,[],2019-04-06 13:36:17,2016.86810787,0.01356393000000000008398171047,0.000000680117152488,7198626,2019-04-06 13:36:17,btc,20.67213072591306,4322.741173199999,0.01356393000000000008398171047474534134380519390106201171875,"btc,eth",2082.71346103,56.82966124184115,22.315234575828807,1
1,[],22,[],2019-04-06 13:36:20,0.07690488253968254,0.01260000,0.00000063178416,7198627,2019-04-06 13:36:20,BTC,0.31439419,0.0,0.01260000,BTC,0.12751438772928525,0.0,0.0009684,1
1,[],24,[],2019-04-06 13:36:21,0.0,0.000000000000,0,7198628,2019-04-06 13:36:21,btc,0.0,0.0,0.000000000000,btc,0.0,0.0,0.0,1
0.0,[],25,[],2019-04-06 13:36:22,0.0,0,0,7198629,2019-04-06 13:36:22,btc,26.959999998313716,287.55298637,0.0,btc,1949.62349593,3.9318,0.0,1
1,[],26,[],2019-04-06 13:36:23,0.0,0,0,7198630,2019-04-06 13:36:23,,0.0,0.0,0,,0.0,0.0,0.0,1
1,[],28,[],2019-04-06 13:36:24,988.9,0.01300200,0.0000006519410832,7198631,2019-04-06 13:36:24,btc,0.158971879,17860.65,0.01300200,btc,8.7032,0.0,0.037553096,1
0,[],2,[],2019-01-20 23:28:45,0.0,0,0,6477011,2019-01-20 23:28:45,,0.0,0.0,0,,0.0,0.0,0.0,1
1,[],5,[],2019-04-06 13:24:43,0.0,0,0,7198436,2019-04-06 13:24:43,btc,0.0,0.11720175,0,btc,0.0,0.0,0.0,1
1,[],5,[],2019-04-06 14:10:57,0.0,0,0,7198812,2019-04-06 14:10:57,btc,0.0,0.09734007,0,btc,0.0,0.0,0.0,2
0.0000000001358754,[],22,[],2019-04-06 14:11:01,1148.0,1.4946294e-16,7.498346451684e-21,7198813,2019-04-06 14:11:01,XMR,21.02425527,0.0,0.00000110,XMR,24942.398537272726,0.0,0.00087635,2
1,[],5,[],2019-04-06 14:11:02,0.0,0,0,7198814,2019-04-06 14:11:02,btc,0.0,0.07924089,0,btc,0.0,0.0,0.0,3
1,[],12,[],2019-04-06 14:11:04,2522475.09246701,0.000000193,0.0000000000096825398,7198815,2019-04-06 14:11:04,btc,23498.984684972616,0.0,0.000000193,btc,2407052.80524451,0.13448034966236963,0.3196642724480319,3
0,[],28,[],2019-04-06 14:11:12,0.0,0,0,7198816,2019-04-06 14:11:12,,0.0,0.0,0,,0.0,0.0,0.0,3
0,[],2,[],2019-01-20 23:31:32,0.0,0,0,6477077,2019-01-20 23:31:32,,0.0,0.0,0,,0.0,0.0,0.0,4
1,[],4,[],2019-03-31 15:22:41,353217.65794564,0.00000029,0.000000000011904674,7122029,2019-03-31 15:22:41,btc,32.078041210795526,0.0,0.00000029,btc,733585.73137669,0.0,0.0341999475799974,4
1,[],12,[],2019-04-06 13:25:10,802028.0,0.00000001,0.000000000000501242,7198451,2019-04-06 13:25:10,btc,1111896.6064659702,0.0,0.00000001,btc,1521428.00798202,0.0,0.00802028,5
0,[],2,[],2019-01-20 23:31:51,0.0,0,0,6477087,2019-01-20 23:31:51,,0.0,0.0,0,,0.0,0.0,0.0,6
1,[],11,[],2019-04-06 14:11:15,4436888.66422,0.00000002,0.000000000001003372,7198817,2019-04-06 14:11:15,btc,9584.20788980528,283700.0,0.00000002,btc,42989033.14863166,0.0,0.0503218866422,6
1,[],3,[],2019-04-06 14:11:17,1122.17510824672,0.00015587000000000001027899987349201182951219379901885986328125,0.000000007819779682,7198818,2019-04-06 14:11:17,btc,2.689822639905499,0.0,0.00015587000000000001027899987349201182951219379901885986328125,btc,298.919206426181,0.0,0.03451070769841392,7
1,[],4,[],2019-04-06 14:11:17,74760.24768468,0.00020951,0.000000010510823386,7198819,2019-04-06 14:11:17,btc,11.744620195816404,0.0,0.00020951,btc,41537.63807273,2.37381187,5.1808103867385995,7
1,[],5,[],2019-04-06 14:11:19,0.0,0,0,7198820,2019-04-06 14:11:19,btc,0.0,0.088577,0,btc,0.0,0.0,0.0,7
1,[],20,[],2019-04-04 05:40:47,4271533.0066,0.000000001,0.000000000000049976400000000003,7169322,2019-04-04 05:40:47,btc,30.6354288730721,0.0,0.000000001,btc,17991077.4875,0.0,0.0042715330066,8
0,[],2,[],2019-01-20 23:22:42,0.0,0,0,6476876,2019-01-20 23:22:42,,0.0,0.0,0,,0.0,0.0,0.0,9
0,[],23,[],2019-01-20 23:22:48,0.0,0,0,6476878,2019-01-20 23:22:48,,0.0,0.0,0,,0.0,0.0,0.0,9
1,[],4,[],2019-04-06 14:11:22,1461646.31730887,0.00000122,0.000000000061205692,7198821,2019-04-06 14:11:22,btc,4.430966365038841,0.0,0.00000122,btc,2564008.38546704,0.95880146,1.1250750979822763,9
1,[],28,[],2019-04-06 14:11:30,18305.0,0.0000005,0.0000000000250843,7198822,2019-04-06 14:11:30,btc,2708.781748755347,3602300.137,0.0000005,btc,24679.8518,0.0,0.00198655,9
1,[],1,[],2019-02-17 23:31:42,1822507.21,0.00000181000000000000003456111265232042484285557293333113193511962890625,0.000000000066086901,6701244,2019-02-17 23:31:42,btc,3.6990969245,17153386.5,0.00000181000000000000003456111265232042484285557293333113193511962890625,btc,1997391.71,31.11772986,3.2610482446,9
1,[],4,[],2019-02-17 11:22:43,4341674.27126056,0.00000002,0.0000000000007272960000000001,6696112,2019-02-17 11:22:43,btc,0.1997230937751353,0.0,0.00000002,btc,4109766.79808031,0.00215132,0.0479381022052112,10
0,[],2,[],2019-01-20 23:23:08,0.0,0,0,6476890,2019-01-20 23:23:08,,0.0,0.0,0,,0.0,0.0,0.0,12
1,[],4,[],2019-04-06 14:11:33,4148619.88169514,0.00000131,0.000000000065720866,7198823,2019-04-06 14:11:33,btc,6.355410522733953,0.0,0.00000131,btc,3518649.11169718,2.34294237,2.3659081916178977,12
1,[],5,[],2019-04-06 14:11:34,0.0,0,0,7198824,2019-04-06 14:11:34,btc,0.0,0.01907066,0,btc,0.0,0.0,0.0,12
0.0,[],25,[],2019-04-06 14:11:37,0.0,0,0,7198825,2019-04-06 14:11:37,,0.0,0.0,0.0,btc,0.0,0.0,0.0,12
1,[],4,[],2019-04-06 14:11:39,32142642.2246312,0.00001000,0.000000000501686,7198826,2019-04-06 14:11:39,btc,3.6597663180925264,0.0,0.00001000,btc,261681.51337711,2.16621052,2.236318801148976,13
1,[],10,[],2019-04-06 14:11:41,547537.2536604,0.00000964,0.0000000004836253039999999,7198827,2019-04-06 14:11:41,btc,666790.1530451153,9203.37353469,0.00000964,btc,611469.17157777,0.0,1.206096544677173,13
1,[],21,[],2019-04-06 14:11:44,1203093.14810019,0.00001003000000000000053079936280,0.000000000503191058,7198828,2019-04-06 14:11:44,btc,5.5613214937160835,1635318.98104568,0.00001003000000000000053079936279676331878363271243870258331298828125,btc,502091.10026831,16.5203179,10.890125355694439,13
1,[],4,[],2019-04-06 14:11:45,1820803.97880552,0.00000113,0.000000000056690517999999995,7198829,2019-04-06 14:11:45,btc,6.34126064184844,0.0,0.00000113,btc,949077.2741042,0.00083108,0.2391374761934746,14
1,[],12,[],2019-04-06 14:11:46,313138.68315807,0.00000099,0.000000000049666914,7198830,2019-04-06 14:11:46,btc,0.15814991597400002,0.0,0.00000099,btc,11615.003996,0.0,0.0404439899999587,14
0,[],17,[],2019-04-06 14:11:48,0.0,0,0,7198831,2019-04-06 14:11:48,btc,0.0,0.0,0,btc,0.0,0.0,0.0,14
1,[],26,[],2019-04-06 14:11:49,0.0,0.00000050,0.0000000000250843,7198832,2019-04-06 14:11:49,btc,0.0,0.0,0.00000050,btc,0.0,0.0,0.0,14
0,[],4,[],2019-04-06 14:11:51,0.0,0,0,7198833,2019-04-06 14:11:51,,0.0,0.0,0,,0.0,0.0,0.0,15
,[],12,[],2018-12-01 15:15:48,204241.84496,0.00000489,0.000000000202473384,5260204,2018-12-01 15:15:48,btc,49.5475654835,0.0,,btc,35763.2193806,0.0163153972027625,0.0203389899998,15
0,[],2,[],2019-01-20 23:23:38,0.0,0,0,6476906,2019-01-20 23:23:38,,0.0,0.0,0,,0.0,0.0,0.0,18
1,[],4,[],2019-04-06 14:11:53,25750.65739346,0.00001552,0.000000000778616672,7198834,2019-04-06 14:11:53,btc,1.0287168709618968,0.0,0.00001552,btc,14701.0096549,0.02260624,0.0676464932244778,18
1,[],10,[],2019-04-06 14:11:55,480365.62882843,0.00001614,0.000000000809721204,7198835,2019-04-06 14:11:55,btc,15.391346288014656,22739.464395,0.00001614,btc,13654.70956061,0.0,0.0744635282492233,18
1,[],12,[],2019-04-06 14:11:56,316738.91623866,0.000015390000000000000034139358007223563618026673793792724609375,0.000000000772094754,7198836,2019-04-06 14:11:56,btc,33874.33644542687,0.0,0.000015390000000000000034139358007223563618026673793792724609375,btc,957.02842163,0.0013207798644722,0.0545233579444388,18
0,[],17,[],2019-04-06 14:11:58,0.0,0,0,7198837,2019-04-06 14:11:58,btc,0.0,0.0,0,btc,0.0,0.0,0.0,18
1,[],3,[],2019-04-06 14:11:59,119256.08558142763,0.000028059999999999999005517725692016028915531933307647705078125,0.0000000014077309159999998,7198838,2019-04-06 14:11:59,btc,0.6016585521304789,5537.54513624,0.000028059999999999999005517725692016028915531933307647705078125,btc,9737.793327759033,0.0,0.06157391215359936,19
1,[],4,[],2019-04-06 14:12:00,248441.13629186,0.00003870,0.00000000194152482,7198839,2019-04-06 14:12:00,btc,8.907281736902744,0.0,0.00003870,btc,151939.43025864,1.13650664,4.527743713307072,19
1,[],5,[],2019-04-06 14:12:01,0.0,0,0,7198840,2019-04-06 14:12:01,btc,0.0,0.00138276,0,btc,0.0,0.0,0.0,19
1,[],12,[],2019-04-06 14:12:03,184555.60824063,0.0000347499999999999976334034978986409214485320262610912322998046875,0.0000000017433588499999997,7198841,2019-04-06 14:12:03,btc,0.0956442375235808,0.0,0.0000347499999999999976334034978986409214485320262610912322998046875,btc,478.25919139,6.93e-05,0.0937750669842247,19
0,[],2,[],2019-01-20 23:24:19,0.0,0,0,6476924,2019-01-20 23:24:19,,0.0,0.0,0,,0.0,0.0,0.0,19
0,[],27,[],2019-04-06 13:38:03,0.0,0,0,7198662,2019-04-06 13:38:03,,0.0,0.0,0,,0.0,0.0,0.0,19
1,[],4,[],2019-04-06 13:38:04,1423114.09920322,0.00000011,0.000000000005515576,7198663,2019-04-06 13:38:04,btc,6.074298577343329,0.0,0.00000011,btc,2365861.04881084,0.0,0.0461847363435042,20
1,[],4,[],2019-04-06 13:38:05,88952622.77545188,0.00000001,0.000000000000501416,7198664,2019-04-06 13:38:05,btc,51.150148807831066,0.0,0.00000001,btc,63900362.95856905,0.00167666,0.8895262277545188,21
1,[],12,[],2019-04-06 13:38:06,10305683.0,0.00000001,0.000000000000501416,7198665,2019-04-06 13:38:06,btc,2904.543826918981,0.0,0.00000001,btc,5048537.70629371,0.00175332,0.10305683,21
0,[],17,[],2019-04-06 13:38:08,0.0,0,0,7198666,2019-04-06 13:38:08,btc,0.0,0.0,0,btc,0.0,0.0,0.0,21
1,[],12,[],2019-04-06 13:38:10,3566855476.0,0.0000000002,0.00000000000001002832,7198667,2019-04-06 13:38:10,btc,317475322036.28546,0.0,0.0000000002,btc,2210697086.1728277,0.021230337206793275,0.4452562525,23
0,[],27,[],2019-04-06 13:38:10,0.0,0,0,7198668,2019-04-06 13:38:10,,0.0,0.0,0,,0.0,0.0,0.0,23
1,[],4,[],2019-04-06 13:38:11,466869.38283628,0.00000042,0.000000000021059472,7198669,2019-04-06 13:38:11,btc,13.364623624894385,0.0,0.00000042,btc,2132287.13116155,0.00696333,0.1358299969099823,24
1,[],22,[],2019-04-06 13:38:14,11.76,0.00000100,0.0000000000501416,7198670,2019-04-06 13:38:14,BTC,7.415e-05,0.0,0.00000100,BTC,23.919354838709676,0.0,1.176e-05,24
0.0,[],25,[],2019-04-06 13:38:15,0.0,0,0,7198671,2019-04-06 13:38:15,,0.0,0.0,0.0,btc,0.0,0.0,0.0,24
1,[],4,[],2019-04-06 13:25:55,28284742.8868185,0.00000679,0.000000000340343318,7198486,2019-04-06 13:25:55,btc,171.88968344267684,0.0,0.00000679,btc,280432.20872944,0.40815879,0.6611626341363191,26
1,[],10,[],2019-04-06 13:25:57,84642.70945508,0.00000684,0.000000000342849528,7198487,2019-04-06 13:25:57,btc,25.56229945006658,3842.84511697,0.00000684,btc,21578.04772848,0.0,0.1393510225031534,26
0,[],2,[],2019-01-20 23:25:56,0.0,0,0,6476976,2019-01-20 23:25:56,,0.0,0.0,0,,0.0,0.0,0.0,26
1,[],3,[],2019-04-06 13:38:16,4831321.13394161,0.00000001,0.000000000000501416,7198672,2019-04-06 13:38:16,btc,1.8644062536035009,646261.679472,0.00000001,btc,14391925.917911239,0.0,0.0483132113394161,27
1,[],5,[],2019-04-06 13:38:18,0.0,0,0,7198673,2019-04-06 13:38:18,btc,0.0,0.00159325,0,btc,0.0,0.0,0.0,27
1,[],11,[],2019-04-06 13:38:19,7108765.91256781,0.00000006,0.0000000000030084959999999997,7198674,2019-04-06 13:38:19,btc,67502.97299864117,1198400.0,0.00000006,btc,6586383.7503637,0.0,0.38614616491802245,27
1,[],4,[],2019-04-06 13:38:20,1800255819.6183145,0.00000003,0.000000000001504248,7198675,2019-04-06 13:38:20,btc,5.0469654915039195,0.0,0.00000003,"btc,ltc",412633552.64044523,3.32456432,18.049924939305093,29
1,[],7,[],2019-04-06 13:38:21,41905473.34240712,0.00000003,0.0000000000015042479999999998,7198676,2019-04-06 13:38:21,btc,44884766.285635956,460102.002624,0.00000003,btc,29705450.49859298,0.0,0.5579787587234869,29
1,[],4,[],2019-04-06 13:38:22,2385715.55934765,0.00000015,0.00000000000752124,7198677,2019-04-06 13:38:22,btc,3.1955691001870776,0.0,0.00000015,btc,2709024.72125234,0.01201374,0.0911749387346326,30
0,[],17,[],2019-04-06 13:38:24,0.0,0,0,7198678,2019-04-06 13:38:24,btc,0.0,0.0,0,btc,0.0,0.0,0.0,30
1,[],4,[],2019-04-06 13:38:25,162258.74339894,0.00010002,0.000000005015162832,7198679,2019-04-06 13:38:25,btc,9.562845341579578,0.0,0.00010002,btc,50530.99518323,6.54128354,2.434338014337521,31
1,[],21,[],2019-04-06 13:38:26,68651.37049131001,0.00009914999999999999768379721488,0.00000000497153964,7198680,2019-04-06 13:38:26,btc,10.918844121454871,1625768.1235489,0.000099149999999999997683797214875767167541198432445526123046875,btc,103816.62254557,149.04648439,6.346367182814081,31
0,[],2,[],2019-01-20 23:28:43,0.0,0,0,6477009,2019-01-20 23:28:43,,0.0,0.0,0,,0.0,0.0,0.0,32
1,[],12,[],2019-03-30 07:55:10,40641173.964,0.00000003,0.000000000001228359,7108785,2019-03-30 07:55:10,btc,4233210.82356125,0.0,0.00000003,btc,28378394.68333462,0.0126927883965248,0.90752895892,33
0,[],4,[],2019-04-06 13:38:27,0.0,0,0,7198681,2019-04-06 13:38:27,,0.0,0.0,0,,0.0,0.0,0.0,33
1,[],4,[],2019-04-06 13:38:29,9885059.43672552,0.00000001,0.000000000000501416,7198682,2019-04-06 13:38:29,btc,4.221002380262948,0.0,0.00000001,btc,155003311.61106476,0.00670121,0.0988505943672552,34
1,[],5,[],2019-04-06 13:38:30,0.0,0,0,7198683,2019-04-06 13:38:30,btc,0.0,0.01467703,0,btc,0.0,0.0,0.0,34
0.0000000001769214,[],4,[],2019-04-06 13:38:30,3074216902.22278,1.769214e-18,8.87112207024e-23,7198684,2019-04-06 13:38:30,ltc,5.838680678361151e-08,0.0,0.00000001,ltc,6528110649.09275,0.0,5.438947582449174e-09,36
1,[],5,[],2019-04-06 13:38:31,0.0,0,0,7198685,2019-04-06 13:38:31,btc,0.0,0.0,0,btc,0.0,0.0,0.0,36
0,[],17,[],2019-04-06 13:38:33,0.0,0,0,7198686,2019-04-06 13:38:33,btc,0.04377468783408909,0.0,0,btc,1018272.20243647,0.0,0.0,36
0,[],27,[],2019-04-06 13:39:19,0.0,0,0,7198687,2019-04-06 13:39:19,,0.0,0.0,0,,0.0,0.0,0.0,36
1,[],4,[],2019-04-06 13:39:20,658746.02557349,0.00000038,0.000000000019053808,7198688,2019-04-06 13:39:20,btc,19772.656071368,0.0,0.00000038,btc,736085.34630369,0.03700696,0.057542079961835,37
1,[],12,[],2019-04-06 13:39:22,525217.50841263,0.00000039,0.000000000019555224,7198689,2019-04-06 13:39:22,btc,18.608154964649355,0.0,0.00000039,btc,434304.77939887,0.1805481116254277,0.1240422938405111,37
1,[],17,[],2019-04-06 13:39:23,1752.74075282,0.00000025,0.0000000000125354,7198690,2019-04-06 13:39:23,btc,0.05548492397571548,0.0,0.00000025,btc,1387.19918473,0.0,0.00043818518820499993,37
0,[],27,[],2019-04-06 13:39:24,0.0,0,0,7198691,2019-04-06 13:39:24,,0.0,0.0,0,,0.0,0.0,0.0,37
1,[],5,[],2019-04-06 13:39:25,0.0,0,0,7198692,2019-04-06 13:39:25,btc,0.0,0.00364404,0,btc,0.0,0.0,0.0,42
1,[],12,[],2019-04-06 13:39:26,252711.51389115,0.00000081,0.000000000040614696,7198693,2019-04-06 13:39:26,btc,10.205685920051527,0.0,0.00000081,btc,43180.38474786,0.001596145331263,0.0176946470813347,42
0,[],27,[],2019-04-06 13:39:26,0.0,0,0,7198694,2019-04-06 13:39:26,,0.0,0.0,0,,0.0,0.0,0.0,42
1,[],5,[],2019-04-03 07:21:02,0.0,0,0,7159930,2019-04-03 07:21:02,btc,0.0,0.00286478,0,btc,0.0,0.0,0.0,43
0,[],17,[],2019-04-03 07:21:05,0.0,0,0,7159931,2019-04-03 07:21:05,btc,0.0,0.0,0,btc,0.0,0.0,0.0,43
1,[],12,[],2019-03-13 09:13:29,1112112.0,0.00000001,0.000000000000386531,6919902,2019-03-13 09:13:29,btc,29058.00478931866,0.0,0.00000001,btc,5967681.93306694,9.99000999e-07,0.01112112,43
1,[],12,[],2019-03-05 01:54:08,639326.02,0.00000004,0.000000000001486676,6845775,2019-03-05 01:54:08,btc,11116042.728239931,0.0,0.00000004,btc,1103841.4595604,0.0003330765234764,0.014975410599999999,44
1,[],4,[],2019-04-06 13:39:27,157137302.16077632,0.00000001,0.000000000000501416,7198695,2019-04-06 13:39:27,btc,479.511775282376,0.0,0.00000001,"btc,ltc",18173067.44563179,0.00046612,0.5053178729642694,49
0.0000000001769214,[],4,[],2019-04-06 13:39:27,108955600.0,1.769214e-18,8.87112207024e-23,7198696,2019-04-06 13:39:27,ltc,24.342796589413428,0.0,0.00000001,ltc,7082484686.967609,0.0,1.927657728984e-10,52
0.0000000001356642,[],22,[],2019-04-06 13:39:30,2590.0,1.3566419999999999e-18,6.802420050719999e-23,7198697,2019-04-06 13:39:30,XMR,10308.14362209,0.0,0.00000001,XMR,314387050.4566013,0.0,2.59e-05,57
0,[],27,[],2019-04-06 13:39:30,0.0,0,0,7198698,2019-04-06 13:39:30,,0.0,0.0,0,,0.0,0.0,0.0,57
0.0000000001769214,[],4,[],2019-04-06 13:39:31,1204995271.4529994,1.769214e-18,8.87112207024e-23,7198699,2019-04-06 13:39:31,ltc,18.62766899954316,0.0,0.00000001,ltc,4716843270.11432,0.0,2.1318945041884468e-09,58
1,[],12,[],2019-04-06 13:39:32,782463445.0,0.0000000002,0.00000000000001002832,7198700,2019-04-06 13:39:32,btc,8621350.504157845,0.0,0.0000000002,btc,1886660154.4174185,0.002105392178670541,0.1406008756,58
0,[],17,[],2019-04-06 13:39:34,0.0,0,0,7198701,2019-04-06 13:39:34,btc,1e+24,0.0,0,btc,49306342.21952568,0.0,0.0,58
0.0000000001356642,[],22,[],2019-04-06 13:39:36,137438.0,1.3566419999999999e-18,6.802420050719999e-23,7198702,2019-04-06 13:39:36,XMR,69.1795942,0.0,0.00000001,XMR,9887963.0,0.0,0.00137438,58
1,[],5,[],2019-04-06 13:39:38,0.0,0,0,7198703,2019-04-06 13:39:38,btc,0.0,0.0049649,0,btc,0.0,0.0,0.0,61
1,[],22,[],2019-04-06 13:39:40,63542.833333333336,0.00000013,0.000000000006518408,7198704,2019-04-06 13:39:40,BTC,1002.29602762,0.0,0.00000013,BTC,15234.52361146909,9.23e-06,0.00802346,61
1,[],26,[],2019-04-06 13:39:41,0.0,0.00000800,0.0000000004011328,7198705,2019-04-06 13:39:41,btc,0.0,0.0,0.00000800,btc,0.0,0.0,0.0,61
0,[],27,[],2019-04-06 13:39:41,0.0,0,0,7198706,2019-04-06 13:39:41,,0.0,0.0,0,,0.0,0.0,0.0,61
1,[],28,[],2019-04-06 13:39:42,1880.304,0.00000022,0.000000000011031152,7198707,2019-04-06 13:39:42,btc,2.071633822092105,736.0,0.00000022,btc,26999.49520005,0.0,0.00016391304,61
1,[],4,[],2019-04-06 13:39:44,1671752.05846873,0.00000195,0.00000000009777611999999999,7198708,2019-04-06 13:39:44,btc,9.561992147119318,0.0,0.00000195,btc,912160.33055514,0.14710879,1.3587315340459705,67
0.0,[],25,[],2019-04-06 13:39:45,0.0,0,0,7198709,2019-04-06 13:39:45,,0.0,0.0,0.0,btc,0.0,0.0,0.0,67
1,[],12,[],2019-04-06 13:39:46,1043244.14611311,0.00000028,0.000000000014039648000000001,7198710,2019-04-06 13:39:46,btc,56667922.0081801,0.0,0.00000028,btc,1221772.77986859,0.0009149126673313,0.0686532599999912,71
,[],5,[],2018-11-20 23:02:39,1.5e-07,0.00000005,0.000000000002128045,4862160,2018-11-20 23:02:39,btc,2.84511358,0.0,,btc,0.00036572,0.0,0.07381892,74
1,[],5,[],2019-04-06 13:39:47,0.0,0,0,7198711,2019-04-06 13:39:47,btc,0.0,0.02907314,0,btc,0.0,0.0,0.0,75
0,[],20,[],2019-01-25 09:30:31,0.0,0,0,6495923,2019-01-25 09:30:31,btc,0.0,0.0,0,btc,0.0,0.0,0.0,81
1,[],4,[],2019-04-06 13:39:49,3278481.00028221,0.00000001,0.000000000000501416,7198712,2019-04-06 13:39:49,btc,133687.84611762472,0.0,0.00000001,btc,31162640.97478575,0.04249948,0.0327848100028221,81
1,[],4,[],2019-04-06 13:39:50,19186.27494463,0.00007882,0.000000003952160912,7198713,2019-04-06 13:39:50,btc,17.64446396624355,0.0,0.00007882,btc,11702.99852609,0.25050979,0.3048205716786674,82
1,[],21,[],2019-04-06 13:39:51,751619.69654537,0.00007660000000000000521579307522,0.00000000384084656,7198714,2019-04-06 13:39:51,btc,4.019834878576606,6664.02092936,0.000076600000000000005215793075219465890768333338201045989990234375,btc,46899.21448609,0.51103287,2.5784744201260597,82
0,[],17,[],2019-03-25 22:42:34,0.0,0,0,7038780,2019-03-25 22:42:34,btc,0.0445064681804024,0.0,0,btc,995513.18476001,0.0,0.0,84
0.0000000001769214,[],4,[],2019-04-06 13:39:52,248128933.6102013,1.769214e-18,8.87112207024e-23,7198715,2019-04-06 13:39:52,ltc,1.6829905654219282,0.0,0.00000001,ltc,449610084.7610014,0.00033713,4.3899318314823866e-10,85
,[],22,[],2018-11-20 23:09:34,3408.1,0.0000001,0.0000000000041895,4862324,2018-11-20 23:09:34,BTC,0.04624735,0.0,,BTC,4990.0,0.0,0.00033081,86
1,[],22,[],2019-04-06 13:39:55,107643.2,0.00000005,0.00000000000250708,7198716,2019-04-06 13:39:55,BTC,3.66195928,0.0,0.00000005,BTC,224414.04041017056,0.0,0.00154216,87
0,[],27,[],2019-04-06 13:40:21,0.0,0,0,7198717,2019-04-06 13:40:21,,0.0,0.0,0,,0.0,0.0,0.0,87
,[],2,[],2018-11-20 23:10:47,0.0,0,0,4862359,2018-11-20 23:10:47,,0.0,0.0,,,0.0,0.0,0.0,88
1,[],11,[],2019-04-06 13:40:23,87994.15637125,0.00014002000000000000448467651903428077275748364627361297607421875,0.0000000070208268320000005,7198718,2019-04-06 13:40:23,btc,529.331504608545,1824.65128715,0.00014002000000000000448467651903428077275748364627361297607421875,btc,101378.39394005,0.0,5.580108291346542,89
0,[],2,[],2019-01-20 23:31:45,0.0,0,0,6477083,2019-01-20 23:31:45,,0.0,0.0,0,,0.0,0.0,0.0,91
1,[],12,[],2019-04-06 13:29:47,324835.49209347,0.00000076,0.000000000038094392,7198535,2019-04-06 13:29:47,btc,83.15492676355066,0.0,0.00000076,btc,96558.59572175,0.0043615539106686,0.044393103463148696,91
0,[],17,[],2019-04-06 13:29:49,0.0,0,0,7198536,2019-04-06 13:29:49,btc,0.0,0.0,0,btc,0.0,0.0,0.0,91
1,[],22,[],2019-04-06 13:29:51,65900.0,0.00000001,0.000000000000501242,7198537,2019-04-06 13:29:51,BTC,3e-06,0.0,0.00000001,BTC,1.0,0.0,0.000659,91
0,[],22,[],2019-03-21 12:10:46,0.0,0,0,6996572,2019-03-21 12:10:46,,4.56897116,0.0,0,,46768900.1,0.0,0.0,95
0,[],12,[],2019-04-06 13:40:26,0.0,0,0,7198720,2019-04-06 13:40:26,btc,50.50038931737263,0.0,0,btc,5059910.7372627,0.0,0.0,96
0,[],17,[],2019-04-06 13:40:27,0.0,0,0,7198721,2019-04-06 13:40:27,btc,0.0,0.0,0,btc,0.0,0.0,0.0,96
0.0000000001769214,[],4,[],2019-04-06 13:40:24,529762335.4163778,2.1230568e-17,1.0645346484288e-21,7198719,2019-04-06 13:40:24,ltc,11.961672294687597,0.0,0.00000012,ltc,141591292.8427566,0.0,1.03164030047312e-09,96
1,[],4,[],2019-04-03 20:04:38,1523570.8786377,0.00000040,0.00000000002042612,7166515,2019-04-03 20:04:38,btc,4.6810255304234305,0.0,0.00000040,btc,3209413.55187158,0.19593752,0.1820333463725714,99
1,[],4,[],2019-04-06 13:40:28,338980.13115866,0.00004771,0.000000002392255736,7198722,2019-04-06 13:40:28,btc,11.664254470057775,0.0,0.00004771,btc,164149.08178695,0.96519328,3.4008240580124314,100
0,[],2,[],2019-01-20 23:23:55,0.0,0,0,6476914,2019-01-20 23:23:55,,0.0,0.0,0,,0.0,0.0,0.0,100
1,[],22,[],2019-04-06 13:40:53,120000.0,0.00000002,0.000000000001002832,7198723,2019-04-06 13:40:53,BTC,24.82891609,0.0,0.00000002,BTC,11877.22,0.0,0.0014,101
1,[],4,[],2019-04-06 13:40:54,394414.86122811,0.00000088,0.000000000044124608,7198724,2019-04-06 13:40:54,btc,279.388498273293,0.0,0.00000088,btc,657040.77343093,0.00511588,0.2173411863053378,103
1,[],12,[],2019-04-06 13:40:57,38363294.0,0.000000007,0.0000000000003509912,7198725,2019-04-06 13:40:57,btc,468419473.45854896,0.0,0.000000007,btc,90533086.26621404,0.04117684745216929,0.076342043,105
0,[],27,[],2019-04-06 13:41:37,0.0,0,0,7198726,2019-04-06 13:41:37,,0.0,0.0,0,,0.0,0.0,0.0,105
1,[],22,[],2019-04-01 17:44:48,9328.0,0.00000001,0.00000000000041453500000000006,7138290,2019-04-01 17:44:48,BTC,51.38182867,0.0,0.00000001,BTC,470435.0,0.00050637,9.328e-05,107
1,[],26,[],2019-04-01 17:44:48,0.0,0.00000000,0,7138291,2019-04-01 17:44:48,btc,0.0,0.0,0.00000000,btc,0.0,0.0,0.0,107
1,[],5,[],2019-04-06 13:41:38,0.0,0,0,7198727,2019-04-06 13:41:38,btc,0.0,0.00463274,0,btc,0.0,0.0,0.0,112
0,[],22,[],2019-04-06 13:41:40,0.0,0,0,7198728,2019-04-06 13:41:40,,2.78752585,0.0,0,,1029384.0833333334,0.0,0.0,112
0,[],27,[],2019-04-06 13:41:40,0.0,0,0,7198729,2019-04-06 13:41:40,,0.0,0.0,0,,0.0,0.0,0.0,112
1,[],4,[],2019-04-06 13:41:41,419296.2666627,0.00000167,0.000000000083736472,7198730,2019-04-06 13:41:41,btc,4.167047333598045,0.0,0.00000167,btc,475550.07484171,0.03668832,0.4968696322295659,113
1,[],5,[],2019-04-06 13:41:42,0.0,0,0,7198731,2019-04-06 13:41:42,btc,0.0,0.0,0,btc,0.0,0.0,0.0,113
1,[],17,[],2019-04-06 13:41:44,152738.278,0.00000004,0.000000000002005664,7198732,2019-04-06 13:41:44,btc,1.3368030274425877,0.0,0.00000004,btc,51896.221,0.0,0.0022095311199999998,116
0,[],27,[],2019-04-06 13:41:44,0.0,0,0,7198733,2019-04-06 13:41:44,,0.0,0.0,0,,0.0,0.0,0.0,116
1,[],4,[],2019-04-06 13:41:45,63178805.20483538,0.00001273,0.000000000638302568,7198734,2019-04-06 13:41:45,btc,118.00877927194021,0.0,0.00001273,btc,226603.39638852,0.03909192,7.066886002210904,120
1,[],7,[],2019-04-06 13:41:47,9565.0273809,0.000012480000000000000790509151193941050905777956359088420867919921875,0.000000000625767168,7198735,2019-04-06 13:41:47,btc,231206.28687839353,52.20543897,0.000012480000000000000790509151193941050905777956359088420867919921875,btc,30510.46592223,0.0007003,0.0177097485660487,120
1,[],20,[],2019-04-06 13:41:50,1680884.78,0.000000035,0.000000000001754956,7198736,2019-04-06 13:41:50,btc,32.2497668025648,0.0,0.000000035,btc,1001975.4986,0.0,0.0161458672221,125
0,[],22,[],2019-04-06 13:41:52,0.0,0,0,7198737,2019-04-06 13:41:52,,0.01444887,0.0,0,,296263.5111111111,0.0,0.0,126
1,[],4,[],2019-04-06 13:41:53,3233598.06873051,0.00000976,0.000000000489382016,7198738,2019-04-06 13:41:53,btc,3.906277132830229,0.0,0.00000976,btc,166146.8360516,0.34400354,0.4674055923764289,131
0,[],17,[],2019-04-06 13:41:54,0.0,0,0,7198739,2019-04-06 13:41:54,btc,0.0953976503951408,0.0,0,btc,5037.62507334,0.0,0.0,131
0,[],2,[],2019-01-20 23:25:46,0.0,0,0,6476969,2019-01-20 23:25:46,,0.0,0.0,0,,0.0,0.0,0.0,131
1,[],4,[],2019-04-06 13:41:55,4737.14116811,0.00011140,0.00000000558577424,7198740,2019-04-06 13:41:55,btc,9.983746887428312,0.0,0.00011140,btc,242.95868326,0.0,0.0113409661888304,135
1,[],3,[],2019-03-07 00:20:44,877702.73244099,0.00000004,0.00000000000154846,6863392,2019-03-07 00:20:44,btc,0.119366241821405,0.0,0.00000004,btc,760637.99421222,0.0,0.023771231960604298,136
1,[],4,[],2019-04-06 13:41:56,2543991.60473546,0.00000098,0.000000000049138768,7198741,2019-04-06 13:41:56,btc,50.29885851641383,0.0,0.00000098,btc,591574.44867087,0.05538143,0.1538565881498701,137
1,[],12,[],2019-04-06 13:41:57,148726.56862743,0.000001030000000000000091033409109486651544784763245843350887298583984375,0.000000000051645848000000005,7198742,2019-04-06 13:41:57,btc,10234.705989135105,0.0,0.000001030000000000000091033409109486651544784763245843350887298583984375,btc,10520.14173191,0.0005071578421572,0.0079982499999893,137
1,[],4,[],2019-04-06 13:41:58,49065.0459326,0.00002962,0.000000001485194192,7198743,2019-04-06 13:41:58,btc,4.731739862145432,0.0,0.00002962,btc,80802.65533652,1.88264047,0.5793877300897402,142
1,[],5,[],2019-04-06 13:41:59,0.0,0,0,7198744,2019-04-06 13:41:59,btc,0.0,0.08406102,0,btc,0.0,0.0,0.0,142
1,[],17,[],2019-04-06 13:42:02,22967.386363640002,0.00000088,0.000000000044124608,7198745,2019-04-06 13:42:02,btc,20.069762067392908,0.0,0.00000088,btc,2746.079105,0.0,0.0104613000000032,142
1,[],20,[],2019-04-06 13:42:03,60378.6514,0.00002855,0.00000000143154268,7198746,2019-04-06 13:42:03,btc,1.3841158758415,0.02,0.00002855,btc,3331.5358,5.71e-07,0.0449105954258,142
1,[],22,[],2019-04-06 13:42:06,1621.0,0.00001020,0.00000000051144432,7198747,2019-04-06 13:42:06,BTC,3.27948712,0.0,0.00001020,BTC,1169.5278181818182,0.0,0.0007584,142
0.0,[],25,[],2019-04-06 13:42:07,0.0,0,0,7198748,2019-04-06 13:42:07,,0.0,0.0,0.0,btc,0.0,0.0,0.0,142
1,[],28,[],2019-04-06 13:42:09,77757.207,0.00004735,0.00000000237420476,7198749,2019-04-06 13:42:09,btc,0.0477314554747,225.0,0.00004735,btc,312.37303,0.0,0.01634985145,142
0,[],22,[],2019-04-06 13:42:11,0.0,0,0,7198750,2019-04-06 13:42:11,,62.98070713,0.0,0,,767832216.8,0.0,0.0,143
0,[],22,[],2019-02-25 15:42:22,0.0,0,0,6783783,2019-02-25 15:42:22,,4.2131946,0.0,0,,2322156.0,0.0,0.0,146
,[],22,[],2018-11-20 23:01:11,0.0,0,0,4862114,2018-11-20 23:01:11,,2.56807021,0.0,,,61828.4988236,0.0,0.0,147
1,[],12,[],2019-04-06 13:42:12,258214.81172135,0.0000020399999999999999500377954875229846720685600303113460540771484375,0.00000000010228886399999999,7198751,2019-04-06 13:42:12,btc,9.697134964518366,0.0,0.0000020399999999999999500377954875229846720685600303113460540771484375,btc,106386.49999209,0.0,0.0108457599999547,148
1,[],4,[],2019-03-19 21:31:25,255810.0415942,0.00000029,0.000000000011615747,6982695,2019-03-19 21:31:25,btc,218.94922712414143,0.0,0.00000029,btc,793529.37642722,0.00117,0.0608347789473395,152
0,[],22,[],2019-03-19 21:31:27,0.0,0,0,6982696,2019-03-19 21:31:27,,0.0,0.0,0,,0.0,0.0,0.0,152
1,[],5,[],2019-04-06 13:42:14,0.0,0,0,7198752,2019-04-06 13:42:14,btc,0.0,0.0,0,btc,0.0,0.0,0.0,153
,[],16,[],2019-01-11 15:38:59,0.0,0,0,6366141,2019-01-11 15:38:59,btc,0.0,0.0,,btc,0.0,0.0,0.0,155
0,[],22,[],2019-04-06 05:09:06,0.0,0,0,7194924,2019-04-06 05:09:06,,6.80640151,0.0,0,,4675792.242592593,0.0,0.0,156
0,[],23,[],2019-01-20 23:24:29,0.0,0,0,6476932,2019-01-20 23:24:29,,0.0,0.0,0,,0.0,0.0,0.0,156
1,[],22,[],2019-04-06 13:42:18,7066.0,0.00000800,0.0000000004011328,7198753,2019-04-06 13:42:18,BTC,1.79802465,0.0,0.00000800,BTC,802.6461988741639,0.0,0.00062996,157
0,[],22,[],2019-04-06 13:42:21,0.0,0,0,7198754,2019-04-06 13:42:21,,50234.63121379,0.0,0,,55029136.03179465,0.0,0.0,158
,[],17,[],2018-11-20 22:56:10,0.0,0,0,4861976,2018-11-20 22:56:10,btc,1.1265625,0.0,,btc,1000.0,0.0,0.0,159
,[],20,[],2018-11-20 22:56:12,0.0,0,0,4861977,2018-11-20 22:56:12,btc,11912.7940471,0.0,,btc,34413894.3617,0.0,0.0,159
1,[],12,[],2019-04-06 13:42:22,235039.29109187,0.00000620999999999999983545280468621996305955690331757068634033203125,0.000000000311379336,7198755,2019-04-06 13:42:22,btc,17.952247075201086,0.0,0.00000620999999999999983545280468621996305955690331757068634033203125,btc,10320.04496643,0.0048833696500025,0.106551836349806,168
1,[],17,[],2019-04-06 13:42:24,22852.0,0.00000001,0.000000000000501416,7198756,2019-04-06 13:42:24,btc,0.04106974251542,0.0,0.00000001,btc,256.46171372,0.0,0.00022852000000000001,168
1,[],22,[],2019-04-06 13:42:26,993744.0,0.00000001,0.000000000000501416,7198757,2019-04-06 13:42:26,BTC,45.65738194,0.0,0.00000001,BTC,529106.1947107811,0.0,0.00993744,169
1,[],22,[],2019-04-06 13:42:31,640018.6666666666,0.00000005,0.00000000000250708,7198758,2019-04-06 13:42:31,BTC,11.28981243,0.0,0.00000005,BTC,121855.29625227844,3.728e-05,0.01551998,171
1,[],22,[],2019-04-01 09:30:11,464224.0,0.00000029,0.000000000011989963000000002,7131874,2019-04-01 09:30:11,BTC,2.300003,0.0,0.00000029,"BTC,LTC",295879.07579844765,0.00203181,0.12689866,173
1,[],5,[],2019-04-06 13:42:32,0.0,0,0,7198759,2019-04-06 13:42:32,btc,0.0,0.01506672,0,btc,0.0,0.0,0.0,175
1,[],22,[],2019-04-06 13:42:35,634861.0,0.00000003,0.000000000001504248,7198760,2019-04-06 13:42:35,BTC,0.52441472,0.0,0.00000003,BTC,129184.40469601455,1.113e-05,0.00704583,176
1,[],7,[],2019-04-06 13:43:02,0.0,0,0,7198761,2019-04-06 13:43:02,btc,410872.1972190696,0.0,0,btc,85385347.2367181,0.0,0.0,178
0,[],22,[],2019-04-06 13:43:04,0.0,0,0,7198762,2019-04-06 13:43:04,,1.00242438,0.0,0,,57522.0,0.0,0.0,178
0,[],2,[],2019-01-20 23:28:34,0.0,0,0,6477001,2019-01-20 23:28:34,,0.0,0.0,0,,0.0,0.0,0.0,178
1,[],5,[],2019-04-06 13:43:05,0.0,0,0,7198763,2019-04-06 13:43:05,btc,0.0,0.16740841,0,btc,0.0,0.0,0.0,179
1,[],22,[],2019-04-06 13:43:08,676558.0,0.00000001,0.000000000000501416,7198764,2019-04-06 13:43:08,BTC,5.52123924,0.0,0.00000001,BTC,17683112.192249708,0.00012058,0.00676558,179
0,[],23,[],2019-01-20 23:25:08,0.0,0,0,6476952,2019-01-20 23:25:08,,0.0,0.0,0,,0.0,0.0,0.0,179
1,[],17,[],2019-04-06 13:43:10,10504.725,0.0000001,0.00000000000501416,7198765,2019-04-06 13:43:10,btc,5.2010695838427,0.0,0.0000001,btc,5033.45945,0.0,0.0010504725,180
1,[],22,[],2019-04-06 13:43:13,671853.7090909091,0.00000055,0.00000000002757788,7198766,2019-04-06 13:43:13,BTC,38.03645013,0.0,0.00000055,"BTC,LTC",131471.8594236411,0.0,0.55989283,180
1,[],26,[],2019-04-06 13:43:13,0.0,0.00000125,0.000000000062677,7198767,2019-04-06 13:43:13,btc,0.0,0.0,0.00000125,btc,0.0,0.0,0.0,180
,[],7,[],2018-11-20 22:58:01,562227.975654,0.00000085,0.000000000036176765,4862015,2018-11-20 22:58:01,btc,21836.6059674,2491.87645172,,btc,749999.041456,0.00211021,0.127565380455,183
,[],5,[],2019-01-10 08:11:41,0.0,0,0,6347036,2019-01-10 08:11:41,btc,82.15055501,0.00261,,btc,1.19002445,0.0,0.0,187
1,[],24,[],2019-04-06 13:43:14,0.0,0.000000000014,7.019824e-16,7198768,2019-04-06 13:43:14,btc,0.0,0.0,0.000000000014,btc,0.0,0.0,0.0,187
,[],17,[],2018-11-16 20:58:10,4062536.27273,0.00000001,0.000000000000550501,4708775,2018-11-16 20:58:10,btc,3.36492563466,0.195460381006,,"btc,eth",110697919.549,0.0,0.0157628953496,187
1,[],22,[],2019-03-26 06:20:29,12315.0,0.00000001,0.00000000000039339800000000003,7044441,2019-03-26 06:20:29,BTC,7.56699454,0.0,0.00000001,BTC,79361.7243344055,0.0,0.00012315,191
0,[],22,[],2019-04-06 13:43:18,0.0,0,0,7198769,2019-04-06 13:43:18,,0.0,0.0,0,,0.0,0.0,0.0,197
0,[],23,[],2019-01-20 23:31:41,0.0,0,0,6477079,2019-01-20 23:31:41,,0.0,0.0,0,,0.0,0.0,0.0,199
0.0000000001769214,[],22,[],2019-04-06 13:43:33,60000000.0,1.769214e-18,8.87112207024e-23,7198770,2019-04-06 13:43:33,LTC,5.45812685,0.0,0.00000001,LTC,26941869.15,0.0,0.6,199
1,[],26,[],2019-04-06 13:43:33,0.0,0.00000000,0,7198771,2019-04-06 13:43:33,btc,0.0,129293.0,0.00000000,btc,0.0,0.0,0.0,199
0,[],2,[],2019-01-20 23:30:49,0.0,0,0,6477059,2019-01-20 23:30:49,,0.0,0.0,0,,0.0,0.0,0.0,201
1,[],4,[],2019-01-25 15:51:35,2084389.58565343,0.00000936,0.000000000333526752,6499557,2019-01-25 15:51:35,btc,2.0092503037378524,0.0,0.00000936,btc,160195.80207885,0.19272417,1.242687955921835,211
1,[],7,[],2019-04-06 13:43:37,3012083.0242032697,0.000001089999999999999940087530049537267728965161950327455997467041015625,0.000000000054654343999999994,7198772,2019-04-06 13:43:37,btc,15586195.606681608,595831.202921,0.000001089999999999999940087530049537267728965161950327455997467041015625,btc,13433805.78901886,0.0,2.384624483671507,212
1,[],5,[],2019-04-06 13:43:39,0.0,0,0,7198773,2019-04-06 13:43:39,btc,0.0,0.15748502,0,btc,0.0,0.0,0.0,213
1,[],24,[],2019-04-06 13:43:39,0.0,0.000000220000,0.000000000011031152,7198774,2019-04-06 13:43:39,btc,0.0,0.0,0.000000220000,btc,0.0,0.0,0.0,213
1,[],26,[],2019-04-06 13:43:40,0.0,0.00000040,0.00000000002005664,7198775,2019-04-06 13:43:40,btc,0.0,0.0,0.00000040,btc,0.0,0.0,0.0,213
1,[],12,[],2019-01-25 02:44:32,207462.42853209,0.000001080000000000000035831255497387193287295303889550268650054931640625,0.000000000038610756000000006,6493050,2019-01-25 02:44:32,btc,85023.03793723314,0.0,0.000001080000000000000035831255497387193287295303889550268650054931640625,btc,43675.73520027,0.000146250909087,0.0348620860622024,213
1,[],22,[],2019-04-06 13:43:42,185836.0,0.00000001,0.000000000000501416,7198776,2019-04-06 13:43:42,BTC,9.52190871,0.0,0.00000001,BTC,1112735.9818427025,0.00087104,0.00185836,216
0,[],27,[],2019-04-06 13:44:56,0.0,0,0,7198777,2019-04-06 13:44:56,,0.0,0.0,0,,0.0,0.0,0.0,216
1,[],22,[],2019-04-06 13:44:59,289879.52000048704,0.00000144,0.000000000072203904,7198778,2019-04-06 13:44:59,BTC,12042.77893026,0.0,0.00000144,BTC,397573.1153544117,0.17059481,0.29016007,217
1,[],7,[],2019-04-06 13:45:00,0.0,0,0,7198779,2019-04-06 13:45:00,btc,77969.70445424062,0.0,0,btc,136425479.15198368,0.0,0.0,219
0,[],27,[],2019-04-06 13:45:00,0.0,0,0,7198780,2019-04-06 13:45:00,,0.0,0.0,0,,0.0,0.0,0.0,219
0.0000000000000069,[],28,[],2019-04-06 13:45:02,260261592.061,3.10569e-18,1.55724265704e-22,7198781,2019-04-06 13:45:02,doge,161169.30228910406,14737.0,0.00045010,"btc,doge",17334425.46036,0.0,1.1670748543134132e-11,219
1,[],22,[],2019-04-02 19:32:29,694653.0,0.00000007,0.00000000000330008,7153804,2019-04-02 19:32:29,BTC,2.83309452,0.0,0.00000007,BTC,94373.03430328587,0.00135954,0.03572421,221
1,[],24,[],2019-04-02 19:32:29,0.0,0.000000140000,0.00000000000660016,7153805,2019-04-02 19:32:29,btc,0.0,0.0,0.000000140000,btc,0.0,0.0,0.0,221
1,[],20,[],2019-03-31 04:10:59,44278413.4439,0.000000004,0.0000000000001637328,7116160,2019-03-31 04:10:59,btc,505.9313517634928,196869.539,0.000000004,btc,19332181.9792,0.000787478156,0.0533873483986,224
0,[],22,[],2019-03-31 04:11:02,0.0,0,0,7116161,2019-03-31 04:11:02,,0.0,0.0,0,,0.0,0.0,0.0,224
1,[],26,[],2019-04-06 13:45:02,0.0,0.00000022,0.000000000011031152,7198782,2019-04-06 13:45:02,btc,0.0,0.0,0.00000022,btc,0.0,0.0,0.0,231
1,[],26,[],2019-04-06 13:32:40,0.0,0.00000005,0.00000000000250621,7198602,2019-04-06 13:32:40,btc,0.0,100.0,0.00000005,btc,0.0,0.0,0.0,234
0,[],27,[],2019-04-06 13:32:40,0.0,0,0,7198603,2019-04-06 13:32:40,,0.0,0.0,0,,0.0,0.0,0.0,234
1,[],4,[],2019-04-06 13:45:03,944181.89864036,0.00000082,0.000000000041116112,7198783,2019-04-06 13:45:03,btc,4.892164254301286,0.0,0.00000082,btc,1304572.11400941,0.05394401,0.3823631093610409,236
1,[],24,[],2019-04-06 13:45:03,0.0,0.000000500000,0.0000000000250708,7198784,2019-04-06 13:45:03,btc,0.0,0.0,0.000000500000,btc,0.0,0.0,0.0,236
1,[],20,[],2019-04-06 13:45:05,77521499.02,0.000000035,0.000000000001754956,7198785,2019-04-06 13:45:05,btc,481.6975655722417,16654915.2394,0.000000035,btc,28290254.0107,0.5976914595685,0.6879485789972,237
1,[],22,[],2019-04-06 13:45:09,795976.9,0.00000001,0.000000000000501416,7198786,2019-04-06 13:45:09,BTC,1.20377519,0.0,0.00000001,"BTC,LTC",18869.0,0.0,0.12586331,237
1,[],4,[],2019-04-06 13:45:10,5387496.31591617,0.00000035,0.00000000001754956,7198787,2019-04-06 13:45:10,btc,4.159359017870188,0.0,0.00000035,btc,7618697.85955609,0.30043014,1.2535352894996648,238
1,[],5,[],2019-04-06 13:45:11,0.0,0,0,7198788,2019-04-06 13:45:11,btc,0.0,0.21520287,0,btc,0.0,0.0,0.0,238
0,[],22,[],2019-03-12 16:49:32,0.0,0,0,6914458,2019-03-12 16:49:32,,0.40415746,0.0,0,,526736.5639027493,0.0,0.0,249
0.0000000001769214,[],22,[],2019-04-06 13:45:26,20049849.0,1.769214e-18,8.87112207024e-23,7198789,2019-04-06 13:45:26,LTC,1.34477646,0.0,0.00000001,LTC,26794647.31936508,5.2233481528128e-11,0.20049849,252
1,[],28,[],2019-04-06 13:45:28,1819854.406,0.00000077,0.000000000038609032,7198790,2019-04-06 13:45:28,btc,164694.36906651393,388920.7524,0.00000077,btc,731299.9792,0.0,0.76828472949,256
1,[],22,[],2019-04-06 13:45:32,1243358.5,0.00000002,0.000000000001002832,7198791,2019-04-06 13:45:32,BTC,21.75392441,0.0,0.00000002,"BTC,LTC",514395.94542534417,9e-05,0.01333363,258
1,[],22,[],2019-03-13 00:07:30,47146.0,0.00000001,0.000000000000387233,6917028,2019-03-13 00:07:30,BTC,2.415167,0.0,0.00000001,BTC,157.0,0.0,0.00047146,259
1,[],5,[],2019-04-06 13:45:34,0.0,0,0,7198792,2019-04-06 13:45:34,btc,0.0,0.28659277,0,btc,0.0,0.0,0.0,264
1,[],20,[],2019-04-06 13:45:35,1258116.1995,0.000001621,0.0000000000812795336,7198793,2019-04-06 13:45:35,btc,4.7302075530219,152639.3416,0.000001621,btc,97054.1913,0.312879162292,0.0202081532924,264
0,[],22,[],2019-04-06 13:45:58,0.0,0,0,7198794,2019-04-06 13:45:58,,66.46338907,0.0,0,,724084.4233983938,0.0,0.0,271
0,[],22,[],2019-04-06 13:46:00,0.0,0,0,7198795,2019-04-06 13:46:00,,111843.11266242,0.0,0,,14245627424.692,0.0,0.0,272
0.0000000000000069,[],28,[],2019-04-06 13:46:02,142096000013.083,3.1049999999999998e-21,1.5568966799999998e-25,7198796,2019-04-06 13:46:02,doge,44525780.772659756,76007278763.2091,0.00000045,doge,251984028477.3362,0.0,4.1548522503972e-10,272
1,[],22,[],2019-04-06 13:46:05,225244.41176470587,0.00000017,0.000000000008524072,7198797,2019-04-06 13:46:05,BTC,79.78708232,0.0,0.00000017,BTC,47299.28614701752,0.0,0.01883593,281
1,[],22,[],2019-04-06 13:46:08,975516.3428571429,0.00000015,0.00000000000752124,7198798,2019-04-06 13:46:08,BTC,1.42085351,0.0,0.00000015,BTC,246986.6754839786,0.01294061,0.06559012,286
0,[],22,[],2019-04-06 13:46:10,0.0,0,0,7198799,2019-04-06 13:46:10,,1044974.57066254,0.0,0,,1132418521.4347825,0.0,0.0,294
