pairValue,buyBook,exchangeId,sellBook,updated,buyTotal,satoshiPrice,usdPrice,exchangeLogId,created,bestPair,sellTotalBtc,volume,pairPrice,activePairs,sellTotal,volumeBtc,buyTotalBtc,coinId
1,[],4,[],2019-05-23 11:47:59,207682.85009041,0.01082837,0.0000008258310522350001,7672982,2019-05-23 11:47:59,btc,8.255268378173788,0.0,0.01082837,btc,345.15149688,1.09487055,0.6079392257375918,1
1,[],5,[],2019-05-23 11:48:02,0.0,0,0,7672983,2019-05-23 11:48:02,btc,0.0,0.02464533,0,btc,0.0,0.0,0.0,1
1,[],10,[],2019-05-23 11:48:04,255906.5370596,0.00780629,0.000000595350609995,7672984,2019-05-23 11:48:04,btc,6523.590541134899,1355.84702446,0.00780629,btc,1379.77433228,0.0,2.4600441184402473,1
1,[],12,[],2019-05-23 11:48:06,49.77298148,0.01085999999999999986177723343416801071725785732269287109375,0.00000082824333,7672985,2019-05-23 11:48:06,btc,0.0458979280908,0.0,0.01085999999999999986177723343416801071725785732269287109375,btc,3.80556616,0.1243402185793,0.3592022064783,1
1,[],20,[],2019-05-23 11:48:08,972.7526,0.01026282,0.00000078269909871,7672986,2019-05-23 11:48:08,btc,0.2207191477805,0.011,0.01026282,btc,16.8951,0.00011289113,0.1002934535671,1
1,[],21,[],2019-05-23 11:48:09,1943.22833715,0.01089678000000000000768718422,0.00000083104837509,7672987,2019-05-23 11:48:09,btc,11.972978994784487,6678.3516853599995,0.01089678000000000000768718422250458388589322566986083984375,"btc,eth",1457.0136573,72.90076748722421,18.487558982310233,1
1,[],22,[],2019-05-23 11:48:14,0.0025666666666666667,0.00900000,0.0000006863895,7672988,2019-05-23 11:48:14,BTC,0.31629903,0.0,0.00900000,BTC,0.2505752479991019,0.0,2.31e-05,1
1,[],24,[],2019-05-23 11:48:15,0.0,0.000000000000,0,7672989,2019-05-23 11:48:15,btc,0.0,0.0,0.000000000000,btc,0.0,0.0,0.0,1
0.0,[],25,[],2019-05-23 11:48:17,0.0,0,0,7672990,2019-05-23 11:48:17,btc,27.249999998780492,4921.49516715,0.0,btc,2448.77533455,54.8,0.0,1
1,[],26,[],2019-05-23 11:48:19,0.0,0,0,7672991,2019-05-23 11:48:19,,0.0,0.0,0,,0.0,0.0,0.0,1
0,[],28,[],2019-05-23 11:48:21,0.0,0,0,7672992,2019-05-23 11:48:21,,0.0,362580.3288,0,,0.0,0.0,0.0,1
1,[],3,[],2019-05-22 18:07:34,1123.259330580089,0.01114142000000000083670403938640447449870407581329345703125,0.0000008809019430100001,7669457,2019-05-22 18:07:34,btc,1.846938727610729,30.8730799403,0.01114142000000000083670403938640447449870407581329345703125,btc,27.179280298868,0.0,0.2238721862652316,1
0,[],2,[],2019-01-20 23:28:45,0.0,0,0,6477011,2019-01-20 23:28:45,,0.0,0.0,0,,0.0,0.0,0.0,1
1,[],5,[],2019-05-23 11:48:22,0.0,0,0,7672993,2019-05-23 11:48:22,btc,0.0,0.0008618,0,btc,0.0,0.0,0.0,2
0,[],22,[],2019-05-23 11:48:25,0.0,0,0,7672994,2019-05-23 11:48:25,,0.0,0.0,0,,0.0,0.0,0.0,2
1,[],5,[],2019-05-23 11:48:26,0.0,0,0,7672995,2019-05-23 11:48:26,btc,0.0,0.0203823,0,btc,0.0,0.0,0.0,3
1,[],12,[],2019-05-23 11:48:27,3216696.07568,0.000000119,0.0000000000090755945,7672996,2019-05-23 11:48:27,btc,4611.238553695117,0.0,0.000000119,btc,1118607.7117085,0.05790924347741306,0.28216364200592003,3
0,[],28,[],2019-05-23 11:48:29,0.0,0,0,7672997,2019-05-23 11:48:29,,0.0,0.0,0,,0.0,0.0,0.0,3
0,[],2,[],2019-01-20 23:31:32,0.0,0,0,6477077,2019-01-20 23:31:32,,0.0,0.0,0,,0.0,0.0,0.0,4
1,[],4,[],2019-05-18 21:29:50,562734.9206932,0.00000010,0.000000000007298720000000001,7650946,2019-05-18 21:29:50,btc,41.9347137769675,0.0,0.00000010,btc,1123702.32192634,0.00052462,0.029254593370966,4
0,[],12,[],2019-05-23 10:57:15,0.0,0,0,7672756,2019-05-23 10:57:15,btc,0.38411944000000003,0.0,0,btc,908353.0,0.0,0.0,5
0,[],2,[],2019-01-20 23:31:51,0.0,0,0,6477087,2019-01-20 23:31:51,,0.0,0.0,0,,0.0,0.0,0.0,6
1,[],11,[],2019-05-23 11:48:31,7800289.776736,0.00000002,0.00000000000152531,7672998,2019-05-23 11:48:31,btc,9578.333441108536,1328326.0,0.00000002,btc,56834730.70519443,0.0,0.10437137276736,6
1,[],4,[],2019-05-23 11:48:32,3119737.553893,0.00010049,0.000000007663920095,7672999,2019-05-23 11:48:32,btc,8.833418589051012,0.0,0.00010049,btc,50086.53336886,1.35996622,2.2896315026713365,7
1,[],5,[],2019-05-23 11:48:34,0.0,0,0,7673000,2019-05-23 11:48:34,btc,0.0,0.3621439,0,btc,0.0,0.0,0.0,7
1,[],3,[],2019-05-22 18:08:48,11992.400030575094,0.00011500000000000000347812056933349822429590858519077301025390625,0.0000000090925325,7669475,2019-05-22 18:08:48,btc,1.1612001845741802,131.533509258,0.00011500000000000000347812056933349822429590858519077301025390625,btc,282.094355724518,0.0,0.024071946207221296,7
1,[],20,[],2019-04-07 22:06:50,3201475.0482,0.000000001,0.000000000000051590000000000004,7213932,2019-04-07 22:06:50,btc,30.8005781811902,0.0,0.000000001,btc,23077405.3926,0.0,0.0032014750482,8
0,[],2,[],2019-01-20 23:22:42,0.0,0,0,6476876,2019-01-20 23:22:42,,0.0,0.0,0,,0.0,0.0,0.0,9
0,[],23,[],2019-01-20 23:22:48,0.0,0,0,6476878,2019-01-20 23:22:48,,0.0,0.0,0,,0.0,0.0,0.0,9
1,[],4,[],2019-05-23 11:48:37,21059978.05370439,0.00000055,0.000000000041946025,7673001,2019-05-23 11:48:37,btc,4.251109589279795,0.0,0.00000055,btc,3842853.11668537,0.48092007,0.7338140343767882,9
0,[],28,[],2019-05-23 11:48:38,0.0,0,0,7673002,2019-05-23 11:48:38,,0.0,3508422.0,0,,0.0,0.0,0.0,9
1,[],1,[],2019-02-17 23:31:42,1822507.21,0.00000181000000000000003456111265232042484285557293333113193511962890625,0.000000000066086901,6701244,2019-02-17 23:31:42,btc,3.6990969245,17153386.5,0.00000181000000000000003456111265232042484285557293333113193511962890625,btc,1997391.71,31.11772986,3.2610482446,9
1,[],4,[],2019-02-17 11:22:43,4341674.27126056,0.00000002,0.0000000000007272960000000001,6696112,2019-02-17 11:22:43,btc,0.1997230937751353,0.0,0.00000002,btc,4109766.79808031,0.00215132,0.0479381022052112,10
0,[],2,[],2019-01-20 23:23:08,0.0,0,0,6476890,2019-01-20 23:23:08,,0.0,0.0,0,,0.0,0.0,0.0,12
1,[],4,[],2019-05-23 11:48:39,5962476.14567097,0.00000071,0.000000000054148505000000005,7673003,2019-05-23 11:48:39,btc,4.864193955282055,0.0,0.00000071,btc,4241723.95607575,2.06074084,1.4574653949947582,12
1,[],5,[],2019-05-23 11:48:41,0.0,0,0,7673004,2019-05-23 11:48:41,btc,0.0,0.03226671,0,btc,0.0,0.0,0.0,12
0.0,[],25,[],2019-05-23 11:48:42,0.0,0,0,7673005,2019-05-23 11:48:42,,0.0,0.0,0.0,btc,0.0,0.0,0.0,12
1,[],4,[],2019-05-23 11:48:44,352908.41848177,0.00000653,0.000000000498013715,7673006,2019-05-23 11:48:44,btc,2.152964696743473,0.0,0.00000653,btc,257956.48124929,0.48912177,0.5996332841615963,13
1,[],10,[],2019-05-23 11:48:47,573669.59099945,0.00000651,0.000000000496488405,7673007,2019-05-23 11:48:47,btc,666802.6509622595,4897.38195755,0.00000651,btc,849277.35444539,0.0,0.3129871831997769,13
1,[],21,[],2019-05-23 11:48:49,1539809.05481157,0.000006450000000000000078702235701,0.0000000004919124750000001,7673008,2019-05-23 11:48:49,btc,6.401001237703938,670950.4755364,0.0000064500000000000000787022357007227668646009988151490688323974609375,btc,862268.14133935,4.56684745,7.816453994196476,13
1,[],4,[],2019-05-23 11:48:49,941505.15242938,0.00000073,0.000000000055673815000000005,7673009,2019-05-23 11:48:49,btc,4.593812472452592,0.0,0.00000073,btc,817329.7364027,0.01010334,0.1372085129359602,14
1,[],12,[],2019-05-23 11:48:51,31216.44808297,0.00000067,0.000000000051097885000000004,7673010,2019-05-23 11:48:51,btc,0.0142764955248239,0.0,0.00000067,btc,2876.15247195,0.0,0.0118562299999727,14
1,[],26,[],2019-05-23 11:50:51,0.0,0.00000050,0.00000000003813275,7673011,2019-05-23 11:50:51,btc,0.0,0.0,0.00000050,btc,0.0,0.0,0.0,14
0,[],17,[],2019-05-03 00:53:32,0.0,0,0,7558876,2019-05-03 00:53:32,btc,0.0,0.0,0,btc,0.0,0.0,0.0,14
,[],12,[],2018-12-01 15:15:48,204241.84496,0.00000489,0.000000000202473384,5260204,2018-12-01 15:15:48,btc,49.5475654835,0.0,,btc,35763.2193806,0.0163153972027625,0.0203389899998,15
0,[],4,[],2019-05-23 11:50:52,0.0,0,0,7673012,2019-05-23 11:50:52,,0.0,0.0,0,,0.0,0.0,0.0,15
0,[],2,[],2019-01-20 23:23:38,0.0,0,0,6476906,2019-01-20 23:23:38,,0.0,0.0,0,,0.0,0.0,0.0,18
1,[],4,[],2019-05-23 11:50:54,38505.37511845,0.00001279,0.000000000975435745,7673013,2019-05-23 11:50:54,btc,1.076827692466856,0.0,0.00001279,btc,16685.00212211,0.02540055,0.1232403484248465,18
1,[],10,[],2019-05-23 11:50:56,308825.59563304,0.00001205,0.000000000918999275,7673014,2019-05-23 11:50:56,btc,15.30894889460272,9042.95888421,0.00001205,btc,10801.78946176,0.0,0.0769866011520386,18
1,[],12,[],2019-05-23 11:50:57,5830.22584313,0.000010740000000000000509258434033821316688772640191018581390380859375,0.00000000081909147,7673015,2019-05-23 11:50:57,btc,0.0111400211810048,0.0,0.000010740000000000000509258434033821316688772640191018581390380859375,btc,699.480685,0.0011763540507669,0.0113491464747217,18
0,[],17,[],2019-05-03 00:53:39,0.0,0,0,7558882,2019-05-03 00:53:39,btc,0.0,0.0,0,btc,0.0,0.0,0.0,18
0,[],2,[],2019-01-20 23:24:19,0.0,0,0,6476924,2019-01-20 23:24:19,,0.0,0.0,0,,0.0,0.0,0.0,19
1,[],4,[],2019-05-23 11:52:59,163742.95656566,0.00001021,0.000000000778670755,7673016,2019-05-23 11:52:59,btc,3.791527723945992,0.0,0.00001021,btc,165685.42386339,0.22858785,0.7056769684417381,19
1,[],5,[],2019-05-23 11:53:00,0.0,0,0,7673017,2019-05-23 11:53:00,btc,0.0,0.00012903,0,btc,0.0,0.0,0.0,19
1,[],12,[],2019-05-23 11:53:01,5116.52430615,0.000008610000000000000573881220322647322973352856934070587158203125,0.0000000006566459550000001,7673018,2019-05-23 11:53:01,btc,0.0360287132314939,0.0,0.000008610000000000000573881220322647322973352856934070587158203125,btc,1162.22383734,0.0014191466633562,0.0124742899996303,19
0,[],27,[],2019-05-23 11:53:10,0.0,0,0,7673019,2019-05-23 11:53:10,,0.0,0.0,0,btc,0.0,0.0,0.0,19
1,[],3,[],2019-05-22 18:13:10,155674.10542488078,0.00000931000000000000064808401700755524643682292662560939788818359375,0.000000000736099805,7669492,2019-05-22 18:13:10,btc,0.23246272695370224,3561.35820087,0.00000931000000000000064808401700755524643682292662560939788818359375,btc,5234.747680881293,0.0,0.04615314488507609,19
1,[],4,[],2019-05-23 11:53:11,10230128.96144766,0.00000007,0.000000000005338585,7673020,2019-05-23 11:53:11,btc,6.4313432301095155,0.0,0.00000007,btc,2333934.3516984,0.00018919,0.1275941297203162,20
1,[],4,[],2019-05-23 11:53:12,72141616.72337481,0.00000001,0.000000000000762655,7673021,2019-05-23 11:53:12,btc,39029.58589290026,0.0,0.00000001,btc,61846897.22581323,0.00133927,0.7214161672337481,21
1,[],12,[],2019-05-23 11:53:14,2250333.0,0.00000001,0.000000000000762655,7673022,2019-05-23 11:53:14,btc,0.18159346999999998,0.0,0.00000001,btc,902613.0,7.49e-06,0.022503330000000002,21
0,[],17,[],2019-05-03 00:53:51,0.0,0,0,7558891,2019-05-03 00:53:51,btc,0.0,0.0,0,btc,0.0,0.0,0.0,21
1,[],12,[],2019-05-23 11:55:15,5578327437.0,0.0000000004,0.000000000000030506200000000003,7673023,2019-05-23 11:55:15,btc,859870.4897925757,0.0,0.0000000004,btc,1099300834.4895105,0.15481980445974025,1.0372064559,23
0.0000000003118789,[],27,[],2019-05-23 11:55:27,83077376.0,3.118789e-18,2.378560024795e-22,7673024,2019-05-23 11:55:27,eth,1172.67237152276,1574389665.0,0.00000001,eth,66239449.826,4.910189168915685e-09,2.59100806417664e-10,23
1,[],4,[],2019-05-23 11:55:28,1841526.81821054,0.00000019,0.000000000014490445,7673025,2019-05-23 11:55:28,btc,13.474647401655298,0.0,0.00000019,btc,2046267.84184948,0.00170775,0.0564606372844504,24
1,[],22,[],2019-05-23 11:55:33,21.76,0.00000100,0.0000000000762655,7673026,2019-05-23 11:55:33,BTC,7.415e-05,0.0,0.00000100,BTC,23.919354838709676,0.0,1.186e-05,24
0.0,[],25,[],2019-05-23 11:55:35,0.0,0,0,7673027,2019-05-23 11:55:35,,0.0,0.0,0.0,btc,0.0,0.0,0.0,24
0,[],2,[],2019-01-20 23:25:56,0.0,0,0,6476976,2019-01-20 23:25:56,,0.0,0.0,0,,0.0,0.0,0.0,26
1,[],4,[],2019-05-23 11:55:37,314819.61022346,0.00000418,0.00000000031878979000000004,7673028,2019-05-23 11:55:37,btc,10.212497336001553,0.0,0.00000418,btc,270772.98141928,0.13168479,0.1916784286904538,26
1,[],10,[],2019-05-23 11:55:40,159719.75654741,0.0000044,0.00000000033556820000000006,7673029,2019-05-23 11:55:40,btc,25.513008570978137,5906.30236088,0.0000044,btc,23068.37512331,0.0,0.0315922268815964,26
1,[],5,[],2019-04-26 09:47:06,0.0,0,0,7465326,2019-04-26 09:47:06,btc,0.0,0.0,0,btc,0.0,0.0,0.0,27
1,[],3,[],2019-05-22 20:40:44,7277055.62200389,0.00000001,0.0000000000007829270000000001,7670138,2019-05-22 20:40:44,btc,3.317032516294362,4553405.57489,0.00000001,btc,23938008.26764695,0.0,0.0727705562200389,27
1,[],11,[],2019-05-23 11:55:42,1069867.58157834,0.00000001,0.000000000000762655,7673030,2019-05-23 11:55:42,btc,67503.038056662,12744.4184217,0.00000001,btc,6639900.67919713,0.0,0.0106986758157834,27
1,[],4,[],2019-05-23 11:55:43,1210459958.3063433,0.00000001,0.000000000000762655,7673031,2019-05-23 11:55:43,btc,4.7208018465860135,0.0,0.00000001,"btc,ltc",293739000.1897596,0.00699975,8.302847777504313,29
1,[],7,[],2019-05-23 11:55:45,112446064.34806745,0.00000001,0.000000000000762655,7673032,2019-05-23 11:55:45,btc,46548272.14362297,78543.9,0.00000001,btc,35213404.89648053,0.0,1.1244606434806745,29
0,[],17,[],2019-05-03 01:11:25,0.0,0,0,7559066,2019-05-03 01:11:25,btc,0.0,0.0,0,btc,0.0,0.0,0.0,30
1,[],4,[],2019-05-23 11:55:46,15213243.43280043,0.00000006,0.00000000000457593,7673033,2019-05-23 11:55:46,btc,2.6540814219696602,0.0,0.00000006,btc,2168305.18088196,0.00091474,0.1684017372656756,30
1,[],4,[],2019-05-23 11:57:47,102664.71138122,0.00005074,0.0000000038697114700000004,7673034,2019-05-23 11:57:47,btc,3.8156886196496123,0.0,0.00005074,btc,45138.5070242,1.76441907,0.4581833145199493,31
1,[],21,[],2019-05-23 11:57:49,119268.74712326001,0.00005082999999999999953155527255,0.000000003876575365,7673035,2019-05-23 11:57:49,btc,3.818501808233092,243917.46397974,0.00005082999999999999953155527254722301222500391304492950439453125,btc,67601.81208963999,12.47760264,4.800935810353867,31
0,[],2,[],2019-01-20 23:28:43,0.0,0,0,6477009,2019-01-20 23:28:43,,0.0,0.0,0,,0.0,0.0,0.0,32
1,[],12,[],2019-03-30 07:55:10,40641173.964,0.00000003,0.000000000001228359,7108785,2019-03-30 07:55:10,btc,4233210.82356125,0.0,0.00000003,btc,28378394.68333462,0.0126927883965248,0.90752895892,33
0,[],4,[],2019-05-23 11:57:51,0.0,0,0,7673036,2019-05-23 11:57:51,,0.0,0.0,0,,0.0,0.0,0.0,33
0.00000000011404700000000001,[],4,[],2019-05-23 11:57:53,29313999.77320329,5.816397e-17,4.4359042540350005e-21,7673037,2019-05-23 11:57:53,ltc,3.5171250666918583,0.0,0.00000051,ltc,157231902.35926557,0.0,1.383380600573793e-10,34
1,[],5,[],2019-05-23 11:57:54,0.0,0,0,7673038,2019-05-23 11:57:54,btc,0.0,0.0,0,btc,0.0,0.0,0.0,34
0.0000000002926451,[],17,[],2019-05-02 18:17:47,200000.0,2.9264510000000002e-18,1.596703856561e-22,7556430,2019-05-02 18:17:47,eth,0.20942468735267253,0.0,0.00000001,"btc,eth",1018272.20243647,0.0,5.852902e-13,36
0.00000000011319340000000001,[],4,[],2019-05-23 07:41:32,88845743.45511784,1.131934e-18,8.61564772496e-23,7672045,2019-05-23 07:41:32,ltc,4.1031664480493176e-08,0.0,0.00000001,ltc,7563330053.433634,0.0,1.0056751777212535e-10,36
1,[],5,[],2019-05-23 07:41:33,0.0,0,0,7672046,2019-05-23 07:41:33,btc,0.0,0.0,0,btc,0.0,0.0,0.0,36
0.0000000003116728,[],27,[],2019-05-23 07:43:41,48360815.004,3.116728e-18,2.372278816832e-22,7672047,2019-05-23 07:43:41,eth,1671.21235018,972553586.0,0.00000001,"ltc,eth",17275469.0,1.437276902098824e-09,1.4216299506582572e-10,36
1,[],17,[],2019-05-03 01:11:36,211752.74075282,0.00000025,0.000000000013700074999999998,7559074,2019-05-03 01:11:36,btc,0.055484923955058496,0.0,0.00000025,"btc,eth",1387.19918473,0.0,0.0005381851887916605,37
1,[],4,[],2019-05-23 11:57:56,10190488.92797459,0.00000017,0.000000000012965135000000001,7673039,2019-05-23 11:57:56,btc,19772.59948932512,0.0,0.00000017,btc,793209.36800994,0.02007849,0.1610480454713699,37
1,[],12,[],2019-05-23 11:57:56,3352077.999,0.00000017,0.000000000012965135,7673040,2019-05-23 11:57:56,btc,5.448971823006029,0.0,0.00000017,btc,877067.00832099,0.0151707801298807,0.19342756983,37
1,[],27,[],2019-05-23 12:00:01,1600.0,0.00000015,0.000000000011439825,7673041,2019-05-23 12:00:01,btc,24.12156123602533,0.0,0.00000015,btc,5842.04443503,0.0,3e-05,37
1,[],5,[],2019-05-23 12:00:02,0.0,0,0,7673042,2019-05-23 12:00:02,btc,0.0,0.00588627,0,btc,0.0,0.0,0.0,42
1,[],12,[],2019-05-23 12:00:04,25202.23868293,0.00000082,0.00000000006253771000000001,7673043,2019-05-23 12:00:04,btc,24.379111829388222,0.0,0.00000082,btc,43375.96078314,0.0355440301821457,0.0130200999999703,42
1,[],27,[],2019-05-23 12:00:18,1196.0,0.00000100,0.0000000000762655,7673044,2019-05-23 12:00:18,btc,1.1813845831768,0.0,0.00000100,"btc,eth",1183.4448157,0.0,0.0005960000004851589,42
1,[],12,[],2019-03-13 09:13:29,1112112.0,0.00000001,0.000000000000386531,6919902,2019-03-13 09:13:29,btc,29058.00478931866,0.0,0.00000001,btc,5967681.93306694,9.99000999e-07,0.01112112,43
1,[],5,[],2019-04-26 22:38:52,0.0,0,0,7474154,2019-04-26 22:38:52,btc,0.0,0.02638891,0,btc,0.0,0.0,0.0,43
0,[],17,[],2019-04-26 22:38:53,0.0,0,0,7474155,2019-04-26 22:38:53,btc,0.0,0.0,0,btc,0.0,0.0,0.0,43
1,[],12,[],2019-03-05 01:54:08,639326.02,0.00000004,0.000000000001486676,6845775,2019-03-05 01:54:08,btc,11116042.728239931,0.0,0.00000004,btc,1103841.4595604,0.0003330765234764,0.014975410599999999,44
1,[],4,[],2019-05-23 12:00:19,112651816.98019108,0.00000001,0.000000000000762655,7673045,2019-05-23 12:00:19,btc,291324.22399020067,0.0,0.00000001,"btc,ltc",26174813.90369327,0.00100081,0.11405160972699718,49
0.00000000011404700000000001,[],4,[],2019-05-23 12:00:20,96967046.60407342,5.0180680000000003e-17,3.82705465054e-21,7673046,2019-05-23 12:00:20,ltc,21909.461136946757,0.0,0.00000044,ltc,152556528.29756612,0.00011021,5.543607431083941e-10,52
0,[],22,[],2019-05-23 12:00:24,0.0,0,0,7673047,2019-05-23 12:00:24,,10289.55991011,0.0,0,,308568058.4566013,0.0,0.0,57
0,[],27,[],2019-05-23 12:00:34,0.0,0,0,7673048,2019-05-23 12:00:34,,0.0,0.0,0,"btc,eth",0.0,0.0,0.0,57
1,[],17,[],2019-05-03 01:12:09,1200000.0,0.0000000001,0.00000000000000548003,7559085,2019-05-03 01:12:09,btc,1e+24,0.0,0.0000000001,"btc,eth",39516342.31952568,0.0,0.00010000000058666061,58
0.00000000011404700000000001,[],4,[],2019-05-23 12:00:35,214357559.9970311,1.14047e-18,8.697851478500001e-23,7673049,2019-05-23 12:00:35,ltc,19.263868275614417,0.0,0.00000001,ltc,6076416500.175698,0.0,2.4446836644981403e-10,58
1,[],12,[],2019-05-23 12:00:36,3448988456.0,0.0000000001,0.000000000000007626550000000001,7673050,2019-05-23 12:00:36,btc,723202.4696872538,0.0,0.0000000001,btc,1968997673.2077923,0.15415656548261739,0.3448988456,58
0.0000000001090844,[],22,[],2019-05-23 12:02:39,126877.0,1.090844e-18,8.319376308200001e-23,7673051,2019-05-23 12:02:39,XMR,68.17454206,0.0,0.00000001,XMR,9626402.6,0.0,0.00126877,58
1,[],5,[],2019-05-23 12:02:41,0.0,0,0,7673052,2019-05-23 12:02:41,btc,0.0,0.00609646,0,btc,0.0,0.0,0.0,61
1,[],22,[],2019-05-23 12:02:45,13613.833333333334,0.00000012,0.00000000000915186,7673053,2019-05-23 12:02:45,BTC,1002.29590883,0.0,0.00000012,BTC,15092.180177125656,0.0,0.00153269,61
1,[],26,[],2019-05-23 12:02:45,0.0,0.00000050,0.00000000003813275,7673054,2019-05-23 12:02:45,btc,0.0,0.0,0.00000050,btc,0.0,0.0,0.0,61
1,[],27,[],2019-05-23 12:03:00,107138.0,0.0000002,0.000000000015253100000000002,7673055,2019-05-23 12:03:00,btc,1.9501982264346656,0.0,0.0000002,"btc,eth",12657.40563696,0.0,0.0013812200003118788,61
0,[],28,[],2019-05-23 12:03:02,0.0,0,0,7673056,2019-05-23 12:03:02,,0.0,704.0,0,,0.0,0.0,0.0,61
1,[],4,[],2019-05-23 12:03:03,1114292.76151086,0.00000085,0.000000000064825675,7673057,2019-05-23 12:03:03,btc,2.71353936709151,0.0,0.00000085,btc,843846.12949478,0.13348056,0.6884040996125836,67
0.0,[],25,[],2019-05-23 12:03:05,0.0,0,0,7673058,2019-05-23 12:03:05,,0.0,0.0,0.0,btc,0.0,0.0,0.0,67
1,[],12,[],2019-05-23 12:03:06,621129.9999,0.00000008,0.00000000000610124,7673059,2019-05-23 12:03:06,btc,3.7618998725674317,0.0,0.00000008,btc,673747.02797202,0.0001463349430682,0.011853319992,71
,[],5,[],2018-11-20 23:02:39,1.5e-07,0.00000005,0.000000000002128045,4862160,2018-11-20 23:02:39,btc,2.84511358,0.0,,btc,0.00036572,0.0,0.07381892,74
1,[],5,[],2019-05-23 12:03:07,0.0,0,0,7673060,2019-05-23 12:03:07,btc,0.0,0.02867574,0,btc,0.0,0.0,0.0,75
0,[],20,[],2019-01-25 09:30:31,0.0,0,0,6495923,2019-01-25 09:30:31,btc,0.0,0.0,0,btc,0.0,0.0,0.0,81
0,[],4,[],2019-05-23 11:12:53,0.0,0,0,7672820,2019-05-23 11:12:53,,133656.87703970782,0.0,0,,33424209.5909442,0.0,0.0,81
1,[],4,[],2019-05-23 12:03:08,27122.35139517,0.00006234,0.00000000475439127,7673061,2019-05-23 12:03:08,btc,18.600956929429877,0.0,0.00006234,btc,26386.09816279,0.12072038,0.4015900915613607,82
1,[],21,[],2019-05-23 12:03:09,61385.52103814,0.00006232999999999999445835646705,0.0000000047536286149999996,7673062,2019-05-23 12:03:09,btc,3.711118097772485,7129.65472672,0.000062329999999999994458356467053050664617330767214298248291015625,btc,50418.08034887,0.44810311,1.6295368379746562,82
0,[],17,[],2019-03-25 22:42:34,0.0,0,0,7038780,2019-03-25 22:42:34,btc,0.0445064681804024,0.0,0,btc,995513.18476001,0.0,0.0,84
0.0000000001161485,[],4,[],2019-05-20 13:09:39,216715621.0206096,1.161485e-18,9.0533806701e-23,7657228,2019-05-20 13:09:39,ltc,1.6511566870244727,0.0,0.00000001,ltc,471032407.9048656,0.0,2.5171194308112273e-10,85
,[],22,[],2018-11-20 23:09:34,3408.1,0.0000001,0.0000000000041895,4862324,2018-11-20 23:09:34,BTC,0.04624735,0.0,,BTC,4990.0,0.0,0.00033081,86
1,[],22,[],2019-05-23 12:03:12,85999.0,0.00000001,0.000000000000762655,7673063,2019-05-23 12:03:12,BTC,1.45832026,0.0,0.00000001,BTC,335430.29736842104,0.0,0.00085999,87
0,[],27,[],2019-05-23 12:03:18,0.0,0,0,7673064,2019-05-23 12:03:18,,4.961871848776,0.0,0,btc,25830.03041,0.0,0.0,87
,[],2,[],2018-11-20 23:10:47,0.0,0,0,4862359,2018-11-20 23:10:47,,0.0,0.0,,,0.0,0.0,0.0,88
1,[],11,[],2019-05-23 12:03:21,85309.74923022,0.00011500000000000000347812056933349822429590858519077301025390625,0.000000008770532500000001,7673065,2019-05-23 12:03:21,btc,179.51405881380478,356.19,0.00011500000000000000347812056933349822429590858519077301025390625,btc,196971.64377871,0.0,4.767621267886717,89
0,[],2,[],2019-01-20 23:31:45,0.0,0,0,6477083,2019-01-20 23:31:45,,0.0,0.0,0,,0.0,0.0,0.0,91
0,[],17,[],2019-05-03 01:12:26,0.0,0,0,7559096,2019-05-03 01:12:26,btc,0.0,0.0,0,btc,0.0,0.0,0.0,91
1,[],12,[],2019-05-23 12:03:22,1597.8600000000001,0.00000024,0.00000000001830372,7673066,2019-05-23 12:03:22,btc,84.64240274672171,0.0,0.00000024,btc,50137.94851044,0.0004851099504948,0.0002203954,91
1,[],22,[],2019-05-23 12:05:26,75910.55,0.0000002,0.000000000015253100000000002,7673067,2019-05-23 12:05:26,BTC,0.495,0.0,0.0000002,"BTC,LTC",4.95,0.0,0.00165931,91
1,[],22,[],2019-04-09 20:17:52,374949.73333333334,0.00000015,0.000000000007771935,7235704,2019-04-09 20:17:52,BTC,6.87372503,0.0,0.00000015,"BTC,LTC",159980.01196797504,1.1e-05,0.80510266,95
0,[],17,[],2019-05-03 01:12:32,0.0,0,0,7559100,2019-05-03 01:12:32,btc,0.0,0.0,0,btc,0.0,0.0,0.0,96
0.00000000011404700000000001,[],4,[],2019-05-23 12:05:27,540889004.3381083,5.930444e-17,4.52288276882e-21,7673068,2019-05-23 12:05:27,ltc,11.355403675367429,0.0,0.00000052,ltc,148733131.187136,0.0,7.996174839283455e-10,96
0,[],12,[],2019-05-23 12:05:28,0.0,0,0,7673069,2019-05-23 12:05:28,btc,2.46233989,0.0,0,btc,4819183.0,0.0001998102,0.0,96
1,[],4,[],2019-04-14 03:32:46,1039404.33283278,0.00000038,0.000000000019245518,7293458,2019-04-14 03:32:46,btc,4.170086055365747,0.0,0.00000038,btc,3097704.34561074,0.06260606,0.1859928211030784,99
0,[],2,[],2019-01-20 23:23:55,0.0,0,0,6476914,2019-01-20 23:23:55,,0.0,0.0,0,,0.0,0.0,0.0,100
1,[],4,[],2019-05-23 12:07:29,182648.42082781,0.00002388,0.00000000182122014,7673070,2019-05-23 12:07:29,btc,7.237678563490046,0.0,0.00002388,btc,139395.06621577,0.11649047,0.5713914724142118,100
1,[],22,[],2019-05-23 12:07:33,150000.0,0.00000002,0.00000000000152531,7673071,2019-05-23 12:07:33,BTC,24.83526409,0.0,0.00000002,BTC,11187.719,0.0,0.0017,101
1,[],4,[],2019-05-23 12:07:35,687053.49930362,0.00000182,0.00000000013880321,7673072,2019-05-23 12:07:35,btc,362.96550167699513,0.0,0.00000182,btc,642243.38063722,0.11117319,0.3473128016091564,103
1,[],12,[],2019-05-23 12:07:38,14627548.0,0.000000004,0.000000000000305062,7673073,2019-05-23 12:07:38,btc,549.6852705381647,0.0,0.000000004,btc,30414441.04921077,0.03798062170767444,0.02771372,105
0,[],27,[],2019-05-23 12:07:45,0.0,0,0,7673074,2019-05-23 12:07:45,,0.2584268173531397,58958.36513457,0,btc,614451.85947933,0.00058958,0.0,105
1,[],22,[],2019-04-21 00:17:26,21333.0,0.00000001,0.000000000000532493,7385819,2019-04-21 00:17:26,BTC,51.38182867,0.0,0.00000001,BTC,470435.0,0.0,0.00021333,107
1,[],26,[],2019-04-21 00:17:26,0.0,0.00000000,0,7385820,2019-04-21 00:17:26,btc,0.0,0.0,0.00000000,btc,0.0,0.0,0.0,107
1,[],5,[],2019-05-23 12:07:47,0.0,0,0,7673075,2019-05-23 12:07:47,btc,0.0,0.0,0,btc,0.0,0.0,0.0,112
0,[],22,[],2019-05-23 12:07:51,0.0,0,0,7673076,2019-05-23 12:07:51,,2.79635781,0.0,0,,3274992.0833333335,0.0,0.0,112
1,[],27,[],2019-05-23 12:08:00,1.0,0.00000001,0.000000000000762655,7673077,2019-05-23 12:08:00,btc,1.25032588,0.0,0.00000001,"btc,eth",1819.0,0.0,1e-08,112
1,[],4,[],2019-05-23 12:08:01,473350.82169143,0.00000102,0.00000000007779081,7673078,2019-05-23 12:08:01,btc,4.332531046112953,0.0,0.00000102,btc,540639.72632148,0.03152088,0.2439458775231937,113
1,[],5,[],2019-05-23 12:08:02,0.0,0,0,7673079,2019-05-23 12:08:02,btc,0.0,3.58e-06,0,btc,0.0,0.0,0.0,113
1,[],17,[],2019-04-26 02:17:47,162738.278,0.00000004,0.0000000000021069000000000002,7461287,2019-04-26 02:17:47,btc,1.3331140273775473,0.0,0.00000004,btc,51796.221,0.0,0.00230953112,116
1,[],27,[],2019-05-22 05:13:01,210000.0,0.00000001,0.00000000000079145,7666372,2019-05-22 05:13:01,btc,3919.0005001478,0.0,0.00000001,btc,128660.871,0.0,0.0021,116
1,[],4,[],2019-05-21 22:31:11,138169.03963019,0.00000701,0.000000000558364025,7664793,2019-05-21 22:31:11,btc,150.95388250938234,0.0,0.00000701,btc,344631.17141974,0.07552974,0.4288357684941946,120
1,[],7,[],2019-05-21 22:31:12,3901.07750076,0.000010679999999999999389654892212320191902108490467071533203125,0.0000000008506887,7664794,2019-05-21 22:31:12,btc,231188.94669936574,0.0,0.000010679999999999999389654892212320191902108490467071533203125,btc,4133.83151364,0.0,0.0113888422364489,120
1,[],20,[],2019-04-07 18:42:29,1914137.0852,0.000000035,0.0000000000017871910000000002,7211992,2019-04-07 18:42:29,btc,32.2497668025648,25528.85,0.000000035,btc,1001975.4986,0.00089350975,0.0152723574729,125
1,[],22,[],2019-05-23 12:08:06,10000.0,0.00000001,0.000000000000762655,7673080,2019-05-23 12:08:06,BTC,0.032061,0.0,0.00000001,BTC,299316.7611111111,0.0,0.0001,126
0,[],2,[],2019-01-20 23:25:46,0.0,0,0,6476969,2019-01-20 23:25:46,,0.0,0.0,0,,0.0,0.0,0.0,131
1,[],17,[],2019-05-03 01:13:10,10000.0,0.00000001,0.000000000000548003,7559115,2019-05-03 01:13:10,btc,0.0953976503951408,0.0,0.00000001,btc,5037.62507334,0.0,0.0001,131
1,[],4,[],2019-05-23 12:08:09,2170539.00461315,0.00000551,0.00000000042022290500000004,7673081,2019-05-23 12:08:09,btc,3.2448463613152616,0.0,0.00000551,btc,179347.57802771,0.04152236,0.4080512992730017,131
1,[],4,[],2019-05-23 11:19:54,4768.31381784,0.00007922,0.00000000604626845,7672842,2019-05-23 11:19:54,btc,5.032889381561924,0.0,0.00007922,btc,203.84599175,0.0,0.0085762159685694,135
1,[],3,[],2019-05-22 20:57:20,456341.0025,0.00000002,0.0000000000015658540000000001,7670196,2019-05-22 20:57:20,btc,0.2168360115270351,986846.107254,0.00000002,btc,1789524.65154488,0.0,0.004663410025,136
1,[],4,[],2019-05-23 11:19:55,2389106.62519563,0.00000190,0.00000000014501275,7672843,2019-05-23 11:19:55,btc,106.76834884245088,0.0,0.00000190,btc,443174.29985968,0.00544003,0.529662722739001,137
1,[],12,[],2019-05-23 11:19:57,33003.54385965,0.00000057,0.000000000043503825,7672844,2019-05-23 11:19:57,btc,0.0030371976165096,0.0,0.00000057,btc,662.06534894,9.25e-06,0.0017028800000005,137
1,[],4,[],2019-05-23 11:19:59,81518.55734979,0.00001651,0.000000001260084475,7672845,2019-05-23 11:19:59,btc,8.33819874880891,0.0,0.00001651,btc,143810.77420156,0.5922361,0.7907094808814514,142
1,[],5,[],2019-05-23 11:20:00,0.0,0,0,7672846,2019-05-23 11:20:00,btc,0.0,0.0133545,0,btc,0.0,0.0,0.0,142
1,[],20,[],2019-05-23 11:22:02,219674.7219,0.000015511,0.0000000011838382975,7672847,2019-05-23 11:22:02,btc,1.6082220555344,0.03,0.000015511,btc,9788.8796,4.6533e-07,0.026393912397,142
1,[],22,[],2019-05-23 11:22:06,11028.645,0.00001000,0.000000000763225,7672848,2019-05-23 11:22:06,BTC,3.2754788,0.0,0.00001000,BTC,1133.9993657797618,0.0,0.00745365,142
0.0,[],25,[],2019-05-23 11:22:07,0.0,0,0,7672849,2019-05-23 11:22:07,,0.0,0.0,0.0,btc,0.0,0.0,0.0,142
0,[],28,[],2019-05-23 11:22:54,0.0,0,0,7672850,2019-05-23 11:22:54,,0.0,0.0,0,,0.0,0.0,0.0,142
1,[],17,[],2019-05-03 01:13:16,32967.38636364,0.00000088,0.000000000048224264,7559122,2019-05-03 01:13:16,btc,20.06976206696776,0.0,0.00000088,btc,2746.079105,0.0,0.0105613000000032,142
0,[],22,[],2019-05-23 11:22:56,0.0,0,0,7672851,2019-05-23 11:22:56,,65.7671051,0.0,0,,846980922.8,0.0,0.0,143
0,[],22,[],2019-02-25 15:42:22,0.0,0,0,6783783,2019-02-25 15:42:22,,4.2131946,0.0,0,,2322156.0,0.0,0.0,146
,[],22,[],2018-11-20 23:01:11,0.0,0,0,4862114,2018-11-20 23:01:11,,2.56807021,0.0,,,61828.4988236,0.0,0.0,147
1,[],12,[],2019-04-21 06:38:04,193091.5971266,0.00000071,0.000000000037635183,7388679,2019-04-21 06:38:04,btc,2.301232411611175,0.0,0.00000071,btc,9957.48302385,0.00023528,0.0313308199999888,148
1,[],4,[],2019-03-19 21:31:25,255810.0415942,0.00000029,0.000000000011615747,6982695,2019-03-19 21:31:25,btc,218.94922712414143,0.0,0.00000029,btc,793529.37642722,0.00117,0.0608347789473395,152
0,[],22,[],2019-03-19 21:31:27,0.0,0,0,6982696,2019-03-19 21:31:27,,0.0,0.0,0,,0.0,0.0,0.0,152
1,[],5,[],2019-04-26 09:36:59,0.0,0,0,7465040,2019-04-26 09:36:59,btc,0.0,0.0,0,btc,0.0,0.0,0.0,153
,[],16,[],2019-01-11 15:38:59,0.0,0,0,6366141,2019-01-11 15:38:59,btc,0.0,0.0,,btc,0.0,0.0,0.0,155
0,[],22,[],2019-05-23 11:23:01,0.0,0,0,7672852,2019-05-23 11:23:01,,6.80428951,0.0,0,,4678201.942592593,0.0,0.0,156
0,[],23,[],2019-01-20 23:24:29,0.0,0,0,6476932,2019-01-20 23:24:29,,0.0,0.0,0,,0.0,0.0,0.0,156
1,[],22,[],2019-05-23 11:23:04,7066.0,0.00000800,0.00000000061058,7672853,2019-05-23 11:23:04,BTC,1.79802465,0.0,0.00000800,BTC,802.6461988741639,0.0,0.00062996,157
0,[],22,[],2019-05-21 23:40:32,0.0,0,0,7665049,2019-05-21 23:40:32,,50234.60468402,0.0,0,,54786159.03179465,0.0,0.0,158
,[],17,[],2018-11-20 22:56:10,0.0,0,0,4861976,2018-11-20 22:56:10,btc,1.1265625,0.0,,btc,1000.0,0.0,0.0,159
,[],20,[],2018-11-20 22:56:12,0.0,0,0,4861977,2018-11-20 22:56:12,btc,11912.7940471,0.0,,btc,34413894.3617,0.0,0.0,159
1,[],12,[],2019-05-23 11:23:06,10510.08394974,0.00000137999999999999991637657063836552850943917292170226573944091796875,0.00000000010532505,7672854,2019-05-23 11:23:06,btc,1.6837705031,0.0,0.00000137999999999999991637657063836552850943917292170226573944091796875,btc,1064.8899999999999,0.0181761578297135,0.0107660854999169,168
1,[],17,[],2019-05-03 01:13:36,42852.0,0.00000002,0.000000000001096006,7559132,2019-05-03 01:13:36,btc,0.04279856251542,0.0,0.00000002,btc,274.46171372,0.0,0.00052852,168
1,[],22,[],2019-05-17 03:01:52,10.0,0.00000001,0.000000000000778341,7642059,2019-05-17 03:01:52,BTC,41.95893009,0.0,0.00000001,BTC,1753972.7737547632,0.0,1e-07,169
1,[],22,[],2019-05-23 11:25:11,291021.0,0.00000005,0.000000000003816125,7672855,2019-05-23 11:25:11,BTC,27.86160705,0.0,0.00000005,BTC,450220.01376556454,0.0,0.00575725,171
1,[],22,[],2019-05-23 11:25:16,389395.0,0.00000002,0.00000000000152645,7672856,2019-05-23 11:25:16,BTC,24.3994402,0.0,0.00000002,"BTC,LTC",1037115.9936183414,5.458e-05,0.0054799,173
1,[],5,[],2019-05-23 11:25:17,0.0,0,0,7672857,2019-05-23 11:25:17,btc,0.0,0.02149334,0,btc,0.0,0.0,0.0,175
1,[],22,[],2019-05-23 11:25:20,90671.0,0.00000001,0.000000000000763225,7672858,2019-05-23 11:25:20,BTC,394.35459412,0.0,0.00000001,BTC,136275.61833431243,0.0,0.00090671,176
1,[],7,[],2019-05-23 11:25:22,0.0,0,0,7672859,2019-05-23 11:25:22,btc,522274.2789885729,1999.90881093,0,btc,28589999.08886601,0.0,0.0,178
0,[],22,[],2019-05-23 11:25:24,0.0,0,0,7672860,2019-05-23 11:25:24,,1.00242428,0.0,0,,57512.0,0.0,0.0,178
0,[],2,[],2019-01-20 23:28:34,0.0,0,0,6477001,2019-01-20 23:28:34,,0.0,0.0,0,,0.0,0.0,0.0,178
1,[],5,[],2019-05-23 11:25:26,0.0,0,0,7672861,2019-05-23 11:25:26,btc,0.0,0.02597408,0,btc,0.0,0.0,0.0,179
0,[],22,[],2019-05-23 11:25:29,0.0,0,0,7672862,2019-05-23 11:25:29,,5.31368016,0.0,0,,13352849.811946675,0.0,0.0,179
0,[],23,[],2019-01-20 23:25:08,0.0,0,0,6476952,2019-01-20 23:25:08,,0.0,0.0,0,,0.0,0.0,0.0,179
1,[],22,[],2019-05-23 11:27:36,660377.4649350649,0.00000120,0.000000000091587,7672863,2019-05-23 11:27:36,BTC,39.28444333,0.0,0.00000120,"BTC,LTC",145535.2539508663,0.05126731,0.56019796,180
1,[],26,[],2019-05-23 11:27:36,0.0,0.00000250,0.00000000019080625,7672864,2019-05-23 11:27:36,btc,0.0,0.0,0.00000250,btc,0.0,0.0,0.0,180
1,[],17,[],2019-05-03 01:13:56,20504.725000000002,0.0000001,0.00000000000548003,7559141,2019-05-03 01:13:56,btc,5.2010695838400265,0.0,0.0000001,btc,5033.45945,0.0,0.0011504725,180
,[],7,[],2018-11-20 22:58:01,562227.975654,0.00000085,0.000000000036176765,4862015,2018-11-20 22:58:01,btc,21836.6059674,2491.87645172,,btc,749999.041456,0.00211021,0.127565380455,183
,[],5,[],2019-01-10 08:11:41,0.0,0,0,6347036,2019-01-10 08:11:41,btc,82.15055501,0.00261,,btc,1.19002445,0.0,0.0,187
,[],17,[],2018-11-16 20:58:10,4062536.27273,0.00000001,0.000000000000550501,4708775,2018-11-16 20:58:10,btc,3.36492563466,0.195460381006,,"btc,eth",110697919.549,0.0,0.0157628953496,187
1,[],24,[],2019-05-22 21:04:52,0.0,0.000000000014,0.0000000000000010960978,7670219,2019-05-22 21:04:52,btc,0.0,0.0,0.000000000014,btc,0.0,0.0,0.0,187
0,[],22,[],2019-04-25 02:54:07,0.0,0,0,7447896,2019-04-25 02:54:07,,7.54794454,0.0,0,,76361.7243344055,0.0,0.0,191
0,[],22,[],2019-05-23 11:27:43,0.0,0,0,7672865,2019-05-23 11:27:43,,0.0,0.0,0,,0.0,0.0,0.0,197
0,[],23,[],2019-01-20 23:31:41,0.0,0,0,6477079,2019-01-20 23:31:41,,0.0,0.0,0,,0.0,0.0,0.0,199
0,[],22,[],2019-05-23 11:27:47,0.0,0,0,7672866,2019-05-23 11:27:47,,10.22019194,0.0,0,,85003964.0,0.0,0.0,199
1,[],26,[],2019-05-23 11:27:48,0.0,0.00000000,0,7672867,2019-05-23 11:27:48,btc,0.0,0.0,0.00000000,btc,0.0,0.0,0.0,199
0,[],2,[],2019-01-20 23:30:49,0.0,0,0,6477059,2019-01-20 23:30:49,,0.0,0.0,0,,0.0,0.0,0.0,201
1,[],4,[],2019-01-25 15:51:35,2084389.58565343,0.00000936,0.000000000333526752,6499557,2019-01-25 15:51:35,btc,2.0092503037378524,0.0,0.00000936,btc,160195.80207885,0.19272417,1.242687955921835,211
1,[],7,[],2019-05-23 11:45:48,15336413.47059195,0.0000005,0.000000000038186599999999995,7672952,2019-05-23 11:45:48,btc,15200508.061242169,1609335.33685,0.0000005,btc,10251820.39325558,0.0,0.9914733192156664,212
1,[],5,[],2019-05-23 11:45:50,0.0,0,0,7672953,2019-05-23 11:45:50,btc,0.0,0.05977676,0,btc,0.0,0.0,0.0,213
1,[],12,[],2019-01-25 02:44:32,207462.42853209,0.000001080000000000000035831255497387193287295303889550268650054931640625,0.000000000038610756000000006,6493050,2019-01-25 02:44:32,btc,85023.03793723314,0.0,0.000001080000000000000035831255497387193287295303889550268650054931640625,btc,43675.73520027,0.000146250909087,0.0348620860622024,213
1,[],24,[],2019-05-23 11:45:51,0.0,0.000000090000,0.000000000006873588,7672954,2019-05-23 11:45:51,btc,0.0,0.0,0.000000090000,btc,0.0,0.0,0.0,213
1,[],26,[],2019-05-23 11:45:52,0.0,0.00000040,0.00000000003054928,7672955,2019-05-23 11:45:52,btc,0.0,9.8,0.00000040,btc,0.0,0.0,0.0,213
0,[],22,[],2019-05-23 11:45:55,0.0,0,0,7672956,2019-05-23 11:45:55,,9.61235386,0.0,0,,3451587.094064925,0.0,0.0,216
0,[],27,[],2019-05-23 11:46:04,0.0,0,0,7672957,2019-05-23 11:46:04,,64.7960291180052,100.0,0,"btc,ltc",395700.40768,1e-06,0.0,216
1,[],22,[],2019-05-23 11:46:08,287149.9,0.0000002,0.00000000001527464,7672958,2019-05-23 11:46:08,BTC,12054.77277008,0.0,0.0000002,BTC,444529.10244196607,0.01186523,0.03096022,217
1,[],7,[],2019-05-23 11:46:09,0.0,0,0,7672959,2019-05-23 11:46:09,btc,123414.17454441472,0.0,0,btc,162511130.92083928,0.0,0.0,219
0,[],27,[],2019-05-23 11:46:18,0.0,0,0,7672960,2019-05-23 11:46:18,,0.105466823472,0.0,0,btc,3058319.8967,0.0,0.0,219
0,[],28,[],2019-05-23 11:46:20,0.0,0,0,7672961,2019-05-23 11:46:20,,0.0,14361.0,0,,0.0,0.0,0.0,219
1,[],22,[],2019-05-23 11:46:23,172069.0,0.00000004,0.000000000003054928,7672962,2019-05-23 11:46:23,BTC,56.76466137,0.0,0.00000004,BTC,127061.6482738741,0.0,0.00393676,221
1,[],24,[],2019-05-23 11:46:23,0.0,0.000000010000,0.000000000000763732,7672963,2019-05-23 11:46:23,btc,0.0,0.0,0.000000010000,btc,0.0,0.0,0.0,221
1,[],20,[],2019-05-23 11:46:26,18195268.4812,0.000000003,0.0000000000002291196,7672964,2019-05-23 11:46:26,btc,100050.30245895586,1502933.7818,0.000000003,btc,40592582.7616,0.0058800752789,0.0207005882712,224
0,[],22,[],2019-05-23 11:46:28,0.0,0,0,7672965,2019-05-23 11:46:28,,0.0,0.0,0,,0.0,0.0,0.0,224
1,[],26,[],2019-05-23 11:46:28,0.0,0.00000026,0.000000000019857032,7672966,2019-05-23 11:46:28,btc,0.0,0.0,0.00000026,btc,0.0,0.0,0.0,231
1,[],26,[],2019-05-23 11:46:29,0.0,0.00000006,0.000000000004582392,7672967,2019-05-23 11:46:29,btc,0.0,100.0,0.00000006,btc,0.0,0.0,0.0,234
0,[],27,[],2019-05-23 11:46:43,0.0,0,0,7672968,2019-05-23 11:46:43,,0.01134836604,0.0,0,"btc,eth",11462.996,0.0,0.0,234
1,[],4,[],2019-05-22 17:06:12,91780.56053785,0.00000078,0.000000000061977552,7669277,2019-05-22 17:06:12,btc,5.573372450018177,0.0,0.00000078,btc,729173.93529783,0.0,0.0307060663355679,236
1,[],24,[],2019-05-22 17:06:12,0.0,0.000000010000,0.000000000000794584,7669278,2019-05-22 17:06:12,btc,0.0,0.0,0.000000010000,btc,0.0,0.0,0.0,236
1,[],5,[],2019-05-23 11:46:46,0.0,0,0,7672969,2019-05-23 11:46:46,btc,0.0,0.0370891,0,btc,0.0,0.0,0.0,237
1,[],20,[],2019-05-23 11:46:48,119671211.5318,0.000000046,0.0000000000035131672,7672970,2019-05-23 11:46:48,btc,58793.18153217111,11844393.7722,0.000000046,btc,42711710.5919,0.5520906763656,0.4347666153052,237
1,[],22,[],2019-05-23 11:46:52,318000.0,0.00000003,0.000000000002291196,7672971,2019-05-23 11:46:52,BTC,1.20267422,0.0,0.00000003,BTC,17930.94871794872,0.0,0.00934,237
1,[],4,[],2019-05-23 11:46:54,27501821.58781306,0.00000012,0.000000000009164784,7672972,2019-05-23 11:46:54,btc,2.9312581729309075,0.0,0.00000012,btc,9587854.50402269,0.07700194,0.602856434676486,238
1,[],5,[],2019-05-23 11:46:55,0.0,0,0,7672973,2019-05-23 11:46:55,btc,0.0,0.00257878,0,btc,0.0,0.0,0.0,238
0,[],22,[],2019-03-12 16:49:32,0.0,0,0,6914458,2019-03-12 16:49:32,,0.40415746,0.0,0,,526736.5639027493,0.0,0.0,249
0,[],22,[],2019-05-23 11:46:58,0.0,0,0,7672974,2019-05-23 11:46:58,,13.39451957,0.0,0,,40944503.3426455,0.0,0.0,252
0,[],28,[],2019-05-23 11:47:12,0.0,0,0,7672975,2019-05-23 11:47:12,,0.0,271171.5,0,,0.0,0.0,0.0,256
1,[],22,[],2019-05-23 11:47:15,1052904.0,0.00000001,0.000000000000763732,7672976,2019-05-23 11:47:15,BTC,21.85885958,0.0,0.00000001,BTC,542925.7509808998,1.626e-05,0.01052904,258
1,[],22,[],2019-05-19 18:12:02,400.0,0.00000001,0.0000000000007957800000000001,7653905,2019-05-19 18:12:02,BTC,2.415167,0.0,0.00000001,BTC,157.0,0.0,4e-06,259
1,[],20,[],2019-05-23 11:30:46,908032.2927,0.000000477,0.0000000000364058325,7672894,2019-05-23 11:30:46,btc,1.0294049435294,2192.6,0.000000477,btc,122528.0288,0.0012557142,0.0099266162051,264
1,[],5,[],2019-05-23 11:47:17,0.0,0,0,7672977,2019-05-23 11:47:17,btc,0.0,0.06339643,0,btc,0.0,0.0,0.0,264
0,[],22,[],2019-04-12 17:57:27,0.0,0,0,7278186,2019-04-12 17:57:27,,66.37522201,0.0,0,,677842.4169881374,0.0,0.0,271
0,[],22,[],2019-05-23 11:47:22,0.0,0,0,7672978,2019-05-23 11:47:22,,33050467.4724609,0.0,0,,14361462970.7,0.0,0.0,272
0,[],28,[],2019-05-23 11:47:24,0.0,0,0,7672979,2019-05-23 11:47:24,,0.0,8823317028.0,0,,0.0,0.0,0.0,272
1,[],22,[],2019-05-23 07:12:29,219930.0,0.00000004,0.000000000003048688,7671985,2019-05-23 07:12:29,BTC,426.77835217,0.0,0.00000004,BTC,248664.3325962929,0.0,0.00739728,281
1,[],22,[],2019-05-23 11:47:29,1101926.4333333333,0.00000003,0.000000000002291196,7672980,2019-05-23 11:47:29,BTC,2.64930296,0.0,0.00000003,"BTC,LTC",839570.03032866,0.00096864,0.0368192,286
0,[],22,[],2019-05-23 11:47:33,0.0,0,0,7672981,2019-05-23 11:47:33,,7337890.5475411,0.0,0,,1584356788.7797825,0.0,0.0,294
