pairValue,buyBook,exchangeId,sellBook,updated,buyTotal,satoshiPrice,usdPrice,exchangeLogId,created,bestPair,sellTotalBtc,volume,pairPrice,activePairs,sellTotal,volumeBtc,buyTotalBtc,coinId
1,[],20,[],2019-07-01 19:09:08,928.9731,0.00810002,0.00000083068135106,7785259,2019-07-01 19:09:08,btc,0.1469479635501,0.6198,0.00810002,btc,10.9738,0.005768007795,0.1301091877706,1
1,[],3,[],2019-07-01 19:31:45,31395.76766639667,0.00835909999999999951680873522263937047682702541351318359375,0.0000008492603186099999,7785369,2019-07-01 19:31:45,btc,10.933580476237239,79.8397511044,0.00835909999999999951680873522263937047682702541351318359375,btc,37.43012062602,0.0,0.27388400527038304,1
1,[],4,[],2019-07-01 19:31:46,208595.4631614,0.00837458,0.0000008508330417179999,7785370,2019-07-01 19:31:46,btc,9.354747635623342,0.0,0.00837458,btc,452.70367782,4.87270445,3.530439143411432,1
1,[],5,[],2019-07-01 19:31:48,0.0,0,0,7785371,2019-07-01 19:31:48,btc,0.0,0.00012706,0,btc,0.0,0.0,0.0,1
1,[],10,[],2019-07-01 19:31:51,246561.92790258,0.00300435,0.00000030523324738499994,7785372,2019-07-01 19:31:51,btc,6525.619787496979,1174.7488171,0.00300435,btc,1927.96992023,0.0,1.382385240312207,1
1,[],12,[],2019-07-01 19:31:54,104.95855065,0.0080800000000000003763656053479280672036111354827880859375,0.000000820904568,7785373,2019-07-01 19:31:54,btc,0.6490599467482999,0.0,0.0080800000000000003763656053479280672036111354827880859375,btc,27.70490565,0.844232367291,0.0517246856839,1
1,[],21,[],2019-07-01 19:31:57,2256.22831387,0.008430790000000000505853137156,0.000000856543814709,7785374,2019-07-01 19:31:57,btc,10.757089545686057,3199.9624113,0.008430790000000000505853137156009324826300144195556640625,"btc,eth",1791.27153596,25.275747003609037,12.897573495311429,1
1,[],22,[],2019-07-01 19:32:01,0.5199,0.00150000,0.00000015239564999999998,7785375,2019-07-01 19:32:01,BTC,0.01667896,0.0,0.00150000,BTC,0.2541810146658512,0.0,0.00077189,1
1,[],24,[],2019-07-01 19:32:01,0.0,0.000000000000,0,7785376,2019-07-01 19:32:01,btc,0.0,0.0,0.000000000000,btc,0.0,0.0,0.0,1
0.0,[],25,[],2019-07-01 19:32:03,0.0,0,0,7785377,2019-07-01 19:32:03,btc,18.87709999937589,2463.21374076,0.0,btc,2139.72888811,20.492,0.0,1
1,[],26,[],2019-07-01 19:32:05,0.0,0,0,7785378,2019-07-01 19:32:05,,0.0,0.0,0,,0.0,0.0,0.0,1
1,[],28,[],2019-07-01 19:32:30,1039.924,0.00730000,0.00000074165883,7785379,2019-07-01 19:32:30,btc,0.374000830075,123118.4,0.00730000,btc,23.7132,0.0,0.268011296,1
0,[],2,[],2019-01-20 23:28:45,0.0,0,0,6477011,2019-01-20 23:28:45,,0.0,0.0,0,,0.0,0.0,0.0,1
1,[],5,[],2019-06-17 14:29:02,0.0,0,0,7740076,2019-06-17 14:29:02,btc,0.0,2.72e-05,0,btc,0.0,0.0,0.0,2
1,[],22,[],2019-06-17 14:29:06,11550.3,0.0000002,0.0000000000185828,7740077,2019-06-17 14:29:06,BTC,21.00897301,0.0,0.0000002,"BTC,XMR",20678.87287795317,1.754e-05,0.00143681,2
1,[],5,[],2019-06-03 14:48:58,0.0,0,0,7731126,2019-06-03 14:48:58,btc,0.0,0.05905545,0,btc,0.0,0.0,0.0,3
1,[],12,[],2019-06-03 14:48:59,3468623.70302,0.000000116,0.000000000009823402000000002,7731127,2019-06-03 14:48:59,btc,169531.0336573751,0.0,0.000000116,btc,2361209.62379607,0.041350953071,0.33764769154428,3
0,[],28,[],2019-06-03 14:49:00,0.0,0,0,7731128,2019-06-03 14:49:00,,0.0,0.0,0,,0.0,0.0,0.0,3
0,[],2,[],2019-01-20 23:31:32,0.0,0,0,6477077,2019-01-20 23:31:32,,0.0,0.0,0,,0.0,0.0,0.0,4
1,[],4,[],2019-05-18 21:29:50,562734.9206932,0.00000010,0.000000000007298720000000001,7650946,2019-05-18 21:29:50,btc,41.9347137769675,0.0,0.00000010,btc,1123702.32192634,0.00052462,0.029254593370966,4
0,[],12,[],2019-06-02 05:03:43,0.0,0,0,7724919,2019-06-02 05:03:43,btc,625.901992874995,0.0,0,btc,1211362.4995005,0.0,0.0,5
0,[],2,[],2019-01-20 23:31:51,0.0,0,0,6477087,2019-01-20 23:31:51,,0.0,0.0,0,,0.0,0.0,0.0,6
1,[],11,[],2019-07-01 19:32:32,3254161.27673599,0.00000001,0.000000000001015971,7785380,2019-07-01 19:32:32,btc,9583.589639370932,3293000.0,0.00000001,btc,77458204.25770687,0.0,0.0325416127673599,6
1,[],3,[],2019-07-01 19:32:33,11571.238986376986,0.0000551099999999999992108222490738711485391831956803798675537109375,0.000000005599016180999999,7785381,2019-07-01 19:32:33,btc,2027.9927407935868,627.29874475,0.0000551099999999999992108222490738711485391831956803798675537109375,btc,442.808038894402,0.0,0.014720099238426772,7
1,[],4,[],2019-07-01 19:32:34,316401.39950863,0.00007767,0.000000007891046757,7785382,2019-07-01 19:32:34,btc,8.052586868176148,0.0,0.00007767,btc,55748.66854231,1.8743617,2.0802431170522877,7
1,[],5,[],2019-07-01 19:32:35,0.0,0,0,7785383,2019-07-01 19:32:35,btc,0.0,0.09054261,0,btc,0.0,0.0,0.0,7
1,[],20,[],2019-04-07 22:06:50,3201475.0482,0.000000001,0.000000000000051590000000000004,7213932,2019-04-07 22:06:50,btc,30.8005781811902,0.0,0.000000001,btc,23077405.3926,0.0,0.0032014750482,8
0,[],2,[],2019-01-20 23:22:42,0.0,0,0,6476876,2019-01-20 23:22:42,,0.0,0.0,0,,0.0,0.0,0.0,9
0,[],23,[],2019-01-20 23:22:48,0.0,0,0,6476878,2019-01-20 23:22:48,,0.0,0.0,0,,0.0,0.0,0.0,9
1,[],4,[],2019-07-01 19:32:38,2072516.56739995,0.00000041,0.000000000041654811,7785384,2019-07-01 19:32:38,btc,2.8760007352107944,0.0,0.00000041,btc,3101733.42200472,0.4648536,0.3984608376770428,9
1,[],28,[],2019-07-01 19:32:46,20043.809,0.00000042,0.000000000042670782,7785385,2019-07-01 19:32:46,btc,2708.78161732885,127881.0,0.00000042,btc,35184.584,0.0,0.00270157978,9
1,[],1,[],2019-02-17 23:31:42,1822507.21,0.00000181000000000000003456111265232042484285557293333113193511962890625,0.000000000066086901,6701244,2019-02-17 23:31:42,btc,3.6990969245,17153386.5,0.00000181000000000000003456111265232042484285557293333113193511962890625,btc,1997391.71,31.11772986,3.2610482446,9
1,[],4,[],2019-02-17 11:22:43,4341674.27126056,0.00000002,0.0000000000007272960000000001,6696112,2019-02-17 11:22:43,btc,0.1997230937751353,0.0,0.00000002,btc,4109766.79808031,0.00215132,0.0479381022052112,10
0,[],2,[],2019-01-20 23:23:08,0.0,0,0,6476890,2019-01-20 23:23:08,,0.0,0.0,0,,0.0,0.0,0.0,12
1,[],4,[],2019-07-01 19:32:47,7762812.80836265,0.00000028,0.000000000028447187999999998,7785386,2019-07-01 19:32:47,btc,7.448097640194133,0.0,0.00000028,btc,8390020.11705739,0.34562049,0.9306728514379162,12
1,[],5,[],2019-07-01 19:32:49,0.0,0,0,7785387,2019-07-01 19:32:49,btc,0.0,6.493e-05,0,btc,0.0,0.0,0.0,12
0.0,[],25,[],2019-07-01 19:32:51,0.0,0,0,7785388,2019-07-01 19:32:51,,0.0,0.0,0.0,btc,0.0,0.0,0.0,12
1,[],4,[],2019-07-01 19:32:52,558800.52461349,0.00000236,0.000000000239769156,7785389,2019-07-01 19:32:52,btc,2.067827340407734,0.0,0.00000236,btc,378607.62625199,0.21689598,0.3031411254246845,13
1,[],10,[],2019-07-01 19:32:54,608320.55043867,0.00000241,0.00000000024484901099999997,7785390,2019-07-01 19:32:54,btc,666797.6799484732,8609.91960506,0.00000241,btc,881309.18011688,0.0,0.2567354010030231,13
1,[],21,[],2019-07-01 19:32:55,7287347.3803689,0.000002539999999999999821532732994,0.00000000025805663399999994,7785391,2019-07-01 19:32:55,btc,3.1187411905771754,1337183.58274492,0.00000253999999999999982153273299367857163133521680720150470733642578125,btc,953124.95984254,3.26091604,3.249316689740898,13
1,[],4,[],2019-07-01 19:32:57,1304911.18953256,0.00000033,0.000000000033527043,7785392,2019-07-01 19:32:57,btc,2.532555418224112,0.0,0.00000033,btc,746599.49817656,0.00551444,0.1444637485467064,14
1,[],12,[],2019-07-01 19:32:58,202667.78260869,0.00000032,0.000000000032511072,7785393,2019-07-01 19:32:58,btc,191.49003522990515,0.0,0.00000032,btc,41432.06442848,6.349e-05,0.0087540999999987,14
1,[],26,[],2019-07-01 19:34:58,0.0,0.00000050,0.00000000005079855,7785394,2019-07-01 19:34:58,btc,0.0,0.0,0.00000050,btc,0.0,0.0,0.0,14
0,[],17,[],2019-05-03 00:53:32,0.0,0,0,7558876,2019-05-03 00:53:32,btc,0.0,0.0,0,btc,0.0,0.0,0.0,14
,[],12,[],2018-12-01 15:15:48,204241.84496,0.00000489,0.000000000202473384,5260204,2018-12-01 15:15:48,btc,49.5475654835,0.0,,btc,35763.2193806,0.0163153972027625,0.0203389899998,15
0,[],4,[],2019-07-01 19:34:59,0.0,0,0,7785395,2019-07-01 19:34:59,,0.0,0.0,0,,0.0,0.0,0.0,15
0,[],2,[],2019-01-20 23:23:38,0.0,0,0,6476906,2019-01-20 23:23:38,,0.0,0.0,0,,0.0,0.0,0.0,18
1,[],4,[],2019-07-01 19:35:01,30116.12640728,0.00000807,0.000000000819888597,7785396,2019-07-01 19:35:01,btc,2.369885499055208,0.0,0.00000807,btc,17474.04755641,0.03765679,0.0314207632648797,18
1,[],10,[],2019-07-01 19:35:03,430167.54629243,0.00000754,0.0000000007660421339999999,7785397,2019-07-01 19:35:03,btc,14.89880818261891,10197.6665788,0.00000754,btc,11355.36879107,0.0,0.4077094041949702,18
1,[],12,[],2019-07-01 19:35:05,2151.56889926,0.00000800999999999999954224116915924014392658136785030364990234375,0.0000000008137927709999999,7785398,2019-07-01 19:35:05,btc,0.529408515534353,0.0,0.00000800999999999999954224116915924014392658136785030364990234375,btc,1921.99839621,4.889081e-06,0.0043634673639726,18
0,[],17,[],2019-05-03 00:53:39,0.0,0,0,7558882,2019-05-03 00:53:39,btc,0.0,0.0,0,btc,0.0,0.0,0.0,18
0,[],2,[],2019-01-20 23:24:19,0.0,0,0,6476924,2019-01-20 23:24:19,,0.0,0.0,0,,0.0,0.0,0.0,19
1,[],3,[],2019-07-01 19:37:05,162374.66710898,0.000007999999999999999637984894607090069484911509789526462554931640625,0.0000000008127767999999999,7785399,2019-07-01 19:37:05,btc,190.33668599592508,15936.0573282,0.000007999999999999999637984894607090069484911509789526462554931640625,btc,18745.900526850633,0.0,0.1114575069304659,19
1,[],4,[],2019-07-01 19:37:06,417581.51797874,0.00000626,0.0000000006359978459999999,7785400,2019-07-01 19:37:06,btc,2.747207226164492,0.0,0.00000626,btc,195322.11404924,0.50305452,1.8297919947205608,19
1,[],5,[],2019-07-01 19:37:08,0.0,0,0,7785401,2019-07-01 19:37:08,btc,0.0,5.376e-05,0,btc,0.0,0.0,0.0,19
1,[],12,[],2019-07-01 19:37:09,107387.84832987,0.000005800000000000000372813759030865554677802720107138156890869140625,0.00000000058926318,7785402,2019-07-01 19:37:09,btc,0.3723925458055195,0.0,0.000005800000000000000372813759030865554677802720107138156890869140625,btc,2991.38421058,0.001959266353,0.0100668599998147,19
0,[],27,[],2019-07-01 19:37:17,0.0,0,0,7785403,2019-07-01 19:37:17,,0.0,0.0,0,btc,0.0,0.0,0.0,19
1,[],4,[],2019-07-01 19:37:18,9925191.09278478,0.00000005,0.000000000005079855,7785404,2019-07-01 19:37:18,btc,5.162345510776601,0.0,0.00000005,btc,2240531.70486197,0.0,0.1102994166205056,20
0,[],4,[],2019-07-01 19:37:19,0.0,0,0,7785405,2019-07-01 19:37:19,,13631.979109764237,0.0,0,,166080788.2737067,0.0,0.0,21
0,[],12,[],2019-07-01 19:37:20,0.0,0,0,7785406,2019-07-01 19:37:20,btc,2602.9646299574624,0.0,0,btc,10399046.54445551,0.0,0.0,21
0,[],17,[],2019-05-03 00:53:51,0.0,0,0,7558891,2019-05-03 00:53:51,btc,0.0,0.0,0,btc,0.0,0.0,0.0,21
1,[],12,[],2019-07-01 19:39:21,5726323121.864567,0.0000000006,0.00000000000006095826,7785407,2019-07-01 19:39:21,btc,1426620312880.0486,0.0,0.0000000006,btc,2892590492.244888,0.265125281195,1.6623677113454833,23
0.0000000002787441,[],27,[],2019-07-01 19:39:27,33398727.01298692,8.362323e-17,8.495877660633e-21,7785408,2019-07-01 19:39:27,eth,1275.9962505,1074511.15844156,0.0000003,eth,4036565.066,9.2849230444086e-11,4.798417628730328e-10,23
1,[],4,[],2019-06-22 05:45:29,6100414.07522138,0.00000017,0.00000000001823352,7751732,2019-06-22 05:45:29,btc,10.22685272773715,0.0,0.00000017,btc,1790815.48208265,0.0,0.1345450262400025,24
0,[],22,[],2019-06-22 05:45:31,0.0,0,0,7751733,2019-06-22 05:45:31,,6.22e-05,0.0,0,,517.4264705882352,0.0,0.0,24
0.0,[],25,[],2019-06-22 05:45:32,0.0,0,0,7751734,2019-06-22 05:45:32,,0.0,0.0,0.0,btc,0.0,0.0,0.0,24
0,[],2,[],2019-01-20 23:25:56,0.0,0,0,6476976,2019-01-20 23:25:56,,0.0,0.0,0,,0.0,0.0,0.0,26
1,[],4,[],2019-07-01 19:39:28,26949194.38585876,0.00000354,0.000000000359653734,7785409,2019-07-01 19:39:28,btc,7.4172089289211565,0.0,0.00000354,btc,201952.59751829,0.07657024,0.4020668480976484,26
1,[],10,[],2019-07-01 19:39:30,128724.08763903,0.0000048,0.0000000004876660799999999,7785410,2019-07-01 19:39:30,btc,26.15785550111192,6313.73436107,0.0000048,btc,19876.51847206,0.0,0.0476732254103016,26
1,[],5,[],2019-04-26 09:47:06,0.0,0,0,7465326,2019-04-26 09:47:06,btc,0.0,0.0,0,btc,0.0,0.0,0.0,27
1,[],3,[],2019-06-17 14:30:26,13571825.64059417,0.00000001,0.00000000000092914,7740112,2019-06-17 14:30:26,btc,3.485049956644059,4264730.43754,0.00000001,btc,23500048.28518193,0.0,0.1357182564059417,27
1,[],11,[],2019-06-17 14:30:28,2031833.58157834,0.00000001,0.00000000000092914,7740113,2019-06-17 14:30:28,btc,67502.92060589766,32677.9652116,0.00000001,btc,6487362.95640949,0.0,0.0203183358157834,27
0.0000000001139487,[],4,[],2019-07-01 19:39:32,475320888.64176077,8.8879986e-17,9.029948825640599e-21,7785411,2019-07-01 19:39:32,ltc,10.540476068214566,0.0,0.00000078,ltc,660999829.1405046,0.05416278,7.654999209415801e-09,29
1,[],7,[],2019-07-01 19:39:33,0.0,0,0,7785412,2019-07-01 19:39:33,btc,46548272.69606424,1222000.47164,0,btc,54966555.12386811,0.01222,0.0,29
1,[],4,[],2019-07-01 19:16:28,15247247.18640204,0.00000004,0.00000000000410212,7785299,2019-07-01 19:16:28,btc,2.574271176878842,0.0,0.00000004,btc,2263873.01112021,0.0,0.1669783403867238,30
0,[],17,[],2019-05-03 01:11:25,0.0,0,0,7559066,2019-05-03 01:11:25,btc,0.0,0.0,0,btc,0.0,0.0,0.0,30
1,[],4,[],2019-07-01 19:39:34,231693.5012471,0.00003102,0.000000003151542042,7785413,2019-07-01 19:39:34,btc,4.3067493565653185,0.0,0.00003102,btc,66824.76665003,0.24516085,0.5777809581360325,31
1,[],21,[],2019-07-01 19:39:35,274064.98111389,0.00003157999999999999918504425822,0.0000000032084364179999996,7785414,2019-07-01 19:39:35,btc,5.650108621717989,283560.19645168,0.0000315799999999999991850442582208557951162219978868961334228515625,btc,142512.46636071,8.92045057,4.021954298636455,31
0,[],2,[],2019-01-20 23:28:43,0.0,0,0,6477009,2019-01-20 23:28:43,,0.0,0.0,0,,0.0,0.0,0.0,32
0,[],4,[],2019-07-01 19:18:31,0.0,0,0,7785302,2019-07-01 19:18:31,,0.0,0.0,0,,0.0,0.0,0.0,33
1,[],12,[],2019-03-30 07:55:10,40641173.964,0.00000003,0.000000000001228359,7108785,2019-03-30 07:55:10,btc,4233210.82356125,0.0,0.00000003,btc,28378394.68333462,0.0126927883965248,0.90752895892,33
0.0000000001139487,[],4,[],2019-07-01 19:39:36,148087841.87554365,5.697435e-17,5.7884287343849995e-21,7785415,2019-07-01 19:39:36,ltc,4.573282240489781,0.0,0.0000005,ltc,167631328.61553186,0.0,6.513146176007738e-10,34
1,[],5,[],2019-07-01 19:39:38,0.0,0,0,7785416,2019-07-01 19:39:38,btc,0.0,0.0,0,btc,0.0,0.0,0.0,34
0.0000000002926451,[],17,[],2019-05-02 18:17:47,200000.0,2.9264510000000002e-18,1.596703856561e-22,7556430,2019-05-02 18:17:47,eth,0.20942468735267253,0.0,0.00000001,"btc,eth",1018272.20243647,0.0,5.852902e-13,36
0.0000000001311821,[],4,[],2019-05-31 13:28:19,2417517744.0607657,1.311821e-18,1.105058333085e-22,7717483,2019-05-31 13:28:19,ltc,5.019900492391546e-08,0.0,0.00000001,ltc,7102398142.262129,0.0,3.171350544531538e-09,36
1,[],5,[],2019-05-31 13:28:21,0.0,0,0,7717484,2019-05-31 13:28:21,btc,0.0,0.0,0,btc,0.0,0.0,0.0,36
0.0000000003108179,[],27,[],2019-05-31 13:30:34,10388811.226876,6.216358000000001e-18,5.236566733830001e-22,7717485,2019-05-31 13:30:34,eth,1569.8708019850988,761866.634299,0.00000002,"ltc,eth",5084024.2511555,4.736034912207001e-12,3.3251980286483705e-11,36
1,[],4,[],2019-06-25 10:05:55,10747826.61931615,0.00000014,0.000000000015920562,7762320,2019-06-25 10:05:55,btc,19773.05513423956,0.0,0.00000014,btc,682946.14349671,0.0006293,0.1362851255028938,37
1,[],12,[],2019-06-25 10:05:57,4167862.54235103,0.00000013,0.000000000014783379,7762321,2019-06-25 10:05:57,btc,7.381091518261743,0.0,0.00000013,btc,1713444.53926904,0.016313049979,0.1478110147956336,37
1,[],27,[],2019-06-25 10:08:02,10970.0,0.00000019,0.000000000021606477,7762322,2019-06-25 10:08:02,btc,22.62970013895233,0.0,0.00000019,btc,4298.824295,0.0,0.00167419,37
1,[],17,[],2019-05-03 01:11:36,211752.74075282,0.00000025,0.000000000013700074999999998,7559074,2019-05-03 01:11:36,btc,0.055484923955058496,0.0,0.00000025,"btc,eth",1387.19918473,0.0,0.0005381851887916605,37
1,[],5,[],2019-07-01 19:18:36,0.0,0,0,7785305,2019-07-01 19:18:36,btc,0.0,0.18606963,0,btc,0.0,0.0,0.0,42
1,[],12,[],2019-07-01 19:18:37,190065.18789057,0.000001309999999999999951307938332589753116508290986530482769012451171875,0.00000000013434442999999998,7785306,2019-07-01 19:18:37,btc,525.2943353588771,0.0,0.000001309999999999999951307938332589753116508290986530482769012451171875,btc,146023.17147512,0.009916362756,0.0431912900624285,42
1,[],27,[],2019-07-01 19:18:45,10300.0,0.00000003,0.00000000000307659,7785307,2019-07-01 19:18:45,btc,0.07600425,0.0,0.00000003,"btc,eth",18.0,0.0,0.000306,42
1,[],12,[],2019-03-13 09:13:29,1112112.0,0.00000001,0.000000000000386531,6919902,2019-03-13 09:13:29,btc,29058.00478931866,0.0,0.00000001,btc,5967681.93306694,9.99000999e-07,0.01112112,43
1,[],5,[],2019-04-26 22:38:52,0.0,0,0,7474154,2019-04-26 22:38:52,btc,0.0,0.02638891,0,btc,0.0,0.0,0.0,43
0,[],17,[],2019-04-26 22:38:53,0.0,0,0,7474155,2019-04-26 22:38:53,btc,0.0,0.0,0,btc,0.0,0.0,0.0,43
1,[],12,[],2019-03-05 01:54:08,639326.02,0.00000004,0.000000000001486676,6845775,2019-03-05 01:54:08,btc,11116042.728239931,0.0,0.00000004,btc,1103841.4595604,0.0003330765234764,0.014975410599999999,44
0.0000000001139487,[],4,[],2019-07-01 19:39:39,109619962.71248811,4.8997941e-17,4.9780487115711e-21,7785417,2019-07-01 19:39:39,ltc,2762.2198093596303,0.0,0.00000043,ltc,27019845.34695519,0.0,5.168480688034446e-10,49
0.00000000011389280000000001,[],4,[],2019-07-01 19:18:47,316869375.54104334,2.6195344e-17,2.686411113232e-21,7785309,2019-07-01 19:18:47,ltc,28257.767236926717,0.0,0.00000023,ltc,196652155.26974714,0.0,2.080292353316989e-09,52
0,[],22,[],2019-07-01 19:39:42,0.0,0,0,7785418,2019-07-01 19:39:42,,10289.80784133,0.0,0,,287058287.4566013,0.0,0.0,57
0,[],27,[],2019-07-01 19:39:49,0.0,0,0,7785419,2019-07-01 19:39:49,,0.0,0.0,0,"btc,eth",0.0,0.0,0.0,57
0,[],4,[],2019-07-01 19:18:59,0.0,0,0,7785312,2019-07-01 19:18:59,,19.71886632239716,0.0,0,,6082720451.982692,0.000499,0.0,58
0,[],12,[],2019-07-01 19:18:59,0.0,0,0,7785313,2019-07-01 19:18:59,btc,654641045.4620725,0.0,0,btc,3478888368.162794,0.000971556242,0.0,58
0.0000000000840515,[],22,[],2019-07-01 19:21:03,126877.0,8.405150000000001e-19,8.619733479499999e-23,7785314,2019-07-01 19:21:03,XMR,68.17454206,0.0,0.00000001,XMR,9626402.6,0.0,0.00126877,58
1,[],17,[],2019-05-03 01:12:09,1200000.0,0.0000000001,0.00000000000000548003,7559085,2019-05-03 01:12:09,btc,1e+24,0.0,0.0000000001,"btc,eth",39516342.31952568,0.0,0.00010000000058666061,58
1,[],5,[],2019-06-17 14:31:27,0.0,0,0,7740135,2019-06-17 14:31:27,btc,0.0,0.00079154,0,btc,0.0,0.0,0.0,61
1,[],22,[],2019-06-17 14:31:30,13612.833333333334,0.00000012,0.00000000001114968,7740136,2019-06-17 14:31:30,BTC,1002.29123003,0.0,0.00000012,BTC,15014.200177125656,0.0,0.00153257,61
1,[],26,[],2019-06-17 14:31:30,0.0,0.00000050,0.000000000046457,7740137,2019-06-17 14:31:30,btc,0.0,0.0,0.00000050,btc,0.0,0.0,0.0,61
1,[],27,[],2019-06-17 14:31:36,8400.0,0.00000018,0.00000000001672452,7740138,2019-06-17 14:31:36,btc,1.9742539297246655,0.0,0.00000018,"btc,eth",10953.51663696,0.0,0.001512,61
0,[],28,[],2019-06-17 14:31:38,0.0,0,0,7740139,2019-06-17 14:31:38,,0.0,0.0,0,,0.0,0.0,0.0,61
1,[],4,[],2019-07-01 19:21:04,1837227.48187045,0.00000040,0.0000000000410212,7785315,2019-07-01 19:21:04,btc,3.254166220513651,0.0,0.00000040,btc,1172056.00702746,0.04102649,0.132902599258821,67
0.0,[],25,[],2019-07-01 19:21:07,0.0,0,0,7785316,2019-07-01 19:21:07,,0.0,0.0,0.0,btc,0.0,0.0,0.0,67
1,[],12,[],2019-06-02 06:23:14,910048.355,0.00000006,0.000000000005154929999999999,7725270,2019-06-02 06:23:14,btc,5.167005424215783,0.0,0.00000006,btc,738530.60239759,0.003159757462,0.0187188113,71
,[],5,[],2018-11-20 23:02:39,1.5e-07,0.00000005,0.000000000002128045,4862160,2018-11-20 23:02:39,btc,2.84511358,0.0,,btc,0.00036572,0.0,0.07381892,74
1,[],5,[],2019-07-01 19:21:08,0.0,0,0,7785317,2019-07-01 19:21:08,btc,0.0,0.00290498,0,btc,0.0,0.0,0.0,75
1,[],4,[],2019-06-04 03:25:15,715281.46076168,0.00000001,0.000000000000803619,7734085,2019-06-04 03:25:15,btc,581089.6218469425,0.0,0.00000001,btc,37692563.61091116,0.0,0.0071528146076168,81
0,[],20,[],2019-01-25 09:30:31,0.0,0,0,6495923,2019-01-25 09:30:31,btc,0.0,0.0,0,btc,0.0,0.0,0.0,81
1,[],4,[],2019-07-01 19:21:09,185605.43901902,0.00006213,0.00000000637161789,7785318,2019-07-01 19:21:09,btc,59.32936659605432,0.0,0.00006213,btc,130110.55022184,0.2894456,0.2569253408125852,82
1,[],21,[],2019-07-01 19:21:10,326792.04155179,0.00006982000000000000575553493753,0.00000000716025046,7785319,2019-07-01 19:21:10,btc,4.348301324883277,2304.65234232,0.0000698200000000000057555349375348896501236595213413238525390625,btc,44218.74153203,0.16079373,3.591542792568098,82
0,[],17,[],2019-03-25 22:42:34,0.0,0,0,7038780,2019-03-25 22:42:34,btc,0.0445064681804024,0.0,0,btc,995513.18476001,0.0,0.0,84
0.0000000001161485,[],4,[],2019-05-20 13:09:39,216715621.0206096,1.161485e-18,9.0533806701e-23,7657228,2019-05-20 13:09:39,ltc,1.6511566870244727,0.0,0.00000001,ltc,471032407.9048656,0.0,2.5171194308112273e-10,85
,[],22,[],2018-11-20 23:09:34,3408.1,0.0000001,0.0000000000041895,4862324,2018-11-20 23:09:34,BTC,0.04624735,0.0,,BTC,4990.0,0.0,0.00033081,86
1,[],22,[],2019-06-26 09:07:19,62694.0,0.00000005,0.0000000000063518149999999994,7766682,2019-06-26 09:07:19,BTC,1.85249053,0.0,0.00000005,BTC,287024.94736842107,0.0003,0.00062846,87
1,[],27,[],2019-06-26 09:07:25,361781.0,0.0000002,0.000000000025407259999999998,7766683,2019-06-26 09:07:25,btc,19.86923154858,99950.0,0.0000002,btc,548343.482,0.01999,0.01237888,87
,[],2,[],2018-11-20 23:10:47,0.0,0,0,4862359,2018-11-20 23:10:47,,0.0,0.0,,,0.0,0.0,0.0,88
1,[],11,[],2019-06-17 14:31:59,193715.3529613,0.000073310000000000001140094962881477158589405007660388946533203125,0.00000000681152534,7740147,2019-06-17 14:31:59,btc,168.35454702024953,5791.70569014,0.000073310000000000001140094962881477158589405007660388946533203125,btc,196971.41170107,0.0,1.1996165759440112,89
0,[],2,[],2019-01-20 23:31:45,0.0,0,0,6477083,2019-01-20 23:31:45,,0.0,0.0,0,,0.0,0.0,0.0,91
1,[],12,[],2019-07-01 19:21:12,399462.94025638,0.00000027,0.00000000002768931,7785320,2019-07-01 19:21:12,btc,122.14765202699714,0.0,0.00000027,btc,294056.97528392,0.000206403258,0.0263748129538382,91
1,[],22,[],2019-07-01 19:23:16,75900.0,0.00000001,0.00000000000102553,7785321,2019-07-01 19:23:16,BTC,0.495,0.0,0.00000001,"BTC,LTC",4.95,0.0,0.001659,91
0,[],17,[],2019-05-03 01:12:26,0.0,0,0,7559096,2019-05-03 01:12:26,btc,0.0,0.0,0,btc,0.0,0.0,0.0,91
1,[],22,[],2019-07-01 19:23:20,94060.0,0.00000002,0.00000000000205106,7785322,2019-07-01 19:23:20,BTC,11.46037324,0.0,0.00000002,"BTC,LTC",339169.4683191416,0.0,0.0662712,95
0.00000000011389280000000001,[],4,[],2019-07-01 19:23:21,537835460.8799856,2.84732e-17,2.9200120796e-21,7785323,2019-07-01 19:23:21,ltc,10.917345737962629,0.0,0.00000025,ltc,154119370.60553408,0.0,7.569967682864341e-10,96
0,[],12,[],2019-07-01 19:23:22,0.0,0,0,7785324,2019-07-01 19:23:22,btc,36.53971723649351,0.0,0,btc,9958981.649350641,0.0,0.0,96
0,[],17,[],2019-05-03 01:12:32,0.0,0,0,7559100,2019-05-03 01:12:32,btc,0.0,0.0,0,btc,0.0,0.0,0.0,96
1,[],4,[],2019-04-14 03:32:46,1039404.33283278,0.00000038,0.000000000019245518,7293458,2019-04-14 03:32:46,btc,4.170086055365747,0.0,0.00000038,btc,3097704.34561074,0.06260606,0.1859928211030784,99
1,[],4,[],2019-07-01 19:25:23,193885.66930699,0.00001403,0.00000000143881859,7785325,2019-07-01 19:25:23,btc,8.248357299622684,0.0,0.00001403,btc,165642.36340958,0.1916457,0.5909433163194663,100
0,[],2,[],2019-01-20 23:23:55,0.0,0,0,6476914,2019-01-20 23:23:55,,0.0,0.0,0,,0.0,0.0,0.0,100
1,[],22,[],2019-06-05 06:30:35,150000.0,0.00000002,0.000000000001558192,7740007,2019-06-05 06:30:35,BTC,28.56386409,0.0,0.00000002,BTC,12787.719,0.0,0.0017,101
1,[],4,[],2019-07-01 19:25:24,529789.28618166,0.00000151,0.00000000015485502999999998,7785326,2019-07-01 19:25:24,btc,882.6377753391699,0.0,0.00000151,btc,749610.23670217,0.01257139,0.0752853268691558,103
1,[],12,[],2019-06-17 14:32:14,179201505.10870332,0.000000005,0.00000000000046457,7740154,2019-06-17 14:32:14,btc,113577.79366343976,0.0,0.000000005,btc,79148141.67831126,0.019059029059,0.27280986350611003,105
1,[],27,[],2019-06-17 14:32:19,18306828.03496503,0.00000002,0.00000000000185828,7740155,2019-06-17 14:32:19,btc,180.7198218385489,1083.96503497,0.00000002,btc,276513.60142659,7.588e-05,0.3661365606993006,105
1,[],22,[],2019-04-21 00:17:26,21333.0,0.00000001,0.000000000000532493,7385819,2019-04-21 00:17:26,BTC,51.38182867,0.0,0.00000001,BTC,470435.0,0.0,0.00021333,107
1,[],26,[],2019-04-21 00:17:26,0.0,0.00000000,0,7385820,2019-04-21 00:17:26,btc,0.0,0.0,0.00000000,btc,0.0,0.0,0.0,107
1,[],5,[],2019-07-01 19:25:27,0.0,0,0,7785327,2019-07-01 19:25:27,btc,0.0,0.0,0,btc,0.0,0.0,0.0,112
0,[],22,[],2019-07-01 19:25:31,0.0,0,0,7785328,2019-07-01 19:25:31,,6.79500102,0.0,0,,3375892.0833333335,0.0,0.0,112
1,[],27,[],2019-07-01 19:25:38,1.0,0.00000001,0.00000000000102553,7785329,2019-07-01 19:25:38,btc,0.0,0.0,0.00000001,"btc,eth",0.0,0.0,1e-08,112
1,[],4,[],2019-07-01 19:25:39,936710.79147994,0.00000032,0.00000000003281696,7785330,2019-07-01 19:25:39,btc,6.546930031517578,0.0,0.00000032,btc,994737.7272744,0.00415496,0.0966938889560004,113
1,[],5,[],2019-07-01 19:25:40,0.0,0,0,7785331,2019-07-01 19:25:40,btc,0.0,0.00252136,0,btc,0.0,0.0,0.0,113
1,[],17,[],2019-04-26 02:17:47,162738.278,0.00000004,0.0000000000021069000000000002,7461287,2019-04-26 02:17:47,btc,1.3331140273775473,0.0,0.00000004,btc,51796.221,0.0,0.00230953112,116
1,[],27,[],2019-05-22 05:13:01,210000.0,0.00000001,0.00000000000079145,7666372,2019-05-22 05:13:01,btc,3919.0005001478,0.0,0.00000001,btc,128660.871,0.0,0.0021,116
1,[],4,[],2019-05-21 22:31:11,138169.03963019,0.00000701,0.000000000558364025,7664793,2019-05-21 22:31:11,btc,150.95388250938234,0.0,0.00000701,btc,344631.17141974,0.07552974,0.4288357684941946,120
1,[],7,[],2019-05-21 22:31:12,3901.07750076,0.000010679999999999999389654892212320191902108490467071533203125,0.0000000008506887,7664794,2019-05-21 22:31:12,btc,231188.94669936574,0.0,0.000010679999999999999389654892212320191902108490467071533203125,btc,4133.83151364,0.0,0.0113888422364489,120
1,[],20,[],2019-04-07 18:42:29,1914137.0852,0.000000035,0.0000000000017871910000000002,7211992,2019-04-07 18:42:29,btc,32.2497668025648,25528.85,0.000000035,btc,1001975.4986,0.00089350975,0.0152723574729,125
1,[],22,[],2019-06-17 14:32:38,10000.0,0.00000001,0.00000000000092914,7740161,2019-06-17 14:32:38,BTC,0.032061,0.0,0.00000001,BTC,299316.7611111111,0.0,0.0001,126
0,[],2,[],2019-01-20 23:25:46,0.0,0,0,6476969,2019-01-20 23:25:46,,0.0,0.0,0,,0.0,0.0,0.0,131
1,[],17,[],2019-05-03 01:13:10,10000.0,0.00000001,0.000000000000548003,7559115,2019-05-03 01:13:10,btc,0.0953976503951408,0.0,0.00000001,btc,5037.62507334,0.0,0.0001,131
1,[],4,[],2019-07-01 04:28:32,590754.62293327,0.00000338,0.000000000376936248,7782890,2019-07-01 04:28:32,btc,2.8525130367360445,0.0,0.00000338,btc,192252.70961539,0.09127328,0.5629290691005338,131
1,[],4,[],2019-06-17 14:32:42,4848.49465417,0.00007919,0.00000000735785966,7740163,2019-06-17 14:32:42,btc,0.9905723729472744,0.0,0.00007919,btc,202.13055914,0.0,0.0061509344290166,135
1,[],3,[],2019-06-05 06:33:11,40600.27748212,0.00000001,0.000000000000779096,7740019,2019-06-05 06:33:11,btc,0.2308097808993716,2146378.52189,0.00000001,btc,2477992.76904676,0.0,0.0004060027748212,136
1,[],4,[],2019-07-01 19:25:41,226203.35749386,0.00000134,0.00000000013742102,7785332,2019-07-01 19:25:41,btc,112.55210468745882,0.0,0.00000134,btc,526249.82402478,0.00597877,0.1890916178886078,137
1,[],12,[],2019-07-01 19:25:43,66752.27537251,0.00000141999999999999995691814247411599581027985550463199615478515625,0.00000000014562526,7785333,2019-07-01 19:25:43,btc,57.90184448036652,0.0,0.00000141999999999999995691814247411599581027985550463199615478515625,btc,81862.41598678,0.002308844916,0.0135424099999529,137
1,[],4,[],2019-07-01 19:25:45,440650.06073667,0.00000871,0.00000000089323663,7785334,2019-07-01 19:25:45,btc,3.4348305086751942,0.0,0.00000871,btc,133907.74232435,0.07730188,0.346505868742454,142
1,[],5,[],2019-07-01 19:25:46,0.0,0,0,7785335,2019-07-01 19:25:46,btc,0.0,0.00237036,0,btc,0.0,0.0,0.0,142
1,[],22,[],2019-07-01 19:27:50,10820.0,0.00000600,0.000000000615318,7785336,2019-07-01 19:27:50,BTC,2.99759384,0.0,0.00000600,BTC,835.7198755539798,0.0,0.0053672,142
0.0,[],25,[],2019-07-01 19:27:54,0.0,0,0,7785337,2019-07-01 19:27:54,,0.0,0.0,0.0,btc,0.0,0.0,0.0,142
1,[],28,[],2019-07-01 19:27:58,76110.0,0.00001110,0.0000000011383382999999999,7785338,2019-07-01 19:27:58,btc,0.438587390411,3737.0,0.00001110,btc,1381.1951,0.0,0.0042182,142
1,[],17,[],2019-05-03 01:13:16,32967.38636364,0.00000088,0.000000000048224264,7559122,2019-05-03 01:13:16,btc,20.06976206696776,0.0,0.00000088,btc,2746.079105,0.0,0.0105613000000032,142
1,[],20,[],2019-07-01 18:36:11,112961.5914,0.000005948,0.0000000006089383960000001,7785183,2019-07-01 18:36:11,btc,1.5722088024355,66.3656,0.000005948,btc,10390.9333,0.0006724651498,0.0062536830902,142
0,[],22,[],2019-07-01 19:28:01,0.0,0,0,7785339,2019-07-01 19:28:01,,67.34180998,0.0,0,,707007055.7744589,0.0,0.0,143
0,[],22,[],2019-02-25 15:42:22,0.0,0,0,6783783,2019-02-25 15:42:22,,4.2131946,0.0,0,,2322156.0,0.0,0.0,146
,[],22,[],2018-11-20 23:01:11,0.0,0,0,4862114,2018-11-20 23:01:11,,2.56807021,0.0,,,61828.4988236,0.0,0.0,147
1,[],12,[],2019-04-21 06:38:04,193091.5971266,0.00000071,0.000000000037635183,7388679,2019-04-21 06:38:04,btc,2.301232411611175,0.0,0.00000071,btc,9957.48302385,0.00023528,0.0313308199999888,148
1,[],4,[],2019-03-19 21:31:25,255810.0415942,0.00000029,0.000000000011615747,6982695,2019-03-19 21:31:25,btc,218.94922712414143,0.0,0.00000029,btc,793529.37642722,0.00117,0.0608347789473395,152
0,[],22,[],2019-03-19 21:31:27,0.0,0,0,6982696,2019-03-19 21:31:27,,0.0,0.0,0,,0.0,0.0,0.0,152
1,[],5,[],2019-04-26 09:36:59,0.0,0,0,7465040,2019-04-26 09:36:59,btc,0.0,0.0,0,btc,0.0,0.0,0.0,153
,[],16,[],2019-01-11 15:38:59,0.0,0,0,6366141,2019-01-11 15:38:59,btc,0.0,0.0,,btc,0.0,0.0,0.0,155
0,[],23,[],2019-01-20 23:24:29,0.0,0,0,6476932,2019-01-20 23:24:29,,0.0,0.0,0,,0.0,0.0,0.0,156
0,[],22,[],2019-06-04 06:02:09,0.0,0,0,7734688,2019-06-04 06:02:09,,7.43375324,0.0,0,,5955762.942592593,0.0,0.0,156
1,[],22,[],2019-07-01 19:28:04,6996.0,0.00000001,0.00000000000102553,7785340,2019-07-01 19:28:04,BTC,1.7543039,0.0,0.00000001,BTC,57.0,0.0,6.996e-05,157
0,[],22,[],2019-05-21 23:40:32,0.0,0,0,7665049,2019-05-21 23:40:32,,50234.60468402,0.0,0,,54786159.03179465,0.0,0.0,158
,[],17,[],2018-11-20 22:56:10,0.0,0,0,4861976,2018-11-20 22:56:10,btc,1.1265625,0.0,,btc,1000.0,0.0,0.0,159
,[],20,[],2018-11-20 22:56:12,0.0,0,0,4861977,2018-11-20 22:56:12,btc,11912.7940471,0.0,,btc,34413894.3617,0.0,0.0,159
1,[],12,[],2019-05-24 02:51:20,9178.522006449999,0.00000191999999999999982841307998027158276954651228152215480804443359375,0.000000000151222656,7676256,2019-05-24 02:51:20,btc,149.80414728631675,0.0,0.00000191999999999999982841307998027158276954651228152215480804443359375,btc,1115.7451448499999,0.01783167678326,0.0120075778999181,168
1,[],17,[],2019-05-03 01:13:36,42852.0,0.00000002,0.000000000001096006,7559132,2019-05-03 01:13:36,btc,0.04279856251542,0.0,0.00000002,btc,274.46171372,0.0,0.00052852,168
1,[],22,[],2019-05-17 03:01:52,10.0,0.00000001,0.000000000000778341,7642059,2019-05-17 03:01:52,BTC,41.95893009,0.0,0.00000001,BTC,1753972.7737547632,0.0,1e-07,169
1,[],22,[],2019-05-30 08:38:18,202834.0,0.00000002,0.0000000000017416160000000001,7711049,2019-05-30 08:38:18,BTC,27.87002826,0.0,0.00000002,BTC,462189.5410507793,0.0,0.00211768,171
1,[],22,[],2019-05-29 08:05:18,349870.0,0.00000002,0.000000000001705894,7705265,2019-05-29 08:05:18,BTC,24.05907723,0.0,0.00000002,"BTC,LTC",1224285.4355616204,0.0,0.0039847,173
1,[],5,[],2019-07-01 19:28:06,0.0,0,0,7785341,2019-07-01 19:28:06,btc,0.0,0.00200259,0,btc,0.0,0.0,0.0,175
1,[],22,[],2019-06-17 14:33:12,90671.0,0.00000001,0.00000000000092914,7740175,2019-06-17 14:33:12,BTC,394.35459412,0.0,0.00000001,BTC,136275.61833431243,0.0,0.00090671,176
1,[],7,[],2019-07-01 10:15:32,0.0,0,0,7783526,2019-07-01 10:15:32,btc,521516.2326888725,0.0,0,btc,26809253.73522063,0.0,0.0,178
1,[],22,[],2019-07-01 19:28:10,30.0,0.00000001,0.00000000000102553,7785342,2019-07-01 19:28:10,BTC,1.00242428,0.0,0.00000001,BTC,57512.0,0.0,3e-07,178
0,[],2,[],2019-01-20 23:28:34,0.0,0,0,6477001,2019-01-20 23:28:34,,0.0,0.0,0,,0.0,0.0,0.0,178
1,[],5,[],2019-07-01 19:28:11,0.0,0,0,7785343,2019-07-01 19:28:11,btc,0.0,0.0,0,btc,0.0,0.0,0.0,179
0,[],22,[],2019-07-01 19:28:14,0.0,0,0,7785344,2019-07-01 19:28:14,,9.36109742,0.0,0,,14660694.311946675,0.0,0.0,179
0,[],23,[],2019-01-20 23:25:08,0.0,0,0,6476952,2019-01-20 23:25:08,,0.0,0.0,0,,0.0,0.0,0.0,179
1,[],22,[],2019-07-01 19:30:18,706494.4282555282,0.00000037,0.00000000003794461,7785345,2019-07-01 19:30:18,BTC,40.64475417,0.0,0.00000037,"BTC,LTC",197850.411571008,0.00136597,0.57677108,180
1,[],26,[],2019-07-01 19:30:18,0.0,0.00000010,0.0000000000102553,7785346,2019-07-01 19:30:18,btc,0.0,0.0,0.00000010,btc,0.0,0.0,0.0,180
1,[],17,[],2019-05-03 01:13:56,20504.725000000002,0.0000001,0.00000000000548003,7559141,2019-05-03 01:13:56,btc,5.2010695838400265,0.0,0.0000001,btc,5033.45945,0.0,0.0011504725,180
,[],7,[],2018-11-20 22:58:01,562227.975654,0.00000085,0.000000000036176765,4862015,2018-11-20 22:58:01,btc,21836.6059674,2491.87645172,,btc,749999.041456,0.00211021,0.127565380455,183
,[],5,[],2019-01-10 08:11:41,0.0,0,0,6347036,2019-01-10 08:11:41,btc,82.15055501,0.00261,,btc,1.19002445,0.0,0.0,187
,[],17,[],2018-11-16 20:58:10,4062536.27273,0.00000001,0.000000000000550501,4708775,2018-11-16 20:58:10,btc,3.36492563466,0.195460381006,,"btc,eth",110697919.549,0.0,0.0157628953496,187
1,[],24,[],2019-05-22 21:04:52,0.0,0.000000000014,0.0000000000000010960978,7670219,2019-05-22 21:04:52,btc,0.0,0.0,0.000000000014,btc,0.0,0.0,0.0,187
0,[],22,[],2019-04-25 02:54:07,0.0,0,0,7447896,2019-04-25 02:54:07,,7.54794454,0.0,0,,76361.7243344055,0.0,0.0,191
0,[],22,[],2019-06-17 14:33:34,0.0,0,0,7740182,2019-06-17 14:33:34,,0.0,0.0,0,,0.0,0.0,0.0,197
0,[],23,[],2019-01-20 23:31:41,0.0,0,0,6477079,2019-01-20 23:31:41,,0.0,0.0,0,,0.0,0.0,0.0,199
0,[],22,[],2019-07-01 19:30:21,0.0,0,0,7785347,2019-07-01 19:30:21,,10.58263174,0.0,0,,84280969.0,0.0,0.0,199
1,[],26,[],2019-07-01 19:30:21,0.0,0.00000000,0,7785348,2019-07-01 19:30:21,btc,0.0,0.0,0.00000000,btc,0.0,0.0,0.0,199
0,[],2,[],2019-01-20 23:30:49,0.0,0,0,6477059,2019-01-20 23:30:49,,0.0,0.0,0,,0.0,0.0,0.0,201
1,[],4,[],2019-01-25 15:51:35,2084389.58565343,0.00000936,0.000000000333526752,6499557,2019-01-25 15:51:35,btc,2.0092503037378524,0.0,0.00000936,btc,160195.80207885,0.19272417,1.242687955921835,211
1,[],7,[],2019-07-01 02:21:28,1170054124.6898527,0.00000018,0.000000000019815389999999997,7782694,2019-07-01 02:21:28,btc,1346735.6331920293,0.0,0.00000018,btc,5516233.71348162,0.0,11.954344045954047,212
1,[],12,[],2019-01-25 02:44:32,207462.42853209,0.000001080000000000000035831255497387193287295303889550268650054931640625,0.000000000038610756000000006,6493050,2019-01-25 02:44:32,btc,85023.03793723314,0.0,0.000001080000000000000035831255497387193287295303889550268650054931640625,btc,43675.73520027,0.000146250909087,0.0348620860622024,213
1,[],5,[],2019-05-30 00:07:46,0.0,0,0,7709357,2019-05-30 00:07:46,btc,0.0,0.06425239,0,btc,0.0,0.0,0.0,213
1,[],24,[],2019-05-30 00:07:46,0.0,0.000000399202,0.0000000000344859829346,7709358,2019-05-30 00:07:46,btc,0.0,0.0,0.000000399202,btc,0.0,0.0,0.0,213
1,[],26,[],2019-05-30 00:07:47,0.0,0.00000040,0.000000000034554919999999996,7709359,2019-05-30 00:07:47,btc,0.0,0.0,0.00000040,btc,0.0,0.0,0.0,213
0,[],22,[],2019-07-01 19:30:26,0.0,0,0,7785349,2019-07-01 19:30:26,,9.54523049,0.0,0,,3658586.2040649247,0.0,0.0,216
0,[],27,[],2019-07-01 19:30:34,0.0,0,0,7785350,2019-07-01 19:30:34,,1998.8186641893976,0.0,0,"btc,ltc",546928.29534794,0.0,0.0,216
1,[],22,[],2019-07-01 19:30:38,1028217.0086580086,0.00000022,0.00000000002256166,7785351,2019-07-01 19:30:38,BTC,12055.86472375,0.0,0.00000022,BTC,589575.9178421671,0.00104198,0.04750264,217
0,[],27,[],2019-07-01 19:30:45,0.0,0,0,7785352,2019-07-01 19:30:45,,250.21442758069674,0.0,0,btc,146772.535837,0.0,0.0,219
0.000000000000003008,[],28,[],2019-07-01 19:30:47,3312820234.054,6.792064e-19,6.965465393919999e-23,7785353,2019-07-01 19:30:47,doge,125846.04510800431,6871.0,0.00022580,"btc,doge",120666781.230909,0.0,2.6352743899949702e-11,219
1,[],7,[],2019-06-27 19:02:35,0.0,0,0,7772298,2019-06-27 19:02:35,btc,2123800.2774640615,0.0,0,btc,82333746.4752352,0.0,0.0,219
0,[],22,[],2019-06-26 23:36:41,0.0,0,0,7769178,2019-06-26 23:36:41,,56.75439223,0.0,0,,184664.6482738741,0.0,0.0,221
1,[],24,[],2019-06-26 23:36:41,0.0,0.000000030000,0.000000000003835668,7769179,2019-06-26 23:36:41,btc,0.0,0.0,0.000000030000,btc,0.0,0.0,0.0,221
1,[],20,[],2019-06-17 14:34:11,26882155.8301,0.000000003,0.000000000000278742,7740192,2019-06-17 14:34:11,btc,100050.81956632523,233521.3529,0.000000003,btc,38769742.8604,0.0007925640587,0.0306863532672,224
0,[],22,[],2019-06-17 14:34:13,0.0,0,0,7740193,2019-06-17 14:34:13,,0.0,0.0,0,,0.0,0.0,0.0,224
1,[],26,[],2019-07-01 19:30:48,0.0,0.00000022,0.00000000002256166,7785354,2019-07-01 19:30:48,btc,0.0,0.0,0.00000022,btc,0.0,0.0,0.0,231
1,[],26,[],2019-07-01 19:30:48,0.0,0.00000005,0.00000000000512765,7785355,2019-07-01 19:30:48,btc,0.0,0.0,0.00000005,btc,0.0,0.0,0.0,234
0.0000000002770757,[],27,[],2019-07-01 19:30:56,100.0,2.770757e-18,2.84149442621e-22,7785356,2019-07-01 19:30:56,eth,0.0,0.0,0.00000001,"btc,eth",0.0,0.0,2.770757e-16,234
1,[],4,[],2019-05-22 17:06:12,91780.56053785,0.00000078,0.000000000061977552,7669277,2019-05-22 17:06:12,btc,5.573372450018177,0.0,0.00000078,btc,729173.93529783,0.0,0.0307060663355679,236
1,[],24,[],2019-05-22 17:06:12,0.0,0.000000010000,0.000000000000794584,7669278,2019-05-22 17:06:12,btc,0.0,0.0,0.000000010000,btc,0.0,0.0,0.0,236
1,[],5,[],2019-07-01 19:30:57,0.0,0,0,7785357,2019-07-01 19:30:57,btc,0.0,0.54480548,0,btc,0.0,0.0,0.0,237
1,[],20,[],2019-07-01 19:30:59,128939004.5481,0.00000006,0.00000000000615318,7785358,2019-07-01 19:30:59,btc,548.8900311939573,6329265.374,0.00000006,btc,43066539.8144,0.3993112153335,0.8735117939369,237
1,[],22,[],2019-07-01 19:31:03,2151312.0,0.00000005,0.00000000000512765,7785359,2019-07-01 19:31:03,BTC,1.20112178,0.0,0.00000005,"BTC,LTC",14506.148717948718,0.0,0.02994441,237
1,[],4,[],2019-07-01 19:31:04,25996846.43681602,0.00000005,0.00000000000512765,7785360,2019-07-01 19:31:04,btc,2.8380536693110168,0.0,0.00000005,btc,14088459.56306259,0.12984705,0.4070368877158004,238
1,[],5,[],2019-07-01 19:31:05,0.0,0,0,7785361,2019-07-01 19:31:05,btc,0.0,0.0190076,0,btc,0.0,0.0,0.0,238
0,[],22,[],2019-03-12 16:49:32,0.0,0,0,6914458,2019-03-12 16:49:32,,0.40415746,0.0,0,,526736.5639027493,0.0,0.0,249
0,[],22,[],2019-05-28 23:53:45,0.0,0,0,7703643,2019-05-28 23:53:45,,13.44714864,0.0,0,,43777534.3426455,0.0,0.0,252
1,[],28,[],2019-07-01 19:31:07,1008604.859,0.00000005,0.00000000000512765,7785362,2019-07-01 19:31:07,btc,3.69282021808,126506.12,0.00000005,btc,5076303.4534,0.0,0.03224743795,256
1,[],22,[],2019-07-01 19:31:11,496444.0,0.00000001,0.00000000000102553,7785363,2019-07-01 19:31:11,BTC,31471.48537874,0.0,0.00000001,"BTC,LTC",1164536.0289488921,5.1e-05,0.00736444,258
1,[],22,[],2019-05-19 18:12:02,400.0,0.00000001,0.0000000000007957800000000001,7653905,2019-05-19 18:12:02,BTC,2.415167,0.0,0.00000001,BTC,157.0,0.0,4e-06,259
1,[],5,[],2019-07-01 19:31:12,0.0,0,0,7785364,2019-07-01 19:31:12,btc,0.0,0.02256662,0,btc,0.0,0.0,0.0,264
1,[],20,[],2019-07-01 19:31:14,953090.943,0.000000178,0.000000000018254434,7785365,2019-07-01 19:31:14,btc,1.1507195332151,7431.6739,0.000000178,btc,65015.5225,0.0023003325972,0.0049263259001,264
0,[],22,[],2019-04-12 17:57:27,0.0,0,0,7278186,2019-04-12 17:57:27,,66.37522201,0.0,0,,677842.4169881374,0.0,0.0,271
0,[],22,[],2019-07-01 19:31:17,0.0,0,0,7785366,2019-07-01 19:31:17,,33050469.74148113,0.0,0,,14261527780.7,0.0,0.0,272
0.000000000000003008,[],28,[],2019-07-01 19:31:19,384041356195.487,4.512e-22,4.62719136e-26,7785367,2019-07-01 19:31:19,doge,282734983.41493136,7399748696.6628,0.00000015,doge,317153114653.3654,0.0,8.792270931814201e-11,272
1,[],22,[],2019-05-23 07:12:29,219930.0,0.00000004,0.000000000003048688,7671985,2019-05-23 07:12:29,BTC,426.77835217,0.0,0.00000004,BTC,248664.3325962929,0.0,0.00739728,281
1,[],22,[],2019-07-01 19:31:24,1244397.5666666667,0.00000003,0.00000000000307659,7785368,2019-07-01 19:31:24,BTC,7.87595226,0.0,0.00000003,"BTC,LTC",1124964.797623037,0.006609840000114348,0.03066189,286
0,[],22,[],2019-06-17 14:34:53,0.0,0,0,7740207,2019-06-17 14:34:53,,7337915.80475575,0.0,0,,2078527309.6797826,0.0,0.0,294
