pairValue,buyBook,exchangeId,sellBook,updated,buyTotal,satoshiPrice,usdPrice,exchangeLogId,created,bestPair,sellTotalBtc,volume,pairPrice,activePairs,sellTotal,volumeBtc,buyTotalBtc,coinId
1,[],3,[],2019-02-21 19:21:31,30539.897096450586,0.01260865000000000075985884251394963939674198627471923828125,0.00000049313438842,6754380,2019-02-21 19:21:31,btc,61.12152310402682,0.6825524,0.01260865000000000075985884251394963939674198627471923828125,btc,26.036972298637,0.0,0.05918800524894683,1
1,[],4,[],2019-02-21 19:21:32,120056.36185101,0.01267000,0.000000495533836,6754381,2019-02-21 19:21:32,btc,1.163324407243696,0.0,0.01267000,btc,84.59838896,1.00961708,1.1426537962890626,1
1,[],5,[],2019-02-21 19:21:34,0.0,0,0,6754382,2019-02-21 19:21:34,btc,0.0,0.05878873,0,btc,0.0,0.0,0.0,1
1,[],10,[],2019-02-21 19:21:37,414467.92473381,0.01140748,0.00000044615566878399996,6754383,2019-02-21 19:21:37,btc,6524.695827381287,1179.92409459,0.01140748,btc,1208.71899311,0.0,5.558109330434733,1
1,[],12,[],2019-02-21 19:21:41,10421.30009829,0.01256999999999999957644991610550277982838451862335205078125,0.0000004916227559999999,6754384,2019-02-21 19:21:41,btc,0.2978557881874,0.0,0.01256999999999999957644991610550277982838451862335205078125,btc,15.48216469,0.1440026044407,0.1678112448047,1
1,[],20,[],2019-02-21 19:21:44,1152.2108,0.0106,0.00000041457448,6754385,2019-02-21 19:21:44,btc,0.0589710786722,0.0,0.0106,btc,2.6451,0.0,0.1011845929543,1
1,[],21,[],2019-02-21 19:21:45,2389.17009501,0.01261065999999999923120164169,0.000000493213001128,6754386,2019-02-21 19:21:45,btc,24.85666692269846,2868.61762053,0.0126106599999999992312016416917686001397669315338134765625,"btc,eth",2462.11865385,31.704117570198598,20.688609589173325,1
1,[],22,[],2019-02-21 19:22:35,0.0163776,0.01300000,0.0000005084404,6754387,2019-02-21 19:22:35,BTC,0.31423927,0.0,0.01300000,BTC,0.11751954901960784,0.0,0.00020972,1
1,[],24,[],2019-02-21 19:22:36,0.0,0.000000000000,0,6754388,2019-02-21 19:22:36,btc,0.0,0.0,0.000000000000,btc,0.0,0.0,0.0,1
0.0,[],25,[],2019-02-21 19:22:37,0.0,0,0,6754389,2019-02-21 19:22:37,btc,16.60869999820151,869.43090087,0.0,btc,1284.92507823,11.2987,0.0,1
1,[],26,[],2019-02-21 19:23:04,0.0,0,0,6754390,2019-02-21 19:23:04,,0.0,0.0,0,,0.0,0.0,0.0,1
1,[],28,[],2019-02-21 19:23:10,993.21,0.01323000,0.000000517435884,6754391,2019-02-21 19:23:10,btc,0.162839806,18812.9,0.01323000,btc,8.9,0.0,0.090071836,1
0,[],2,[],2019-01-20 23:28:45,0.0,0,0,6477011,2019-01-20 23:28:45,,0.0,0.0,0,,0.0,0.0,0.0,1
1,[],5,[],2019-02-21 19:23:13,0.0,0,0,6754392,2019-02-21 19:23:13,btc,0.0,0.00755061,0,btc,0.0,0.0,0.0,2
0,[],22,[],2019-02-21 19:23:43,0.0,0,0,6754393,2019-02-21 19:23:43,,0.0,0.0,0,,0.0,0.0,0.0,2
1,[],5,[],2019-02-21 19:23:46,0.0,0,0,6754394,2019-02-21 19:23:46,btc,0.0,0.90202237,0,btc,0.0,0.0,0.0,3
1,[],12,[],2019-02-21 19:23:47,13089474.03787201,0.000000177,0.000000000006922611600000001,6754395,2019-02-21 19:23:47,btc,924397.5690601028,0.0,0.000000177,btc,8763779.51230863,0.03735671583237961,0.6454751574627065,3
0,[],28,[],2019-02-21 19:23:53,0.0,0,0,6754396,2019-02-21 19:23:53,,0.0,0.0,0,,0.0,0.0,0.0,3
0,[],2,[],2019-01-20 23:31:32,0.0,0,0,6477077,2019-01-20 23:31:32,,0.0,0.0,0,,0.0,0.0,0.0,4
1,[],4,[],2019-02-21 19:23:54,400333.88749235,0.00000032,0.000000000012515456,6754397,2019-02-21 19:23:54,btc,0.3878949942149049,0.0,0.00000032,btc,320242.51217255,0.0,0.0547125982646265,4
1,[],12,[],2019-02-21 15:21:17,1297518.5219999999,0.00000003,0.000000000001178625,6753381,2019-02-21 15:21:17,btc,11013879.586285478,0.0,0.00000003,btc,1205406.24379976,0.001562545568112,0.01981748044,5
0,[],2,[],2019-01-20 23:31:51,0.0,0,0,6477087,2019-01-20 23:31:51,,0.0,0.0,0,,0.0,0.0,0.0,6
1,[],11,[],2019-02-21 19:23:57,1699030.5,0.00000001,0.000000000000391108,6754398,2019-02-21 19:23:57,btc,9432.801435181234,1076145.0,0.00000001,btc,40969686.95347657,0.0,0.016990305,6
1,[],4,[],2019-02-21 19:25:39,21226.60757311,0.00023110,0.00000000903850588,6754399,2019-02-21 19:25:39,btc,2.272258700037349,0.0,0.00023110,btc,9018.08701662,5.24485361,4.328780221516602,7
1,[],5,[],2019-02-21 19:25:40,0.0,0,0,6754400,2019-02-21 19:25:40,btc,0.0,0.609095,0,btc,0.0,0.0,0.0,7
1,[],3,[],2019-02-21 18:19:51,1091.956916111364,0.00015101000000000000598847360588905530676129274070262908935546875,0.0000000059057896860000004,6754195,2019-02-21 18:19:51,btc,27.605796873748474,0.0,0.00015101000000000000598847360588905530676129274070262908935546875,btc,249.144760639695,0.0,0.03419747781770456,7
1,[],20,[],2019-02-20 02:16:17,39399275.8418,0.000000001,0.0000000000000390183,6728586,2019-02-20 02:16:17,btc,116.9737569154545,525.0,0.000000001,btc,56932965.8895,5.25e-07,0.0393992758418,8
0,[],2,[],2019-01-20 23:22:42,0.0,0,0,6476876,2019-01-20 23:22:42,,0.0,0.0,0,,0.0,0.0,0.0,9
0,[],23,[],2019-01-20 23:22:48,0.0,0,0,6476878,2019-01-20 23:22:48,,0.0,0.0,0,,0.0,0.0,0.0,9
1,[],4,[],2019-02-21 19:25:43,2025779.3820119,0.00000178,0.000000000069617224,6754401,2019-02-21 19:25:43,btc,0.7327597319026262,0.0,0.00000178,btc,392735.76537705,3.27726132,0.746995650328868,9
1,[],28,[],2019-02-21 19:25:49,43948.0,0.00000175,0.0000000000684439,6754402,2019-02-21 19:25:49,btc,2708.762412957195,3567371.0,0.00000175,btc,12356.2201,0.0,0.044282,9
1,[],1,[],2019-02-17 23:31:42,1822507.21,0.00000181000000000000003456111265232042484285557293333113193511962890625,0.000000000066086901,6701244,2019-02-17 23:31:42,btc,3.6990969245,17153386.5,0.00000181000000000000003456111265232042484285557293333113193511962890625,btc,1997391.71,31.11772986,3.2610482446,9
1,[],4,[],2019-02-17 11:22:43,4341674.27126056,0.00000002,0.0000000000007272960000000001,6696112,2019-02-17 11:22:43,btc,0.1997230937751353,0.0,0.00000002,btc,4109766.79808031,0.00215132,0.0479381022052112,10
0,[],2,[],2019-01-20 23:23:08,0.0,0,0,6476890,2019-01-20 23:23:08,,0.0,0.0,0,,0.0,0.0,0.0,12
1,[],4,[],2019-02-21 19:25:51,1830384.22379804,0.00000149,0.000000000058275092,6754403,2019-02-21 19:25:51,btc,2.5718617870397886,0.0,0.00000149,btc,1554415.46831368,1.67837557,2.634546573289087,12
1,[],5,[],2019-02-21 19:25:52,0.0,0,0,6754404,2019-02-21 19:25:52,btc,0.0,0.55189504,0,btc,0.0,0.0,0.0,12
0.0,[],25,[],2019-02-21 19:25:53,0.0,0,0,6754405,2019-02-21 19:25:53,,0.0,0.0,0.0,btc,0.0,0.0,0.0,12
1,[],4,[],2019-02-21 19:25:55,1310567.45419026,0.00000576,0.000000000225278208,6754406,2019-02-21 19:25:55,btc,0.4210878886694008,0.0,0.00000576,btc,65971.55866194,0.78889729,1.3371324459960614,13
1,[],10,[],2019-02-21 19:25:58,482223.34852113,0.00000583,0.000000000228015964,6754407,2019-02-21 19:25:58,btc,666802.4706677953,5200.26500114,0.00000583,btc,723744.18382422,0.0,0.2948067004754835,13
1,[],21,[],2019-02-21 19:25:59,484368.08175893,0.000005849999999999999894095131792,0.00000000022879817999999998,6754408,2019-02-21 19:25:59,btc,7.318800484565937,487353.31176486,0.0000058499999999999998940951317916159268861520104110240936279296875,btc,1137052.91680727,2.91271202,2.520059831257633,13
1,[],4,[],2019-02-21 19:26:01,995015.33913012,0.00000142,0.000000000055537336,6754409,2019-02-21 19:26:01,btc,0.1573369958172573,0.0,0.00000142,btc,82996.7874312,0.09302576,0.4214482027594687,14
1,[],12,[],2019-02-21 19:26:03,115026.82539683,0.00000128000000000000002678087786256444502441809163428843021392822265625,0.000000000050061824,6754410,2019-02-21 19:26:03,btc,5.3098541098235295,0.0,0.00000128000000000000002678087786256444502441809163428843021392822265625,btc,32714.78078516,0.0011178089006826,0.022916840000005802,14
1,[],26,[],2019-02-21 19:26:14,0.0,0.00000050,0.0000000000195554,6754411,2019-02-21 19:26:14,btc,0.0,0.0,0.00000050,btc,0.0,0.0,0.0,14
0,[],17,[],2019-02-21 17:25:56,0.0,0,0,6754001,2019-02-21 17:25:56,btc,0.0,0.0,0,btc,0.0,0.0,0.0,14
0,[],4,[],2019-02-21 19:26:17,0.0,0,0,6754412,2019-02-21 19:26:17,,0.0,0.0,0,,0.0,0.0,0.0,15
,[],12,[],2018-12-01 15:15:48,204241.84496,0.00000489,0.000000000202473384,5260204,2018-12-01 15:15:48,btc,49.5475654835,0.0,,btc,35763.2193806,0.0163153972027625,0.0203389899998,15
0,[],2,[],2019-01-20 23:23:38,0.0,0,0,6476906,2019-01-20 23:23:38,,0.0,0.0,0,,0.0,0.0,0.0,18
1,[],4,[],2019-02-21 19:26:19,26922.21081061,0.00001810,0.00000000070790548,6754413,2019-02-21 19:26:19,btc,1.2321770544433954,0.0,0.00001810,btc,8119.40457354,0.01689554,0.1002276254438216,18
1,[],10,[],2019-02-21 19:26:22,779872.41635836,0.00001771,0.0000000006926522680000001,6754414,2019-02-21 19:26:22,btc,15.542573113772168,12864.9482315,0.00001771,btc,10849.37807742,0.0,0.1336546905674884,18
1,[],12,[],2019-02-21 19:26:23,199319.55593652,0.00001836999999999999860756348668555659742196439765393733978271484375,0.0000000007184653959999999,6754415,2019-02-21 19:26:23,btc,21.979794228383298,0.0,0.00001836999999999999860756348668555659742196439765393733978271484375,btc,1744.43913463,2.68647718381e-05,0.0380658460274367,18
0,[],17,[],2019-02-21 17:26:13,0.0,0,0,6754007,2019-02-21 17:26:13,btc,0.0,0.0,0,btc,0.0,0.0,0.0,18
1,[],3,[],2019-02-21 19:26:35,120776.55875134739,0.00002220000000000000090123221385685070572435506619513034820556640625,0.00000000086825976,6754416,2019-02-21 19:26:35,btc,0.562685580307966,0.21768707483,0.00002220000000000000090123221385685070572435506619513034820556640625,btc,9524.56963067002,0.0,0.07966721993169824,19
1,[],4,[],2019-02-21 19:26:36,303072.42516249,0.00002183,0.000000000853788764,6754417,2019-02-21 19:26:36,btc,0.3435980423715101,0.0,0.00002183,btc,13906.84181986,0.41849207,3.2670500816024832,19
1,[],5,[],2019-02-21 19:26:38,0.0,0,0,6754418,2019-02-21 19:26:38,btc,0.0,0.0,0,btc,0.0,0.0,0.0,19
1,[],12,[],2019-02-21 19:26:39,128816.0,0.0000224199999999999987948702540041523434410919435322284698486328125,0.000000000876864136,6754419,2019-02-21 19:26:39,btc,1.2822215785220323,0.0,0.0000224199999999999987948702540041523434410919435322284698486328125,btc,365.1508782,0.00062844,0.03021488,19
0,[],27,[],2019-02-21 19:26:42,0.0,0,0,6754420,2019-02-21 19:26:42,,0.0,0.0,0,btc,0.0,0.0,0.0,19
0,[],2,[],2019-01-20 23:24:19,0.0,0,0,6476924,2019-01-20 23:24:19,,0.0,0.0,0,,0.0,0.0,0.0,19
1,[],4,[],2019-02-21 19:26:44,8070160.95424551,0.00000013,0.000000000005084404,6754421,2019-02-21 19:26:44,btc,0.7491198104842316,0.0,0.00000013,btc,1601058.86471503,0.00079999,0.2584025451781454,20
1,[],4,[],2019-02-21 19:26:46,109302084.86437024,0.00000002,0.000000000000782216,6754422,2019-02-21 19:26:46,btc,0.5525681326446987,0.0,0.00000002,btc,15474325.2803107,0.0,1.2238821411680452,21
1,[],12,[],2019-02-21 19:26:47,18639306.0,0.00000002,0.000000000000782216,6754423,2019-02-21 19:26:47,btc,670.5900728834847,0.0,0.00000002,btc,8549209.32857329,0.0015968180219782,0.24502636,21
0,[],17,[],2019-02-21 19:26:49,0.0,0,0,6754424,2019-02-21 19:26:49,btc,0.0,0.0,0,btc,0.0,0.0,0.0,21
1,[],12,[],2019-02-21 19:26:51,3055617140.531895,0.0000000001,0.0000000000000039110800000000004,6754425,2019-02-21 19:26:51,btc,880865842921.5592,0.0,0.0000000001,btc,4904063116.209237,0.004160744724276148,0.30556171405318955,23
0,[],27,[],2019-02-21 19:26:53,0.0,0,0,6754426,2019-02-21 19:26:53,,1.3429826565934113,0.0,0,eth,1964879.85514486,0.0,0.0,23
1,[],4,[],2019-02-21 19:26:54,279669.77442223,0.00000060,0.00000000002346648,6754427,2019-02-21 19:26:54,btc,0.1734611377959266,0.0,0.00000060,btc,181637.19993249,0.0071125,0.1370979570821121,24
1,[],22,[],2019-02-21 19:27:39,11.76,0.00000100,0.0000000000391108,6754428,2019-02-21 19:27:39,BTC,7.415e-05,0.0,0.00000100,BTC,23.919354838709676,0.0,1.176e-05,24
0.0,[],25,[],2019-02-21 19:27:41,0.0,0,0,6754429,2019-02-21 19:27:41,,0.0,0.0,0.0,btc,0.0,0.0,0.0,24
1,[],4,[],2019-02-21 19:27:42,26868993.25129562,0.00000585,0.00000000022879818,6754430,2019-02-21 19:27:42,btc,0.5312032888486891,0.0,0.00000585,btc,45566.99113046,0.05639931,0.4963221356864405,26
1,[],10,[],2019-02-21 19:27:45,690937.79635333,0.00000544,0.00000000021276275199999998,6754431,2019-02-21 19:27:45,btc,25.927573069948906,7031.67025511,0.00000544,btc,14365.70013174,0.0,0.2168915552322681,26
0,[],2,[],2019-01-20 23:25:56,0.0,0,0,6476976,2019-01-20 23:25:56,,0.0,0.0,0,,0.0,0.0,0.0,26
1,[],3,[],2019-02-21 19:27:46,7034354.70213569,0.00000001,0.000000000000391108,6754432,2019-02-21 19:27:46,btc,2.82825642819826,412.5,0.00000001,btc,18068492.95734499,0.0,0.0703435470213569,27
1,[],5,[],2019-02-21 19:27:47,0.0,0,0,6754433,2019-02-21 19:27:47,btc,0.0,1.362e-05,0,btc,0.0,0.0,0.0,27
1,[],11,[],2019-02-21 19:27:49,9803584.35433359,0.00000005,0.00000000000195554,6754434,2019-02-21 19:27:49,btc,67506.54015390559,8080.0,0.00000005,btc,8318063.39032784,0.0,0.458287845339645,27
1,[],4,[],2019-02-21 19:27:50,513092807.94277346,0.00000002,0.000000000000782216,6754435,2019-02-21 19:27:50,btc,0.1357802231406857,0.0,0.00000002,"btc,ltc",19211417.73891201,3.64800704,3.194166661704803,29
1,[],7,[],2019-02-21 19:27:52,37619138.742891066,0.00000002,0.000000000000782216,6754436,2019-02-21 19:27:52,btc,44465227.240241684,60134.5976241,0.00000002,btc,58765909.33809368,0.0,0.37625563461339195,29
1,[],4,[],2019-02-21 19:27:53,1437118.21106505,0.00000031,0.000000000012124348,6754437,2019-02-21 19:27:53,btc,0.2411418428003075,0.0,0.00000031,btc,491147.67015305,0.00191749,0.1078690428612398,30
0,[],17,[],2019-02-21 18:24:21,0.0,0,0,6754234,2019-02-21 18:24:21,btc,0.0,0.0,0,btc,0.0,0.0,0.0,30
1,[],4,[],2019-02-21 19:28:05,1133142.74580952,0.00005702,0.000000002230097816,6754438,2019-02-21 19:28:05,btc,1.5927736789873161,0.0,0.00005702,btc,24547.49218969,2.33571481,1.4979818891621977,31
1,[],21,[],2019-02-21 19:28:06,50095.8119258,0.00005632999999999999769448311149,0.000000002203111364,6754439,2019-02-21 19:28:06,btc,2.8545101651996387,113978.45764207,0.0000563299999999999976944831114877842992427758872509002685546875,btc,45530.72583813,6.60213707,2.4700497263927574,31
0,[],2,[],2019-01-20 23:28:43,0.0,0,0,6477009,2019-01-20 23:28:43,,0.0,0.0,0,,0.0,0.0,0.0,32
1,[],4,[],2019-02-21 19:28:07,172753112.84031925,0.00000004,0.000000000001564432,6754440,2019-02-21 19:28:07,btc,1.8039036188918534,0.0,0.00000004,"btc,ltc",46212152.62850943,0.50364173,3.527150825481607,33
1,[],12,[],2019-02-21 19:28:09,15051469.0,0.00000004,0.000000000001564432,6754441,2019-02-21 19:28:09,btc,35620536.577502824,0.0,0.00000004,btc,89464758.19280691,0.0083415904095905,0.49117415,33
1,[],4,[],2019-02-21 19:28:11,127885610.0327251,0.00000001,0.000000000000391108,6754442,2019-02-21 19:28:11,btc,0.8473718659776439,0.0,0.00000001,btc,36859469.83085821,0.01258046,1.278856100327251,34
1,[],5,[],2019-02-21 19:28:12,0.0,0,0,6754443,2019-02-21 19:28:12,btc,0.0,0.01269651,0,btc,0.0,0.0,0.0,34
0.000000000123279,[],4,[],2019-02-21 19:28:13,945046470.9310471,2.46558e-18,9.6430806264e-23,6754444,2019-02-21 19:28:13,ltc,8.963309193883759e-09,0.0,0.00000002,ltc,1726055491.4541492,0.0,1.853888581988932e-09,36
1,[],5,[],2019-02-21 19:28:14,0.0,0,0,6754445,2019-02-21 19:28:14,btc,0.0,0.0,0,btc,0.0,0.0,0.0,36
0,[],17,[],2019-02-21 19:28:27,0.0,0,0,6754446,2019-02-21 19:28:27,btc,0.0746458232965017,0.0,0,btc,4103573.70243647,0.0,0.0,36
0,[],27,[],2019-02-21 19:28:29,0.0,0,0,6754447,2019-02-21 19:28:29,,114.1676941557863,0.0,0,"ltc,eth",4107666.4875004,0.0,0.0,36
1,[],4,[],2019-02-21 19:28:30,302201.83237366,0.00000077,0.000000000030115316,6754448,2019-02-21 19:28:30,btc,0.2473248732720383,0.0,0.00000077,btc,189057.63081877,0.00150636,0.1452828815174378,37
1,[],12,[],2019-02-21 19:28:31,656624.27684979,0.00000075,0.0000000000293331,6754449,2019-02-21 19:28:31,btc,1363.1696256381972,0.0,0.00000075,btc,965244.49114985,0.1139273418247779,0.250118578421056,37
1,[],17,[],2019-02-21 19:28:33,1752.74075282,0.00000025,0.0000000000097777,6754450,2019-02-21 19:28:33,btc,0.05548492399983787,0.0,0.00000025,btc,1387.19918473,0.0,0.00043818518820499993,37
1,[],27,[],2019-02-21 19:28:35,14685.567,0.00000045,0.00000000001759986,6754451,2019-02-21 19:28:35,btc,26.15319856387233,66.433,0.00000045,btc,6763.81438508,2.989e-05,0.00480032515,37
1,[],5,[],2019-02-21 19:28:36,0.0,0,0,6754452,2019-02-21 19:28:36,btc,0.0,0.09988436,0,btc,0.0,0.0,0.0,42
1,[],12,[],2019-02-21 19:28:37,132810.02421036,0.00000086,0.000000000033635288,6754453,2019-02-21 19:28:37,btc,94.68203745282551,0.0,0.00000086,btc,101711.21495161,0.0107985496336404,0.040311080000002,42
0,[],27,[],2019-02-21 19:28:40,0.0,0,0,6754454,2019-02-21 19:28:40,,0.00315028,0.0,0,"btc,eth",11.007,0.0,0.0,42
1,[],5,[],2019-02-21 19:28:42,0.0,0,0,6754455,2019-02-21 19:28:42,btc,0.0,0.0001592,0,btc,0.0,0.0,0.0,43
1,[],12,[],2019-02-21 19:28:43,3709302.0,0.00000002,0.000000000000782216,6754456,2019-02-21 19:28:43,btc,20007435.274505768,0.0,0.00000002,btc,38974197.25614385,1.7988011988e-06,0.03759302,43
0,[],17,[],2019-02-21 18:24:55,0.0,0,0,6754253,2019-02-21 18:24:55,btc,0.0,0.0,0,btc,0.0,0.0,0.0,43
1,[],12,[],2019-02-21 19:28:56,694440.0,0.00000005,0.00000000000195554,6754457,2019-02-21 19:28:56,btc,11115177.726584056,0.0,0.00000005,btc,1077583.39762234,8.4750249752e-06,0.01804088,44
1,[],4,[],2019-02-21 19:28:57,304163016.64405817,0.00000002,0.000000000000782216,6754458,2019-02-21 19:28:57,btc,0.1886795929635944,0.0,0.00000002,"btc,ltc",4555651.05245401,0.00013356,0.21780285780753741,49
0,[],4,[],2019-02-21 19:28:58,0.0,0,0,6754459,2019-02-21 19:28:58,,4.633523909463736,0.0,0,,4455430817.050503,0.0,0.0,52
0.0000000001251309,[],22,[],2019-02-21 19:29:40,80945862.0,1.2513089999999999e-18,4.89396960372e-23,6754460,2019-02-21 19:29:40,XMR,4366.33224183,0.0,0.00000001,XMR,248874057.67882353,9.005817276152999e-12,0.80945862,57
0,[],27,[],2019-02-21 19:29:42,0.0,0,0,6754461,2019-02-21 19:29:42,,0.0,0.0,0,"btc,eth",0.0,0.0,0.0,57
0,[],17,[],2019-02-21 17:29:08,0.0,0,0,6754054,2019-02-21 17:29:08,btc,1e+24,0.0,0,btc,41481695.95832568,0.0,0.0,58
0.000000000123279,[],4,[],2019-02-21 19:29:44,710349794.2803205,3.6983699999999995e-18,1.44646209396e-22,6754462,2019-02-21 19:29:44,ltc,3.272109005846298,0.0,0.00000003,ltc,1448821807.8917496,0.0,1.5520005902304862e-09,58
1,[],12,[],2019-02-21 19:29:45,1603165388.843957,0.0000000004,0.000000000000015644320000000002,6754463,2019-02-21 19:29:45,btc,224005479440.80472,0.0,0.0000000004,btc,3804024575.9923086,0.04409578588011988,0.5164466929011392,58
0.0000000001251309,[],22,[],2019-02-21 19:30:54,137438.0,1.2513089999999999e-18,4.89396960372e-23,6754464,2019-02-21 19:30:54,XMR,69.8835922,0.0,0.00000001,XMR,9887963.0,0.0,0.00137438,58
1,[],5,[],2019-02-21 19:30:56,0.0,0,0,6754465,2019-02-21 19:30:56,btc,0.0,0.15673617,0,btc,0.0,0.0,0.0,61
1,[],22,[],2019-02-21 19:31:33,5149.5,0.00000011,0.000000000004302188,6754466,2019-02-21 19:31:33,BTC,1002.29597012,0.0,0.00000011,BTC,14947.700278135757,0.0,0.00051596,61
1,[],26,[],2019-02-21 19:31:33,0.0,0.00000800,0.0000000003128864,6754467,2019-02-21 19:31:33,btc,0.0,0.0,0.00000800,btc,0.0,0.0,0.0,61
1,[],27,[],2019-02-21 19:31:36,2493.55,0.00000045,0.00000000001759986,6754468,2019-02-21 19:31:36,btc,2.9662721968330614,0.0,0.00000045,"btc,eth",19197.38399471,0.0,0.00021559750359795632,61
1,[],28,[],2019-02-21 19:31:42,13882.304,0.0000005,0.0000000000195554,6754469,2019-02-21 19:31:42,btc,2.056350085685105,751.0,0.0000005,btc,9766.52450005,0.0,0.00566491304,61
1,[],4,[],2019-02-21 19:31:45,714265.13533438,0.00000282,0.000000000110292456,6754470,2019-02-21 19:31:45,btc,1.206429725155816,0.0,0.00000282,btc,283599.12320653,0.1517658,0.8887310408308885,67
0.0,[],25,[],2019-02-21 19:31:46,0.0,0,0,6754471,2019-02-21 19:31:46,,0.0,0.0,0.0,btc,0.0,0.0,0.0,67
1,[],12,[],2019-02-21 19:31:48,3004654.57007376,0.00000021,0.000000000008213268,6754472,2019-02-21 19:31:48,btc,11115996.103296593,0.0,0.00000021,btc,1988497.96340323,0.0029670723476589,0.1044764564411111,71
,[],5,[],2018-11-20 23:02:39,1.5e-07,0.00000005,0.000000000002128045,4862160,2018-11-20 23:02:39,btc,2.84511358,0.0,,btc,0.00036572,0.0,0.07381892,74
1,[],5,[],2019-02-21 19:31:51,0.0,0,0,6754473,2019-02-21 19:31:51,btc,0.0,0.0,0,btc,0.0,0.0,0.0,75
1,[],4,[],2019-02-21 19:31:53,17197128.37031862,0.00000001,0.000000000000391108,6754474,2019-02-21 19:31:53,btc,1.040782841364371,0.0,0.00000001,btc,18994540.61173111,0.00757814,0.1719712837031862,81
0,[],20,[],2019-01-25 09:30:31,0.0,0,0,6495923,2019-01-25 09:30:31,btc,0.0,0.0,0,btc,0.0,0.0,0.0,81
1,[],4,[],2019-02-21 19:31:55,33607.58630631,0.00007630,0.00000000298415404,6754475,2019-02-21 19:31:55,btc,1.2441209454011344,0.0,0.00007630,btc,10678.03884149,0.00100653,0.5332512520446987,82
1,[],21,[],2019-02-21 19:31:56,161685.75782966,0.00007841999999999999795483041076,0.000000003067068936,6754476,2019-02-21 19:31:56,btc,2.7848828618476884,4096.62561187,0.0000784199999999999979548304107623835079721175134181976318359375,btc,27515.18616499,0.3181649,2.853782998554351,82
0,[],17,[],2019-02-20 09:25:39,0.0,0,0,6732736,2019-02-20 09:25:39,btc,0.0447233088476774,0.0,0,btc,999127.19588126,0.0,0.0,84
0.000000000123279,[],4,[],2019-02-21 19:32:09,178502442.13946292,4.93116e-18,1.92861612528e-22,6754477,2019-02-21 19:32:09,ltc,0.19531526460083046,0.0,0.00000004,ltc,120213617.53918292,0.0001,4.974993082952664e-10,85
,[],22,[],2018-11-20 23:09:34,3408.1,0.0000001,0.0000000000041895,4862324,2018-11-20 23:09:34,BTC,0.04624735,0.0,,BTC,4990.0,0.0,0.00033081,86
0,[],22,[],2019-02-21 19:32:39,0.0,0,0,6754478,2019-02-21 19:32:39,,2.0760781,0.0,0,,140622.94736842104,0.0,0.0,87
0,[],27,[],2019-02-21 19:32:41,0.0,0,0,6754479,2019-02-21 19:32:41,,0.0,0.0,0,btc,0.0,0.0,0.0,87
,[],2,[],2018-11-20 23:10:47,0.0,0,0,4862359,2018-11-20 23:10:47,,0.0,0.0,,,0.0,0.0,0.0,88
1,[],11,[],2019-02-21 19:32:43,90906.48205329,0.00015102999999999999563259078794175138682476244866847991943359375,0.000000005906904124,6754480,2019-02-21 19:32:43,btc,609.2269419060133,702.20728188,0.00015102999999999999563259078794175138682476244866847991943359375,btc,89730.24839565,0.0,5.976844385567674,89
0,[],2,[],2019-01-20 23:31:45,0.0,0,0,6477083,2019-01-20 23:31:45,,0.0,0.0,0,,0.0,0.0,0.0,91
1,[],12,[],2019-02-21 19:32:47,430784.92217182,0.000001560000000000000098813643899242631363222244544886052608489990234375,0.00000000006101284800000001,6754481,2019-02-21 19:32:47,btc,4.299064799814798,0.0,0.000001560000000000000098813643899242631363222244544886052608489990234375,btc,52947.3823838,0.0012665807467284,0.0447987751999061,91
0,[],22,[],2019-02-21 19:33:30,0.0,0,0,6754482,2019-02-21 19:33:30,,3.1e-06,0.0,0,,2.0,0.0,0.0,91
0,[],17,[],2019-02-21 18:28:58,0.0,0,0,6754279,2019-02-21 18:28:58,btc,0.0,0.0,0,btc,0.0,0.0,0.0,91
0.000000000123279,[],22,[],2019-02-21 19:34:25,3506520.0,4.93116e-18,1.92861612528e-22,6754483,2019-02-21 19:34:25,LTC,8.54811591,0.0,0.00000004,LTC,72080461.1,0.0,0.1050108,95
0.000000000123279,[],4,[],2019-02-21 19:34:27,139051805.5866248,7.39674e-17,2.89292418792e-21,6754484,2019-02-21 19:34:27,ltc,0.5768932196991445,0.0,0.0000006,ltc,49049862.53398587,0.0001,1.0556381666349873e-09,96
1,[],12,[],2019-02-21 19:34:28,244032.0,0.00000001,0.000000000000391108,6754485,2019-02-21 19:34:28,btc,255075.89595435586,0.0,0.00000001,btc,8802090.84546427,0.000290979000999,0.00244032,96
0,[],17,[],2019-02-21 18:30:59,0.0,0,0,6754284,2019-02-21 18:30:59,btc,0.0,0.0,0,btc,0.0,0.0,0.0,96
1,[],4,[],2019-02-21 19:34:40,1364383.70431151,0.00000035,0.00000000001368878,6754486,2019-02-21 19:34:40,btc,0.5365703504133867,0.0,0.00000035,btc,904254.24533065,0.04207312,0.1253237633804847,99
0,[],2,[],2019-01-20 23:23:55,0.0,0,0,6476914,2019-01-20 23:23:55,,0.0,0.0,0,,0.0,0.0,0.0,100
1,[],4,[],2019-02-21 19:34:42,202391.41062127,0.00003600,0.0000000014079888,6754487,2019-02-21 19:34:42,btc,0.9689310197861379,0.0,0.00003600,btc,24830.10008717,1.32204637,1.3410013796535054,100
1,[],22,[],2019-02-21 19:35:32,50000.0,0.00000001,0.000000000000391108,6754488,2019-02-21 19:35:32,BTC,23.49896609,0.0,0.00000001,BTC,10277.22,0.0,0.0005,101
1,[],4,[],2019-02-21 19:35:33,457572.76020836,0.00000089,0.000000000034808612,6754489,2019-02-21 19:35:33,btc,0.3982908466115476,0.0,0.00000089,btc,166380.55884021,0.00329833,0.2302583925946367,103
1,[],12,[],2019-02-21 19:35:36,57196188.0,0.000000013,0.0000000000005084404,6754490,2019-02-21 19:35:36,btc,137279450.9214877,0.0,0.000000013,btc,120039743.5441987,0.02560048915784197,0.190774423,105
1,[],27,[],2019-02-21 19:35:38,413310.89,0.00000001,0.000000000000391108,6754491,2019-02-21 19:35:38,btc,0.2139890355560939,9980.0,0.00000001,btc,389775.05581977,0.0001996,0.0041331089,105
1,[],22,[],2019-02-21 19:36:25,9328.0,0.00000001,0.000000000000391108,6754492,2019-02-21 19:36:25,BTC,51.10825004,0.0,0.00000001,BTC,468935.0,0.0,9.328e-05,107
1,[],26,[],2019-02-21 19:36:26,0.0,0.00000000,0,6754493,2019-02-21 19:36:26,btc,0.0,0.0,0.00000000,btc,0.0,0.0,0.0,107
1,[],5,[],2019-02-21 19:36:28,0.0,0,0,6754494,2019-02-21 19:36:28,btc,0.0,0.00142332,0,btc,0.0,0.0,0.0,112
1,[],22,[],2019-02-21 19:37:08,1966.0,0.00000001,0.000000000000391108,6754495,2019-02-21 19:37:08,BTC,2.81183288,0.0,0.00000001,BTC,808524.0833333334,0.0,1.966e-05,112
0,[],27,[],2019-02-21 19:37:10,0.0,0,0,6754496,2019-02-21 19:37:10,,1.35132491849924,0.0,0,"btc,eth",1328.641654,0.0,0.0,112
1,[],4,[],2019-02-21 19:37:12,443758.42567331,0.00000309,0.000000000120852372,6754497,2019-02-21 19:37:12,btc,0.3070930280998042,0.0,0.00000309,btc,79019.8730873,0.02469432,0.1699350307859662,113
1,[],5,[],2019-02-21 19:37:14,0.0,0,0,6754498,2019-02-21 19:37:14,btc,0.0,0.00016901,0,btc,0.0,0.0,0.0,113
1,[],17,[],2019-02-21 16:50:22,152738.278,0.00000004,0.0000000000015680240000000001,6753889,2019-02-21 16:50:22,btc,1.33680302678,0.0,0.00000004,btc,50696.221,0.0,0.0022095311199999998,116
0,[],27,[],2019-02-21 19:37:28,0.0,0,0,6754499,2019-02-21 19:37:28,,0.0,0.0,0,btc,0.0,0.0,0.0,116
1,[],4,[],2019-02-21 19:37:30,27680.40360752,0.00002852,0.000000001115440016,6754500,2019-02-21 19:37:30,btc,1.0714343373329944,0.0,0.00002852,btc,32884.635555,0.65092858,0.6209664810541708,120
1,[],7,[],2019-02-21 19:37:32,15756.30190651,0.000030020000000000000568538272016638757122564129531383514404296875,0.000000001174106216,6754501,2019-02-21 19:37:32,btc,115647.30158721283,6406.11594862,0.000030020000000000000568538272016638757122564129531383514404296875,btc,34960.58072853,0.25469736,0.0530004604838149,120
1,[],20,[],2019-02-21 19:37:35,1205687.0397,0.000000012,0.0000000000004693296,6754502,2019-02-21 19:37:35,btc,31.9239877861223,117308.35,0.000000012,btc,1149876.605,0.0016014333102,0.0037187457072,125
1,[],22,[],2019-02-21 19:38:11,3053.0,0.00000001,0.000000000000391108,6754503,2019-02-21 19:38:11,BTC,0.01444887,0.0,0.00000001,BTC,296263.5111111111,0.0,3.053e-05,126
0,[],17,[],2019-02-21 17:43:43,0.0,0,0,6754098,2019-02-21 17:43:43,btc,0.0009561751951600001,0.0,0,btc,35.42829368,0.0,0.0,131
0,[],2,[],2019-01-20 23:25:46,0.0,0,0,6476969,2019-01-20 23:25:46,,0.0,0.0,0,,0.0,0.0,0.0,131
1,[],4,[],2019-02-21 19:38:13,107447.30670361,0.00001596,0.000000000624208368,6754504,2019-02-21 19:38:13,btc,0.8435568895177995,0.0,0.00001596,btc,42835.83692934,0.45452402,0.7398364911048962,131
1,[],4,[],2019-02-21 19:38:26,4557.71732527,0.00016659,0.000000006515468172,6754505,2019-02-21 19:38:26,btc,1.6462887882650394,0.0,0.00016659,btc,334.27808618,0.0,0.0091199653305601,135
1,[],3,[],2019-02-21 19:38:27,1493292.97238508,0.00000005,0.00000000000195554,6754506,2019-02-21 19:38:27,btc,0.1353638247247742,31600.0,0.00000005,btc,597013.30008313,0.0,0.0547479817803677,136
1,[],4,[],2019-02-21 19:38:29,77505.06946129,0.00000136,0.000000000053190688,6754507,2019-02-21 19:38:29,btc,0.1075295202010073,0.0,0.00000136,btc,53738.94260438,0.10184456,0.0629507281630138,137
1,[],12,[],2019-02-21 19:38:31,288460.35090726,0.0000013200000000000000673224496983149123252587742172181606292724609375,0.000000000051626256000000004,6754508,2019-02-21 19:38:31,btc,11807.701791981273,0.0,0.0000013200000000000000673224496983149123252587742172181606292724609375,btc,158449.51799497,0.0024075499947856,0.014719419999954299,137
1,[],17,[],2019-02-21 18:34:58,22967.386363640002,0.00000088,0.000000000034415568,6754310,2019-02-21 18:34:58,btc,20.06991335298014,0.0,0.00000088,btc,2746.079105,0.0,0.0104613000000032,142
1,[],4,[],2019-02-21 19:38:33,206136.22179456,0.00004751,0.000000001858154108,6754509,2019-02-21 19:38:33,btc,1.2895657956318276,0.0,0.00004751,btc,20278.3288788,0.16622319,0.3299069822088379,142
1,[],5,[],2019-02-21 19:38:35,0.0,0,0,6754510,2019-02-21 19:38:35,btc,0.0,0.25499757,0,btc,0.0,0.0,0.0,142
1,[],20,[],2019-02-21 19:38:48,133750.9548,0.0000451,0.00000000176389708,6754511,2019-02-21 19:38:48,btc,0.5698571129914,20.9232,0.0000451,btc,4936.1367,0.00107819622,0.2481089237193,142
1,[],22,[],2019-02-21 19:40:06,1668.2794919373457,0.00005011,0.000000001959842188,6754512,2019-02-21 19:40:06,BTC,3.00424677,0.0,0.00005011,BTC,896.9785515239478,0.0,0.0055959,142
0.0,[],25,[],2019-02-21 19:40:08,0.0,0,0,6754513,2019-02-21 19:40:08,,0.0,0.0,0.0,btc,0.0,0.0,0.0,142
1,[],28,[],2019-02-21 19:40:19,76883.0,0.00004500,0.000000001759986,6754514,2019-02-21 19:40:19,btc,0.060714749,718.0,0.00004500,btc,406.4319,0.0,0.0388422,142
0,[],22,[],2019-02-21 18:38:11,0.0,0,0,6754315,2019-02-21 18:38:11,,61.30543376,0.0,0,,751463658.3,0.0,0.0,143
1,[],21,[],2019-02-21 18:38:14,23978271.25900046,0.00000024,0.000000000009386064,6754316,2019-02-21 18:38:14,btc,59.96670892371799,9960760.54754448,0.00000024,btc,107430456.18988031,2.4881369,3.031598996824841,145
0,[],22,[],2019-02-21 18:38:58,0.0,0,0,6754317,2019-02-21 18:38:58,,4.24946284,0.0,0,,1812156.0,0.0,0.0,146
,[],22,[],2018-11-20 23:01:11,0.0,0,0,4862114,2018-11-20 23:01:11,,2.56807021,0.0,,,61828.4988236,0.0,0.0,147
1,[],12,[],2019-02-21 18:39:02,99304.11000625,0.00000251000000000000010876390933722834830632564262486994266510009765625,0.00000000009816258600000001,6754318,2019-02-21 18:39:02,btc,16.276422183271368,0.0,0.00000251000000000000010876390933722834830632564262486994266510009765625,btc,116514.3360165,0.006109418,0.0182653099999905,148
1,[],4,[],2019-02-21 18:39:04,241613.36796929,0.00000029,0.000000000011341494000000001,6754319,2019-02-21 18:39:04,btc,0.7762723989967818,0.0,0.00000029,btc,587347.61476521,0.0,0.0568147890840236,152
0,[],22,[],2019-02-21 18:39:50,0.0,0,0,6754320,2019-02-21 18:39:50,,0.0,0.0,0,,0.0,0.0,0.0,152
1,[],5,[],2019-02-21 18:39:51,0.0,0,0,6754321,2019-02-21 18:39:51,btc,0.0,0.0001,0,btc,0.0,0.0,0.0,153
,[],16,[],2019-01-11 15:38:59,0.0,0,0,6366141,2019-01-11 15:38:59,btc,0.0,0.0,,btc,0.0,0.0,0.0,155
0,[],22,[],2019-02-21 18:40:29,0.0,0,0,6754322,2019-02-21 18:40:29,,6.74608761,0.0,0,,4644402.242592593,0.0,0.0,156
0,[],23,[],2019-01-20 23:24:29,0.0,0,0,6476932,2019-01-20 23:24:29,,0.0,0.0,0,,0.0,0.0,0.0,156
1,[],22,[],2019-02-21 18:41:14,7073.8,0.00005300,0.0000000020727558,6754323,2019-02-21 18:41:14,BTC,1.80343699,0.0,0.00005300,BTC,899.6422341958436,0.0,0.00104336,157
0,[],22,[],2019-02-21 18:41:57,0.0,0,0,6754324,2019-02-21 18:41:57,,50175.68008609,0.0,0,,54479136.04179466,0.0,0.0,158
,[],17,[],2018-11-20 22:56:10,0.0,0,0,4861976,2018-11-20 22:56:10,btc,1.1265625,0.0,,btc,1000.0,0.0,0.0,159
,[],20,[],2018-11-20 22:56:12,0.0,0,0,4861977,2018-11-20 22:56:12,btc,11912.7940471,0.0,,btc,34413894.3617,0.0,0.0,159
1,[],12,[],2019-02-21 18:41:59,183214.4998877,0.000007880000000000000786909599981289176184873213060200214385986328125,0.00000000030817576800000005,6754325,2019-02-21 18:41:59,btc,6.656183742954435,0.0,0.000007880000000000000786909599981289176184873213060200214385986328125,btc,14354.924700970001,0.015121924512064,0.1015848738896962,168
1,[],17,[],2019-02-21 17:48:44,29784.95,0.000001,0.0000000000392606,6754120,2019-02-21 17:48:44,btc,0.03026736251542,0.0,0.000001,btc,144.46171372,0.0,0.00716147,168
0,[],22,[],2019-02-21 18:42:43,0.0,0,0,6754326,2019-02-21 18:42:43,,1.14695792,0.0,0,,779972.8900917594,0.0,0.0,169
1,[],22,[],2019-02-21 18:43:31,151150.0,0.0000003,0.000000000011732580000000001,6754327,2019-02-21 18:43:31,BTC,13.25692089,0.0,0.0000003,BTC,154323.0692833196,0.002915,0.020138,171
1,[],22,[],2019-02-21 18:44:48,152929.125,0.00000008,0.000000000003128688,6754328,2019-02-21 18:44:48,BTC,2.66644514,0.0,0.00000008,BTC,275350.58731670975,0.00164919,0.0089885,173
1,[],5,[],2019-02-21 18:44:49,0.0,0,0,6754329,2019-02-21 18:44:49,btc,0.0,0.02055773,0,btc,0.0,0.0,0.0,175
1,[],22,[],2019-02-21 18:45:33,45784.0,0.0000003,0.000000000011732580000000001,6754330,2019-02-21 18:45:33,BTC,0.5289391,0.0,0.0000003,BTC,142708.91384013777,0.0,0.0052016,176
1,[],7,[],2019-02-21 18:45:36,0.0,0,0,6754331,2019-02-21 18:45:36,btc,410918.74289475416,1062692.30769,0,btc,117566910.84971198,0.01062692,0.0,178
0,[],22,[],2019-02-21 18:46:20,0.0,0,0,6754332,2019-02-21 18:46:20,,1.00242428,0.0,0,,57512.0,0.0,0.0,178
0,[],2,[],2019-01-20 23:28:34,0.0,0,0,6477001,2019-01-20 23:28:34,,0.0,0.0,0,,0.0,0.0,0.0,178
1,[],5,[],2019-02-21 18:46:23,0.0,0,0,6754333,2019-02-21 18:46:23,btc,0.0,0.12553297,0,btc,0.0,0.0,0.0,179
1,[],22,[],2019-02-21 18:47:18,7050947.0,0.00000002,0.000000000000782172,6754334,2019-02-21 18:47:18,BTC,5.48914188,0.0,0.00000002,"BTC,LTC",17362807.968656633,0.00614352,0.37595966,179
0,[],23,[],2019-01-20 23:25:08,0.0,0,0,6476952,2019-01-20 23:25:08,,0.0,0.0,0,,0.0,0.0,0.0,179
1,[],22,[],2019-02-21 18:48:48,159349.52,0.00000025,0.00000000000977715,6754335,2019-02-21 18:48:48,BTC,0.18643388,0.0,0.00000025,"BTC,LTC",53326.84887984667,0.0,0.00467147,180
1,[],26,[],2019-02-21 18:48:48,0.0,0.00000100,0.0000000000391086,6754336,2019-02-21 18:48:48,btc,0.0,100.0,0.00000100,btc,0.0,0.0,0.0,180
1,[],17,[],2019-02-21 17:55:48,10504.725,0.0000001,0.00000000000392606,6754130,2019-02-21 17:55:48,btc,5.2010695838170005,0.0,0.0000001,btc,4994.45945,0.0,0.0010504725,180
,[],7,[],2018-11-20 22:58:01,562227.975654,0.00000085,0.000000000036176765,4862015,2018-11-20 22:58:01,btc,21836.6059674,2491.87645172,,btc,749999.041456,0.00211021,0.127565380455,183
,[],5,[],2019-01-10 08:11:41,0.0,0,0,6347036,2019-01-10 08:11:41,btc,82.15055501,0.00261,,btc,1.19002445,0.0,0.0,187
1,[],24,[],2019-02-21 18:48:49,0.0,0.000000000001,3.91086e-17,6754337,2019-02-21 18:48:49,btc,0.0,0.0,0.000000000001,btc,0.0,0.0,0.0,187
,[],17,[],2018-11-16 20:58:10,4062536.27273,0.00000001,0.000000000000550501,4708775,2018-11-16 20:58:10,btc,3.36492563466,0.195460381006,,"btc,eth",110697919.549,0.0,0.0157628953496,187
0,[],22,[],2019-02-21 18:49:42,0.0,0,0,6754338,2019-02-21 18:49:42,,1.19374396,0.0,0,,16308.869534405507,0.0,0.0,191
0,[],22,[],2019-02-21 18:50:43,0.0,0,0,6754339,2019-02-21 18:50:43,,0.0,0.0,0,,0.0,0.0,0.0,197
0,[],23,[],2019-01-20 23:31:41,0.0,0,0,6477079,2019-01-20 23:31:41,,0.0,0.0,0,,0.0,0.0,0.0,199
0,[],22,[],2019-02-21 18:52:10,0.0,0,0,6754340,2019-02-21 18:52:10,,5.17330081,0.0,0,,21824453.0,0.0,0.0,199
1,[],26,[],2019-02-21 18:52:10,0.0,0.00000000,0,6754341,2019-02-21 18:52:10,btc,0.0,0.0,0.00000000,btc,0.0,0.0,0.0,199
0,[],17,[],2019-01-30 16:32:01,0.0,0,0,6540827,2019-01-30 16:32:01,btc,6.802544163788159,0.0,0,btc,105897.55575295,0.0,0.0,200
0,[],2,[],2019-01-20 23:30:49,0.0,0,0,6477059,2019-01-20 23:30:49,,0.0,0.0,0,,0.0,0.0,0.0,201
1,[],4,[],2019-01-25 15:51:35,2084389.58565343,0.00000936,0.000000000333526752,6499557,2019-01-25 15:51:35,btc,2.0092503037378524,0.0,0.00000936,btc,160195.80207885,0.19272417,1.242687955921835,211
1,[],7,[],2019-02-21 18:52:27,3964583.92268296,0.0000013299999999999999715787242504649867669286322779953479766845703125,0.000000000052014438,6754342,2019-02-21 18:52:27,btc,15475878.145156454,1317182.8738,0.0000013299999999999999715787242504649867669286322779953479766845703125,btc,14323232.42737914,1.81229865,2.830694971256069,212
1,[],5,[],2019-02-21 18:52:28,0.0,0,0,6754343,2019-02-21 18:52:28,btc,0.0,0.11208569,0,btc,0.0,0.0,0.0,213
1,[],24,[],2019-02-21 18:52:28,0.0,0.000000100000,0.0000000000039108600000000006,6754344,2019-02-21 18:52:28,btc,0.0,0.0,0.000000100000,btc,0.0,0.0,0.0,213
1,[],26,[],2019-02-21 18:52:28,0.0,0.00000009,0.0000000000035197740000000003,6754345,2019-02-21 18:52:28,btc,0.0,0.0,0.00000009,btc,0.0,0.0,0.0,213
1,[],12,[],2019-01-25 02:44:32,207462.42853209,0.000001080000000000000035831255497387193287295303889550268650054931640625,0.000000000038610756000000006,6493050,2019-01-25 02:44:32,btc,85023.03793723314,0.0,0.000001080000000000000035831255497387193287295303889550268650054931640625,btc,43675.73520027,0.000146250909087,0.0348620860622024,213
1,[],22,[],2019-02-21 18:54:49,120000.0,0.00000001,0.000000000000391086,6754346,2019-02-21 18:54:49,BTC,0.37270567,0.0,0.00000001,BTC,266111.4908170615,0.0,0.0012,216
1,[],27,[],2019-02-21 18:54:51,5217804.5615,0.00000008,0.000000000003128688,6754347,2019-02-21 18:54:51,btc,355.9349088329,40299.4,0.00000008,"btc,ltc",224314.501,0.00523892,0.05527756246,216
1,[],22,[],2019-02-21 18:55:41,305622.220524957,0.00000231,0.000000000090340866,6754348,2019-02-21 18:55:41,BTC,12673.46289736,0.0,0.00000231,BTC,355296.07192557154,0.12266516,0.45662825,217
1,[],7,[],2019-02-21 18:55:43,0.0,0,0,6754349,2019-02-21 18:55:43,btc,77969.6156418105,0.0,0,btc,137055636.5050253,0.0,0.0,219
0,[],27,[],2019-02-21 18:55:46,0.0,0,0,6754350,2019-02-21 18:55:46,,0.0740438339680921,0.0,0,btc,1536429.20709513,0.0,0.0,219
0.0000000000000052,[],28,[],2019-02-21 18:55:52,168263753.092,5.2e-18,2.0336472000000002e-22,6754351,2019-02-21 18:55:52,doge,83804.0320117675,44831.5966,0.00100000,"btc,doge",4733437.84751,0.0,1.199038290483488e-11,219
1,[],22,[],2019-02-21 18:56:31,230616.6,0.00000021,0.000000000008212806000000001,6754352,2019-02-21 18:56:31,BTC,2.99220321,0.0,0.00000021,BTC,86125.27041875875,0.00193681,0.02863401,221
1,[],24,[],2019-02-21 18:56:31,0.0,0.000000190000,0.000000000007430634,6754353,2019-02-21 18:56:31,btc,0.0,0.0,0.000000190000,btc,0.0,0.0,0.0,221
1,[],20,[],2019-02-21 18:56:34,43228436.1239,0.000000001,0.0000000000000391086,6754354,2019-02-21 18:56:34,btc,47.9968636290187,1015845.7339,0.000000001,btc,11147457.9984,0.0010158457339,0.0432284361239,224
0,[],22,[],2019-02-21 18:57:19,0.0,0,0,6754355,2019-02-21 18:57:19,,0.0,0.0,0,,0.0,0.0,0.0,224
1,[],26,[],2019-02-21 18:57:20,0.0,0.00000036,0.000000000014079096000000001,6754356,2019-02-21 18:57:20,btc,0.0,0.0,0.00000036,btc,0.0,0.0,0.0,231
1,[],26,[],2019-02-21 18:57:21,0.0,0.00000006,0.000000000002346516,6754357,2019-02-21 18:57:21,btc,0.0,0.0,0.00000006,btc,0.0,0.0,0.0,234
0,[],27,[],2019-02-21 18:57:23,0.0,0,0,6754358,2019-02-21 18:57:23,,0.0113483662182,0.0,0,"btc,eth",11462.99618,0.0,0.0,234
0,[],22,[],2019-02-21 18:57:53,0.0,0,0,6754359,2019-02-21 18:57:53,,4.79250648,0.0,0,,108037273.81349206,0.0,0.0,235
1,[],4,[],2019-02-21 18:57:55,1132939.04726286,0.00000091,0.000000000035588826000000004,6754360,2019-02-21 18:57:55,btc,0.469846821428983,0.0,0.00000091,btc,326460.10359369,0.19210167,0.4079662293940198,236
1,[],24,[],2019-02-21 18:57:55,0.0,0.000000020010,0.0000000000007825630860000001,6754361,2019-02-21 18:57:55,btc,0.0,0.0,0.000000020010,btc,0.0,0.0,0.0,236
1,[],20,[],2019-02-21 18:57:58,66945705.3336,0.000000057,0.0000000000022291902000000002,6754362,2019-02-21 18:57:58,btc,17.0392720352474,28606170.0723,0.000000057,btc,44142502.6284,1.7278254246447,0.3498656659452,237
1,[],22,[],2019-02-21 18:58:42,116403.0,0.00000004,0.000000000001564344,6754363,2019-02-21 18:58:42,BTC,0.0405823,0.0,0.00000004,"BTC,LTC",3164.0,0.0,0.00482009,237
1,[],4,[],2019-02-21 18:58:45,4685498.26443178,0.00000033,0.000000000012905838,6754364,2019-02-21 18:58:45,btc,0.5061906133485655,0.0,0.00000033,btc,1368013.70672913,0.15381005,1.4709420193940956,238
1,[],5,[],2019-02-21 18:58:47,0.0,0,0,6754365,2019-02-21 18:58:47,btc,0.0,0.00988373,0,btc,0.0,0.0,0.0,238
0,[],22,[],2019-02-21 18:59:26,0.0,0,0,6754366,2019-02-21 18:59:26,,27.41701007,0.0,0,,370860.0639027493,0.0,0.0,249
0.0000000001234102,[],22,[],2019-02-21 19:00:35,7021097.666666667,3.702306e-18,1.4479200443160001e-22,6754367,2019-02-21 19:00:35,LTC,0.56670218,0.0,0.00000003,LTC,15147487.09,0.0,0.20963595,252
1,[],28,[],2019-02-21 19:00:42,4391956.698,0.0000001,0.0000000000039108600000000006,6754368,2019-02-21 19:00:42,btc,164693.72235365084,110761.2,0.0000001,btc,1231660.0351,0.0,0.2663411375,256
1,[],22,[],2019-02-21 19:01:25,2456873.6666666665,0.00000003,0.000000000001173258,6754369,2019-02-21 19:01:25,BTC,31.40136946,0.0,0.00000003,BTC,455878.4505485993,0.000495,0.05256093,258
1,[],22,[],2019-02-21 19:03:41,48751.0,0.00000001,0.000000000000391086,6754370,2019-02-21 19:03:41,BTC,1.0954495,0.0,0.00000001,BTC,1739.5775,0.0,0.00048751,259
1,[],22,[],2019-02-21 19:04:54,12404.0,0.00000920,0.00000000035979912,6754371,2019-02-21 19:04:54,BTC,1398.83494808,0.0,0.00000920,"BTC,LTC",9358.117446291053,0.0,0.02745255,262
1,[],5,[],2019-02-21 19:04:56,0.0,0,0,6754372,2019-02-21 19:04:56,btc,0.0,0.09318989,0,btc,0.0,0.0,0.0,264
1,[],20,[],2019-02-21 19:04:58,1218731.9834,0.000002012,0.0000000000786865032,6754373,2019-02-21 19:04:58,btc,7.6907194047308,54696.8967,0.000002012,btc,108368.5714,0.181317099263,0.0253232840425,264
1,[],22,[],2019-02-21 19:06:14,36164.0,0.00000001,0.000000000000391086,6754374,2019-02-21 19:06:14,BTC,8.4442135,0.0,0.00000001,BTC,427909.69136002666,9.25e-05,0.00036164,271
0,[],22,[],2019-02-21 19:07:11,0.0,0,0,6754375,2019-02-21 19:07:11,,390.78678703,0.0,0,,15707597515.9,0.0,0.0,272
0.0000000000000052,[],28,[],2019-02-21 19:07:17,262681912249.969,4.316e-21,1.6879271760000002e-25,6754376,2019-02-21 19:07:17,doge,1146433.590854052,18096021433.727,0.00000083,doge,217278746333.12274,0.0,7.382609444420181e-10,272
1,[],22,[],2019-02-21 19:08:06,14130.796915422885,0.00000201,0.000000000078608286,6754377,2019-02-21 19:08:06,BTC,74.30180155,0.0,0.00000201,"BTC,LTC",7862.487639773189,0.09423046,0.04322274,281
1,[],22,[],2019-02-21 19:09:23,60770.0,0.00000002,0.000000000000782172,6754378,2019-02-21 19:09:23,BTC,1.33192801,0.0,0.00000002,BTC,127600.04598459575,5.594e-05,0.0010077,286
0,[],22,[],2019-02-21 19:10:24,0.0,0,0,6754379,2019-02-21 19:10:24,,43633.68212286,0.0,0,,335277129.0,0.0,0.0,294
