pairValue,buyBook,exchangeId,sellBook,updated,buyTotal,satoshiPrice,usdPrice,exchangeLogId,created,bestPair,sellTotalBtc,volume,pairPrice,activePairs,sellTotal,volumeBtc,buyTotalBtc,coinId
1,[],3,[],2019-02-28 12:22:28,30544.615988974885,0.01252631000000000056904259082557473448105156421661376953125,0.000000480441609526,6810964,2019-02-28 12:22:28,btc,61.083102484658326,0.0,0.01252631000000000056904259082557473448105156421661376953125,btc,23.070000782269002,0.0,0.3617086457547206,1
1,[],4,[],2019-02-28 12:22:29,208033.05766156,0.01263833,0.000000484738091818,6810965,2019-02-28 12:22:29,btc,9.235474149338904,0.0,0.01263833,btc,263.68534412,0.64368665,2.6982276117285813,1
1,[],5,[],2019-02-28 12:22:32,0.0,0,0,6810966,2019-02-28 12:22:32,btc,0.0,0.01364293,0,btc,0.0,0.0,0.0,1
1,[],10,[],2019-02-28 12:22:35,414629.09647417,0.0102248,0.00000039216811407999997,6810967,2019-02-28 12:22:35,btc,6521.061980680725,1363.01853887,0.0102248,btc,998.32849748,0.0,5.161902632356779,1
1,[],12,[],2019-02-28 12:22:38,10446.96678848,0.01256999999999999957644991610550277982838451862335205078125,0.000000482117322,6810968,2019-02-28 12:22:38,btc,0.5347715793402,0.0,0.01256999999999999957644991610550277982838451862335205078125,btc,33.032404050000004,0.2558196803437,0.4762770800714,1
1,[],20,[],2019-02-28 12:22:40,1149.9854,0.01051,0.000000403106846,6810969,2019-02-28 12:22:40,btc,0.0662082325693,0.061,0.01051,btc,3.0133,0.00064111,0.0869079356215,1
1,[],21,[],2019-02-28 12:22:41,2106.33877118,0.01255666000000000073755224150,0.0000004816056716360001,6810970,2019-02-28 12:22:41,btc,15.966401272628177,3185.63101275,0.0125566600000000007375522415031809941865503787994384765625,"btc,eth",1634.23157881,36.35157654844558,23.503341479008242,1
1,[],22,[],2019-02-28 12:22:46,0.006382215384615385,0.01300000,0.0000004986098000000001,6810971,2019-02-28 12:22:46,BTC,0.31439419,0.0,0.01300000,BTC,0.12751438772928525,0.00012994,7.978e-05,1
1,[],24,[],2019-02-28 12:22:46,0.0,0.000000000000,0,6810972,2019-02-28 12:22:46,btc,0.0,0.0,0.000000000000,btc,0.0,0.0,0.0,1
0.0,[],25,[],2019-02-28 12:22:47,0.0,0,0,6810973,2019-02-28 12:22:47,btc,14.928699998216924,3932.24617855,0.0,btc,1151.63655971,50.6901,0.0,1
1,[],26,[],2019-02-28 12:22:48,0.0,0,0,6810974,2019-02-28 12:22:48,,0.0,0.0,0,,0.0,0.0,0.0,1
0,[],28,[],2019-02-28 12:23:14,0.0,0,0,6810975,2019-02-28 12:23:14,,0.0,0.0,0,,0.0,0.0,0.0,1
0,[],2,[],2019-01-20 23:28:45,0.0,0,0,6477011,2019-01-20 23:28:45,,0.0,0.0,0,,0.0,0.0,0.0,1
1,[],5,[],2019-02-28 12:23:16,0.0,0,0,6810976,2019-02-28 12:23:16,btc,0.0,0.00938664,0,btc,0.0,0.0,0.0,2
0.000000000125208,[],22,[],2019-02-28 12:23:22,1148.0,1.3772880000000002e-16,5.2825330324800005e-21,6810977,2019-02-28 12:23:22,XMR,21.01373823,0.0,0.00000110,XMR,14319.12581,0.0,0.00087635,2
1,[],5,[],2019-02-28 12:23:23,0.0,0,0,6810978,2019-02-28 12:23:23,btc,0.0,0.7795319,0,btc,0.0,0.0,0.0,3
1,[],12,[],2019-02-28 12:23:25,13215463.00423,0.000000174,0.0000000000066737004,6810979,2019-02-28 12:23:25,btc,924396.2479398897,0.0,0.000000174,btc,8192974.92805583,0.04166083139994453,0.6591017723771601,3
0,[],28,[],2019-02-28 12:23:57,0.0,0,0,6810980,2019-02-28 12:23:57,,0.0,0.0,0,,0.0,0.0,0.0,3
0,[],2,[],2019-01-20 23:31:32,0.0,0,0,6477077,2019-01-20 23:31:32,,0.0,0.0,0,,0.0,0.0,0.0,4
1,[],4,[],2019-02-28 12:23:59,394621.33670529,0.00000033,0.000000000012657018,6810981,2019-02-28 12:23:59,btc,32.00332084987005,0.0,0.00000033,btc,713718.98823302,0.0,0.0533407894865769,4
1,[],12,[],2019-02-22 14:50:14,1367032.5219999999,0.00000003,0.000000000001190475,6759350,2019-02-22 14:50:14,btc,11013869.583570713,0.0,0.00000003,btc,1211697.32371984,0.00024567976024,0.02065290044,5
0,[],2,[],2019-01-20 23:31:51,0.0,0,0,6477087,2019-01-20 23:31:51,,0.0,0.0,0,,0.0,0.0,0.0,6
1,[],11,[],2019-02-28 12:24:02,7077329.5,0.00000002,0.0000000000007670920000000001,6810982,2019-02-28 12:24:02,btc,9432.763145092815,235187.0,0.00000002,btc,41598830.57452957,0.0,0.099021425,6
1,[],3,[],2019-02-28 12:24:03,1085.537475048359,0.0001510600000000000072038208731584063571062870323657989501953125,0.000000005793845876000001,6810983,2019-02-28 12:24:03,btc,26.3363151709563,0.0,0.0001510600000000000072038208731584063571062870323657989501953125,btc,247.537822229004,0.0,0.03339742781632559,7
1,[],4,[],2019-02-28 12:24:04,94122.28682267,0.00023317,0.000000008943142082,6810984,2019-02-28 12:24:04,btc,11.068892142818992,0.0,0.00023317,btc,36973.58278209,2.46534536,5.66325694432043,7
1,[],5,[],2019-02-28 12:24:05,0.0,0,0,6810985,2019-02-28 12:24:05,btc,0.0,0.83250622,0,btc,0.0,0.0,0.0,7
1,[],20,[],2019-02-20 02:16:17,39399275.8418,0.000000001,0.0000000000000390183,6728586,2019-02-20 02:16:17,btc,116.9737569154545,525.0,0.000000001,btc,56932965.8895,5.25e-07,0.0393992758418,8
0,[],2,[],2019-01-20 23:22:42,0.0,0,0,6476876,2019-01-20 23:22:42,,0.0,0.0,0,,0.0,0.0,0.0,9
0,[],23,[],2019-01-20 23:22:48,0.0,0,0,6476878,2019-01-20 23:22:48,,0.0,0.0,0,,0.0,0.0,0.0,9
1,[],4,[],2019-02-28 12:24:09,2025462.74672911,0.00000175,0.00000000006712055,6810986,2019-02-28 12:24:09,btc,6.992707875673876,0.0,0.00000175,btc,2827273.57416856,1.88922009,0.8300596512899119,9
0,[],28,[],2019-02-28 12:24:38,0.0,0,0,6810987,2019-02-28 12:24:38,,0.0,0.0,0,,0.0,0.0,0.0,9
1,[],1,[],2019-02-17 23:31:42,1822507.21,0.00000181000000000000003456111265232042484285557293333113193511962890625,0.000000000066086901,6701244,2019-02-17 23:31:42,btc,3.6990969245,17153386.5,0.00000181000000000000003456111265232042484285557293333113193511962890625,btc,1997391.71,31.11772986,3.2610482446,9
1,[],4,[],2019-02-17 11:22:43,4341674.27126056,0.00000002,0.0000000000007272960000000001,6696112,2019-02-17 11:22:43,btc,0.1997230937751353,0.0,0.00000002,btc,4109766.79808031,0.00215132,0.0479381022052112,10
0,[],2,[],2019-01-20 23:23:08,0.0,0,0,6476890,2019-01-20 23:23:08,,0.0,0.0,0,,0.0,0.0,0.0,12
1,[],4,[],2019-02-28 12:24:38,4541245.4267551,0.00000121,0.000000000046409066,6810988,2019-02-28 12:24:38,btc,10.315223274939859,0.0,0.00000121,btc,5432737.14851602,2.60517827,2.6375217793649584,12
1,[],5,[],2019-02-28 12:24:40,0.0,0,0,6810989,2019-02-28 12:24:40,btc,0.0,0.50257339,0,btc,0.0,0.0,0.0,12
0.0,[],25,[],2019-02-28 12:24:42,0.0,0,0,6810990,2019-02-28 12:24:42,,0.0,0.0,0.0,btc,0.0,0.0,0.0,12
1,[],10,[],2019-02-28 11:45:18,470181.87480083,0.0000053,0.00000000020324811,6810891,2019-02-28 11:45:18,btc,666802.6080340031,4617.95427915,0.0000053,btc,743999.81563317,0.0,0.254415837773292,13
1,[],4,[],2019-02-28 12:24:42,31961747.98019827,0.00000562,0.000000000215552852,6810991,2019-02-28 12:24:42,btc,3.118543811684249,0.0,0.00000562,btc,429437.82742152,0.35617644,0.8508016504410039,13
1,[],21,[],2019-02-28 12:24:46,988428.39853548,0.000005800000000000000372813759031,0.00000000022245668000000002,6810992,2019-02-28 12:24:46,btc,6.382809742058768,261002.01817262,0.000005800000000000000372813759030865554677802720107138156890869140625,btc,1004478.19801858,1.50664168,5.301615094591609,13
1,[],4,[],2019-02-28 12:24:46,680711.54108245,0.00000131,0.000000000050244526,6810993,2019-02-28 12:24:46,btc,15.389510361481712,0.0,0.00000131,btc,900724.14078472,0.02253649,0.1224111089996301,14
1,[],12,[],2019-02-28 12:24:48,217264.91304348,0.000001120000000000000076372827333137660588135986472479999065399169921875,0.000000000042957152000000003,6810994,2019-02-28 12:24:48,btc,5.294049172005861,0.0,0.000001120000000000000076372827333137660588135986472479999065399169921875,btc,33677.78078516,0.0002445071872188,0.0232132000000004,14
1,[],26,[],2019-02-28 12:24:59,0.0,0.00000050,0.0000000000191773,6810995,2019-02-28 12:24:59,btc,0.0,0.0,0.00000050,btc,0.0,0.0,0.0,14
0,[],17,[],2019-02-28 11:13:46,0.0,0,0,6810595,2019-02-28 11:13:46,btc,0.0,0.0,0,btc,0.0,0.0,0.0,14
0,[],4,[],2019-02-28 12:25:00,0.0,0,0,6810996,2019-02-28 12:25:00,,0.0,0.0,0,,0.0,0.0,0.0,15
,[],12,[],2018-12-01 15:15:48,204241.84496,0.00000489,0.000000000202473384,5260204,2018-12-01 15:15:48,btc,49.5475654835,0.0,,btc,35763.2193806,0.0163153972027625,0.0203389899998,15
0,[],17,[],2019-02-28 11:26:40,0.0,0,0,6810701,2019-02-28 11:26:40,btc,0.0,0.0,0,btc,0.0,0.0,0.0,18
0,[],2,[],2019-01-20 23:23:38,0.0,0,0,6476906,2019-01-20 23:23:38,,0.0,0.0,0,,0.0,0.0,0.0,18
1,[],4,[],2019-02-28 12:25:01,25648.67479942,0.00001779,0.000000000682328334,6810997,2019-02-28 12:25:01,btc,1.2207445834482935,0.0,0.00001779,btc,8827.45536076,0.03024947,0.0775297358042919,18
1,[],10,[],2019-02-28 12:25:03,782690.30622087,0.00001751,0.000000000671589046,6810998,2019-02-28 12:25:03,btc,16.6205030649966,3820.00240601,0.00001751,btc,14454.3859833,0.0,0.1291948706562737,18
1,[],12,[],2019-02-28 12:25:04,193477.13871388,0.00001894000000000000162050060870111423128037131391465663909912109375,0.0000000007264361240000001,6810999,2019-02-28 12:25:04,btc,23.630642082305215,0.0,0.00001894000000000000162050060870111423128037131391465663909912109375,btc,1872.30828082,4.1771831796e-06,0.0329087146446252,18
1,[],3,[],2019-02-28 12:25:16,118460.72643361954,0.00002004999999999999946327655653277588498895056545734405517578125,0.0000000007690097300000001,6811000,2019-02-28 12:25:16,btc,0.5452047668341213,0.0,0.00002004999999999999946327655653277588498895056545734405517578125,btc,9078.168872553742,0.0,0.032778428598817425,19
1,[],4,[],2019-02-28 12:25:16,515349.40726558,0.00001916,0.000000000734874136,6811001,2019-02-28 12:25:16,btc,2.0621294559029146,0.0,0.00001916,btc,73019.92242399,0.30999348,2.3578205666361627,19
1,[],5,[],2019-02-28 12:25:18,0.0,0,0,6811002,2019-02-28 12:25:18,btc,0.0,0.00018369,0,btc,0.0,0.0,0.0,19
1,[],12,[],2019-02-28 12:25:19,135341.88454826,0.00001845999999999999943993585216350794553363812156021595001220703125,0.000000000708025916,6811003,2019-02-28 12:25:19,btc,6.899222692531055,0.0,0.00001845999999999999943993585216350794553363812156021595001220703125,btc,467.01038266,0.0002886132405072,0.10969647000006699,19
0,[],2,[],2019-01-20 23:24:19,0.0,0,0,6476924,2019-01-20 23:24:19,,0.0,0.0,0,,0.0,0.0,0.0,19
0,[],27,[],2019-02-28 12:25:21,0.0,0,0,6811004,2019-02-28 12:25:21,,0.0,0.0,0,btc,0.0,0.0,0.0,19
1,[],4,[],2019-02-28 12:25:22,2817409.12717412,0.00000013,0.000000000004986098,6811005,2019-02-28 12:25:22,btc,7.3747741764341495,0.0,0.00000013,btc,2840199.57892104,0.00011474,0.0813360639981472,20
0,[],17,[],2019-02-28 11:26:53,0.0,0,0,6810710,2019-02-28 11:26:53,btc,0.0,0.0,0,btc,0.0,0.0,0.0,21
1,[],4,[],2019-02-28 12:25:23,104036087.13737024,0.00000002,0.0000000000007670920000000001,6811006,2019-02-28 12:25:23,btc,1807.0292539368747,0.0,0.00000002,btc,54965235.06172668,0.00031635,1.1684621866280451,21
1,[],12,[],2019-02-28 12:25:24,18207001.0,0.00000002,0.0000000000007670920000000001,6811007,2019-02-28 12:25:24,btc,670.3733702334847,0.0,0.00000002,btc,8127598.32857329,1.3e-06,0.23638026,21
1,[],12,[],2019-02-28 12:25:36,3030834611.6808996,0.0000000002,0.00000000000000767092,6811008,2019-02-28 12:25:36,btc,875865843214.567,0.0,0.0000000002,btc,4941025550.183255,0.01589020065114885,0.3124382015829904,23
0.00000000035715749999999996,[],27,[],2019-02-28 12:25:38,2000.0,3.571575e-18,1.36986330495e-22,6811009,2019-02-28 12:25:38,eth,1.3829826565934114,0.0,0.00000001,eth,2164879.85514486,0.0,7.14315e-15,23
1,[],4,[],2019-02-28 12:27:39,471686.18189374,0.00000051,0.000000000019560846000000002,6811010,2019-02-28 12:27:39,btc,8.859379576205468,0.0,0.00000051,btc,1515400.2986978,0.00259566,0.1508428303428528,24
1,[],22,[],2019-02-28 12:27:44,11.76,0.00000100,0.0000000000383546,6811011,2019-02-28 12:27:44,BTC,7.415e-05,0.0,0.00000100,BTC,23.919354838709676,0.0,1.176e-05,24
0.0,[],25,[],2019-02-28 12:27:45,0.0,0,0,6811012,2019-02-28 12:27:45,,0.0,0.0,0.0,btc,0.0,0.0,0.0,24
1,[],4,[],2019-02-28 12:27:47,28408399.06597357,0.00000609,0.000000000233579514,6811013,2019-02-28 12:27:47,btc,166.93665390215418,0.0,0.00000609,btc,256829.97593285,0.23086039,0.4387128019587123,26
1,[],10,[],2019-02-28 12:27:50,694306.5916176,0.00000614,0.000000000235497244,6811014,2019-02-28 12:27:50,btc,26.12694610702526,4762.16354611,0.00000614,btc,14175.33766661,0.0,0.2405206726206946,26
0,[],2,[],2019-01-20 23:25:56,0.0,0,0,6476976,2019-01-20 23:25:56,,0.0,0.0,0,,0.0,0.0,0.0,26
1,[],3,[],2019-02-28 12:27:51,5548785.57033568,0.00000001,0.00000000000038354600000000003,6811015,2019-02-28 12:27:51,btc,2.2563391985740564,651638.6318,0.00000001,btc,17171222.20627772,0.0,0.0554878557033568,27
1,[],5,[],2019-02-28 12:27:53,0.0,0,0,6811016,2019-02-28 12:27:53,btc,0.0,0.00376492,0,btc,0.0,0.0,0.0,27
1,[],11,[],2019-02-28 12:27:54,9491944.20350207,0.00000005,0.00000000000191773,6811017,2019-02-28 12:27:54,btc,67506.40605986067,169525.403564,0.00000005,btc,8002256.57282965,0.0,0.44249750446473557,27
1,[],4,[],2019-02-28 12:27:56,1523942944.4203827,0.00000002,0.0000000000007670920000000001,6811018,2019-02-28 12:27:56,btc,5.736092290280395,0.0,0.00000002,"btc,ltc",366363046.5317042,0.45774001,12.237913762591386,29
1,[],7,[],2019-02-28 12:27:58,47476687.7215207,0.00000002,0.0000000000007670920000000001,6811019,2019-02-28 12:27:58,btc,44462590.768994585,258284.216117,0.00000002,btc,46991853.16675412,0.00774853,0.6189312873043272,29
1,[],4,[],2019-02-28 12:27:59,1402421.24143847,0.00000026,0.000000000009972196,6811020,2019-02-28 12:27:59,btc,2.3389218872289517,0.0,0.00000026,btc,1559554.56336826,0.01168642,0.0869584372794454,30
0,[],17,[],2019-02-28 12:28:01,0.0,0,0,6811021,2019-02-28 12:28:01,btc,0.0,0.0,0,btc,0.0,0.0,0.0,30
1,[],4,[],2019-02-28 12:28:03,113031.30818731,0.00004796,0.000000001839486616,6811022,2019-02-28 12:28:03,btc,5.6613590008016805,0.0,0.00004796,btc,67407.80825371,0.81715858,0.6572807875376311,31
1,[],21,[],2019-02-28 12:28:03,58678.12447428,0.00004852000000000000301363101141,0.0000000018609651920000002,6811023,2019-02-28 12:28:03,btc,1.7786016655349324,36873.03728453,0.00004852000000000000301363101140594835669617168605327606201171875,btc,31793.80962983,1.85822446,1.9521006931757467,31
0,[],2,[],2019-01-20 23:28:43,0.0,0,0,6477009,2019-01-20 23:28:43,,0.0,0.0,0,,0.0,0.0,0.0,32
1,[],4,[],2019-02-28 12:28:05,382419207.61005163,0.00000004,0.0000000000015341840000000001,6811024,2019-02-28 12:28:05,btc,12.424163518067997,0.0,0.00000004,"btc,ltc",217737568.74306956,0.88047617,8.674871982078031,33
1,[],12,[],2019-02-28 12:28:06,16883626.0,0.00000004,0.0000000000015341840000000001,6811025,2019-02-28 12:28:06,btc,35630522.41948311,0.0,0.00000004,btc,90543920.08797067,0.001473266213786,0.54309836,33
1,[],4,[],2019-02-28 12:28:08,122246171.53862756,0.00000001,0.00000000000038354600000000003,6811026,2019-02-28 12:28:08,btc,4.018168431059446,0.0,0.00000001,btc,100989020.96022668,0.01362592,1.2224617153862756,34
1,[],5,[],2019-02-28 12:28:09,0.0,0,0,6811027,2019-02-28 12:28:09,btc,0.0,0.09376643,0,btc,0.0,0.0,0.0,34
0,[],17,[],2019-02-28 11:46:41,0.0,0,0,6810929,2019-02-28 11:46:41,btc,0.07464582825187406,0.0,0,btc,4105386.20243647,0.0,0.0,36
0.000000000120065,[],4,[],2019-02-28 12:28:10,2551994240.687871,2.4013e-18,9.210090098000001e-23,6811028,2019-02-28 12:28:10,ltc,4.761985764646623e-08,0.0,0.00000002,ltc,5518823060.797888,0.0,4.244215858399354e-09,36
1,[],5,[],2019-02-28 12:28:12,0.0,0,0,6811029,2019-02-28 12:28:12,btc,0.0,0.0,0,btc,0.0,0.0,0.0,36
0.00000000035715749999999996,[],27,[],2019-02-28 12:28:25,1000000.0,3.571575e-18,1.36986330495e-22,6811030,2019-02-28 12:28:25,eth,222.5997971062634,0.0,0.00000001,"ltc,eth",11163566.48751039,0.0,1.20539185e-12,36
1,[],4,[],2019-02-28 12:28:27,281709.3853363,0.00000062,0.000000000023779852,6811031,2019-02-28 12:28:27,btc,19772.49922552212,0.0,0.00000062,btc,567655.35251588,0.12728163,0.1316811364692945,37
1,[],12,[],2019-02-28 12:28:28,641668.10056174,0.00000065,0.000000000024930490000000003,6811032,2019-02-28 12:28:28,btc,1345.9014285598234,0.0,0.00000065,btc,996502.8271216,0.0747431290507311,0.2217750059130946,37
1,[],17,[],2019-02-28 12:28:33,1752.74075282,0.00000025,0.00000000000958865,6811033,2019-02-28 12:28:33,btc,0.055484923777095005,0.0,0.00000025,btc,1319.19918473,0.0,0.00043818518820499993,37
1,[],27,[],2019-02-28 12:28:35,14685.567,0.00000045,0.00000000001725957,6811034,2019-02-28 12:28:35,btc,25.82160393111233,0.0,0.00000045,btc,6804.86438508,0.0,0.00480032515,37
1,[],5,[],2019-02-28 12:28:37,0.0,0,0,6811035,2019-02-28 12:28:37,btc,0.0,0.00258068,0,btc,0.0,0.0,0.0,42
1,[],12,[],2019-02-28 12:28:38,253783.30806871,0.00000094,0.000000000036053324,6811036,2019-02-28 12:28:38,btc,94.68726745878632,0.0,0.00000094,btc,100845.69219857,0.0712158664970936,0.0592523200000056,42
0.00000000035715749999999996,[],27,[],2019-02-28 12:28:42,2000.0,3.571575e-18,1.36986330495e-22,6811037,2019-02-28 12:28:42,eth,0.00315028,0.0,0.00000001,"btc,eth",11.007,0.0,7.14315e-15,42
1,[],5,[],2019-02-28 12:28:44,0.0,0,0,6811038,2019-02-28 12:28:44,btc,0.0,0.0726022,0,btc,0.0,0.0,0.0,43
1,[],12,[],2019-02-28 12:28:45,1079271.0,0.00000001,0.00000000000038354600000000003,6811039,2019-02-28 12:28:45,btc,3569.629441896553,0.0,0.00000001,btc,12100972.67372626,2.347982018e-06,0.01079271,43
0,[],17,[],2019-02-28 12:28:46,0.0,0,0,6811040,2019-02-28 12:28:46,btc,0.0,0.0,0,btc,0.0,0.0,0.0,43
1,[],12,[],2019-02-28 12:28:47,644500.0,0.00000005,0.00000000000191773,6811041,2019-02-28 12:28:47,btc,11116042.727797307,0.0,0.00000005,btc,1102357.40161834,0.0003095945254745,0.01577146,44
1,[],4,[],2019-02-28 12:28:50,290707803.15448976,0.00000002,0.0000000000007670920000000001,6811042,2019-02-28 12:28:50,btc,473.6088411118014,0.0,0.00000002,"btc,ltc",12274494.40365541,0.00133559,0.19762581468133378,49
0,[],4,[],2019-02-28 12:28:51,0.0,0,0,6811043,2019-02-28 12:28:51,,25.475336667902912,0.0,0,,10235173536.138332,0.0,0.0,52
0.000000000125208,[],22,[],2019-02-28 12:29:08,80845862.0,1.25208e-18,4.8023027568e-23,6811044,2019-02-28 12:29:08,XMR,4366.96996713,0.0,0.00000001,XMR,255350310.67882353,0.0,0.80845862,57
0.00000000035715749999999996,[],27,[],2019-02-28 12:29:11,2000.0,3.571575e-18,1.36986330495e-22,6811045,2019-02-28 12:29:11,eth,0.0,0.0,0.00000001,"btc,eth",0.0,0.0,7.14315e-15,57
0.000000000120065,[],4,[],2019-02-28 12:29:12,1110265062.5191615,4.8026e-18,1.8420180196000002e-22,6811046,2019-02-28 12:29:12,ltc,18.80718470676083,0.0,0.00000004,ltc,3910570703.1800942,0.00036681,2.860512658855684e-09,58
1,[],12,[],2019-02-28 12:29:13,1619348587.843957,0.0000000004,0.00000000000001534184,6811047,2019-02-28 12:29:13,btc,224005479740.3565,0.0,0.0000000004,btc,3760552685.5709047,0.020525133025374644,0.5228806497011391,58
0,[],17,[],2019-02-28 12:29:25,0.0,0,0,6811048,2019-02-28 12:29:25,btc,1e+24,0.0,0,btc,49226522.0897055,0.0,0.0,58
0.000000000125208,[],22,[],2019-02-28 12:29:28,137438.0,1.25208e-18,4.8023027568e-23,6811049,2019-02-28 12:29:28,XMR,69.8835922,0.0,0.00000001,XMR,9887963.0,0.0,0.00137438,58
1,[],5,[],2019-02-28 12:29:30,0.0,0,0,6811050,2019-02-28 12:29:30,btc,0.0,0.00385579,0,btc,0.0,0.0,0.0,61
1,[],22,[],2019-02-28 12:29:36,13788.5,0.00000012,0.000000000004602552,6811051,2019-02-28 12:29:36,BTC,1002.29597012,0.0,0.00000012,BTC,14947.700278135757,0.0,0.00155365,61
1,[],26,[],2019-02-28 12:29:36,0.0,0.00000800,0.0000000003068368,6811052,2019-02-28 12:29:36,btc,0.0,0.0,0.00000800,btc,0.0,0.0,0.0,61
1,[],27,[],2019-02-28 12:29:38,2360.118,0.00000045,0.00000000001725957,6811053,2019-02-28 12:29:38,btc,7.76222960961638,283.432,0.00000045,"btc,eth",20547.11257617,4.9602747915e-13,0.0001995975034112767,61
0,[],28,[],2019-02-28 12:30:12,0.0,0,0,6811054,2019-02-28 12:30:12,,0.0,0.0,0,,0.0,0.0,0.0,61
1,[],4,[],2019-02-28 12:30:14,1468810.53145494,0.00000279,0.000000000107009334,6811055,2019-02-28 12:30:14,btc,11.193700723094178,0.0,0.00000279,btc,785499.50686826,0.0893443,1.5020861351635608,67
0.0,[],25,[],2019-02-28 12:30:15,0.0,0,0,6811056,2019-02-28 12:30:15,,0.0,0.0,0.0,btc,0.0,0.0,0.0,67
1,[],12,[],2019-02-28 12:30:16,1657290.6438366,0.00000018,0.000000000006903828,6811057,2019-02-28 12:30:16,btc,11115999.002110302,0.0,0.00000018,btc,2186427.58069349,0.0062126726725945,0.060853926441111,71
,[],5,[],2018-11-20 23:02:39,1.5e-07,0.00000005,0.000000000002128045,4862160,2018-11-20 23:02:39,btc,2.84511358,0.0,,btc,0.00036572,0.0,0.07381892,74
1,[],5,[],2019-02-28 12:30:18,0.0,0,0,6811058,2019-02-28 12:30:18,btc,0.0,0.0,0,btc,0.0,0.0,0.0,75
0,[],20,[],2019-01-25 09:30:31,0.0,0,0,6495923,2019-01-25 09:30:31,btc,0.0,0.0,0,btc,0.0,0.0,0.0,81
1,[],4,[],2019-02-28 07:25:06,16180270.251575,0.00000001,0.00000000000038166100000000003,6809334,2019-02-28 07:25:06,btc,11388.6318068588,0.0,0.00000001,btc,34456445.8995017,0.0,0.16180270251575,81
1,[],4,[],2019-02-28 12:30:20,28687.61137897,0.00007572,0.000000002904210312,6811059,2019-02-28 12:30:20,btc,17.74407626739059,0.0,0.00007572,btc,12625.13815083,0.00154682,0.1391517084587377,82
1,[],21,[],2019-02-28 12:30:21,27438.50685272,0.00007360000000000000005759281940,0.00000000282289856,6811060,2019-02-28 12:30:21,btc,2.0740826236857557,12679.83293479,0.0000736000000000000000575928194024299955344758927822113037109375,btc,22556.23358823,0.94988367,1.1292756017318768,82
0,[],17,[],2019-02-28 12:30:36,0.0,0,0,6811061,2019-02-28 12:30:36,btc,0.0447233088476774,0.0,0,btc,999127.19588126,0.0,0.0,84
0.000000000120065,[],4,[],2019-02-28 12:30:37,117255403.34560134,3.60195e-18,1.3815135147e-22,6811062,2019-02-28 12:30:37,ltc,1.7828321766172937,0.0,0.00000003,ltc,398802992.23227257,0.0,2.2522630183192076e-10,85
,[],22,[],2018-11-20 23:09:34,3408.1,0.0000001,0.0000000000041895,4862324,2018-11-20 23:09:34,BTC,0.04624735,0.0,,BTC,4990.0,0.0,0.00033081,86
0,[],22,[],2019-02-22 12:52:35,0.0,0,0,6758847,2019-02-22 12:52:35,,2.0760781,0.0,0,,140622.94736842104,0.0,0.0,87
0,[],27,[],2019-02-22 12:52:37,0.0,0,0,6758848,2019-02-22 12:52:37,,0.0,0.0,0,btc,0.0,0.0,0.0,87
,[],2,[],2018-11-20 23:10:47,0.0,0,0,4862359,2018-11-20 23:10:47,,0.0,0.0,,,0.0,0.0,0.0,88
1,[],11,[],2019-02-28 12:30:39,90450.0821519,0.0001385199999999999951293128130913601125939749181270599365234375,0.000000005312879192,6811063,2019-02-28 12:30:39,btc,609.4337915861488,1497.68953369,0.0001385199999999999951293128130913601125939749181270599365234375,btc,97404.8941958,0.0,5.883929223201696,89
0,[],2,[],2019-01-20 23:31:45,0.0,0,0,6477083,2019-01-20 23:31:45,,0.0,0.0,0,,0.0,0.0,0.0,91
0,[],17,[],2019-02-28 11:31:53,0.0,0,0,6810766,2019-02-28 11:31:53,btc,0.0,0.0,0,btc,0.0,0.0,0.0,91
1,[],12,[],2019-02-28 12:30:41,466615.83605239,0.0000015099999999999999422575606977670048536310787312686443328857421875,0.000000000057915446,6811064,2019-02-28 12:30:41,btc,4.36132226696803,0.0,0.0000015099999999999999422575606977670048536310787312686443328857421875,btc,59925.10192172,0.0223946475129163,0.07965933199382999,91
0,[],22,[],2019-02-28 12:30:54,0.0,0,0,6811065,2019-02-28 12:30:54,,3e-06,0.0,0,,1.0,0.0,0.0,91
0.000000000120065,[],22,[],2019-02-28 12:30:59,1520600.0,7.2039e-18,2.7630270294e-22,6811066,2019-02-28 12:30:59,LTC,8.53161599,0.0,0.00000006,LTC,71994962.1,0.0,0.091236,95
0,[],17,[],2019-02-28 10:36:19,0.0,0,0,6810472,2019-02-28 10:36:19,btc,0.0,0.0,0,btc,0.0,0.0,0.0,96
0.000000000120065,[],4,[],2019-02-28 12:31:00,646216951.8955214,7.44403e-17,2.8551279303800002e-21,6811067,2019-02-28 12:31:00,ltc,11.885879407769345,0.0,0.00000062,ltc,136621224.3803981,0.0,1.84506892294941e-09,96
0,[],12,[],2019-02-28 12:31:01,0.0,0,0,6811068,2019-02-28 12:31:01,btc,255076.9668640679,0.0,0,btc,8739616.94636337,0.0023628371628372,0.0,96
1,[],4,[],2019-02-28 12:31:08,1359749.28268447,0.00000030,0.00000000001150638,6811069,2019-02-28 12:31:08,btc,2.9334208563617055,0.0,0.00000030,btc,2373580.08952936,0.0031735,0.1014999232820615,99
0,[],2,[],2019-01-20 23:23:55,0.0,0,0,6476914,2019-01-20 23:23:55,,0.0,0.0,0,,0.0,0.0,0.0,100
1,[],4,[],2019-02-28 12:31:10,343811.4863372,0.00004460,0.00000000171061516,6811070,2019-02-28 12:31:10,btc,12.01392933020506,0.0,0.00004460,btc,163816.46887303,3.18525244,2.6547336870629628,100
1,[],22,[],2019-02-28 12:31:20,50000.0,0.00000001,0.00000000000038354600000000003,6811071,2019-02-28 12:31:20,BTC,23.49896609,0.0,0.00000001,BTC,10277.22,0.0,0.0005,101
1,[],4,[],2019-02-28 12:31:22,488170.24588408,0.00000091,0.000000000034902686,6811072,2019-02-28 12:31:22,btc,256.30074692364394,0.0,0.00000091,btc,488745.85571789,0.00859073,0.2536028867202728,103
1,[],12,[],2019-02-28 12:31:25,62451090.9,0.00000001,0.00000000000038354600000000003,6811073,2019-02-28 12:31:25,btc,137278920.68822747,0.0,0.00000001,btc,122163811.35344383,0.07697631585187859,0.21280991500000002,105
1,[],27,[],2019-02-28 12:31:27,81803.89,0.00000001,0.00000000000038354600000000003,6811074,2019-02-28 12:31:27,btc,36.58422120075966,44007.0,0.00000001,btc,531915.56793212,0.00044007,0.0008180389,105
1,[],22,[],2019-02-28 12:31:31,9328.0,0.00000001,0.00000000000038354600000000003,6811075,2019-02-28 12:31:31,BTC,51.10837004,0.0,0.00000001,BTC,470435.0,0.0,9.328e-05,107
1,[],26,[],2019-02-28 12:31:32,0.0,0.00000000,0,6811076,2019-02-28 12:31:32,btc,0.0,0.0,0.00000000,btc,0.0,0.0,0.0,107
1,[],5,[],2019-02-28 12:31:34,0.0,0,0,6811077,2019-02-28 12:31:34,btc,0.0,0.02732256,0,btc,0.0,0.0,0.0,112
1,[],22,[],2019-02-28 12:31:48,1966.0,0.00000001,0.00000000000038354600000000003,6811078,2019-02-28 12:31:48,BTC,2.81183288,0.0,0.00000001,BTC,808524.0833333334,0.0,1.966e-05,112
0.00000000035715749999999996,[],27,[],2019-02-28 12:31:51,2000.0,3.571575e-18,1.36986330495e-22,6811079,2019-02-28 12:31:51,eth,1.35132491849924,0.0,0.00000001,"btc,eth",1328.641654,0.0,7.14315e-15,112
1,[],4,[],2019-02-28 12:31:53,431607.24825448,0.00000276,0.00000000010585869600000001,6811080,2019-02-28 12:31:53,btc,85.12053097339027,0.0,0.00000276,btc,324082.440808,0.16986299,0.2260298496786521,113
1,[],5,[],2019-02-28 12:31:56,0.0,0,0,6811081,2019-02-28 12:31:56,btc,0.0,0.09709367,0,btc,0.0,0.0,0.0,113
1,[],17,[],2019-02-28 12:31:58,152738.278,0.00000004,0.0000000000015341840000000001,6811082,2019-02-28 12:31:58,btc,1.3368030275028582,0.0,0.00000004,btc,51896.221,0.0,0.0022095311199999998,116
0,[],27,[],2019-02-28 12:33:59,0.0,0,0,6811083,2019-02-28 12:33:59,,0.0,0.0,0,,0.0,0.0,0.0,116
1,[],4,[],2019-02-28 12:34:01,282242.30133534,0.00002386,0.000000000915140756,6811084,2019-02-28 12:34:01,btc,84.10081543366115,0.0,0.00002386,btc,104033.12601162,0.66036815,2.0196523389481227,120
1,[],7,[],2019-02-28 12:34:02,15434.76898456,0.000012089999999999999442316760134286113270718487910926342010498046875,0.00000000046370711399999997,6811085,2019-02-28 12:34:02,btc,115647.70098367939,755.57202586,0.000012089999999999999442316760134286113270718487910926342010498046875,btc,56286.08458949,0.01338612,0.0511270312019857,120
1,[],20,[],2019-02-28 12:34:05,1494281.3309,0.000000043,0.0000000000016492478,6811086,2019-02-28 12:34:05,btc,32.291928219822,5500.5,0.000000043,btc,947878.5393,0.0003850205,0.0100113441862,125
1,[],22,[],2019-02-28 12:34:09,3053.0,0.00000001,0.00000000000038354600000000003,6811087,2019-02-28 12:34:09,BTC,0.01444887,0.0,0.00000001,BTC,296263.5111111111,0.0,3.053e-05,126
0,[],2,[],2019-01-20 23:25:46,0.0,0,0,6476969,2019-01-20 23:25:46,,0.0,0.0,0,,0.0,0.0,0.0,131
1,[],4,[],2019-02-28 12:34:10,2617838.42333848,0.00001361,0.000000000522006106,6811088,2019-02-28 12:34:10,btc,6.304637143736621,0.0,0.00001361,btc,115395.21069253,0.44522923,0.2053130042474648,131
0,[],17,[],2019-02-28 12:34:12,0.0,0,0,6811089,2019-02-28 12:34:12,btc,0.0009561751951600001,0.0,0,btc,35.42829368,0.0,0.0,131
1,[],4,[],2019-02-28 12:34:13,4555.7864833,0.00016001,0.000000006137119546,6811090,2019-02-28 12:34:13,btc,1.620133833210094,0.0,0.00016001,btc,238.12730989,0.00051462,0.0082138371863535,135
1,[],3,[],2019-02-28 10:41:50,1051183.88776843,0.00000004,0.000000000001531376,6810493,2019-02-28 10:41:50,btc,0.6347130129087458,260.0,0.00000004,btc,2354905.75112032,0.0,0.0335850781737019,136
1,[],4,[],2019-02-28 12:34:15,283832.55591188,0.00000170,0.00000000006520282,6811091,2019-02-28 12:34:15,btc,38.986210095414705,0.0,0.00000170,btc,580438.9922713,0.02203546,0.1103168072401756,137
1,[],12,[],2019-02-28 12:34:16,322732.99094664,0.000001740000000000000069492480346544649449924690998159348964691162109375,0.00000000006673700400000001,6811092,2019-02-28 12:34:16,btc,11807.602111551918,0.0,0.000001740000000000000069492480346544649449924690998159348964691162109375,btc,125453.65216726,0.0051284162638384,0.0684084745319624,137
1,[],4,[],2019-02-28 12:34:17,109508.09441999,0.00003010,0.00000000115447346,6811093,2019-02-28 12:34:17,btc,28.69115378504469,0.0,0.00003010,btc,38113.90573865,0.13029063,0.4077803071980055,142
1,[],5,[],2019-02-28 12:34:19,0.0,0,0,6811094,2019-02-28 12:34:19,btc,0.0,0.53566845,0,btc,0.0,0.0,0.0,142
1,[],17,[],2019-02-28 12:34:20,22967.386363640002,0.00000088,0.000000000033752048000000006,6811095,2019-02-28 12:34:20,btc,20.069913352859754,0.0,0.00000088,btc,2746.079105,0.0,0.0104613000000032,142
1,[],20,[],2019-02-28 12:34:22,132996.6992,0.00002513,0.000000000963851098,6811096,2019-02-28 12:34:22,btc,0.2958716242949,19.3542,0.00002513,btc,1211.4375,0.00060925516,0.2267987443057,142
1,[],22,[],2019-02-28 12:34:25,1685.8988921568628,0.00004000,0.000000001534184,6811097,2019-02-28 12:34:25,BTC,3.00385504,0.0,0.00004000,BTC,891.218,0.0,0.00174536,142
0.0,[],25,[],2019-02-28 12:34:27,0.0,0,0,6811098,2019-02-28 12:34:27,,0.0,0.0,0.0,btc,0.0,0.0,0.0,142
0,[],28,[],2019-02-28 12:34:50,0.0,0,0,6811099,2019-02-28 12:34:50,,0.0,0.0,0,,0.0,0.0,0.0,142
0,[],22,[],2019-02-28 12:34:53,0.0,0,0,6811100,2019-02-28 12:34:53,,60.72280694,0.0,0,,696341446.3,0.0,0.0,143
0,[],22,[],2019-02-25 15:42:22,0.0,0,0,6783783,2019-02-25 15:42:22,,4.2131946,0.0,0,,2322156.0,0.0,0.0,146
,[],22,[],2018-11-20 23:01:11,0.0,0,0,4862114,2018-11-20 23:01:11,,2.56807021,0.0,,,61828.4988236,0.0,0.0,147
1,[],12,[],2019-02-28 12:34:55,220145.4206789,0.00000250000000000000020450763478507827386465578456409275531768798828125,0.00000000009588650000000001,6811101,2019-02-28 12:34:55,btc,16.6138911137153,0.0,0.00000250000000000000020450763478507827386465578456409275531768798828125,btc,117059.24335616,0.00382449,0.0280416199999895,148
1,[],4,[],2019-02-28 12:34:56,245585.26225639,0.00000032,0.000000000012273472000000001,6811102,2019-02-28 12:34:56,btc,219.9675352791887,0.0,0.00000032,btc,800822.7951546,0.0,0.0582338765629442,152
0,[],22,[],2019-02-28 12:34:59,0.0,0,0,6811103,2019-02-28 12:34:59,,0.0,0.0,0,,0.0,0.0,0.0,152
1,[],5,[],2019-02-28 12:35:01,0.0,0,0,6811104,2019-02-28 12:35:01,btc,0.0,0.0,0,btc,0.0,0.0,0.0,153
,[],16,[],2019-01-11 15:38:59,0.0,0,0,6366141,2019-01-11 15:38:59,btc,0.0,0.0,,btc,0.0,0.0,0.0,155
0,[],23,[],2019-01-20 23:24:29,0.0,0,0,6476932,2019-01-20 23:24:29,,0.0,0.0,0,,0.0,0.0,0.0,156
0,[],22,[],2019-02-28 12:35:07,0.0,0,0,6811105,2019-02-28 12:35:07,,6.74829967,0.0,0,,4646626.747643097,0.0,0.0,156
1,[],22,[],2019-02-28 12:35:10,7073.8,0.00005300,0.0000000020327938,6811106,2019-02-28 12:35:10,BTC,1.80343699,0.0,0.00005300,BTC,899.6422341958436,0.0,0.00104336,157
0,[],22,[],2019-02-28 12:35:14,0.0,0,0,6811107,2019-02-28 12:35:14,,50175.68008609,0.0,0,,54479136.04179466,0.0,0.0,158
,[],17,[],2018-11-20 22:56:10,0.0,0,0,4861976,2018-11-20 22:56:10,btc,1.1265625,0.0,,btc,1000.0,0.0,0.0,159
,[],20,[],2018-11-20 22:56:12,0.0,0,0,4861977,2018-11-20 22:56:12,btc,11912.7940471,0.0,,btc,34413894.3617,0.0,0.0,159
1,[],17,[],2019-02-28 11:37:45,29784.95,0.000001,0.000000000038289299999999994,6810810,2019-02-28 11:37:45,btc,0.03026736251542,0.0,0.000001,btc,144.46171372,0.0,0.00716147,168
1,[],12,[],2019-02-28 12:35:15,181363.05117891,0.000008019999999999999446497443711390218368251225911080837249755859375,0.000000000307603892,6811108,2019-02-28 12:35:15,btc,6.6429145834414625,0.0,0.000008019999999999999446497443711390218368251225911080837249755859375,btc,13705.27413222,0.0024648255,0.0906324800934784,168
0,[],22,[],2019-02-28 12:35:29,0.0,0,0,6811109,2019-02-28 12:35:29,,1.1341504,0.0,0,,539283.174707144,0.0,0.0,169
1,[],22,[],2019-02-28 12:35:41,203600.0,0.00000002,0.0000000000007670920000000001,6811110,2019-02-28 12:35:41,BTC,13.2501524,0.0,0.00000002,BTC,144336.2939341018,0.0,0.002072,171
1,[],22,[],2019-02-28 12:35:47,1340514.0,0.00000003,0.000000000001150638,6811111,2019-02-28 12:35:47,BTC,2.19732676,0.0,0.00000003,BTC,241548.87773641286,2.4e-06,0.02297864,173
1,[],5,[],2019-02-28 12:35:48,0.0,0,0,6811112,2019-02-28 12:35:48,btc,0.0,0.05979621,0,btc,0.0,0.0,0.0,175
1,[],22,[],2019-02-28 12:35:53,45904.0,0.0000003,0.00000000001150638,6811113,2019-02-28 12:35:53,BTC,0.52955903,0.0,0.0000003,BTC,143368.41384013777,0.0,0.0052148,176
0,[],2,[],2019-01-20 23:28:34,0.0,0,0,6477001,2019-01-20 23:28:34,,0.0,0.0,0,,0.0,0.0,0.0,178
1,[],7,[],2019-02-28 12:35:55,0.0,0,0,6811114,2019-02-28 12:35:55,btc,410932.5273358376,0.0,0,btc,117801559.31901672,0.0,0.0,178
0,[],22,[],2019-02-28 12:35:58,0.0,0,0,6811115,2019-02-28 12:35:58,,1.00242428,0.0,0,,57512.0,0.0,0.0,178
0,[],23,[],2019-01-20 23:25:08,0.0,0,0,6476952,2019-01-20 23:25:08,,0.0,0.0,0,,0.0,0.0,0.0,179
1,[],5,[],2019-02-28 12:37:59,0.0,0,0,6811116,2019-02-28 12:37:59,btc,0.0,0.04162684,0,btc,0.0,0.0,0.0,179
1,[],22,[],2019-02-28 12:38:04,6961684.0,0.00000002,0.0000000000007670920000000001,6811117,2019-02-28 12:38:04,BTC,5.6311133,0.0,0.00000002,"BTC,LTC",17083809.756535422,0.00255564,0.3741744,179
1,[],17,[],2019-02-28 11:38:49,10504.725,0.0000001,0.00000000000382893,6810820,2019-02-28 11:38:49,btc,5.201069583845011,0.0,0.0000001,btc,5033.45945,0.0,0.0010504725,180
1,[],22,[],2019-02-28 12:38:19,133605.4,0.00000025,0.00000000000958865,6811118,2019-02-28 12:38:19,BTC,0.22023658,0.0,0.00000025,"BTC,LTC",70695.13798401735,0.00191106,0.00205544,180
1,[],26,[],2019-02-28 12:38:19,0.0,0.00000160,0.00000000006136736,6811119,2019-02-28 12:38:19,btc,0.0,0.0,0.00000160,btc,0.0,0.0,0.0,180
,[],7,[],2018-11-20 22:58:01,562227.975654,0.00000085,0.000000000036176765,4862015,2018-11-20 22:58:01,btc,21836.6059674,2491.87645172,,btc,749999.041456,0.00211021,0.127565380455,183
,[],5,[],2019-01-10 08:11:41,0.0,0,0,6347036,2019-01-10 08:11:41,btc,82.15055501,0.00261,,btc,1.19002445,0.0,0.0,187
,[],17,[],2018-11-16 20:58:10,4062536.27273,0.00000001,0.000000000000550501,4708775,2018-11-16 20:58:10,btc,3.36492563466,0.195460381006,,"btc,eth",110697919.549,0.0,0.0157628953496,187
1,[],24,[],2019-02-28 12:38:19,0.0,0.000000000001,3.83546e-17,6811120,2019-02-28 12:38:19,btc,0.0,0.0,0.000000000001,btc,0.0,0.0,0.0,187
0,[],22,[],2019-02-27 04:05:17,0.0,0,0,6799309,2019-02-27 04:05:17,,1.19374396,0.0,0,,16308.869534405507,0.0,0.0,191
0,[],22,[],2019-02-28 12:38:25,0.0,0,0,6811121,2019-02-28 12:38:25,,0.0,0.0,0,,0.0,0.0,0.0,197
0,[],23,[],2019-01-20 23:31:41,0.0,0,0,6477079,2019-01-20 23:31:41,,0.0,0.0,0,,0.0,0.0,0.0,199
0,[],22,[],2019-02-28 12:38:28,0.0,0,0,6811122,2019-02-28 12:38:28,,5.19477622,0.0,0,,21058553.0,0.0,0.0,199
1,[],26,[],2019-02-28 12:38:28,0.0,0.00000000,0,6811123,2019-02-28 12:38:28,btc,0.0,0.0,0.00000000,btc,0.0,0.0,0.0,199
0,[],17,[],2019-01-30 16:32:01,0.0,0,0,6540827,2019-01-30 16:32:01,btc,6.802544163788159,0.0,0,btc,105897.55575295,0.0,0.0,200
0,[],2,[],2019-01-20 23:30:49,0.0,0,0,6477059,2019-01-20 23:30:49,,0.0,0.0,0,,0.0,0.0,0.0,201
1,[],4,[],2019-01-25 15:51:35,2084389.58565343,0.00000936,0.000000000333526752,6499557,2019-01-25 15:51:35,btc,2.0092503037378524,0.0,0.00000936,btc,160195.80207885,0.19272417,1.242687955921835,211
1,[],7,[],2019-02-28 12:38:33,2574219.68013797,0.0000013299999999999999715787242504649867669286322779953479766845703125,0.000000000051011618000000004,6811124,2019-02-28 12:38:33,btc,15476658.385435397,1275704.047,0.0000013299999999999999715787242504649867669286322779953479766845703125,btc,15023959.03596812,0.0,2.624138975265222,212
1,[],12,[],2019-01-25 02:44:32,207462.42853209,0.000001080000000000000035831255497387193287295303889550268650054931640625,0.000000000038610756000000006,6493050,2019-01-25 02:44:32,btc,85023.03793723314,0.0,0.000001080000000000000035831255497387193287295303889550268650054931640625,btc,43675.73520027,0.000146250909087,0.0348620860622024,213
1,[],5,[],2019-02-28 12:38:35,0.0,0,0,6811125,2019-02-28 12:38:35,btc,0.0,0.27749405,0,btc,0.0,0.0,0.0,213
1,[],24,[],2019-02-28 12:38:35,0.0,0.000000110000,0.000000000004219006,6811126,2019-02-28 12:38:35,btc,0.0,0.0,0.000000110000,btc,0.0,0.0,0.0,213
1,[],26,[],2019-02-28 12:38:35,0.0,0.00000010,0.00000000000383546,6811127,2019-02-28 12:38:35,btc,0.0,0.0,0.00000010,btc,0.0,0.0,0.0,213
1,[],22,[],2019-02-28 12:38:39,29544.0,0.00000002,0.0000000000007670920000000001,6811128,2019-02-28 12:38:39,BTC,2.22803418,0.0,0.00000002,BTC,499028.3963726171,0.00181876,0.00030003,216
1,[],27,[],2019-02-28 12:38:43,6248602.0,0.00000003,0.000000000001150638,6811129,2019-02-28 12:38:43,btc,316.32805111644,2699.005988,0.00000003,"btc,ltc",235048.901,0.00032388,0.03377204001210255,216
1,[],22,[],2019-02-28 12:38:48,235131.2050055959,0.00000215,0.00000000008246239,6811130,2019-02-28 12:38:48,BTC,12673.46581863,0.0,0.00000215,BTC,392368.04526695394,0.01152055,0.32561726,217
1,[],7,[],2019-02-28 12:38:50,0.0,0,0,6811131,2019-02-28 12:38:50,btc,77969.77488735563,0.0,0,btc,137043486.5550253,0.0,0.0,219
0,[],27,[],2019-02-28 12:38:52,0.0,0,0,6811132,2019-02-28 12:38:52,,0.0740438339680921,0.0,0,btc,1536429.20709513,0.0,0.0,219
0,[],28,[],2019-02-28 12:39:25,0.0,0,0,6811133,2019-02-28 12:39:25,,0.0,0.0,0,,0.0,0.0,0.0,219
1,[],22,[],2019-02-28 12:39:31,273665.0,0.00000003,0.000000000001150638,6811134,2019-02-28 12:39:31,BTC,2.94533216,0.0,0.00000003,BTC,114179.27041875875,0.0,0.00739665,221
1,[],24,[],2019-02-28 12:39:31,0.0,0.000000200000,0.00000000000767092,6811135,2019-02-28 12:39:31,btc,0.0,0.0,0.000000200000,btc,0.0,0.0,0.0,221
1,[],20,[],2019-02-28 12:39:33,40748456.2707,0.000000001,0.0000000000000383546,6811136,2019-02-28 12:39:33,btc,48.2383485393842,101498.1409,0.000000001,btc,13394805.9726,0.0002029962818,0.0407484562707,224
0,[],22,[],2019-02-28 12:39:36,0.0,0,0,6811137,2019-02-28 12:39:36,,0.0,0.0,0,,0.0,0.0,0.0,224
1,[],26,[],2019-02-28 12:39:36,0.0,0.00000035,0.00000000001342411,6811138,2019-02-28 12:39:36,btc,0.0,0.0,0.00000035,btc,0.0,0.0,0.0,231
1,[],26,[],2019-02-28 12:39:37,0.0,0.00000006,0.000000000002301276,6811139,2019-02-28 12:39:37,btc,0.0,0.0,0.00000006,btc,0.0,0.0,0.0,234
0.00000000035715749999999996,[],27,[],2019-02-28 12:39:39,2000.0,3.571575e-18,1.36986330495e-22,6811140,2019-02-28 12:39:39,eth,0.0113483662182,0.0,0.00000001,"btc,eth",11462.99618,0.0,7.14315e-15,234
1,[],4,[],2019-02-28 12:39:40,909108.21207445,0.00000074,0.000000000028382404,6811141,2019-02-28 12:39:40,btc,4.355024547024772,0.0,0.00000074,btc,1088767.22564957,0.06247001,0.2329327986883899,236
1,[],24,[],2019-02-28 12:39:40,0.0,0.000000300000,0.00000000001150638,6811142,2019-02-28 12:39:40,btc,0.0,0.0,0.000000300000,btc,0.0,0.0,0.0,236
1,[],20,[],2019-02-28 12:39:42,155881408.8873,0.000000057,0.0000000000021862122,6811143,2019-02-28 12:39:42,btc,10.7908025876527,51543012.5311,0.000000057,btc,44226453.7244,3.2692057724423,0.7217936602063,237
0.000000000120065,[],22,[],2019-02-28 12:39:45,14400.0,1.20065e-17,4.605045049e-22,6811144,2019-02-28 12:39:45,LTC,0.0413973,0.0,0.0000001,LTC,7239.0,0.0,0.00144,237
1,[],4,[],2019-02-28 12:39:46,7432496.46000195,0.00000033,0.000000000012657018,6811145,2019-02-28 12:39:46,btc,6.678348280614225,0.0,0.00000033,btc,9894211.12509168,0.3502181,1.643528606239559,238
1,[],5,[],2019-02-28 12:39:48,0.0,0,0,6811146,2019-02-28 12:39:48,btc,0.0,0.00129797,0,btc,0.0,0.0,0.0,238
0,[],22,[],2019-02-28 12:39:51,0.0,0,0,6811147,2019-02-28 12:39:51,,0.41356282,0.0,0,,316008.5639027493,0.0,0.0,249
0.000000000120065,[],22,[],2019-02-28 12:39:55,7114343.666666667,3.60195e-18,1.3815135147e-22,6811148,2019-02-28 12:39:55,LTC,0.55313368,0.0,0.00000003,LTC,19605537.09,2.43275703e-14,0.21243333,252
0,[],28,[],2019-02-28 12:40:28,0.0,0,0,6811149,2019-02-28 12:40:28,,0.0,0.0,0,,0.0,0.0,0.0,256
1,[],22,[],2019-02-28 12:40:32,1065354.0,0.00000002,0.0000000000007670920000000001,6811150,2019-02-28 12:40:32,BTC,31.47160001,0.0,0.00000002,BTC,670687.0957866946,0.0,0.01073444,258
1,[],22,[],2019-02-28 12:40:37,48751.0,0.00000001,0.00000000000038354600000000003,6811151,2019-02-28 12:40:37,BTC,2.4175745,0.0,0.00000001,BTC,1762.0,0.0,0.00048751,259
1,[],5,[],2019-02-28 12:40:39,0.0,0,0,6811152,2019-02-28 12:40:39,btc,0.0,0.0653245,0,btc,0.0,0.0,0.0,264
1,[],20,[],2019-02-28 12:40:41,1222026.8084,0.00000237,0.000000000090900402,6811153,2019-02-28 12:40:41,btc,7.2636799724808,47554.0179,0.00000237,btc,97968.4659,0.1602018056111,0.0227923635531,264
0,[],22,[],2019-02-28 12:40:43,0.0,0,0,6811154,2019-02-28 12:40:43,,8.33272543,0.0,0,,413548.34411321935,0.0,0.0,271
0,[],22,[],2019-02-28 12:40:46,0.0,0,0,6811155,2019-02-28 12:40:46,,271.16935057,0.0,0,,14411474420.692,0.0,0.0,272
0,[],28,[],2019-02-28 12:41:17,0.0,0,0,6811156,2019-02-28 12:41:17,,0.0,0.0,0,,0.0,0.0,0.0,272
1,[],22,[],2019-02-28 12:41:22,116693.74,0.00000410,0.00000000015725386,6811157,2019-02-28 12:41:22,BTC,74.32244185,0.0,0.00000410,"BTC,LTC",8380.527743939856,0.0,0.04940597,281
1,[],22,[],2019-02-28 12:41:27,863814.5,0.00000002,0.0000000000007670920000000001,6811158,2019-02-28 12:41:27,BTC,1.33225589,0.0,0.00000002,BTC,134963.33221218394,0.00040847,0.01714417,286
0,[],22,[],2019-02-28 12:41:30,0.0,0,0,6811159,2019-02-28 12:41:30,,43636.28839435,0.0,0,,432735487.0,0.0,0.0,294
