pairValue,buyBook,exchangeId,sellBook,updated,buyTotal,satoshiPrice,usdPrice,exchangeLogId,created,bestPair,sellTotalBtc,volume,pairPrice,activePairs,sellTotal,volumeBtc,buyTotalBtc,coinId
1,[],3,[],2019-02-01 16:36:54,123.228022516721,0.01269679999999999940596406844406374148093163967132568359375,0.00000043828718759999997,6558823,2019-02-01 16:36:54,btc,107.00181980986392,0.181195819608,0.01269679999999999940596406844406374148093163967132568359375,btc,13.637623943364,0.0,0.36550989796677236,1
1,[],4,[],2019-02-01 16:36:55,25074.28809797,0.01257610,0.00000043412068395,6558824,2019-02-01 16:36:55,btc,0.9209917138391626,0.0,0.01257610,btc,69.07317302,0.27810486,1.1904403802496326,1
1,[],5,[],2019-02-01 16:36:58,0.22741875,0.01260001,0.00000043494604519499997,6558825,2019-02-01 16:36:58,btc,14578.4272724,0.04654948,0.01260001,btc,35555556.26533338,0.0,1.42596266,1
1,[],10,[],2019-02-01 16:37:01,272763.32569757,0.0120039,0.00000041436862605,6558826,2019-02-01 16:37:01,btc,6536.956544674258,1077.06049861,0.0120039,btc,970.23123502,0.0,5.4561218606247985,1
1,[],12,[],2019-02-01 16:37:03,10424.65472395,0.012510000000000000286437540353290387429296970367431640625,0.000000431838945,6558827,2019-02-01 16:37:03,btc,0.5549463052629,0.0,0.012510000000000000286437540353290387429296970367431640625,btc,37.79551561,0.7849866599842,0.2086184397645,1
1,[],20,[],2019-02-01 16:37:11,1352.3278,0.010500101,0.00000036245823646949997,6558828,2019-02-01 16:37:11,btc,0.0572229104203,0.0,0.010500101,btc,2.5381,0.0,0.1036263430751,1
1,[],21,[],2019-02-01 16:37:12,2271.79985979,0.01252422000000000083808071594,0.00000043232981229,6558829,2019-02-01 16:37:12,btc,14.318923579910754,5412.80447729,0.01252422000000000083808071593693966860882937908172607421875,"btc,eth",1687.42984269,65.17023336146963,21.61405390177591,1
1,[],22,[],2019-02-01 16:37:16,0.0263776,0.01350000,0.00000046601324999999996,6558830,2019-02-01 16:37:16,BTC,0.31397231,0.0,0.01350000,BTC,0.10124366666666666,0.0,0.00034472,1
1,[],24,[],2019-02-01 16:37:17,0.0,0.000000000000,0,6558831,2019-02-01 16:37:17,btc,0.0,0.0,0.000000000000,btc,0.0,0.0,0.0,1
0.0,[],25,[],2019-02-01 16:37:18,0.0,0,0,6558832,2019-02-01 16:37:18,btc,21.873399997735735,811.96093395,0.0,btc,1678.74440833,10.29,0.0,1
1,[],26,[],2019-02-01 16:38:40,0.0,0,0,6558833,2019-02-01 16:38:40,,0.0,0.0,0,,0.0,0.0,0.0,1
1,[],28,[],2019-02-01 16:38:45,987.9,0.01131000,0.000000390415545,6558834,2019-02-01 16:38:45,btc,0.162839806,17678.6,0.01131000,btc,8.9,0.0,0.024551096,1
0,[],2,[],2019-01-20 23:28:45,0.0,0,0,6477011,2019-01-20 23:28:45,,0.0,0.0,0,,0.0,0.0,0.0,1
1,[],5,[],2019-02-01 16:38:46,1.856e-05,0.00000067,0.000000000023128065,6558835,2019-02-01 16:38:46,btc,0.15270896,0.00669977,0.00000067,btc,7.078e-05,0.0,0.45017501,2
1,[],22,[],2019-02-01 16:38:51,1754.625335862178,0.0000004,0.0000000000138078,6558836,2019-02-01 16:38:51,BTC,0.0231601,0.0,0.0000004,"BTC,XMR",14562.72385,0.0,0.00111682,2
1,[],5,[],2019-02-01 16:38:53,1.42e-06,0.00000017,0.000000000005868315,6558837,2019-02-01 16:38:53,btc,3.84839543,0.30523934,0.00000017,btc,2.267e-05,0.0,3.47738543,3
1,[],12,[],2019-02-01 16:38:54,12417771.66153346,0.00000017,0.000000000005868315,6558838,2019-02-01 16:38:54,btc,921319.8991193783,0.0,0.00000017,btc,7945422.30933175,0.04517400516754724,0.535336062224419,3
0,[],28,[],2019-02-01 16:38:59,0.0,0,0,6558839,2019-02-01 16:38:59,,0.0,0.0,0,,0.0,0.0,0.0,3
0,[],2,[],2019-01-20 23:31:32,0.0,0,0,6477077,2019-01-20 23:31:32,,0.0,0.0,0,,0.0,0.0,0.0,4
1,[],4,[],2019-02-01 16:39:00,399535.63374433,0.00000035,0.000000000012081825,6558840,2019-02-01 16:39:00,btc,0.3990285754119445,0.0,0.00000035,btc,331261.60471303,0.00281198,0.0530602417348723,4
1,[],12,[],2019-02-01 16:39:01,1756106.70218182,0.00000015,0.0000000000051779249999999995,6558841,2019-02-01 16:39:01,btc,11014980.071320424,0.0,0.00000015,btc,864123.96308049,0.0646249295823152,0.0472171247400002,5
0,[],2,[],2019-01-20 23:31:51,0.0,0,0,6477087,2019-01-20 23:31:51,,0.0,0.0,0,,0.0,0.0,0.0,6
1,[],11,[],2019-02-01 16:39:03,4108955.5,0.00000001,0.00000000000034519499999999997,6558842,2019-02-01 16:39:03,btc,9433.351919680315,392365.0,0.00000001,btc,41630125.45717939,0.0,0.041089555,6
1,[],3,[],2019-02-01 16:39:04,1069.652384675756,0.000150559999999999995050348200464895853656344115734100341796875,0.0000000051972559199999995,6558843,2019-02-01 16:39:04,btc,28.510202753279106,0.0,0.000150559999999999995050348200464895853656344115734100341796875,btc,234.145665820227,0.0,0.030997767816609203,7
1,[],4,[],2019-02-01 16:39:05,25693.36091157,0.00017200,0.000000005937354,6558844,2019-02-01 16:39:05,btc,2.2461565653358457,0.0,0.00017200,btc,11785.55601078,3.29279506,4.000234420979674,7
1,[],5,[],2019-02-01 16:39:06,0.00526801,0.00017026,0.00000000587729007,6558845,2019-02-01 16:39:06,btc,1.11510432,0.30608225,0.00017026,btc,0.01128659,0.0,1.6515815,7
1,[],20,[],2019-02-01 14:55:51,62771509.8802,0.000000001,0.0000000000000346904,6558526,2019-02-01 14:55:51,btc,136.3892062542774,0.0,0.000000001,btc,29825029.7669,0.0,0.0627715098802,8
0,[],2,[],2019-01-20 23:22:42,0.0,0,0,6476876,2019-01-20 23:22:42,,0.0,0.0,0,,0.0,0.0,0.0,9
0,[],23,[],2019-01-20 23:22:48,0.0,0,0,6476878,2019-01-20 23:22:48,,0.0,0.0,0,,0.0,0.0,0.0,9
1,[],1,[],2019-02-01 16:39:08,626232.22,0.00000190999999999999992415680542812150832787665422074496746063232421875,0.000000000065932245,6558846,2019-02-01 16:39:08,btc,4.7845022381,17889764.45,0.00000190999999999999992415680542812150832787665422074496746063232421875,btc,2449437.66,32.69142514,1.1831302174,9
1,[],4,[],2019-02-01 16:39:08,1191645.36570053,0.00000188,0.00000000006489666,6558847,2019-02-01 16:39:08,btc,0.969073442795856,0.0,0.00000188,btc,495720.59217216,0.75770327,0.5331308358108511,9
1,[],28,[],2019-02-01 16:39:14,34500.0,0.00000165,0.000000000056957175,6558848,2019-02-01 16:39:14,btc,2708.75028702,3604287.0,0.00000165,btc,7642.68,0.0,0.02854,9
1,[],4,[],2019-02-01 16:39:14,7671282.56126053,0.00000002,0.0000000000006903899999999999,6558849,2019-02-01 16:39:14,btc,0.2016722631640986,0.0,0.00000002,btc,4035993.99941361,0.00016824,0.0821381418452106,10
0,[],2,[],2019-01-20 23:23:08,0.0,0,0,6476890,2019-01-20 23:23:08,,0.0,0.0,0,,0.0,0.0,0.0,12
1,[],4,[],2019-02-01 16:39:15,4189395.61612618,0.00000136,0.00000000004694652,6558850,2019-02-01 16:39:15,btc,1.5223787385429766,0.0,0.00000136,btc,1071348.59568873,1.28573516,2.4128517194268615,12
1,[],5,[],2019-02-01 16:39:17,1.545e-05,0.00000134,0.00000000004625613,6558851,2019-02-01 16:39:17,btc,0.4910644,0.78407345,0.00000134,btc,0.00011691,0.0,0.25781665,12
0.0,[],25,[],2019-02-01 16:39:18,0.0,0,0,6558852,2019-02-01 16:39:18,,0.0,0.0,0.0,btc,0.0,0.0,0.0,12
1,[],4,[],2019-02-01 16:39:19,332950.10796877,0.00000643,0.00000000022196038499999998,6558853,2019-02-01 16:39:19,btc,0.4291758570923536,0.0,0.00000643,btc,61595.00150687,0.89460679,1.48370180481921,13
1,[],10,[],2019-02-01 16:39:21,561426.58921683,0.00000624,0.00000000021540168000000001,6558854,2019-02-01 16:39:21,btc,666809.5563064051,8452.45105648,0.00000624,btc,726011.52467063,0.0,0.7952062000645227,13
1,[],21,[],2019-02-01 16:39:22,1215728.45352136,0.000006420000000000000365933412044,0.00000000022161519,6558855,2019-02-01 16:39:22,btc,6.001401452820494,327620.38503742,0.0000064200000000000003659334120442725435395914246328175067901611328125,btc,845487.62708755,2.13759454,6.467604398282311,13
1,[],4,[],2019-02-01 16:39:24,1098686.59590649,0.00000176,0.00000000006075432,6558856,2019-02-01 16:39:24,btc,0.118314662153034,0.0,0.00000176,btc,52648.48385308,0.07379727,0.3871166469241702,14
1,[],12,[],2019-02-01 16:39:25,88026.39766082,0.000001709999999999999933207183062944256590753866476006805896759033203125,0.000000000059028345,6558857,2019-02-01 16:39:25,btc,1.7848201777191792,0.0,0.000001709999999999999933207183062944256590753866476006805896759033203125,btc,37415.01291797,0.0015616419871328,0.0128190900000022,14
0,[],17,[],2019-02-01 16:39:27,0.0,0,0,6558858,2019-02-01 16:39:27,btc,0.0,0.0,0,btc,0.0,0.0,0.0,14
1,[],26,[],2019-02-01 16:39:27,0.0,0,0,6558859,2019-02-01 16:39:27,,0.0,0.0,0,,0.0,0.0,0.0,14
0,[],4,[],2019-02-01 16:39:28,0.0,0,0,6558860,2019-02-01 16:39:28,,0.0,0.0,0,,0.0,0.0,0.0,15
,[],12,[],2018-12-01 15:15:48,204241.84496,0.00000489,0.000000000202473384,5260204,2018-12-01 15:15:48,btc,49.5475654835,0.0,,btc,35763.2193806,0.0163153972027625,0.0203389899998,15
0,[],2,[],2019-01-20 23:23:38,0.0,0,0,6476906,2019-01-20 23:23:38,,0.0,0.0,0,,0.0,0.0,0.0,18
1,[],4,[],2019-02-01 16:39:29,23734.59718803,0.00001782,0.00000000061513749,6558861,2019-02-01 16:39:29,btc,1.234589709367614,0.0,0.00001782,btc,7810.6012157,0.0368881,0.0578564247146343,18
1,[],10,[],2019-02-01 16:39:31,392341.44362042,0.00001669,0.000000000576130455,6558862,2019-02-01 16:39:31,btc,15.540558318785054,21030.7368426,0.00001669,btc,10161.92180912,0.0,0.2182166121914665,18
1,[],12,[],2019-02-01 16:39:32,200537.36427398,0.0000176000000000000008976326626441988310034503228962421417236328125,0.0000000006075432,6558863,2019-02-01 16:39:32,btc,0.1840889191801025,0.0,0.0000176000000000000008976326626441988310034503228962421417236328125,btc,1626.89904917,0.0,0.0130140372818737,18
0,[],17,[],2019-02-01 16:39:34,0.0,0,0,6558864,2019-02-01 16:39:34,btc,0.0,0.0,0,btc,0.0,0.0,0.0,18
0,[],2,[],2019-01-20 23:24:19,0.0,0,0,6476924,2019-01-20 23:24:19,,0.0,0.0,0,,0.0,0.0,0.0,19
1,[],3,[],2019-02-01 16:39:34,108656.40270791356,0.00003049999999999999936097123953704368659600731916725635528564453125,0.00000000105284475,6558865,2019-02-01 16:39:34,btc,0.5434820042735709,0.0,0.00003049999999999999936097123953704368659600731916725635528564453125,btc,5670.223200813632,0.0,0.09718100493169825,19
1,[],4,[],2019-02-01 16:39:35,59092.79218066,0.00003216,0.00000000111014712,6558866,2019-02-01 16:39:35,btc,0.4619221711428955,0.0,0.00003216,btc,12813.78643025,0.35572871,1.1631356770132575,19
1,[],5,[],2019-02-01 16:39:37,0.00041295,0.00003156,0.00000000108943542,6558867,2019-02-01 16:39:37,btc,0.30868617,0.0,0.00003156,btc,0.00341288,0.0,0.23877222,19
1,[],12,[],2019-02-01 16:39:38,133614.58579882,0.000027039999999999998606982354321104367045336402952671051025390625,0.0000000009334072799999999,6558868,2019-02-01 16:39:38,btc,1.9915752909121731,0.0,0.000027039999999999998606982354321104367045336402952671051025390625,btc,453.27457877,0.0005314985016975,0.0323704600000928,19
0,[],27,[],2019-02-01 16:39:40,0.0,0,0,6558869,2019-02-01 16:39:40,,0.0,0.0,0,btc,0.0,0.0,0.0,19
1,[],4,[],2019-02-01 16:39:41,9013799.43885938,0.00000013,0.000000000004487535,6558870,2019-02-01 16:39:41,btc,0.8119940963808697,0.0,0.00000013,btc,1597393.93239221,0.0,0.3454124081715698,20
1,[],4,[],2019-02-01 16:39:42,118638626.87822224,0.00000002,0.0000000000006903899999999999,6558871,2019-02-01 16:39:42,btc,0.6690795640586203,0.0,0.00000002,btc,16532096.92560579,0.01530547,1.382552121774285,21
1,[],12,[],2019-02-01 16:39:44,18807726.0,0.00000002,0.0000000000006903899999999999,6558872,2019-02-01 16:39:44,btc,668.0412868135277,0.0,0.00000002,btc,8451312.66333932,0.0115407495104895,0.24909104,21
0,[],17,[],2019-02-01 16:39:46,0.0,0,0,6558873,2019-02-01 16:39:46,btc,0.0,0.0,0,btc,0.0,0.0,0.0,21
1,[],12,[],2019-02-01 16:39:47,2486859782.531895,0.0000000001,0.00000000000000345195,6558874,2019-02-01 16:39:47,btc,1729404715475.8184,0.0,0.0000000001,btc,5042348526.842389,0.00473481468041958,0.24868597825318953,23
0,[],27,[],2019-02-01 16:39:49,0.0,0,0,6558875,2019-02-01 16:39:49,,0.424699,0.0,0,eth,424699.0,0.0,0.0,23
1,[],4,[],2019-02-01 16:39:50,880174.11130916,0.00000079,0.000000000027270404999999998,6558876,2019-02-01 16:39:50,btc,0.0833033409656086,0.0,0.00000079,btc,71581.88528049,0.00279774,0.3692091297779411,24
1,[],22,[],2019-02-01 16:39:54,11.76,0.00000100,0.000000000034519499999999996,6558877,2019-02-01 16:39:54,BTC,7.415e-05,0.0,0.00000100,BTC,23.919354838709676,0.0,1.176e-05,24
0.0,[],25,[],2019-02-01 16:39:55,0.0,0,0,6558878,2019-02-01 16:39:55,,0.0,0.0,0.0,btc,0.0,0.0,0.0,24
1,[],4,[],2019-02-01 16:39:56,27066087.36513651,0.00000630,0.00000000021747285,6558879,2019-02-01 16:39:56,btc,0.2447861299027341,0.0,0.00000630,btc,24809.39537444,0.06797433,0.4219294933460766,26
1,[],10,[],2019-02-01 16:39:58,726525.91967029,0.00000659,0.00000000022748350499999997,6558880,2019-02-01 16:39:58,btc,27.98352977904105,388.8110388,0.00000659,btc,13249.47153674,0.0,0.2112892143794172,26
0,[],2,[],2019-01-20 23:25:56,0.0,0,0,6476976,2019-01-20 23:25:56,,0.0,0.0,0,,0.0,0.0,0.0,26
1,[],3,[],2019-02-01 16:39:59,10112562.74619233,0.00000002,0.0000000000006903899999999999,6558881,2019-02-01 16:39:59,btc,2.280473792751911,459445.459326,0.00000002,btc,15537217.59918527,0.0,0.1234249545353323,27
1,[],5,[],2019-02-01 16:40:00,3e-08,0.00000002,0.0000000000006903899999999999,6558882,2019-02-01 16:40:00,btc,1.51863984,0.07098088,0.00000002,btc,4.69e-05,0.0,0.13283242,27
1,[],11,[],2019-02-01 16:40:02,10615374.41182718,0.00000005,0.0000000000017259749999999998,6558883,2019-02-01 16:40:02,btc,370.5931920764931,1000.0,0.00000005,btc,8220964.80991447,0.0,0.4936394994767663,27
1,[],4,[],2019-02-01 16:40:04,178833781.79260117,0.00000003,0.000000000001035585,6558884,2019-02-01 16:40:04,btc,3.8730822030123115,0.0,0.00000003,"btc,ltc",141939351.02580354,0.25406759,2.531976725220567,29
1,[],7,[],2019-02-01 16:40:06,39518503.73111485,0.00000003,0.000000000001035585,6558885,2019-02-01 16:40:06,btc,44465206.20702025,1065830.03007,0.00000003,btc,40626477.69985822,0.0319749,0.7175143264158029,29
1,[],4,[],2019-02-01 16:40:07,1384276.44047429,0.00000027,0.000000000009320265,6558886,2019-02-01 16:40:07,btc,0.2782085227157638,0.0,0.00000027,btc,568856.98724996,0.03251134,0.0831798462824237,30
0,[],17,[],2019-02-01 16:40:08,0.0,0,0,6558887,2019-02-01 16:40:08,btc,0.0,0.0,0,btc,0.0,0.0,0.0,30
1,[],4,[],2019-02-01 16:40:09,1137082.33030143,0.00007554,0.00000000260760303,6558888,2019-02-01 16:40:09,btc,2.20777897751112,0.0,0.00007554,btc,25116.94826537,1.11557253,2.5654348298603247,31
1,[],21,[],2019-02-01 16:40:10,33500.99618482,0.00007715000000000000503208585911,0.000000002663179425,6558889,2019-02-01 16:40:10,btc,2.5001047488172845,102734.14881547,0.00007715000000000000503208585911352201947011053562164306640625,btc,30150.78539811,7.82324067,2.398893762267231,31
0,[],2,[],2019-01-20 23:28:43,0.0,0,0,6477009,2019-01-20 23:28:43,,0.0,0.0,0,,0.0,0.0,0.0,32
1,[],4,[],2019-02-01 16:40:11,148475613.7804706,0.00000006,0.00000000000207117,6558890,2019-02-01 16:40:11,btc,3.2256189901574874,0.0,0.00000006,"btc,ltc",54945700.47465917,0.41156993,2.192731133233043,33
1,[],12,[],2019-02-01 16:40:12,20020668.0,0.00000006,0.00000000000207117,6558891,2019-02-01 16:40:12,btc,17261782.155523982,0.0,0.00000006,btc,88438611.83716267,0.00161629986014,0.7736395699999999,33
1,[],4,[],2019-02-01 16:40:13,109441848.58515793,0.00000001,0.00000000000034519499999999997,6558892,2019-02-01 16:40:13,btc,0.7635704372908659,0.0,0.00000001,btc,25452347.90969553,0.80959035,1.0944184858515793,34
1,[],5,[],2019-02-01 16:40:14,3e-08,0.00000002,0.0000000000006903899999999999,6558893,2019-02-01 16:40:14,btc,3.96122894,0.07964584,0.00000002,btc,1.394e-05,0.0,0.78238163,34
0.0000000000935394,[],4,[],2019-02-01 16:40:14,1500255615.9782064,3.741576e-18,1.29157332732e-22,6558894,2019-02-01 16:40:14,ltc,8.025302176097898e-09,0.0,0.00000004,ltc,1655388790.621473,0.0,2.459781159936221e-09,36
1,[],5,[],2019-02-01 16:40:16,0.0,0,0,6558895,2019-02-01 16:40:16,btc,203.09550886,0.0,0,btc,1.295e-05,0.0,0.0,36
0,[],17,[],2019-02-01 16:40:17,0.0,0,0,6558896,2019-02-01 16:40:17,btc,0.08200904469604181,0.0,0,btc,4841707.91583647,0.0,0.0,36
0.0000000000935394,[],27,[],2019-02-01 16:40:20,2000000.0,1.870788e-18,6.4578666366e-23,6558897,2019-02-01 16:40:20,ltc,447.7310973004,0.0,0.00000002,"ltc,eth",3711879.16,0.0,2.806182e-12,36
1,[],4,[],2019-02-01 16:40:21,446573.53958585,0.00000152,0.00000000005246964,6558898,2019-02-01 16:40:21,btc,0.3515063776308989,0.0,0.00000152,btc,186301.8986772,0.11773825,0.4134737332880465,37
1,[],12,[],2019-02-01 16:40:23,472568.58049856,0.000001529999999999999962528346615642238504051420022733509540557861328125,0.000000000052814834999999996,6558899,2019-02-01 16:40:23,btc,1337.7050889412474,0.0,0.000001529999999999999962528346615642238504051420022733509540557861328125,btc,750462.1774745,0.1760067487870782,0.3807212204933333,37
1,[],17,[],2019-02-01 16:40:25,1752.74075282,0.00000025,0.000000000008629874999999999,6558900,2019-02-01 16:40:25,btc,0.055487313963802354,0.0,0.00000025,btc,1388.79251806,0.0,0.00043818518820499993,37
1,[],27,[],2019-02-01 16:40:27,16843.0,0.00000046,0.00000000001587897,6558901,2019-02-01 16:40:27,btc,24.48470116075057,0.0,0.00000046,btc,5273.48447516,0.0,0.00561124,37
1,[],5,[],2019-02-01 16:40:28,1.191e-05,0.00000087,0.000000000030031965,6558902,2019-02-01 16:40:28,btc,0.10894017,0.06409538,0.00000087,btc,0.00010618,0.0,0.04553235,42
1,[],12,[],2019-02-01 16:40:30,154227.88558997,0.000001080000000000000035831255497387193287295303889550268650054931640625,0.00000000003728106,6558903,2019-02-01 16:40:30,btc,85.09538655215054,0.0,0.000001080000000000000035831255497387193287295303889550268650054931640625,btc,55897.23405069,0.1739463485885175,0.054554840000004295,42
0,[],27,[],2019-02-01 16:40:32,0.0,0,0,6558904,2019-02-01 16:40:32,,0.00315028,0.0,0,"btc,eth",11.007,0.0,0.0,42
1,[],5,[],2019-02-01 16:40:33,6e-08,0.00000003,0.000000000001035585,6558905,2019-02-01 16:40:33,btc,6.10276067,0.0,0.00000003,btc,1.425e-05,0.0,0.53368313,43
1,[],12,[],2019-02-01 16:40:34,6545118.0,0.00000002,0.0000000000006903899999999999,6558906,2019-02-01 16:40:34,btc,20007456.464662522,0.0,0.00000002,btc,38831663.74765234,0.0,0.06548279,43
0,[],17,[],2019-02-01 16:40:36,0.0,0,0,6558907,2019-02-01 16:40:36,btc,0.0,0.0,0,btc,0.0,0.0,0.0,43
1,[],12,[],2019-02-01 16:40:37,947462.0,0.00000009,0.000000000003106755,6558908,2019-02-01 16:40:37,btc,11115205.985675601,0.0,0.00000009,btc,976075.49850148,0.0268779708391672,0.03190161,44
1,[],4,[],2019-02-01 16:40:38,261258740.3031924,0.00000003,0.000000000001035585,6558909,2019-02-01 16:40:38,btc,0.18159382481264927,0.0,0.00000003,"btc,ltc",3731798.20244636,0.00495552,0.5492446155572493,49
0.0000000000935394,[],4,[],2019-02-01 16:40:38,4380520675.230071,9.35394e-19,3.2289333183e-23,6558910,2019-02-01 16:40:38,ltc,4.994394634658914,0.0,0.00000001,ltc,2175555815.911643,0.0,4.097512756486157e-09,52
0,[],22,[],2019-02-01 16:40:41,0.0,0,0,6558911,2019-02-01 16:40:41,,3693.709799,0.0,0,,259802666.90882352,0.0,0.0,57
0,[],27,[],2019-02-01 16:40:44,0.0,0,0,6558912,2019-02-01 16:40:44,,0.0,0.0,0,"btc,eth",0.0,0.0,0.0,57
0.0000000000935394,[],4,[],2019-02-01 16:40:44,1397169995.7035677,5.612364e-18,1.93735999098e-22,6558913,2019-02-01 16:40:44,ltc,3.3101653415498964,0.0,0.00000006,ltc,1029888584.1318557,0.00062181,6.382393248193786e-09,58
1,[],12,[],2019-02-01 16:40:46,2286355214.282997,0.0000000006,0.000000000000020711699999999998,6558914,2019-02-01 16:40:46,btc,685179811991.9001,0.0,0.0000000006,btc,3196640971.33976,0.0371139938895105,0.8826558834645631,58
0,[],17,[],2019-02-01 16:40:48,0.0,0,0,6558915,2019-02-01 16:40:48,btc,1e+24,0.0,0,btc,41616695.95832568,0.0,0.0,58
0.0000000001240578,[],22,[],2019-02-01 16:40:51,137438.0,1.240578e-18,4.2824132271e-23,6558916,2019-02-01 16:40:51,XMR,69.8835922,0.0,0.00000001,XMR,9887963.0,0.0,0.00137438,58
1,[],5,[],2019-02-01 16:40:53,6.94e-06,0.00000060,0.000000000020711699999999998,6558917,2019-02-01 16:40:53,btc,0.47299353,0.01040285,0.00000060,btc,0.00014642,0.0,0.09168301,61
1,[],22,[],2019-02-01 16:40:56,5111.5,0.00000011,0.000000000003797145,6558918,2019-02-01 16:40:56,BTC,1002.29606732,0.0,0.00000011,BTC,15028.700278135757,0.0,0.00051178,61
1,[],26,[],2019-02-01 16:40:56,0.0,0,0,6558919,2019-02-01 16:40:56,,0.0,0.0,0,,0.0,0.0,0.0,61
0,[],27,[],2019-02-01 16:40:58,0.0,0,0,6558920,2019-02-01 16:40:58,,0.1550356,0.0,0,"btc,eth",155.72848,0.0,0.0,61
1,[],28,[],2019-02-01 16:41:00,6898.304,0.00000130,0.000000000044875349999999995,6558921,2019-02-01 16:41:00,btc,2.064424118300105,785.0,0.00000130,btc,11198.17500005,0.0,0.00218011304,61
1,[],4,[],2019-02-01 16:41:01,1274246.95702747,0.00000176,0.00000000006075432,6558922,2019-02-01 16:41:01,btc,0.493885775574758,0.0,0.00000176,btc,200678.88666899,0.12281073,0.9085473615926299,67
0.0,[],25,[],2019-02-01 16:41:02,0.0,0,0,6558923,2019-02-01 16:41:02,,0.0,0.0,0.0,btc,0.0,0.0,0.0,67
1,[],12,[],2019-02-01 16:41:03,3100764.68300001,0.0000001,0.0000000000034519499999999996,6558924,2019-02-01 16:41:03,btc,16893710.22570976,0.0,0.0000001,btc,2195080.48111885,0.0004951957542466,0.0849994328411122,71
,[],5,[],2018-11-20 23:02:39,1.5e-07,0.00000005,0.000000000002128045,4862160,2018-11-20 23:02:39,btc,2.84511358,0.0,,btc,0.00036572,0.0,0.07381892,74
1,[],5,[],2019-01-25 15:53:51,3.303e-05,0.00000156,0.000000000055588884,6499610,2019-01-25 15:53:51,btc,1.42844212,0.0,0.00000156,btc,0.00015937,0.0,0.49487621,75
0,[],20,[],2019-01-25 09:30:31,0.0,0,0,6495923,2019-01-25 09:30:31,btc,0.0,0.0,0,btc,0.0,0.0,0.0,81
1,[],4,[],2019-02-01 16:41:05,70986551.36292337,0.00000001,0.00000000000034519499999999997,6558925,2019-02-01 16:41:05,btc,0.8204883517247847,0.0,0.00000001,btc,15308970.37745218,0.00299418,0.7098655136292337,81
1,[],4,[],2019-02-01 16:41:10,23725.83103348,0.00007400,0.000000002554443,6558926,2019-02-01 16:41:10,btc,0.9298297668338057,0.0,0.00007400,btc,8531.28952527,0.00229861,0.085157587765405,82
1,[],21,[],2019-02-01 16:41:10,87027.41564405,0.00007519999999999999829112390382,0.0000000025958663999999997,6558927,2019-02-01 16:41:10,btc,3.7087794398059937,2264.21351577,0.000075199999999999998291123903815247331294813193380832672119140625,btc,42165.83490404,0.17298777,4.544879488237177,82
0,[],17,[],2019-02-01 16:41:12,0.0,0,0,6558928,2019-02-01 16:41:12,btc,0.0447233088476774,0.0,0,btc,999127.19588126,0.0,0.0,84
0.0000000000935394,[],4,[],2019-02-01 16:41:14,180088435.23709792,1.3095516e-17,4.52050664562e-22,6558929,2019-02-01 16:41:14,ltc,0.1975418248830668,0.0,0.00000014,ltc,69910341.09266268,0.0,1.2501233866185748e-09,85
,[],22,[],2018-11-20 23:09:34,3408.1,0.0000001,0.0000000000041895,4862324,2018-11-20 23:09:34,BTC,0.04624735,0.0,,BTC,4990.0,0.0,0.00033081,86
0,[],22,[],2019-02-01 16:41:17,0.0,0,0,6558930,2019-02-01 16:41:17,,2.07810912,0.0,0,,154826.94736842104,0.0,0.0,87
0,[],27,[],2019-02-01 16:41:19,0.0,0,0,6558931,2019-02-01 16:41:19,,0.0,0.0,0,btc,0.0,0.0,0.0,87
,[],2,[],2018-11-20 23:10:47,0.0,0,0,4862359,2018-11-20 23:10:47,,0.0,0.0,,,0.0,0.0,0.0,88
1,[],11,[],2019-02-01 16:41:21,106420.59571522,0.000186999999999999991749655148254305458976887166500091552734375,0.000000006455146499999999,6558932,2019-02-01 16:41:21,btc,235.67189880973515,352.8,0.000186999999999999991749655148254305458976887166500091552734375,btc,185046.78116469,0.0,8.256333250903033,89
0,[],2,[],2019-01-20 23:31:45,0.0,0,0,6477083,2019-01-20 23:31:45,,0.0,0.0,0,,0.0,0.0,0.0,91
1,[],12,[],2019-02-01 16:41:22,519041.07891743997,0.00000319999999999999985519395784283602779396460391581058502197265625,0.00000000011046239999999999,6558933,2019-02-01 16:41:22,btc,4.602247923098977,0.0,0.00000319999999999999985519395784283602779396460391581058502197265625,btc,24069.42621534,0.02775828983714,0.1547199270587603,91
0,[],17,[],2019-02-01 16:41:23,0.0,0,0,6558934,2019-02-01 16:41:23,btc,0.0,0.0,0,btc,0.0,0.0,0.0,91
0.0000000000935394,[],22,[],2019-02-01 16:41:27,27704795.57142857,6.547758e-18,2.26025332281e-22,6558935,2019-02-01 16:41:27,LTC,8.48382787,0.0,0.00000007,LTC,73749658.1,3.88856381316e-13,1.42417449,95
0.0000000000935394,[],4,[],2019-02-01 16:41:27,132648333.55904996,9.6345582e-17,3.325801317849e-21,6558936,2019-02-01 16:41:27,ltc,1.3388781118401551,0.0,0.00000103,ltc,67496802.18868108,0.00164711,6.839086150160657e-10,96
1,[],12,[],2019-02-01 16:41:28,335159.0,0.00000001,0.00000000000034519499999999997,6558937,2019-02-01 16:41:28,btc,255063.39983959563,0.0,0.00000001,btc,7838370.33297676,0.00885799,0.00335159,96
0,[],17,[],2019-02-01 16:41:30,0.0,0,0,6558938,2019-02-01 16:41:30,btc,0.0,0.0,0,btc,0.0,0.0,0.0,96
1,[],4,[],2019-01-28 01:29:03,1472892.19429314,0.00000039,0.000000000013841295,6517118,2019-01-28 01:29:03,btc,0.30363706505258,0.0,0.00000039,btc,473598.41813208,0.02260545,0.1322524391209234,99
0,[],2,[],2019-01-20 23:23:55,0.0,0,0,6476914,2019-01-20 23:23:55,,0.0,0.0,0,,0.0,0.0,0.0,100
1,[],4,[],2019-02-01 16:41:31,70716.50411513,0.00005298,0.0000000018288431099999999,6558939,2019-02-01 16:41:31,btc,1.4206640070836627,0.0,0.00005298,btc,21681.54946781,4.2982265,2.4390793460735543,100
1,[],22,[],2019-02-01 16:41:34,50000.0,0.00000001,0.00000000000034519499999999997,6558940,2019-02-01 16:41:34,BTC,23.50383609,0.0,0.00000001,BTC,11277.22,0.0,0.0005,101
1,[],4,[],2019-02-01 16:41:35,139799.02931934,0.00000086,0.00000000002968677,6558941,2019-02-01 16:41:35,btc,0.3975397698266138,0.0,0.00000086,btc,148136.15880692,0.00961657,0.0650294044839705,103
1,[],12,[],2019-02-01 16:41:38,75552139.976,0.000000015,0.0000000000005177925,6558942,2019-02-01 16:41:38,btc,9138279101.83965,0.0,0.000000015,btc,145406850.5568626,0.14291914376108167,0.44694266264,105
1,[],27,[],2019-02-01 16:41:40,16282.89,0.00000001,0.00000000000034519499999999997,6558943,2019-02-01 16:41:40,btc,0.6918890613760939,0.0,0.00000001,btc,652681.93781977,0.0,0.0001628289,105
0,[],22,[],2019-02-01 16:41:43,0.0,0,0,6558944,2019-02-01 16:41:43,,1.07253299,0.0,0,,94300.0,0.0,0.0,107
1,[],26,[],2019-02-01 16:41:43,0.0,0,0,6558945,2019-02-01 16:41:43,,0.0,0.0,0,,0.0,0.0,0.0,107
1,[],5,[],2019-02-01 16:41:45,1e-08,0.00000001,0.00000000000034519499999999997,6558946,2019-02-01 16:41:45,btc,3.16090833,0.09693151,0.00000001,btc,1.512e-05,0.0,0.06639412,112
1,[],22,[],2019-02-01 16:41:48,1966.0,0.00000001,0.00000000000034519499999999997,6558947,2019-02-01 16:41:48,BTC,2.84243449,0.0,0.00000001,BTC,977103.5833333334,0.0,1.966e-05,112
0.0000000003077507,[],27,[],2019-02-01 16:41:51,500000.0,3.077507e-18,1.062340028865e-22,6558948,2019-02-01 16:41:51,eth,1.25356065,0.0,0.00000001,"btc,eth",1328.0,0.0,1.5387535e-12,112
1,[],4,[],2019-02-01 16:41:52,466036.9648896,0.00000376,0.00000000012979332,6558949,2019-02-01 16:41:52,btc,0.4959048320444969,0.0,0.00000376,btc,91019.71971647,0.08764907,0.2403599338704705,113
1,[],5,[],2019-02-01 16:41:53,2.707e-05,0.00000366,0.00000000012634137,6558950,2019-02-01 16:41:53,btc,2.14780284,0.0021892,0.00000366,btc,0.00294935,0.0,0.2020857,113
1,[],17,[],2019-02-01 16:41:54,212548.72400000002,0.00000004,0.0000000000013807799999999999,6558951,2019-02-01 16:41:54,btc,1.3368030274028628,0.00083281104,0.00000004,btc,51896.221,0.0,0.00460194896,116
0,[],27,[],2019-02-01 16:41:56,0.0,0,0,6558952,2019-02-01 16:41:56,,0.0,0.0,0,btc,0.0,0.0,0.0,116
1,[],4,[],2019-02-01 16:41:57,16534.33749916,0.00001860,0.0000000006420627,6558953,2019-02-01 16:41:57,btc,0.0837983718463103,0.0,0.00001860,btc,3833.74654933,0.08734441,0.2452723710221057,120
1,[],7,[],2019-02-01 16:41:58,2213.74584175,0.00001805000000000000167136270101675421528852893970906734466552734375,0.0000000006230769750000001,6558954,2019-02-01 16:41:58,btc,90.07841844037294,0.0,0.00001805000000000000167136270101675421528852893970906734466552734375,btc,22384.75278941,0.0,0.0213367730101485,120
1,[],20,[],2019-02-01 15:44:12,1607251.0096,0.000000013,0.0000000000004493333,6558752,2019-02-01 15:44:12,btc,33.7489478021123,0.0,0.000000013,btc,1074645.1507,0.0,0.0088351098642,125
1,[],22,[],2019-02-01 16:42:06,3053.0,0.00000001,0.00000000000034519499999999997,6558955,2019-02-01 16:42:06,BTC,0.01444889,0.0,0.00000001,BTC,296264.5111111111,0.0,3.053e-05,126
0,[],2,[],2019-01-20 23:25:46,0.0,0,0,6476969,2019-01-20 23:25:46,,0.0,0.0,0,,0.0,0.0,0.0,131
1,[],4,[],2019-02-01 16:42:07,101892.99436433,0.00001495,0.000000000516066525,6558956,2019-02-01 16:42:07,btc,0.578933374374815,0.0,0.00001495,btc,29603.25223108,0.34398154,0.7371161883502144,131
0,[],17,[],2019-02-01 16:42:09,0.0,0,0,6558957,2019-02-01 16:42:09,btc,0.0008451375975800001,0.0,0,btc,30.89614684,0.0,0.0,131
1,[],4,[],2019-02-01 16:42:09,4632.71478776,0.00016003,0.000000005524155585,6558958,2019-02-01 16:42:09,btc,1.6404621788226779,0.0,0.00016003,btc,302.35845559,0.00040005,0.0147573233398531,135
1,[],3,[],2019-02-01 16:42:10,1834356.22518509,0.00000008,0.0000000000027615599999999998,6558959,2019-02-01 16:42:10,btc,0.1687631801148474,5650.22777779,0.00000008,btc,401175.11296991,0.0,0.065305707337035,136
1,[],4,[],2019-02-01 16:42:11,107246.21499976,0.00000207,0.000000000071455365,6558960,2019-02-01 16:42:11,btc,0.4605001589037357,0.0,0.00000207,btc,172916.65536857,0.17182935,0.1578099034751849,137
1,[],12,[],2019-02-01 16:42:12,310500.65748091,0.000002120000000000000031120939159023919273749925196170806884765625,0.00000000007318134,6558961,2019-02-01 16:42:12,btc,11982.84632343071,0.0,0.000002120000000000000031120939159023919273749925196170806884765625,btc,125343.53903814,0.1458016431018231,0.055788750034646804,137
1,[],5,[],2019-02-01 16:42:15,0.00120483,0.00003726,0.00000000128619657,6558962,2019-02-01 16:42:15,btc,6.71929656,3.18927471,0.00003726,btc,0.00434721,0.0,1.33157152,142
1,[],17,[],2019-02-01 16:42:16,12500.0,0.0000001,0.0000000000034519499999999996,6558963,2019-02-01 16:42:16,btc,20.260986025842822,0.0,0.0000001,btc,5932.0,0.0,0.00125,142
1,[],20,[],2019-02-01 16:42:23,149762.3928,0.000031024,0.000000001070932968,6558964,2019-02-01 16:42:23,btc,2.8042903962253,5.0,0.000031024,btc,12101.5227,0.000206695,0.2501788735361,142
1,[],22,[],2019-02-01 16:42:26,990.0,0.00001880,0.0000000006489665999999999,6558965,2019-02-01 16:42:26,BTC,3.00453575,0.0,0.00001880,BTC,900.098,0.0,0.00022106,142
0.0,[],25,[],2019-02-01 16:42:27,0.0,0,0,6558966,2019-02-01 16:42:27,,0.0,0.0,0.0,btc,0.0,0.0,0.0,142
1,[],28,[],2019-02-01 16:42:32,78610.0,0.00002500,0.0000000008629875,6558967,2019-02-01 16:42:32,btc,0.03619767585,1053.0,0.00002500,btc,722.8325,0.0,0.0293237,142
0,[],22,[],2019-01-28 18:33:43,0.0,0,0,6521842,2019-01-28 18:33:43,,61.27958297,0.0,0,,815366265.8,0.0,0.0,143
1,[],21,[],2019-02-01 16:42:33,34366749.35957218,0.00000027,0.000000000009320265,6558968,2019-02-01 16:42:33,btc,52.59677923785334,3882137.13238285,0.00000027,btc,90531722.52866592,1.06584728,4.898642352560719,145
0,[],22,[],2019-02-01 16:42:36,0.0,0,0,6558969,2019-02-01 16:42:36,,4.31833784,0.0,0,,1417838.5,0.0,0.0,146
,[],22,[],2018-11-20 23:01:11,0.0,0,0,4862114,2018-11-20 23:01:11,,2.56807021,0.0,,,61828.4988236,0.0,0.0,147
1,[],12,[],2019-02-01 16:42:37,8692338.32669323,0.00000312000000000000019762728779848526272644448908977210521697998046875,0.00000000010770084000000001,6558970,2019-02-01 16:42:37,btc,16.56789411166976,0.0,0.00000312000000000000019762728779848526272644448908977210521697998046875,btc,112830.83189148,0.0,0.1269873000000073,148
1,[],4,[],2019-02-01 16:42:38,209200.19053155,0.00000027,0.000000000009320265,6558971,2019-02-01 16:42:38,btc,0.6885780088270091,0.0,0.00000027,btc,503150.08636268,0.00026329,0.0421574566747385,152
0,[],22,[],2019-02-01 16:42:41,0.0,0,0,6558972,2019-02-01 16:42:41,,0.0,0.0,0,,0.0,0.0,0.0,152
1,[],5,[],2019-02-01 16:42:43,0.0,0,0,6558973,2019-02-01 16:42:43,btc,4.41264381,0.0,0,btc,0.00161275,0.0,0.0,153
,[],16,[],2019-01-11 15:38:59,0.0,0,0,6366141,2019-01-11 15:38:59,btc,0.0,0.0,,btc,0.0,0.0,0.0,155
0,[],23,[],2019-01-20 23:24:29,0.0,0,0,6476932,2019-01-20 23:24:29,,0.0,0.0,0,,0.0,0.0,0.0,156
0,[],22,[],2019-02-01 16:42:47,0.0,0,0,6558974,2019-02-01 16:42:47,,6.73310957,0.0,0,,4562882.742592593,0.0,0.0,156
1,[],22,[],2019-02-01 16:42:51,7906.0,0.00000801,0.00000000027650119499999997,6558975,2019-02-01 16:42:51,BTC,43.78801181,0.0,0.00000801,BTC,1067.5805334758436,0.0,0.00743836,157
0,[],22,[],2019-02-01 16:42:54,0.0,0,0,6558976,2019-02-01 16:42:54,,50175.6753658,0.0,0,,54007107.04179466,0.0,0.0,158
,[],17,[],2018-11-20 22:56:10,0.0,0,0,4861976,2018-11-20 22:56:10,btc,1.1265625,0.0,,btc,1000.0,0.0,0.0,159
,[],20,[],2018-11-20 22:56:12,0.0,0,0,4861977,2018-11-20 22:56:12,btc,11912.7940471,0.0,,btc,34413894.3617,0.0,0.0,159
1,[],12,[],2019-02-01 16:42:56,189492.14111432,0.000008169999999999999704407456502242013129944098182022571563720703125,0.00000000028202431499999996,6558977,2019-02-01 16:42:56,btc,6.689015501137394,0.0,0.000008169999999999999704407456502242013129944098182022571563720703125,btc,14914.0499096,0.0047416425,0.0903399130000039,168
1,[],17,[],2019-02-01 16:42:57,29784.95,0.000001,0.000000000034519499999999996,6558978,2019-02-01 16:42:57,btc,0.0353989844335,0.0,0.000001,btc,196.82520268,0.0,0.00716147,168
0,[],22,[],2019-02-01 16:43:01,0.0,0,0,6558979,2019-02-01 16:43:01,,1.13380276,0.0,0,,689102.5537281231,0.0,0.0,169
1,[],22,[],2019-02-01 16:43:05,74717.8,0.0000004,0.0000000000138078,6558980,2019-02-01 16:43:05,BTC,10.2178679,0.0,0.0000004,BTC,51847.24849195187,0.00640805,0.01342314,171
1,[],22,[],2019-02-01 16:43:09,158599.0,0.0000001,0.00000000000345195,6558981,2019-02-01 16:43:09,BTC,2.61906591,0.0,0.0000001,BTC,242507.5674200973,0.00263444,0.00769999,173
1,[],5,[],2019-02-01 16:43:10,4.4e-05,0.00000390,0.00000000013462604999999999,6558982,2019-02-01 16:43:10,btc,0.42063778,0.01110157,0.00000390,btc,0.00034314,0.0,0.69827272,175
1,[],22,[],2019-02-01 16:43:15,142554.25714285715,0.00000037,0.000000000012772214999999999,6558983,2019-02-01 16:43:15,BTC,0.6250375,0.0,0.00000037,BTC,161012.17417750834,0.00517251,0.01517392,176
1,[],7,[],2019-02-01 16:43:16,0.0,0,0,6558984,2019-02-01 16:43:16,btc,10965.659150693702,1118.88111887,0,btc,122977465.68292761,1.119e-05,0.0,178
0,[],22,[],2019-02-01 16:43:19,0.0,0,0,6558985,2019-02-01 16:43:19,,1.00242428,0.0,0,,57512.0,0.0,0.0,178
0,[],2,[],2019-01-20 23:28:34,0.0,0,0,6477001,2019-01-20 23:28:34,,0.0,0.0,0,,0.0,0.0,0.0,178
1,[],5,[],2019-02-01 16:43:20,6e-08,0.00000003,0.000000000001035585,6558986,2019-02-01 16:43:20,btc,16.8402707,0.20251841,0.00000003,btc,2.285e-05,0.0,1.38861659,179
1,[],22,[],2019-02-01 16:43:25,7842183.0,0.00000003,0.000000000001035585,6558987,2019-02-01 16:43:25,BTC,5.47650498,0.0,0.00000003,"BTC,LTC",17037933.401989967,0.00017,0.38978517,179
0,[],23,[],2019-01-20 23:25:08,0.0,0,0,6476952,2019-01-20 23:25:08,,0.0,0.0,0,,0.0,0.0,0.0,179
1,[],17,[],2019-02-01 16:43:27,10504.725,0.0000001,0.0000000000034519499999999996,6558988,2019-02-01 16:43:27,btc,5.206877489877109,0.0,0.0000001,btc,7465.6174587,0.0,0.0010504725,180
1,[],22,[],2019-02-01 16:43:32,8515.4,0.0000001,0.00000000000345195,6558989,2019-02-01 16:43:32,BTC,0.09634697,0.0,0.0000001,"BTC,LTC",16836.80336569223,0.0,0.00085154,180
1,[],26,[],2019-02-01 16:43:32,0.0,0,0,6558990,2019-02-01 16:43:32,,0.0,0.0,0,,0.0,0.0,0.0,180
,[],7,[],2018-11-20 22:58:01,562227.975654,0.00000085,0.000000000036176765,4862015,2018-11-20 22:58:01,btc,21836.6059674,2491.87645172,,btc,749999.041456,0.00211021,0.127565380455,183
1,[],24,[],2019-02-01 16:43:33,0.0,0.000000000001,3.45195e-17,6558991,2019-02-01 16:43:33,btc,0.0,0.0,0.000000000001,btc,0.0,0.0,0.0,187
,[],5,[],2019-01-10 08:11:41,0.0,0,0,6347036,2019-01-10 08:11:41,btc,82.15055501,0.00261,,btc,1.19002445,0.0,0.0,187
,[],17,[],2018-11-16 20:58:10,4062536.27273,0.00000001,0.000000000000550501,4708775,2018-11-16 20:58:10,btc,3.36492563466,0.195460381006,,"btc,eth",110697919.549,0.0,0.0157628953496,187
0,[],22,[],2019-02-01 16:43:36,0.0,0,0,6558992,2019-02-01 16:43:36,,1.19382741,0.0,0,,13380.036201072173,0.0,0.0,191
0,[],22,[],2019-01-29 02:57:02,0.0,0,0,6524994,2019-01-29 02:57:02,,0.0,0.0,0,,0.0,0.0,0.0,197
1,[],26,[],2019-02-01 16:43:36,0.0,0,0,6558993,2019-02-01 16:43:36,,0.0,0.0,0,,0.0,0.0,0.0,199
0,[],23,[],2019-01-20 23:31:41,0.0,0,0,6477079,2019-01-20 23:31:41,,0.0,0.0,0,,0.0,0.0,0.0,199
0,[],17,[],2019-01-30 16:32:01,0.0,0,0,6540827,2019-01-30 16:32:01,btc,6.802544163788159,0.0,0,btc,105897.55575295,0.0,0.0,200
0,[],2,[],2019-01-20 23:30:49,0.0,0,0,6477059,2019-01-20 23:30:49,,0.0,0.0,0,,0.0,0.0,0.0,201
1,[],4,[],2019-01-25 15:51:35,2084389.58565343,0.00000936,0.000000000333526752,6499557,2019-01-25 15:51:35,btc,2.0092503037378524,0.0,0.00000936,btc,160195.80207885,0.19272417,1.242687955921835,211
1,[],7,[],2019-02-01 16:43:40,19977214.24117773,0.000001340000000000000087593235616190145975679115508683025836944580078125,0.00000000004625613,6558994,2019-02-01 16:43:40,btc,16567796.278855683,1492592.63949,0.000001340000000000000087593235616190145975679115508683025836944580078125,btc,13764538.863085391,0.0,6.1562025250343915,212
1,[],5,[],2019-02-01 16:43:42,5.94e-06,0.00000039,0.000000000013462605,6558995,2019-02-01 16:43:42,btc,1.01634353,0.20649867,0.00000039,btc,3.432e-05,0.0,0.29663221,213
1,[],24,[],2019-02-01 16:43:42,0.0,0.000000050000,0.000000000001725975,6558996,2019-02-01 16:43:42,btc,0.0,0.0,0.000000050000,btc,0.0,0.0,0.0,213
1,[],26,[],2019-02-01 16:43:42,0.0,0,0,6558997,2019-02-01 16:43:42,,0.0,0.0,0,,0.0,0.0,0.0,213
1,[],12,[],2019-01-25 02:44:32,207462.42853209,0.000001080000000000000035831255497387193287295303889550268650054931640625,0.000000000038610756000000006,6493050,2019-01-25 02:44:32,btc,85023.03793723314,0.0,0.000001080000000000000035831255497387193287295303889550268650054931640625,btc,43675.73520027,0.000146250909087,0.0348620860622024,213
1,[],22,[],2019-02-01 16:43:46,276400.0,0.00000002,0.0000000000006903899999999999,6558998,2019-02-01 16:43:46,BTC,70.20243801,0.0,0.00000002,BTC,241693.63137942314,0.00116487,0.004714,216
1,[],27,[],2019-02-01 16:43:49,5094545.0,0.0000001,0.00000000000345195,6558999,2019-02-01 16:43:49,btc,313.97459420316,500.0,0.0000001,"btc,ltc",267019.13411,0.000215,0.0537135,216
1,[],22,[],2019-02-01 16:45:50,328988.5301038225,0.00000277,0.000000000095619015,6559000,2019-02-01 16:45:50,BTC,12677.72883777,0.0,0.00000277,BTC,437722.452992478,0.02872576,0.52904073,217
1,[],7,[],2019-02-01 16:45:52,0.0,0,0,6559001,2019-02-01 16:45:52,btc,302.57931663911063,0.0,0,btc,134740320.6214003,0.0,0.0,219
0,[],27,[],2019-02-01 16:45:55,0.0,0,0,6559002,2019-02-01 16:45:55,,0.0741038339680918,0.0,0,btc,1542429.2070951,0.0,0.0,219
0.0000000000000055,[],28,[],2019-02-01 16:45:57,205527104.412,5.500055e-18,1.898591485725e-22,6559003,2019-02-01 16:45:57,doge,88554.0318717675,114242.0,0.00100001,"btc,doge",4969437.84751,0.0,3.062683916288942e-11,219
1,[],22,[],2019-02-01 16:46:01,202618.0,0.00000055,0.000000000018985724999999998,6559004,2019-02-01 16:46:01,BTC,2.39211741,0.0,0.00000055,BTC,33805.55212317522,0.0,0.02032573,221
1,[],24,[],2019-02-01 16:46:01,0.0,0.000000100000,0.00000000000345195,6559005,2019-02-01 16:46:01,btc,0.0,435.83775,0.000000100000,btc,0.0,0.00021792,0.0,221
1,[],26,[],2019-02-01 16:46:02,0.0,0,0,6559006,2019-02-01 16:46:02,,0.0,0.0,0,,0.0,0.0,0.0,231
1,[],26,[],2019-02-01 16:46:03,0.0,0,0,6559007,2019-02-01 16:46:03,,0.0,0.0,0,,0.0,0.0,0.0,234
0,[],27,[],2019-02-01 16:46:05,0.0,0,0,6559008,2019-02-01 16:46:05,,0.0113483662182,0.0,0,"btc,eth",11462.99618,0.0,0.0,234
0.0000000000935394,[],22,[],2019-02-01 16:46:11,8720000.0,9.35394e-19,3.2289333183e-23,6559009,2019-02-01 16:46:11,LTC,3.63435837,0.0,0.00000001,LTC,98030044.01551227,4.807659508104e-12,0.0872,235
1,[],4,[],2019-02-01 16:46:11,730695.21163852,0.00000073,0.000000000025199235,6559010,2019-02-01 16:46:11,btc,0.1467099388451419,0.0,0.00000073,btc,132378.54687832,0.04227198,0.1622931419383078,236
1,[],24,[],2019-02-01 16:46:11,0.0,0.000000010000,0.00000000000034519499999999997,6559011,2019-02-01 16:46:11,btc,0.0,0.0,0.000000010000,btc,0.0,0.0,0.0,236
1,[],20,[],2019-02-01 16:46:20,12112599.4058,0.00000006,0.00000000000207117,6559012,2019-02-01 16:46:20,btc,14.4764685184006,28278993.3257,0.00000006,btc,26387960.4489,1.8208603116324,0.3549105967232,237
1,[],22,[],2019-02-01 16:46:24,10000.0,0.00000001,0.00000000000034519499999999997,6559013,2019-02-01 16:46:24,BTC,0.04144357,0.0,0.00000001,BTC,10254.2,0.0,0.0001,237
1,[],4,[],2019-02-01 16:46:24,3634470.3238257,0.00000033,0.000000000011391435,6559014,2019-02-01 16:46:24,btc,0.3680138089046703,0.0,0.00000033,btc,1031374.43955009,0.26399713,1.0929329252845756,238
1,[],5,[],2019-02-01 16:46:26,4.29e-06,0.00000033,0.000000000011391435,6559015,2019-02-01 16:46:26,btc,0.81875342,0.00055835,0.00000033,btc,2.957e-05,0.0,0.3723472,238
1,[],22,[],2019-02-01 16:46:30,257468.0,0.00000004,0.0000000000013807799999999999,6559016,2019-02-01 16:46:30,BTC,15.4127443,0.0,0.00000004,BTC,271810.8139027493,9.219e-05,0.00829884,249
0.0000000000935394,[],22,[],2019-02-01 16:46:34,4179658.0,3.741576e-18,1.29157332732e-22,6559017,2019-02-01 16:46:34,LTC,0.79081183,0.0,0.00000004,LTC,14263728.815,4.427057978838e-12,0.12455864,252
1,[],28,[],2019-02-01 16:46:37,2289298.428,0.00000008,0.0000000000027615599999999998,6559018,2019-02-01 16:46:37,btc,164692.29364341125,107914.24,0.00000008,btc,796648.6695,0.0,0.07612174624,256
1,[],22,[],2019-02-01 16:46:42,106973.57142857143,0.00000008,0.0000000000027615599999999998,6559019,2019-02-01 16:46:42,BTC,35605.56349731,0.0,0.00000008,BTC,499357.43279209774,0.00040338,0.00334707,258
1,[],22,[],2019-01-26 20:58:41,368451.0,0.00000001,0.000000000000356135,6510120,2019-01-26 20:58:41,BTC,2.642917,0.0,0.00000001,"BTC,LTC",1862.0,0.0,0.02488451,259
1,[],22,[],2019-02-01 16:46:46,2299.8434677419355,0.00000800,0.00000000027615599999999997,6559020,2019-02-01 16:46:46,BTC,4.68960145,0.0,0.00000800,BTC,6366.988399675977,4.234e-05,0.01602867,262
1,[],5,[],2019-02-01 16:46:47,6.446e-05,0.00000380,0.00000000013117409999999999,6559021,2019-02-01 16:46:47,btc,1.30303743,0.55010852,0.00000380,btc,0.00111619,0.0,0.26417991,264
1,[],20,[],2019-02-01 15:51:31,1180386.1689,0.0000035,0.00000000012097435,6558819,2019-02-01 15:51:31,btc,5.1014545701944,20016.0679,0.0000035,btc,104220.0594,0.0874463182358,0.0522413530228,264
1,[],22,[],2019-02-01 16:46:52,143431.0,0.00000002,0.0000000000006903899999999999,6559022,2019-02-01 16:46:52,BTC,8.65643669,0.0,0.00000002,BTC,330779.0934647885,4.4e-06,0.00237099,271
0,[],22,[],2019-02-01 16:46:55,0.0,0,0,6559023,2019-02-01 16:46:55,,365.48564614,0.0,0,,14203859303.9,0.0,0.0,272
0.0000000000000055,[],28,[],2019-02-01 16:47:00,211924714199.014,7.59e-21,2.6200300500000003e-25,6559024,2019-02-01 16:47:00,doge,75059632.15304373,16841424712.91,0.00000138,doge,176259117306.662,0.0,6.937428093305708e-10,272
