pairValue,buyBook,exchangeId,sellBook,updated,buyTotal,satoshiPrice,usdPrice,exchangeLogId,created,bestPair,sellTotalBtc,volume,pairPrice,activePairs,sellTotal,volumeBtc,buyTotalBtc,coinId
1,[],3,[],2019-07-12 20:15:32,32914.34666528382,0.007800050000000000212374562380546194617636501789093017578125,0.000000907606797955,7809898,2019-07-12 20:15:32,btc,10.638898133031931,47.4948838911,0.007800050000000000212374562380546194617636501789093017578125,btc,31.187942778298,0.0,0.19357610150689386,1
1,[],4,[],2019-07-12 20:15:33,672628.74704549,0.00800662,0.000000931643097242,7809899,2019-07-12 20:15:33,btc,11.224326223747733,0.0,0.00800662,btc,483.17860382,0.58157512,0.7694534661919885,1
1,[],10,[],2019-07-12 20:15:36,251430.97158712,0.00255788,0.00000029763261470799996,7809900,2019-07-12 20:15:36,btc,6515.437330420594,1845.95871721,0.00255788,btc,2046.98894837,0.0,1.253373688598438,1
1,[],12,[],2019-07-12 20:15:38,123.87985808,0.008109999999999999154010055235630716197192668914794921875,0.000000943672301,7809901,2019-07-12 20:15:38,btc,0.6280390393708,0.0,0.008109999999999999154010055235630716197192668914794921875,btc,25.76045218,1.895118002195,0.2878201891406,1
1,[],20,[],2019-07-12 20:15:40,924.2537,0.007599359,0.0000008842545738169,7809902,2019-07-12 20:15:40,btc,0.2206358513696,0.7148,0.007599359,btc,19.2847,0.0063545144192,0.112734793021,1
1,[],21,[],2019-07-12 20:15:41,4175.01397616,0.008145519999999999843920406306,0.000000947805376232,7809903,2019-07-12 20:15:41,btc,11.021164806648594,6795.24210842,0.0081455199999999998439204063060969929210841655731201171875,"btc,eth",1646.86744701,49.51921203767439,28.994867668549517,1
1,[],22,[],2019-07-12 20:15:45,1.1199,0.00200000,0.0000002327182,7809904,2019-07-12 20:15:45,BTC,0.01745874,0.0,0.00200000,BTC,0.3250713944909389,0.0,0.00197189,1
1,[],24,[],2019-07-12 20:15:46,0.0,0.000000000000,0,7809905,2019-07-12 20:15:46,btc,0.0,0.0,0.000000000000,btc,0.0,0.0,0.0,1
0.0,[],25,[],2019-07-12 20:15:46,0.0,0,0,7809906,2019-07-12 20:15:46,btc,19.377099999231685,2523.02308689,0.0,btc,2294.64888036,20.119,0.0,1
1,[],26,[],2019-07-12 20:15:48,0.0,0,0,7809907,2019-07-12 20:15:48,,0.0,0.0,0,,0.0,0.0,0.0,1
1,[],28,[],2019-07-12 20:16:00,1041.924,0.00812000,0.000000944835892,7809908,2019-07-12 20:16:00,btc,0.367095746,117318.75,0.00812000,btc,23.2792,0.0,0.284131296,1
1,[],5,[],2019-07-06 00:27:44,0.0,0,0,7800775,2019-07-06 00:27:44,btc,0.0,0.00190933,0,btc,0.0,0.0,0.0,1
0,[],2,[],2019-01-20 23:28:45,0.0,0,0,6477011,2019-01-20 23:28:45,,0.0,0.0,0,,0.0,0.0,0.0,1
1,[],22,[],2019-07-12 20:16:05,11550.3,0.0000002,0.00000000002327182,7809909,2019-07-12 20:16:05,BTC,21.00878619,0.0,0.0000002,"BTC,XMR",19931.59287795317,0.0,0.00143681,2
1,[],5,[],2019-07-06 00:28:14,0.0,0,0,7800785,2019-07-06 00:28:14,btc,0.0,0.00208797,0,btc,0.0,0.0,0.0,2
1,[],12,[],2019-07-12 20:16:07,3542830.0,0.000000064,0.0000000000074469824,7809910,2019-07-12 20:16:07,btc,6946.531243142868,0.0,0.000000064,btc,7081038.5182206,0.048923288875,0.139287613,3
0,[],28,[],2019-07-12 20:16:08,0.0,0,0,7809911,2019-07-12 20:16:08,,0.0,0.0,0,,0.0,0.0,0.0,3
1,[],5,[],2019-06-03 14:48:58,0.0,0,0,7731126,2019-06-03 14:48:58,btc,0.0,0.05905545,0,btc,0.0,0.0,0.0,3
0,[],2,[],2019-01-20 23:31:32,0.0,0,0,6477077,2019-01-20 23:31:32,,0.0,0.0,0,,0.0,0.0,0.0,4
1,[],4,[],2019-07-12 20:16:09,4539063.6443914,0.00000001,0.000000000001163591,7809912,2019-07-12 20:16:09,btc,51.8706876198384,0.0,0.00000001,btc,1246572.57573822,0.0,0.045390636443914,4
0,[],12,[],2019-07-10 21:32:46,0.0,0,0,7800866,2019-07-10 21:32:46,btc,641.7517620215584,0.0,0,btc,1208658.0779220702,0.0,0.0,5
0,[],2,[],2019-01-20 23:31:51,0.0,0,0,6477087,2019-01-20 23:31:51,,0.0,0.0,0,,0.0,0.0,0.0,6
1,[],11,[],2019-07-12 20:16:10,2366887.67673599,0.00000001,0.000000000001163591,7809913,2019-07-12 20:16:10,btc,9583.559985070251,431064.0,0.00000001,btc,78445686.80704153,0.0,0.0236688767673599,6
1,[],3,[],2019-07-12 20:16:11,11639.881416332139,0.00010720000000000000361932706027801032178103923797607421875,0.00000001247369552,7809914,2019-07-12 20:16:11,btc,1026.2908080162692,804.919824277,0.00010720000000000000361932706027801032178103923797607421875,btc,316.398995081607,0.0,0.035006076771744686,7
1,[],4,[],2019-07-12 20:16:12,352192.40131599,0.00010696,0.000000012445769336,7809915,2019-07-12 20:16:12,btc,11.85509360119543,0.0,0.00010696,btc,61715.90570273,5.9401785,5.605822995815226,7
1,[],5,[],2019-07-06 00:28:21,0.0,0,0,7800789,2019-07-06 00:28:21,btc,0.0,0.38662001,0,btc,0.0,0.0,0.0,7
1,[],20,[],2019-04-07 22:06:50,3201475.0482,0.000000001,0.000000000000051590000000000004,7213932,2019-04-07 22:06:50,btc,30.8005781811902,0.0,0.000000001,btc,23077405.3926,0.0,0.0032014750482,8
0,[],2,[],2019-01-20 23:22:42,0.0,0,0,6476876,2019-01-20 23:22:42,,0.0,0.0,0,,0.0,0.0,0.0,9
0,[],23,[],2019-01-20 23:22:48,0.0,0,0,6476878,2019-01-20 23:22:48,,0.0,0.0,0,,0.0,0.0,0.0,9
1,[],4,[],2019-07-12 20:16:14,2268643.00138971,0.00000048,0.000000000055852368,7809916,2019-07-12 20:16:14,btc,2.5480782775865207,0.0,0.00000048,btc,2441608.10808969,0.21799926,0.4563690605834289,9
1,[],28,[],2019-07-12 20:16:26,130043.809,0.00000042,0.000000000048870822,7809917,2019-07-12 20:16:26,btc,2708.8079665951,372755.0,0.00000042,btc,80805.367,0.0,0.03020157978,9
1,[],1,[],2019-02-17 23:31:42,1822507.21,0.00000181000000000000003456111265232042484285557293333113193511962890625,0.000000000066086901,6701244,2019-02-17 23:31:42,btc,3.6990969245,17153386.5,0.00000181000000000000003456111265232042484285557293333113193511962890625,btc,1997391.71,31.11772986,3.2610482446,9
1,[],4,[],2019-02-17 11:22:43,4341674.27126056,0.00000002,0.0000000000007272960000000001,6696112,2019-02-17 11:22:43,btc,0.1997230937751353,0.0,0.00000002,btc,4109766.79808031,0.00215132,0.0479381022052112,10
1,[],5,[],2019-07-05 17:50:59,0.0,0,0,7799863,2019-07-05 17:50:59,btc,0.0,0.04857279,0,btc,0.0,0.0,0.0,12
0,[],2,[],2019-01-20 23:23:08,0.0,0,0,6476890,2019-01-20 23:23:08,,0.0,0.0,0,,0.0,0.0,0.0,12
1,[],4,[],2019-07-12 20:16:27,27034092.0759605,0.00000028,0.000000000032580548,7809918,2019-07-12 20:16:27,btc,7.661417256413395,0.0,0.00000028,btc,8421333.54606263,1.82905091,2.376884574186747,12
0.0,[],25,[],2019-07-12 20:16:29,0.0,0,0,7809919,2019-07-12 20:16:29,,0.0,0.0,0.0,btc,0.0,0.0,0.0,12
1,[],4,[],2019-07-12 20:16:30,642198.69503257,0.00000206,0.000000000239699746,7809920,2019-07-12 20:16:30,btc,1.820662499048895,0.0,0.00000206,btc,375387.81306936,0.08208519,0.3840078354862643,13
1,[],10,[],2019-07-12 20:16:32,660905.84113127,0.00000193,0.00000000022457306300000002,7809921,2019-07-12 20:16:32,btc,666797.9760019367,10292.4762028,0.00000193,btc,1052732.42826386,0.0,0.107107968847451,13
1,[],21,[],2019-07-12 20:16:34,10848914.96887848,0.000002030000000000000045781520935,0.000000000236208973,7809922,2019-07-12 20:16:34,btc,4.044616050836609,1300360.57138632,0.0000020300000000000000457815209353729102303987019695341587066650390625,btc,1557356.17034206,2.76488066,6.797188224274493,13
1,[],4,[],2019-07-12 20:16:35,1115550.27935863,0.00000053,0.000000000061670323,7809923,2019-07-12 20:16:35,btc,13.453041873959451,0.0,0.00000053,btc,960335.37302033,0.00444834,0.1234999706306463,14
1,[],12,[],2019-07-12 20:16:36,243110.89355321,0.00000045,0.000000000052361595,7809924,2019-07-12 20:16:36,btc,186.98649348181533,0.0,0.00000045,btc,42390.72168145,2.1130588e-05,0.0164114399999969,14
1,[],26,[],2019-07-12 20:18:36,0.0,0.00000050,0.00000000005817955,7809925,2019-07-12 20:18:36,btc,0.0,0.0,0.00000050,btc,0.0,0.0,0.0,14
0,[],17,[],2019-05-03 00:53:32,0.0,0,0,7558876,2019-05-03 00:53:32,btc,0.0,0.0,0,btc,0.0,0.0,0.0,14
0,[],4,[],2019-07-12 20:18:38,0.0,0,0,7809926,2019-07-12 20:18:38,,0.0,0.0,0,,0.0,0.0,0.0,15
,[],12,[],2018-12-01 15:15:48,204241.84496,0.00000489,0.000000000202473384,5260204,2018-12-01 15:15:48,btc,49.5475654835,0.0,,btc,35763.2193806,0.0163153972027625,0.0203389899998,15
0,[],2,[],2019-01-20 23:23:38,0.0,0,0,6476906,2019-01-20 23:23:38,,0.0,0.0,0,,0.0,0.0,0.0,18
1,[],4,[],2019-07-12 20:18:39,32548.10280228,0.00000833,0.000000000969271303,7809927,2019-07-12 20:18:39,btc,2.394146721872915,0.0,0.00000833,btc,18987.51315767,0.0211852,0.0543022327339018,18
1,[],10,[],2019-07-12 20:18:41,388198.18783342,0.00000802,0.0000000009331999819999998,7809928,2019-07-12 20:18:41,btc,15.058004758895335,3032.04928405,0.00000802,btc,18503.50866616,0.0,0.1857792673722687,18
1,[],12,[],2019-07-12 20:18:42,3178.79013123,0.00000672000000000000003472049037167579399465466849505901336669921875,0.000000000781933152,7809929,2019-07-12 20:18:42,btc,0.529156050195669,0.0,0.00000672000000000000003472049037167579399465466849505901336669921875,btc,2051.07248252,2.01e-07,0.0048264990279389,18
0,[],17,[],2019-05-03 00:53:39,0.0,0,0,7558882,2019-05-03 00:53:39,btc,0.0,0.0,0,btc,0.0,0.0,0.0,18
0,[],2,[],2019-01-20 23:24:19,0.0,0,0,6476924,2019-01-20 23:24:19,,0.0,0.0,0,,0.0,0.0,0.0,19
1,[],3,[],2019-07-12 20:20:43,161333.842776992,0.000007940000000000000212447247294189622834892361424863338470458984375,0.0000000009238912540000001,7809930,2019-07-12 20:20:43,btc,193.2647839352268,18116.4881465,0.000007940000000000000212447247294189622834892361424863338470458984375,btc,18694.327552210634,0.0,0.10031944912276293,19
1,[],4,[],2019-07-12 20:20:44,394862.41278004,0.00000618,0.000000000719099238,7809931,2019-07-12 20:20:44,btc,2.420359673764276,0.0,0.00000618,btc,175403.58878275,0.19096988,1.0708872167572807,19
1,[],12,[],2019-07-12 20:20:46,107036.91333384,0.00000422000000000000025372932921374768966416013427078723907470703125,0.0000000004910354020000001,7809932,2019-07-12 20:20:46,btc,0.3637354149337705,0.0,0.00000422000000000000025372932921374768966416013427078723907470703125,btc,3017.42994847,0.0,0.0090339859996786,19
0,[],27,[],2019-07-12 20:20:49,0.0,0,0,7809933,2019-07-12 20:20:49,,0.0,0.0,0,btc,0.0,0.0,0.0,19
1,[],5,[],2019-07-06 02:01:19,0.0,0,0,7800799,2019-07-06 02:01:19,btc,0.0,0.0,0,btc,0.0,0.0,0.0,19
1,[],4,[],2019-07-12 20:20:49,10109815.20478478,0.00000005,0.000000000005817955,7809934,2019-07-12 20:20:49,btc,5.154892367544921,0.0,0.00000005,btc,2212540.08702876,0.0,0.1126456577405056,20
0,[],4,[],2019-07-12 20:20:50,0.0,0,0,7809935,2019-07-12 20:20:50,,52485.43574891294,0.0,0,,164286702.01072472,0.0,0.0,21
0,[],12,[],2019-07-12 20:20:52,0.0,0,0,7809936,2019-07-12 20:20:52,btc,2615.531429217183,0.0,0,btc,10721197.51648348,2.337662e-06,0.0,21
0,[],17,[],2019-05-03 00:53:51,0.0,0,0,7558891,2019-05-03 00:53:51,btc,0.0,0.0,0,btc,0.0,0.0,0.0,21
1,[],12,[],2019-07-12 20:22:53,6341173219.462538,0.0000000011,0.00000000000012799500999999999,7809937,2019-07-12 20:22:53,btc,1486660711556.8542,0.0,0.0000000011,btc,2891042158.300729,0.827707483229,2.5735253166801635,23
0.0000000002359659,[],27,[],2019-07-12 20:22:56,73173649.33966026,9.438636e-17,1.0982711901876e-20,7809938,2019-07-12 20:22:56,eth,1056.5010099904,488.66033975,0.0000004,eth,1502968.054,6.918520188e-14,1.841129834967711e-09,23
1,[],4,[],2019-07-12 20:22:57,5751859.8819945,0.00000014,0.000000000016290274,7809939,2019-07-12 20:22:57,btc,10.104756394474164,0.0,0.00000014,btc,1747068.33755719,0.00046366,0.0849522033559658,24
0,[],22,[],2019-07-12 20:22:59,0.0,0,0,7809940,2019-07-12 20:22:59,,0.0,0.0,0,,0.0,0.0,0.0,24
0.0,[],25,[],2019-07-12 20:23:01,0.0,0,0,7809941,2019-07-12 20:23:01,,0.0,0.0,0.0,btc,0.0,0.0,0.0,24
1,[],4,[],2019-07-12 20:23:02,26912935.7364913,0.00000260,0.00000000030253366,7809942,2019-07-12 20:23:02,btc,7.668987198065151,0.0,0.00000260,btc,211364.24069907,0.09240678,0.3746720016766789,26
1,[],10,[],2019-07-12 20:23:07,231409.3081053,0.00000271,0.000000000315333161,7809943,2019-07-12 20:23:07,btc,26.26751171003649,7945.57802661,0.00000271,btc,21949.28924448,0.0,0.046981647794306,26
0,[],2,[],2019-01-20 23:25:56,0.0,0,0,6476976,2019-01-20 23:25:56,,0.0,0.0,0,,0.0,0.0,0.0,26
1,[],5,[],2019-04-26 09:47:06,0.0,0,0,7465326,2019-04-26 09:47:06,btc,0.0,0.0,0,btc,0.0,0.0,0.0,27
1,[],11,[],2019-07-12 20:23:10,992380.80216525,0.00000001,0.000000000001163591,7809944,2019-07-12 20:23:10,btc,67502.92060589766,178.77941309,0.00000001,btc,6487362.95640949,0.0,0.0099238080216525,27
1,[],3,[],2019-06-17 14:30:26,13571825.64059417,0.00000001,0.00000000000092914,7740112,2019-06-17 14:30:26,btc,3.485049956644059,4264730.43754,0.00000001,btc,23500048.28518193,0.0,0.1357182564059417,27
0.0000000000904811,[],4,[],2019-07-12 20:23:11,581930664.0636221,9.1385911e-17,1.06335823566401e-20,7809945,2019-07-12 20:23:11,ltc,11.190230873214137,0.0,0.00000101,ltc,646008197.0992004,0.00472349,1.4478490291316403e-08,29
1,[],7,[],2019-07-12 20:23:12,0.0,0,0,7809946,2019-07-12 20:23:12,btc,1236880.9072237515,0.0,0,btc,43958959.92106131,0.0,0.0,29
0,[],17,[],2019-05-03 01:11:25,0.0,0,0,7559066,2019-05-03 01:11:25,btc,0.0,0.0,0,btc,0.0,0.0,0.0,30
1,[],4,[],2019-07-12 20:23:12,15012594.67870042,0.00000005,0.000000000005817955,7809947,2019-07-12 20:23:12,btc,2.5698133601442477,0.0,0.00000005,btc,2201461.39059217,0.0003922,0.1606973999506752,30
1,[],4,[],2019-07-12 20:25:13,213806.03329554,0.00002536,0.000000002950866776,7809948,2019-07-12 20:25:13,btc,2.9423467422880836,0.0,0.00002536,btc,55172.93244884,0.18447857,0.2995369169912164,31
1,[],21,[],2019-07-12 20:25:15,258008.19497448,0.00002527999999999999851721908806,0.000000002941558048,7809949,2019-07-12 20:25:15,btc,2.9289158928730785,66034.15562135,0.00002527999999999999851721908805668448394499137066304683685302734375,btc,86518.66482949,1.73578118,3.2080284069964433,31
0,[],2,[],2019-01-20 23:28:43,0.0,0,0,6477009,2019-01-20 23:28:43,,0.0,0.0,0,,0.0,0.0,0.0,32
0,[],4,[],2019-07-12 20:25:16,0.0,0,0,7809950,2019-07-12 20:25:16,,0.0,0.0,0,,0.0,0.0,0.0,33
1,[],12,[],2019-03-30 07:55:10,40641173.964,0.00000003,0.000000000001228359,7108785,2019-03-30 07:55:10,btc,4233210.82356125,0.0,0.00000003,btc,28378394.68333462,0.0126927883965248,0.90752895892,33
0.0000000000904811,[],4,[],2019-07-12 20:25:17,108919962.0534724,2.8049141e-17,3.2637728025331e-21,7809951,2019-07-12 20:25:17,ltc,4.511728436252884,0.0,0.00000031,ltc,179695670.07166335,0.0,4.879192276816798e-10,34
1,[],5,[],2019-07-06 02:03:46,0.0,0,0,7800811,2019-07-06 02:03:46,btc,0.0,0.0,0,btc,0.0,0.0,0.0,34
0,[],4,[],2019-07-11 00:07:02,0.0,0,0,7801420,2019-07-11 00:07:02,,3.68295914902898e-08,0.0,0,,6667385825.224262,0.0,0.0,36
0.0000000002385992,[],27,[],2019-07-11 00:09:09,11642390.307056,6.9193768e-17,8.4302504017872e-21,7801421,2019-07-11 00:09:09,eth,1120.18186,0.0,0.00000029,"ltc,eth",2270631.0,0.0,1.3601704595377105e-10,36
0.0000000002926451,[],17,[],2019-05-02 18:17:47,200000.0,2.9264510000000002e-18,1.596703856561e-22,7556430,2019-05-02 18:17:47,eth,0.20942468735267253,0.0,0.00000001,"btc,eth",1018272.20243647,0.0,5.852902e-13,36
1,[],5,[],2019-05-31 13:28:21,0.0,0,0,7717484,2019-05-31 13:28:21,btc,0.0,0.0,0,btc,0.0,0.0,0.0,36
1,[],4,[],2019-07-12 20:25:18,10682783.47678583,0.00000004,0.000000000004654364,7809952,2019-07-12 20:25:18,btc,19772.15564485959,0.0,0.00000004,btc,736127.30151715,0.01595867,0.1146026432459791,37
1,[],12,[],2019-07-12 20:25:19,9058481.35757401,0.00000006,0.0000000000069815459999999996,7809953,2019-07-12 20:25:19,btc,135.3180050238431,0.0,0.00000006,btc,2478261.2732355,0.03016037939,0.1804643478787005,37
1,[],27,[],2019-07-12 20:27:22,10792.0,0.00000019,0.000000000022108229,7809954,2019-07-12 20:27:22,btc,22.62000024371233,0.0,0.00000019,btc,4248.824835,0.0,0.00164037,37
1,[],17,[],2019-05-03 01:11:36,211752.74075282,0.00000025,0.000000000013700074999999998,7559074,2019-05-03 01:11:36,btc,0.055484923955058496,0.0,0.00000025,"btc,eth",1387.19918473,0.0,0.0005381851887916605,37
1,[],12,[],2019-07-12 20:27:24,202288.15786826,0.00000096,0.00000000011170473599999999,7809955,2019-07-12 20:27:24,btc,660.8803014351024,0.0,0.00000096,btc,176278.37105161,0.10786302984,0.050290169999952,42
1,[],27,[],2019-07-12 20:27:27,11.0,0.00000003,0.000000000003490773,7809956,2019-07-12 20:27:27,btc,0.07600425,0.0,0.00000003,"btc,eth",18.0,0.0,3.3e-07,42
1,[],5,[],2019-07-06 02:03:47,0.0,0,0,7800812,2019-07-06 02:03:47,btc,0.0,0.14382058,0,btc,0.0,0.0,0.0,42
1,[],12,[],2019-03-13 09:13:29,1112112.0,0.00000001,0.000000000000386531,6919902,2019-03-13 09:13:29,btc,29058.00478931866,0.0,0.00000001,btc,5967681.93306694,9.99000999e-07,0.01112112,43
1,[],5,[],2019-04-26 22:38:52,0.0,0,0,7474154,2019-04-26 22:38:52,btc,0.0,0.02638891,0,btc,0.0,0.0,0.0,43
0,[],17,[],2019-04-26 22:38:53,0.0,0,0,7474155,2019-04-26 22:38:53,btc,0.0,0.0,0,btc,0.0,0.0,0.0,43
1,[],12,[],2019-03-05 01:54:08,639326.02,0.00000004,0.000000000001486676,6845775,2019-03-05 01:54:08,btc,11116042.728239931,0.0,0.00000004,btc,1103841.4595604,0.0003330765234764,0.014975410599999999,44
0.0000000000904811,[],4,[],2019-07-12 20:29:29,108237872.3332497,1.9001031e-17,2.2109428662321e-21,7809957,2019-07-12 20:29:29,ltc,4098.498150239099,0.0,0.00000021,ltc,27327576.85978239,0.0,4.075656113784485e-10,49
0.0000000000904811,[],4,[],2019-07-12 20:29:30,307641266.12535137,2.2620275e-17,2.6320748407525e-21,7809958,2019-07-12 20:29:30,ltc,28561.531874648244,0.0,0.00000025,ltc,240747337.88378203,0.0,1.581508030754821e-09,52
0,[],22,[],2019-07-12 20:29:32,0.0,0,0,7809959,2019-07-12 20:29:32,,10289.83185391,0.0,0,,287184669.4566013,0.0,0.0,57
0.0000000002359659,[],27,[],2019-07-12 20:29:36,1000.0,2.3596590000000002e-18,2.745677975469e-22,7809960,2019-07-12 20:29:36,eth,0.0,0.0,0.00000001,"btc,eth",0.0,0.0,2.359659e-15,57
0,[],4,[],2019-07-12 20:29:36,0.0,0,0,7809961,2019-07-12 20:29:36,,19.72320514937139,0.0,0,,6108871604.774139,0.0,0.0,58
0,[],12,[],2019-07-12 20:29:37,0.0,0,0,7809962,2019-07-12 20:29:37,btc,671217134.1674691,0.0,0,btc,4237777820.5124946,4.027013e-05,0.0,58
0.00000000008118159999999999,[],22,[],2019-07-12 20:31:40,126877.0,8.11816e-19,9.44621791256e-23,7809963,2019-07-12 20:31:40,XMR,68.17454206,0.0,0.00000001,XMR,9626402.6,0.0,0.00126877,58
1,[],17,[],2019-05-03 01:12:09,1200000.0,0.0000000001,0.00000000000000548003,7559085,2019-05-03 01:12:09,btc,1e+24,0.0,0.0000000001,"btc,eth",39516342.31952568,0.0,0.00010000000058666061,58
0,[],22,[],2019-07-12 20:31:43,0.0,0,0,7809964,2019-07-12 20:31:43,,1000.95215461,0.0,0,,8934.866843792322,0.0,0.0,61
1,[],26,[],2019-07-12 20:31:43,0.0,0.00000013,0.000000000015126683000000002,7809965,2019-07-12 20:31:43,btc,0.0,0.0,0.00000013,btc,0.0,0.0,0.0,61
1,[],27,[],2019-07-12 20:31:47,8400.0,0.00000018,0.000000000020944638,7809966,2019-07-12 20:31:47,btc,1.97314195,0.0,0.00000018,"btc,eth",10936.9,0.0,0.001512,61
1,[],28,[],2019-07-12 20:31:48,40101.0,0.00000004,0.000000000004654364,7809967,2019-07-12 20:31:48,btc,0.242436445415105,405.0,0.00000004,btc,9316.46650005,0.0,0.00100202,61
1,[],5,[],2019-06-17 14:31:27,0.0,0,0,7740135,2019-06-17 14:31:27,btc,0.0,0.00079154,0,btc,0.0,0.0,0.0,61
1,[],4,[],2019-07-12 20:31:49,5546780.68839993,0.00000037,0.000000000043052867,7809968,2019-07-12 20:31:49,btc,3.5219188684012708,0.0,0.00000037,btc,1388250.50635768,0.03134137,1.7369244314380248,67
0.0,[],25,[],2019-07-12 20:31:52,0.0,0,0,7809969,2019-07-12 20:31:52,,0.0,0.0,0.0,btc,0.0,0.0,0.0,67
1,[],12,[],2019-06-02 06:23:14,910048.355,0.00000006,0.000000000005154929999999999,7725270,2019-06-02 06:23:14,btc,5.167005424215783,0.0,0.00000006,btc,738530.60239759,0.003159757462,0.0187188113,71
,[],5,[],2018-11-20 23:02:39,1.5e-07,0.00000005,0.000000000002128045,4862160,2018-11-20 23:02:39,btc,2.84511358,0.0,,btc,0.00036572,0.0,0.07381892,74
1,[],5,[],2019-07-06 00:15:01,0.0,0,0,7800749,2019-07-06 00:15:01,btc,0.0,0.01883861,0,btc,0.0,0.0,0.0,75
0,[],4,[],2019-07-10 21:51:38,0.0,0,0,7800925,2019-07-10 21:51:38,,581890.2410093442,0.0,0,,38279594.33970312,0.0,0.0,81
0,[],20,[],2019-01-25 09:30:31,0.0,0,0,6495923,2019-01-25 09:30:31,btc,0.0,0.0,0,btc,0.0,0.0,0.0,81
1,[],4,[],2019-07-12 20:31:54,166316.25780533,0.00006367,0.0000000074085838970000005,7809970,2019-07-12 20:31:54,btc,58.80579779690574,0.0,0.00006367,btc,127714.48610371,0.7548115,0.153488835916149,82
1,[],21,[],2019-07-12 20:31:55,259106.49275222,0.00006355999999999999454033949853,0.000000007395784395999999,7809971,2019-07-12 20:31:55,btc,4.554644053260643,59911.03685038,0.0000635599999999999945403394985277145678992383182048797607421875,btc,49682.51883333,3.54569579,1.58948691795724,82
0,[],17,[],2019-03-25 22:42:34,0.0,0,0,7038780,2019-03-25 22:42:34,btc,0.0445064681804024,0.0,0,btc,995513.18476001,0.0,0.0,84
0,[],4,[],2019-07-12 20:31:55,0.0,0,0,7809972,2019-07-12 20:31:55,,1.6446422281126614,0.0,0,,586960854.4058815,0.0,0.0,85
,[],22,[],2018-11-20 23:09:34,3408.1,0.0000001,0.0000000000041895,4862324,2018-11-20 23:09:34,BTC,0.04624735,0.0,,BTC,4990.0,0.0,0.00033081,86
1,[],22,[],2019-07-12 20:31:59,2288.0,0.00000001,0.000000000001163591,7809973,2019-07-12 20:31:59,BTC,1.86689201,0.0,0.00000001,BTC,501373.44736842107,6.011e-05,2.288e-05,87
1,[],27,[],2019-07-12 20:32:02,13241.0,0.00000005,0.000000000005817955,7809974,2019-07-12 20:32:02,btc,6.183836919,66088.32,0.00000005,btc,229126.246,0.00330442,0.00066205,87
,[],2,[],2018-11-20 23:10:47,0.0,0,0,4862359,2018-11-20 23:10:47,,0.0,0.0,,,0.0,0.0,0.0,88
1,[],11,[],2019-07-12 20:32:03,301924.57198488,0.0000369999999999999981139219007442164866006351076066493988037109375,0.0000000043052867,7809975,2019-07-12 20:32:03,btc,155.99541166438985,1112.85052632,0.0000369999999999999981139219007442164866006351076066493988037109375,btc,144301.09812325,0.0,0.8912893278505765,89
0,[],2,[],2019-01-20 23:31:45,0.0,0,0,6477083,2019-01-20 23:31:45,,0.0,0.0,0,,0.0,0.0,0.0,91
1,[],12,[],2019-07-12 19:13:11,434112.26537095,0.00000045,0.000000000052215299999999996,7809630,2019-07-12 19:13:11,btc,413.35147077083826,0.0,0.00000045,btc,236624.74278272002,0.000546202931,0.0356912220954745,91
1,[],22,[],2019-07-12 19:15:14,75900.0,0.00000001,0.00000000000116034,7809631,2019-07-12 19:15:14,BTC,0.495,0.0,0.00000001,"BTC,LTC",4.95,0.0,0.001659,91
0,[],17,[],2019-05-03 01:12:26,0.0,0,0,7559096,2019-05-03 01:12:26,btc,0.0,0.0,0,btc,0.0,0.0,0.0,91
1,[],22,[],2019-07-10 21:56:00,91614.0,0.00000002,0.000000000002352202,7800934,2019-07-10 21:56:00,BTC,11.8980079,0.0,0.00000002,"BTC,LTC",347503.789747713,0.0,0.06622228,95
0.0000000000904811,[],4,[],2019-07-12 20:32:04,542683767.7645355,2.0810653e-17,2.4215088534923e-21,7809976,2019-07-12 20:32:04,ltc,10.868287984141848,0.0,0.00000023,ltc,151194839.09534153,0.0,6.200538305801765e-10,96
0,[],12,[],2019-07-12 20:32:05,0.0,0,0,7809977,2019-07-12 20:32:05,btc,37.99682310751249,0.0,0,btc,10916731.75124874,9.99001e-07,0.0,96
0,[],17,[],2019-05-03 01:12:32,0.0,0,0,7559100,2019-05-03 01:12:32,btc,0.0,0.0,0,btc,0.0,0.0,0.0,96
1,[],4,[],2019-04-14 03:32:46,1039404.33283278,0.00000038,0.000000000019245518,7293458,2019-04-14 03:32:46,btc,4.170086055365747,0.0,0.00000038,btc,3097704.34561074,0.06260606,0.1859928211030784,99
0,[],2,[],2019-01-20 23:23:55,0.0,0,0,6476914,2019-01-20 23:23:55,,0.0,0.0,0,,0.0,0.0,0.0,100
1,[],4,[],2019-07-12 20:34:06,216082.75948101,0.00001367,0.000000001590628897,7809978,2019-07-12 20:34:06,btc,8.339745471940526,0.0,0.00001367,btc,163411.95893282,0.13554237,0.7568162439647959,100
1,[],22,[],2019-07-12 20:34:09,146000.0,0.00000002,0.000000000002327182,7809979,2019-07-12 20:34:09,BTC,26.50623849,0.0,0.00000002,BTC,10383.92,0.0,0.00162,101
1,[],4,[],2019-07-12 20:34:10,522545.06109968,0.00000117,0.000000000136140147,7809980,2019-07-12 20:34:10,btc,596.2113147075128,0.0,0.00000117,btc,566461.02159271,0.03956509,0.0611977066882833,103
1,[],12,[],2019-07-12 20:34:12,55453870.2226412,0.000000004,0.0000000000004654364,7809981,2019-07-12 20:34:12,btc,349455.8910593007,0.0,0.000000004,btc,111199019.69271734,0.004504134496,0.1084760128905648,105
1,[],27,[],2019-07-12 20:34:17,152274.74999998,0.00000003,0.000000000003490773,7809982,2019-07-12 20:34:17,btc,208.9399864659637,0.0,0.00000003,btc,629845.84359946,0.0,0.0027261199999997,105
1,[],22,[],2019-07-10 21:58:18,21333.0,0.00000001,0.000000000001176101,7800942,2019-07-10 21:58:18,BTC,51.38182867,0.0,0.00000001,BTC,470435.0,0.0,0.00021333,107
1,[],26,[],2019-07-10 21:58:18,0.0,0.00000000,0,7800943,2019-07-10 21:58:18,btc,0.0,0.0,0.00000000,btc,0.0,0.0,0.0,107
1,[],5,[],2019-07-06 00:19:31,0.0,0,0,7800761,2019-07-06 00:19:31,btc,0.0,0.0,0,btc,0.0,0.0,0.0,112
0,[],22,[],2019-07-12 20:34:19,0.0,0,0,7809983,2019-07-12 20:34:19,,6.79500102,0.0,0,,3375892.0833333335,0.0,0.0,112
1,[],27,[],2019-07-12 20:34:23,1.0,0.00000001,0.000000000001163591,7809984,2019-07-12 20:34:23,btc,0.0,0.0,0.00000001,"btc,eth",0.0,0.0,1e-08,112
1,[],5,[],2019-07-06 00:19:43,0.0,0,0,7800765,2019-07-06 00:19:43,btc,0.0,0.0,0,btc,0.0,0.0,0.0,113
1,[],4,[],2019-07-12 20:34:23,1141157.67093868,0.00000030,0.00000000003490773,7809985,2019-07-12 20:34:23,btc,6.067309984197398,0.0,0.00000030,btc,993894.67849668,0.0122062,0.1153149825826454,113
1,[],17,[],2019-04-26 02:17:47,162738.278,0.00000004,0.0000000000021069000000000002,7461287,2019-04-26 02:17:47,btc,1.3331140273775473,0.0,0.00000004,btc,51796.221,0.0,0.00230953112,116
1,[],27,[],2019-07-12 20:36:29,95525.16595526,0.00000001,0.000000000001163591,7809986,2019-07-12 20:36:29,btc,3918.96526809,0.0,0.00000001,btc,94557.69,0.0,0.0009552516595526,116
1,[],4,[],2019-07-12 20:36:30,713389.68498004,0.00000272,0.000000000316496752,7809987,2019-07-12 20:36:30,btc,20.767192696562137,0.0,0.00000272,btc,244728.78638601,0.61295047,0.2783623186017547,120
1,[],7,[],2019-07-12 20:36:53,3809.63617643,0.0000075499999999999997112878034888350242681553936563432216644287109375,0.000000000878511205,7809988,2019-07-12 20:36:53,btc,231270.54837446357,18.75935502,0.0000075499999999999997112878034888350242681553936563432216644287109375,btc,4647.6486347,0.00014088,0.0094498828007291,120
1,[],20,[],2019-04-07 18:42:29,1914137.0852,0.000000035,0.0000000000017871910000000002,7211992,2019-04-07 18:42:29,btc,32.2497668025648,25528.85,0.000000035,btc,1001975.4986,0.00089350975,0.0152723574729,125
1,[],22,[],2019-06-17 14:32:38,10000.0,0.00000001,0.00000000000092914,7740161,2019-06-17 14:32:38,BTC,0.032061,0.0,0.00000001,BTC,299316.7611111111,0.0,0.0001,126
0,[],2,[],2019-01-20 23:25:46,0.0,0,0,6476969,2019-01-20 23:25:46,,0.0,0.0,0,,0.0,0.0,0.0,131
1,[],4,[],2019-07-12 20:36:55,372223.82841772,0.00000334,0.000000000388639394,7809989,2019-07-12 20:36:55,btc,2.572090275590969,0.0,0.00000334,btc,219727.85024245,0.03352991,0.2911192786639759,131
1,[],17,[],2019-05-03 01:13:10,10000.0,0.00000001,0.000000000000548003,7559115,2019-05-03 01:13:10,btc,0.0953976503951408,0.0,0.00000001,btc,5037.62507334,0.0,0.0001,131
1,[],4,[],2019-07-12 20:38:56,4088.70427339,0.00007009,0.000000008155609319,7809990,2019-07-12 20:38:56,btc,0.5127528509427459,0.0,0.00007009,btc,259.27955961,0.00013144,0.0046523046069622,135
1,[],3,[],2019-07-12 20:38:56,187.26592867,0.00000001,0.000000000001163591,7809991,2019-07-12 20:38:56,btc,419.7782863990478,1935511.62324,0.00000001,btc,3179243.6441469598,0.0,1.8726592866999999e-06,136
1,[],4,[],2019-07-12 20:38:57,700262.21889275,0.00000105,0.000000000122177055,7809992,2019-07-12 20:38:57,btc,12.620209932259765,0.0,0.00000105,btc,540407.73228521,0.01392107,0.081166020103583,137
1,[],12,[],2019-07-12 20:38:58,32405.33890745,0.000001,0.0000000001163591,7809993,2019-07-12 20:38:58,btc,25.327868047724532,0.0,0.000001,btc,79007.18322635,3.4017982e-05,0.0057700199999831,137
1,[],4,[],2019-07-12 20:38:59,301450.51085111,0.00000758,0.000000000882001978,7809994,2019-07-12 20:38:59,btc,3.3280778616163706,0.0,0.00000758,btc,136328.62116738,0.11064461,0.1911921743277491,142
1,[],20,[],2019-07-12 20:41:01,188273.3333,0.000005961,0.0000000006936165951,7809995,2019-07-12 20:41:01,btc,1.5892211189175,0.0,0.000005961,btc,10104.9991,0.0,0.0016462149996,142
1,[],22,[],2019-07-12 20:41:04,10619.88,0.00000200,0.0000000002327182,7809996,2019-07-12 20:41:04,BTC,2.99759384,0.0,0.00000200,BTC,835.7198755539798,0.0,0.00416696,142
0.0,[],25,[],2019-07-12 20:41:21,0.0,0,0,7809997,2019-07-12 20:41:21,,0.0,0.0,0.0,btc,0.0,0.0,0.0,142
1,[],28,[],2019-07-12 20:41:22,76710.0,0.00001110,0.00000000129158601,7809998,2019-07-12 20:41:22,btc,0.438587390411,4724.0,0.00001110,btc,1381.1951,0.0,0.0043322,142
1,[],17,[],2019-05-03 01:13:16,32967.38636364,0.00000088,0.000000000048224264,7559122,2019-05-03 01:13:16,btc,20.06976206696776,0.0,0.00000088,btc,2746.079105,0.0,0.0105613000000032,142
1,[],5,[],2019-07-06 02:06:10,0.0,0,0,7800822,2019-07-06 02:06:10,btc,0.0,0.00140707,0,btc,0.0,0.0,0.0,142
0,[],22,[],2019-07-12 20:41:26,0.0,0,0,7809999,2019-07-12 20:41:26,,67.81665877,0.0,0,,754491934.7744589,0.0,0.0,143
0,[],22,[],2019-02-25 15:42:22,0.0,0,0,6783783,2019-02-25 15:42:22,,4.2131946,0.0,0,,2322156.0,0.0,0.0,146
,[],22,[],2018-11-20 23:01:11,0.0,0,0,4862114,2018-11-20 23:01:11,,2.56807021,0.0,,,61828.4988236,0.0,0.0,147
1,[],12,[],2019-04-21 06:38:04,193091.5971266,0.00000071,0.000000000037635183,7388679,2019-04-21 06:38:04,btc,2.301232411611175,0.0,0.00000071,btc,9957.48302385,0.00023528,0.0313308199999888,148
1,[],4,[],2019-03-19 21:31:25,255810.0415942,0.00000029,0.000000000011615747,6982695,2019-03-19 21:31:25,btc,218.94922712414143,0.0,0.00000029,btc,793529.37642722,0.00117,0.0608347789473395,152
0,[],22,[],2019-03-19 21:31:27,0.0,0,0,6982696,2019-03-19 21:31:27,,0.0,0.0,0,,0.0,0.0,0.0,152
1,[],5,[],2019-04-26 09:36:59,0.0,0,0,7465040,2019-04-26 09:36:59,btc,0.0,0.0,0,btc,0.0,0.0,0.0,153
,[],16,[],2019-01-11 15:38:59,0.0,0,0,6366141,2019-01-11 15:38:59,btc,0.0,0.0,,btc,0.0,0.0,0.0,155
0,[],23,[],2019-01-20 23:24:29,0.0,0,0,6476932,2019-01-20 23:24:29,,0.0,0.0,0,,0.0,0.0,0.0,156
0,[],22,[],2019-07-12 20:41:30,0.0,0,0,7810000,2019-07-12 20:41:30,,7.42843365,0.0,0,,5840816.592592592,0.0,0.0,156
1,[],22,[],2019-07-12 20:41:33,6996.0,0.00000001,0.000000000001163591,7810001,2019-07-12 20:41:33,BTC,1.7543039,0.0,0.00000001,BTC,57.0,0.0,6.996e-05,157
0,[],22,[],2019-07-12 20:41:35,0.0,0,0,7810002,2019-07-12 20:41:35,,50234.60468402,0.0,0,,54786159.03179465,0.0,0.0,158
,[],17,[],2018-11-20 22:56:10,0.0,0,0,4861976,2018-11-20 22:56:10,btc,1.1265625,0.0,,btc,1000.0,0.0,0.0,159
,[],20,[],2018-11-20 22:56:12,0.0,0,0,4861977,2018-11-20 22:56:12,btc,11912.7940471,0.0,,btc,34413894.3617,0.0,0.0,159
1,[],12,[],2019-07-10 22:05:17,232905.70345548,0.0000063199999999999996293047720141711209862478426657617092132568359375,0.000000000743295832,7800964,2019-07-10 22:05:17,btc,9.923963040252861,0.0,0.0000063199999999999996293047720141711209862478426657617092132568359375,btc,15215.45465465,0.0062861,0.033379940599723996,168
1,[],17,[],2019-05-03 01:13:36,42852.0,0.00000002,0.000000000001096006,7559132,2019-05-03 01:13:36,btc,0.04279856251542,0.0,0.00000002,btc,274.46171372,0.0,0.00052852,168
1,[],22,[],2019-05-17 03:01:52,10.0,0.00000001,0.000000000000778341,7642059,2019-05-17 03:01:52,BTC,41.95893009,0.0,0.00000001,BTC,1753972.7737547632,0.0,1e-07,169
1,[],22,[],2019-07-12 20:41:41,121865.0,0.00000001,0.000000000001163591,7810003,2019-07-12 20:41:41,BTC,27.84093315,0.0,0.00000001,"BTC,LTC",276583.94947371836,0.0,0.00140865,171
0.0000000000904811,[],22,[],2019-07-12 20:41:44,192101.0,1.809622e-18,2.105659872602e-22,7810004,2019-07-12 20:41:44,LTC,21.26430545,0.0,0.00000002,LTC,1455850.2469384319,3.436472178e-15,0.00290202,173
1,[],5,[],2019-07-06 02:08:45,0.0,0,0,7800830,2019-07-06 02:08:45,btc,0.0,0.00700197,0,btc,0.0,0.0,0.0,175
1,[],22,[],2019-07-12 20:41:47,90391.0,0.00000001,0.000000000001163591,7810005,2019-07-12 20:41:47,BTC,394.35459412,0.0,0.00000001,BTC,136275.61833431243,0.0,0.00090391,176
1,[],7,[],2019-07-01 10:15:32,0.0,0,0,7783526,2019-07-01 10:15:32,btc,521516.2326888725,0.0,0,btc,26809253.73522063,0.0,0.0,178
0,[],2,[],2019-01-20 23:28:34,0.0,0,0,6477001,2019-01-20 23:28:34,,0.0,0.0,0,,0.0,0.0,0.0,178
1,[],22,[],2019-07-12 20:41:52,30.0,0.00000001,0.000000000001163591,7810006,2019-07-12 20:41:52,BTC,1.00242428,0.0,0.00000001,BTC,57512.0,0.0,3e-07,178
1,[],5,[],2019-07-06 02:08:50,0.0,0,0,7800832,2019-07-06 02:08:50,btc,0.0,6.904e-05,0,btc,0.0,0.0,0.0,179
0,[],23,[],2019-01-20 23:25:08,0.0,0,0,6476952,2019-01-20 23:25:08,,0.0,0.0,0,,0.0,0.0,0.0,179
0,[],22,[],2019-07-12 20:41:55,0.0,0,0,7810007,2019-07-12 20:41:55,,9.36233504,0.0,0,,14672900.311946675,0.0,0.0,179
1,[],22,[],2019-07-12 20:43:58,726185.5988636364,0.00000032,0.000000000037234912,7810008,2019-07-12 20:43:58,BTC,40.59990628,0.0,0.00000032,"BTC,LTC",157667.41034135158,0.00171433,0.57873347,180
1,[],26,[],2019-07-12 20:43:59,0.0,0.00000010,0.00000000001163591,7810009,2019-07-12 20:43:59,btc,0.0,0.0,0.00000010,btc,0.0,0.0,0.0,180
1,[],17,[],2019-05-03 01:13:56,20504.725000000002,0.0000001,0.00000000000548003,7559141,2019-05-03 01:13:56,btc,5.2010695838400265,0.0,0.0000001,btc,5033.45945,0.0,0.0011504725,180
,[],7,[],2018-11-20 22:58:01,562227.975654,0.00000085,0.000000000036176765,4862015,2018-11-20 22:58:01,btc,21836.6059674,2491.87645172,,btc,749999.041456,0.00211021,0.127565380455,183
,[],5,[],2019-01-10 08:11:41,0.0,0,0,6347036,2019-01-10 08:11:41,btc,82.15055501,0.00261,,btc,1.19002445,0.0,0.0,187
,[],17,[],2018-11-16 20:58:10,4062536.27273,0.00000001,0.000000000000550501,4708775,2018-11-16 20:58:10,btc,3.36492563466,0.195460381006,,"btc,eth",110697919.549,0.0,0.0157628953496,187
1,[],24,[],2019-05-22 21:04:52,0.0,0.000000000014,0.0000000000000010960978,7670219,2019-05-22 21:04:52,btc,0.0,0.0,0.000000000014,btc,0.0,0.0,0.0,187
0,[],22,[],2019-07-12 20:44:01,0.0,0,0,7810010,2019-07-12 20:44:01,,7.54794454,0.0,0,,76361.7243344055,0.0,0.0,191
0,[],22,[],2019-06-17 14:33:34,0.0,0,0,7740182,2019-06-17 14:33:34,,0.0,0.0,0,,0.0,0.0,0.0,197
0,[],23,[],2019-01-20 23:31:41,0.0,0,0,6477079,2019-01-20 23:31:41,,0.0,0.0,0,,0.0,0.0,0.0,199
0,[],22,[],2019-07-12 20:44:04,0.0,0,0,7810011,2019-07-12 20:44:04,,10.5844317,0.0,0,,84460965.0,0.0,0.0,199
1,[],26,[],2019-07-12 20:44:04,0.0,0.00000000,0,7810012,2019-07-12 20:44:04,btc,0.0,0.0,0.00000000,btc,0.0,0.0,0.0,199
0,[],2,[],2019-01-20 23:30:49,0.0,0,0,6477059,2019-01-20 23:30:49,,0.0,0.0,0,,0.0,0.0,0.0,201
1,[],4,[],2019-01-25 15:51:35,2084389.58565343,0.00000936,0.000000000333526752,6499557,2019-01-25 15:51:35,btc,2.0092503037378524,0.0,0.00000936,btc,160195.80207885,0.19272417,1.242687955921835,211
1,[],7,[],2019-07-01 02:21:28,1170054124.6898527,0.00000018,0.000000000019815389999999997,7782694,2019-07-01 02:21:28,btc,1346735.6331920293,0.0,0.00000018,btc,5516233.71348162,0.0,11.954344045954047,212
1,[],12,[],2019-01-25 02:44:32,207462.42853209,0.000001080000000000000035831255497387193287295303889550268650054931640625,0.000000000038610756000000006,6493050,2019-01-25 02:44:32,btc,85023.03793723314,0.0,0.000001080000000000000035831255497387193287295303889550268650054931640625,btc,43675.73520027,0.000146250909087,0.0348620860622024,213
1,[],5,[],2019-05-30 00:07:46,0.0,0,0,7709357,2019-05-30 00:07:46,btc,0.0,0.06425239,0,btc,0.0,0.0,0.0,213
1,[],24,[],2019-07-12 20:44:08,0.0,0.000000200000,0.00000000002327182,7810013,2019-07-12 20:44:08,btc,0.0,0.0,0.000000200000,btc,0.0,0.0,0.0,213
1,[],26,[],2019-07-12 20:44:08,0.0,0.00000040,0.00000000004654364,7810014,2019-07-12 20:44:08,btc,0.0,0.0,0.00000040,btc,0.0,0.0,0.0,213
0,[],22,[],2019-07-12 20:44:10,0.0,0,0,7810015,2019-07-12 20:44:10,,9.54552254,0.0,0,,3658585.214064925,0.0,0.0,216
0,[],27,[],2019-07-12 20:44:14,0.0,0,0,7810016,2019-07-12 20:44:14,,175.1328874940976,0.0,0,"btc,ltc",469727.12534794,0.0,0.0,216
1,[],22,[],2019-07-12 20:44:17,525682.6538461539,0.00000013,0.000000000015126683000000002,7810017,2019-07-12 20:44:17,BTC,12055.84461773,0.0,0.00000013,BTC,612562.7023360471,2.6e-07,0.01898362,217
1,[],7,[],2019-06-27 19:02:35,0.0,0,0,7772298,2019-06-27 19:02:35,btc,2123800.2774640615,0.0,0,btc,82333746.4752352,0.0,0.0,219
0,[],27,[],2019-07-12 20:44:21,0.0,0,0,7810018,2019-07-12 20:44:21,,250.20642758069673,0.0,0,btc,46772.535837,0.0,0.0,219
0,[],28,[],2019-07-12 20:44:23,0.0,0,0,7810019,2019-07-12 20:44:23,,0.0,0.0,0,,0.0,0.0,0.0,219
0,[],22,[],2019-07-12 20:44:25,0.0,0,0,7810020,2019-07-12 20:44:25,,57.73116496,0.0,0,,182427.70709740353,0.0,0.0,221
1,[],24,[],2019-07-12 20:44:26,0.0,0.000000010000,0.000000000001163591,7810021,2019-07-12 20:44:26,btc,0.0,0.0,0.000000010000,btc,0.0,0.0,0.0,221
1,[],20,[],2019-06-17 14:34:11,26882155.8301,0.000000003,0.000000000000278742,7740192,2019-06-17 14:34:11,btc,100050.81956632523,233521.3529,0.000000003,btc,38769742.8604,0.0007925640587,0.0306863532672,224
0,[],22,[],2019-06-17 14:34:13,0.0,0,0,7740193,2019-06-17 14:34:13,,0.0,0.0,0,,0.0,0.0,0.0,224
1,[],26,[],2019-07-12 20:44:26,0.0,0.00000022,0.000000000025599002,7810022,2019-07-12 20:44:26,btc,0.0,0.0,0.00000022,btc,0.0,0.0,0.0,231
1,[],26,[],2019-07-12 20:44:27,0.0,0.00000005,0.000000000005817955,7810023,2019-07-12 20:44:27,btc,0.0,0.0,0.00000005,btc,0.0,0.0,0.0,234
0.0000000002359659,[],27,[],2019-07-12 20:44:31,100.0,2.3596590000000002e-18,2.745677975469e-22,7810024,2019-07-12 20:44:31,eth,0.0,0.0,0.00000001,"btc,eth",0.0,0.0,2.359659e-16,234
1,[],4,[],2019-05-22 17:06:12,91780.56053785,0.00000078,0.000000000061977552,7669277,2019-05-22 17:06:12,btc,5.573372450018177,0.0,0.00000078,btc,729173.93529783,0.0,0.0307060663355679,236
1,[],24,[],2019-05-22 17:06:12,0.0,0.000000010000,0.000000000000794584,7669278,2019-05-22 17:06:12,btc,0.0,0.0,0.000000010000,btc,0.0,0.0,0.0,236
1,[],5,[],2019-07-06 02:11:21,0.0,0,0,7800842,2019-07-06 02:11:21,btc,0.0,0.10652887,0,btc,0.0,0.0,0.0,237
1,[],20,[],2019-07-12 20:44:33,143410383.8974,0.00000005,0.000000000005817955,7810025,2019-07-12 20:44:33,btc,758.1574118795273,22170598.5246,0.00000005,btc,34240460.656,1.1192928714121,0.756167692509,237
1,[],22,[],2019-07-12 20:44:37,2127380.0,0.00000005,0.000000000005817955,7810026,2019-07-12 20:44:37,BTC,1.20109922,0.0,0.00000005,"BTC,LTC",14430.948717948719,0.0,0.02815966,237
1,[],5,[],2019-07-06 02:11:32,0.0,0,0,7800846,2019-07-06 02:11:32,btc,0.0,0.05525444,0,btc,0.0,0.0,0.0,238
1,[],4,[],2019-07-12 20:44:38,25099130.05545742,0.00000004,0.000000000004654364,7810027,2019-07-12 20:44:38,btc,2.8624161624231363,0.0,0.00000004,btc,13494410.00311727,0.02960859,0.4080200585249631,238
0.0000000000904811,[],22,[],2019-07-12 20:44:42,419253.0,9.04811e-19,1.052829936301e-22,7810028,2019-07-12 20:44:42,LTC,0.40428224,0.0,0.00000001,LTC,497363.0639027493,0.0,0.00419253,249
0,[],22,[],2019-07-12 20:44:44,0.0,0,0,7810029,2019-07-12 20:44:44,,13.44711564,0.0,0,,43776457.3426455,0.0,0.0,252
1,[],28,[],2019-07-12 20:44:48,2106100.0,0.00000002,0.000000000002327182,7810030,2019-07-12 20:44:48,btc,205.785911780793,382786.6204,0.00000002,btc,5640216.242,0.0,0.026062,256
0.0000000000904811,[],22,[],2019-07-12 20:44:50,1517.0,9.04811e-19,1.052829936301e-22,7810031,2019-07-12 20:44:50,LTC,31472.26719386,0.0,0.00000001,LTC,739642.028948892,0.0,1.517e-05,258
1,[],22,[],2019-05-19 18:12:02,400.0,0.00000001,0.0000000000007957800000000001,7653905,2019-05-19 18:12:02,BTC,2.415167,0.0,0.00000001,BTC,157.0,0.0,4e-06,259
1,[],5,[],2019-07-02 14:44:15,0.0,0,0,7788374,2019-07-02 14:44:15,btc,0.0,0.02775788,0,btc,0.0,0.0,0.0,264
1,[],20,[],2019-07-12 20:44:52,1020230.5994,0.000000288,0.0000000000335114208,7810032,2019-07-12 20:44:52,btc,0.517252603435,28385.6583,0.000000288,btc,35495.9772,0.0080313827449,0.0059441154383,264
0,[],22,[],2019-04-12 17:57:27,0.0,0,0,7278186,2019-04-12 17:57:27,,66.37522201,0.0,0,,677842.4169881374,0.0,0.0,271
0,[],22,[],2019-07-12 20:44:56,0.0,0,0,7810033,2019-07-12 20:44:56,,33050469.74148113,0.0,0,,14261527780.7,0.0,0.0,272
0,[],28,[],2019-07-12 20:44:59,0.0,0,0,7810034,2019-07-12 20:44:59,,0.0,0.0,0,,0.0,0.0,0.0,272
1,[],22,[],2019-05-23 07:12:29,219930.0,0.00000004,0.000000000003048688,7671985,2019-05-23 07:12:29,BTC,426.77835217,0.0,0.00000004,BTC,248664.3325962929,0.0,0.00739728,281
1,[],22,[],2019-07-12 20:45:07,1011913.9,0.00000002,0.000000000002327182,7810035,2019-07-12 20:45:07,BTC,7.87554242,0.0,0.00000002,"BTC,LTC",1165302.3934563703,0.00034236,0.02587744,286
0,[],22,[],2019-07-12 20:45:09,0.0,0,0,7810036,2019-07-12 20:45:09,,7337942.20855518,0.0,0,,2077158967.6797826,0.0,0.0,294
