pairValue,buyBook,exchangeId,sellBook,updated,buyTotal,satoshiPrice,usdPrice,exchangeLogId,created,bestPair,sellTotalBtc,volume,pairPrice,activePairs,sellTotal,volumeBtc,buyTotalBtc,coinId
0,[],2,[],2019-01-20 23:28:45,0.0,0,0,6477011,2019-01-20 23:28:45,,0.0,0.0,0,,0.0,0.0,0.0,1
1,[],3,[],2019-04-06 19:35:39,31235.308422701688,0.01326285999999999958010032941047029453329741954803466796875,0.000000686501549032,7201002,2019-04-06 19:35:39,btc,60.030339107767205,0.35451883,0.01326285999999999958010032941047029453329741954803466796875,btc,15.839531099146,0.0,0.5072179303894002,1
1,[],4,[],2019-04-06 19:35:39,233836.86580063,0.01334692,0.000000690852595504,7201003,2019-04-06 19:35:39,btc,8.928892250884697,0.0,0.01334692,btc,325.69909792,1.01524381,1.5936498026773105,1
1,[],5,[],2019-04-06 19:35:43,0.0,0,0,7201004,2019-04-06 19:35:43,btc,0.0,0.08871404,0,btc,0.0,0.0,0.0,1
1,[],10,[],2019-04-06 19:35:45,422036.06415286,0.00990091,0.000000512482982692,7201005,2019-04-06 19:35:45,btc,6522.300931479277,1179.3881731,0.00990091,btc,1184.11366767,0.0,4.374779355073235,1
1,[],12,[],2019-04-06 19:35:46,59.37945491,0.01331000000000000065003558091802915441803634166717529296875,0.000000688941572,7201006,2019-04-06 19:35:46,btc,0.3895623498892,0.0,0.01331000000000000065003558091802915441803634166717529296875,btc,20.65350467,0.1499626822472,0.2536482263354,1
1,[],20,[],2019-04-06 19:35:48,1187.1013,0.01322002,0.000000684284099224,7201007,2019-04-06 19:35:48,btc,0.0314439259275,6.0294,0.01322002,btc,1.7325,0.0942913467462,0.1634909282147,1
1,[],21,[],2019-04-06 19:35:49,2314.91977996,0.01333691000000000043135273131,0.000000690334465892,7201008,2019-04-06 19:35:49,btc,19.062172581356517,4774.98862189,0.013336910000000000431352731311562820337712764739990234375,"btc,eth",1925.89585401,62.82464243239383,25.090887978648798,1
1,[],22,[],2019-04-06 19:35:53,0.07690488253968254,0.01260000,0.00000065219112,7201009,2019-04-06 19:35:53,BTC,0.31439419,0.0,0.01260000,BTC,0.12751438772928525,0.0,0.0009684,1
1,[],24,[],2019-04-06 19:35:53,0.0,0.000000000000,0,7201010,2019-04-06 19:35:53,btc,0.0,0.0,0.000000000000,btc,0.0,0.0,0.0,1
0.0,[],25,[],2019-04-06 19:35:54,0.0,0,0,7201011,2019-04-06 19:35:54,btc,10.19999999947443,1606.80022676,0.0,btc,743.74967963,21.79,0.0,1
1,[],26,[],2019-04-06 19:35:55,0.0,0,0,7201012,2019-04-06 19:35:55,,0.0,0.0,0,,0.0,0.0,0.0,1
1,[],28,[],2019-04-06 19:35:57,988.9,0.01300200,0.0000006729991224,7201013,2019-04-06 19:35:57,btc,0.158971879,17894.27,0.01300200,btc,8.7032,0.0,0.037553096,1
1,[],5,[],2019-04-06 19:35:58,0.0,0,0,7201014,2019-04-06 19:35:58,btc,0.0,0.09475732,0,btc,0.0,0.0,0.0,2
0.0000000001329174,[],22,[],2019-04-06 19:36:01,1148.0,1.4620914e-16,7.567960537368e-21,7201015,2019-04-06 19:36:01,XMR,21.02425527,0.0,0.00000110,XMR,24942.398537272726,0.0,0.00087635,2
1,[],5,[],2019-04-06 19:36:02,0.0,0,0,7201016,2019-04-06 19:36:02,btc,0.0,0.05632309,0,btc,0.0,0.0,0.0,3
1,[],12,[],2019-04-06 19:36:04,2510113.07248377,0.00000019,0.000000000009834628000000001,7201017,2019-04-06 19:36:04,btc,23498.981764473006,0.0,0.00000019,btc,2398607.097752,0.11174332474122994,0.3170319054068163,3
0,[],28,[],2019-04-06 19:36:05,0.0,0,0,7201018,2019-04-06 19:36:05,,0.0,0.0,0,,0.0,0.0,0.0,3
0,[],2,[],2019-01-20 23:31:32,0.0,0,0,6477077,2019-01-20 23:31:32,,0.0,0.0,0,,0.0,0.0,0.0,4
1,[],4,[],2019-03-31 15:22:41,353217.65794564,0.00000029,0.000000000011904674,7122029,2019-03-31 15:22:41,btc,32.078041210795526,0.0,0.00000029,btc,733585.73137669,0.0,0.0341999475799974,4
1,[],12,[],2019-04-06 19:15:48,802028.0,0.00000001,0.0000000000005158439999999999,7200657,2019-04-06 19:15:48,btc,1111896.6064659702,0.0,0.00000001,btc,1521428.00798202,0.0,0.00802028,5
0,[],2,[],2019-01-20 23:31:51,0.0,0,0,6477087,2019-01-20 23:31:51,,0.0,0.0,0,,0.0,0.0,0.0,6
1,[],11,[],2019-04-06 19:36:07,5267153.66422,0.00000002,0.000000000001035224,7201019,2019-04-06 19:36:07,btc,9584.20788980528,283700.0,0.00000002,btc,42989033.14863166,0.0,0.0586245366422,6
1,[],3,[],2019-04-06 19:36:08,1123.78758780672,0.0001567200000000000038348491049333688351907767355442047119140625,0.000000008112015264,7201020,2019-04-06 19:36:08,btc,2.6920165431241956,0.0,0.0001567200000000000038348491049333688351907767355442047119140625,btc,298.919206426181,0.0,0.034560615622414755,7
1,[],4,[],2019-04-06 19:36:08,72950.79126181,0.00020910,0.00000001082326692,7201021,2019-04-06 19:36:08,btc,12.094899712174744,0.0,0.00020910,btc,42811.56267229,2.74458778,4.795283278787291,7
1,[],5,[],2019-04-06 19:36:11,0.0,0,0,7201022,2019-04-06 19:36:11,btc,0.0,0.11062299,0,btc,0.0,0.0,0.0,7
1,[],20,[],2019-04-04 05:40:47,4271533.0066,0.000000001,0.000000000000049976400000000003,7169322,2019-04-04 05:40:47,btc,30.6354288730721,0.0,0.000000001,btc,17991077.4875,0.0,0.0042715330066,8
1,[],28,[],2019-04-06 19:36:13,18305.0,0.0000005,0.0000000000258806,7201024,2019-04-06 19:36:13,btc,2708.782593555347,3612643.137,0.0000005,btc,25383.8518,0.0,0.00198655,9
0,[],2,[],2019-01-20 23:22:42,0.0,0,0,6476876,2019-01-20 23:22:42,,0.0,0.0,0,,0.0,0.0,0.0,9
0,[],23,[],2019-01-20 23:22:48,0.0,0,0,6476878,2019-01-20 23:22:48,,0.0,0.0,0,,0.0,0.0,0.0,9
1,[],1,[],2019-02-17 23:31:42,1822507.21,0.00000181000000000000003456111265232042484285557293333113193511962890625,0.000000000066086901,6701244,2019-02-17 23:31:42,btc,3.6990969245,17153386.5,0.00000181000000000000003456111265232042484285557293333113193511962890625,btc,1997391.71,31.11772986,3.2610482446,9
1,[],4,[],2019-04-06 19:36:11,1343847.16629113,0.00000119,0.000000000061595828,7201023,2019-04-06 19:36:11,btc,4.367022370190835,0.0,0.00000119,btc,2594348.03736729,1.52752964,0.985494147134984,9
1,[],4,[],2019-02-17 11:22:43,4341674.27126056,0.00000002,0.0000000000007272960000000001,6696112,2019-02-17 11:22:43,btc,0.1997230937751353,0.0,0.00000002,btc,4109766.79808031,0.00215132,0.0479381022052112,10
1,[],4,[],2019-04-06 19:36:14,4041422.82136093,0.00000131,0.000000000067807172,7201025,2019-04-06 19:36:14,btc,6.8923886034507555,0.0,0.00000131,btc,3759802.54255165,2.2065356,2.2296569915031013,12
1,[],5,[],2019-04-06 19:36:16,0.0,0,0,7201026,2019-04-06 19:36:16,btc,0.0,0.01843068,0,btc,0.0,0.0,0.0,12
0.0,[],25,[],2019-04-06 19:36:17,0.0,0,0,7201027,2019-04-06 19:36:17,,0.0,0.0,0.0,btc,0.0,0.0,0.0,12
0,[],2,[],2019-01-20 23:23:08,0.0,0,0,6476890,2019-01-20 23:23:08,,0.0,0.0,0,,0.0,0.0,0.0,12
1,[],4,[],2019-04-06 19:38:17,32171211.79539009,0.00000987,0.000000000510883044,7201028,2019-04-06 19:38:17,btc,3.460459279562283,0.0,0.00000987,btc,254476.93060987,1.57144603,2.527922313324103,13
1,[],10,[],2019-04-06 19:38:19,561464.89138674,0.00000966,0.000000000500013192,7201029,2019-04-06 19:38:19,btc,666790.1539079397,7332.25432231,0.00000966,btc,611537.49315033,0.0,1.2177332365687479,13
1,[],21,[],2019-04-06 19:38:21,1042417.04609507,0.000009909999999999999985658173662,0.000000000512953492,7201030,2019-04-06 19:38:21,btc,5.779655643301918,1205111.29457169,0.000009909999999999999985658173662361747346949414350092411041259765625,btc,521929.10244498,12.22530399,9.29703903394556,13
1,[],4,[],2019-04-06 19:38:22,1818854.99395162,0.00000112,0.000000000057972544,7201031,2019-04-06 19:38:22,btc,6.228846719823594,0.0,0.00000112,btc,948125.95409854,0.0026405,0.2369202587000222,14
1,[],12,[],2019-04-06 19:38:23,313138.68315807,0.00000099,0.000000000051243588000000005,7201032,2019-04-06 19:38:23,btc,0.15814991597400002,0.0,0.00000099,btc,11615.003996,0.0,0.0404439899999587,14
0,[],17,[],2019-04-06 19:38:24,0.0,0,0,7201033,2019-04-06 19:38:24,btc,0.0,0.0,0,btc,0.0,0.0,0.0,14
1,[],26,[],2019-04-06 19:38:24,0.0,0.00000050,0.0000000000258806,7201034,2019-04-06 19:38:24,btc,0.0,0.0,0.00000050,btc,0.0,0.0,0.0,14
0,[],4,[],2019-04-06 19:38:25,0.0,0,0,7201035,2019-04-06 19:38:25,,0.0,0.0,0,,0.0,0.0,0.0,15
,[],12,[],2018-12-01 15:15:48,204241.84496,0.00000489,0.000000000202473384,5260204,2018-12-01 15:15:48,btc,49.5475654835,0.0,,btc,35763.2193806,0.0163153972027625,0.0203389899998,15
1,[],4,[],2019-04-06 19:38:27,26437.17436457,0.00001555,0.00000000080488666,7201036,2019-04-06 19:38:27,btc,1.031630311289273,0.0,0.00001555,btc,14760.71754483,0.02572914,0.0783918175971802,18
1,[],10,[],2019-04-06 19:38:29,480066.52349833,0.00001631,0.0000000008442251720000001,7201037,2019-04-06 19:38:29,btc,15.391603394924076,14217.1069282,0.00001631,btc,13695.49079194,0.0,0.069664413124179,18
1,[],12,[],2019-04-06 19:38:30,315385.53164406,0.00001622000000000000055773961837868313295984989963471889495849609375,0.000000000839566664,7201038,2019-04-06 19:38:30,btc,33874.33541604608,0.0,0.00001622000000000000055773961837868313295984989963471889495849609375,btc,893.33702463,0.00047212519441,0.0338694999616835,18
0,[],17,[],2019-04-06 19:38:32,0.0,0,0,7201039,2019-04-06 19:38:32,btc,0.0,0.0,0,btc,0.0,0.0,0.0,18
0,[],2,[],2019-01-20 23:23:38,0.0,0,0,6476906,2019-01-20 23:23:38,,0.0,0.0,0,,0.0,0.0,0.0,18
1,[],3,[],2019-04-06 19:38:33,125030.4637128088,0.00003021000000000000044347338301609084965093643404543399810791015625,0.000000001563705852,7201040,2019-04-06 19:38:33,btc,0.3729387997334262,5762.73634193,0.00003021000000000000044347338301609084965093643404543399810791015625,btc,6300.933458290733,0.0,0.22589705972544485,19
1,[],4,[],2019-04-06 19:38:34,279518.08992843,0.00003623,0.000000001875308276,7201041,2019-04-06 19:38:34,btc,9.514966258005334,0.0,0.00003623,btc,166637.15043724,2.9568507,4.379255942199642,19
1,[],5,[],2019-04-06 19:38:36,0.0,0,0,7201042,2019-04-06 19:38:36,btc,0.0,4.081e-05,0,btc,0.0,0.0,0.0,19
1,[],12,[],2019-04-06 19:38:37,184557.01793961,0.0000348700000000000032607423705588445272951503284275531768798828125,0.0000000018049130440000002,7201043,2019-04-06 19:38:37,btc,0.0956438331212898,0.0,0.0000348700000000000032607423705588445272951503284275531768798828125,btc,478.3094696,6.93e-05,0.0938148269841939,19
0,[],27,[],2019-04-06 19:39:39,0.0,0,0,7201044,2019-04-06 19:39:39,,0.0,0.0,0,,0.0,0.0,0.0,19
0,[],2,[],2019-01-20 23:24:19,0.0,0,0,6476924,2019-01-20 23:24:19,,0.0,0.0,0,,0.0,0.0,0.0,19
1,[],4,[],2019-04-06 19:39:40,1423114.09920322,0.00000011,0.000000000005693732,7201045,2019-04-06 19:39:40,btc,6.074298577343329,0.0,0.00000011,btc,2365861.04881084,0.0,0.0461847363435042,20
1,[],4,[],2019-04-06 19:39:41,88952622.77545188,0.00000001,0.000000000000517612,7201046,2019-04-06 19:39:41,btc,51.150148807831066,0.0,0.00000001,btc,63900362.95856905,0.00167666,0.8895262277545188,21
1,[],12,[],2019-04-06 19:39:42,10305683.0,0.00000001,0.000000000000517612,7201047,2019-04-06 19:39:42,btc,2904.544298048981,0.0,0.00000001,btc,5070284.70629371,0.00174333,0.10305683,21
0,[],17,[],2019-04-06 19:39:43,0.0,0,0,7201048,2019-04-06 19:39:43,btc,0.0,0.0,0,btc,0.0,0.0,0.0,21
1,[],12,[],2019-04-06 19:39:44,3704436917.0,0.0000000002,0.00000000000001035224,7201049,2019-04-06 19:39:44,btc,317475322038.36914,0.0,0.0000000002,btc,2210427378.9850154,0.026043460981019066,0.4727725407,23
0,[],27,[],2019-04-06 19:39:44,0.0,0,0,7201050,2019-04-06 19:39:44,,0.0,0.0,0,,0.0,0.0,0.0,23
1,[],4,[],2019-04-06 19:39:45,456482.12456973,0.00000043,0.000000000022257316,7201051,2019-04-06 19:39:45,btc,13.741567412113044,0.0,0.00000043,btc,2136665.12533629,0.01766354,0.1315194977186669,24
1,[],22,[],2019-04-06 19:39:48,11.76,0.00000100,0.0000000000517612,7201052,2019-04-06 19:39:48,BTC,7.415e-05,0.0,0.00000100,BTC,23.919354838709676,0.0,1.176e-05,24
0.0,[],25,[],2019-04-06 19:39:49,0.0,0,0,7201053,2019-04-06 19:39:49,,0.0,0.0,0.0,btc,0.0,0.0,0.0,24
1,[],4,[],2019-04-06 19:39:50,26742634.21412575,0.00000840,0.00000000043479408,7201054,2019-04-06 19:39:50,btc,173.13342375262613,0.0,0.00000840,btc,251002.85949604,0.67269279,0.7424396558030262,26
1,[],10,[],2019-04-06 19:39:52,93401.07359953,0.00000684,0.000000000354046608,7201055,2019-04-06 19:39:52,btc,25.56761866066658,4134.64905467,0.00000684,btc,21598.16272848,0.0,0.1211885837738389,26
0,[],2,[],2019-01-20 23:25:56,0.0,0,0,6476976,2019-01-20 23:25:56,,0.0,0.0,0,,0.0,0.0,0.0,26
1,[],3,[],2019-04-06 19:39:52,5331321.13394161,0.00000001,0.000000000000517612,7201056,2019-04-06 19:39:52,btc,1.864353074990055,646261.679472,0.00000001,btc,14391773.97901568,0.0,0.053313211339416106,27
1,[],5,[],2019-04-06 19:39:54,0.0,0,0,7201057,2019-04-06 19:39:54,btc,0.0,0.00151714,0,btc,0.0,0.0,0.0,27
1,[],11,[],2019-04-06 19:39:56,7108765.91256781,0.00000006,0.0000000000031056719999999996,7201058,2019-04-06 19:39:56,btc,67502.97299864117,1198400.0,0.00000006,btc,6586383.7503637,0.0,0.38614616491802245,27
1,[],4,[],2019-04-06 19:39:57,1821203456.8326888,0.00000003,0.000000000001552836,7201059,2019-04-06 19:39:57,btc,5.901406209055358,0.0,0.00000003,"btc,ltc",432565572.3203249,1.37587244,18.099095205138717,29
1,[],7,[],2019-04-06 19:39:58,41868984.83091861,0.00000003,0.0000000000015528359999999998,7201060,2019-04-06 19:39:58,btc,44884768.159358144,217237.635441,0.00000003,btc,29506278.00737847,0.00871282,0.5578138736086018,29
1,[],4,[],2019-04-06 19:40:00,2394263.11414765,0.00000016,0.000000000008281792,7201061,2019-04-06 19:40:00,btc,3.281124649779396,0.0,0.00000016,btc,2709867.58131995,0.01149073,0.0925500564546326,30
0,[],17,[],2019-04-06 19:40:01,0.0,0,0,7201062,2019-04-06 19:40:01,btc,0.0,0.0,0,btc,0.0,0.0,0.0,30
1,[],4,[],2019-04-06 19:40:02,163433.56182265,0.00009709,0.000000005025494908,7201063,2019-04-06 19:40:02,btc,8.477436025582561,0.0,0.00009709,btc,45464.87932989,7.20639152,2.4911819708433782,31
1,[],21,[],2019-04-06 19:40:03,88683.75936792,0.00009738000000000000616010714660,0.000000005040505656,7201064,2019-04-06 19:40:03,btc,6.938118794073496,2076322.43965589,0.000097380000000000006160107146602200600682408548891544342041015625,btc,65766.05906803,195.00361068,7.967073099228953,31
0,[],2,[],2019-01-20 23:28:43,0.0,0,0,6477009,2019-01-20 23:28:43,,0.0,0.0,0,,0.0,0.0,0.0,32
0,[],4,[],2019-04-06 19:40:04,0.0,0,0,7201065,2019-04-06 19:40:04,,0.0,0.0,0,,0.0,0.0,0.0,33
1,[],12,[],2019-03-30 07:55:10,40641173.964,0.00000003,0.000000000001228359,7108785,2019-03-30 07:55:10,btc,4233210.82356125,0.0,0.00000003,btc,28378394.68333462,0.0126927883965248,0.90752895892,33
1,[],4,[],2019-04-06 19:40:05,1838634.31472552,0.00000001,0.000000000000517612,7201066,2019-04-06 19:40:05,btc,4.163411189892948,0.0,0.00000001,btc,151694738.09006476,0.08603156,0.0183863431472552,34
1,[],5,[],2019-04-06 19:40:06,0.0,0,0,7201067,2019-04-06 19:40:06,btc,0.0,0.00114772,0,btc,0.0,0.0,0.0,34
0.00000000018348380000000002,[],4,[],2019-04-06 19:40:07,3074216902.22278,1.834838e-18,9.49734166856e-23,7201068,2019-04-06 19:40:07,ltc,6.054673390396328e-08,0.0,0.00000001,ltc,6526539205.278749,0.0,5.640689992440642e-09,36
1,[],5,[],2019-04-06 19:40:08,0.0,0,0,7201069,2019-04-06 19:40:08,btc,0.0,0.0,0,btc,0.0,0.0,0.0,36
0,[],17,[],2019-04-06 19:40:10,0.0,0,0,7201070,2019-04-06 19:40:10,btc,0.04377468788492756,0.0,0,btc,1018272.20243647,0.0,0.0,36
0,[],27,[],2019-04-06 19:40:17,0.0,0,0,7201071,2019-04-06 19:40:17,,0.0,0.0,0,,0.0,0.0,0.0,36
1,[],4,[],2019-04-06 19:40:19,636282.66683285,0.00000039,0.000000000020186868,7201072,2019-04-06 19:40:19,btc,19775.086002155396,0.0,0.00000039,btc,776632.71630369,0.03703439,0.0524220859811299,37
1,[],12,[],2019-04-06 19:40:20,543001.83565488,0.0000004,0.000000000020704479999999998,7201073,2019-04-06 19:40:20,btc,18.608908268113566,0.0,0.0000004,btc,436009.86281527,0.088383094586592,0.1422616337449769,37
1,[],17,[],2019-04-06 19:40:21,1752.74075282,0.00000025,0.0000000000129403,7201074,2019-04-06 19:40:21,btc,0.05548492397794079,0.0,0.00000025,btc,1387.19918473,0.0,0.00043818518820499993,37
0,[],27,[],2019-04-06 19:40:21,0.0,0,0,7201075,2019-04-06 19:40:21,,0.0,0.0,0,,0.0,0.0,0.0,37
1,[],5,[],2019-04-06 19:40:22,0.0,0,0,7201076,2019-04-06 19:40:22,btc,0.0,0.00379152,0,btc,0.0,0.0,0.0,42
1,[],12,[],2019-04-06 19:40:23,251781.39477087,0.00000081,0.000000000041926571999999996,7201077,2019-04-06 19:40:23,btc,10.205685556744834,0.0,0.00000081,btc,43182.90522738,0.006369758705197,0.0167983970813325,42
0,[],27,[],2019-04-06 19:40:24,0.0,0,0,7201078,2019-04-06 19:40:24,,0.0,0.0,0,,0.0,0.0,0.0,42
1,[],5,[],2019-04-03 07:21:02,0.0,0,0,7159930,2019-04-03 07:21:02,btc,0.0,0.00286478,0,btc,0.0,0.0,0.0,43
0,[],17,[],2019-04-03 07:21:05,0.0,0,0,7159931,2019-04-03 07:21:05,btc,0.0,0.0,0,btc,0.0,0.0,0.0,43
1,[],12,[],2019-03-13 09:13:29,1112112.0,0.00000001,0.000000000000386531,6919902,2019-03-13 09:13:29,btc,29058.00478931866,0.0,0.00000001,btc,5967681.93306694,9.99000999e-07,0.01112112,43
1,[],12,[],2019-03-05 01:54:08,639326.02,0.00000004,0.000000000001486676,6845775,2019-03-05 01:54:08,btc,11116042.728239931,0.0,0.00000004,btc,1103841.4595604,0.0003330765234764,0.014975410599999999,44
1,[],4,[],2019-04-06 19:40:24,123385088.37486273,0.00000001,0.000000000000517612,7201079,2019-04-06 19:40:24,btc,479.51177528246194,0.0,0.00000001,"btc,ltc",18173067.44563179,0.00039092,0.18926482835578762,49
0.00000000018348380000000002,[],4,[],2019-04-06 19:40:25,1580318987.638,1.834838e-18,9.49734166856e-23,7201080,2019-04-06 19:40:25,ltc,24.56208908731918,0.0,0.00000001,ltc,7122350034.67441,0.0,2.8996293306397328e-09,52
0.0000000001329174,[],22,[],2019-04-06 19:40:28,2590.0,1.329174e-18,6.87996412488e-23,7201081,2019-04-06 19:40:28,XMR,10308.14362209,0.0,0.00000001,XMR,314387050.4566013,0.0,2.59e-05,57
0,[],27,[],2019-04-06 19:40:28,0.0,0,0,7201082,2019-04-06 19:40:28,,0.0,0.0,0,,0.0,0.0,0.0,57
0.00000000018348380000000002,[],4,[],2019-04-06 19:40:29,1195855164.3009994,1.834838e-18,9.49734166856e-23,7201083,2019-04-06 19:40:29,ltc,18.627670319558863,0.0,0.00000001,ltc,4726971155.11432,0.0,2.1942004979557173e-09,58
1,[],12,[],2019-04-06 19:40:30,800852519.0,0.0000000002,0.00000000000001035224,7201084,2019-04-06 19:40:30,btc,8621350.711208226,0.0,0.0000000002,btc,1888465066.0627732,0.003731844015034182,0.14259693040000002,58
0,[],17,[],2019-04-06 19:40:32,0.0,0,0,7201085,2019-04-06 19:40:32,btc,1e+24,0.0,0,btc,49306342.21952568,0.0,0.0,58
0.0000000001329174,[],22,[],2019-04-06 19:40:34,137438.0,1.329174e-18,6.87996412488e-23,7201086,2019-04-06 19:40:34,XMR,69.1795942,0.0,0.00000001,XMR,9887963.0,0.0,0.00137438,58
1,[],5,[],2019-04-06 19:40:36,0.0,0,0,7201087,2019-04-06 19:40:36,btc,0.0,0.03489947,0,btc,0.0,0.0,0.0,61
1,[],22,[],2019-04-06 19:40:39,63542.833333333336,0.00000013,0.000000000006728956,7201088,2019-04-06 19:40:39,BTC,1002.29602762,0.0,0.00000013,BTC,15234.52361146909,9.23e-06,0.00802346,61
1,[],26,[],2019-04-06 19:40:39,0.0,0.00000800,0.0000000004140896,7201089,2019-04-06 19:40:39,btc,0.0,0.0,0.00000800,btc,0.0,0.0,0.0,61
0,[],27,[],2019-04-06 19:40:39,0.0,0,0,7201090,2019-04-06 19:40:39,,0.0,0.0,0,,0.0,0.0,0.0,61
1,[],28,[],2019-04-06 19:40:41,1880.304,0.00000022,0.000000000011387464,7201091,2019-04-06 19:40:41,btc,2.071633822092105,727.0,0.00000022,btc,26999.49520005,0.0,0.00016391304,61
1,[],4,[],2019-04-06 19:40:42,1652479.49796697,0.00000194,0.000000000100416728,7201092,2019-04-06 19:40:42,btc,9.552043233613555,0.0,0.00000194,btc,908149.67905889,0.24164856,1.321017209262501,67
0.0,[],25,[],2019-04-06 19:40:43,0.0,0,0,7201093,2019-04-06 19:40:43,,0.0,0.0,0.0,btc,0.0,0.0,0.0,67
1,[],12,[],2019-04-06 19:40:44,1044761.64468861,0.00000028,0.000000000014493136,7201094,2019-04-06 19:40:44,btc,56667922.00827555,0.0,0.00000028,btc,1222027.77986859,0.0009396980619373,0.0688713199999916,71
,[],5,[],2018-11-20 23:02:39,1.5e-07,0.00000005,0.000000000002128045,4862160,2018-11-20 23:02:39,btc,2.84511358,0.0,,btc,0.00036572,0.0,0.07381892,74
1,[],5,[],2019-04-06 19:40:46,0.0,0,0,7201095,2019-04-06 19:40:46,btc,0.0,0.01503894,0,btc,0.0,0.0,0.0,75
0,[],20,[],2019-01-25 09:30:31,0.0,0,0,6495923,2019-01-25 09:30:31,btc,0.0,0.0,0,btc,0.0,0.0,0.0,81
1,[],4,[],2019-04-06 19:19:40,3278481.00028221,0.00000001,0.0000000000005158439999999999,7200734,2019-04-06 19:19:40,btc,133687.84611762472,0.0,0.00000001,btc,31162640.97478575,0.04249948,0.0327848100028221,81
1,[],4,[],2019-04-06 19:40:47,18885.10951229,0.00007765,0.00000000401925718,7201096,2019-04-06 19:40:47,btc,17.739679663710813,0.0,0.00007765,btc,12832.98088941,0.25796572,0.2834669361111703,82
1,[],21,[],2019-04-06 19:40:48,745427.67090898,0.00007619999999999999549301493706,0.00000000394420344,7201097,2019-04-06 19:40:48,btc,4.003797326557741,13521.99165271,0.000076199999999999995493014937064657488008379004895687103271484375,btc,46732.02571127,1.03580537,2.1059024300043836,82
0,[],17,[],2019-03-25 22:42:34,0.0,0,0,7038780,2019-03-25 22:42:34,btc,0.0445064681804024,0.0,0,btc,995513.18476001,0.0,0.0,84
0.00000000018348380000000002,[],4,[],2019-04-06 19:40:49,248128933.6102013,1.834838e-18,9.49734166856e-23,7201098,2019-04-06 19:40:49,ltc,1.683004875250837,0.0,0.00000001,ltc,449808063.2105059,0.00033713,4.5527639628747454e-10,85
,[],22,[],2018-11-20 23:09:34,3408.1,0.0000001,0.0000000000041895,4862324,2018-11-20 23:09:34,BTC,0.04624735,0.0,,BTC,4990.0,0.0,0.00033081,86
1,[],22,[],2019-04-06 19:40:53,107643.2,0.00000005,0.00000000000258806,7201099,2019-04-06 19:40:53,BTC,3.66195928,0.0,0.00000005,BTC,224414.04041017056,0.0,0.00154216,87
0,[],27,[],2019-04-06 19:41:01,0.0,0,0,7201100,2019-04-06 19:41:01,,0.0,0.0,0,,0.0,0.0,0.0,87
,[],2,[],2018-11-20 23:10:47,0.0,0,0,4862359,2018-11-20 23:10:47,,0.0,0.0,,,0.0,0.0,0.0,88
1,[],11,[],2019-04-06 19:41:03,87988.88349367,0.00014002000000000000448467651903428077275748364627361297607421875,0.000000007247603224,7201101,2019-04-06 19:41:03,btc,529.4490543354095,1899.65128715,0.00014002000000000000448467651903428077275748364627361297607421875,btc,102136.93994005,0.0,5.577187981345771,89
0,[],2,[],2019-01-20 23:31:45,0.0,0,0,6477083,2019-01-20 23:31:45,,0.0,0.0,0,,0.0,0.0,0.0,91
1,[],12,[],2019-04-06 19:41:04,325896.6523943,0.00000076,0.000000000039338512000000004,7201102,2019-04-06 19:41:04,btc,83.15947935535951,0.0,0.00000076,btc,101847.94746334,0.0009263309106686,0.0451748499981599,91
0,[],17,[],2019-04-06 19:41:06,0.0,0,0,7201103,2019-04-06 19:41:06,btc,0.0,0.0,0,btc,0.0,0.0,0.0,91
1,[],22,[],2019-04-06 19:41:08,65900.0,0.00000001,0.000000000000517612,7201104,2019-04-06 19:41:08,BTC,3e-06,0.0,0.00000001,BTC,1.0,0.0,0.000659,91
0,[],22,[],2019-03-21 12:10:46,0.0,0,0,6996572,2019-03-21 12:10:46,,4.56897116,0.0,0,,46768900.1,0.0,0.0,95
0.00000000018348380000000002,[],4,[],2019-04-06 19:41:10,537994002.0830444,2.2018056e-17,1.1396810002272001e-21,7201105,2019-04-06 19:41:10,ltc,11.96264447563058,0.0,0.00000012,ltc,141994246.3578207,0.0,1.2511513834156603e-09,96
0,[],12,[],2019-04-06 19:41:11,0.0,0,0,7201106,2019-04-06 19:41:11,btc,50.50038932737263,0.0,0,btc,5059911.7372627,0.0,0.0,96
0,[],17,[],2019-04-06 19:41:12,0.0,0,0,7201107,2019-04-06 19:41:12,btc,0.0,0.0,0,btc,0.0,0.0,0.0,96
1,[],4,[],2019-04-03 20:04:38,1523570.8786377,0.00000040,0.00000000002042612,7166515,2019-04-03 20:04:38,btc,4.6810255304234305,0.0,0.00000040,btc,3209413.55187158,0.19593752,0.1820333463725714,99
1,[],4,[],2019-04-06 19:41:14,338239.35800317,0.00004743,0.000000002455033716,7201108,2019-04-06 19:41:14,btc,11.155312346837688,0.0,0.00004743,btc,161699.68293073,0.96070289,3.3595963564039666,100
0,[],2,[],2019-01-20 23:23:55,0.0,0,0,6476914,2019-01-20 23:23:55,,0.0,0.0,0,,0.0,0.0,0.0,100
1,[],22,[],2019-04-06 19:41:17,120000.0,0.00000002,0.000000000001035224,7201109,2019-04-06 19:41:17,BTC,24.82891609,0.0,0.00000002,BTC,11877.22,0.0,0.0014,101
1,[],4,[],2019-04-06 19:41:18,392722.13755204,0.00000087,0.000000000045032244,7201110,2019-04-06 19:41:18,btc,278.9886898754854,0.0,0.00000087,btc,644780.53777385,0.01365081,0.2158643016726301,103
1,[],12,[],2019-04-06 19:41:20,38242408.0,0.000000007,0.00000000000036232839999999997,7201111,2019-04-06 19:41:20,btc,468419473.45887774,0.0,0.000000007,btc,90544336.54793233,0.02890983600860768,0.075557059,105
0,[],27,[],2019-04-06 19:41:20,0.0,0,0,7201112,2019-04-06 19:41:20,,0.0,0.0,0,,0.0,0.0,0.0,105
1,[],22,[],2019-04-01 17:44:48,9328.0,0.00000001,0.00000000000041453500000000006,7138290,2019-04-01 17:44:48,BTC,51.38182867,0.0,0.00000001,BTC,470435.0,0.00050637,9.328e-05,107
1,[],26,[],2019-04-01 17:44:48,0.0,0.00000000,0,7138291,2019-04-01 17:44:48,btc,0.0,0.0,0.00000000,btc,0.0,0.0,0.0,107
1,[],5,[],2019-04-06 19:41:22,0.0,0,0,7201113,2019-04-06 19:41:22,btc,0.0,0.00382408,0,btc,0.0,0.0,0.0,112
0,[],22,[],2019-04-06 19:41:24,0.0,0,0,7201114,2019-04-06 19:41:24,,2.78752585,0.0,0,,1029384.0833333334,0.0,0.0,112
0,[],27,[],2019-04-06 19:41:38,0.0,0,0,7201115,2019-04-06 19:41:38,,0.0,0.0,0,,0.0,0.0,0.0,112
1,[],4,[],2019-04-06 19:41:40,419250.73947547,0.00000167,0.000000000086441204,7201116,2019-04-06 19:41:40,btc,3.741528681689751,0.0,0.00000167,btc,469632.20560845,0.03865697,0.4969312093268658,113
1,[],5,[],2019-04-06 19:41:41,0.0,0,0,7201117,2019-04-06 19:41:41,btc,0.0,2.86e-05,0,btc,0.0,0.0,0.0,113
1,[],17,[],2019-04-06 19:41:43,152738.278,0.00000004,0.000000000002070448,7201118,2019-04-06 19:41:43,btc,1.3368030274500111,0.0,0.00000004,btc,51896.221,0.0,0.0022095311199999998,116
0,[],27,[],2019-04-06 19:41:43,0.0,0,0,7201119,2019-04-06 19:41:43,,0.0,0.0,0,,0.0,0.0,0.0,116
1,[],4,[],2019-04-06 19:41:46,63187996.81381198,0.00001273,0.000000000658920076,7201120,2019-04-06 19:41:46,btc,117.98734578187828,0.0,0.00001273,btc,226922.91058901,0.01715239,7.185816159443725,120
1,[],7,[],2019-04-06 19:42:02,9449.68090577,0.000013010000000000000798289385983697030724215437658131122589111328125,0.0000000006734132120000001,7201121,2019-04-06 19:42:02,btc,231206.22071807343,52.20543897,0.000013010000000000000798289385983697030724215437658131122589111328125,btc,30442.9646111,0.0007003,0.0164048842276511,120
1,[],20,[],2019-04-06 19:42:06,1680884.78,0.000000035,0.000000000001811642,7201122,2019-04-06 19:42:06,btc,32.2497668025648,0.0,0.000000035,btc,1001975.4986,0.0,0.0161458672221,125
0,[],22,[],2019-04-06 19:42:08,0.0,0,0,7201123,2019-04-06 19:42:08,,0.01444887,0.0,0,,296263.5111111111,0.0,0.0,126
0,[],2,[],2019-01-20 23:25:46,0.0,0,0,6476969,2019-01-20 23:25:46,,0.0,0.0,0,,0.0,0.0,0.0,131
1,[],4,[],2019-04-06 19:31:32,3237973.46508905,0.00001019,0.0000000005270359710000001,7200941,2019-04-06 19:31:32,btc,4.0346980927372655,0.0,0.00001019,btc,167738.19009953,0.25891462,0.5108464088638061,131
0,[],17,[],2019-04-06 19:31:33,0.0,0,0,7200942,2019-04-06 19:31:33,btc,0.0953976503951408,0.0,0,btc,5037.62507334,0.0,0.0,131
1,[],4,[],2019-04-06 19:42:09,4737.0233826,0.00011163,0.000000005778102756,7201124,2019-04-06 19:42:09,btc,9.983724874003785,0.0,0.00011163,btc,242.95868326,0.0,0.0113309661878044,135
1,[],3,[],2019-03-07 00:20:44,877702.73244099,0.00000004,0.00000000000154846,6863392,2019-03-07 00:20:44,btc,0.119366241821405,0.0,0.00000004,btc,760637.99421222,0.0,0.023771231960604298,136
1,[],4,[],2019-04-06 19:42:10,2549116.37933574,0.00000097,0.000000000050208364,7201125,2019-04-06 19:42:10,btc,50.297318202634365,0.0,0.00000097,btc,590503.51396146,0.04336076,0.1487205033976044,137
1,[],12,[],2019-04-06 19:42:11,148762.7843137,0.000001039999999999999995289683661636725986454621306620538234710693359375,0.000000000053831648,7201126,2019-04-06 19:42:11,btc,10234.705877577542,0.0,0.000001039999999999999995289683661636725986454621306620538234710693359375,btc,10529.14273091,1.457676324e-05,0.008008929999987,137
1,[],4,[],2019-04-06 19:42:13,47267.53632563,0.00002977,0.000000001540930924,7201127,2019-04-06 19:42:13,btc,4.650544996981418,0.0,0.00002977,btc,78130.11835034,1.84503394,0.5288148898752656,142
1,[],5,[],2019-04-06 19:42:14,0.0,0,0,7201128,2019-04-06 19:42:14,btc,0.0,0.07685406,0,btc,0.0,0.0,0.0,142
1,[],17,[],2019-04-06 19:42:16,22967.386363640002,0.00000088,0.000000000045549856,7201129,2019-04-06 19:42:16,btc,20.06976206743871,0.0,0.00000088,btc,2746.079105,0.0,0.0104613000000032,142
1,[],20,[],2019-04-06 19:42:17,60381.2179,0.00002855,0.00000000147778226,7201130,2019-04-06 19:42:17,btc,1.3841158758415,0.02,0.00002855,btc,3331.5358,5.71e-07,0.0449505956761,142
1,[],22,[],2019-04-06 19:42:20,1621.0,0.00001020,0.00000000052796424,7201131,2019-04-06 19:42:20,BTC,3.27948712,0.0,0.00001020,BTC,1169.5278181818182,0.0,0.0007584,142
0.0,[],25,[],2019-04-06 19:42:21,0.0,0,0,7201132,2019-04-06 19:42:21,,0.0,0.0,0.0,btc,0.0,0.0,0.0,142
1,[],28,[],2019-04-06 19:42:23,77757.207,0.00004735,0.00000000245089282,7201133,2019-04-06 19:42:23,btc,0.0477314554747,225.0,0.00004735,btc,312.37303,0.0,0.01634985145,142
0,[],22,[],2019-04-06 19:42:25,0.0,0,0,7201134,2019-04-06 19:42:25,,62.98070713,0.0,0,,767832216.8,0.0,0.0,143
0,[],22,[],2019-02-25 15:42:22,0.0,0,0,6783783,2019-02-25 15:42:22,,4.2131946,0.0,0,,2322156.0,0.0,0.0,146
,[],22,[],2018-11-20 23:01:11,0.0,0,0,4862114,2018-11-20 23:01:11,,2.56807021,0.0,,,61828.4988236,0.0,0.0,147
1,[],12,[],2019-04-06 19:21:48,258230.1405048,0.0000020399999999999999500377954875229846720685600303113460540771484375,0.000000000105232176,7200776,2019-04-06 19:21:48,btc,9.696980102607442,0.0,0.0000020399999999999999500377954875229846720685600303113460540771484375,btc,106386.49999209,0.0,0.0108757599999603,148
1,[],4,[],2019-03-19 21:31:25,255810.0415942,0.00000029,0.000000000011615747,6982695,2019-03-19 21:31:25,btc,218.94922712414143,0.0,0.00000029,btc,793529.37642722,0.00117,0.0608347789473395,152
0,[],22,[],2019-03-19 21:31:27,0.0,0,0,6982696,2019-03-19 21:31:27,,0.0,0.0,0,,0.0,0.0,0.0,152
1,[],5,[],2019-04-06 19:42:27,0.0,0,0,7201135,2019-04-06 19:42:27,btc,0.0,0.0,0,btc,0.0,0.0,0.0,153
,[],16,[],2019-01-11 15:38:59,0.0,0,0,6366141,2019-01-11 15:38:59,btc,0.0,0.0,,btc,0.0,0.0,0.0,155
0,[],22,[],2019-04-06 19:42:30,0.0,0,0,7201136,2019-04-06 19:42:30,,6.80640151,0.0,0,,4675792.242592593,0.0,0.0,156
0,[],23,[],2019-01-20 23:24:29,0.0,0,0,6476932,2019-01-20 23:24:29,,0.0,0.0,0,,0.0,0.0,0.0,156
1,[],22,[],2019-04-06 19:42:33,7066.0,0.00000800,0.0000000004140896,7201137,2019-04-06 19:42:33,BTC,1.79802465,0.0,0.00000800,BTC,802.6461988741639,0.0,0.00062996,157
0,[],22,[],2019-04-06 19:42:35,0.0,0,0,7201138,2019-04-06 19:42:35,,50234.63121379,0.0,0,,55029136.03179465,0.0,0.0,158
,[],17,[],2018-11-20 22:56:10,0.0,0,0,4861976,2018-11-20 22:56:10,btc,1.1265625,0.0,,btc,1000.0,0.0,0.0,159
,[],20,[],2018-11-20 22:56:12,0.0,0,0,4861977,2018-11-20 22:56:12,btc,11912.7940471,0.0,,btc,34413894.3617,0.0,0.0,159
1,[],12,[],2019-04-06 19:42:37,234776.70402683,0.0000061000000000000000416008373582688051328659639693796634674072265625,0.00000000031574332,7201139,2019-04-06 19:42:37,btc,17.952585203575595,0.0,0.0000061000000000000000416008373582688051328659639693796634674072265625,btc,10344.22349395,0.0022924125671967,0.1048953924999658,168
1,[],17,[],2019-04-06 19:42:38,22852.0,0.00000001,0.000000000000517612,7201140,2019-04-06 19:42:38,btc,0.04106974251542,0.0,0.00000001,btc,256.46171372,0.0,0.00022852000000000001,168
1,[],22,[],2019-04-06 19:42:42,993744.0,0.00000001,0.000000000000517612,7201141,2019-04-06 19:42:42,BTC,45.65738194,0.0,0.00000001,BTC,529106.1947107811,0.0,0.00993744,169
1,[],22,[],2019-04-06 19:42:45,640018.6666666666,0.00000005,0.00000000000258806,7201142,2019-04-06 19:42:45,BTC,11.28981243,0.0,0.00000005,BTC,121855.29625227844,0.0,0.01551998,171
1,[],22,[],2019-04-01 09:30:11,464224.0,0.00000029,0.000000000011989963000000002,7131874,2019-04-01 09:30:11,BTC,2.300003,0.0,0.00000029,"BTC,LTC",295879.07579844765,0.00203181,0.12689866,173
1,[],5,[],2019-04-06 19:32:40,0.0,0,0,7200962,2019-04-06 19:32:40,btc,0.0,0.01728591,0,btc,0.0,0.0,0.0,175
1,[],22,[],2019-04-06 19:42:48,634768.6666666666,0.00000003,0.000000000001552836,7201143,2019-04-06 19:42:48,BTC,0.52441472,0.0,0.00000003,BTC,129184.40469601455,1.391e-05,0.00704306,176
1,[],7,[],2019-04-06 19:42:50,0.0,0,0,7201144,2019-04-06 19:42:50,btc,410872.1972190696,0.0,0,btc,85385347.2367181,0.0,0.0,178
0,[],22,[],2019-04-06 19:42:52,0.0,0,0,7201145,2019-04-06 19:42:52,,1.00242438,0.0,0,,57522.0,0.0,0.0,178
0,[],2,[],2019-01-20 23:28:34,0.0,0,0,6477001,2019-01-20 23:28:34,,0.0,0.0,0,,0.0,0.0,0.0,178
1,[],5,[],2019-04-06 19:42:54,0.0,0,0,7201146,2019-04-06 19:42:54,btc,0.0,0.18895201,0,btc,0.0,0.0,0.0,179
1,[],22,[],2019-04-06 19:42:57,866558.0,0.00000001,0.000000000000517612,7201147,2019-04-06 19:42:57,BTC,5.52123924,0.0,0.00000001,BTC,17683112.192249708,9.358e-05,0.00866558,179
0,[],23,[],2019-01-20 23:25:08,0.0,0,0,6476952,2019-01-20 23:25:08,,0.0,0.0,0,,0.0,0.0,0.0,179
1,[],17,[],2019-04-06 19:42:59,10504.725,0.0000001,0.0000000000051761199999999996,7201148,2019-04-06 19:42:59,btc,5.201069583842988,0.0,0.0000001,btc,5033.45945,0.0,0.0010504725,180
1,[],22,[],2019-04-06 19:43:02,671853.7090909091,0.00000055,0.00000000002846866,7201149,2019-04-06 19:43:02,BTC,38.03645013,0.0,0.00000055,"BTC,LTC",131471.8594236411,0.0,0.55989283,180
1,[],26,[],2019-04-06 19:43:03,0.0,0.00000125,0.0000000000647015,7201150,2019-04-06 19:43:03,btc,0.0,0.0,0.00000125,btc,0.0,0.0,0.0,180
,[],7,[],2018-11-20 22:58:01,562227.975654,0.00000085,0.000000000036176765,4862015,2018-11-20 22:58:01,btc,21836.6059674,2491.87645172,,btc,749999.041456,0.00211021,0.127565380455,183
,[],5,[],2019-01-10 08:11:41,0.0,0,0,6347036,2019-01-10 08:11:41,btc,82.15055501,0.00261,,btc,1.19002445,0.0,0.0,187
1,[],24,[],2019-04-06 19:43:03,0.0,0.000000000014,7.246568e-16,7201151,2019-04-06 19:43:03,btc,0.0,0.0,0.000000000014,btc,0.0,0.0,0.0,187
,[],17,[],2018-11-16 20:58:10,4062536.27273,0.00000001,0.000000000000550501,4708775,2018-11-16 20:58:10,btc,3.36492563466,0.195460381006,,"btc,eth",110697919.549,0.0,0.0157628953496,187
1,[],22,[],2019-03-26 06:20:29,12315.0,0.00000001,0.00000000000039339800000000003,7044441,2019-03-26 06:20:29,BTC,7.56699454,0.0,0.00000001,BTC,79361.7243344055,0.0,0.00012315,191
0,[],22,[],2019-04-06 19:43:07,0.0,0,0,7201152,2019-04-06 19:43:07,,0.0,0.0,0,,0.0,0.0,0.0,197
0,[],23,[],2019-01-20 23:31:41,0.0,0,0,6477079,2019-01-20 23:31:41,,0.0,0.0,0,,0.0,0.0,0.0,199
0.00000000018348380000000002,[],22,[],2019-04-06 19:43:10,40000000.0,1.834838e-18,9.49734166856e-23,7201153,2019-04-06 19:43:10,LTC,5.45812985,0.0,0.00000001,LTC,26942169.15,0.0,0.4,199
1,[],26,[],2019-04-06 19:43:10,0.0,0.00000000,0,7201154,2019-04-06 19:43:10,btc,0.0,130270.0,0.00000000,btc,0.0,0.0,0.0,199
0,[],2,[],2019-01-20 23:30:49,0.0,0,0,6477059,2019-01-20 23:30:49,,0.0,0.0,0,,0.0,0.0,0.0,201
1,[],4,[],2019-01-25 15:51:35,2084389.58565343,0.00000936,0.000000000333526752,6499557,2019-01-25 15:51:35,btc,2.0092503037378524,0.0,0.00000936,btc,160195.80207885,0.19272417,1.242687955921835,211
1,[],7,[],2019-04-06 19:43:13,3035594.7180086,0.00000110000000000000005610204141526242693771564518101513385772705078125,0.00000000005693732,7201155,2019-04-06 19:43:13,btc,15586195.651696628,575693.226982,0.00000110000000000000005610204141526242693771564518101513385772705078125,btc,13525271.36062845,0.0,2.4102487581087684,212
1,[],12,[],2019-01-25 02:44:32,207462.42853209,0.000001080000000000000035831255497387193287295303889550268650054931640625,0.000000000038610756000000006,6493050,2019-01-25 02:44:32,btc,85023.03793723314,0.0,0.000001080000000000000035831255497387193287295303889550268650054931640625,btc,43675.73520027,0.000146250909087,0.0348620860622024,213
1,[],5,[],2019-04-06 19:43:15,0.0,0,0,7201156,2019-04-06 19:43:15,btc,0.0,0.19054271,0,btc,0.0,0.0,0.0,213
1,[],24,[],2019-04-06 19:43:15,0.0,0.000000220000,0.000000000011387464,7201157,2019-04-06 19:43:15,btc,0.0,0.0,0.000000220000,btc,0.0,0.0,0.0,213
1,[],26,[],2019-04-06 19:43:15,0.0,0.00000040,0.00000000002070448,7201158,2019-04-06 19:43:15,btc,0.0,0.0,0.00000040,btc,0.0,0.0,0.0,213
1,[],22,[],2019-04-06 19:43:18,35836.0,0.00000001,0.000000000000517612,7201159,2019-04-06 19:43:18,BTC,9.52190871,0.0,0.00000001,BTC,1112735.9818427025,0.00214164,0.00035836,216
0,[],27,[],2019-04-06 19:43:29,0.0,0,0,7201160,2019-04-06 19:43:29,,0.0,0.0,0,,0.0,0.0,0.0,216
1,[],22,[],2019-04-06 19:43:32,314455.1172227093,0.00000144,0.000000000074536128,7201161,2019-04-06 19:43:32,BTC,12042.77313975,0.0,0.00000144,BTC,398215.1682955882,0.17119098,0.31954893,217
1,[],7,[],2019-04-06 19:43:35,0.0,0,0,7201162,2019-04-06 19:43:35,btc,77969.70443924062,0.0,0,btc,136424979.15198368,0.0,0.0,219
0,[],27,[],2019-04-06 19:43:35,0.0,0,0,7201163,2019-04-06 19:43:35,,0.0,0.0,0,,0.0,0.0,0.0,219
0.000000000000006700000000000001,[],28,[],2019-04-06 19:43:37,2039866468.999,3.01567e-18,1.5609469800400002e-22,7201164,2019-04-06 19:43:37,doge,126776.05050840901,1342304.619,0.00045010,"btc,doge",16003599.13126,0.0,2.4925088026718922e-11,219
1,[],22,[],2019-04-02 19:32:29,694653.0,0.00000007,0.00000000000330008,7153804,2019-04-02 19:32:29,BTC,2.83309452,0.0,0.00000007,BTC,94373.03430328587,0.00135954,0.03572421,221
1,[],24,[],2019-04-02 19:32:29,0.0,0.000000140000,0.00000000000660016,7153805,2019-04-02 19:32:29,btc,0.0,0.0,0.000000140000,btc,0.0,0.0,0.0,221
1,[],20,[],2019-03-31 04:10:59,44278413.4439,0.000000004,0.0000000000001637328,7116160,2019-03-31 04:10:59,btc,505.9313517634928,196869.539,0.000000004,btc,19332181.9792,0.000787478156,0.0533873483986,224
0,[],22,[],2019-03-31 04:11:02,0.0,0,0,7116161,2019-03-31 04:11:02,,0.0,0.0,0,,0.0,0.0,0.0,224
1,[],26,[],2019-04-06 19:43:38,0.0,0.00000022,0.000000000011387464,7201165,2019-04-06 19:43:38,btc,0.0,0.0,0.00000022,btc,0.0,0.0,0.0,231
1,[],26,[],2019-04-06 19:34:27,0.0,0.00000005,0.0000000000025860450000000002,7200986,2019-04-06 19:34:27,btc,0.0,100.0,0.00000005,btc,0.0,0.0,0.0,234
0,[],27,[],2019-04-06 19:34:27,0.0,0,0,7200987,2019-04-06 19:34:27,,0.0,0.0,0,,0.0,0.0,0.0,234
1,[],4,[],2019-04-06 19:43:39,17261779.09830649,0.00000082,0.000000000042444184,7201166,2019-04-06 19:43:39,btc,4.9301431479628475,0.0,0.00000082,btc,1317900.42665315,0.05548193,0.3231191744789258,236
1,[],24,[],2019-04-06 19:43:39,0.0,0.000000500000,0.0000000000258806,7201167,2019-04-06 19:43:39,btc,0.0,0.0,0.000000500000,btc,0.0,0.0,0.0,236
1,[],20,[],2019-04-06 19:43:41,76538551.267,0.000000035,0.000000000001811642,7201168,2019-04-06 19:43:41,btc,481.6983981211461,11892777.4499,0.000000035,btc,28330677.8536,0.4262283995135,0.6535444701422,237
1,[],22,[],2019-04-06 19:43:45,795976.9,0.00000001,0.000000000000517612,7201169,2019-04-06 19:43:45,BTC,1.20377519,0.0,0.00000001,"BTC,LTC",18869.0,0.0,0.12586331,237
1,[],4,[],2019-04-06 19:24:47,5934368.20768609,0.00000035,0.00000000001805454,7200815,2019-04-06 19:24:47,btc,4.454503946885275,0.0,0.00000035,btc,8014784.3843314,0.34976521,1.4458531003536994,238
1,[],5,[],2019-04-06 19:24:48,0.0,0,0,7200816,2019-04-06 19:24:48,btc,0.0,0.26973193,0,btc,0.0,0.0,0.0,238
0,[],22,[],2019-03-12 16:49:32,0.0,0,0,6914458,2019-03-12 16:49:32,,0.40415746,0.0,0,,526736.5639027493,0.0,0.0,249
0.00000000018273160000000002,[],22,[],2019-04-06 19:24:51,20049849.0,1.827316e-18,9.42609994704e-23,7200817,2019-04-06 19:24:51,LTC,1.14205724,0.0,0.00000001,LTC,25813701.586031746,5.3948858946432e-11,0.20049849,252
1,[],28,[],2019-04-06 19:34:36,1649098.299,0.00000079,0.000000000040859511000000004,7200992,2019-04-06 19:34:36,btc,164694.2813041011,287816.8169,0.00000079,btc,603529.2518,0.0,0.7605202471,256
1,[],22,[],2019-04-06 19:43:49,1243358.5,0.00000002,0.000000000001035224,7201170,2019-04-06 19:43:49,BTC,21.75700264,0.0,0.00000002,"BTC,LTC",545178.2454253442,9e-05,0.01333363,258
1,[],22,[],2019-03-13 00:07:30,47146.0,0.00000001,0.000000000000387233,6917028,2019-03-13 00:07:30,BTC,2.415167,0.0,0.00000001,BTC,157.0,0.0,0.00047146,259
1,[],5,[],2019-04-06 19:43:51,0.0,0,0,7201171,2019-04-06 19:43:51,btc,0.0,0.28764419,0,btc,0.0,0.0,0.0,264
1,[],20,[],2019-04-06 19:43:53,1258508.9586,0.000001255,0.000000000064960306,7201172,2019-04-06 19:43:53,btc,4.7303052735014,152639.3416,0.000001255,btc,97054.1913,0.312879162292,0.0205684022069,264
0,[],22,[],2019-04-06 19:43:55,0.0,0,0,7201173,2019-04-06 19:43:55,,66.41228252,0.0,0,,721235.4233983938,0.0,0.0,271
0,[],22,[],2019-04-06 19:44:25,0.0,0,0,7201174,2019-04-06 19:44:25,,111843.11266242,0.0,0,,14245627424.692,0.0,0.0,272
0.000000000000006700000000000001,[],28,[],2019-04-06 19:44:27,257616479557.083,3.015e-21,1.5606001800000001e-25,7201175,2019-04-06 19:44:27,doge,44525780.772659756,71970882340.2091,0.00000045,doge,251984028477.3362,0.0,6.379237465336648e-10,272
1,[],22,[],2019-04-06 19:35:12,225244.41176470587,0.00000017,0.000000000008792553,7200999,2019-04-06 19:35:12,BTC,79.78708232,0.0,0.00000017,BTC,47299.28614701752,0.0,0.01883593,281
1,[],22,[],2019-04-06 19:44:31,956167.0095238095,0.00000015,0.00000000000776418,7201176,2019-04-06 19:44:31,BTC,1.42061949,0.0,0.00000015,BTC,245610.08724868446,0.01108809,0.0650557,286
0,[],22,[],2019-04-06 19:44:34,0.0,0,0,7201177,2019-04-06 19:44:34,,1044974.57066254,0.0,0,,1132418521.4347825,0.0,0.0,294
