pairValue,buyBook,exchangeId,sellBook,updated,buyTotal,satoshiPrice,usdPrice,exchangeLogId,created,bestPair,sellTotalBtc,volume,pairPrice,activePairs,sellTotal,volumeBtc,buyTotalBtc,coinId
0.0,[],25,[],2019-05-23 19:58:37,0.0,0,0,7674880,2019-05-23 19:58:37,btc,15.349999999425933,5310.42793174,0.0,btc,1391.67277029,58.4,0.0,1
1,[],26,[],2019-05-23 19:58:38,0.0,0,0,7674881,2019-05-23 19:58:38,,0.0,0.0,0,,0.0,0.0,0.0,1
0,[],28,[],2019-05-23 19:58:51,0.0,0,0,7674882,2019-05-23 19:58:51,,0.0,359381.6924,0,,0.0,0.0,0.0,1
1,[],3,[],2019-05-22 18:07:34,1123.259330580089,0.01114142000000000083670403938640447449870407581329345703125,0.0000008809019430100001,7669457,2019-05-22 18:07:34,btc,1.846938727610729,30.8730799403,0.01114142000000000083670403938640447449870407581329345703125,btc,27.179280298868,0.0,0.2238721862652316,1
0,[],2,[],2019-01-20 23:28:45,0.0,0,0,6477011,2019-01-20 23:28:45,,0.0,0.0,0,,0.0,0.0,0.0,1
1,[],4,[],2019-05-23 19:58:23,207672.35080156,0.01071933,0.00000083368517142,7674872,2019-05-23 19:58:23,btc,8.23938865853601,0.0,0.01071933,btc,344.74180599,0.86116758,0.5018674024471304,1
1,[],5,[],2019-05-23 19:58:25,0.0,0,0,7674873,2019-05-23 19:58:25,btc,0.0,0.00020568,0,btc,0.0,0.0,0.0,1
1,[],10,[],2019-05-23 19:58:27,255905.88991114,0.00753841,0.00000058629229934,7674874,2019-05-23 19:58:27,btc,6524.148467336154,999.71793764,0.00753841,btc,1449.49130022,0.0,2.4502878223734545,1
1,[],12,[],2019-05-23 19:58:28,45.6316407,0.0108000000000000005717648576819556183181703090667724609375,0.0000008399592,7674875,2019-05-23 19:58:28,btc,0.2034562586382,0.0,0.0108000000000000005717648576819556183181703090667724609375,btc,18.08497102,0.0656032809597,0.3007678481872,1
1,[],20,[],2019-05-23 19:58:30,972.825,0.01026283,0.00000079818134042,7674876,2019-05-23 19:58:30,btc,0.2218784056979,0.1012,0.01026283,btc,16.9969,0.0011400531634,0.1007736143571,1
1,[],21,[],2019-05-23 19:58:32,1702.32036285,0.01075716999999999992643218150,0.00000083662813958,7674877,2019-05-23 19:58:32,btc,11.47159516979524,5111.84949594,0.0107571699999999999264321814962386270053684711456298828125,"btc,eth",1421.68368096,54.30981742900883,15.551851531750224,1
1,[],22,[],2019-05-23 19:58:35,0.0025666666666666667,0.00900000,0.000000699966,7674878,2019-05-23 19:58:35,BTC,0.31629903,0.0,0.00900000,BTC,0.2505752479991019,0.0,2.31e-05,1
1,[],24,[],2019-05-23 19:58:36,0.0,0.000000000000,0,7674879,2019-05-23 19:58:36,btc,0.0,0.0,0.000000000000,btc,0.0,0.0,0.0,1
1,[],5,[],2019-05-23 19:58:52,0.0,0,0,7674883,2019-05-23 19:58:52,btc,0.0,2.003e-05,0,btc,0.0,0.0,0.0,2
1,[],22,[],2019-05-23 19:58:56,11638.0,0.0000002,0.0000000000155548,7674884,2019-05-23 19:58:56,BTC,21.00897301,0.0,0.0000002,"BTC,XMR",20678.87287795317,0.0,0.00145435,2
1,[],5,[],2019-05-23 19:58:58,0.0,0,0,7674885,2019-05-23 19:58:58,btc,0.0,0.01177821,0,btc,0.0,0.0,0.0,3
1,[],12,[],2019-05-23 19:59:00,3126207.37248,0.000000119,0.000000000009255106,7674886,2019-05-23 19:59:00,btc,4645.22600604771,0.0,0.000000119,btc,1758692.07055625,0.04221676013578765,0.28332820532512,3
0,[],28,[],2019-05-23 19:59:01,0.0,0,0,7674887,2019-05-23 19:59:01,,0.0,0.0,0,,0.0,0.0,0.0,3
0,[],2,[],2019-01-20 23:31:32,0.0,0,0,6477077,2019-01-20 23:31:32,,0.0,0.0,0,,0.0,0.0,0.0,4
1,[],4,[],2019-05-18 21:29:50,562734.9206932,0.00000010,0.000000000007298720000000001,7650946,2019-05-18 21:29:50,btc,41.9347137769675,0.0,0.00000010,btc,1123702.32192634,0.00052462,0.029254593370966,4
0,[],12,[],2019-05-23 18:04:45,0.0,0,0,7674414,2019-05-23 18:04:45,btc,0.38590181,0.0,0,btc,951906.0,0.0,0.0,5
1,[],11,[],2019-05-23 19:59:03,7800289.776736,0.00000002,0.00000000000155548,7674888,2019-05-23 19:59:03,btc,9578.345872068536,2133927.0,0.00000002,btc,57110629.70519443,0.0,0.10437137276736,6
0,[],2,[],2019-01-20 23:31:51,0.0,0,0,6477087,2019-01-20 23:31:51,,0.0,0.0,0,,0.0,0.0,0.0,6
1,[],4,[],2019-05-23 19:59:04,3196324.97513989,0.00010649,0.00000000828215326,7674889,2019-05-23 19:59:04,btc,9.05721081324801,0.0,0.00010649,btc,50675.66540018,1.25817449,2.2559034592858813,7
1,[],5,[],2019-05-23 19:59:07,0.0,0,0,7674890,2019-05-23 19:59:07,btc,0.0,0.18289397,0,btc,0.0,0.0,0.0,7
1,[],3,[],2019-05-22 18:08:48,11992.400030575094,0.00011500000000000000347812056933349822429590858519077301025390625,0.0000000090925325,7669475,2019-05-22 18:08:48,btc,1.1612001845741802,131.533509258,0.00011500000000000000347812056933349822429590858519077301025390625,btc,282.094355724518,0.0,0.024071946207221296,7
1,[],20,[],2019-04-07 22:06:50,3201475.0482,0.000000001,0.000000000000051590000000000004,7213932,2019-04-07 22:06:50,btc,30.8005781811902,0.0,0.000000001,btc,23077405.3926,0.0,0.0032014750482,8
1,[],4,[],2019-05-23 19:59:10,21240252.6753092,0.00000055,0.0000000000427757,7674891,2019-05-23 19:59:10,btc,4.280982264290781,0.0,0.00000055,btc,3963339.6362261,0.46038225,0.8348348770413494,9
0,[],28,[],2019-05-23 19:59:13,0.0,0,0,7674892,2019-05-23 19:59:13,,0.0,3525635.0,0,,0.0,0.0,0.0,9
0,[],2,[],2019-01-20 23:22:42,0.0,0,0,6476876,2019-01-20 23:22:42,,0.0,0.0,0,,0.0,0.0,0.0,9
0,[],23,[],2019-01-20 23:22:48,0.0,0,0,6476878,2019-01-20 23:22:48,,0.0,0.0,0,,0.0,0.0,0.0,9
1,[],1,[],2019-02-17 23:31:42,1822507.21,0.00000181000000000000003456111265232042484285557293333113193511962890625,0.000000000066086901,6701244,2019-02-17 23:31:42,btc,3.6990969245,17153386.5,0.00000181000000000000003456111265232042484285557293333113193511962890625,btc,1997391.71,31.11772986,3.2610482446,9
1,[],4,[],2019-02-17 11:22:43,4341674.27126056,0.00000002,0.0000000000007272960000000001,6696112,2019-02-17 11:22:43,btc,0.1997230937751353,0.0,0.00000002,btc,4109766.79808031,0.00215132,0.0479381022052112,10
1,[],4,[],2019-05-23 19:59:14,4834907.4116056,0.00000072,0.00000000005599728,7674893,2019-05-23 19:59:14,btc,4.981376784108584,0.0,0.00000072,btc,4412149.06775348,2.16803957,1.5777956074962296,12
1,[],5,[],2019-05-23 19:59:15,0.0,0,0,7674894,2019-05-23 19:59:15,btc,0.0,0.05401667,0,btc,0.0,0.0,0.0,12
0.0,[],25,[],2019-05-23 19:59:17,0.0,0,0,7674895,2019-05-23 19:59:17,,0.0,0.0,0.0,btc,0.0,0.0,0.0,12
0,[],2,[],2019-01-20 23:23:08,0.0,0,0,6476890,2019-01-20 23:23:08,,0.0,0.0,0,,0.0,0.0,0.0,12
1,[],4,[],2019-05-23 19:59:18,345148.3942348,0.00000604,0.00000000046975496,7674896,2019-05-23 19:59:18,btc,2.1390106218099234,0.0,0.00000604,btc,257176.47818617,0.42070925,0.5275741026155246,13
1,[],10,[],2019-05-23 19:59:21,573720.56393285,0.00000628,0.00000000048842072,7674897,2019-05-23 19:59:21,btc,666802.6480485348,6158.02363761,0.00000628,btc,848852.08016171,0.0,0.3097467588924337,13
1,[],21,[],2019-05-23 19:59:22,922029.90846246,0.000006450000000000000078702235701,0.0000000005016422999999999,7674898,2019-05-23 19:59:22,btc,4.290254220486371,725565.20167011,0.0000064500000000000000787022357007227668646009988151490688323974609375,btc,572596.9186374,4.80895124,5.227427247506943,13
1,[],4,[],2019-05-23 19:59:24,922541.55443566,0.00000072,0.00000000005599728,7674899,2019-05-23 19:59:24,btc,4.441808503347173,0.0,0.00000072,btc,817953.73562834,0.00673361,0.1375158157409509,14
1,[],12,[],2019-05-23 19:59:25,131686.03121401,0.00000064,0.00000000004977536,7674900,2019-05-23 19:59:25,btc,0.0147326541497891,0.0,0.00000064,btc,3222.79953077,0.0,0.012993229999967,14
1,[],26,[],2019-05-23 20:01:25,0.0,0.00000050,0.000000000038887,7674901,2019-05-23 20:01:25,btc,0.0,0.0,0.00000050,btc,0.0,0.0,0.0,14
0,[],17,[],2019-05-03 00:53:32,0.0,0,0,7558876,2019-05-03 00:53:32,btc,0.0,0.0,0,btc,0.0,0.0,0.0,14
0,[],4,[],2019-05-23 20:01:27,0.0,0,0,7674902,2019-05-23 20:01:27,,0.0,0.0,0,,0.0,0.0,0.0,15
,[],12,[],2018-12-01 15:15:48,204241.84496,0.00000489,0.000000000202473384,5260204,2018-12-01 15:15:48,btc,49.5475654835,0.0,,btc,35763.2193806,0.0163153972027625,0.0203389899998,15
1,[],4,[],2019-05-23 20:01:28,38366.02894519,0.00001275,0.0000000009916185,7674903,2019-05-23 20:01:28,btc,1.0863264165132043,0.0,0.00001275,btc,17409.11332744,0.02228875,0.1213888133658473,18
1,[],10,[],2019-05-23 20:01:31,308286.50411952,0.00001202,0.00000000093484348,7674904,2019-05-23 20:01:31,btc,15.30101796420448,7434.12248836,0.00001202,btc,10178.69953124,0.0,0.0705056337684451,18
1,[],12,[],2019-05-23 20:01:32,5927.96465866,0.000010760000000000000317770983138121465572112356312572956085205078125,0.00000000083684824,7674905,2019-05-23 20:01:32,btc,0.0207638748612538,0.0,0.000010760000000000000317770983138121465572112356312572956085205078125,btc,1137.429485,0.0011639127974549,0.0111442997517357,18
0,[],2,[],2019-01-20 23:23:38,0.0,0,0,6476906,2019-01-20 23:23:38,,0.0,0.0,0,,0.0,0.0,0.0,18
0,[],17,[],2019-05-03 00:53:39,0.0,0,0,7558882,2019-05-03 00:53:39,btc,0.0,0.0,0,btc,0.0,0.0,0.0,18
1,[],4,[],2019-05-23 20:03:34,160118.64373892,0.00000966,0.00000000075129684,7674906,2019-05-23 20:03:34,btc,3.8120220019638413,0.0,0.00000966,btc,167576.57506295,0.31312351,0.660688325924013,19
1,[],5,[],2019-05-23 20:03:36,0.0,0,0,7674907,2019-05-23 20:03:36,btc,0.0,0.00019008,0,btc,0.0,0.0,0.0,19
1,[],12,[],2019-05-23 20:03:37,13293.32102226,0.000006749999999999999747489314028126017319664242677390575408935546875,0.0000000005249745,7674908,2019-05-23 20:03:37,btc,0.0413118422345183,0.0,0.000006749999999999999747489314028126017319664242677390575408935546875,btc,1542.22383734,0.00097348,0.0146765499996185,19
0,[],27,[],2019-05-23 20:03:43,0.0,0,0,7674909,2019-05-23 20:03:43,,0.0,0.0,0,btc,0.0,0.0,0.0,19
1,[],3,[],2019-05-23 12:54:51,156766.51797800077,0.00000931000000000000064808401700755524643682292662560939788818359375,0.0000000007091966980000001,7673172,2019-05-23 12:54:51,btc,0.23320582175359217,3571.32820087,0.00000931000000000000064808401700755524643682292662560939788818359375,btc,5250.788950421293,0.0,0.04758336177432609,19
0,[],2,[],2019-01-20 23:24:19,0.0,0,0,6476924,2019-01-20 23:24:19,,0.0,0.0,0,,0.0,0.0,0.0,19
1,[],4,[],2019-05-23 20:03:44,10228410.21811859,0.00000007,0.0000000000054441799999999995,7674910,2019-05-23 20:03:44,btc,6.4307072950777595,0.0,0.00000007,btc,2332215.60836933,0.00012031,0.1274738176872813,20
1,[],4,[],2019-05-23 20:03:46,73119316.72337481,0.00000001,0.00000000000077774,7674911,2019-05-23 20:03:46,btc,39092.88511707825,0.0,0.00000001,btc,61868315.12581323,0.000223,0.731193167233748,21
1,[],12,[],2019-05-23 20:03:47,2260333.0,0.00000001,0.00000000000077774,7674912,2019-05-23 20:03:47,btc,2.16108391002997,0.0,0.00000001,btc,2413776.000999,1.038997003e-05,0.02260333,21
0,[],17,[],2019-05-03 00:53:51,0.0,0,0,7558891,2019-05-03 00:53:51,btc,0.0,0.0,0,btc,0.0,0.0,0.0,21
1,[],12,[],2019-05-23 20:05:49,5851012084.0,0.0000000004,0.0000000000000311096,7674913,2019-05-23 20:05:49,btc,859505.2007952649,0.0,0.0000000004,btc,1198583341.8791208,0.16388653741118883,1.145845602,23
0.00000000031021590000000003,[],27,[],2019-05-23 20:05:55,73040848.0,6.204318000000001e-18,4.825346281320001e-22,7674914,2019-05-23 20:05:55,eth,1172.66419953712,456615064.658,0.00000002,eth,44010787.856,2.8329850637485113e-09,2.83005057954462e-10,23
1,[],4,[],2019-05-23 20:05:56,1892613.80212179,0.00000018,0.00000000001399932,7674915,2019-05-23 20:05:56,btc,13.462050969988633,0.0,0.00000018,btc,2048058.46962726,0.00103558,0.0596776763044506,24
1,[],22,[],2019-05-23 20:06:00,21.76,0.00000100,0.000000000077774,7674916,2019-05-23 20:06:00,BTC,7.415e-05,0.0,0.00000100,BTC,23.919354838709676,0.0,1.186e-05,24
0.0,[],25,[],2019-05-23 20:06:03,0.0,0,0,7674917,2019-05-23 20:06:03,,0.0,0.0,0.0,btc,0.0,0.0,0.0,24
1,[],4,[],2019-05-23 20:06:05,310920.50727869,0.00000420,0.0000000003266508,7674918,2019-05-23 20:06:05,btc,10.010608870166127,0.0,0.00000420,btc,270991.99357393,0.1313068,0.1764116927168441,26
1,[],10,[],2019-05-23 20:06:08,159722.20043768,0.0000044,0.0000000003422056,7674919,2019-05-23 20:06:08,btc,25.513145909767918,4049.22009132,0.0000044,btc,23068.24580036,0.0,0.0316134896071987,26
0,[],2,[],2019-01-20 23:25:56,0.0,0,0,6476976,2019-01-20 23:25:56,,0.0,0.0,0,,0.0,0.0,0.0,26
1,[],11,[],2019-05-23 20:06:11,1069867.58157834,0.00000001,0.00000000000077774,7674920,2019-05-23 20:06:11,btc,67503.038056662,12744.4184217,0.00000001,btc,6639900.67919713,0.0,0.0106986758157834,27
1,[],3,[],2019-05-23 12:57:31,7011104.62200389,0.00000001,0.000000000000761758,7673187,2019-05-23 12:57:31,btc,3.3214552111007274,4596166.57489,0.00000001,btc,24195530.02325085,0.0,0.0701110462200389,27
1,[],5,[],2019-04-26 09:47:06,0.0,0,0,7465326,2019-04-26 09:47:06,btc,0.0,0.0,0,btc,0.0,0.0,0.0,27
1,[],4,[],2019-05-23 20:06:13,1217891892.760488,0.00000001,0.00000000000077774,7674921,2019-05-23 20:06:13,btc,4.678227449834411,0.0,0.00000001,"btc,ltc",292319875.5557023,0.00294511,8.342177141427193,29
1,[],7,[],2019-05-23 20:06:16,112446064.34806745,0.00000001,0.00000000000077774,7674922,2019-05-23 20:06:16,btc,46548272.13275479,78543.9,0.00000001,btc,35213300.81787476,0.00078544,1.1244606434806745,29
1,[],4,[],2019-05-23 20:06:18,15225640.28513377,0.00000006,0.00000000000466644,7674923,2019-05-23 20:06:18,btc,2.6506219866451595,0.0,0.00000006,btc,2155303.27704295,0.00212151,0.169145548405676,30
0,[],17,[],2019-05-03 01:11:25,0.0,0,0,7559066,2019-05-03 01:11:25,btc,0.0,0.0,0,btc,0.0,0.0,0.0,30
1,[],4,[],2019-05-23 20:08:20,102183.1015586,0.00004950,0.000000003849813,7674924,2019-05-23 20:08:20,btc,3.7724337510231085,0.0,0.00004950,btc,45603.43348097,1.73652158,0.4266178725700105,31
1,[],21,[],2019-05-23 20:08:21,96010.00678565,0.00004966000000000000226324167740,0.00000000386225684,7674925,2019-05-23 20:08:21,btc,5.126152213459164,245326.96229187,0.0000496600000000000022632416774026609118664055131375789642333984375,btc,91415.84542529,12.44090412,3.8697608259304137,31
0,[],2,[],2019-01-20 23:28:43,0.0,0,0,6477009,2019-01-20 23:28:43,,0.0,0.0,0,,0.0,0.0,0.0,32
0,[],4,[],2019-05-23 20:08:23,0.0,0,0,7674926,2019-05-23 20:08:23,,0.0,0.0,0,,0.0,0.0,0.0,33
1,[],12,[],2019-03-30 07:55:10,40641173.964,0.00000003,0.000000000001228359,7108785,2019-03-30 07:55:10,btc,4233210.82356125,0.0,0.00000003,btc,28378394.68333462,0.0126927883965248,0.90752895892,33
0.0000000001131042,[],4,[],2019-05-23 20:08:25,36470274.940927,2.262084e-17,1.75931321016e-21,7674927,2019-05-23 20:08:25,ltc,3.5142788444770754,0.0,0.0000002,ltc,155830149.6835806,0.0,1.7424710269425156e-10,34
1,[],5,[],2019-05-23 20:08:26,0.0,0,0,7674928,2019-05-23 20:08:26,btc,0.0,0.0,0,btc,0.0,0.0,0.0,34
0.0000000001131042,[],4,[],2019-05-23 20:08:28,13738200.57311783,1.131042e-18,8.796566050799999e-23,7674929,2019-05-23 20:08:28,ltc,4.097647799196018e-08,0.0,0.00000001,ltc,7493227762.067634,0.0,1.5538481852620337e-11,36
1,[],5,[],2019-05-23 20:08:29,0.0,0,0,7674930,2019-05-23 20:08:29,btc,0.0,0.0,0,btc,0.0,0.0,0.0,36
0.00000000031021590000000003,[],27,[],2019-05-23 20:10:37,127477081.004,6.204318000000001e-18,4.825346281320001e-22,7674931,2019-05-23 20:10:37,eth,1671.29985018,2541869017.163999,0.00000002,"ltc,eth",17425469.0,1.1232173745503118e-08,4.551488617353842e-10,36
0.0000000002926451,[],17,[],2019-05-02 18:17:47,200000.0,2.9264510000000002e-18,1.596703856561e-22,7556430,2019-05-02 18:17:47,eth,0.20942468735267253,0.0,0.00000001,"btc,eth",1018272.20243647,0.0,5.852902e-13,36
1,[],4,[],2019-05-23 20:10:38,10085486.1106093,0.00000018,0.00000000001399932,7674932,2019-05-23 20:10:38,btc,19772.596009299992,0.0,0.00000018,btc,787543.48121193,0.00452388,0.1494625525256175,37
1,[],12,[],2019-05-23 20:10:40,3949500.52500001,0.00000017,0.000000000013221579999999998,7674933,2019-05-23 20:10:40,btc,5.452653313715321,0.0,0.00000017,btc,892362.29003928,0.01953706812714,0.2006917592500017,37
1,[],27,[],2019-05-23 20:12:45,1600.0,0.00000015,0.0000000000116661,7674934,2019-05-23 20:12:45,btc,24.12156123602533,0.0,0.00000015,btc,5842.04443503,0.0,3e-05,37
1,[],17,[],2019-05-03 01:11:36,211752.74075282,0.00000025,0.000000000013700074999999998,7559074,2019-05-03 01:11:36,btc,0.055484923955058496,0.0,0.00000025,"btc,eth",1387.19918473,0.0,0.0005381851887916605,37
1,[],5,[],2019-05-23 20:12:48,0.0,0,0,7674935,2019-05-23 20:12:48,btc,0.0,0.00177023,0,btc,0.0,0.0,0.0,42
1,[],12,[],2019-05-23 20:12:49,25851.47899068,0.00000101999999999999997501889774376149233603428001515567302703857421875,0.00000000007932948,7674936,2019-05-23 20:12:49,btc,24.40030562161434,0.0,0.00000101999999999999997501889774376149233603428001515567302703857421875,btc,44299.04393016,0.0277379433945571,0.0142163599999669,42
1,[],27,[],2019-05-23 20:12:56,806.0,0.00000100,0.000000000077774,7674937,2019-05-23 20:12:56,btc,0.5699845831768,0.0,0.00000100,"btc,eth",1183.4448157,0.0,0.00020600000048257185,42
1,[],12,[],2019-03-13 09:13:29,1112112.0,0.00000001,0.000000000000386531,6919902,2019-03-13 09:13:29,btc,29058.00478931866,0.0,0.00000001,btc,5967681.93306694,9.99000999e-07,0.01112112,43
1,[],5,[],2019-04-26 22:38:52,0.0,0,0,7474154,2019-04-26 22:38:52,btc,0.0,0.02638891,0,btc,0.0,0.0,0.0,43
0,[],17,[],2019-04-26 22:38:53,0.0,0,0,7474155,2019-04-26 22:38:53,btc,0.0,0.0,0,btc,0.0,0.0,0.0,43
1,[],12,[],2019-03-05 01:54:08,639326.02,0.00000004,0.000000000001486676,6845775,2019-03-05 01:54:08,btc,11116042.728239931,0.0,0.00000004,btc,1103841.4595604,0.0003330765234764,0.014975410599999999,44
1,[],4,[],2019-05-23 20:12:57,113763575.83481912,0.00000001,0.00000000000077774,7674938,2019-05-23 20:12:57,btc,291324.2203687778,0.0,0.00000001,"btc,ltc",26168675.90369327,0.0,0.10775006817471461,49
0.0000000001131042,[],4,[],2019-05-23 20:12:59,96743166.3952132,4.9765848e-17,3.870489062352e-21,7674939,2019-05-23 20:12:59,ltc,21909.461849509684,0.0,0.00000044,ltc,152589573.82324213,0.00011021,5.386363834504029e-10,52
0,[],22,[],2019-05-23 20:13:03,0.0,0,0,7674940,2019-05-23 20:13:03,,10289.55991011,0.0,0,,308568058.4566013,0.0,0.0,57
0,[],27,[],2019-05-23 20:13:13,0.0,0,0,7674941,2019-05-23 20:13:13,,0.0,0.0,0,"btc,eth",0.0,0.0,0.0,57
0.0000000001131042,[],4,[],2019-05-23 20:13:14,3030928952.991031,1.131042e-18,8.796566050799999e-23,7674942,2019-05-23 20:13:14,ltc,19.263868094512677,0.0,0.00000001,ltc,6016416500.175698,0.0,3.428107944848882e-09,58
1,[],12,[],2019-05-23 20:13:17,1325707873.0,0.0000000001,0.0000000000000077774,7674943,2019-05-23 20:13:17,btc,734416.1721714003,0.0,0.0000000001,btc,2097439522.6613386,0.02175245656393606,0.1325707873,58
0.0000000001077174,[],22,[],2019-05-23 20:15:21,126877.0,1.0771740000000001e-18,8.3776130676e-23,7674944,2019-05-23 20:15:21,XMR,68.17454206,0.0,0.00000001,XMR,9626402.6,0.0,0.00126877,58
1,[],17,[],2019-05-03 01:12:09,1200000.0,0.0000000001,0.00000000000000548003,7559085,2019-05-03 01:12:09,btc,1e+24,0.0,0.0000000001,"btc,eth",39516342.31952568,0.0,0.00010000000058666061,58
1,[],5,[],2019-05-23 20:15:22,0.0,0,0,7674945,2019-05-23 20:15:22,btc,0.0,0.00012026,0,btc,0.0,0.0,0.0,61
1,[],22,[],2019-05-23 20:15:27,13613.833333333334,0.00000012,0.00000000000933288,7674946,2019-05-23 20:15:27,BTC,1002.29590883,0.0,0.00000012,BTC,15092.180177125656,0.0,0.00153269,61
1,[],26,[],2019-05-23 20:15:27,0.0,0.00000050,0.000000000038887,7674947,2019-05-23 20:15:27,btc,0.0,0.0,0.00000050,btc,0.0,0.0,0.0,61
1,[],27,[],2019-05-23 20:15:37,112138.0,0.0000002,0.0000000000155548,7674948,2019-05-23 20:15:37,btc,1.9501982264346656,0.0,0.0000002,"btc,eth",12657.40563696,0.0,0.0023812200003102157,61
0,[],28,[],2019-05-23 20:15:40,0.0,0,0,7674949,2019-05-23 20:15:40,,0.0,685.0,0,,0.0,0.0,0.0,61
1,[],4,[],2019-05-23 20:15:42,1073040.98117797,0.00000081,0.00000000006299693999999999,7674950,2019-05-23 20:15:42,btc,2.553089985306058,0.0,0.00000081,btc,835963.36378015,0.13822253,0.6533111786173688,67
0.0,[],25,[],2019-05-23 20:15:43,0.0,0,0,7674951,2019-05-23 20:15:43,,0.0,0.0,0.0,btc,0.0,0.0,0.0,67
1,[],12,[],2019-05-23 20:15:45,628049.0,0.00000007,0.00000000000544418,7674952,2019-05-23 20:15:45,btc,3.8114116048231836,0.0,0.00000007,btc,752065.17292716,0.0002333451848164,0.012202,71
,[],5,[],2018-11-20 23:02:39,1.5e-07,0.00000005,0.000000000002128045,4862160,2018-11-20 23:02:39,btc,2.84511358,0.0,,btc,0.00036572,0.0,0.07381892,74
1,[],5,[],2019-05-23 20:15:46,0.0,0,0,7674953,2019-05-23 20:15:46,btc,0.0,0.03969417,0,btc,0.0,0.0,0.0,75
0,[],4,[],2019-05-23 20:15:47,0.0,0,0,7674954,2019-05-23 20:15:47,,133656.87703970782,0.0,0,,33424209.5909442,0.0,0.0,81
0,[],20,[],2019-01-25 09:30:31,0.0,0,0,6495923,2019-01-25 09:30:31,btc,0.0,0.0,0,btc,0.0,0.0,0.0,81
1,[],4,[],2019-05-23 20:15:50,28692.50398325,0.00006125,0.0000000047636575,7674955,2019-05-23 20:15:50,btc,18.595670768904874,0.0,0.00006125,btc,26389.4794825,0.11295545,0.5050316550441052,82
1,[],21,[],2019-05-23 20:15:51,59750.18329452,0.00006129999999999999923776250466,0.0000000047675462,7674956,2019-05-23 20:15:51,btc,3.7581218955329607,6050.95880549,0.00006129999999999999923776250465579096271540038287639617919921875,btc,51224.9787375,0.37508057,1.5282122555740454,82
0,[],17,[],2019-03-25 22:42:34,0.0,0,0,7038780,2019-03-25 22:42:34,btc,0.0445064681804024,0.0,0,btc,995513.18476001,0.0,0.0,84
0.0000000001161485,[],4,[],2019-05-20 13:09:39,216715621.0206096,1.161485e-18,9.0533806701e-23,7657228,2019-05-20 13:09:39,ltc,1.6511566870244727,0.0,0.00000001,ltc,471032407.9048656,0.0,2.5171194308112273e-10,85
,[],22,[],2018-11-20 23:09:34,3408.1,0.0000001,0.0000000000041895,4862324,2018-11-20 23:09:34,BTC,0.04624735,0.0,,BTC,4990.0,0.0,0.00033081,86
1,[],22,[],2019-05-23 20:15:55,85999.0,0.00000001,0.00000000000077774,7674957,2019-05-23 20:15:55,BTC,1.45832026,0.0,0.00000001,BTC,335430.29736842104,0.0,0.00085999,87
0,[],27,[],2019-05-23 20:16:01,0.0,0,0,7674958,2019-05-23 20:16:01,,4.961732754776,0.0,0,btc,24439.09041,0.0,0.0,87
,[],2,[],2018-11-20 23:10:47,0.0,0,0,4862359,2018-11-20 23:10:47,,0.0,0.0,,,0.0,0.0,0.0,88
1,[],11,[],2019-05-23 20:16:04,73430.78393075,0.000115459999999999995685777409715200292339432053267955780029296875,0.000000008979786039999999,7674959,2019-05-23 20:16:04,btc,180.96329929368707,3264.24660075,0.000115459999999999995685777409715200292339432053267955780029296875,btc,204592.12279386,0.0,4.563049649206215,89
0,[],2,[],2019-01-20 23:31:45,0.0,0,0,6477083,2019-01-20 23:31:45,,0.0,0.0,0,,0.0,0.0,0.0,91
1,[],12,[],2019-05-23 20:16:05,187024.63,0.00000035,0.000000000027220899999999997,7674960,2019-05-23 20:16:05,btc,84.64199597162998,0.0,0.00000035,btc,50244.93151743,0.0004867637966503,0.0214204435,91
1,[],22,[],2019-05-23 20:18:09,75910.55,0.0000002,0.0000000000155548,7674961,2019-05-23 20:18:09,BTC,0.495,0.0,0.0000002,"BTC,LTC",4.95,0.0,0.00165931,91
0,[],17,[],2019-05-03 01:12:26,0.0,0,0,7559096,2019-05-03 01:12:26,btc,0.0,0.0,0,btc,0.0,0.0,0.0,91
1,[],22,[],2019-04-09 20:17:52,374949.73333333334,0.00000015,0.000000000007771935,7235704,2019-04-09 20:17:52,BTC,6.87372503,0.0,0.00000015,"BTC,LTC",159980.01196797504,1.1e-05,0.80510266,95
0.0000000001131042,[],4,[],2019-05-23 20:18:12,541017126.3821362,4.2979596e-17,3.3426950993039998e-21,7674962,2019-05-23 20:18:12,ltc,11.360096735949561,0.0,0.00000038,ltc,149152231.3607046,0.00014948,7.801854550285039e-10,96
0,[],12,[],2019-05-23 20:18:13,0.0,0,0,7674963,2019-05-23 20:18:13,btc,2.46420895,0.0,0,btc,4836953.0,0.0001998102,0.0,96
0,[],17,[],2019-05-03 01:12:32,0.0,0,0,7559100,2019-05-03 01:12:32,btc,0.0,0.0,0,btc,0.0,0.0,0.0,96
1,[],4,[],2019-04-14 03:32:46,1039404.33283278,0.00000038,0.000000000019245518,7293458,2019-04-14 03:32:46,btc,4.170086055365747,0.0,0.00000038,btc,3097704.34561074,0.06260606,0.1859928211030784,99
1,[],4,[],2019-05-23 20:20:16,182133.20805339,0.00002354,0.00000000183079996,7674964,2019-05-23 20:20:16,btc,7.195424273455239,0.0,0.00002354,btc,138968.40534953,0.08725467,0.5584585848885085,100
0,[],2,[],2019-01-20 23:23:55,0.0,0,0,6476914,2019-01-20 23:23:55,,0.0,0.0,0,,0.0,0.0,0.0,100
1,[],22,[],2019-05-23 20:20:20,150000.0,0.00000002,0.00000000000155548,7674965,2019-05-23 20:20:20,BTC,24.83526409,0.0,0.00000002,BTC,11187.719,0.0,0.0017,101
1,[],4,[],2019-05-23 20:20:21,656726.22773419,0.00000178,0.00000000013843772,7674966,2019-05-23 20:20:21,btc,362.963270137895,0.0,0.00000178,btc,642307.0636365,0.09350341,0.310014773588197,103
1,[],12,[],2019-05-23 20:20:24,24487972.0,0.000000004,0.000000000000311096,7674967,2019-05-23 20:20:24,btc,551.4572237129958,0.0,0.000000004,btc,43797640.81544454,0.00513227636563435,0.040439059,105
0,[],27,[],2019-05-23 20:20:32,0.0,0,0,7674968,2019-05-23 20:20:32,,0.2585948473531397,0.0,0,btc,622853.35947933,0.0,0.0,105
1,[],22,[],2019-04-21 00:17:26,21333.0,0.00000001,0.000000000000532493,7385819,2019-04-21 00:17:26,BTC,51.38182867,0.0,0.00000001,BTC,470435.0,0.0,0.00021333,107
1,[],26,[],2019-04-21 00:17:26,0.0,0.00000000,0,7385820,2019-04-21 00:17:26,btc,0.0,0.0,0.00000000,btc,0.0,0.0,0.0,107
1,[],5,[],2019-05-23 20:20:35,0.0,0,0,7674969,2019-05-23 20:20:35,btc,0.0,0.0,0,btc,0.0,0.0,0.0,112
0,[],22,[],2019-05-23 20:20:39,0.0,0,0,7674970,2019-05-23 20:20:39,,2.79635781,0.0,0,,3274992.0833333335,0.0,0.0,112
1,[],27,[],2019-05-23 20:20:47,1.0,0.00000001,0.00000000000077774,7674971,2019-05-23 20:20:47,btc,1.15032588,0.0,0.00000001,"btc,eth",1818.0,0.0,1e-08,112
1,[],4,[],2019-05-23 20:20:48,592557.9044232,0.00000102,0.00000000007932948,7674972,2019-05-23 20:20:48,btc,4.619839422910944,0.0,0.00000102,btc,587940.04688431,0.01810128,0.3300027062400242,113
1,[],5,[],2019-05-23 20:20:49,0.0,0,0,7674973,2019-05-23 20:20:49,btc,0.0,3.58e-06,0,btc,0.0,0.0,0.0,113
1,[],17,[],2019-04-26 02:17:47,162738.278,0.00000004,0.0000000000021069000000000002,7461287,2019-04-26 02:17:47,btc,1.3331140273775473,0.0,0.00000004,btc,51796.221,0.0,0.00230953112,116
1,[],27,[],2019-05-22 05:13:01,210000.0,0.00000001,0.00000000000079145,7666372,2019-05-22 05:13:01,btc,3919.0005001478,0.0,0.00000001,btc,128660.871,0.0,0.0021,116
1,[],4,[],2019-05-21 22:31:11,138169.03963019,0.00000701,0.000000000558364025,7664793,2019-05-21 22:31:11,btc,150.95388250938234,0.0,0.00000701,btc,344631.17141974,0.07552974,0.4288357684941946,120
1,[],7,[],2019-05-21 22:31:12,3901.07750076,0.000010679999999999999389654892212320191902108490467071533203125,0.0000000008506887,7664794,2019-05-21 22:31:12,btc,231188.94669936574,0.0,0.000010679999999999999389654892212320191902108490467071533203125,btc,4133.83151364,0.0,0.0113888422364489,120
1,[],20,[],2019-04-07 18:42:29,1914137.0852,0.000000035,0.0000000000017871910000000002,7211992,2019-04-07 18:42:29,btc,32.2497668025648,25528.85,0.000000035,btc,1001975.4986,0.00089350975,0.0152723574729,125
1,[],22,[],2019-05-23 20:20:55,10000.0,0.00000001,0.00000000000077774,7674974,2019-05-23 20:20:55,BTC,0.032061,0.0,0.00000001,BTC,299316.7611111111,0.0,0.0001,126
1,[],4,[],2019-05-23 20:20:56,2192539.21249369,0.00000570,0.0000000004433118,7674975,2019-05-23 20:20:56,btc,3.2547360891139125,0.0,0.00000570,btc,179149.37029249,0.08828831,0.414561801023885,131
0,[],2,[],2019-01-20 23:25:46,0.0,0,0,6476969,2019-01-20 23:25:46,,0.0,0.0,0,,0.0,0.0,0.0,131
1,[],17,[],2019-05-03 01:13:10,10000.0,0.00000001,0.000000000000548003,7559115,2019-05-03 01:13:10,btc,0.0953976503951408,0.0,0.00000001,btc,5037.62507334,0.0,0.0001,131
1,[],4,[],2019-05-23 20:22:57,4754.37884199,0.00008000,0.0000000062219199999999995,7674976,2019-05-23 20:22:57,btc,5.032889101561924,0.0,0.00008000,btc,203.84599175,0.0,0.0084962345288166,135
1,[],3,[],2019-05-22 20:57:20,456341.0025,0.00000002,0.0000000000015658540000000001,7670196,2019-05-22 20:57:20,btc,0.2168360115270351,986846.107254,0.00000002,btc,1789524.65154488,0.0,0.004663410025,136
1,[],4,[],2019-05-23 20:22:59,2451067.75801626,0.00000188,0.00000000014621512,7674977,2019-05-23 20:22:59,btc,106.77181540726853,0.0,0.00000188,btc,443981.64535713,0.00561052,0.5304881347149581,137
1,[],12,[],2019-05-23 20:23:02,72240.21670801,0.00000093,0.00000000007232982,7674978,2019-05-23 20:23:02,btc,0.0246184055603033,0.0,0.00000093,btc,4500.70493632,4.655e-05,0.0071793199999881,137
1,[],4,[],2019-05-23 20:23:03,97359.98343692,0.00001691,0.0000000013151583399999999,7674979,2019-05-23 20:23:03,btc,8.299646055292488,0.0,0.00001691,btc,139744.88828823,0.5445316,1.0583892397296644,142
1,[],5,[],2019-05-23 20:23:05,0.0,0,0,7674980,2019-05-23 20:23:05,btc,0.0,0.00783467,0,btc,0.0,0.0,0.0,142
1,[],20,[],2019-05-23 20:25:07,219649.105,0.000015,0.00000000116661,7674981,2019-05-23 20:25:07,btc,1.6081956677004,0.05,0.000015,btc,9788.8796,7.6533e-07,0.0259840774786,142
1,[],22,[],2019-05-23 20:25:11,11028.645,0.00001000,0.0000000007777399999999999,7674982,2019-05-23 20:25:11,BTC,3.2754788,0.0,0.00001000,BTC,1133.9993657797618,0.0,0.00745365,142
0.0,[],25,[],2019-05-23 20:25:12,0.0,0,0,7674983,2019-05-23 20:25:12,,0.0,0.0,0.0,btc,0.0,0.0,0.0,142
0,[],28,[],2019-05-23 20:25:13,0.0,0,0,7674984,2019-05-23 20:25:13,,0.0,0.0,0,,0.0,0.0,0.0,142
1,[],17,[],2019-05-03 01:13:16,32967.38636364,0.00000088,0.000000000048224264,7559122,2019-05-03 01:13:16,btc,20.06976206696776,0.0,0.00000088,btc,2746.079105,0.0,0.0105613000000032,142
0,[],22,[],2019-05-23 20:25:16,0.0,0,0,7674985,2019-05-23 20:25:16,,65.7671051,0.0,0,,846980922.8,0.0,0.0,143
0,[],22,[],2019-02-25 15:42:22,0.0,0,0,6783783,2019-02-25 15:42:22,,4.2131946,0.0,0,,2322156.0,0.0,0.0,146
,[],22,[],2018-11-20 23:01:11,0.0,0,0,4862114,2018-11-20 23:01:11,,2.56807021,0.0,,,61828.4988236,0.0,0.0,147
1,[],12,[],2019-04-21 06:38:04,193091.5971266,0.00000071,0.000000000037635183,7388679,2019-04-21 06:38:04,btc,2.301232411611175,0.0,0.00000071,btc,9957.48302385,0.00023528,0.0313308199999888,148
1,[],4,[],2019-03-19 21:31:25,255810.0415942,0.00000029,0.000000000011615747,6982695,2019-03-19 21:31:25,btc,218.94922712414143,0.0,0.00000029,btc,793529.37642722,0.00117,0.0608347789473395,152
0,[],22,[],2019-03-19 21:31:27,0.0,0,0,6982696,2019-03-19 21:31:27,,0.0,0.0,0,,0.0,0.0,0.0,152
1,[],5,[],2019-04-26 09:36:59,0.0,0,0,7465040,2019-04-26 09:36:59,btc,0.0,0.0,0,btc,0.0,0.0,0.0,153
,[],16,[],2019-01-11 15:38:59,0.0,0,0,6366141,2019-01-11 15:38:59,btc,0.0,0.0,,btc,0.0,0.0,0.0,155
0,[],22,[],2019-05-23 20:25:21,0.0,0,0,7674986,2019-05-23 20:25:21,,6.80428744,0.0,0,,4677994.942592593,0.0,0.0,156
0,[],23,[],2019-01-20 23:24:29,0.0,0,0,6476932,2019-01-20 23:24:29,,0.0,0.0,0,,0.0,0.0,0.0,156
1,[],22,[],2019-05-23 20:25:26,7066.0,0.00000800,0.000000000622192,7674987,2019-05-23 20:25:26,BTC,1.79802465,0.0,0.00000800,BTC,802.6461988741639,0.0,0.00062996,157
0,[],22,[],2019-05-21 23:40:32,0.0,0,0,7665049,2019-05-21 23:40:32,,50234.60468402,0.0,0,,54786159.03179465,0.0,0.0,158
,[],17,[],2018-11-20 22:56:10,0.0,0,0,4861976,2018-11-20 22:56:10,btc,1.1265625,0.0,,btc,1000.0,0.0,0.0,159
,[],20,[],2018-11-20 22:56:12,0.0,0,0,4861977,2018-11-20 22:56:12,btc,11912.7940471,0.0,,btc,34413894.3617,0.0,0.0,159
1,[],12,[],2019-05-23 20:25:28,9831.46640668,0.00000176000000000000008976326626441988310034503228962421417236328125,0.00000000013688224,7674988,2019-05-23 20:25:28,btc,149.80415005554752,0.0,0.00000176000000000000008976326626441988310034503228962421417236328125,btc,1116.07481518,0.017828907552488,0.011936177299906101,168
1,[],17,[],2019-05-03 01:13:36,42852.0,0.00000002,0.000000000001096006,7559132,2019-05-03 01:13:36,btc,0.04279856251542,0.0,0.00000002,btc,274.46171372,0.0,0.00052852,168
1,[],22,[],2019-05-17 03:01:52,10.0,0.00000001,0.000000000000778341,7642059,2019-05-17 03:01:52,BTC,41.95893009,0.0,0.00000001,BTC,1753972.7737547632,0.0,1e-07,169
1,[],22,[],2019-05-23 20:27:31,288172.6,0.00000005,0.0000000000038887,7674989,2019-05-23 20:27:31,BTC,27.86167578,0.0,0.00000005,BTC,450503.58519413596,0.00014242,0.00561483,171
1,[],22,[],2019-05-23 20:27:34,389395.0,0.00000002,0.00000000000155548,7674990,2019-05-23 20:27:34,BTC,24.3997339,0.0,0.00000002,"BTC,LTC",1038934.9936183414,0.0,0.0054799,173
1,[],5,[],2019-05-23 20:27:39,0.0,0,0,7674991,2019-05-23 20:27:39,btc,0.0,0.02049776,0,btc,0.0,0.0,0.0,175
1,[],22,[],2019-05-23 19:51:25,90671.0,0.00000001,0.000000000000777057,7674834,2019-05-23 19:51:25,BTC,394.35459412,0.0,0.00000001,BTC,136275.61833431243,0.0,0.00090671,176
0,[],2,[],2019-01-20 23:28:34,0.0,0,0,6477001,2019-01-20 23:28:34,,0.0,0.0,0,,0.0,0.0,0.0,178
1,[],7,[],2019-05-23 19:51:52,0.0,0,0,7674835,2019-05-23 19:51:52,btc,522274.27920252585,1000.0,0,btc,28611394.38495738,1e-05,0.0,178
0,[],22,[],2019-05-23 19:51:56,0.0,0,0,7674836,2019-05-23 19:51:56,,1.00242428,0.0,0,,57512.0,0.0,0.0,178
0,[],23,[],2019-01-20 23:25:08,0.0,0,0,6476952,2019-01-20 23:25:08,,0.0,0.0,0,,0.0,0.0,0.0,179
1,[],5,[],2019-05-23 19:51:57,0.0,0,0,7674837,2019-05-23 19:51:57,btc,0.0,0.0220733,0,btc,0.0,0.0,0.0,179
0,[],22,[],2019-05-23 19:52:00,0.0,0,0,7674838,2019-05-23 19:52:00,,5.31386491,0.0,0,,13362087.311946675,0.0,0.0,179
1,[],22,[],2019-05-23 19:54:05,660377.4649350649,0.00000120,0.00000000009324684,7674839,2019-05-23 19:54:05,BTC,39.28448181,0.0,0.00000120,"BTC,LTC",145561.2539508663,0.00587815,0.56019796,180
1,[],26,[],2019-05-23 19:54:06,0.0,0.00000250,0.00000000019426425,7674840,2019-05-23 19:54:06,btc,0.0,50.0,0.00000250,btc,0.0,0.0,0.0,180
1,[],17,[],2019-05-03 01:13:56,20504.725000000002,0.0000001,0.00000000000548003,7559141,2019-05-03 01:13:56,btc,5.2010695838400265,0.0,0.0000001,btc,5033.45945,0.0,0.0011504725,180
,[],7,[],2018-11-20 22:58:01,562227.975654,0.00000085,0.000000000036176765,4862015,2018-11-20 22:58:01,btc,21836.6059674,2491.87645172,,btc,749999.041456,0.00211021,0.127565380455,183
,[],5,[],2019-01-10 08:11:41,0.0,0,0,6347036,2019-01-10 08:11:41,btc,82.15055501,0.00261,,btc,1.19002445,0.0,0.0,187
,[],17,[],2018-11-16 20:58:10,4062536.27273,0.00000001,0.000000000000550501,4708775,2018-11-16 20:58:10,btc,3.36492563466,0.195460381006,,"btc,eth",110697919.549,0.0,0.0157628953496,187
1,[],24,[],2019-05-22 21:04:52,0.0,0.000000000014,0.0000000000000010960978,7670219,2019-05-22 21:04:52,btc,0.0,0.0,0.000000000014,btc,0.0,0.0,0.0,187
0,[],22,[],2019-04-25 02:54:07,0.0,0,0,7447896,2019-04-25 02:54:07,,7.54794454,0.0,0,,76361.7243344055,0.0,0.0,191
0,[],22,[],2019-05-23 19:54:13,0.0,0,0,7674841,2019-05-23 19:54:13,,0.0,0.0,0,,0.0,0.0,0.0,197
0,[],23,[],2019-01-20 23:31:41,0.0,0,0,6477079,2019-01-20 23:31:41,,0.0,0.0,0,,0.0,0.0,0.0,199
0,[],22,[],2019-05-23 19:54:16,0.0,0,0,7674842,2019-05-23 19:54:16,,10.24020274,0.0,0,,85004504.0,0.0,0.0,199
1,[],26,[],2019-05-23 19:54:16,0.0,0.00000000,0,7674843,2019-05-23 19:54:16,btc,0.0,0.0,0.00000000,btc,0.0,0.0,0.0,199
0,[],2,[],2019-01-20 23:30:49,0.0,0,0,6477059,2019-01-20 23:30:49,,0.0,0.0,0,,0.0,0.0,0.0,201
1,[],4,[],2019-01-25 15:51:35,2084389.58565343,0.00000936,0.000000000333526752,6499557,2019-01-25 15:51:35,btc,2.0092503037378524,0.0,0.00000936,btc,160195.80207885,0.19272417,1.242687955921835,211
1,[],7,[],2019-05-23 19:54:20,21400545.10598952,0.00000024,0.000000000018649368,7674844,2019-05-23 19:54:20,btc,15200499.309598926,3113825.68173,0.00000024,btc,9849224.03173633,0.0,1.2082011773382704,212
1,[],12,[],2019-01-25 02:44:32,207462.42853209,0.000001080000000000000035831255497387193287295303889550268650054931640625,0.000000000038610756000000006,6493050,2019-01-25 02:44:32,btc,85023.03793723314,0.0,0.000001080000000000000035831255497387193287295303889550268650054931640625,btc,43675.73520027,0.000146250909087,0.0348620860622024,213
1,[],5,[],2019-05-23 19:54:22,0.0,0,0,7674845,2019-05-23 19:54:22,btc,0.0,0.05000861,0,btc,0.0,0.0,0.0,213
1,[],24,[],2019-05-23 19:54:22,0.0,0,0,7674846,2019-05-23 19:54:22,btc,0.0,0.0,0,btc,0.0,0.0,0.0,213
1,[],26,[],2019-05-23 19:54:22,0.0,0.00000040,0.00000000003108228,7674847,2019-05-23 19:54:22,btc,0.0,0.0,0.00000040,btc,0.0,0.0,0.0,213
0,[],22,[],2019-05-23 19:54:25,0.0,0,0,7674848,2019-05-23 19:54:25,,9.61235386,0.0,0,,3451587.094064925,0.0,0.0,216
0,[],27,[],2019-05-23 19:54:34,0.0,0,0,7674849,2019-05-23 19:54:34,,64.7983891180052,0.0,0,"btc,ltc",411700.40768,0.0,0.0,216
1,[],22,[],2019-05-23 19:54:37,287214.9,0.0000002,0.00000000001554114,7674850,2019-05-23 19:54:37,BTC,12054.80294043,0.0,0.0000002,BTC,450563.1724419661,0.00020662,0.03097322,217
1,[],7,[],2019-05-23 19:54:39,0.0,0,0,7674851,2019-05-23 19:54:39,btc,1234864.1744444147,0.0,0,btc,162514363.92083928,0.0,0.0,219
0,[],27,[],2019-05-23 19:54:45,0.0,0,0,7674852,2019-05-23 19:54:45,,0.105466823472,0.0,0,btc,3058319.8967,0.0,0.0,219
0,[],28,[],2019-05-23 19:55:42,0.0,0,0,7674853,2019-05-23 19:55:42,,0.0,16292.0,0,,0.0,0.0,0.0,219
1,[],22,[],2019-05-23 16:41:05,172069.0,0.00000004,0.0000000000031167080000000004,7674065,2019-05-23 16:41:05,BTC,56.76466137,0.0,0.00000004,BTC,127061.6482738741,0.0,0.00393676,221
1,[],24,[],2019-05-23 16:41:05,0.0,0.000000010000,0.0000000000007791770000000001,7674066,2019-05-23 16:41:05,btc,0.0,0.0,0.000000010000,btc,0.0,0.0,0.0,221
1,[],20,[],2019-05-23 19:55:45,18195268.4812,0.000000003,0.0000000000002331171,7674854,2019-05-23 19:55:45,btc,100050.30245895586,285873.4,0.000000003,btc,40592582.7616,0.00139628,0.0207005882712,224
0,[],22,[],2019-05-23 19:55:48,0.0,0,0,7674855,2019-05-23 19:55:48,,0.0,0.0,0,,0.0,0.0,0.0,224
1,[],26,[],2019-05-23 19:55:48,0.0,0.00000026,0.000000000020203482,7674856,2019-05-23 19:55:48,btc,0.0,0.0,0.00000026,btc,0.0,0.0,0.0,231
1,[],26,[],2019-05-23 19:55:49,0.0,0.00000006,0.000000000004662342,7674857,2019-05-23 19:55:49,btc,0.0,0.0,0.00000006,btc,0.0,0.0,0.0,234
0,[],27,[],2019-05-23 19:56:12,0.0,0,0,7674858,2019-05-23 19:56:12,,0.01134836604,0.0,0,"btc,eth",11462.996,0.0,0.0,234
1,[],4,[],2019-05-22 17:06:12,91780.56053785,0.00000078,0.000000000061977552,7669277,2019-05-22 17:06:12,btc,5.573372450018177,0.0,0.00000078,btc,729173.93529783,0.0,0.0307060663355679,236
1,[],24,[],2019-05-22 17:06:12,0.0,0.000000010000,0.000000000000794584,7669278,2019-05-22 17:06:12,btc,0.0,0.0,0.000000010000,btc,0.0,0.0,0.0,236
1,[],5,[],2019-05-23 19:56:13,0.0,0,0,7674859,2019-05-23 19:56:13,btc,0.0,0.0449582,0,btc,0.0,0.0,0.0,237
1,[],20,[],2019-05-23 19:56:15,120422277.8077,0.000000044,0.0000000000034190508,7674860,2019-05-23 19:56:15,btc,58793.16987907166,13123742.7354,0.000000044,btc,42501912.1897,0.5939492458368,0.4669752194806,237
1,[],22,[],2019-05-23 19:56:18,318000.0,0.00000003,0.000000000002331171,7674861,2019-05-23 19:56:18,BTC,1.20267422,0.0,0.00000003,BTC,17930.94871794872,0.0,0.00934,237
1,[],4,[],2019-05-23 19:56:20,27968518.41349744,0.00000012,0.000000000009324684,7674862,2019-05-23 19:56:20,btc,2.9230393623639968,0.0,0.00000012,btc,9673610.86398937,0.07602068,0.6588695537586116,238
1,[],5,[],2019-05-23 19:56:21,0.0,0,0,7674863,2019-05-23 19:56:21,btc,0.0,0.00122676,0,btc,0.0,0.0,0.0,238
0,[],22,[],2019-03-12 16:49:32,0.0,0,0,6914458,2019-03-12 16:49:32,,0.40415746,0.0,0,,526736.5639027493,0.0,0.0,249
0,[],22,[],2019-05-23 15:26:14,0.0,0,0,7673762,2019-05-23 15:26:14,,13.39451957,0.0,0,,40944503.3426455,0.0,0.0,252
0,[],28,[],2019-05-23 19:56:55,0.0,0,0,7674864,2019-05-23 19:56:55,,0.0,244618.2665,0,,0.0,0.0,0.0,256
1,[],22,[],2019-05-23 19:56:59,1052904.0,0.00000001,0.000000000000777057,7674865,2019-05-23 19:56:59,BTC,21.85885958,0.0,0.00000001,BTC,542925.7509808998,0.0,0.01052904,258
1,[],22,[],2019-05-19 18:12:02,400.0,0.00000001,0.0000000000007957800000000001,7653905,2019-05-19 18:12:02,BTC,2.415167,0.0,0.00000001,BTC,157.0,0.0,4e-06,259
1,[],5,[],2019-05-23 19:57:02,0.0,0,0,7674866,2019-05-23 19:57:02,btc,0.0,0.0589392,0,btc,0.0,0.0,0.0,264
1,[],20,[],2019-05-23 19:57:04,903627.631,0.000000387,0.0000000000300721059,7674867,2019-05-23 19:57:04,btc,1.0294139472746,1295.4,0.000000387,btc,122975.0288,0.0006258798,0.0079490633698,264
0,[],22,[],2019-04-12 17:57:27,0.0,0,0,7278186,2019-04-12 17:57:27,,66.37522201,0.0,0,,677842.4169881374,0.0,0.0,271
0,[],22,[],2019-05-23 19:57:08,0.0,0,0,7674868,2019-05-23 19:57:08,,33050467.4724609,0.0,0,,14361462970.7,0.0,0.0,272
0,[],28,[],2019-05-23 19:57:46,0.0,0,0,7674869,2019-05-23 19:57:46,,0.0,22062255711.0,0,,0.0,0.0,0.0,272
1,[],22,[],2019-05-23 07:12:29,219930.0,0.00000004,0.000000000003048688,7671985,2019-05-23 07:12:29,BTC,426.77835217,0.0,0.00000004,BTC,248664.3325962929,0.0,0.00739728,281
1,[],22,[],2019-05-23 19:57:51,1101926.4333333333,0.00000003,0.000000000002331171,7674870,2019-05-23 19:57:51,BTC,2.64913128,0.0,0.00000003,"BTC,LTC",842570.03032866,4.03e-06,0.0368192,286
0,[],22,[],2019-05-23 19:57:53,0.0,0,0,7674871,2019-05-23 19:57:53,,7337890.5475411,0.0,0,,1584356788.7797825,0.0,0.0,294
