pairValue,buyBook,exchangeId,sellBook,updated,buyTotal,satoshiPrice,usdPrice,exchangeLogId,created,bestPair,sellTotalBtc,volume,pairPrice,activePairs,sellTotal,volumeBtc,buyTotalBtc,coinId
1,[],3,[],2019-05-07 07:56:58,30891.0870072298,0.01171229000000000020076384998901630751788616180419921875,0.000000691499457745,7563471,2019-05-07 07:56:58,btc,8.641636044665539,12.6000693024,0.01171229000000000020076384998901630751788616180419921875,btc,24.367516585193002,0.0,0.39970815845350777,1
1,[],4,[],2019-05-07 07:56:59,207746.27084487,0.01170250,0.00000069092145125,7563472,2019-05-07 07:56:59,btc,9.338636233895533,0.0,0.01170250,btc,422.42006355,2.73032348,0.6809177187075157,1
1,[],5,[],2019-05-07 07:57:01,0.0,0,0,7563473,2019-05-07 07:57:01,btc,0.0,0.01118521,0,btc,0.0,0.0,0.0,1
1,[],10,[],2019-05-07 07:57:03,185028.33191829,0.01002967,0.000000592156731635,7563474,2019-05-07 07:57:03,btc,6525.079283775453,1222.50389858,0.01002967,btc,1460.6081361,0.0,4.051351968043883,1
1,[],12,[],2019-05-07 07:57:05,74.53373016,0.0116600000000000002253752739989067777059972286224365234375,0.00000068841223,7563475,2019-05-07 07:57:05,btc,0.20695555901180002,0.0,0.0116600000000000002253752739989067777059972286224365234375,btc,14.42433801,0.2880240857771,0.3342921960126,1
0,[],2,[],2019-01-20 23:28:45,0.0,0,0,6477011,2019-01-20 23:28:45,,0.0,0.0,0,,0.0,0.0,0.0,1
1,[],20,[],2019-05-07 07:57:08,976.5646,0.010710331,0.0000006323432974055,7563476,2019-05-07 07:57:08,btc,0.0779338833512,0.0364,0.010710331,btc,5.13,0.0004457912088,0.1791561831161,1
1,[],21,[],2019-05-07 07:57:09,2084.79119825,0.01167441999999999958925744892,0.00000068926359401,7563477,2019-05-07 07:57:09,btc,10.863627071791207,10106.47138705,0.01167441999999999958925744891757858567871153354644775390625,"btc,eth",1191.24093206,20.85337551486889,13.966704448091889,1
0,[],22,[],2019-05-07 07:57:11,0.0,0,0,7563478,2019-05-07 07:57:11,,0.3163308,0.0,0,,0.2527518593615956,0.0,0.0,1
1,[],24,[],2019-05-07 07:57:12,0.0,0.000000000000,0,7563479,2019-05-07 07:57:12,btc,0.0,0.0,0.000000000000,btc,0.0,0.0,0.0,1
0.0,[],25,[],2019-05-07 07:57:13,0.0,0,0,7563480,2019-05-07 07:57:13,btc,47.949999997930604,511.80088624,0.0,btc,4026.09630337,5.7286,0.0,1
1,[],26,[],2019-05-07 07:57:14,0.0,0,0,7563481,2019-05-07 07:57:14,,0.0,0.0,0,,0.0,0.0,0.0,1
1,[],28,[],2019-05-07 07:57:53,987.9,0.01131000,0.000000667748055,7563482,2019-05-07 07:57:53,btc,0.160832048,283471.95,0.01131000,btc,8.7307,0.0,0.024551096,1
1,[],5,[],2019-05-07 07:57:54,0.0,0,0,7563483,2019-05-07 07:57:54,btc,0.0,0.0581026,0,btc,0.0,0.0,0.0,2
1,[],22,[],2019-05-07 07:57:58,60848.0,0.00000002,0.00000000000118081,7563484,2019-05-07 07:57:58,BTC,21.00846647,0.0,0.00000002,"BTC,XMR",24148.96059725142,0.0,0.00199035,2
1,[],5,[],2019-05-07 07:58:00,0.0,0,0,7563485,2019-05-07 07:58:00,btc,0.0,0.04500042,0,btc,0.0,0.0,0.0,3
1,[],12,[],2019-05-07 07:58:01,2484471.21793411,0.000000158,0.000000000009328399000000002,7563486,2019-05-07 07:58:01,btc,11595.529458454517,0.0,0.000000158,btc,3958147.71423336,0.04294616268985296,0.27379707218865884,3
0,[],28,[],2019-05-07 07:58:03,0.0,0,0,7563487,2019-05-07 07:58:03,,0.0,0.0,0,,0.0,0.0,0.0,3
0,[],2,[],2019-01-20 23:31:32,0.0,0,0,6477077,2019-01-20 23:31:32,,0.0,0.0,0,,0.0,0.0,0.0,4
1,[],4,[],2019-04-26 19:14:12,610911.70993152,0.00000026,0.000000000013566046,7471614,2019-04-26 19:14:12,btc,31.457742656463164,0.0,0.00000026,btc,718733.71307795,0.00142695,0.0638464483338706,4
0,[],12,[],2019-04-25 23:08:22,0.0,0,0,7459310,2019-04-25 23:08:22,btc,1111851.94727753,0.0,0,btc,953412.0,0.0,0.0,5
0,[],2,[],2019-01-20 23:31:51,0.0,0,0,6477087,2019-01-20 23:31:51,,0.0,0.0,0,,0.0,0.0,0.0,6
1,[],11,[],2019-05-07 07:58:04,5106182.307535999,0.00000001,0.000000000000590405,7563488,2019-05-07 07:58:04,btc,9576.586401859495,406556.0,0.00000001,btc,47369201.75253575,0.0,0.05106182307536,6
1,[],3,[],2019-05-07 07:58:05,11063.4565418503,0.000195689999999999991557586564994153377483598887920379638671875,0.000000011553635445,7563489,2019-05-07 07:58:05,btc,24.96121739199037,32.0018895808,0.000195689999999999991557586564994153377483598887920379638671875,btc,309.781605034214,0.0,0.029233715164996225,7
1,[],4,[],2019-05-07 07:58:05,40133.27852516,0.00019207,0.000000011339908835,7563490,2019-05-07 07:58:05,btc,8.331803925427693,0.0,0.00019207,btc,34823.7134366,3.75383053,3.606994400293546,7
1,[],5,[],2019-05-07 07:58:07,0.0,0,0,7563491,2019-05-07 07:58:07,btc,0.0,0.38341349,0,btc,0.0,0.0,0.0,7
1,[],20,[],2019-04-07 22:06:50,3201475.0482,0.000000001,0.000000000000051590000000000004,7213932,2019-04-07 22:06:50,btc,30.8005781811902,0.0,0.000000001,btc,23077405.3926,0.0,0.0032014750482,8
0,[],2,[],2019-01-20 23:22:42,0.0,0,0,6476876,2019-01-20 23:22:42,,0.0,0.0,0,,0.0,0.0,0.0,9
0,[],23,[],2019-01-20 23:22:48,0.0,0,0,6476878,2019-01-20 23:22:48,,0.0,0.0,0,,0.0,0.0,0.0,9
1,[],1,[],2019-02-17 23:31:42,1822507.21,0.00000181000000000000003456111265232042484285557293333113193511962890625,0.000000000066086901,6701244,2019-02-17 23:31:42,btc,3.6990969245,17153386.5,0.00000181000000000000003456111265232042484285557293333113193511962890625,btc,1997391.71,31.11772986,3.2610482446,9
1,[],4,[],2019-05-07 07:58:08,22737491.71304837,0.00000087,0.000000000051365235,7563492,2019-05-07 07:58:08,btc,4.9219174518040925,0.0,0.00000087,btc,3607035.98689449,0.69871274,0.9736745193221352,9
1,[],28,[],2019-05-07 07:58:43,18055.0,0.00000021,0.000000000012398505,7563493,2019-05-07 07:58:43,btc,2708.774353000864,3528619.079,0.00000021,btc,24560.2792,0.0,0.00186155,9
1,[],4,[],2019-02-17 11:22:43,4341674.27126056,0.00000002,0.0000000000007272960000000001,6696112,2019-02-17 11:22:43,btc,0.1997230937751353,0.0,0.00000002,btc,4109766.79808031,0.00215132,0.0479381022052112,10
0,[],2,[],2019-01-20 23:23:08,0.0,0,0,6476890,2019-01-20 23:23:08,,0.0,0.0,0,,0.0,0.0,0.0,12
1,[],4,[],2019-05-07 07:58:44,3770051.39702197,0.00000102,0.00000000006022131,7563494,2019-05-07 07:58:44,btc,6.081469822507265,0.0,0.00000102,btc,4297053.66269948,2.37666284,0.8640143301239342,12
1,[],5,[],2019-05-07 07:58:45,0.0,0,0,7563495,2019-05-07 07:58:45,btc,0.0,0.15498844,0,btc,0.0,0.0,0.0,12
0.0,[],25,[],2019-05-07 07:58:47,0.0,0,0,7563496,2019-05-07 07:58:47,,0.0,0.0,0.0,btc,0.0,0.0,0.0,12
1,[],4,[],2019-05-07 07:58:47,32029931.77730897,0.00000670,0.00000000039557135000000003,7563497,2019-05-07 07:58:47,btc,3.0104492609533953,0.0,0.00000670,btc,330408.57198072,0.51535395,1.0643632676329178,13
1,[],10,[],2019-05-07 07:58:50,465236.53727904,0.0000063,0.00000000037195515000000003,7563498,2019-05-07 07:58:50,btc,666793.5764501618,4712.68064078,0.0000063,btc,742415.13070738,0.0,0.4287739780627158,13
1,[],21,[],2019-05-07 07:58:52,1991775.1494058,0.000006700000000000000226207941267,0.00000000039557135000000003,7563499,2019-05-07 07:58:52,btc,9.53012556964647,374515.41342693,0.000006700000000000000226207941267375645111314952373504638671875,btc,1225800.53427461,2.58194442,10.971769047977796,13
0,[],17,[],2019-05-03 00:53:32,0.0,0,0,7558876,2019-05-03 00:53:32,btc,0.0,0.0,0,btc,0.0,0.0,0.0,14
1,[],4,[],2019-05-07 07:58:52,1142571.09016973,0.00000088,0.000000000051955640000000004,7563500,2019-05-07 07:58:52,btc,5.51535484736295,0.0,0.00000088,btc,1072336.17967237,0.01831428,0.2469507282847908,14
1,[],12,[],2019-05-07 07:58:53,254889.04616658,0.00000085,0.000000000050184425,7563501,2019-05-07 07:58:53,btc,0.118177232996267,0.0,0.00000085,btc,14478.86895597,0.0003530899100899,0.028476239999972102,14
1,[],26,[],2019-05-07 07:58:54,0.0,0.00000050,0.00000000002952025,7563502,2019-05-07 07:58:54,btc,0.0,0.0,0.00000050,btc,0.0,0.0,0.0,14
,[],12,[],2018-12-01 15:15:48,204241.84496,0.00000489,0.000000000202473384,5260204,2018-12-01 15:15:48,btc,49.5475654835,0.0,,btc,35763.2193806,0.0163153972027625,0.0203389899998,15
0,[],4,[],2019-05-07 07:58:55,0.0,0,0,7563503,2019-05-07 07:58:55,,0.0,0.0,0,,0.0,0.0,0.0,15
0,[],2,[],2019-01-20 23:23:38,0.0,0,0,6476906,2019-01-20 23:23:38,,0.0,0.0,0,,0.0,0.0,0.0,18
0,[],17,[],2019-05-03 00:53:39,0.0,0,0,7558882,2019-05-03 00:53:39,btc,0.0,0.0,0,btc,0.0,0.0,0.0,18
1,[],4,[],2019-05-07 07:58:56,30507.9033627,0.00001261,0.000000000744500705,7563504,2019-05-07 07:58:56,btc,1.1014793731680073,0.0,0.00001261,btc,13657.62903412,0.02770499,0.1085791385205458,18
1,[],10,[],2019-05-07 07:58:58,169800.52141116,0.00001373,0.0000000008106260650000001,7563505,2019-05-07 07:58:58,btc,15.885895719234384,2940.40767973,0.00001373,btc,33997.90682878,0.0,0.5228684435938254,18
1,[],12,[],2019-05-07 07:58:58,221341.13296648,0.0000130999999999999999365958569530477006992441602051258087158203125,0.0000000007734305500000001,7563506,2019-05-07 07:58:58,btc,33215.32015154901,0.0,0.0000130999999999999999365958569530477006992441602051258087158203125,btc,1228.2576162,0.0006155263733621,0.0182364961973157,18
0,[],2,[],2019-01-20 23:24:19,0.0,0,0,6476924,2019-01-20 23:24:19,,0.0,0.0,0,,0.0,0.0,0.0,19
1,[],3,[],2019-05-07 07:59:00,152772.03600650834,0.0000143300000000000000185788884277116039811517111957073211669921875,0.0000000008460503650000001,7563507,2019-05-07 07:59:00,btc,0.26273567146686455,629.976955908,0.0000143300000000000000185788884277116039811517111957073211669921875,btc,6470.289184939193,0.0,0.04319149401878549,19
1,[],4,[],2019-05-07 07:59:01,389433.64811567,0.00001568,0.00000000092575504,7563508,2019-05-07 07:59:01,btc,3.7943425388420806,0.0,0.00001568,btc,120956.43421476,0.52955269,0.774901856898995,19
1,[],5,[],2019-05-07 07:59:03,0.0,0,0,7563509,2019-05-07 07:59:03,btc,0.0,0.0001116,0,btc,0.0,0.0,0.0,19
1,[],12,[],2019-05-07 07:59:04,187006.59582986,0.000015150000000000000637922874247021098881305078975856304168701171875,0.000000000894463575,7563510,2019-05-07 07:59:04,btc,0.2761038642138436,0.0,0.000015150000000000000637922874247021098881305078975856304168701171875,btc,2300.39413244,1.514e-05,0.0930043099993868,19
0,[],27,[],2019-05-07 07:59:11,0.0,0,0,7563511,2019-05-07 07:59:11,,0.0,0.0,0,btc,0.0,0.0,0.0,19
1,[],4,[],2019-05-07 07:59:12,1896358.59220945,0.00000010,0.0000000000059040500000000005,7563512,2019-05-07 07:59:12,btc,5.281490915425295,0.0,0.00000010,btc,2279170.28595418,0.0,0.0668365370578882,20
0,[],17,[],2019-05-03 00:53:51,0.0,0,0,7558891,2019-05-03 00:53:51,btc,0.0,0.0,0,btc,0.0,0.0,0.0,21
1,[],4,[],2019-05-07 07:59:13,75571248.68018357,0.00000001,0.000000000000590405,7563513,2019-05-07 07:59:13,btc,39343.1729038375,0.0,0.00000001,btc,54397051.48986641,0.51150623,0.7557124868018358,21
1,[],12,[],2019-05-07 07:59:14,3839997.0,0.00000001,0.000000000000590405,7563514,2019-05-07 07:59:14,btc,2895.660823185824,0.0,0.00000001,btc,7181972.54845151,0.0009462401498502,0.03839997,21
1,[],12,[],2019-05-07 07:59:16,8317137985.226,0.0000000006,0.000000000000035424300000000004,7563515,2019-05-07 07:59:16,btc,311119402470.3513,0.0,0.0000000006,btc,2701094631.063936,0.2266820928996004,1.9970584619725,23
0.0000000002982826,[],27,[],2019-05-07 07:59:21,3877719.0,5.965652e-18,3.52215076906e-22,7563516,2019-05-07 07:59:21,eth,10131.669321886013,168681881.66,0.00000002,eth,4225494.3444,1.006297403734238e-09,1.1596830772142e-11,23
1,[],4,[],2019-05-07 07:59:22,851517.92760116,0.00000033,0.000000000019483365,7563517,2019-05-07 07:59:22,btc,13.959568752937455,0.0,0.00000033,btc,2178097.65836304,0.00992956,0.1045863403762295,24
1,[],22,[],2019-05-07 07:59:25,1021.76,0.00000100,0.0000000000590405,7563518,2019-05-07 07:59:25,BTC,7.415e-05,0.0,0.00000100,BTC,23.919354838709676,0.0,0.00011186,24
0.0,[],25,[],2019-05-07 07:59:26,0.0,0,0,7563519,2019-05-07 07:59:26,,0.0,0.0,0.0,btc,0.0,0.0,0.0,24
1,[],4,[],2019-05-07 07:59:28,26961640.39231447,0.00000559,0.000000000330036395,7563520,2019-05-07 07:59:28,btc,11.580449651430861,0.0,0.00000559,btc,307118.29827147,0.08444135,0.5739302129908505,26
1,[],10,[],2019-05-07 07:59:30,117732.79971967,0.00000852,0.00000000050302506,7563521,2019-05-07 07:59:30,btc,25.49559136387191,3426.50650799,0.00000852,btc,19794.74951902,0.0,0.0691254378924603,26
0,[],2,[],2019-01-20 23:25:56,0.0,0,0,6476976,2019-01-20 23:25:56,,0.0,0.0,0,,0.0,0.0,0.0,26
1,[],11,[],2019-04-30 04:16:17,7094566.83690364,0.00000006,0.000000000003115554,7518027,2019-04-30 04:16:17,btc,67504.138725751,6116.07566417,0.00000006,btc,6591680.7351637,0.0,0.38529422037817224,27
1,[],5,[],2019-04-26 09:47:06,0.0,0,0,7465326,2019-04-26 09:47:06,btc,0.0,0.0,0,btc,0.0,0.0,0.0,27
1,[],3,[],2019-04-28 02:38:55,141621.60361514,0.00000001,0.0000000000005253330000000001,7491060,2019-04-28 02:38:55,btc,2.501704004580372,921815.184511,0.00000001,btc,21091882.2176418,0.0,0.0014162160361513999,27
1,[],4,[],2019-05-07 07:59:31,1555927967.6749094,0.00000002,0.00000000000118081,7563522,2019-05-07 07:59:31,btc,4.851759967563241,0.0,0.00000002,"btc,ltc",275323641.9524861,0.56012247,10.086515465928327,29
1,[],7,[],2019-05-07 07:59:33,114255133.11587225,0.00000002,0.00000000000118081,7563523,2019-05-07 07:59:33,btc,46550610.465626255,584583.743018,0.00000002,btc,31586374.79457892,0.0,1.274028638515134,29
1,[],4,[],2019-05-07 07:59:34,1542082.68168381,0.00000014,0.00000000000826567,7563524,2019-05-07 07:59:34,btc,2.441713607516399,0.0,0.00000014,btc,1838777.01328282,0.06090731,0.059743940671537,30
0,[],17,[],2019-05-03 01:11:25,0.0,0,0,7559066,2019-05-03 01:11:25,btc,0.0,0.0,0,btc,0.0,0.0,0.0,30
1,[],4,[],2019-05-07 07:59:36,189052.98196771,0.00006152,0.0000000036321715600000002,7563525,2019-05-07 07:59:36,btc,6.311825080380853,0.0,0.00006152,btc,59470.92971297,1.26340345,1.0701449258259967,31
1,[],21,[],2019-05-07 07:59:38,63624.91214398,0.00006122999999999999482577089926,0.000000003615049815,7563526,2019-05-07 07:59:38,btc,3.6773580369655496,293934.35459268,0.000061229999999999994825770899264938407213776372373104095458984375,btc,53094.36265102,19.84590111,3.512106718546,31
0,[],2,[],2019-01-20 23:28:43,0.0,0,0,6477009,2019-01-20 23:28:43,,0.0,0.0,0,,0.0,0.0,0.0,32
0,[],4,[],2019-05-07 07:59:41,0.0,0,0,7563527,2019-05-07 07:59:41,,0.0,0.0,0,,0.0,0.0,0.0,33
1,[],12,[],2019-03-30 07:55:10,40641173.964,0.00000003,0.000000000001228359,7108785,2019-03-30 07:55:10,btc,4233210.82356125,0.0,0.00000003,btc,28378394.68333462,0.0126927883965248,0.90752895892,33
0,[],4,[],2019-05-07 07:59:43,0.0,0,0,7563528,2019-05-07 07:59:43,,3.736129557554937,0.0,0,,150510608.4561641,0.01333175,0.0,34
1,[],5,[],2019-05-07 07:59:44,0.0,0,0,7563529,2019-05-07 07:59:44,btc,0.0,0.02996685,0,btc,0.0,0.0,0.0,34
0.000000000133684,[],4,[],2019-05-02 18:17:45,3384239970.6360936,1.3368400000000002e-18,7.293946092400001e-23,7556428,2019-05-02 18:17:45,ltc,5.381102735485169e-08,0.0,0.00000001,ltc,6862894551.7408495,0.0,4.524187362345155e-09,36
1,[],5,[],2019-05-02 18:17:46,0.0,0,0,7556429,2019-05-02 18:17:46,btc,0.0,0.0,0,btc,0.0,0.0,0.0,36
0.0000000002926451,[],17,[],2019-05-02 18:17:47,200000.0,2.9264510000000002e-18,1.596703856561e-22,7556430,2019-05-02 18:17:47,eth,0.20942468735267253,0.0,0.00000001,"btc,eth",1018272.20243647,0.0,5.852902e-13,36
0.000000000133684,[],27,[],2019-05-02 18:17:55,7883196.008,1.3368400000000002e-18,7.293946092400001e-23,7556431,2019-05-02 18:17:55,ltc,25567.4086131264,0.0,0.00000001,"ltc,eth",21753551.64,0.0,1.0538571751334722e-11,36
1,[],4,[],2019-05-07 07:59:45,206335.60086865,0.00000025,0.000000000014760125,7563530,2019-05-07 07:59:45,btc,19772.67447020368,0.0,0.00000025,btc,829328.89076131,0.01825347,0.0217613184241468,37
1,[],12,[],2019-05-07 07:59:46,942309.80575942,0.00000024,0.00000000001416972,7563531,2019-05-07 07:59:46,btc,61604.9755610325,0.0,0.00000024,btc,585785.81396847,0.0253528465029961,0.09396471999999159,37
1,[],27,[],2019-05-07 07:59:52,1600.0,0.00000015,0.000000000008856075,7563532,2019-05-07 07:59:52,btc,24.12824334291843,77.0,0.00000015,btc,5839.49448498,2.695e-05,3e-05,37
1,[],17,[],2019-05-03 01:11:36,211752.74075282,0.00000025,0.000000000013700074999999998,7559074,2019-05-03 01:11:36,btc,0.055484923955058496,0.0,0.00000025,"btc,eth",1387.19918473,0.0,0.0005381851887916605,37
1,[],5,[],2019-05-07 07:59:54,0.0,0,0,7563533,2019-05-07 07:59:54,btc,0.0,0.00290743,0,btc,0.0,0.0,0.0,42
1,[],12,[],2019-05-07 07:59:55,352196.17413527,0.00000094,0.000000000055498070000000006,7563534,2019-05-07 07:59:55,btc,51.18222256778037,0.0,0.00000094,btc,30125.57309774,0.0129826823715642,0.0559615189999507,42
1,[],27,[],2019-05-07 08:00:02,3256.0,0.00000015,0.000000000008856075,7563535,2019-05-07 08:00:02,btc,1.8179904929696,0.0,0.00000015,"btc,eth",2428.82344975,0.0,0.00024750000061643084,42
1,[],12,[],2019-03-13 09:13:29,1112112.0,0.00000001,0.000000000000386531,6919902,2019-03-13 09:13:29,btc,29058.00478931866,0.0,0.00000001,btc,5967681.93306694,9.99000999e-07,0.01112112,43
1,[],5,[],2019-04-26 22:38:52,0.0,0,0,7474154,2019-04-26 22:38:52,btc,0.0,0.02638891,0,btc,0.0,0.0,0.0,43
0,[],17,[],2019-04-26 22:38:53,0.0,0,0,7474155,2019-04-26 22:38:53,btc,0.0,0.0,0,btc,0.0,0.0,0.0,43
1,[],12,[],2019-03-05 01:54:08,639326.02,0.00000004,0.000000000001486676,6845775,2019-03-05 01:54:08,btc,11116042.728239931,0.0,0.00000004,btc,1103841.4595604,0.0003330765234764,0.014975410599999999,44
1,[],4,[],2019-05-07 08:00:03,132663928.7777676,0.00000001,0.000000000000590405,7563536,2019-05-07 08:00:03,btc,436.7810382405297,0.0,0.00000001,"btc,ltc",22985645.89584506,0.00118998,0.2989287603962165,49
0.0000000001293103,[],4,[],2019-05-07 08:00:04,131442382.58142786,7.2413768e-17,4.275345069604e-21,7563537,2019-05-07 08:00:04,ltc,21616.284545051967,0.0,0.00000056,ltc,101457968.99493192,0.0,1.7173801563881123e-09,52
0,[],22,[],2019-05-07 08:00:07,0.0,0,0,7563538,2019-05-07 08:00:07,,10304.87709543,0.0,0,,310505736.4566013,0.0,0.0,57
0.0000000002982826,[],27,[],2019-05-07 08:00:21,10000.0,2.982826e-18,1.76107538453e-22,7563539,2019-05-07 08:00:21,eth,0.0,0.0,0.00000001,"btc,eth",0.0,0.0,2.982826e-14,57
0.0000000001293103,[],4,[],2019-05-07 08:00:22,1153501599.9765446,1.293103e-18,7.63454476715e-23,7563540,2019-05-07 08:00:22,ltc,19.111263406924845,0.0,0.00000001,ltc,5662894345.99197,0.0,1.49159637943447e-09,58
1,[],12,[],2019-05-07 08:00:23,1573458219.0,0.0000000001,0.00000000000000590405,7563541,2019-05-07 08:00:23,btc,11896833.094235374,0.0,0.0000000001,btc,4266637807.3146853,0.004291090934365632,0.15734582190000002,58
0.0000000001170224,[],22,[],2019-05-07 08:00:27,137438.0,1.170224e-18,6.9090610072e-23,7563542,2019-05-07 08:00:27,XMR,69.1795942,0.0,0.00000001,XMR,9887963.0,0.0,0.00137438,58
1,[],17,[],2019-05-03 01:12:09,1200000.0,0.0000000001,0.00000000000000548003,7559085,2019-05-03 01:12:09,btc,1e+24,0.0,0.0000000001,"btc,eth",39516342.31952568,0.0,0.00010000000058666061,58
1,[],5,[],2019-05-07 08:00:28,0.0,0,0,7563543,2019-05-07 08:00:28,btc,0.0,0.01222528,0,btc,0.0,0.0,0.0,61
1,[],22,[],2019-05-07 08:00:31,13613.833333333334,0.00000012,0.0000000000070848600000000006,7563544,2019-05-07 08:00:31,BTC,1002.29626883,0.0,0.00000012,BTC,15392.180177125656,0.0,0.00153269,61
1,[],26,[],2019-05-07 08:00:31,0.0,0.00000100,0.0000000000590405,7563545,2019-05-07 08:00:31,btc,0.0,0.0,0.00000100,btc,0.0,0.0,0.0,61
0.0000000002982826,[],27,[],2019-05-07 08:00:46,100000.0,2.982826e-18,1.76107538453e-22,7563546,2019-05-07 08:00:46,eth,1.9482732497246655,0.0,0.00000001,"btc,eth",13266.51663696,0.0,2.982826e-13,61
1,[],28,[],2019-05-07 08:01:16,1039.304,0.00000008,0.00000000000472324,7563547,2019-05-07 08:01:16,btc,2.056501795415105,629.0,0.00000008,btc,10022.46650005,0.0,2.439304e-05,61
1,[],4,[],2019-05-07 08:01:18,1224025.50696974,0.00000110,0.00000000006494455,7563548,2019-05-07 08:01:18,btc,1.077451358227458,0.0,0.00000110,btc,428464.72824015,0.08525475,0.8231543450861516,67
0.0,[],25,[],2019-05-07 08:01:19,0.0,0,0,7563549,2019-05-07 08:01:19,,0.0,0.0,0.0,btc,0.0,0.0,0.0,67
1,[],12,[],2019-05-07 08:01:20,624174.33333333,0.00000014,0.00000000000826567,7563550,2019-05-07 08:01:20,btc,55556348.25439344,0.0,0.00000014,btc,1483835.97604832,0.00016192909091,0.0248615399999996,71
,[],5,[],2018-11-20 23:02:39,1.5e-07,0.00000005,0.000000000002128045,4862160,2018-11-20 23:02:39,btc,2.84511358,0.0,,btc,0.00036572,0.0,0.07381892,74
1,[],5,[],2019-05-07 08:01:21,0.0,0,0,7563551,2019-05-07 08:01:21,btc,0.0,0.0043879,0,btc,0.0,0.0,0.0,75
0,[],4,[],2019-05-07 08:01:23,0.0,0,0,7563552,2019-05-07 08:01:23,,133703.44050792317,0.0,0,,35150289.66593586,0.00045218,0.0,81
0,[],20,[],2019-01-25 09:30:31,0.0,0,0,6495923,2019-01-25 09:30:31,btc,0.0,0.0,0,btc,0.0,0.0,0.0,81
1,[],4,[],2019-05-07 08:01:25,30294.44717637,0.00007102,0.00000000419305631,7563553,2019-05-07 08:01:25,btc,18.160187065765207,0.0,0.00007102,btc,19243.72730957,0.99517776,0.5485118162526905,82
1,[],21,[],2019-05-07 08:01:25,260646.37679448,0.00006739999999999999843233039476,0.0000000039793297000000005,7563554,2019-05-07 08:01:25,btc,3.2025009463581147,8907.8907395,0.000067399999999999998432330394759759428779943846166133880615234375,btc,41385.62859687,0.59925538,2.2118236908075986,82
0,[],17,[],2019-03-25 22:42:34,0.0,0,0,7038780,2019-03-25 22:42:34,btc,0.0445064681804024,0.0,0,btc,995513.18476001,0.0,0.0,84
0.00000000013644,[],4,[],2019-05-01 19:17:39,299701867.376,1.3644e-18,7.259508504e-23,7542161,2019-05-01 19:17:39,ltc,1.6769037726995486,0.0,0.00000001,ltc,427823536.87452894,0.00010978,4.089132278478144e-10,85
,[],22,[],2018-11-20 23:09:34,3408.1,0.0000001,0.0000000000041895,4862324,2018-11-20 23:09:34,BTC,0.04624735,0.0,,BTC,4990.0,0.0,0.00033081,86
1,[],22,[],2019-04-28 12:40:53,100736.0,0.00000003,0.000000000001581999,7496039,2019-04-28 12:40:53,BTC,3.65981852,0.0,0.00000003,BTC,220119.54736842104,0.0,0.00122208,87
1,[],27,[],2019-04-28 12:41:07,94210.0,0.00000001,0.0000000000005273330000000001,7496040,2019-04-28 12:41:07,btc,5.5716688171676,0.0,0.00000001,btc,48984.90885,0.0,0.0009421,87
,[],2,[],2018-11-20 23:10:47,0.0,0,0,4862359,2018-11-20 23:10:47,,0.0,0.0,,,0.0,0.0,0.0,88
1,[],11,[],2019-05-07 08:01:27,86348.48559365,0.00013207000000000000097984120817073971920763142406940460205078125,0.000000007797478835000001,7563555,2019-05-07 08:01:27,btc,168.2712873946109,338.14613379,0.00013207000000000000097984120817073971920763142406940460205078125,btc,158880.94153198999,0.0,5.192509038811636,89
0,[],2,[],2019-01-20 23:31:45,0.0,0,0,6477083,2019-01-20 23:31:45,,0.0,0.0,0,,0.0,0.0,0.0,91
1,[],12,[],2019-05-07 08:01:28,399124.59529538,0.00000051,0.000000000030110655,7563556,2019-05-07 08:01:28,btc,73.19721047021994,0.0,0.00000051,btc,149394.69782722,0.0,0.0440311672999553,91
1,[],22,[],2019-05-07 08:01:32,76014.0,0.0000008,0.000000000047232400000000004,7563557,2019-05-07 08:01:32,BTC,0.1,0.0,0.0000008,"BTC,LTC",1.0,0.0,0.0017135,91
0,[],17,[],2019-05-03 01:12:26,0.0,0,0,7559096,2019-05-03 01:12:26,btc,0.0,0.0,0,btc,0.0,0.0,0.0,91
1,[],22,[],2019-04-09 20:17:52,374949.73333333334,0.00000015,0.000000000007771935,7235704,2019-04-09 20:17:52,BTC,6.87372503,0.0,0.00000015,"BTC,LTC",159980.01196797504,1.1e-05,0.80510266,95
0.0000000001293103,[],4,[],2019-05-07 08:01:34,553535354.2035873,7.4999974e-17,4.428035964947e-21,7563558,2019-05-07 08:01:34,ltc,11.325890854217413,0.0,0.00000058,ltc,133482012.9262449,0.0,1.5227048947081011e-09,96
0,[],12,[],2019-05-07 08:01:35,0.0,0,0,7563559,2019-05-07 08:01:35,btc,25054.263517380074,0.0,0,btc,6821630.82664734,4.02697302697e-05,0.0,96
0,[],17,[],2019-05-03 01:12:32,0.0,0,0,7559100,2019-05-03 01:12:32,btc,0.0,0.0,0,btc,0.0,0.0,0.0,96
1,[],4,[],2019-04-14 03:32:46,1039404.33283278,0.00000038,0.000000000019245518,7293458,2019-04-14 03:32:46,btc,4.170086055365747,0.0,0.00000038,btc,3097704.34561074,0.06260606,0.1859928211030784,99
1,[],4,[],2019-05-07 08:01:37,335473.0986897,0.00003725,0.000000002199258625,7563560,2019-05-07 08:01:37,btc,6.652410742658297,0.0,0.00003725,btc,113867.01090023,0.35613127,0.7300707687083832,100
0,[],2,[],2019-01-20 23:23:55,0.0,0,0,6476914,2019-01-20 23:23:55,,0.0,0.0,0,,0.0,0.0,0.0,100
1,[],22,[],2019-05-07 08:01:41,130000.0,0.00000001,0.000000000000590405,7563561,2019-05-07 08:01:41,BTC,24.83526409,0.0,0.00000001,BTC,11187.719,0.0,0.0013,101
1,[],4,[],2019-05-07 08:01:42,553175.70637114,0.00001137,0.0000000006712904850000001,7563562,2019-05-07 08:01:42,btc,339.69781831183985,0.0,0.00001137,btc,299082.83612874,4.0486367,0.5893216030258874,103
1,[],12,[],2019-05-07 08:01:44,115136409.51292,0.000000005,0.0000000000002952025,7563563,2019-05-07 08:01:44,btc,468525102.2347157,0.0,0.000000005,btc,106821817.68806186,0.00439720455544468,0.23777861971276001,105
1,[],27,[],2019-05-07 08:01:52,11976.0,0.00000001,0.000000000000590405,7563564,2019-05-07 08:01:52,btc,0.0689357688051137,0.0,0.00000001,btc,864584.59450753,0.0,0.00011976,105
1,[],22,[],2019-04-21 00:17:26,21333.0,0.00000001,0.000000000000532493,7385819,2019-04-21 00:17:26,BTC,51.38182867,0.0,0.00000001,BTC,470435.0,0.0,0.00021333,107
1,[],26,[],2019-04-21 00:17:26,0.0,0.00000000,0,7385820,2019-04-21 00:17:26,btc,0.0,0.0,0.00000000,btc,0.0,0.0,0.0,107
1,[],5,[],2019-05-07 08:01:53,0.0,0,0,7563565,2019-05-07 08:01:53,btc,0.0,0.00620841,0,btc,0.0,0.0,0.0,112
0,[],22,[],2019-05-07 08:01:55,0.0,0,0,7563566,2019-05-07 08:01:55,,2.79003697,0.0,0,,1380942.0833333333,0.0,0.0,112
1,[],27,[],2019-05-07 08:02:06,1.0,0.00000001,0.000000000000590405,7563567,2019-05-07 08:02:06,btc,1.25032588,0.0,0.00000001,"btc,eth",1819.0,0.0,1e-08,112
1,[],4,[],2019-05-07 08:02:07,349485.43267304,0.00000163,0.000000000096236015,7563568,2019-05-07 08:02:07,btc,5.218282047020731,0.0,0.00000163,btc,521001.39184612,0.17467538,0.2303476223963667,113
1,[],5,[],2019-05-07 08:02:09,0.0,0,0,7563569,2019-05-07 08:02:09,btc,0.0,0.0,0,btc,0.0,0.0,0.0,113
1,[],17,[],2019-04-26 02:17:47,162738.278,0.00000004,0.0000000000021069000000000002,7461287,2019-04-26 02:17:47,btc,1.3331140273775473,0.0,0.00000004,btc,51796.221,0.0,0.00230953112,116
0,[],27,[],2019-04-26 02:19:51,0.0,0,0,7461288,2019-04-26 02:19:51,,0.0,0.0,0,,0.0,0.0,0.0,116
1,[],4,[],2019-05-07 08:02:10,136264.89160375,0.00001022,0.0000000006033939100000001,7563570,2019-05-07 08:02:10,btc,132.11737220121586,0.0,0.00001022,btc,265396.31321052,0.06172353,1.0923752221593175,120
1,[],7,[],2019-05-07 08:02:12,9492.19368561,0.000012429999999999999575161883924590000560783664695918560028076171875,0.000000000733873415,7563571,2019-05-07 08:02:12,btc,231185.89208132226,0.0,0.000012429999999999999575161883924590000560783664695918560028076171875,btc,4114.85498974,0.0,0.0181911540543351,120
1,[],20,[],2019-04-07 18:42:29,1914137.0852,0.000000035,0.0000000000017871910000000002,7211992,2019-04-07 18:42:29,btc,32.2497668025648,25528.85,0.000000035,btc,1001975.4986,0.00089350975,0.0152723574729,125
1,[],22,[],2019-05-07 08:02:16,110000.0,0.00000001,0.000000000000590405,7563572,2019-05-07 08:02:16,BTC,0.032061,0.0,0.00000001,BTC,299316.7611111111,0.0,0.0011,126
1,[],4,[],2019-05-07 08:02:17,1861623.00695497,0.00000959,0.0000000005661983950000001,7563573,2019-05-07 08:02:17,btc,3.704998817418018,0.0,0.00000959,btc,167426.46690742,0.09314174,0.5174602852008457,131
0,[],2,[],2019-01-20 23:25:46,0.0,0,0,6476969,2019-01-20 23:25:46,,0.0,0.0,0,,0.0,0.0,0.0,131
1,[],17,[],2019-05-03 01:13:10,10000.0,0.00000001,0.000000000000548003,7559115,2019-05-03 01:13:10,btc,0.0953976503951408,0.0,0.00000001,btc,5037.62507334,0.0,0.0001,131
1,[],4,[],2019-05-07 08:10:07,4710.79065821,0.00012763,0.000000007550258962,7563718,2019-05-07 08:10:07,btc,6.011511141482639,0.0,0.00012763,btc,191.61415747,0.0,0.0080968379600127,135
1,[],3,[],2019-05-07 08:10:08,530498.0,0.00000001,0.000000000000591574,7563719,2019-05-07 08:10:08,btc,0.0934057631805504,129896.5,0.00000001,btc,1024104.34967245,0.0,0.00530498,136
1,[],4,[],2019-05-07 08:10:10,3463089.79920524,0.00000230,0.00000000013606202,7563720,2019-05-07 08:10:10,btc,318.764060632324,0.0,0.00000230,btc,469782.74771828,0.15757451,0.8307262192740424,137
1,[],12,[],2019-05-07 08:10:11,331199.40717061,0.00000207999999999999999057936732327345197290924261324107646942138671875,0.000000000123047392,7563721,2019-05-07 08:10:11,btc,48520.51121783286,0.0,0.00000207999999999999999057936732327345197290924261324107646942138671875,btc,41596.92680232,0.0039245490009681,0.0382396099999697,137
1,[],4,[],2019-05-07 08:10:11,46526.86277269,0.00003700,0.0000000021888238,7563722,2019-05-07 08:10:11,btc,5.128550466509742,0.0,0.00003700,btc,66635.14299253,0.21685585,0.1880203592776389,142
1,[],5,[],2019-05-07 08:10:13,0.0,0,0,7563723,2019-05-07 08:10:13,btc,0.0,0.14348397,0,btc,0.0,0.0,0.0,142
1,[],20,[],2019-05-07 08:10:15,167602.602,0.00003401,0.000000002011943174,7563724,2019-05-07 08:10:15,btc,1.7086003245498,0.0,0.00003401,btc,8215.5399,0.0,0.059990581409,142
1,[],22,[],2019-05-07 08:10:18,1370.0,0.00000200,0.0000000001183148,7563725,2019-05-07 08:10:18,BTC,3.2756588,0.0,0.00000200,BTC,1135.5948275773155,0.0,0.0003632,142
0.0,[],25,[],2019-05-07 08:10:19,0.0,0,0,7563726,2019-05-07 08:10:19,,0.0,0.0,0.0,btc,0.0,0.0,0.0,142
1,[],28,[],2019-05-07 08:10:21,79102.0,0.00003311,0.000000001958701514,7563727,2019-05-07 08:10:21,btc,0.0580251924,241829.0,0.00003311,btc,463.37303,0.0,0.07347342,142
1,[],17,[],2019-05-03 01:13:16,32967.38636364,0.00000088,0.000000000048224264,7559122,2019-05-03 01:13:16,btc,20.06976206696776,0.0,0.00000088,btc,2746.079105,0.0,0.0105613000000032,142
0,[],22,[],2019-05-07 08:03:04,0.0,0,0,7563584,2019-05-07 08:03:04,,66.66505393,0.0,0,,938775805.8,0.0,0.0,143
0,[],22,[],2019-02-25 15:42:22,0.0,0,0,6783783,2019-02-25 15:42:22,,4.2131946,0.0,0,,2322156.0,0.0,0.0,146
,[],22,[],2018-11-20 23:01:11,0.0,0,0,4862114,2018-11-20 23:01:11,,2.56807021,0.0,,,61828.4988236,0.0,0.0,147
1,[],12,[],2019-04-21 06:38:04,193091.5971266,0.00000071,0.000000000037635183,7388679,2019-04-21 06:38:04,btc,2.301232411611175,0.0,0.00000071,btc,9957.48302385,0.00023528,0.0313308199999888,148
1,[],4,[],2019-03-19 21:31:25,255810.0415942,0.00000029,0.000000000011615747,6982695,2019-03-19 21:31:25,btc,218.94922712414143,0.0,0.00000029,btc,793529.37642722,0.00117,0.0608347789473395,152
0,[],22,[],2019-03-19 21:31:27,0.0,0,0,6982696,2019-03-19 21:31:27,,0.0,0.0,0,,0.0,0.0,0.0,152
1,[],5,[],2019-04-26 09:36:59,0.0,0,0,7465040,2019-04-26 09:36:59,btc,0.0,0.0,0,btc,0.0,0.0,0.0,153
,[],16,[],2019-01-11 15:38:59,0.0,0,0,6366141,2019-01-11 15:38:59,btc,0.0,0.0,,btc,0.0,0.0,0.0,155
0,[],22,[],2019-05-07 08:03:07,0.0,0,0,7563585,2019-05-07 08:03:07,,6.78991271,0.0,0,,4661448.342592592,0.0,0.0,156
0,[],23,[],2019-01-20 23:24:29,0.0,0,0,6476932,2019-01-20 23:24:29,,0.0,0.0,0,,0.0,0.0,0.0,156
1,[],22,[],2019-05-07 08:10:25,7066.0,0.00000800,0.0000000004732592,7563728,2019-05-07 08:10:25,BTC,1.79802465,0.0,0.00000800,BTC,802.6461988741639,0.0,0.00062996,157
0,[],22,[],2019-05-07 08:10:28,0.0,0,0,7563729,2019-05-07 08:10:28,,50234.60468402,0.0,0,,54786159.03179465,0.0,0.0,158
,[],17,[],2018-11-20 22:56:10,0.0,0,0,4861976,2018-11-20 22:56:10,btc,1.1265625,0.0,,btc,1000.0,0.0,0.0,159
,[],20,[],2018-11-20 22:56:12,0.0,0,0,4861977,2018-11-20 22:56:12,btc,11912.7940471,0.0,,btc,34413894.3617,0.0,0.0,159
1,[],12,[],2019-05-07 08:10:30,263510.8471816,0.000003899999999999999929396754527743951257434673607349395751953125,0.00000000023071386,7563730,2019-05-07 08:10:30,btc,13.563555086475596,0.0,0.000003899999999999999929396754527743951257434673607349395751953125,btc,11614.01094598,0.001433131421446,0.0487166688784026,168
1,[],17,[],2019-05-03 01:13:36,42852.0,0.00000002,0.000000000001096006,7559132,2019-05-03 01:13:36,btc,0.04279856251542,0.0,0.00000002,btc,274.46171372,0.0,0.00052852,168
1,[],22,[],2019-05-07 03:57:18,743122.0,0.00000001,0.000000000000593596,7562020,2019-05-07 03:57:18,BTC,41.40912107,0.0,0.00000001,BTC,1593401.2737547632,0.00342649,0.00743122,169
1,[],22,[],2019-05-07 08:10:34,194400.0,0.00000002,0.000000000001183148,7563731,2019-05-07 08:10:34,BTC,30.18748138,0.0,0.00000002,BTC,436527.35474695155,0.0101507,0.001949,171
0.00000000012930870000000002,[],22,[],2019-05-07 08:10:37,94400.0,1.293087e-17,7.64956648938e-22,7563732,2019-05-07 08:10:37,LTC,22.16453409,0.0,0.0000001,LTC,653182.9264972081,0.0,0.00098,173
1,[],5,[],2019-05-06 19:49:32,0.0,0,0,7559281,2019-05-06 19:49:32,btc,0.0,0.00023336,0,btc,0.0,0.0,0.0,175
1,[],22,[],2019-05-07 08:10:41,94350.0,0.00000001,0.000000000000591574,7563733,2019-05-07 08:10:41,BTC,394.02772459,0.0,0.00000001,BTC,139955.2850009791,0.0,0.0009435,176
0,[],2,[],2019-01-20 23:28:34,0.0,0,0,6477001,2019-01-20 23:28:34,,0.0,0.0,0,,0.0,0.0,0.0,178
1,[],7,[],2019-05-07 08:10:43,0.0,0,0,7563734,2019-05-07 08:10:43,btc,520270.96578817914,1500000.0,0,btc,27653386.48336857,0.015,0.0,178
0,[],22,[],2019-05-07 08:10:45,0.0,0,0,7563735,2019-05-07 08:10:45,,1.00242428,0.0,0,,57512.0,0.0,0.0,178
0,[],23,[],2019-01-20 23:25:08,0.0,0,0,6476952,2019-01-20 23:25:08,,0.0,0.0,0,,0.0,0.0,0.0,179
1,[],5,[],2019-05-07 08:10:47,0.0,0,0,7563736,2019-05-07 08:10:47,btc,0.0,0.34484106,0,btc,0.0,0.0,0.0,179
1,[],22,[],2019-05-07 08:10:50,2955479.0,0.00000002,0.000000000001183148,7563737,2019-05-07 08:10:50,BTC,5.32300637,0.0,0.00000002,BTC,13296909.745280009,0.01693757,0.0309592,179
1,[],22,[],2019-05-07 08:10:54,641258.971048321,0.0000008,0.000000000047325919999999997,7563738,2019-05-07 08:10:54,BTC,39.28819806,0.0,0.0000008,"BTC,LTC",153372.4598911185,0.0046898,0.55417964,180
1,[],26,[],2019-05-07 08:10:54,0.0,0.00000120,0.00000000007098888,7563739,2019-05-07 08:10:54,btc,0.0,0.0,0.00000120,btc,0.0,0.0,0.0,180
1,[],17,[],2019-05-03 01:13:56,20504.725000000002,0.0000001,0.00000000000548003,7559141,2019-05-03 01:13:56,btc,5.2010695838400265,0.0,0.0000001,btc,5033.45945,0.0,0.0011504725,180
,[],7,[],2018-11-20 22:58:01,562227.975654,0.00000085,0.000000000036176765,4862015,2018-11-20 22:58:01,btc,21836.6059674,2491.87645172,,btc,749999.041456,0.00211021,0.127565380455,183
,[],5,[],2019-01-10 08:11:41,0.0,0,0,6347036,2019-01-10 08:11:41,btc,82.15055501,0.00261,,btc,1.19002445,0.0,0.0,187
1,[],24,[],2019-04-30 17:34:05,0.0,0.000000000014,7.396256000000001e-16,7526291,2019-04-30 17:34:05,btc,0.0,0.0,0.000000000014,btc,0.0,0.0,0.0,187
,[],17,[],2018-11-16 20:58:10,4062536.27273,0.00000001,0.000000000000550501,4708775,2018-11-16 20:58:10,btc,3.36492563466,0.195460381006,,"btc,eth",110697919.549,0.0,0.0157628953496,187
0,[],22,[],2019-04-25 02:54:07,0.0,0,0,7447896,2019-04-25 02:54:07,,7.54794454,0.0,0,,76361.7243344055,0.0,0.0,191
0,[],22,[],2019-05-07 08:10:58,0.0,0,0,7563740,2019-05-07 08:10:58,,0.0,0.0,0,,0.0,0.0,0.0,197
0,[],23,[],2019-01-20 23:31:41,0.0,0,0,6477079,2019-01-20 23:31:41,,0.0,0.0,0,,0.0,0.0,0.0,199
0.00000000012930870000000002,[],22,[],2019-05-07 08:11:01,54734331.0,2.586174e-18,1.529913297876e-22,7563741,2019-05-07 08:11:01,LTC,18.75578347,0.0,0.00000002,LTC,35255414.0,0.0,0.64068281,199
1,[],26,[],2019-05-07 08:11:01,0.0,0.00000000,0,7563742,2019-05-07 08:11:01,btc,0.0,0.0,0.00000000,btc,0.0,0.0,0.0,199
0,[],2,[],2019-01-20 23:30:49,0.0,0,0,6477059,2019-01-20 23:30:49,,0.0,0.0,0,,0.0,0.0,0.0,201
1,[],4,[],2019-01-25 15:51:35,2084389.58565343,0.00000936,0.000000000333526752,6499557,2019-01-25 15:51:35,btc,2.0092503037378524,0.0,0.00000936,btc,160195.80207885,0.19272417,1.242687955921835,211
1,[],7,[],2019-05-07 08:11:05,14276708.232306879,0.00000088,0.000000000052058512,7563743,2019-05-07 08:11:05,btc,15559126.16488519,502042.303495,0.00000088,btc,12069261.88296566,0.0,2.3086311459961584,212
1,[],12,[],2019-01-25 02:44:32,207462.42853209,0.000001080000000000000035831255497387193287295303889550268650054931640625,0.000000000038610756000000006,6493050,2019-01-25 02:44:32,btc,85023.03793723314,0.0,0.000001080000000000000035831255497387193287295303889550268650054931640625,btc,43675.73520027,0.000146250909087,0.0348620860622024,213
1,[],5,[],2019-05-06 19:52:08,0.0,0,0,7559293,2019-05-06 19:52:08,btc,0.0,0.73592961,0,btc,0.0,0.0,0.0,213
1,[],24,[],2019-05-06 19:52:08,0.0,0.000000050000,0.00000000000287967,7559294,2019-05-06 19:52:08,btc,0.0,0.0,0.000000050000,btc,0.0,0.0,0.0,213
1,[],26,[],2019-05-06 19:52:08,0.0,0.00000040,0.00000000002303736,7559295,2019-05-06 19:52:08,btc,0.0,0.0,0.00000040,btc,0.0,0.0,0.0,213
0,[],22,[],2019-05-07 08:11:07,0.0,0,0,7563744,2019-05-07 08:11:07,,11.26999216,0.0,0,,2172454.2040649247,0.0,0.0,216
1,[],27,[],2019-05-07 08:11:17,34096.0,0.00000001,0.000000000000591574,7563745,2019-05-07 08:11:17,btc,58.91787219803932,53250.0,0.00000001,"btc,ltc",212050.497308,0.0005325,0.00034096,216
1,[],22,[],2019-05-07 08:11:21,320083.19852941175,0.00000141,0.000000000083411934,7563746,2019-05-07 08:11:21,BTC,12055.01501928,0.0,0.00000141,BTC,439517.57764585863,0.01598753,0.09761037,217
1,[],7,[],2019-05-07 08:11:23,0.0,0,0,7563747,2019-05-07 08:11:23,btc,111302.56967336107,0.0,0,btc,137382971.78428552,0.0,0.0,219
0,[],27,[],2019-05-07 08:11:30,0.0,0,0,7563748,2019-05-07 08:11:30,,0.01810337,0.0,0,btc,1580037.0,0.0,0.0,219
0.0000000000000044000000000000005,[],28,[],2019-05-07 08:11:32,489172109.014,2.6400440000000003e-18,1.5617813892560002e-22,7563749,2019-05-07 08:11:32,doge,3650161.3072620197,26940.15,0.00060001,"btc,doge",44741760.5033,0.0,2.828481345591537e-11,219
1,[],22,[],2019-05-07 08:11:35,405857.0,0.00000005,0.0000000000029578699999999998,7563750,2019-05-07 08:11:35,BTC,56.83025662,0.0,0.00000005,BTC,168795.81494054076,3.99e-06,0.01336485,221
1,[],24,[],2019-05-07 08:11:36,0.0,0.000000010000,0.000000000000591574,7563751,2019-05-07 08:11:36,btc,0.0,0.0,0.000000010000,btc,0.0,0.0,0.0,221
1,[],20,[],2019-05-07 08:11:37,12215979.1583,0.00000001,0.000000000000591574,7563752,2019-05-07 08:11:37,btc,100092.92235796685,242411.381,0.00000001,btc,22929825.5625,0.0031891439494,0.0533295320409,224
0,[],22,[],2019-05-07 08:11:40,0.0,0,0,7563753,2019-05-07 08:11:40,,0.0,0.0,0,,0.0,0.0,0.0,224
1,[],26,[],2019-05-07 08:11:40,0.0,0.00000026,0.000000000015380924,7563754,2019-05-07 08:11:40,btc,0.0,0.0,0.00000026,btc,0.0,0.0,0.0,231
1,[],26,[],2019-05-07 08:11:40,0.0,0.00000005,0.0000000000029578699999999998,7563755,2019-05-07 08:11:40,btc,0.0,0.0,0.00000005,btc,0.0,0.0,0.0,234
0.0000000002986954,[],27,[],2019-05-07 08:11:58,10000.0,2.986954e-18,1.767004325596e-22,7563756,2019-05-07 08:11:58,eth,0.01134836604,0.0,0.00000001,"btc,eth",11462.996,0.0,2.9869540000000004e-14,234
1,[],4,[],2019-04-29 21:02:20,217188.93193785,0.00000080,0.00000000004151584,7514327,2019-04-29 21:02:20,btc,5.239800103892936,0.0,0.00000080,btc,797346.30008933,0.0,0.0590549781555679,236
1,[],24,[],2019-04-29 21:02:20,0.0,0.000000100000,0.00000000000518948,7514328,2019-04-29 21:02:20,btc,0.0,0.0,0.000000100000,btc,0.0,0.0,0.0,236
1,[],5,[],2019-05-06 20:53:15,0.0,0,0,7559637,2019-05-06 20:53:15,btc,0.0,0.20253514,0,btc,0.0,0.0,0.0,237
1,[],20,[],2019-05-06 20:53:18,38173217.6136,0.000000083,0.0000000000047460728,7559638,2019-05-06 20:53:18,btc,21342.514614200165,8832375.7238,0.000000083,btc,27701499.3386,0.7554403456107,1.3621107610479,237
1,[],22,[],2019-05-06 20:53:20,343938.0,0.00000009,0.000000000005146344,7559639,2019-05-06 20:53:20,BTC,1.20267422,0.0,0.00000009,BTC,17930.94871794872,0.0,0.01017442,237
1,[],4,[],2019-05-07 08:11:59,7473139.12195277,0.00000017,0.000000000010056758,7563757,2019-05-07 08:11:59,btc,3.1877084152986312,0.0,0.00000017,btc,8213477.54421401,0.74571497,0.5454159164017895,238
1,[],5,[],2019-05-07 08:12:00,0.0,0,0,7563758,2019-05-07 08:12:00,btc,0.0,0.03561646,0,btc,0.0,0.0,0.0,238
0,[],22,[],2019-03-12 16:49:32,0.0,0,0,6914458,2019-03-12 16:49:32,,0.40415746,0.0,0,,526736.5639027493,0.0,0.0,249
0,[],22,[],2019-05-07 08:12:03,0.0,0,0,7563759,2019-05-07 08:12:03,,4.57399816,0.0,0,,37824577.91407407,0.0,0.0,252
1,[],28,[],2019-05-07 08:12:05,42062958.508,0.00000042,0.000000000024846108,7563760,2019-05-07 08:12:05,btc,3.610697022279,463441.1472,0.00000042,btc,2997909.1961,0.0,0.72018620688,256
1,[],22,[],2019-05-07 08:12:07,1088993.5,0.00000002,0.000000000001183148,7563761,2019-05-07 08:12:07,BTC,21.88116616,0.0,0.00000002,BTC,522884.63333384093,2.75e-06,0.01124633,258
1,[],22,[],2019-03-13 00:07:30,47146.0,0.00000001,0.000000000000387233,6917028,2019-03-13 00:07:30,BTC,2.415167,0.0,0.00000001,BTC,157.0,0.0,0.00047146,259
1,[],5,[],2019-05-07 08:12:09,0.0,0,0,7563762,2019-05-07 08:12:09,btc,0.0,0.39506457,0,btc,0.0,0.0,0.0,264
1,[],20,[],2019-05-07 08:12:11,1263541.7139,0.000001064,0.00000000006294347359999999,7563763,2019-05-07 08:12:11,btc,4.8269570006036,60269.7202,0.000001064,btc,95751.7266,0.0765687566963,0.0269751691879,264
0,[],22,[],2019-04-12 17:57:27,0.0,0,0,7278186,2019-04-12 17:57:27,,66.37522201,0.0,0,,677842.4169881374,0.0,0.0,271
0,[],22,[],2019-05-07 08:12:13,0.0,0,0,7563764,2019-05-07 08:12:13,,33050467.4724609,0.0,0,,14361462970.7,0.0,0.0,272
0.0000000000000044000000000000005,[],28,[],2019-05-07 08:12:15,399476115975.5,1.056e-21,6.247021440000001e-26,7563765,2019-05-07 08:12:15,doge,26838969.841179468,357633778.75,0.00000024,doge,353904979136.509,0.0,2.2557269117807602e-10,272
1,[],22,[],2019-05-07 08:06:17,168039.7,0.00000013,0.000000000007675265,7563624,2019-05-07 08:06:17,BTC,427.42495672,0.0,0.00000013,BTC,249705.37764460206,0.0,0.00918978,281
1,[],22,[],2019-05-07 08:12:19,105531.1,0.00000002,0.000000000001183148,7563766,2019-05-07 08:12:19,BTC,536.90482736,0.0,0.00000002,"BTC,LTC",600640.2922801868,0.00065847,0.00756194,286
0,[],22,[],2019-05-07 08:12:23,0.0,0,0,7563767,2019-05-07 08:12:23,,7337883.29829334,0.0,0,,1299453029.2797825,0.0,0.0,294
