pairValue,buyBook,exchangeId,sellBook,updated,buyTotal,satoshiPrice,usdPrice,exchangeLogId,created,bestPair,sellTotalBtc,volume,pairPrice,activePairs,sellTotal,volumeBtc,buyTotalBtc,coinId
1,[],3,[],2019-07-02 10:23:04,32162.501152795074,0.00853969000000000082184481442482137936167418956756591796875,0.0000008726589655340001,7787690,2019-07-02 10:23:04,btc,9.324774551440383,79.9558302233,0.00853969000000000082184481442482137936167418956756591796875,btc,36.97811605602,0.0,0.23196996421733493,1
1,[],4,[],2019-07-02 10:23:05,208299.56974805,0.00845188,0.000000863685784568,7787691,2019-07-02 10:23:05,btc,7.837519788013524,0.0,0.00845188,btc,366.32106607,6.6035726,1.0372493788703847,1
1,[],5,[],2019-07-02 10:23:09,0.0,0,0,7787692,2019-07-02 10:23:09,btc,0.0,0.01265813,0,btc,0.0,0.0,0.0,1
1,[],10,[],2019-07-02 10:23:11,246573.113324,0.00303978,0.00000031063086250800004,7787693,2019-07-02 10:23:11,btc,6525.636521992161,1288.94001733,0.00303978,btc,1944.6699288,0.0,1.3717976829926952,1
1,[],12,[],2019-07-02 10:23:14,101.3253512,0.00846000000000000050570658771675880416296422481536865234375,0.0000008645155560000001,7787694,2019-07-02 10:23:14,btc,0.6425149188627,0.0,0.00846000000000000050570658771675880416296422481536865234375,btc,27.12989015,1.98997724526,0.1844345467622,1
1,[],20,[],2019-07-02 10:23:17,928.5566,0.008250021,0.0000008430580959606001,7787695,2019-07-02 10:23:17,btc,0.1473731157081,0.9543,0.008250021,btc,10.9071,0.0093329252236,0.1301691865164,1
1,[],21,[],2019-07-02 10:23:18,2500.13816934,0.008467380000000000045412562599,0.0000008652697078680001,7787696,2019-07-02 10:23:18,btc,12.524893772895943,3662.02127088,0.0084673800000000000454125625992674031294882297515869140625,"btc,eth",2035.39513462,29.459305314137215,13.6409036332642,1
1,[],22,[],2019-07-02 10:23:22,1.5199,0.00850000,0.0000008686031000000001,7787697,2019-07-02 10:23:22,BTC,0.01667896,0.0,0.00850000,BTC,0.2541810146658512,0.0,0.00927189,1
1,[],24,[],2019-07-02 10:23:23,0.0,0.000000000000,0,7787698,2019-07-02 10:23:23,btc,0.0,0.0,0.000000000000,btc,0.0,0.0,0.0,1
0.0,[],25,[],2019-07-02 10:23:24,0.0,0,0,7787699,2019-07-02 10:23:24,btc,40.87709999899626,3547.02097779,0.0,btc,4650.4048541,29.702,0.0,1
1,[],26,[],2019-07-02 10:23:26,0.0,0,0,7787700,2019-07-02 10:23:26,,0.0,0.0,0,,0.0,0.0,0.0,1
1,[],28,[],2019-07-02 10:23:35,1039.924,0.00730000,0.0000007459767800000001,7787701,2019-07-02 10:23:35,btc,0.374000830075,121918.75,0.00730000,btc,23.7132,0.0,0.268011296,1
0,[],2,[],2019-01-20 23:28:45,0.0,0,0,6477011,2019-01-20 23:28:45,,0.0,0.0,0,,0.0,0.0,0.0,1
1,[],5,[],2019-06-17 14:29:02,0.0,0,0,7740076,2019-06-17 14:29:02,btc,0.0,2.72e-05,0,btc,0.0,0.0,0.0,2
1,[],22,[],2019-06-17 14:29:06,11550.3,0.0000002,0.0000000000185828,7740077,2019-06-17 14:29:06,BTC,21.00897301,0.0,0.0000002,"BTC,XMR",20678.87287795317,1.754e-05,0.00143681,2
1,[],5,[],2019-06-03 14:48:58,0.0,0,0,7731126,2019-06-03 14:48:58,btc,0.0,0.05905545,0,btc,0.0,0.0,0.0,3
1,[],12,[],2019-06-03 14:48:59,3468623.70302,0.000000116,0.000000000009823402000000002,7731127,2019-06-03 14:48:59,btc,169531.0336573751,0.0,0.000000116,btc,2361209.62379607,0.041350953071,0.33764769154428,3
0,[],28,[],2019-06-03 14:49:00,0.0,0,0,7731128,2019-06-03 14:49:00,,0.0,0.0,0,,0.0,0.0,0.0,3
0,[],2,[],2019-01-20 23:31:32,0.0,0,0,6477077,2019-01-20 23:31:32,,0.0,0.0,0,,0.0,0.0,0.0,4
1,[],4,[],2019-05-18 21:29:50,562734.9206932,0.00000010,0.000000000007298720000000001,7650946,2019-05-18 21:29:50,btc,41.9347137769675,0.0,0.00000010,btc,1123702.32192634,0.00052462,0.029254593370966,4
0,[],12,[],2019-06-02 05:03:43,0.0,0,0,7724919,2019-06-02 05:03:43,btc,625.901992874995,0.0,0,btc,1211362.4995005,0.0,0.0,5
0,[],2,[],2019-01-20 23:31:51,0.0,0,0,6477087,2019-01-20 23:31:51,,0.0,0.0,0,,0.0,0.0,0.0,6
1,[],11,[],2019-07-02 10:23:36,6305910.27673599,0.00000001,0.0000000000010218860000000001,7787702,2019-07-02 10:23:36,btc,9583.620749622212,3293000.0,0.00000001,btc,78529670.53970686,0.0,0.0630591027673599,6
1,[],3,[],2019-07-02 10:23:37,13519.834538250238,0.0000603400000000000016528965696149811037685140036046504974365234375,0.000000006166060124000001,7787703,2019-07-02 10:23:37,btc,1026.2880931355407,627.29874475,0.0000603400000000000016528965696149811037685140036046504974365234375,btc,381.631643874402,0.0,0.02130139943754269,7
1,[],4,[],2019-07-02 10:23:38,317130.16547963,0.00007330,0.000000007490424380000001,7787704,2019-07-02 10:23:38,btc,7.240811703850618,0.0,0.00007330,btc,50795.64234861,1.89354922,2.0912618475297275,7
1,[],5,[],2019-07-02 10:23:39,0.0,0,0,7787705,2019-07-02 10:23:39,btc,0.0,0.19887719,0,btc,0.0,0.0,0.0,7
1,[],20,[],2019-04-07 22:06:50,3201475.0482,0.000000001,0.000000000000051590000000000004,7213932,2019-04-07 22:06:50,btc,30.8005781811902,0.0,0.000000001,btc,23077405.3926,0.0,0.0032014750482,8
0,[],2,[],2019-01-20 23:22:42,0.0,0,0,6476876,2019-01-20 23:22:42,,0.0,0.0,0,,0.0,0.0,0.0,9
0,[],23,[],2019-01-20 23:22:48,0.0,0,0,6476878,2019-01-20 23:22:48,,0.0,0.0,0,,0.0,0.0,0.0,9
1,[],4,[],2019-07-02 10:23:41,2008876.27121835,0.00000040,0.00000000004087544,7787706,2019-07-02 10:23:41,btc,2.795497288075245,0.0,0.00000040,btc,3025885.17400765,0.31040986,0.3659659638170494,9
1,[],28,[],2019-07-02 10:23:58,20043.809,0.00000042,0.000000000042919212,7787707,2019-07-02 10:23:58,btc,2708.79281520645,110717.0,0.00000042,btc,55180.794,0.0,0.00270157978,9
1,[],1,[],2019-02-17 23:31:42,1822507.21,0.00000181000000000000003456111265232042484285557293333113193511962890625,0.000000000066086901,6701244,2019-02-17 23:31:42,btc,3.6990969245,17153386.5,0.00000181000000000000003456111265232042484285557293333113193511962890625,btc,1997391.71,31.11772986,3.2610482446,9
1,[],4,[],2019-02-17 11:22:43,4341674.27126056,0.00000002,0.0000000000007272960000000001,6696112,2019-02-17 11:22:43,btc,0.1997230937751353,0.0,0.00000002,btc,4109766.79808031,0.00215132,0.0479381022052112,10
0,[],2,[],2019-01-20 23:23:08,0.0,0,0,6476890,2019-01-20 23:23:08,,0.0,0.0,0,,0.0,0.0,0.0,12
1,[],4,[],2019-07-02 10:23:59,6859761.2325487,0.00000027,0.000000000027590922,7787708,2019-07-02 10:23:59,btc,7.715178283877036,0.0,0.00000027,btc,9585173.99007998,0.50586127,0.7679572825797749,12
1,[],5,[],2019-07-02 10:24:00,0.0,0,0,7787709,2019-07-02 10:24:00,btc,0.0,0.00863944,0,btc,0.0,0.0,0.0,12
0.0,[],25,[],2019-07-02 10:24:02,0.0,0,0,7787710,2019-07-02 10:24:02,,0.0,0.0,0.0,btc,0.0,0.0,0.0,12
1,[],10,[],2019-07-02 06:36:01,613920.9994116,0.0000026,0.00000000025705836,7787146,2019-07-02 06:36:01,btc,666798.4309044867,10043.2453603,0.0000026,btc,1043645.94562989,0.0,0.2710486656414437,13
1,[],4,[],2019-07-02 10:24:03,517393.83689027,0.00000265,0.00000000027079979000000003,7787711,2019-07-02 10:24:03,btc,2.116101024909302,0.0,0.00000265,btc,386144.31993498,0.26296851,0.2180313623958985,13
1,[],21,[],2019-07-02 10:24:06,7374458.57139475,0.000002640000000000000134644899397,0.00000000026977790400000005,7787712,2019-07-02 10:24:06,btc,2.45303346621569,995517.09766888,0.000002640000000000000134644899396629824650517548434436321258544921875,btc,680439.07970085,2.5995347,3.604710510043592,13
1,[],4,[],2019-07-02 10:24:08,1036171.53685146,0.00000039,0.000000000039853554000000006,7787713,2019-07-02 10:24:08,btc,2.76076894121972,0.0,0.00000039,btc,758946.62662491,0.00511629,0.1067807294343616,14
1,[],12,[],2019-07-02 10:24:09,198364.94227246,0.00000035,0.00000000003576601,7787714,2019-07-02 10:24:09,btc,286.43071388677276,0.0,0.00000035,btc,36374.41736966,0.001019276402,0.0078178599999662,14
1,[],26,[],2019-07-02 10:26:10,0.0,0.00000050,0.0000000000510943,7787715,2019-07-02 10:26:10,btc,0.0,0.0,0.00000050,btc,0.0,0.0,0.0,14
0,[],17,[],2019-05-03 00:53:32,0.0,0,0,7558876,2019-05-03 00:53:32,btc,0.0,0.0,0,btc,0.0,0.0,0.0,14
,[],12,[],2018-12-01 15:15:48,204241.84496,0.00000489,0.000000000202473384,5260204,2018-12-01 15:15:48,btc,49.5475654835,0.0,,btc,35763.2193806,0.0163153972027625,0.0203389899998,15
0,[],4,[],2019-07-02 10:26:11,0.0,0,0,7787716,2019-07-02 10:26:11,,0.0,0.0,0,,0.0,0.0,0.0,15
0,[],2,[],2019-01-20 23:23:38,0.0,0,0,6476906,2019-01-20 23:23:38,,0.0,0.0,0,,0.0,0.0,0.0,18
1,[],4,[],2019-07-02 10:26:13,34224.99528838,0.00000828,0.000000000846121608,7787717,2019-07-02 10:26:13,btc,2.35569409107074,0.0,0.00000828,btc,15745.79580852,0.04926967,0.064818392281405,18
1,[],10,[],2019-07-02 10:26:15,426732.77805734,0.00000804,0.0000000008215963439999999,7787718,2019-07-02 10:26:15,btc,15.056023482935327,3240.733502,0.00000804,btc,18302.16035316,0.0,0.3965273546908491,18
1,[],12,[],2019-07-02 10:26:16,2180.04432578,0.000008019999999999999446497443711390218368251225911080837249755859375,0.000000000819552572,7787719,2019-07-02 10:26:16,btc,0.5294107724727058,0.0,0.000008019999999999999446497443711390218368251225911080837249755859375,btc,1922.07839621,4.803e-07,0.004584361860961,18
0,[],17,[],2019-05-03 00:53:39,0.0,0,0,7558882,2019-05-03 00:53:39,btc,0.0,0.0,0,btc,0.0,0.0,0.0,18
0,[],2,[],2019-01-20 23:24:19,0.0,0,0,6476924,2019-01-20 23:24:19,,0.0,0.0,0,,0.0,0.0,0.0,19
1,[],3,[],2019-07-02 10:28:17,161101.73135883,0.00000800999999999999954224116915924014392658136785030364990234375,0.0000000008185306860000001,7787720,2019-07-02 10:28:17,btc,190.33579245477603,15936.0573282,0.00000800999999999999954224116915924014392658136785030364990234375,btc,18738.029873510633,0.0,0.1088497424926606,19
1,[],4,[],2019-07-02 10:28:18,287784.54751376,0.00000651,0.0000000006652477860000001,7787721,2019-07-02 10:28:18,btc,2.7316492787473403,0.0,0.00000651,btc,191178.91138685,0.71158694,1.1549145667668952,19
1,[],5,[],2019-07-02 10:28:19,0.0,0,0,7787722,2019-07-02 10:28:19,btc,0.0,0.0,0,btc,0.0,0.0,0.0,19
1,[],12,[],2019-07-02 10:28:21,107449.82516472,0.000005800000000000000372813759030865554677802720107138156890869140625,0.0000000005926938800000001,7787723,2019-07-02 10:28:21,btc,0.3680523478532381,0.0,0.000005800000000000000372813759030865554677802720107138156890869140625,btc,2996.00084615,0.0,0.0103206939998159,19
0,[],27,[],2019-07-02 10:28:29,0.0,0,0,7787724,2019-07-02 10:28:29,,0.0,0.0,0,btc,0.0,0.0,0.0,19
1,[],4,[],2019-07-02 10:28:30,9925191.09278478,0.00000005,0.00000000000510943,7787725,2019-07-02 10:28:30,btc,5.162858526649613,0.0,0.00000005,btc,2244806.83713707,0.0,0.1102994166205056,20
0,[],4,[],2019-07-02 10:28:31,0.0,0,0,7787726,2019-07-02 10:28:31,,13630.873913937572,0.0,0,,166213653.47370672,0.0,0.0,21
0,[],12,[],2019-07-02 10:28:31,0.0,0,0,7787727,2019-07-02 10:28:31,btc,2602.9596942075027,0.0,0,btc,9905028.54845151,3.996e-08,0.0,21
0,[],17,[],2019-05-03 00:53:51,0.0,0,0,7558891,2019-05-03 00:53:51,btc,0.0,0.0,0,btc,0.0,0.0,0.0,21
1,[],12,[],2019-07-02 10:30:33,6161350780.864567,0.0000000006,0.00000000000006131316,7787728,2019-07-02 10:30:33,btc,1426620312880.1436,0.0,0.0000000006,btc,2983415480.7823505,0.20679112099,1.9218899208454834,23
0.0000000002765914,[],27,[],2019-07-02 10:30:41,34380857.01298692,8.5743334e-17,8.7619912607924e-21,7787729,2019-07-02 10:30:41,eth,1280.12129885,18257336.49350649,0.00000031,eth,4165119.466,1.565444900086934e-09,5.614479493674416e-10,23
1,[],4,[],2019-06-22 05:45:29,6100414.07522138,0.00000017,0.00000000001823352,7751732,2019-06-22 05:45:29,btc,10.22685272773715,0.0,0.00000017,btc,1790815.48208265,0.0,0.1345450262400025,24
0,[],22,[],2019-06-22 05:45:31,0.0,0,0,7751733,2019-06-22 05:45:31,,6.22e-05,0.0,0,,517.4264705882352,0.0,0.0,24
0.0,[],25,[],2019-06-22 05:45:32,0.0,0,0,7751734,2019-06-22 05:45:32,,0.0,0.0,0.0,btc,0.0,0.0,0.0,24
0,[],2,[],2019-01-20 23:25:56,0.0,0,0,6476976,2019-01-20 23:25:56,,0.0,0.0,0,,0.0,0.0,0.0,26
1,[],4,[],2019-07-02 10:32:42,26936490.52865423,0.00000351,0.00000000035868198600000004,7787730,2019-07-02 10:32:42,btc,7.594459331009278,0.0,0.00000351,btc,200816.525059,0.0,0.3680211800656651,26
1,[],10,[],2019-07-02 10:32:44,128771.59399099,0.00000461,0.000000000471089446,7787731,2019-07-02 10:32:44,btc,26.157704986368486,5214.53864523,0.00000461,btc,19877.09180117,0.0,0.0478253680740494,26
1,[],5,[],2019-04-26 09:47:06,0.0,0,0,7465326,2019-04-26 09:47:06,btc,0.0,0.0,0,btc,0.0,0.0,0.0,27
1,[],3,[],2019-06-17 14:30:26,13571825.64059417,0.00000001,0.00000000000092914,7740112,2019-06-17 14:30:26,btc,3.485049956644059,4264730.43754,0.00000001,btc,23500048.28518193,0.0,0.1357182564059417,27
1,[],11,[],2019-06-17 14:30:28,2031833.58157834,0.00000001,0.00000000000092914,7740113,2019-06-17 14:30:28,btc,67502.92060589766,32677.9652116,0.00000001,btc,6487362.95640949,0.0,0.0203183358157834,27
0.000000000114539,[],4,[],2019-07-02 10:32:45,464828780.804118,8.361347e-17,8.544343440442e-21,7787732,2019-07-02 10:32:45,ltc,10.5286836550944,0.0,0.00000073,ltc,669708306.6177558,0.00485681,6.80643078092253e-09,29
1,[],7,[],2019-07-02 10:32:46,0.0,0,0,7787733,2019-07-02 10:32:46,btc,46548272.6498603,231235.0,0,btc,50346161.35551066,0.00231235,0.0,29
0,[],17,[],2019-05-03 01:11:25,0.0,0,0,7559066,2019-05-03 01:11:25,btc,0.0,0.0,0,btc,0.0,0.0,0.0,30
1,[],4,[],2019-07-02 10:32:47,15247247.18640204,0.00000004,0.0000000000040875440000000005,7787734,2019-07-02 10:32:47,btc,2.574271176878842,0.0,0.00000004,btc,2263873.01112021,0.0,0.1669783403867238,30
1,[],4,[],2019-07-02 10:34:48,234826.07935479,0.00003220,0.0000000032904729200000003,7787735,2019-07-02 10:34:48,btc,4.246791715795722,0.0,0.00003220,btc,67031.58408892,0.33110635,0.6673994223493759,31
1,[],21,[],2019-07-02 10:34:49,255520.42871475,0.00003301999999999999895047494980,0.000000003374267572,7787736,2019-07-02 10:34:49,btc,5.525500475581952,126958.37069745,0.0000330199999999999989504749497992719398098415695130825042724609375,btc,132861.22634488,4.09008348,3.2296183719813167,31
0,[],2,[],2019-01-20 23:28:43,0.0,0,0,6477009,2019-01-20 23:28:43,,0.0,0.0,0,,0.0,0.0,0.0,32
1,[],12,[],2019-03-30 07:55:10,40641173.964,0.00000003,0.000000000001228359,7108785,2019-03-30 07:55:10,btc,4233210.82356125,0.0,0.00000003,btc,28378394.68333462,0.0126927883965248,0.90752895892,33
0,[],4,[],2019-07-02 10:34:50,0.0,0,0,7787737,2019-07-02 10:34:50,,0.0,0.0,0,,0.0,0.0,0.0,33
0.000000000114539,[],4,[],2019-07-02 10:34:52,147890761.0676422,5.612411e-17,5.7352442271460005e-21,7787738,2019-07-02 10:34:52,ltc,4.569281508234108,0.0,0.00000049,ltc,168428821.65558887,0.0,6.431929014935589e-10,34
1,[],5,[],2019-07-02 10:34:53,0.0,0,0,7787739,2019-07-02 10:34:53,btc,0.0,0.0,0,btc,0.0,0.0,0.0,34
0.0000000002926451,[],17,[],2019-05-02 18:17:47,200000.0,2.9264510000000002e-18,1.596703856561e-22,7556430,2019-05-02 18:17:47,eth,0.20942468735267253,0.0,0.00000001,"btc,eth",1018272.20243647,0.0,5.852902e-13,36
0.0000000001311821,[],4,[],2019-05-31 13:28:19,2417517744.0607657,1.311821e-18,1.105058333085e-22,7717483,2019-05-31 13:28:19,ltc,5.019900492391546e-08,0.0,0.00000001,ltc,7102398142.262129,0.0,3.171350544531538e-09,36
1,[],5,[],2019-05-31 13:28:21,0.0,0,0,7717484,2019-05-31 13:28:21,btc,0.0,0.0,0,btc,0.0,0.0,0.0,36
0.0000000003108179,[],27,[],2019-05-31 13:30:34,10388811.226876,6.216358000000001e-18,5.236566733830001e-22,7717485,2019-05-31 13:30:34,eth,1569.8708019850988,761866.634299,0.00000002,"ltc,eth",5084024.2511555,4.736034912207001e-12,3.3251980286483705e-11,36
1,[],4,[],2019-06-25 10:05:55,10747826.61931615,0.00000014,0.000000000015920562,7762320,2019-06-25 10:05:55,btc,19773.05513423956,0.0,0.00000014,btc,682946.14349671,0.0006293,0.1362851255028938,37
1,[],12,[],2019-06-25 10:05:57,4167862.54235103,0.00000013,0.000000000014783379,7762321,2019-06-25 10:05:57,btc,7.381091518261743,0.0,0.00000013,btc,1713444.53926904,0.016313049979,0.1478110147956336,37
1,[],27,[],2019-06-25 10:08:02,10970.0,0.00000019,0.000000000021606477,7762322,2019-06-25 10:08:02,btc,22.62970013895233,0.0,0.00000019,btc,4298.824295,0.0,0.00167419,37
1,[],17,[],2019-05-03 01:11:36,211752.74075282,0.00000025,0.000000000013700074999999998,7559074,2019-05-03 01:11:36,btc,0.055484923955058496,0.0,0.00000025,"btc,eth",1387.19918473,0.0,0.0005381851887916605,37
1,[],5,[],2019-07-02 10:34:55,0.0,0,0,7787740,2019-07-02 10:34:55,btc,0.0,0.1811674,0,btc,0.0,0.0,0.0,42
1,[],12,[],2019-07-02 10:34:56,189527.34642581,0.000001410000000000000052661867921965921368609997443854808807373046875,0.000000000144085926,7787741,2019-07-02 10:34:56,btc,525.280878098891,0.0,0.000001410000000000000052661867921965921368609997443854808807373046875,btc,142777.7508957,0.0418531256,0.0427460922290687,42
1,[],27,[],2019-07-02 10:35:07,10300.0,0.00000003,0.000000000003065658,7787742,2019-07-02 10:35:07,btc,0.07600425,0.0,0.00000003,"btc,eth",18.0,0.0,0.000306,42
1,[],12,[],2019-03-13 09:13:29,1112112.0,0.00000001,0.000000000000386531,6919902,2019-03-13 09:13:29,btc,29058.00478931866,0.0,0.00000001,btc,5967681.93306694,9.99000999e-07,0.01112112,43
1,[],5,[],2019-04-26 22:38:52,0.0,0,0,7474154,2019-04-26 22:38:52,btc,0.0,0.02638891,0,btc,0.0,0.0,0.0,43
0,[],17,[],2019-04-26 22:38:53,0.0,0,0,7474155,2019-04-26 22:38:53,btc,0.0,0.0,0,btc,0.0,0.0,0.0,43
1,[],12,[],2019-03-05 01:54:08,639326.02,0.00000004,0.000000000001486676,6845775,2019-03-05 01:54:08,btc,11116042.728239931,0.0,0.00000004,btc,1103841.4595604,0.0003330765234764,0.014975410599999999,44
0.000000000114539,[],4,[],2019-07-02 10:35:08,109907815.42477383,4.925177e-17,5.032969423822e-21,7787743,2019-07-02 10:35:08,ltc,2762.2198093691472,0.0,0.00000043,ltc,28225867.0879774,0.0,5.210587886047641e-10,49
0.000000000114539,[],4,[],2019-07-02 10:35:09,316812951.4466907,2.405319e-17,2.4579618116340002e-21,7787744,2019-07-02 10:35:09,ltc,28254.19160127569,0.0,0.00000021,ltc,195806882.120281,0.0,2.0907343359648585e-09,52
0,[],22,[],2019-07-02 10:35:12,0.0,0,0,7787745,2019-07-02 10:35:12,,10289.80784133,0.0,0,,287058287.4566013,0.0,0.0,57
0,[],27,[],2019-07-02 10:35:22,0.0,0,0,7787746,2019-07-02 10:35:22,,0.0,0.0,0,"btc,eth",0.0,0.0,0.0,57
1,[],17,[],2019-05-03 01:12:09,1200000.0,0.0000000001,0.00000000000000548003,7559085,2019-05-03 01:12:09,btc,1e+24,0.0,0.0000000001,"btc,eth",39516342.31952568,0.0,0.00010000000058666061,58
0,[],4,[],2019-07-02 10:35:23,0.0,0,0,7787747,2019-07-02 10:35:23,,19.71913872341613,0.0,0,,6107909452.982692,0.000499,0.0,58
0,[],12,[],2019-07-02 10:35:24,0.0,0,0,7787748,2019-07-02 10:35:24,btc,654782145.967784,0.0,0,btc,3772662444.5204363,0.000958566834,0.0,58
0.0000000000846197,[],22,[],2019-07-02 10:37:27,126877.0,8.461969999999999e-19,8.64716867542e-23,7787749,2019-07-02 10:37:27,XMR,68.17454206,0.0,0.00000001,XMR,9626402.6,0.0,0.00126877,58
1,[],5,[],2019-06-17 14:31:27,0.0,0,0,7740135,2019-06-17 14:31:27,btc,0.0,0.00079154,0,btc,0.0,0.0,0.0,61
1,[],22,[],2019-06-17 14:31:30,13612.833333333334,0.00000012,0.00000000001114968,7740136,2019-06-17 14:31:30,BTC,1002.29123003,0.0,0.00000012,BTC,15014.200177125656,0.0,0.00153257,61
1,[],26,[],2019-06-17 14:31:30,0.0,0.00000050,0.000000000046457,7740137,2019-06-17 14:31:30,btc,0.0,0.0,0.00000050,btc,0.0,0.0,0.0,61
1,[],27,[],2019-06-17 14:31:36,8400.0,0.00000018,0.00000000001672452,7740138,2019-06-17 14:31:36,btc,1.9742539297246655,0.0,0.00000018,"btc,eth",10953.51663696,0.0,0.001512,61
0,[],28,[],2019-06-17 14:31:38,0.0,0,0,7740139,2019-06-17 14:31:38,,0.0,0.0,0,,0.0,0.0,0.0,61
1,[],4,[],2019-07-02 10:37:28,2881736.88545203,0.00000046,0.000000000047006756,7787750,2019-07-02 10:37:28,btc,3.2120032133515295,0.0,0.00000046,btc,1163131.27620033,0.06988758,0.35761440475312,67
0.0,[],25,[],2019-07-02 10:37:30,0.0,0,0,7787751,2019-07-02 10:37:30,,0.0,0.0,0.0,btc,0.0,0.0,0.0,67
1,[],12,[],2019-06-02 06:23:14,910048.355,0.00000006,0.000000000005154929999999999,7725270,2019-06-02 06:23:14,btc,5.167005424215783,0.0,0.00000006,btc,738530.60239759,0.003159757462,0.0187188113,71
,[],5,[],2018-11-20 23:02:39,1.5e-07,0.00000005,0.000000000002128045,4862160,2018-11-20 23:02:39,btc,2.84511358,0.0,,btc,0.00036572,0.0,0.07381892,74
1,[],5,[],2019-07-02 10:37:32,0.0,0,0,7787752,2019-07-02 10:37:32,btc,0.0,0.00267582,0,btc,0.0,0.0,0.0,75
1,[],4,[],2019-06-04 03:25:15,715281.46076168,0.00000001,0.000000000000803619,7734085,2019-06-04 03:25:15,btc,581089.6218469425,0.0,0.00000001,btc,37692563.61091116,0.0,0.0071528146076168,81
0,[],20,[],2019-01-25 09:30:31,0.0,0,0,6495923,2019-01-25 09:30:31,btc,0.0,0.0,0,btc,0.0,0.0,0.0,81
1,[],4,[],2019-07-02 10:37:34,185586.27679951,0.00006510,0.0000000066524778600000006,7787753,2019-07-02 10:37:34,btc,59.056311754100705,0.0,0.00006510,btc,126145.98164972,0.63862438,0.3305865296026089,82
1,[],21,[],2019-07-02 10:37:34,327952.43178904,0.00007050000000000000602122518512,0.000000007204296300000001,7787754,2019-07-02 10:37:34,btc,4.906800440698906,5538.22762453,0.00007050000000000000602122518511549742470378987491130828857421875,btc,51019.14978811,0.39015072,3.6858573060548343,82
0,[],17,[],2019-03-25 22:42:34,0.0,0,0,7038780,2019-03-25 22:42:34,btc,0.0445064681804024,0.0,0,btc,995513.18476001,0.0,0.0,84
0.0000000001161485,[],4,[],2019-05-20 13:09:39,216715621.0206096,1.161485e-18,9.0533806701e-23,7657228,2019-05-20 13:09:39,ltc,1.6511566870244727,0.0,0.00000001,ltc,471032407.9048656,0.0,2.5171194308112273e-10,85
,[],22,[],2018-11-20 23:09:34,3408.1,0.0000001,0.0000000000041895,4862324,2018-11-20 23:09:34,BTC,0.04624735,0.0,,BTC,4990.0,0.0,0.00033081,86
1,[],22,[],2019-06-26 09:07:19,62694.0,0.00000005,0.0000000000063518149999999994,7766682,2019-06-26 09:07:19,BTC,1.85249053,0.0,0.00000005,BTC,287024.94736842107,0.0003,0.00062846,87
1,[],27,[],2019-06-26 09:07:25,361781.0,0.0000002,0.000000000025407259999999998,7766683,2019-06-26 09:07:25,btc,19.86923154858,99950.0,0.0000002,btc,548343.482,0.01999,0.01237888,87
,[],2,[],2018-11-20 23:10:47,0.0,0,0,4862359,2018-11-20 23:10:47,,0.0,0.0,,,0.0,0.0,0.0,88
1,[],11,[],2019-06-17 14:31:59,193715.3529613,0.000073310000000000001140094962881477158589405007660388946533203125,0.00000000681152534,7740147,2019-06-17 14:31:59,btc,168.35454702024953,5791.70569014,0.000073310000000000001140094962881477158589405007660388946533203125,btc,196971.41170107,0.0,1.1996165759440112,89
0,[],2,[],2019-01-20 23:31:45,0.0,0,0,6477083,2019-01-20 23:31:45,,0.0,0.0,0,,0.0,0.0,0.0,91
0,[],17,[],2019-05-03 01:12:26,0.0,0,0,7559096,2019-05-03 01:12:26,btc,0.0,0.0,0,btc,0.0,0.0,0.0,91
1,[],12,[],2019-07-02 10:37:36,397735.58814812,0.00000028,0.000000000028612808000000004,7787755,2019-07-02 10:37:36,btc,122.17329290371495,0.0,0.00000028,btc,295685.96526394,0.000329926826,0.0260286131538387,91
1,[],22,[],2019-07-02 10:39:40,75900.0,0.00000001,0.0000000000010218860000000001,7787756,2019-07-02 10:39:40,BTC,0.495,0.0,0.00000001,"BTC,LTC",4.95,0.0,0.001659,91
1,[],22,[],2019-07-02 10:39:45,94060.0,0.00000002,0.0000000000020437720000000002,7787757,2019-07-02 10:39:45,BTC,11.46046694,0.0,0.00000002,"BTC,LTC",341043.4683191416,0.0,0.0662712,95
0,[],17,[],2019-05-03 01:12:32,0.0,0,0,7559100,2019-05-03 01:12:32,btc,0.0,0.0,0,btc,0.0,0.0,0.0,96
0.000000000114539,[],4,[],2019-07-02 10:39:46,537835460.8799856,2.863475e-17,2.92614501385e-21,7787758,2019-07-02 10:39:46,ltc,10.916296297317011,0.0,0.00000025,ltc,153908903.60553408,0.0,7.61291783525911e-10,96
0,[],12,[],2019-07-02 10:39:48,0.0,0,0,7787759,2019-07-02 10:39:48,btc,36.53971721651349,0.0,0,btc,9958979.65134864,1.998e-08,0.0,96
1,[],4,[],2019-04-14 03:32:46,1039404.33283278,0.00000038,0.000000000019245518,7293458,2019-04-14 03:32:46,btc,4.170086055365747,0.0,0.00000038,btc,3097704.34561074,0.06260606,0.1859928211030784,99
0,[],2,[],2019-01-20 23:23:55,0.0,0,0,6476914,2019-01-20 23:23:55,,0.0,0.0,0,,0.0,0.0,0.0,100
1,[],4,[],2019-07-02 10:41:49,187809.08951949,0.00001293,0.000000001321298598,7787760,2019-07-02 10:41:49,btc,8.296846080460869,0.0,0.00001293,btc,169249.3112839,0.14569623,0.5125102059080257,100
1,[],22,[],2019-06-05 06:30:35,150000.0,0.00000002,0.000000000001558192,7740007,2019-06-05 06:30:35,BTC,28.56386409,0.0,0.00000002,BTC,12787.719,0.0,0.0017,101
1,[],4,[],2019-07-02 10:41:50,450171.84933431,0.00000146,0.00000000014919535600000002,7787761,2019-07-02 10:41:50,btc,882.6458739809614,0.0,0.00000146,btc,754831.53341779,0.01331122,0.0646069341047098,103
1,[],12,[],2019-06-17 14:32:14,179201505.10870332,0.000000005,0.00000000000046457,7740154,2019-06-17 14:32:14,btc,113577.79366343976,0.0,0.000000005,btc,79148141.67831126,0.019059029059,0.27280986350611003,105
1,[],27,[],2019-06-17 14:32:19,18306828.03496503,0.00000002,0.00000000000185828,7740155,2019-06-17 14:32:19,btc,180.7198218385489,1083.96503497,0.00000002,btc,276513.60142659,7.588e-05,0.3661365606993006,105
1,[],22,[],2019-04-21 00:17:26,21333.0,0.00000001,0.000000000000532493,7385819,2019-04-21 00:17:26,BTC,51.38182867,0.0,0.00000001,BTC,470435.0,0.0,0.00021333,107
1,[],26,[],2019-04-21 00:17:26,0.0,0.00000000,0,7385820,2019-04-21 00:17:26,btc,0.0,0.0,0.00000000,btc,0.0,0.0,0.0,107
1,[],5,[],2019-07-02 10:41:53,0.0,0,0,7787762,2019-07-02 10:41:53,btc,0.0,0.0,0,btc,0.0,0.0,0.0,112
0,[],22,[],2019-07-02 10:41:56,0.0,0,0,7787763,2019-07-02 10:41:56,,6.79500102,0.0,0,,3375892.0833333335,0.0,0.0,112
1,[],27,[],2019-07-02 10:42:06,1.0,0.00000001,0.0000000000010218860000000001,7787764,2019-07-02 10:42:06,btc,0.0,0.0,0.00000001,"btc,eth",0.0,0.0,1e-08,112
1,[],4,[],2019-07-02 10:42:07,998455.00502051,0.00000037,0.000000000037809782,7787765,2019-07-02 10:42:07,btc,6.365918454052415,0.0,0.00000037,btc,998313.08204692,0.00616132,0.1207626505200096,113
1,[],5,[],2019-07-02 10:44:07,0.0,0,0,7787766,2019-07-02 10:44:07,btc,0.0,0.00252136,0,btc,0.0,0.0,0.0,113
1,[],17,[],2019-04-26 02:17:47,162738.278,0.00000004,0.0000000000021069000000000002,7461287,2019-04-26 02:17:47,btc,1.3331140273775473,0.0,0.00000004,btc,51796.221,0.0,0.00230953112,116
1,[],27,[],2019-05-22 05:13:01,210000.0,0.00000001,0.00000000000079145,7666372,2019-05-22 05:13:01,btc,3919.0005001478,0.0,0.00000001,btc,128660.871,0.0,0.0021,116
1,[],4,[],2019-05-21 22:31:11,138169.03963019,0.00000701,0.000000000558364025,7664793,2019-05-21 22:31:11,btc,150.95388250938234,0.0,0.00000701,btc,344631.17141974,0.07552974,0.4288357684941946,120
1,[],7,[],2019-05-21 22:31:12,3901.07750076,0.000010679999999999999389654892212320191902108490467071533203125,0.0000000008506887,7664794,2019-05-21 22:31:12,btc,231188.94669936574,0.0,0.000010679999999999999389654892212320191902108490467071533203125,btc,4133.83151364,0.0,0.0113888422364489,120
1,[],20,[],2019-04-07 18:42:29,1914137.0852,0.000000035,0.0000000000017871910000000002,7211992,2019-04-07 18:42:29,btc,32.2497668025648,25528.85,0.000000035,btc,1001975.4986,0.00089350975,0.0152723574729,125
1,[],22,[],2019-06-17 14:32:38,10000.0,0.00000001,0.00000000000092914,7740161,2019-06-17 14:32:38,BTC,0.032061,0.0,0.00000001,BTC,299316.7611111111,0.0,0.0001,126
0,[],2,[],2019-01-20 23:25:46,0.0,0,0,6476969,2019-01-20 23:25:46,,0.0,0.0,0,,0.0,0.0,0.0,131
1,[],17,[],2019-05-03 01:13:10,10000.0,0.00000001,0.000000000000548003,7559115,2019-05-03 01:13:10,btc,0.0953976503951408,0.0,0.00000001,btc,5037.62507334,0.0,0.0001,131
1,[],4,[],2019-07-01 04:28:32,590754.62293327,0.00000338,0.000000000376936248,7782890,2019-07-01 04:28:32,btc,2.8525130367360445,0.0,0.00000338,btc,192252.70961539,0.09127328,0.5629290691005338,131
1,[],4,[],2019-06-17 14:32:42,4848.49465417,0.00007919,0.00000000735785966,7740163,2019-06-17 14:32:42,btc,0.9905723729472744,0.0,0.00007919,btc,202.13055914,0.0,0.0061509344290166,135
1,[],3,[],2019-06-05 06:33:11,40600.27748212,0.00000001,0.000000000000779096,7740019,2019-06-05 06:33:11,btc,0.2308097808993716,2146378.52189,0.00000001,btc,2477992.76904676,0.0,0.0004060027748212,136
1,[],4,[],2019-07-02 10:44:09,238713.83789109,0.00000143,0.000000000146129698,7787767,2019-07-02 10:44:09,btc,112.54805688237045,0.0,0.00000143,btc,523206.69927074,0.01591817,0.2071738621213816,137
1,[],12,[],2019-07-02 10:44:11,67690.19810604,0.00000141999999999999995691814247411599581027985550463199615478515625,0.000000000145107812,7787768,2019-07-02 10:44:11,btc,57.903037814558196,0.0,0.00000141999999999999995691814247411599581027985550463199615478515625,btc,82371.41598678,1.552e-05,0.0148781739999473,137
1,[],17,[],2019-05-03 01:13:16,32967.38636364,0.00000088,0.000000000048224264,7559122,2019-05-03 01:13:16,btc,20.06976206696776,0.0,0.00000088,btc,2746.079105,0.0,0.0105613000000032,142
1,[],4,[],2019-07-02 10:44:13,467206.33204174,0.00000835,0.0000000008532748100000001,7787769,2019-07-02 10:44:13,btc,5.843788598018842,0.0,0.00000835,btc,173333.16735029,0.08229202,0.3362786423153378,142
1,[],5,[],2019-07-02 10:44:15,0.0,0,0,7787770,2019-07-02 10:44:15,btc,0.0,0.0018941,0,btc,0.0,0.0,0.0,142
1,[],20,[],2019-07-02 10:46:17,112976.7787,0.000005948,0.0000000006078177928,7787771,2019-07-02 10:46:17,btc,1.5696585343303,24.4656,0.000005948,btc,9983.8451,0.0002478924498,0.0063436824118,142
1,[],22,[],2019-07-02 10:46:21,10820.0,0.00000600,0.0000000006131316,7787772,2019-07-02 10:46:21,BTC,2.99759384,0.0,0.00000600,BTC,835.7198755539798,0.0,0.0053672,142
0.0,[],25,[],2019-07-02 10:46:23,0.0,0,0,7787773,2019-07-02 10:46:23,,0.0,0.0,0.0,btc,0.0,0.0,0.0,142
1,[],28,[],2019-07-02 10:46:31,76110.0,0.00001110,0.0000000011342934600000001,7787774,2019-07-02 10:46:31,btc,0.438587390411,2076.0,0.00001110,btc,1381.1951,0.0,0.0042182,142
0,[],22,[],2019-07-02 10:46:34,0.0,0,0,7787775,2019-07-02 10:46:34,,67.43964479,0.0,0,,716790536.7744589,0.0,0.0,143
0,[],22,[],2019-02-25 15:42:22,0.0,0,0,6783783,2019-02-25 15:42:22,,4.2131946,0.0,0,,2322156.0,0.0,0.0,146
,[],22,[],2018-11-20 23:01:11,0.0,0,0,4862114,2018-11-20 23:01:11,,2.56807021,0.0,,,61828.4988236,0.0,0.0,147
1,[],12,[],2019-04-21 06:38:04,193091.5971266,0.00000071,0.000000000037635183,7388679,2019-04-21 06:38:04,btc,2.301232411611175,0.0,0.00000071,btc,9957.48302385,0.00023528,0.0313308199999888,148
1,[],4,[],2019-03-19 21:31:25,255810.0415942,0.00000029,0.000000000011615747,6982695,2019-03-19 21:31:25,btc,218.94922712414143,0.0,0.00000029,btc,793529.37642722,0.00117,0.0608347789473395,152
0,[],22,[],2019-03-19 21:31:27,0.0,0,0,6982696,2019-03-19 21:31:27,,0.0,0.0,0,,0.0,0.0,0.0,152
1,[],5,[],2019-04-26 09:36:59,0.0,0,0,7465040,2019-04-26 09:36:59,btc,0.0,0.0,0,btc,0.0,0.0,0.0,153
,[],16,[],2019-01-11 15:38:59,0.0,0,0,6366141,2019-01-11 15:38:59,btc,0.0,0.0,,btc,0.0,0.0,0.0,155
0,[],23,[],2019-01-20 23:24:29,0.0,0,0,6476932,2019-01-20 23:24:29,,0.0,0.0,0,,0.0,0.0,0.0,156
0,[],22,[],2019-06-04 06:02:09,0.0,0,0,7734688,2019-06-04 06:02:09,,7.43375324,0.0,0,,5955762.942592593,0.0,0.0,156
1,[],22,[],2019-07-02 10:46:39,6996.0,0.00000001,0.0000000000010218860000000001,7787776,2019-07-02 10:46:39,BTC,1.7543039,0.0,0.00000001,BTC,57.0,0.0,6.996e-05,157
0,[],22,[],2019-05-21 23:40:32,0.0,0,0,7665049,2019-05-21 23:40:32,,50234.60468402,0.0,0,,54786159.03179465,0.0,0.0,158
,[],17,[],2018-11-20 22:56:10,0.0,0,0,4861976,2018-11-20 22:56:10,btc,1.1265625,0.0,,btc,1000.0,0.0,0.0,159
,[],20,[],2018-11-20 22:56:12,0.0,0,0,4861977,2018-11-20 22:56:12,btc,11912.7940471,0.0,,btc,34413894.3617,0.0,0.0,159
1,[],12,[],2019-05-24 02:51:20,9178.522006449999,0.00000191999999999999982841307998027158276954651228152215480804443359375,0.000000000151222656,7676256,2019-05-24 02:51:20,btc,149.80414728631675,0.0,0.00000191999999999999982841307998027158276954651228152215480804443359375,btc,1115.7451448499999,0.01783167678326,0.0120075778999181,168
1,[],17,[],2019-05-03 01:13:36,42852.0,0.00000002,0.000000000001096006,7559132,2019-05-03 01:13:36,btc,0.04279856251542,0.0,0.00000002,btc,274.46171372,0.0,0.00052852,168
1,[],22,[],2019-05-17 03:01:52,10.0,0.00000001,0.000000000000778341,7642059,2019-05-17 03:01:52,BTC,41.95893009,0.0,0.00000001,BTC,1753972.7737547632,0.0,1e-07,169
1,[],22,[],2019-05-30 08:38:18,202834.0,0.00000002,0.0000000000017416160000000001,7711049,2019-05-30 08:38:18,BTC,27.87002826,0.0,0.00000002,BTC,462189.5410507793,0.0,0.00211768,171
1,[],22,[],2019-05-29 08:05:18,349870.0,0.00000002,0.000000000001705894,7705265,2019-05-29 08:05:18,BTC,24.05907723,0.0,0.00000002,"BTC,LTC",1224285.4355616204,0.0,0.0039847,173
1,[],5,[],2019-07-02 10:46:40,0.0,0,0,7787777,2019-07-02 10:46:40,btc,0.0,0.00188655,0,btc,0.0,0.0,0.0,175
1,[],22,[],2019-06-17 14:33:12,90671.0,0.00000001,0.00000000000092914,7740175,2019-06-17 14:33:12,BTC,394.35459412,0.0,0.00000001,BTC,136275.61833431243,0.0,0.00090671,176
1,[],22,[],2019-07-02 10:46:45,30.0,0.00000001,0.0000000000010218860000000001,7787778,2019-07-02 10:46:45,BTC,1.00242428,0.0,0.00000001,BTC,57512.0,0.0,3e-07,178
1,[],7,[],2019-07-01 10:15:32,0.0,0,0,7783526,2019-07-01 10:15:32,btc,521516.2326888725,0.0,0,btc,26809253.73522063,0.0,0.0,178
0,[],2,[],2019-01-20 23:28:34,0.0,0,0,6477001,2019-01-20 23:28:34,,0.0,0.0,0,,0.0,0.0,0.0,178
1,[],5,[],2019-07-02 10:46:46,0.0,0,0,7787779,2019-07-02 10:46:46,btc,0.0,5e-06,0,btc,0.0,0.0,0.0,179
0,[],22,[],2019-07-02 10:46:49,0.0,0,0,7787780,2019-07-02 10:46:49,,9.36109742,0.0,0,,14660694.311946675,0.0,0.0,179
0,[],23,[],2019-01-20 23:25:08,0.0,0,0,6476952,2019-01-20 23:25:08,,0.0,0.0,0,,0.0,0.0,0.0,179
1,[],22,[],2019-07-02 09:44:21,704273.7796068796,0.00000037,0.000000000038232729,7787666,2019-07-02 09:44:21,BTC,40.64467817,0.0,0.00000037,"BTC,LTC",197650.411571008,0.00194676,0.57594944,180
1,[],26,[],2019-07-02 09:44:22,0.0,0.00000010,0.000000000010333170000000001,7787667,2019-07-02 09:44:22,btc,0.0,0.0,0.00000010,btc,0.0,0.0,0.0,180
1,[],17,[],2019-05-03 01:13:56,20504.725000000002,0.0000001,0.00000000000548003,7559141,2019-05-03 01:13:56,btc,5.2010695838400265,0.0,0.0000001,btc,5033.45945,0.0,0.0011504725,180
,[],7,[],2018-11-20 22:58:01,562227.975654,0.00000085,0.000000000036176765,4862015,2018-11-20 22:58:01,btc,21836.6059674,2491.87645172,,btc,749999.041456,0.00211021,0.127565380455,183
,[],5,[],2019-01-10 08:11:41,0.0,0,0,6347036,2019-01-10 08:11:41,btc,82.15055501,0.00261,,btc,1.19002445,0.0,0.0,187
,[],17,[],2018-11-16 20:58:10,4062536.27273,0.00000001,0.000000000000550501,4708775,2018-11-16 20:58:10,btc,3.36492563466,0.195460381006,,"btc,eth",110697919.549,0.0,0.0157628953496,187
1,[],24,[],2019-05-22 21:04:52,0.0,0.000000000014,0.0000000000000010960978,7670219,2019-05-22 21:04:52,btc,0.0,0.0,0.000000000014,btc,0.0,0.0,0.0,187
0,[],22,[],2019-04-25 02:54:07,0.0,0,0,7447896,2019-04-25 02:54:07,,7.54794454,0.0,0,,76361.7243344055,0.0,0.0,191
0,[],22,[],2019-06-17 14:33:34,0.0,0,0,7740182,2019-06-17 14:33:34,,0.0,0.0,0,,0.0,0.0,0.0,197
0,[],23,[],2019-01-20 23:31:41,0.0,0,0,6477079,2019-01-20 23:31:41,,0.0,0.0,0,,0.0,0.0,0.0,199
0,[],22,[],2019-07-02 09:44:24,0.0,0,0,7787668,2019-07-02 09:44:24,,10.58263174,0.0,0,,84280969.0,0.0,0.0,199
1,[],26,[],2019-07-02 09:44:24,0.0,0.00000000,0,7787669,2019-07-02 09:44:24,btc,0.0,0.0,0.00000000,btc,0.0,0.0,0.0,199
0,[],2,[],2019-01-20 23:30:49,0.0,0,0,6477059,2019-01-20 23:30:49,,0.0,0.0,0,,0.0,0.0,0.0,201
1,[],4,[],2019-01-25 15:51:35,2084389.58565343,0.00000936,0.000000000333526752,6499557,2019-01-25 15:51:35,btc,2.0092503037378524,0.0,0.00000936,btc,160195.80207885,0.19272417,1.242687955921835,211
1,[],7,[],2019-07-01 02:21:28,1170054124.6898527,0.00000018,0.000000000019815389999999997,7782694,2019-07-01 02:21:28,btc,1346735.6331920293,0.0,0.00000018,btc,5516233.71348162,0.0,11.954344045954047,212
1,[],12,[],2019-01-25 02:44:32,207462.42853209,0.000001080000000000000035831255497387193287295303889550268650054931640625,0.000000000038610756000000006,6493050,2019-01-25 02:44:32,btc,85023.03793723314,0.0,0.000001080000000000000035831255497387193287295303889550268650054931640625,btc,43675.73520027,0.000146250909087,0.0348620860622024,213
1,[],5,[],2019-05-30 00:07:46,0.0,0,0,7709357,2019-05-30 00:07:46,btc,0.0,0.06425239,0,btc,0.0,0.0,0.0,213
1,[],24,[],2019-05-30 00:07:46,0.0,0.000000399202,0.0000000000344859829346,7709358,2019-05-30 00:07:46,btc,0.0,0.0,0.000000399202,btc,0.0,0.0,0.0,213
1,[],26,[],2019-05-30 00:07:47,0.0,0.00000040,0.000000000034554919999999996,7709359,2019-05-30 00:07:47,btc,0.0,0.0,0.00000040,btc,0.0,0.0,0.0,213
0,[],22,[],2019-07-02 09:44:29,0.0,0,0,7787670,2019-07-02 09:44:29,,9.54523049,0.0,0,,3658586.2040649247,0.0,0.0,216
0,[],27,[],2019-07-02 09:44:39,0.0,0,0,7787671,2019-07-02 09:44:39,,1998.7959391893976,0.0,0,"btc,ltc",546678.29534794,0.0,0.0,216
1,[],22,[],2019-07-02 09:44:43,526115.4,0.0000002,0.000000000020666340000000002,7787672,2019-07-02 09:44:43,BTC,12055.86547113,0.0,0.0000002,BTC,591444.099660349,0.00096678,0.03721086,217
1,[],7,[],2019-06-27 19:02:35,0.0,0,0,7772298,2019-06-27 19:02:35,btc,2123800.2774640615,0.0,0,btc,82333746.4752352,0.0,0.0,219
0,[],27,[],2019-07-02 09:44:51,0.0,0,0,7787673,2019-07-02 09:44:51,,250.20642758069673,0.0,0,btc,46772.535837,0.0,0.0,219
0.000000000000003088,[],28,[],2019-07-02 09:44:53,3312820234.054,6.972704000000001e-19,7.205013579168e-23,7787674,2019-07-02 09:44:53,doge,125846.04510800431,7010.0,0.00022580,"btc,doge",120666781.230909,0.0,2.7053614748352622e-11,219
0,[],22,[],2019-06-26 23:36:41,0.0,0,0,7769178,2019-06-26 23:36:41,,56.75439223,0.0,0,,184664.6482738741,0.0,0.0,221
1,[],24,[],2019-06-26 23:36:41,0.0,0.000000030000,0.000000000003835668,7769179,2019-06-26 23:36:41,btc,0.0,0.0,0.000000030000,btc,0.0,0.0,0.0,221
1,[],20,[],2019-06-17 14:34:11,26882155.8301,0.000000003,0.000000000000278742,7740192,2019-06-17 14:34:11,btc,100050.81956632523,233521.3529,0.000000003,btc,38769742.8604,0.0007925640587,0.0306863532672,224
0,[],22,[],2019-06-17 14:34:13,0.0,0,0,7740193,2019-06-17 14:34:13,,0.0,0.0,0,,0.0,0.0,0.0,224
1,[],26,[],2019-07-02 09:44:53,0.0,0.00000022,0.000000000022732974,7787675,2019-07-02 09:44:53,btc,0.0,0.0,0.00000022,btc,0.0,0.0,0.0,231
1,[],26,[],2019-07-02 09:44:54,0.0,0.00000005,0.0000000000051665850000000004,7787676,2019-07-02 09:44:54,btc,0.0,0.0,0.00000005,btc,0.0,0.0,0.0,234
0.0000000002771788,[],27,[],2019-07-02 09:45:03,100.0,2.7717880000000002e-18,2.8641356607960003e-22,7787677,2019-07-02 09:45:03,eth,0.0,0.0,0.00000001,"btc,eth",0.0,0.0,2.771788e-16,234
1,[],4,[],2019-05-22 17:06:12,91780.56053785,0.00000078,0.000000000061977552,7669277,2019-05-22 17:06:12,btc,5.573372450018177,0.0,0.00000078,btc,729173.93529783,0.0,0.0307060663355679,236
1,[],24,[],2019-05-22 17:06:12,0.0,0.000000010000,0.000000000000794584,7669278,2019-05-22 17:06:12,btc,0.0,0.0,0.000000010000,btc,0.0,0.0,0.0,236
1,[],5,[],2019-07-02 09:45:04,0.0,0,0,7787678,2019-07-02 09:45:04,btc,0.0,0.36173045,0,btc,0.0,0.0,0.0,237
1,[],20,[],2019-07-02 09:45:06,127245021.3692,0.000000056,0.0000000000057865752,7787679,2019-07-02 09:45:06,btc,548.9243737292472,10684035.3997,0.000000056,btc,43598308.965,0.6054709223393,0.7965926365142,237
1,[],22,[],2019-07-02 09:45:10,2104238.0,0.00000005,0.0000000000051665850000000004,7787680,2019-07-02 09:45:10,BTC,1.20109922,0.0,0.00000005,"BTC,LTC",14430.948717948719,0.0025999,0.02759381,237
1,[],4,[],2019-07-02 09:45:11,26678257.63356601,0.00000004,0.000000000004133268,7787681,2019-07-02 09:45:11,btc,2.8147156902668504,0.0,0.00000004,btc,13805911.37379006,0.15689742,0.4232796015893067,238
1,[],5,[],2019-07-02 09:45:12,0.0,0,0,7787682,2019-07-02 09:45:12,btc,0.0,0.02238932,0,btc,0.0,0.0,0.0,238
0,[],22,[],2019-03-12 16:49:32,0.0,0,0,6914458,2019-03-12 16:49:32,,0.40415746,0.0,0,,526736.5639027493,0.0,0.0,249
0,[],22,[],2019-05-28 23:53:45,0.0,0,0,7703643,2019-05-28 23:53:45,,13.44714864,0.0,0,,43777534.3426455,0.0,0.0,252
1,[],28,[],2019-07-02 09:45:14,1008583.88,0.00000005,0.0000000000051665850000000004,7787683,2019-07-02 09:45:14,btc,3.69282021808,85019.4,0.00000005,btc,5076303.4534,0.0,0.032246389,256
1,[],22,[],2019-07-02 09:45:19,481444.0,0.00000001,0.000000000001033317,7787684,2019-07-02 09:45:19,BTC,31471.48537874,0.0,0.00000001,"BTC,LTC",1164536.0289488921,0.00015,0.00721444,258
1,[],22,[],2019-05-19 18:12:02,400.0,0.00000001,0.0000000000007957800000000001,7653905,2019-05-19 18:12:02,BTC,2.415167,0.0,0.00000001,BTC,157.0,0.0,4e-06,259
1,[],5,[],2019-07-02 09:45:20,0.0,0,0,7787685,2019-07-02 09:45:20,btc,0.0,0.02663794,0,btc,0.0,0.0,0.0,264
1,[],20,[],2019-07-02 09:45:22,953273.4509,0.000000178,0.0000000000183930426,7787686,2019-07-02 09:45:22,btc,1.1507330656826,21745.0762,0.000000178,btc,65222.866,0.0069951285516,0.0049563258773,264
0,[],22,[],2019-04-12 17:57:27,0.0,0,0,7278186,2019-04-12 17:57:27,,66.37522201,0.0,0,,677842.4169881374,0.0,0.0,271
0,[],22,[],2019-07-02 09:45:25,0.0,0,0,7787687,2019-07-02 09:45:25,,33050469.74148113,0.0,0,,14261527780.7,0.0,0.0,272
0.000000000000003088,[],28,[],2019-07-02 09:45:27,382107684394.712,5.5584e-22,5.743589212800001e-26,7787688,2019-07-02 09:45:27,doge,282951254.4912692,13173543999.2249,0.00000018,doge,328125884852.3654,0.0,9.048137042191531e-11,272
1,[],22,[],2019-05-23 07:12:29,219930.0,0.00000004,0.000000000003048688,7671985,2019-05-23 07:12:29,BTC,426.77835217,0.0,0.00000004,BTC,248664.3325962929,0.0,0.00739728,281
1,[],22,[],2019-07-02 09:45:31,1369083.4,0.00000002,0.000000000002066634,7787689,2019-07-02 09:45:31,BTC,7.87612365,0.0,0.00000002,"BTC,LTC",1134291.797623037,0.00669615,0.0239455,286
0,[],22,[],2019-06-17 14:34:53,0.0,0,0,7740207,2019-06-17 14:34:53,,7337915.80475575,0.0,0,,2078527309.6797826,0.0,0.0,294
