pairValue,buyBook,exchangeId,sellBook,updated,buyTotal,satoshiPrice,usdPrice,exchangeLogId,created,bestPair,sellTotalBtc,volume,pairPrice,activePairs,sellTotal,volumeBtc,buyTotalBtc,coinId
1,[],3,[],2019-03-09 08:49:58,30539.34988219556,0.01265368000000000048288484322256408631801605224609375,0.000000495344753384,6885944,2019-03-09 08:49:58,btc,61.09431620818275,0.0,0.01265368000000000048288484322256408631801605224609375,btc,23.711519828765002,0.0,0.2418334447342032,1
1,[],4,[],2019-03-09 08:50:00,207914.85190608,0.01271235,0.0000004976414668050001,6885945,2019-03-09 08:50:00,btc,10.086392869957159,0.0,0.01271235,btc,326.06783657,0.59263487,3.128274449870393,1
1,[],5,[],2019-03-09 08:50:03,0.0,0,0,6885946,2019-03-09 08:50:03,btc,0.0,0.05961907,0,btc,0.0,0.0,0.0,1
1,[],10,[],2019-03-09 08:50:05,413931.96035823,0.01070634,0.000000419113597542,6885947,2019-03-09 08:50:05,btc,6522.3298765171985,979.0151401,0.01070634,btc,1115.53102302,0.0,5.068993867227985,1
1,[],12,[],2019-03-09 08:50:08,109.47831053,0.01272999999999999999611421941381195210851728916168212890625,0.0000004983323990000001,6885948,2019-03-09 08:50:08,btc,0.2925670007239,0.0,0.01272999999999999999611421941381195210851728916168212890625,btc,21.83494403,0.1197960599266,0.3741434846407,1
1,[],20,[],2019-03-09 08:50:10,1152.4748,0.010500222,0.0000004110448404786,6885949,2019-03-09 08:50:10,btc,0.055456485683,0.3915,0.010500222,btc,2.4799,0.0046697723592,0.0959558605309,1
1,[],21,[],2019-03-09 08:50:11,1824.62875079,0.01270629000000000029257929413,0.0000004974042402270001,6885950,2019-03-09 08:50:11,btc,23.084336687490055,8766.608800259999,0.01270629000000000029257929412551675341092050075531005859375,"btc,eth",2406.29920177,105.28678422546496,16.604450593123683,1
1,[],22,[],2019-03-09 08:50:15,0.0059712,0.01250000,0.00000048932875,6885951,2019-03-09 08:50:15,BTC,0.31439419,0.0,0.01250000,BTC,0.12751438772928525,5.14e-06,7.464e-05,1
1,[],24,[],2019-03-09 08:50:15,0.0,0.000000000000,0,6885952,2019-03-09 08:50:15,btc,0.0,0.0,0.000000000000,btc,0.0,0.0,0.0,1
0.0,[],25,[],2019-03-09 08:50:16,0.0,0,0,6885953,2019-03-09 08:50:16,btc,17.854699998614244,170.6511074,0.0,btc,1367.20561058,2.2068,0.0,1
1,[],26,[],2019-03-09 08:50:34,0.0,0,0,6885954,2019-03-09 08:50:34,,0.0,0.0,0,,0.0,0.0,0.0,1
1,[],28,[],2019-03-09 08:50:41,993.142,0.01323000,0.0000005179055490000001,6885955,2019-03-09 08:50:41,btc,0.147901439075,18126.0,0.01323000,btc,7.9421,0.0,0.089302756,1
0,[],2,[],2019-01-20 23:28:45,0.0,0,0,6477011,2019-01-20 23:28:45,,0.0,0.0,0,,0.0,0.0,0.0,1
1,[],5,[],2019-03-09 08:50:43,0.0,0,0,6885956,2019-03-09 08:50:43,btc,0.0,0.01897272,0,btc,0.0,0.0,0.0,2
0.0000000001250734,[],22,[],2019-03-09 08:50:46,1148.0,1.3758074e-16,5.385776922262001e-21,6885957,2019-03-09 08:50:46,XMR,21.01373823,0.0,0.00000110,XMR,14319.12581,0.0,0.00087635,2
1,[],5,[],2019-03-09 08:00:27,0.0,0,0,6885768,2019-03-09 08:00:27,btc,0.0,0.07948039,0,btc,0.0,0.0,0.0,3
1,[],12,[],2019-03-09 08:00:28,1866579.89927,0.000000175,0.00000000000683403,6885769,2019-03-09 08:00:28,btc,22810.244140057574,0.0,0.000000175,btc,1024782.812199,0.02915911935689175,0.26899653187225,3
0,[],28,[],2019-03-09 08:00:29,0.0,0,0,6885770,2019-03-09 08:00:29,,0.0,0.0,0,,0.0,0.0,0.0,3
0,[],2,[],2019-01-20 23:31:32,0.0,0,0,6477077,2019-01-20 23:31:32,,0.0,0.0,0,,0.0,0.0,0.0,4
1,[],4,[],2019-03-09 08:50:47,397637.63468465,0.00000033,0.000000000012918279,6885958,2019-03-09 08:50:47,btc,32.1722760577187,0.0,0.00000033,btc,710397.77475616,0.0,0.0486985946074879,4
1,[],12,[],2019-03-09 08:00:32,374807.0,0.00000002,0.000000000000781032,6885772,2019-03-09 08:00:32,btc,1111742.62478137,0.0,0.00000002,btc,539026.0,3e-07,0.00485588,5
0,[],2,[],2019-01-20 23:31:51,0.0,0,0,6477087,2019-01-20 23:31:51,,0.0,0.0,0,,0.0,0.0,0.0,6
1,[],11,[],2019-03-09 08:50:49,4785062.5,0.00000002,0.0000000000007829260000000001,6885959,2019-03-09 08:50:49,btc,9568.13038637766,68382.0,0.00000002,btc,42683320.90271394,0.0,0.063176085,6
1,[],3,[],2019-03-09 08:50:50,1083.872362413546,0.00015364999999999999426465724372548038445529527962207794189453125,0.000000006014828995,6885960,2019-03-09 08:50:50,btc,29.634085403952064,0.0,0.00015364999999999999426465724372548038445529527962207794189453125,btc,239.122414578101,0.0,0.033728838803757114,7
1,[],4,[],2019-03-09 08:50:51,101653.73822728,0.00025330,0.00000000991575779,6885961,2019-03-09 08:50:51,btc,13.121014472848485,0.0,0.00025330,btc,37884.90101752,7.28467776,7.3472069608946455,7
1,[],5,[],2019-03-09 08:50:53,0.0,0,0,6885962,2019-03-09 08:50:53,btc,0.0,0.23072157,0,btc,0.0,0.0,0.0,7
1,[],20,[],2019-02-20 02:16:17,39399275.8418,0.000000001,0.0000000000000390183,6728586,2019-02-20 02:16:17,btc,116.9737569154545,525.0,0.000000001,btc,56932965.8895,5.25e-07,0.0393992758418,8
1,[],4,[],2019-03-09 08:50:55,1170373.35826525,0.00000155,0.000000000060676765,6885963,2019-03-09 08:50:55,btc,5.183506857174694,0.0,0.00000155,btc,2672321.781949,2.04707664,0.974084543870232,9
1,[],28,[],2019-03-09 08:51:02,38863.15,0.00000166,0.000000000064982858,6885964,2019-03-09 08:51:02,btc,2708.761281370583,3461883.0,0.00000166,btc,11954.1497,0.0,0.035782829,9
0,[],2,[],2019-01-20 23:22:42,0.0,0,0,6476876,2019-01-20 23:22:42,,0.0,0.0,0,,0.0,0.0,0.0,9
0,[],23,[],2019-01-20 23:22:48,0.0,0,0,6476878,2019-01-20 23:22:48,,0.0,0.0,0,,0.0,0.0,0.0,9
1,[],1,[],2019-02-17 23:31:42,1822507.21,0.00000181000000000000003456111265232042484285557293333113193511962890625,0.000000000066086901,6701244,2019-02-17 23:31:42,btc,3.6990969245,17153386.5,0.00000181000000000000003456111265232042484285557293333113193511962890625,btc,1997391.71,31.11772986,3.2610482446,9
1,[],4,[],2019-02-17 11:22:43,4341674.27126056,0.00000002,0.0000000000007272960000000001,6696112,2019-02-17 11:22:43,btc,0.1997230937751353,0.0,0.00000002,btc,4109766.79808031,0.00215132,0.0479381022052112,10
0,[],2,[],2019-01-20 23:23:08,0.0,0,0,6476890,2019-01-20 23:23:08,,0.0,0.0,0,,0.0,0.0,0.0,12
1,[],4,[],2019-03-09 08:00:44,6531418.77945827,0.00000122,0.000000000047642952,6885779,2019-03-09 08:00:44,btc,10.113555041189782,0.0,0.00000122,btc,5463732.61971914,1.59407461,4.066916095392567,12
1,[],5,[],2019-03-09 08:00:45,0.0,0,0,6885780,2019-03-09 08:00:45,btc,0.0,0.44158195,0,btc,0.0,0.0,0.0,12
0.0,[],25,[],2019-03-09 08:00:47,0.0,0,0,6885781,2019-03-09 08:00:47,,0.0,0.0,0.0,btc,0.0,0.0,0.0,12
1,[],4,[],2019-03-09 08:51:03,32042520.31379305,0.00000593,0.000000000232137559,6885965,2019-03-09 08:51:03,btc,3.05857445335065,0.0,0.00000593,btc,414617.51516237,0.8474066,1.4123246703672696,13
1,[],21,[],2019-03-09 08:51:06,803220.73388117,0.000005949999999999999783690824567,0.000000000232920485,6885966,2019-03-09 08:51:06,btc,5.176875443446843,375057.63844188,0.0000059499999999999997836908245674170103711730916984379291534423828125,btc,785723.43472871,2.25232897,4.401836185261469,13
1,[],10,[],2019-03-09 08:00:51,393573.1481568,0.00000587,0.00000000022923289199999998,6885783,2019-03-09 08:00:51,btc,666801.3134507426,5968.08396035,0.00000587,btc,715486.16848458,0.0,0.238430375528274,13
1,[],4,[],2019-03-09 08:51:08,699091.849884,0.00000132,0.000000000051673116,6885967,2019-03-09 08:51:08,btc,6.3895857292159155,0.0,0.00000132,btc,872799.34322328,0.00545973,0.141097026413145,14
1,[],12,[],2019-03-09 08:51:09,267554.0,0.0000015000000000000000380012861456169304119612206704914569854736328125,0.00000000005871945000000001,6885968,2019-03-09 08:51:09,btc,0.1039083399184276,0.0,0.0000015000000000000000380012861456169304119612206704914569854736328125,btc,8605.60513451,0.0009988959999905,0.03548798,14
1,[],26,[],2019-03-09 08:51:21,0.0,0.00000050,0.000000000019573150000000002,6885969,2019-03-09 08:51:21,btc,0.0,0.0,0.00000050,btc,0.0,0.0,0.0,14
0,[],17,[],2019-03-09 07:52:32,0.0,0,0,6885586,2019-03-09 07:52:32,btc,0.0,0.0,0,btc,0.0,0.0,0.0,14
0,[],4,[],2019-03-09 08:51:22,0.0,0,0,6885970,2019-03-09 08:51:22,,0.0,0.0,0,,0.0,0.0,0.0,15
,[],12,[],2018-12-01 15:15:48,204241.84496,0.00000489,0.000000000202473384,5260204,2018-12-01 15:15:48,btc,49.5475654835,0.0,,btc,35763.2193806,0.0163153972027625,0.0203389899998,15
1,[],4,[],2019-03-09 08:51:24,32596.69701945,0.00001601,0.000000000626732263,6885971,2019-03-09 08:51:24,btc,4.19125008692916,0.0,0.00001601,btc,18741.91645425,0.02851345,0.0805418529905321,18
1,[],10,[],2019-03-09 08:51:26,785716.4197424,0.00001677,0.000000000656483451,6885972,2019-03-09 08:51:26,btc,15.363201701718024,20202.4478126,0.00001677,btc,12001.16548778,0.0,0.1695177300733776,18
1,[],12,[],2019-03-09 08:51:27,362507.35146395,0.0000162900000000000015815994347523343321881839074194431304931640625,0.0000000006376932270000001,6885973,2019-03-09 08:51:27,btc,33008.93062406055,0.0,0.0000162900000000000015815994347523343321881839074194431304931640625,btc,418.88223151,0.0064654044372216,0.0287545016686622,18
0,[],2,[],2019-01-20 23:23:38,0.0,0,0,6476906,2019-01-20 23:23:38,,0.0,0.0,0,,0.0,0.0,0.0,18
0,[],17,[],2019-03-09 07:52:40,0.0,0,0,6885592,2019-03-09 07:52:40,btc,0.0,0.0,0,btc,0.0,0.0,0.0,18
1,[],3,[],2019-03-09 08:51:39,117241.48106822993,0.0000180200000000000002645279828517033138268743641674518585205078125,0.000000000705416326,6885974,2019-03-09 08:51:39,btc,0.4802123236102226,0.001848428835,0.0000180200000000000002645279828517033138268743641674518585205078125,btc,8854.084472460281,0.0,0.015054047205684649,19
1,[],4,[],2019-03-09 08:51:40,285303.71454596,0.00001970,0.00000000077118211,6885975,2019-03-09 08:51:40,btc,2.3188831546284003,0.0,0.00001970,btc,81706.78249677,0.45650409,2.845547610406172,19
1,[],5,[],2019-03-09 08:51:41,0.0,0,0,6885976,2019-03-09 08:51:41,btc,0.0,0.00076056,0,btc,0.0,0.0,0.0,19
1,[],12,[],2019-03-09 08:51:42,170068.10699588,0.000012160000000000000466176576507937312499052495695650577545166015625,0.000000000476019008,6885977,2019-03-09 08:51:42,btc,0.2234952887505206,0.0,0.000012160000000000000466176576507937312499052495695650577545166015625,btc,365.56200924,0.0,0.037374109999942,19
0,[],27,[],2019-03-09 08:51:45,0.0,0,0,6885978,2019-03-09 08:51:45,,0.0,0.0,0,btc,0.0,0.0,0.0,19
0,[],2,[],2019-01-20 23:24:19,0.0,0,0,6476924,2019-01-20 23:24:19,,0.0,0.0,0,,0.0,0.0,0.0,19
1,[],4,[],2019-03-09 08:51:46,2769800.98210011,0.00000012,0.000000000004697556,6885979,2019-03-09 08:51:46,btc,7.383042289760813,0.0,0.00000012,btc,2876583.25385408,0.0,0.0767487845231285,20
1,[],4,[],2019-03-09 08:51:47,103815793.72147027,0.00000002,0.000000000000782926,6885980,2019-03-09 08:51:47,btc,1847.863256175191,0.0,0.00000002,btc,54908384.6818267,0.0,1.1630563175500457,21
1,[],12,[],2019-03-09 08:51:49,1225236.0,0.00000001,0.00000000000039146300000000005,6885981,2019-03-09 08:51:49,btc,1248.0057461495405,0.0,0.00000001,btc,2415596.97702298,0.0,0.01225236,21
0,[],17,[],2019-03-09 08:01:14,0.0,0,0,6885800,2019-03-09 08:01:14,btc,0.0,0.0,0,btc,0.0,0.0,0.0,21
1,[],12,[],2019-03-09 08:51:50,2418480659.0,0.0000000001,0.00000000000000391463,6885982,2019-03-09 08:51:50,btc,11160.572649406215,0.0,0.0000000001,btc,1402036071.0733156,0.00663106322347652,0.24184806590000002,23
0,[],27,[],2019-03-09 08:51:52,0.0,0,0,6885983,2019-03-09 08:51:52,,13.51825636659341,0.0,0,eth,2066931.35514486,0.0,0.0,23
1,[],4,[],2019-03-09 08:51:54,594451.9902786,0.00000046,0.000000000018007298000000002,6885984,2019-03-09 08:51:54,btc,9.672143303245752,0.0,0.00000046,btc,1617102.77661411,0.00668463,0.1587374401004875,24
1,[],22,[],2019-03-09 08:51:57,11.76,0.00000100,0.000000000039146300000000005,6885985,2019-03-09 08:51:57,BTC,7.415e-05,0.0,0.00000100,BTC,23.919354838709676,0.0,1.176e-05,24
0.0,[],25,[],2019-03-09 08:51:58,0.0,0,0,6885986,2019-03-09 08:51:58,,0.0,0.0,0.0,btc,0.0,0.0,0.0,24
1,[],4,[],2019-03-09 08:51:59,26579970.0414435,0.00000621,0.000000000243098523,6885987,2019-03-09 08:51:59,btc,109.51505215151676,0.0,0.00000621,btc,249592.39318306,0.13997605,0.4531439741398591,26
1,[],10,[],2019-03-09 08:52:02,686231.75195325,0.00000601,0.000000000235269263,6885988,2019-03-09 08:52:02,btc,26.127616096490254,4762.64553671,0.00000601,btc,14067.98878667,0.0,0.2137617411445439,26
0,[],2,[],2019-01-20 23:25:56,0.0,0,0,6476976,2019-01-20 23:25:56,,0.0,0.0,0,,0.0,0.0,0.0,26
1,[],3,[],2019-03-09 08:52:03,8437129.19501412,0.00000001,0.00000000000039146300000000005,6885989,2019-03-09 08:52:03,btc,2.269633614538198,36327.6863216,0.00000001,btc,17615190.95706705,0.0,0.08437129195014119,27
1,[],5,[],2019-03-09 08:52:04,0.0,0,0,6885990,2019-03-09 08:52:04,btc,0.0,0.00018026,0,btc,0.0,0.0,0.0,27
1,[],11,[],2019-03-09 08:52:06,9469667.88103613,0.00000005,0.000000000001957315,6885991,2019-03-09 08:52:06,btc,67506.32843704063,170.63047893,0.00000005,btc,7972152.75036371,0.0,0.4413054133414386,27
1,[],4,[],2019-03-09 08:52:07,2158337738.4903936,0.00000001,0.000000000000391463,6885992,2019-03-09 08:52:07,btc,3.324750861885915,0.0,0.00000001,"btc,ltc",210807434.58668607,0.2933132,9.708853576043088,29
1,[],7,[],2019-03-09 08:52:09,35576600.71560571,0.00000001,0.00000000000039146300000000005,6885993,2019-03-09 08:52:09,btc,44461616.56542175,1995845.68142,0.00000001,btc,46635585.10663773,0.0,0.35576600715605716,29
1,[],4,[],2019-03-09 08:52:09,2427898.92968485,0.00000023,0.000000000009003649000000001,6885994,2019-03-09 08:52:09,btc,2.644847823935844,0.0,0.00000023,btc,2004048.91435462,0.01836522,0.1218901392251024,30
0,[],17,[],2019-03-09 08:52:11,0.0,0,0,6885995,2019-03-09 08:52:11,btc,0.0,0.0,0,btc,0.0,0.0,0.0,30
1,[],4,[],2019-03-09 08:52:12,189341.81165119,0.00005662,0.000000002216463506,6885996,2019-03-09 08:52:12,btc,9.658482619522184,0.0,0.00005662,btc,112242.079963,2.46354212,2.490413798523582,31
1,[],21,[],2019-03-09 08:52:13,109198.39080962,0.00005606000000000000197362959309,0.0000000021945415780000003,6885997,2019-03-09 08:52:13,btc,3.7344067110172205,460621.48647523,0.00005606000000000000197362959308833296745433472096920013427734375,btc,60393.2238413,25.51259847,5.661889035646948,31
0,[],2,[],2019-01-20 23:28:43,0.0,0,0,6477009,2019-01-20 23:28:43,,0.0,0.0,0,,0.0,0.0,0.0,32
1,[],4,[],2019-03-09 08:52:14,408948208.2760031,0.00000004,0.000000000001565852,6885998,2019-03-09 08:52:14,btc,10.641310041705367,0.0,0.00000004,"btc,ltc",198955698.2274942,0.80481029,9.649671796445954,33
1,[],12,[],2019-03-09 08:52:15,23436102.54000004,0.00000004,0.0000000000015658520000000002,6885999,2019-03-09 08:52:15,btc,1311776.4939093862,0.0,0.00000004,btc,15305370.92307688,0.012683829010989,0.5624870019600016,33
1,[],4,[],2019-03-09 08:52:16,112529476.6900919,0.00000001,0.000000000000391463,6886000,2019-03-09 08:52:16,btc,3.555014946688936,0.0,0.00000001,btc,101226998.08020847,0.03964166,1.125294766900919,34
1,[],5,[],2019-03-09 08:52:18,0.0,0,0,6886001,2019-03-09 08:52:18,btc,0.0,0.06667826,0,btc,0.0,0.0,0.0,34
0.0000000001488078,[],4,[],2019-03-09 08:52:19,1664108663.1953332,1.488078e-18,5.825274781140001e-23,6886002,2019-03-09 08:52:19,ltc,4.3398846617303935e-08,0.0,0.00000001,ltc,6670896531.903277,0.0,2.4763234913103852e-09,36
1,[],5,[],2019-03-09 08:52:20,0.0,0,0,6886003,2019-03-09 08:52:20,btc,0.0,0.0,0,btc,0.0,0.0,0.0,36
0,[],17,[],2019-03-09 08:52:22,0.0,0,0,6886004,2019-03-09 08:52:22,btc,0.0746458232965017,0.0,0,btc,4103573.70243647,0.0,0.0,36
0.0000000003502774,[],27,[],2019-03-09 08:52:24,1090000.0,3.502774e-18,1.3712064183620002e-22,6886005,2019-03-09 08:52:24,eth,222.5593939951224,0.0,0.00000001,"ltc,eth",11165410.31026039,0.0,1.759961432e-12,36
1,[],4,[],2019-03-09 08:52:25,254951.86866707,0.00000059,0.000000000023096317,6886006,2019-03-09 08:52:25,btc,19772.478069034947,0.0,0.00000059,btc,559403.4169379,0.02721473,0.1112210931534753,37
1,[],12,[],2019-03-09 08:52:26,410611.80362668,0.00000063,0.000000000024662169,6886007,2019-03-09 08:52:26,btc,11.312189887790796,0.0,0.00000063,btc,368311.34502325,0.0590593060323397,0.1261278910542886,37
1,[],27,[],2019-03-09 08:52:28,34685.567,0.00000045,0.000000000017615835,6886008,2019-03-09 08:52:28,btc,25.74903392619233,0.0,0.00000045,btc,6518.38138508,0.0,0.00520032515,37
1,[],17,[],2019-03-09 07:53:38,1752.74075282,0.00000025,0.00000000000979095,6885627,2019-03-09 07:53:38,btc,0.055484923777095005,0.0,0.00000025,btc,1319.19918473,0.0,0.00043818518820499993,37
1,[],5,[],2019-03-09 08:52:30,0.0,0,0,6886009,2019-03-09 08:52:30,btc,0.0,0.12804082,0,btc,0.0,0.0,0.0,42
1,[],12,[],2019-03-09 08:52:31,263037.61898366,0.000001080000000000000035831255497387193287295303889550268650054931640625,0.000000000042278004000000006,6886010,2019-03-09 08:52:31,btc,0.3042680955753125,0.0,0.000001080000000000000035831255497387193287295303889550268650054931640625,btc,38975.66648688,0.0646267364303854,0.0275786592465829,42
0.0000000003502774,[],27,[],2019-03-09 08:52:34,2000.0,3.502774e-18,1.3712064183620002e-22,6886011,2019-03-09 08:52:34,eth,0.00315028,0.0,0.00000001,"btc,eth",11.007,0.0,7.005548000000001e-15,42
1,[],5,[],2019-03-09 08:52:36,0.0,0,0,6886012,2019-03-09 08:52:36,btc,0.0,0.0028864,0,btc,0.0,0.0,0.0,43
1,[],12,[],2019-03-09 08:52:37,1121342.0,0.00000001,0.00000000000039146300000000005,6886013,2019-03-09 08:52:37,btc,2.3246649794405596,0.0,0.00000001,btc,4432835.97202798,0.0005494505494504,0.01121342,43
0,[],17,[],2019-03-09 08:52:39,0.0,0,0,6886014,2019-03-09 08:52:39,btc,0.0,0.0,0,btc,0.0,0.0,0.0,43
1,[],12,[],2019-03-05 01:54:08,639326.02,0.00000004,0.000000000001486676,6845775,2019-03-05 01:54:08,btc,11116042.728239931,0.0,0.00000004,btc,1103841.4595604,0.0003330765234764,0.014975410599999999,44
1,[],4,[],2019-03-09 08:52:40,298813010.6037355,0.00000003,0.000000000001174389,6886015,2019-03-09 08:52:40,btc,473.68592939976446,0.0,0.00000003,"btc,ltc",10603233.69196766,0.04110922,0.28435910068984993,49
0,[],4,[],2019-03-09 08:52:41,0.0,0,0,6886016,2019-03-09 08:52:41,,25.808545413909446,0.0,0,,9740025998.04817,0.0,0.0,52
0.0000000001250734,[],22,[],2019-03-09 08:52:45,80845862.0,1.250734e-18,4.896160838420001e-23,6886017,2019-03-09 08:52:45,XMR,4366.97466637,0.0,0.00000001,XMR,255820234.67882353,0.0,0.80845862,57
0.0000000003502774,[],27,[],2019-03-09 08:52:46,2000.0,3.502774e-18,1.3712064183620002e-22,6886018,2019-03-09 08:52:46,eth,0.0,0.0,0.00000001,"btc,eth",0.0,0.0,7.005548000000001e-15,57
0.0000000001488078,[],4,[],2019-03-09 08:52:47,595367341.3145349,2.976156e-18,1.1650549562280001e-22,6886019,2019-03-09 08:52:47,ltc,18.80718999656191,0.0,0.00000002,ltc,4766856848.959154,0.0,1.3164331422128245e-09,58
1,[],12,[],2019-03-09 08:52:48,430549175.0,0.0000000003,0.000000000000011743890000000001,6886020,2019-03-09 08:52:48,btc,1121627.2400420234,0.0,0.0000000003,btc,1308980234.991009,0.07475578715714286,0.1026415094,58
0.0000000001250734,[],22,[],2019-03-09 08:53:03,137438.0,1.250734e-18,4.896160838420001e-23,6886021,2019-03-09 08:53:03,XMR,69.8835922,0.0,0.00000001,XMR,9887963.0,0.0,0.00137438,58
0,[],17,[],2019-03-09 08:02:19,0.0,0,0,6885836,2019-03-09 08:02:19,btc,1e+24,0.0,0,btc,49306342.21952568,0.0,0.0,58
1,[],5,[],2019-03-09 08:53:04,0.0,0,0,6886022,2019-03-09 08:53:04,btc,0.0,0.00067114,0,btc,0.0,0.0,0.0,61
1,[],22,[],2019-03-09 08:53:08,13757.0,0.00000012,0.000000000004697556,6886023,2019-03-09 08:53:08,BTC,1002.2960049,0.0,0.00000012,BTC,14976.68361146909,0.0,0.00154987,61
1,[],26,[],2019-03-09 08:53:08,0.0,0.00000800,0.00000000031317040000000004,6886024,2019-03-09 08:53:08,btc,0.0,0.0,0.00000800,btc,0.0,0.0,0.0,61
1,[],27,[],2019-03-09 08:53:10,4411.22008,0.00000047,0.000000000018398761,6886025,2019-03-09 08:53:10,btc,2.8990263703141324,0.0,0.00000047,"btc,eth",19485.01257617,0.0,0.0012437599595462475,61
1,[],28,[],2019-03-09 08:53:16,13880.304,0.0000005,0.000000000019573150000000002,6886026,2019-03-09 08:53:16,btc,2.056312978300105,758.0,0.0000005,btc,9730.59500005,0.0,0.00566391304,61
1,[],4,[],2019-03-09 08:53:17,1348591.9048272,0.00000246,0.000000000096299898,6886027,2019-03-09 08:53:17,btc,8.934490929533291,0.0,0.00000246,btc,744262.41577905,0.09461028,1.0165968374652894,67
0.0,[],25,[],2019-03-09 08:53:18,0.0,0,0,6886028,2019-03-09 08:53:18,,0.0,0.0,0.0,btc,0.0,0.0,0.0,67
1,[],12,[],2019-03-09 08:53:19,294945.43547309,0.00000031,0.000000000012135353,6886029,2019-03-09 08:53:19,btc,15940.538407012773,0.0,0.00000031,btc,1046230.33188393,0.0468212040853249,0.0589463899343971,71
,[],5,[],2018-11-20 23:02:39,1.5e-07,0.00000005,0.000000000002128045,4862160,2018-11-20 23:02:39,btc,2.84511358,0.0,,btc,0.00036572,0.0,0.07381892,74
1,[],5,[],2019-03-09 08:53:21,0.0,0,0,6886030,2019-03-09 08:53:21,btc,0.0,0.0,0,btc,0.0,0.0,0.0,75
1,[],4,[],2019-03-09 08:53:22,13147768.81424166,0.00000001,0.000000000000391463,6886031,2019-03-09 08:53:22,btc,11388.985544584346,0.0,0.00000001,btc,40019471.49932191,0.0,0.1314776881424166,81
0,[],20,[],2019-01-25 09:30:31,0.0,0,0,6495923,2019-01-25 09:30:31,btc,0.0,0.0,0,btc,0.0,0.0,0.0,81
1,[],4,[],2019-03-09 08:53:24,24038.91142285,0.00007518,0.000000002943018834,6886032,2019-03-09 08:53:24,btc,18.131062934912958,0.0,0.00007518,btc,12437.51081997,0.03491152,0.104461321889881,82
1,[],21,[],2019-03-09 08:53:25,765970.68760213,0.00007574000000000000328535809668,0.0000000029649407620000003,6886033,2019-03-09 08:53:25,btc,3.5739326448053035,8808.72650604,0.00007574000000000000328535809668295541996485553681850433349609375,btc,42634.023422,0.66045932,2.9606025477193456,82
0,[],17,[],2019-03-09 07:54:50,0.0,0,0,6885653,2019-03-09 07:54:50,btc,0.0447233088476774,0.0,0,btc,999127.19588126,0.0,0.0,84
0.0000000001488078,[],4,[],2019-03-09 08:53:36,107018780.12775661,2.976156e-18,1.1650549562280001e-22,6886034,2019-03-09 08:53:36,ltc,1.749364742220518,0.0,0.00000002,ltc,423082561.3383544,0.0,2.0788988354282493e-10,85
,[],22,[],2018-11-20 23:09:34,3408.1,0.0000001,0.0000000000041895,4862324,2018-11-20 23:09:34,BTC,0.04624735,0.0,,BTC,4990.0,0.0,0.00033081,86
1,[],22,[],2019-03-09 08:53:40,122000.0,0.00000003,0.000000000001174389,6886035,2019-03-09 08:53:40,BTC,2.078122,0.0,0.00000003,BTC,169918.94736842104,0.0,0.00186,87
0,[],27,[],2019-03-09 08:53:41,0.0,0,0,6886036,2019-03-09 08:53:41,,0.0,0.0,0,btc,0.0,0.0,0.0,87
,[],2,[],2018-11-20 23:10:47,0.0,0,0,4862359,2018-11-20 23:10:47,,0.0,0.0,,,0.0,0.0,0.0,88
1,[],11,[],2019-03-09 08:53:43,94817.94380235,0.000146489999999999988278265306007597246207296848297119140625,0.000000005734541487,6886037,2019-03-09 08:53:43,btc,606.8552393861894,427.19954565,0.000146489999999999988278265306007597246207296848297119140625,btc,94462.87563873,0.0,6.533859627240207,89
0,[],17,[],2019-03-09 07:55:11,0.0,0,0,6885659,2019-03-09 07:55:11,btc,0.0,0.0,0,btc,0.0,0.0,0.0,91
0,[],2,[],2019-01-20 23:31:45,0.0,0,0,6477083,2019-01-20 23:31:45,,0.0,0.0,0,,0.0,0.0,0.0,91
1,[],12,[],2019-03-09 08:53:45,248677.07806022,0.000001230000000000000081983031474663903281907550990581512451171875,0.000000000048149949000000006,6886038,2019-03-09 08:53:45,btc,61.50656759857173,0.0,0.000001230000000000000081983031474663903281907550990581512451171875,btc,115997.2142805,0.0121844561230169,0.0371675998999137,91
1,[],22,[],2019-03-09 08:53:49,65900.0,0.00000001,0.000000000000391463,6886039,2019-03-09 08:53:49,BTC,3e-06,0.0,0.00000001,BTC,1.0,0.0,0.000659,91
0,[],22,[],2019-03-09 08:53:52,0.0,0,0,6886040,2019-03-09 08:53:52,,7.50307462,0.0,0,,70597140.95714286,0.0,0.0,95
0,[],17,[],2019-03-09 07:08:19,0.0,0,0,6885496,2019-03-09 07:08:19,btc,0.0,0.0,0,btc,0.0,0.0,0.0,96
0.0000000001488078,[],4,[],2019-03-09 08:53:53,647261470.0381,9.672507e-17,3.786428607741e-21,6886041,2019-03-09 08:53:53,ltc,11.894632803779254,0.0,0.00000065,ltc,136320665.26165134,0.0,1.888832795809887e-09,96
1,[],12,[],2019-03-09 08:53:55,69933.0,0.00000001,0.00000000000039146300000000005,6886042,2019-03-09 08:53:55,btc,10.58031148,0.0,0.00000001,btc,2084251.0,1.27e-06,0.0006993300000000001,96
1,[],4,[],2019-03-09 08:54:07,1604246.62827101,0.00000021,0.000000000008220723,6886043,2019-03-09 08:54:07,btc,2.5682003358396015,0.0,0.00000021,btc,2576246.4686441,0.00686283,0.1284340324121467,99
0,[],2,[],2019-01-20 23:23:55,0.0,0,0,6476914,2019-01-20 23:23:55,,0.0,0.0,0,,0.0,0.0,0.0,100
1,[],4,[],2019-03-09 08:54:08,293418.24522235,0.00003957,0.0000000015490190910000001,6886044,2019-03-09 08:54:08,btc,11.227626944116825,0.0,0.00003957,btc,157793.1423385,0.59113993,1.8714420725777559,100
1,[],22,[],2019-03-09 08:54:12,50000.0,0.00000001,0.000000000000391463,6886045,2019-03-09 08:54:12,BTC,23.49896609,0.0,0.00000001,BTC,10277.22,0.0,0.0005,101
1,[],4,[],2019-03-09 08:54:13,436288.61041499,0.00000087,0.000000000034057281000000004,6886046,2019-03-09 08:54:13,btc,308.03118281896667,0.0,0.00000087,btc,487205.70110276,0.00803738,0.2144382924507332,103
1,[],12,[],2019-03-09 08:54:16,23045069.887000002,0.000000009,0.0000000000003523167,6886047,2019-03-09 08:54:16,btc,3553840.54808742,0.0,0.000000009,btc,61000573.0360069,0.0394064443106898,0.06292550598300001,105
1,[],27,[],2019-03-09 08:54:17,228397.89,0.00000001,0.000000000000391463,6886048,2019-03-09 08:54:17,btc,36.60591030491341,1000.0,0.00000001,btc,1301440.23571724,1e-05,0.0022839789,105
1,[],22,[],2019-03-09 08:54:21,9328.0,0.00000001,0.000000000000391463,6886049,2019-03-09 08:54:21,BTC,51.10837004,0.0,0.00000001,BTC,470435.0,0.0,9.328e-05,107
1,[],26,[],2019-03-09 08:54:21,0.0,0.00000000,0,6886050,2019-03-09 08:54:21,btc,0.0,0.0,0.00000000,btc,0.0,0.0,0.0,107
1,[],5,[],2019-03-09 08:54:23,0.0,0,0,6886051,2019-03-09 08:54:23,btc,0.0,0.00056264,0,btc,0.0,0.0,0.0,112
1,[],22,[],2019-03-09 08:54:26,1966.0,0.00000001,0.000000000000391463,6886052,2019-03-09 08:54:26,BTC,2.7975128,0.0,0.00000001,BTC,826524.0833333334,0.0,1.966e-05,112
0.0000000003502774,[],27,[],2019-03-09 08:54:29,2000.0,3.502774e-18,1.3712064183620002e-22,6886053,2019-03-09 08:54:29,eth,1.24892491849924,0.0,0.00000001,"btc,eth",1288.641654,0.0,7.005548000000001e-15,112
1,[],4,[],2019-03-09 08:54:30,1267398.72573297,0.00000214,0.00000000008377308200000001,6886054,2019-03-09 08:54:30,btc,4.903823755437066,0.0,0.00000214,btc,327982.77288521,0.05643962,0.9430120523658041,113
1,[],5,[],2019-03-09 08:54:32,0.0,0,0,6886055,2019-03-09 08:54:32,btc,0.0,0.0,0,btc,0.0,0.0,0.0,113
0,[],27,[],2019-03-09 08:54:35,0.0,0,0,6886056,2019-03-09 08:54:35,,0.0,0.0,0,btc,0.0,0.0,0.0,116
1,[],17,[],2019-03-09 08:04:22,152738.278,0.00000004,0.000000000001562064,6885870,2019-03-09 08:04:22,btc,1.3368030274877856,0.0,0.00000004,btc,51896.221,0.0,0.0022095311199999998,116
1,[],4,[],2019-03-09 08:54:37,67023.12971657,0.00002450,0.0000000009590843500000001,6886057,2019-03-09 08:54:37,btc,30.826500671674946,0.0,0.00002450,btc,92299.65185258,0.11191571,0.9334642920852262,120
1,[],7,[],2019-03-09 08:54:38,20901.63165411,0.0000212500000000000015265566588595902430824935436248779296875,0.0000000008318588750000001,6886058,2019-03-09 08:54:38,btc,115648.89480684382,2.90290374,0.0000212500000000000015265566588595902430824935436248779296875,btc,36709.119221220004,7.388e-05,0.0527019347137541,120
1,[],20,[],2019-03-09 08:54:41,2948738.0123,0.000000044,0.0000000000017224372,6886059,2019-03-09 08:54:41,btc,33.6156850734428,57925.55,0.000000044,btc,1009208.7699,0.0019826225668,0.0388476303368,125
1,[],22,[],2019-03-09 08:54:44,3053.0,0.00000001,0.000000000000391463,6886060,2019-03-09 08:54:44,BTC,0.01444887,0.0,0.00000001,BTC,296263.5111111111,0.0,3.053e-05,126
0,[],17,[],2019-03-09 07:56:03,0.0,0,0,6885684,2019-03-09 07:56:03,btc,0.0009561751951600001,0.0,0,btc,35.42829368,0.0,0.0,131
0,[],2,[],2019-01-20 23:25:46,0.0,0,0,6476969,2019-01-20 23:25:46,,0.0,0.0,0,,0.0,0.0,0.0,131
1,[],4,[],2019-03-09 08:54:47,142666.97035034,0.00001304,0.000000000510467752,6886061,2019-03-09 08:54:47,btc,3.6011567873812065,0.0,0.00001304,btc,121982.00590626,0.15279782,0.6044572815238844,131
1,[],4,[],2019-03-09 08:54:48,4547.31031278,0.00016000,0.000000006263408000000001,6886062,2019-03-09 08:54:48,btc,1.6191364032982165,0.0,0.00016000,btc,239.25503526,0.0,0.0068161669214327,135
1,[],3,[],2019-03-07 00:20:44,877702.73244099,0.00000004,0.00000000000154846,6863392,2019-03-07 00:20:44,btc,0.119366241821405,0.0,0.00000004,btc,760637.99421222,0.0,0.023771231960604298,136
1,[],4,[],2019-03-09 08:54:50,203657.62238634,0.00000158,0.000000000061851154,6886063,2019-03-09 08:54:50,btc,38.67228220785047,0.0,0.00000158,btc,517343.21855932,0.08620976,0.0596635456894237,137
1,[],12,[],2019-03-09 08:54:51,199707.152,0.000001599999999999999927596978921418013896982301957905292510986328125,0.00000000006263408,6886064,2019-03-09 08:54:51,btc,5.059772378134735,0.0,0.000001599999999999999927596978921418013896982301957905292510986328125,btc,3772.14431749,0.0069976597352955,0.0044733331999999995,137
1,[],4,[],2019-03-09 08:54:52,14876.10310282,0.00003647,0.0000000014276655610000001,6886065,2019-03-09 08:54:52,btc,28.591404492950844,0.0,0.00003647,btc,48084.46603414,0.19997605,0.3818069429300027,142
1,[],5,[],2019-03-09 08:54:54,0.0,0,0,6886066,2019-03-09 08:54:54,btc,0.0,0.10792954,0,btc,0.0,0.0,0.0,142
1,[],17,[],2019-03-09 08:54:55,22967.386363640002,0.00000088,0.000000000034448744000000006,6886067,2019-03-09 08:54:55,btc,20.0699133484,0.0,0.00000088,btc,405.079105,0.0,0.0104613000000032,142
1,[],20,[],2019-03-09 08:54:57,135550.3788,0.00004001,0.0000000015662434630000001,6886068,2019-03-09 08:54:57,btc,0.3321796187412,308.2894,0.00004001,btc,2131.2459,0.013784091709,0.3066712156701,142
1,[],22,[],2019-03-09 08:55:01,1470.8988921568628,0.00004000,0.0000000015658520000000001,6886069,2019-03-09 08:55:01,BTC,3.00385504,0.0,0.00004000,BTC,891.218,0.0,0.0012358,142
0.0,[],25,[],2019-03-09 08:55:02,0.0,0,0,6886070,2019-03-09 08:55:02,,0.0,0.0,0.0,btc,0.0,0.0,0.0,142
1,[],28,[],2019-03-09 08:55:08,76201.664,0.00001500,0.0000000005871945,6886071,2019-03-09 08:55:08,btc,0.067100461059305,1587.0,0.00001500,btc,552.61077999,0.0,0.00546896,142
0,[],22,[],2019-03-09 08:55:11,0.0,0,0,6886072,2019-03-09 08:55:11,,62.13631169,0.0,0,,837691921.3,0.0,0.0,143
0,[],22,[],2019-02-25 15:42:22,0.0,0,0,6783783,2019-02-25 15:42:22,,4.2131946,0.0,0,,2322156.0,0.0,0.0,146
,[],22,[],2018-11-20 23:01:11,0.0,0,0,4862114,2018-11-20 23:01:11,,2.56807021,0.0,,,61828.4988236,0.0,0.0,147
1,[],12,[],2019-03-09 08:55:13,330678.7767839,0.000001959999999999999868954651816022050070387194864451885223388671875,0.000000000076726748,6886073,2019-03-09 08:55:13,btc,1.7120267086747016,0.0,0.000001959999999999999868954651816022050070387194864451885223388671875,btc,28058.32742472,0.0013273414637386,0.0280887799999789,148
1,[],4,[],2019-03-09 08:55:14,251092.1047889,0.00000029,0.000000000011352427,6886074,2019-03-09 08:55:14,btc,219.9990111782572,0.0,0.00000029,btc,840518.27277364,0.0,0.0596602236432636,152
0,[],22,[],2019-03-09 08:55:17,0.0,0,0,6886075,2019-03-09 08:55:17,,0.0,0.0,0,,0.0,0.0,0.0,152
1,[],5,[],2019-03-09 08:55:20,0.0,0,0,6886076,2019-03-09 08:55:20,btc,0.0,0.0,0,btc,0.0,0.0,0.0,153
,[],16,[],2019-01-11 15:38:59,0.0,0,0,6366141,2019-01-11 15:38:59,btc,0.0,0.0,,btc,0.0,0.0,0.0,155
0,[],23,[],2019-01-20 23:24:29,0.0,0,0,6476932,2019-01-20 23:24:29,,0.0,0.0,0,,0.0,0.0,0.0,156
0,[],22,[],2019-03-09 08:55:40,0.0,0,0,6886077,2019-03-09 08:55:40,,6.7463881,0.0,0,,4674397.242592593,0.0,0.0,156
1,[],22,[],2019-03-09 08:55:44,7073.8,0.00005300,0.0000000020747539,6886078,2019-03-09 08:55:44,BTC,1.80343699,0.0,0.00005300,BTC,899.6422341958436,0.0,0.00104336,157
0,[],22,[],2019-03-09 08:55:47,0.0,0,0,6886079,2019-03-09 08:55:47,,50175.67608608,0.0,0,,54079135.04179466,0.0,0.0,158
,[],17,[],2018-11-20 22:56:10,0.0,0,0,4861976,2018-11-20 22:56:10,btc,1.1265625,0.0,,btc,1000.0,0.0,0.0,159
,[],20,[],2018-11-20 22:56:12,0.0,0,0,4861977,2018-11-20 22:56:12,btc,11912.7940471,0.0,,btc,34413894.3617,0.0,0.0,159
1,[],12,[],2019-03-09 08:55:49,218635.42063043,0.0000067900000000000002115473594910266541546661756001412868499755859375,0.00000000026580337700000003,6886080,2019-03-09 08:55:49,btc,0.7744502182359985,0.0,0.0000067900000000000002115473594910266541546661756001412868499755859375,btc,8093.9175441,0.0011163309,0.09413641444925509,168
1,[],17,[],2019-03-09 08:55:50,29784.95,0.000001,0.0000000000391463,6886081,2019-03-09 08:55:50,btc,0.03026736251542,0.0,0.000001,btc,144.46171372,0.0,0.00716147,168
0,[],22,[],2019-03-07 13:06:36,0.0,0,0,6867364,2019-03-07 13:06:36,,1.1339604,0.0,0,,520283.17470714403,0.0,0.0,169
1,[],22,[],2019-03-09 08:55:55,314467.6666666667,0.00000007,0.0000000000027402410000000002,6886082,2019-03-09 08:55:55,BTC,14.35051537,0.0,0.00000007,BTC,156321.50757046542,3.718e-05,0.00822229,171
1,[],22,[],2019-03-09 08:55:59,927527.1083333333,0.00000011,0.000000000004306093,6886083,2019-03-09 08:55:59,BTC,2.20888987,0.0,0.00000011,"BTC,LTC",275350.59750826145,0.0,0.03105863,173
1,[],5,[],2019-03-05 01:59:40,0.0,0,0,6845846,2019-03-05 01:59:40,btc,0.0,0.00384852,0,btc,0.0,0.0,0.0,175
1,[],22,[],2019-03-09 08:56:04,35500.0,0.00000012,0.000000000004697556,6886084,2019-03-09 08:56:04,BTC,0.54559973,0.0,0.00000012,BTC,137776.41444619838,0.00021,0.00206,176
1,[],7,[],2019-03-09 08:56:05,0.0,0,0,6886085,2019-03-09 08:56:05,btc,410914.8908230077,3347.65234765,0,btc,116641456.03800051,3.348e-05,0.0,178
0,[],22,[],2019-03-09 08:56:08,0.0,0,0,6886086,2019-03-09 08:56:08,,1.00242438,0.0,0,,57522.0,0.0,0.0,178
0,[],2,[],2019-01-20 23:28:34,0.0,0,0,6477001,2019-01-20 23:28:34,,0.0,0.0,0,,0.0,0.0,0.0,178
0,[],23,[],2019-01-20 23:25:08,0.0,0,0,6476952,2019-01-20 23:25:08,,0.0,0.0,0,,0.0,0.0,0.0,179
1,[],5,[],2019-03-09 08:56:10,0.0,0,0,6886087,2019-03-09 08:56:10,btc,0.0,0.08703567,0,btc,0.0,0.0,0.0,179
1,[],22,[],2019-03-09 08:56:15,6875818.5,0.00000002,0.000000000000782926,6886088,2019-03-09 08:56:15,BTC,5.65174896,0.0,0.00000002,"BTC,LTC",17774331.756535422,0.04554511,0.37245709,179
1,[],17,[],2019-03-09 08:56:27,10504.725,0.0000001,0.00000000000391463,6886089,2019-03-09 08:56:27,btc,5.2010695838170005,0.0,0.0000001,btc,4994.45945,0.0,0.0010504725,180
1,[],22,[],2019-03-09 08:56:32,658016.7090909091,0.0000009,0.00000000003523167,6886090,2019-03-09 08:56:32,BTC,0.25403815,0.0,0.0000009,"BTC,LTC",89404.95475376882,0.00068725,0.56235298,180
1,[],26,[],2019-03-09 08:56:33,0.0,0.00000125,0.000000000048932875000000005,6886091,2019-03-09 08:56:33,btc,0.0,100.0,0.00000125,btc,0.0,0.0,0.0,180
,[],7,[],2018-11-20 22:58:01,562227.975654,0.00000085,0.000000000036176765,4862015,2018-11-20 22:58:01,btc,21836.6059674,2491.87645172,,btc,749999.041456,0.00211021,0.127565380455,183
,[],5,[],2019-01-10 08:11:41,0.0,0,0,6347036,2019-01-10 08:11:41,btc,82.15055501,0.00261,,btc,1.19002445,0.0,0.0,187
,[],17,[],2018-11-16 20:58:10,4062536.27273,0.00000001,0.000000000000550501,4708775,2018-11-16 20:58:10,btc,3.36492563466,0.195460381006,,"btc,eth",110697919.549,0.0,0.0157628953496,187
1,[],24,[],2019-03-09 08:56:33,0.0,0.000000000001,3.91463e-17,6886092,2019-03-09 08:56:33,btc,0.0,0.0,0.000000000001,btc,0.0,0.0,0.0,187
0,[],22,[],2019-03-09 08:56:37,0.0,0,0,6886093,2019-03-09 08:56:37,,7.54802454,0.0,0,,79361.7243344055,0.0,0.0,191
0,[],22,[],2019-03-09 08:56:43,0.0,0,0,6886094,2019-03-09 08:56:43,,0.0,0.0,0,,0.0,0.0,0.0,197
0,[],23,[],2019-01-20 23:31:41,0.0,0,0,6477079,2019-01-20 23:31:41,,0.0,0.0,0,,0.0,0.0,0.0,199
0,[],22,[],2019-03-09 08:56:47,0.0,0,0,6886095,2019-03-09 08:56:47,,5.19077022,0.0,0,,21057953.0,0.0,0.0,199
1,[],26,[],2019-03-09 08:56:47,0.0,0.00000000,0,6886096,2019-03-09 08:56:47,btc,0.0,127159.0,0.00000000,btc,0.0,0.0,0.0,199
0,[],17,[],2019-01-30 16:32:01,0.0,0,0,6540827,2019-01-30 16:32:01,btc,6.802544163788159,0.0,0,btc,105897.55575295,0.0,0.0,200
0,[],2,[],2019-01-20 23:30:49,0.0,0,0,6477059,2019-01-20 23:30:49,,0.0,0.0,0,,0.0,0.0,0.0,201
1,[],4,[],2019-01-25 15:51:35,2084389.58565343,0.00000936,0.000000000333526752,6499557,2019-01-25 15:51:35,btc,2.0092503037378524,0.0,0.00000936,btc,160195.80207885,0.19272417,1.242687955921835,211
1,[],7,[],2019-03-09 08:56:52,1964797.95530202,0.000001080000000000000035831255497387193287295303889550268650054931640625,0.000000000042278004000000006,6886097,2019-03-09 08:56:52,btc,15476652.698020147,957262.450099,0.000001080000000000000035831255497387193287295303889550268650054931640625,btc,12624805.84336377,1.06194002,1.3009269024179095,212
1,[],12,[],2019-01-25 02:44:32,207462.42853209,0.000001080000000000000035831255497387193287295303889550268650054931640625,0.000000000038610756000000006,6493050,2019-01-25 02:44:32,btc,85023.03793723314,0.0,0.000001080000000000000035831255497387193287295303889550268650054931640625,btc,43675.73520027,0.000146250909087,0.0348620860622024,213
1,[],5,[],2019-03-09 08:56:53,0.0,0,0,6886098,2019-03-09 08:56:53,btc,0.0,0.09779993,0,btc,0.0,0.0,0.0,213
1,[],24,[],2019-03-09 08:56:53,0.0,0.000000120000,0.000000000004697556,6886099,2019-03-09 08:56:53,btc,0.0,0.0,0.000000120000,btc,0.0,0.0,0.0,213
1,[],26,[],2019-03-09 08:56:53,0.0,0.00000010,0.00000000000391463,6886100,2019-03-09 08:56:53,btc,0.0,0.0,0.00000010,btc,0.0,0.0,0.0,213
1,[],22,[],2019-03-09 08:56:58,72085.0,0.00000002,0.000000000000782926,6886101,2019-03-09 08:56:58,BTC,2.28062382,0.0,0.00000002,BTC,675757.3963726171,0.00052,0.00115085,216
1,[],27,[],2019-03-09 08:57:01,1298602.0,0.00000003,0.000000000001174389,6886102,2019-03-09 08:57:01,btc,317.9840374547724,0.0,0.00000003,"btc,ltc",240563.990324,0.0,0.03377204000026785,216
1,[],22,[],2019-03-09 08:57:07,166207.52409638555,0.00000172,0.000000000067331636,6886103,2019-03-09 08:57:07,BTC,12673.55565481,0.0,0.00000172,BTC,423981.7887669695,0.05170083,0.18151527,217
1,[],7,[],2019-03-09 08:57:09,0.0,0,0,6886104,2019-03-09 08:57:09,btc,77969.38823110008,1000.0,0,btc,135865036.11822966,1e-05,0.0,219
0,[],27,[],2019-03-09 08:57:11,0.0,0,0,6886105,2019-03-09 08:57:11,,0.04027288,0.0,0,btc,2037233.0,0.0,0.0,219
0.0000000000000051,[],28,[],2019-03-09 08:57:18,168978802.075,7.65e-18,2.9946919500000003e-22,6886106,2019-03-09 08:57:18,doge,84451.8501148375,19292.0,0.00150000,"btc,doge",3563815.34751,0.0,1.6718492800664656e-11,219
1,[],22,[],2019-03-09 08:57:21,536035.5,0.00000006,0.000000000002348778,6886107,2019-03-09 08:57:21,BTC,2.76264714,0.0,0.00000006,BTC,89545.24541875876,0.00034515,0.02515133,221
1,[],24,[],2019-03-09 08:57:22,0.0,0.000000200000,0.00000000000782926,6886108,2019-03-09 08:57:22,btc,0.0,0.0,0.000000200000,btc,0.0,0.0,0.0,221
1,[],20,[],2019-03-09 08:57:24,39105329.5253,0.000000001,0.0000000000000391463,6886109,2019-03-09 08:57:24,btc,48.4407362759203,172770.0,0.000000001,btc,15649766.8029,0.00034554,0.0391053295253,224
0,[],22,[],2019-03-09 08:57:27,0.0,0,0,6886110,2019-03-09 08:57:27,,0.0,0.0,0,,0.0,0.0,0.0,224
1,[],26,[],2019-03-09 08:57:28,0.0,0.00000035,0.000000000013701205000000001,6886111,2019-03-09 08:57:28,btc,0.0,0.0,0.00000035,btc,0.0,0.0,0.0,231
1,[],26,[],2019-03-09 08:57:28,0.0,0.00000005,0.000000000001957315,6886112,2019-03-09 08:57:28,btc,0.0,200.0,0.00000005,btc,0.0,0.0,0.0,234
0.0000000003502774,[],27,[],2019-03-09 08:57:30,2000.0,3.502774e-18,1.3712064183620002e-22,6886113,2019-03-09 08:57:30,eth,0.01134836604,0.0,0.00000001,"btc,eth",11462.996,0.0,7.005548000000001e-15,234
1,[],4,[],2019-03-09 08:57:31,815116.10258146,0.00000077,0.000000000030142651000000004,6886114,2019-03-09 08:57:31,btc,4.339104726124578,0.0,0.00000077,btc,1219311.33518926,0.01123884,0.2250326984041354,236
1,[],24,[],2019-03-09 08:57:32,0.0,0.000000300000,0.000000000011743890000000001,6886115,2019-03-09 08:57:32,btc,0.0,0.0,0.000000300000,btc,0.0,0.0,0.0,236
1,[],20,[],2019-03-09 08:57:34,199973399.8769,0.000000056,0.0000000000021921928,6886116,2019-03-09 08:57:34,btc,13.825833966329,18036008.6668,0.000000056,btc,40101951.2334,1.0294366891688,0.3708374875889,237
0.0000000001488078,[],22,[],2019-03-09 08:57:38,751594.9,2.5297326e-17,9.902967127938e-22,6886117,2019-03-09 08:57:38,LTC,0.0405823,0.0,0.00000017,LTC,3164.0,0.0,0.12541949,237
1,[],4,[],2019-03-09 08:57:40,9847626.96989882,0.00000039,0.000000000015267057,6886118,2019-03-09 08:57:40,btc,9.142769344490686,0.0,0.00000039,btc,10646349.0225939,0.48439341,2.611596071925784,238
1,[],5,[],2019-03-09 08:57:41,0.0,0,0,6886119,2019-03-09 08:57:41,btc,0.0,0.08901833,0,btc,0.0,0.0,0.0,238
0,[],22,[],2019-03-09 08:57:44,0.0,0,0,6886120,2019-03-09 08:57:44,,0.40360177,0.0,0,,471585.5639027493,0.0,0.0,249
0.0000000001488078,[],22,[],2019-03-09 08:57:48,49087200.666666664,5.952312e-18,2.3301099124560003e-22,6886121,2019-03-09 08:57:48,LTC,0.82227478,0.0,0.00000004,LTC,16334368.053636363,0.0,1.18162413,252
1,[],28,[],2019-03-09 08:57:55,2806323.713,0.00000038,0.000000000014875594,6886122,2019-03-09 08:57:55,btc,164734.29666833178,47879.5,0.00000038,btc,3012240.3027,0.0,0.57997390182,256
1,[],22,[],2019-03-09 08:57:58,1370958.8333333333,0.00000005,0.000000000001957315,6886123,2019-03-09 08:57:58,BTC,31.45964356,0.0,0.00000005,BTC,708716.3568978057,0.00095134,0.02041577,258
1,[],22,[],2019-03-09 08:58:03,48751.0,0.00000001,0.000000000000391463,6886124,2019-03-09 08:58:03,BTC,2.4175745,0.0,0.00000001,BTC,1762.0,0.0,0.00048751,259
1,[],5,[],2019-03-09 08:58:05,0.0,0,0,6886125,2019-03-09 08:58:05,btc,0.0,0.10005985,0,btc,0.0,0.0,0.0,264
1,[],20,[],2019-03-09 08:58:06,1251270.7003,0.00000191,0.000000000074769433,6886126,2019-03-09 08:58:06,btc,7.4607672661676,67624.2333,0.00000191,btc,102141.3361,0.1293359189158,0.018244052313,264
0,[],22,[],2019-03-09 08:58:10,0.0,0,0,6886127,2019-03-09 08:58:10,,8.45833143,0.0,0,,464287.34411321935,0.0,0.0,271
0,[],22,[],2019-03-09 08:58:13,0.0,0,0,6886128,2019-03-09 08:58:13,,266.24197304,0.0,0,,13936792767.692,0.0,0.0,272
0.0000000000000051,[],28,[],2019-03-09 08:58:18,252160763312.905,4.896e-21,1.916602848e-25,6886129,2019-03-09 08:58:18,doge,37039105.80082371,27375387500.7467,0.00000096,doge,225753295527.8329,0.0,7.594339014787216e-10,272
1,[],22,[],2019-03-09 08:58:23,166601.74,0.00000125,0.000000000048932875000000005,6886130,2019-03-09 08:58:23,BTC,177.95011741,0.0,0.00000125,"BTC,LTC",31328.461119091924,0.0618471,0.07308192,281
1,[],22,[],2019-03-09 08:58:28,227110.32081447964,0.00000021,0.000000000008220723,6886131,2019-03-09 08:58:28,BTC,1.49440218,0.0,0.00000021,BTC,96947.82918995057,0.01335382,0.03523347,286
0,[],22,[],2019-03-09 08:58:32,0.0,0,0,6886132,2019-03-09 08:58:32,,43638.82491513,0.0,0,,700126356.0,0.0,0.0,294
