pairValue,buyBook,exchangeId,sellBook,updated,buyTotal,satoshiPrice,usdPrice,exchangeLogId,created,bestPair,sellTotalBtc,volume,pairPrice,activePairs,sellTotal,volumeBtc,buyTotalBtc,coinId
1,[],3,[],2019-03-11 09:27:13,30524.19187376815,0.012535839999999999483382140397225157357752323150634765625,0.000000487477449328,6900644,2019-03-11 09:27:13,btc,61.09832311803055,0.0,0.012535839999999999483382140397225157357752323150634765625,btc,24.151416438905002,0.0,0.047641429382777316,1
1,[],4,[],2019-03-11 09:27:14,207746.92582133,0.01270500,0.0000004940555235,6900645,2019-03-11 09:27:14,btc,10.453330570169003,0.0,0.01270500,btc,364.0092661,0.60847911,1.0449916498946643,1
1,[],5,[],2019-03-11 09:27:17,0.0,0,0,6900646,2019-03-11 09:27:17,btc,0.0,0.04181647,0,btc,0.0,0.0,0.0,1
1,[],10,[],2019-03-11 09:27:18,413935.46484993,0.01053491,0.000000409667884697,6900647,2019-03-11 09:27:18,btc,6521.971112355865,903.39263143,0.01053491,btc,1079.07980442,0.0,5.155097627871423,1
1,[],12,[],2019-03-11 09:27:21,100.29524653,0.0125000000000000006938893903907228377647697925567626953125,0.00000048608375,6900648,2019-03-11 09:27:21,btc,0.2694415265444,0.0,0.0125000000000000006938893903907228377647697925567626953125,btc,20.17994452,0.2776752149272,0.2695245956505,1
1,[],20,[],2019-03-11 09:27:23,1152.4727,0.010500223,0.0000004083190217341,6900649,2019-03-11 09:27:23,btc,0.0554564822783,0.0,0.010500223,btc,2.4799,0.0,0.096008862437,1
1,[],21,[],2019-03-11 09:27:24,1983.26303374,0.01256263999999999991796784116,0.000000488519612888,6900650,2019-03-11 09:27:24,btc,26.397944703708134,1898.40966761,0.01256263999999999991796784115649643354117870330810546875,"btc,eth",2815.01432805,23.830012861042146,18.017950106834043,1
1,[],22,[],2019-03-11 09:27:36,0.0059712,0.01250000,0.00000048608375,6900651,2019-03-11 09:27:36,BTC,0.31439419,0.0,0.01250000,BTC,0.12751438772928525,0.0,7.464e-05,1
1,[],24,[],2019-03-11 09:27:37,0.0,0.000000000000,0,6900652,2019-03-11 09:27:37,btc,0.0,0.0,0.000000000000,btc,0.0,0.0,0.0,1
0.0,[],25,[],2019-03-11 09:27:38,0.0,0,0,6900653,2019-03-11 09:27:38,btc,15.213499998822918,748.66992715,0.0,btc,1180.86419762,9.4282,0.0,1
1,[],26,[],2019-03-11 09:27:47,0.0,0,0,6900654,2019-03-11 09:27:47,,0.0,0.0,0,,0.0,0.0,0.0,1
1,[],28,[],2019-03-11 09:27:54,992.9,0.01231000,0.000000478695277,6900655,2019-03-11 09:27:54,btc,0.147901439075,17425.7049,0.01231000,btc,7.9421,0.0,0.086101096,1
0,[],2,[],2019-01-20 23:28:45,0.0,0,0,6477011,2019-01-20 23:28:45,,0.0,0.0,0,,0.0,0.0,0.0,1
1,[],5,[],2019-03-11 09:27:55,0.0,0,0,6900656,2019-03-11 09:27:55,btc,0.0,0.01586645,0,btc,0.0,0.0,0.0,2
0,[],22,[],2019-03-11 09:27:58,0.0,0,0,6900657,2019-03-11 09:27:58,,0.0,0.0,0,,0.0,0.0,0.0,2
1,[],5,[],2019-03-11 09:28:00,0.0,0,0,6900658,2019-03-11 09:28:00,btc,0.0,0.02190609,0,btc,0.0,0.0,0.0,3
1,[],12,[],2019-03-11 09:28:00,1906437.0213,0.000000177,0.000000000006882945900000001,6900659,2019-03-11 09:28:00,btc,22810.312244391196,0.0,0.000000177,btc,1040381.1968032001,0.03550252364147492,0.2760209749062,3
0,[],28,[],2019-03-11 09:28:07,0.0,0,0,6900660,2019-03-11 09:28:07,,0.0,0.0,0,,0.0,0.0,0.0,3
0,[],2,[],2019-01-20 23:31:32,0.0,0,0,6477077,2019-01-20 23:31:32,,0.0,0.0,0,,0.0,0.0,0.0,4
1,[],4,[],2019-03-09 19:03:36,394362.28616607,0.00000032,0.000000000012569280000000001,6889097,2019-03-09 19:03:36,btc,32.15548375957025,0.0,0.00000032,btc,707361.31512647,0.00109114,0.0476374485302292,4
1,[],12,[],2019-03-11 09:28:08,445990.0,0.00000002,0.000000000000777734,6900661,2019-03-11 09:28:08,btc,1111742.15237967,0.0,0.00000002,btc,704819.0,0.00032634,0.00637954,5
0,[],2,[],2019-01-20 23:31:51,0.0,0,0,6477087,2019-01-20 23:31:51,,0.0,0.0,0,,0.0,0.0,0.0,6
1,[],11,[],2019-03-11 08:28:34,4682639.79472,0.00000002,0.0000000000007781040000000001,6900463,2019-03-11 08:28:34,btc,9568.121756241884,132928.0,0.00000002,btc,42518901.853213936,0.0,0.0605917392522,6
1,[],3,[],2019-03-11 09:30:09,1102.988511372928,0.0001547399999999999990751842204872446018271148204803466796875,0.000000006017327958,6900662,2019-03-11 09:30:09,btc,29.634085403952064,0.0,0.0001547399999999999990751842204872446018271148204803466796875,btc,239.122414578101,0.0,0.03669930951656378,7
1,[],4,[],2019-03-11 09:30:10,98376.67613469,0.00024200,0.0000000094105814,6900663,2019-03-11 09:30:10,btc,10.097456007831337,0.0,0.00024200,btc,34036.81956315,5.48383859,6.622666884765547,7
1,[],5,[],2019-03-11 09:30:12,0.0,0,0,6900664,2019-03-11 09:30:12,btc,0.0,0.91345208,0,btc,0.0,0.0,0.0,7
1,[],20,[],2019-02-20 02:16:17,39399275.8418,0.000000001,0.0000000000000390183,6728586,2019-02-20 02:16:17,btc,116.9737569154545,525.0,0.000000001,btc,56932965.8895,5.25e-07,0.0393992758418,8
0,[],2,[],2019-01-20 23:22:42,0.0,0,0,6476876,2019-01-20 23:22:42,,0.0,0.0,0,,0.0,0.0,0.0,9
0,[],23,[],2019-01-20 23:22:48,0.0,0,0,6476878,2019-01-20 23:22:48,,0.0,0.0,0,,0.0,0.0,0.0,9
1,[],4,[],2019-03-11 09:30:18,1078622.82359944,0.00000144,0.000000000055996848000000003,6900665,2019-03-11 09:30:18,btc,4.94308156557173,0.0,0.00000144,btc,2686172.85451658,1.01931233,0.7325155290797515,9
1,[],28,[],2019-03-11 09:30:29,37353.0,0.00000165,0.000000000064163055,6900666,2019-03-11 09:30:29,btc,2708.782203270583,3525234.6,0.00000165,btc,24261.1497,0.0,0.0328195,9
1,[],1,[],2019-02-17 23:31:42,1822507.21,0.00000181000000000000003456111265232042484285557293333113193511962890625,0.000000000066086901,6701244,2019-02-17 23:31:42,btc,3.6990969245,17153386.5,0.00000181000000000000003456111265232042484285557293333113193511962890625,btc,1997391.71,31.11772986,3.2610482446,9
1,[],4,[],2019-02-17 11:22:43,4341674.27126056,0.00000002,0.0000000000007272960000000001,6696112,2019-02-17 11:22:43,btc,0.1997230937751353,0.0,0.00000002,btc,4109766.79808031,0.00215132,0.0479381022052112,10
0,[],2,[],2019-01-20 23:23:08,0.0,0,0,6476890,2019-01-20 23:23:08,,0.0,0.0,0,,0.0,0.0,0.0,12
1,[],4,[],2019-03-11 09:30:31,5611736.21789385,0.00000120,0.00000000004666404,6900667,2019-03-11 09:30:31,btc,7.34857478457407,0.0,0.00000120,btc,4303120.23613274,1.16133492,3.0870108054507983,12
1,[],5,[],2019-03-11 09:30:32,0.0,0,0,6900668,2019-03-11 09:30:32,btc,0.0,0.25081109,0,btc,0.0,0.0,0.0,12
0.0,[],25,[],2019-03-11 09:30:34,0.0,0,0,6900669,2019-03-11 09:30:34,,0.0,0.0,0.0,btc,0.0,0.0,0.0,12
1,[],4,[],2019-03-11 09:30:36,32037991.91437582,0.00000583,0.000000000226709461,6900670,2019-03-11 09:30:36,btc,2.4251968561955617,0.0,0.00000583,btc,329184.83747683,0.64079127,1.3252476820648895,13
1,[],10,[],2019-03-11 09:30:38,413041.54334652,0.0000057,0.00000000022165419,6900671,2019-03-11 09:30:38,btc,666801.3087492196,13077.5990593,0.0000057,btc,714930.6041776,0.0,0.2120761723243829,13
1,[],21,[],2019-03-11 09:30:40,798347.63189293,0.000005779999999999999717268262672,0.000000000224765126,6900672,2019-03-11 09:30:40,btc,4.822200118560615,744886.57343611,0.0000057799999999999997172682626722650667261405033059418201446533203125,btc,737612.41349879,4.48083909,4.307835117983767,13
1,[],4,[],2019-03-11 09:30:42,733497.38918613,0.00000131,0.000000000050941577,6900673,2019-03-11 09:30:42,btc,6.072343331633243,0.0,0.00000131,btc,865654.40415746,0.00981474,0.1519158719152451,14
1,[],12,[],2019-03-11 09:30:43,269832.0,0.000001300000000000000047051663780439678674838432925753295421600341796875,0.00000000005055271,6900674,2019-03-11 09:30:43,btc,0.0534866327807933,0.0,0.000001300000000000000047051663780439678674838432925753295421600341796875,btc,8845.68766125,6e-06,0.03003009,14
0,[],17,[],2019-03-11 09:30:45,0.0,0,0,6900675,2019-03-11 09:30:45,btc,0.0,0.0,0,btc,0.0,0.0,0.0,14
1,[],26,[],2019-03-11 09:30:45,0.0,0.00000050,0.00000000001944335,6900676,2019-03-11 09:30:45,btc,0.0,0.0,0.00000050,btc,0.0,0.0,0.0,14
,[],12,[],2018-12-01 15:15:48,204241.84496,0.00000489,0.000000000202473384,5260204,2018-12-01 15:15:48,btc,49.5475654835,0.0,,btc,35763.2193806,0.0163153972027625,0.0203389899998,15
0,[],4,[],2019-03-11 09:30:46,0.0,0,0,6900677,2019-03-11 09:30:46,,0.0,0.0,0,,0.0,0.0,0.0,15
0,[],2,[],2019-01-20 23:23:38,0.0,0,0,6476906,2019-01-20 23:23:38,,0.0,0.0,0,,0.0,0.0,0.0,18
1,[],4,[],2019-03-11 09:30:50,38048.87323595,0.00001719,0.000000000668462373,6900678,2019-03-11 09:30:50,btc,4.172655029931147,0.0,0.00001719,btc,17712.66225673,0.04901511,0.1719316545239479,18
1,[],10,[],2019-03-11 09:30:52,791999.6460353,0.00001712,0.000000000665740304,6900679,2019-03-11 09:30:52,btc,15.403621461475428,1780.96420309,0.00001712,btc,13120.34629746,0.0,0.266411753430232,18
1,[],12,[],2019-03-11 09:30:53,367608.56431908,0.00001705999999999999929153025879369209860669798217713832855224609375,0.000000000663407102,6900680,2019-03-11 09:30:53,btc,33214.72574904139,0.0,0.00001705999999999999929153025879369209860669798217713832855224609375,btc,746.05523379,0.0140820680785052,0.0448818830015418,18
0,[],17,[],2019-03-11 09:30:54,0.0,0,0,6900681,2019-03-11 09:30:54,btc,0.0,0.0,0,btc,0.0,0.0,0.0,18
0,[],2,[],2019-01-20 23:24:19,0.0,0,0,6476924,2019-01-20 23:24:19,,0.0,0.0,0,,0.0,0.0,0.0,19
1,[],3,[],2019-03-11 09:30:55,117293.87306386579,0.00001821000000000000013946309385115540635524666868150234222412109375,0.000000000708126807,6900682,2019-03-11 09:30:55,btc,0.6681943584863845,0.0,0.00001821000000000000013946309385115540635524666868150234222412109375,btc,14584.167402274084,0.0,0.016057644098677576,19
1,[],4,[],2019-03-11 09:30:56,221662.17581753,0.00001936,0.000000000752846512,6900683,2019-03-11 09:30:56,btc,2.998132834324522,0.0,0.00001936,btc,92850.5616057,0.94648488,2.203264873219184,19
1,[],5,[],2019-03-11 09:30:57,0.0,0,0,6900684,2019-03-11 09:30:57,btc,0.0,0.0,0,btc,0.0,0.0,0.0,19
1,[],12,[],2019-03-11 09:30:59,231947.86283216,0.0000168400000000000013978922186463904608899611048400402069091796875,0.0000000006548520280000001,6900685,2019-03-11 09:30:59,btc,0.1902658408085049,0.0,0.0000168400000000000013978922186463904608899611048400402069091796875,btc,363.56600524,8.47152848e-05,0.0316947599998836,19
0,[],27,[],2019-03-11 09:31:01,0.0,0,0,6900686,2019-03-11 09:31:01,,0.0,0.0,0,btc,0.0,0.0,0.0,19
1,[],4,[],2019-03-11 09:31:03,2768467.64876678,0.00000012,0.000000000004666404,6900687,2019-03-11 09:31:03,btc,7.383042289760813,0.0,0.00000012,btc,2876583.25385408,0.00047882,0.0765887845231289,20
1,[],4,[],2019-03-11 09:31:04,103616191.22647026,0.00000002,0.000000000000777734,6900688,2019-03-11 09:31:04,btc,1863.635910482631,0.0,0.00000002,btc,54105421.3328267,0.00399204,1.1590642676500456,21
1,[],12,[],2019-03-11 09:31:05,1409508.0,0.00000001,0.000000000000388867,6900689,2019-03-11 09:31:05,btc,1247.52230269002,0.0,0.00000001,btc,2699011.000999,0.0004999795204796,0.014095080000000001,21
0,[],17,[],2019-03-11 09:31:12,0.0,0,0,6900690,2019-03-11 09:31:12,btc,0.0,0.0,0,btc,0.0,0.0,0.0,21
1,[],12,[],2019-03-11 09:31:13,2437592431.0,0.0000000001,0.00000000000000388867,6900691,2019-03-11 09:31:13,btc,1933667.324552451,0.0,0.0000000001,btc,1677361056.8045843,0.001999204247452552,0.24375924310000002,23
0,[],27,[],2019-03-11 09:31:15,0.0,0,0,6900692,2019-03-11 09:31:15,,13.821146136593411,0.0,0,eth,4599354.35514486,0.0,0.0,23
1,[],4,[],2019-03-11 09:31:16,574379.03393039,0.00000044,0.000000000017110148,6900693,2019-03-11 09:31:16,btc,9.63914039613272,0.0,0.00000044,btc,1623725.61204122,0.00829678,0.1497453084168174,24
1,[],22,[],2019-03-11 09:31:19,11.76,0.00000100,0.0000000000388867,6900694,2019-03-11 09:31:19,BTC,7.415e-05,0.0,0.00000100,BTC,23.919354838709676,0.0,1.176e-05,24
0.0,[],25,[],2019-03-11 09:31:21,0.0,0,0,6900695,2019-03-11 09:31:21,,0.0,0.0,0.0,btc,0.0,0.0,0.0,24
0,[],2,[],2019-01-20 23:25:56,0.0,0,0,6476976,2019-01-20 23:25:56,,0.0,0.0,0,,0.0,0.0,0.0,26
1,[],4,[],2019-03-11 09:31:22,26572097.07034653,0.00000615,0.000000000239153205,6900696,2019-03-11 09:31:22,btc,134.6874877965566,0.0,0.00000615,btc,256425.6501755,0.18186991,0.4060131528660344,26
1,[],10,[],2019-03-11 09:31:23,686282.06895167,0.00000601,0.000000000233709067,6900697,2019-03-11 09:31:23,btc,26.127605083699738,4476.18999137,0.00000601,btc,14082.23878667,0.0,0.21475994437872,26
1,[],3,[],2019-03-11 09:31:24,8416712.19501412,0.00000001,0.000000000000388867,6900698,2019-03-11 09:31:24,btc,2.3360223320598656,813573.89088,0.00000001,btc,18140380.21010336,0.0,0.0841671219501412,27
1,[],5,[],2019-03-11 09:31:26,0.0,0,0,6900699,2019-03-11 09:31:26,btc,0.0,0.00013641,0,btc,0.0,0.0,0.0,27
1,[],11,[],2019-03-11 09:31:28,9461840.38103613,0.00000005,0.000000000001944335,6900700,2019-03-11 09:31:28,btc,67506.32843704063,170.63047893,0.00000005,btc,7972152.75036371,0.0,0.44099231334143857,27
1,[],7,[],2019-03-11 08:29:46,35581800.51580551,0.00000001,0.00000000000038905200000000004,6900502,2019-03-11 08:29:46,btc,44461616.56203213,116758.954964,0.00000001,btc,46661429.28416243,0.00233518,0.3558180051580551,29
1,[],4,[],2019-03-11 09:31:29,2227587509.8325896,0.00000001,0.000000000000388867,6900701,2019-03-11 09:31:29,btc,2.6575423480312943,0.0,0.00000001,"btc,ltc",203057610.02010673,0.49494182,10.593443563363264,29
1,[],4,[],2019-03-11 09:31:31,2405627.01241771,0.00000023,0.000000000008943941,6900702,2019-03-11 09:31:31,btc,2.6675452992146207,0.0,0.00000023,btc,2008780.56210775,0.00467628,0.1153822918868499,30
0,[],17,[],2019-03-11 09:31:32,0.0,0,0,6900703,2019-03-11 09:31:32,btc,0.0,0.0,0,btc,0.0,0.0,0.0,30
1,[],4,[],2019-03-11 09:31:33,190743.98772241,0.00005689,0.000000002212264363,6900704,2019-03-11 09:31:33,btc,10.198454467277612,0.0,0.00005689,btc,123973.34075477,1.2152918,2.3386322846201493,31
1,[],21,[],2019-03-11 09:31:34,74396.62642932001,0.00005666000000000000300526964425,0.0000000022033204220000003,6900705,2019-03-11 09:31:34,btc,5.27601853682138,199325.19701116,0.000056660000000000003005269644251740146501106210052967071533203125,btc,82086.32163043,11.56583752,3.9154084149721586,31
0,[],2,[],2019-01-20 23:28:43,0.0,0,0,6477009,2019-01-20 23:28:43,,0.0,0.0,0,,0.0,0.0,0.0,32
1,[],4,[],2019-03-11 09:31:36,417644281.6173283,0.00000004,0.000000000001555468,6900706,2019-03-11 09:31:36,btc,9.201211352712635,0.0,0.00000004,"btc,ltc",179516550.51357123,0.26460397,9.958387308759864,33
1,[],12,[],2019-03-11 09:31:37,26249627.961,0.00000004,0.000000000001555468,6900707,2019-03-11 09:31:37,btc,2222943.1756735407,0.0,0.00000004,btc,16017420.812187761,0.005726827292707,0.6166017588,33
1,[],4,[],2019-03-11 09:31:38,112026183.21442524,0.00000001,0.000000000000388867,6900708,2019-03-11 09:31:38,btc,3.4273672287971153,0.0,0.00000001,btc,97277288.96861184,0.04650236,1.1202618321442523,34
1,[],5,[],2019-03-11 09:31:39,0.0,0,0,6900709,2019-03-11 09:31:39,btc,0.0,0.05057416,0,btc,0.0,0.0,0.0,34
0.00000000014178359999999998,[],4,[],2019-03-11 09:31:41,3506140144.0370126,1.417836e-18,5.51349631812e-23,6900710,2019-03-11 09:31:41,ltc,4.3580116448867615e-08,0.0,0.00000001,ltc,5982368747.775504,0.0,4.9711317172608615e-09,36
1,[],5,[],2019-03-11 09:31:43,0.0,0,0,6900711,2019-03-11 09:31:43,btc,0.0,1e-06,0,btc,0.0,0.0,0.0,36
0,[],17,[],2019-03-11 09:31:45,0.0,0,0,6900712,2019-03-11 09:31:45,btc,0.07464582805416413,0.0,0,btc,4105386.20243647,0.0,0.0,36
0.0000000003432564,[],27,[],2019-03-11 09:31:48,1088163.16325,3.432564e-18,1.334810864988e-22,6900713,2019-03-11 09:31:48,eth,222.5593908357632,0.0,0.00000001,"ltc,eth",11165406.63658689,0.0,1.670770876298073e-12,36
1,[],17,[],2019-03-11 08:30:06,1752.74075282,0.00000025,0.0000000000097263,6900516,2019-03-11 08:30:06,btc,0.05548492398600608,0.0,0.00000025,btc,1387.19918473,0.0,0.00043818518820499993,37
1,[],4,[],2019-03-11 09:31:49,232915.26831314,0.00000058,0.000000000022554286,6900714,2019-03-11 09:31:49,btc,19772.4772705828,0.0,0.00000058,btc,559220.76490681,0.01319445,0.0983686755206248,37
1,[],12,[],2019-03-11 09:31:50,368306.0369748,0.0000006,0.00000000002333202,6900715,2019-03-11 09:31:50,btc,9.73916473245795,0.0,0.0000006,btc,298107.00248349,0.0317293407292776,0.09532776999999,37
1,[],27,[],2019-03-11 09:32:03,14685.567,0.00000045,0.000000000017499015,6900716,2019-03-11 09:32:03,btc,24.25536383611233,0.0,0.00000045,btc,6518.38138508,0.0,0.00480032515,37
1,[],5,[],2019-03-11 09:32:06,0.0,0,0,6900717,2019-03-11 09:32:06,btc,0.0,0.09252972,0,btc,0.0,0.0,0.0,42
1,[],12,[],2019-03-11 09:32:08,258601.34886069,0.000001,0.0000000000388867,6900718,2019-03-11 09:32:08,btc,5.342877498035591,0.0,0.000001,btc,34823.72034191,0.0488324034191514,0.0228053759420109,42
0.0000000003432564,[],27,[],2019-03-11 09:32:11,2000.0,3.432564e-18,1.334810864988e-22,6900719,2019-03-11 09:32:11,eth,0.00315028,0.0,0.00000001,"btc,eth",11.007,0.0,6.865128e-15,42
1,[],5,[],2019-03-11 09:32:14,0.0,0,0,6900720,2019-03-11 09:32:14,btc,0.0,0.0,0,btc,0.0,0.0,0.0,43
1,[],12,[],2019-03-11 09:32:15,1721333.0,0.00000001,0.000000000000388867,6900721,2019-03-11 09:32:15,btc,25641.373660305166,0.0,0.00000001,btc,4653103.75824177,0.0001157242757242,0.01721333,43
0,[],17,[],2019-03-11 09:32:17,0.0,0,0,6900722,2019-03-11 09:32:17,btc,0.0,0.0,0,btc,0.0,0.0,0.0,43
1,[],12,[],2019-03-05 01:54:08,639326.02,0.00000004,0.000000000001486676,6845775,2019-03-05 01:54:08,btc,11116042.728239931,0.0,0.00000004,btc,1103841.4595604,0.0003330765234764,0.014975410599999999,44
1,[],4,[],2019-03-11 09:32:20,301048819.3525947,0.00000002,0.000000000000777734,6900723,2019-03-11 09:32:20,btc,430473.778569665,0.0,0.00000002,"btc,ltc",16750288.26425326,0.03421963,0.3015993765377132,49
0.00000000014178359999999998,[],4,[],2019-03-11 09:32:21,579287175.3427517,1.417836e-18,5.51349631812e-23,6900724,2019-03-11 09:32:21,ltc,25.866299555085412,0.0,0.00000001,ltc,10685734372.473389,0.0,8.213342115392657e-10,52
0.0000000001234895,[],22,[],2019-03-11 09:32:25,80645562.0,1.234895e-18,4.80209913965e-23,6900725,2019-03-11 09:32:25,XMR,4368.67077283,0.0,0.00000001,XMR,279827473.5359664,1.9758319999999998e-13,0.80645562,57
0.0000000003432564,[],27,[],2019-03-11 09:32:27,2000.0,3.432564e-18,1.334810864988e-22,6900726,2019-03-11 09:32:27,eth,0.0,0.0,0.00000001,"btc,eth",0.0,0.0,6.865128e-15,57
0,[],17,[],2019-03-11 08:30:49,0.0,0,0,6900529,2019-03-11 08:30:49,btc,1e+24,0.0,0,btc,49306342.21952568,0.0,0.0,58
0.00000000014178359999999998,[],4,[],2019-03-11 09:32:28,482649089.30196166,2.835672e-18,1.102699263624e-22,6900727,2019-03-11 09:32:28,ltc,18.6574162113407,0.0,0.00000002,ltc,4766809919.700396,0.0,8.478107208490079e-10,58
1,[],12,[],2019-03-11 09:32:30,1207440448.0,0.0000000003,0.00000000000001166601,6900728,2019-03-11 09:32:30,btc,4023018.823613475,0.0,0.0000000003,btc,1680541604.3856144,0.08532669141028973,0.3099532583,58
0.0000000001234895,[],22,[],2019-03-11 09:32:44,137438.0,1.234895e-18,4.80209913965e-23,6900729,2019-03-11 09:32:44,XMR,69.8835922,0.0,0.00000001,XMR,9887963.0,0.0,0.00137438,58
1,[],5,[],2019-03-11 09:32:46,0.0,0,0,6900730,2019-03-11 09:32:46,btc,0.0,0.00226532,0,btc,0.0,0.0,0.0,61
1,[],22,[],2019-03-11 09:32:49,13757.0,0.00000012,0.000000000004666404,6900731,2019-03-11 09:32:49,BTC,1002.2960049,0.0,0.00000012,BTC,14976.68361146909,0.0,0.00154987,61
1,[],26,[],2019-03-11 09:32:49,0.0,0.00000800,0.0000000003110936,6900732,2019-03-11 09:32:49,btc,0.0,0.0,0.00000800,btc,0.0,0.0,0.0,61
1,[],27,[],2019-03-11 09:32:52,4411.22008,0.00000047,0.000000000018276749,6900733,2019-03-11 09:32:52,btc,2.8990263703141324,0.0,0.00000047,"btc,eth",19485.01257617,0.0,0.0012437599594871925,61
1,[],28,[],2019-03-11 09:32:58,13880.304,0.0000005,0.00000000001944335,6900734,2019-03-11 09:32:58,btc,2.056312978300105,672.0,0.0000005,btc,9730.59500005,0.0,0.00566391304,61
0.0,[],25,[],2019-03-11 09:33:01,0.0,0,0,6900736,2019-03-11 09:33:01,,0.0,0.0,0.0,btc,0.0,0.0,0.0,67
1,[],4,[],2019-03-11 09:33:00,1262818.49095151,0.00000214,0.000000000083217538,6900735,2019-03-11 09:33:00,btc,9.163405280655429,0.0,0.00000214,btc,780539.41728129,0.09912908,0.9307963204468048,67
1,[],12,[],2019-03-11 09:33:02,306544.37364165,0.00000027,0.000000000010499409,6900737,2019-03-11 09:33:02,btc,1111115.0551809745,0.0,0.00000027,btc,912159.63976992,0.008297790746,0.063943389188399,71
,[],5,[],2018-11-20 23:02:39,1.5e-07,0.00000005,0.000000000002128045,4862160,2018-11-20 23:02:39,btc,2.84511358,0.0,,btc,0.00036572,0.0,0.07381892,74
1,[],5,[],2019-03-11 09:33:04,0.0,0,0,6900738,2019-03-11 09:33:04,btc,0.0,0.0,0,btc,0.0,0.0,0.0,75
1,[],4,[],2019-03-11 09:33:05,13132756.89824166,0.00000001,0.000000000000388867,6900739,2019-03-11 09:33:05,btc,11388.985544584346,0.0,0.00000001,btc,40019471.49932191,0.0,0.1313275689824166,81
0,[],20,[],2019-01-25 09:30:31,0.0,0,0,6495923,2019-01-25 09:30:31,btc,0.0,0.0,0,btc,0.0,0.0,0.0,81
1,[],4,[],2019-03-11 09:33:07,23941.12942519,0.00007706,0.000000002996609102,6900740,2019-03-11 09:33:07,btc,18.11514578076182,0.0,0.00007706,btc,12239.63350678,0.02263307,0.097411341251725,82
1,[],21,[],2019-03-11 09:33:08,759903.29101605,0.00007449999999999999482878931811,0.00000000289705915,6900741,2019-03-11 09:33:08,btc,3.7789866343544882,2976.86633974,0.00007449999999999999482878931811313805155805312097072601318359375,btc,45645.551153,0.22194066,2.5130884616687696,82
0,[],17,[],2019-03-11 08:31:29,0.0,0,0,6900543,2019-03-11 08:31:29,btc,0.0447233088476774,0.0,0,btc,999127.19588126,0.0,0.0,84
0.00000000014178359999999998,[],4,[],2019-03-11 09:33:20,187598171.774698,4.253508e-18,1.654048895436e-22,6900742,2019-03-11 09:33:20,ltc,1.6821304336071725,0.0,0.00000003,ltc,389790793.70230275,0.0,4.3107785167370785e-10,85
,[],22,[],2018-11-20 23:09:34,3408.1,0.0000001,0.0000000000041895,4862324,2018-11-20 23:09:34,BTC,0.04624735,0.0,,BTC,4990.0,0.0,0.00033081,86
1,[],22,[],2019-03-11 09:33:24,123370.0,0.00000005,0.000000000001944335,6900743,2019-03-11 09:33:24,BTC,2.07770893,0.0,0.00000005,BTC,161168.94736842104,0.00046487,0.0019285,87
0,[],27,[],2019-03-11 09:33:26,0.0,0,0,6900744,2019-03-11 09:33:26,,0.0,0.0,0,btc,0.0,0.0,0.0,87
,[],2,[],2018-11-20 23:10:47,0.0,0,0,4862359,2018-11-20 23:10:47,,0.0,0.0,,,0.0,0.0,0.0,88
1,[],11,[],2019-03-11 09:33:28,94832.56183478,0.000148259999999999993354482530349969238159246742725372314453125,0.000000005765342142,6900745,2019-03-11 09:33:28,btc,611.7097906923976,1640.9,0.000148259999999999993354482530349969238159246742725372314453125,btc,98969.18715978,0.0,6.543056595205873,89
1,[],12,[],2019-03-11 09:33:29,297822.52127361,0.000001,0.0000000000388867,6900746,2019-03-11 09:33:29,btc,61.09641532147387,0.0,0.000001,btc,118698.79680209,0.0009395830921569,0.0708325598999749,91
1,[],22,[],2019-03-11 09:33:34,65900.0,0.00000001,0.000000000000388867,6900747,2019-03-11 09:33:34,BTC,3e-06,0.0,0.00000001,BTC,1.0,0.0,0.000659,91
0,[],2,[],2019-01-20 23:31:45,0.0,0,0,6477083,2019-01-20 23:31:45,,0.0,0.0,0,,0.0,0.0,0.0,91
0,[],17,[],2019-03-11 08:31:51,0.0,0,0,6900549,2019-03-11 08:31:51,btc,0.0,0.0,0,btc,0.0,0.0,0.0,91
0,[],22,[],2019-03-11 09:33:37,0.0,0,0,6900748,2019-03-11 09:33:37,,7.50307462,0.0,0,,70597140.95714286,0.0,0.0,95
0.00000000014178359999999998,[],4,[],2019-03-11 09:33:38,634515213.0316336,7.372747199999999e-17,2.8670180854224e-21,6900749,2019-03-11 09:33:38,ltc,11.893811327439266,0.0,0.00000052,ltc,136343529.56165135,0.0,1.5998765337744863e-09,96
0,[],12,[],2019-03-11 09:33:40,0.0,0,0,6900750,2019-03-11 09:33:40,btc,10.19076896004995,0.0,0,btc,3076313.004995,4.995005e-08,0.0,96
0,[],17,[],2019-03-11 07:28:46,0.0,0,0,6900121,2019-03-11 07:28:46,btc,0.0,0.0,0,btc,0.0,0.0,0.0,96
1,[],4,[],2019-03-11 09:33:42,1582789.08461565,0.00000020,0.00000000000777734,6900751,2019-03-11 09:33:42,btc,2.3802405026842415,0.0,0.00000020,btc,2534492.71041141,0.01557791,0.1214649298885864,99
1,[],4,[],2019-03-11 09:33:43,274979.50021107,0.00003661,0.000000001423642087,6900752,2019-03-11 09:33:43,btc,11.83154218474997,0.0,0.00003661,btc,175456.62191189,1.45626987,1.2160076380179412,100
0,[],2,[],2019-01-20 23:23:55,0.0,0,0,6476914,2019-01-20 23:23:55,,0.0,0.0,0,,0.0,0.0,0.0,100
1,[],22,[],2019-03-11 09:33:47,50000.0,0.00000001,0.000000000000388867,6900753,2019-03-11 09:33:47,BTC,23.49896609,0.0,0.00000001,BTC,10277.22,0.0,0.0005,101
1,[],4,[],2019-03-11 09:33:49,361785.25354857,0.00000086,0.000000000033442562,6900754,2019-03-11 09:33:49,btc,308.0622241819728,0.0,0.00000086,btc,496569.38864004,0.01164881,0.1914040076722279,103
1,[],12,[],2019-03-11 09:33:52,23296958.2841211,0.000000008,0.00000000000031109360000000005,6900755,2019-03-11 09:33:52,btc,3859732.684652433,0.0,0.000000008,btc,72787650.70433855,0.01153838876207239,0.0606365802729688,105
1,[],27,[],2019-03-11 09:33:54,223920.39,0.00000001,0.000000000000388867,6900756,2019-03-11 09:33:54,btc,36.60591030491341,0.0,0.00000001,btc,1301440.23571724,0.0,0.0022392039,105
1,[],22,[],2019-03-11 09:33:58,9328.0,0.00000001,0.000000000000388867,6900757,2019-03-11 09:33:58,BTC,51.10837004,0.0,0.00000001,BTC,470435.0,0.0,9.328e-05,107
1,[],26,[],2019-03-11 09:33:58,0.0,0.00000000,0,6900758,2019-03-11 09:33:58,btc,0.0,0.0,0.00000000,btc,0.0,0.0,0.0,107
1,[],5,[],2019-03-11 09:34:00,0.0,0,0,6900759,2019-03-11 09:34:00,btc,0.0,0.00042525,0,btc,0.0,0.0,0.0,112
1,[],22,[],2019-03-11 09:34:04,1966.0,0.00000001,0.000000000000388867,6900760,2019-03-11 09:34:04,BTC,2.7975128,0.0,0.00000001,BTC,826524.0833333334,0.0,1.966e-05,112
0.0000000003432564,[],27,[],2019-03-11 09:34:08,2000.0,3.432564e-18,1.334810864988e-22,6900761,2019-03-11 09:34:08,eth,1.24996908,0.0,0.00000001,"btc,eth",1289.0,0.0,6.865128e-15,112
1,[],4,[],2019-03-11 09:34:09,1302353.05795836,0.00000193,0.000000000075051331,6900762,2019-03-11 09:34:09,btc,6.109361631902527,0.0,0.00000193,btc,366631.36287981,0.01182388,0.9970472355194824,113
1,[],5,[],2019-03-11 09:34:10,0.0,0,0,6900763,2019-03-11 09:34:10,btc,0.0,0.0,0,btc,0.0,0.0,0.0,113
0,[],27,[],2019-03-11 09:34:13,0.0,0,0,6900764,2019-03-11 09:34:13,,0.0,0.0,0,btc,0.0,0.0,0.0,116
1,[],17,[],2019-03-11 07:29:22,152738.278,0.00000004,0.00000000000155974,6900135,2019-03-11 07:29:22,btc,1.3368030274767913,0.0,0.00000004,btc,51896.221,0.0,0.0022095311199999998,116
1,[],4,[],2019-03-11 09:34:14,99912.905501,0.00002473,0.000000000961668091,6900765,2019-03-11 09:34:14,btc,29.588909334349697,0.0,0.00002473,btc,75857.62605589,1.6825607,1.3186914952182829,120
1,[],7,[],2019-03-11 09:34:15,20949.20212013,0.00002133999999999999897079723532034023492087726481258869171142578125,0.000000000829842178,6900766,2019-03-11 09:34:15,btc,115648.89480684382,0.0,0.00002133999999999999897079723532034023492087726481258869171142578125,btc,36709.119221220004,0.0,0.053689808183936205,120
1,[],20,[],2019-03-11 09:34:17,2943218.6162,0.000000034,0.0000000000013221478000000001,6900767,2019-03-11 09:34:17,btc,33.6158441131568,6915.5,0.000000034,btc,1013150.979,0.000235127,0.0385939319086,125
1,[],22,[],2019-03-11 09:34:22,3053.0,0.00000001,0.000000000000388867,6900768,2019-03-11 09:34:22,BTC,0.01444887,0.0,0.00000001,BTC,296263.5111111111,0.0,3.053e-05,126
1,[],4,[],2019-03-11 09:34:23,138979.55590639,0.00001302,0.000000000506304834,6900769,2019-03-11 09:34:23,btc,3.7132206190126964,0.0,0.00001302,btc,123449.90202954,0.19989408,0.5628593491324105,131
0,[],17,[],2019-03-11 07:42:35,0.0,0,0,6900341,2019-03-11 07:42:35,btc,0.0009561751951600001,0.0,0,btc,35.42829368,0.0,0.0,131
0,[],2,[],2019-01-20 23:25:46,0.0,0,0,6476969,2019-01-20 23:25:46,,0.0,0.0,0,,0.0,0.0,0.0,131
1,[],4,[],2019-03-11 09:34:35,4562.7748887,0.00016000,0.000000006221872,6900770,2019-03-11 09:34:35,btc,1.6189469535448777,0.0,0.00016000,btc,238.25503526,0.00016082,0.0090652759046982,135
1,[],3,[],2019-03-07 00:20:44,877702.73244099,0.00000004,0.00000000000154846,6863392,2019-03-07 00:20:44,btc,0.119366241821405,0.0,0.00000004,btc,760637.99421222,0.0,0.023771231960604298,136
1,[],4,[],2019-03-11 09:34:36,255904.08584229,0.00000152,0.000000000059107784,6900771,2019-03-11 09:34:36,btc,38.55523922980749,0.0,0.00000152,btc,520453.82489262,0.02009649,0.0386018895763489,137
1,[],12,[],2019-03-11 09:34:37,179087.40282524,0.000001480000000000000017730500227741696761540879379026591777801513671875,0.000000000057552316000000003,6900772,2019-03-11 09:34:37,btc,5.04373722098427,0.0,0.000001480000000000000017730500227741696761540879379026591777801513671875,btc,4404.7184094,0.0002416033566514,0.0066878699999935,137
1,[],4,[],2019-03-11 09:34:38,12305.5697406,0.00003533,0.000000001373867111,6900773,2019-03-11 09:34:38,btc,28.847225997664776,0.0,0.00003533,btc,53261.50837528,0.12249106,0.2760384038074201,142
1,[],5,[],2019-03-11 09:34:40,0.0,0,0,6900774,2019-03-11 09:34:40,btc,0.0,0.03166628,0,btc,0.0,0.0,0.0,142
1,[],20,[],2019-03-11 09:34:53,139724.0421,0.000033,0.0000000012832611000000001,6900775,2019-03-11 09:34:53,btc,0.3361559661272,67.0232,0.000033,btc,2245.1771,0.002212431156,0.3091172540297,142
1,[],22,[],2019-03-11 09:34:56,1470.8988921568628,0.00004000,0.000000001555468,6900776,2019-03-11 09:34:56,BTC,3.00385504,0.0,0.00004000,BTC,891.218,0.0,0.0012358,142
0.0,[],25,[],2019-03-11 09:34:58,0.0,0,0,6900777,2019-03-11 09:34:58,,0.0,0.0,0.0,btc,0.0,0.0,0.0,142
1,[],28,[],2019-03-11 09:35:04,76600.0,0.00002270,0.0000000008827280900000001,6900778,2019-03-11 09:35:04,btc,0.067100461059305,863.0,0.00002270,btc,552.61077999,0.0,0.0154572,142
1,[],17,[],2019-03-11 07:42:42,22967.386363640002,0.00000088,0.000000000034267728,6900347,2019-03-11 07:42:42,btc,20.0699133484,0.0,0.00000088,btc,405.079105,0.0,0.0104613000000032,142
0,[],22,[],2019-03-11 09:35:08,0.0,0,0,6900779,2019-03-11 09:35:08,,65.83990167,0.0,0,,1043231670.8,0.0,0.0,143
0,[],22,[],2019-02-25 15:42:22,0.0,0,0,6783783,2019-02-25 15:42:22,,4.2131946,0.0,0,,2322156.0,0.0,0.0,146
,[],22,[],2018-11-20 23:01:11,0.0,0,0,4862114,2018-11-20 23:01:11,,2.56807021,0.0,,,61828.4988236,0.0,0.0,147
1,[],12,[],2019-03-11 09:35:09,336137.42324882,0.00000225000000000000005700192921842539561794183100573718547821044921875,0.000000000087495075,6900780,2019-03-11 09:35:09,btc,7.901237898430034,0.0,0.00000225000000000000005700192921842539561794183100573718547821044921875,btc,91397.32942272,5.63436564e-06,0.0279355899999597,148
1,[],4,[],2019-03-11 09:35:10,251299.00134438,0.00000029,0.000000000011277143,6900781,2019-03-11 09:35:10,btc,219.99891695668288,0.0,0.00000029,btc,841123.35189129,0.0,0.0597202236443528,152
0,[],22,[],2019-03-11 09:35:13,0.0,0,0,6900782,2019-03-11 09:35:13,,0.0,0.0,0,,0.0,0.0,0.0,152
1,[],5,[],2019-03-11 09:35:15,0.0,0,0,6900783,2019-03-11 09:35:15,btc,0.0,1.368e-05,0,btc,0.0,0.0,0.0,153
,[],16,[],2019-01-11 15:38:59,0.0,0,0,6366141,2019-01-11 15:38:59,btc,0.0,0.0,,btc,0.0,0.0,0.0,155
0,[],22,[],2019-03-11 09:35:18,0.0,0,0,6900784,2019-03-11 09:35:18,,6.7463781,0.0,0,,4673397.242592593,0.0,0.0,156
0,[],23,[],2019-01-20 23:24:29,0.0,0,0,6476932,2019-01-20 23:24:29,,0.0,0.0,0,,0.0,0.0,0.0,156
1,[],22,[],2019-03-11 09:35:21,7073.8,0.00005300,0.0000000020609951,6900785,2019-03-11 09:35:21,BTC,1.79802465,0.0,0.00005300,BTC,802.6461988741639,0.0,0.00104336,157
0,[],22,[],2019-03-11 09:35:24,0.0,0,0,6900786,2019-03-11 09:35:24,,50175.67608608,0.0,0,,54079135.04179466,0.0,0.0,158
,[],17,[],2018-11-20 22:56:10,0.0,0,0,4861976,2018-11-20 22:56:10,btc,1.1265625,0.0,,btc,1000.0,0.0,0.0,159
,[],20,[],2018-11-20 22:56:12,0.0,0,0,4861977,2018-11-20 22:56:12,btc,11912.7940471,0.0,,btc,34413894.3617,0.0,0.0,159
1,[],12,[],2019-03-11 09:35:26,211834.36739082,0.0000075299999999999999027752543845348753848156775347888469696044921875,0.000000000292816851,6900787,2019-03-11 09:35:26,btc,0.7791662876827931,0.0,0.0000075299999999999999027752543845348753848156775347888469696044921875,btc,8466.2162069,0.0027301515718955,0.09529611709983479,168
1,[],17,[],2019-03-11 09:35:37,29784.95,0.000001,0.0000000000388867,6900788,2019-03-11 09:35:37,btc,0.03026736251542,0.0,0.000001,btc,144.46171372,0.0,0.00716147,168
0,[],22,[],2019-03-11 09:35:40,0.0,0,0,6900789,2019-03-11 09:35:40,,1.1339604,0.0,0,,520283.17470714403,0.0,0.0,169
1,[],22,[],2019-03-11 09:35:44,203317.33333333334,0.00000012,0.000000000004666404,6900790,2019-03-11 09:35:44,BTC,14.35014065,0.0,0.00000012,BTC,154316.84606176137,0.00057732,0.00233108,171
1,[],22,[],2019-03-11 09:35:49,883931.3333333334,0.00000011,0.000000000004277537,6900791,2019-03-11 09:35:49,BTC,2.20866737,0.0,0.00000011,"BTC,LTC",293463.69293767615,0.00789348,0.02624012,173
1,[],5,[],2019-03-05 01:59:40,0.0,0,0,6845846,2019-03-05 01:59:40,btc,0.0,0.00384852,0,btc,0.0,0.0,0.0,175
1,[],22,[],2019-03-11 09:35:53,35500.0,0.00000012,0.000000000004666404,6900792,2019-03-11 09:35:53,BTC,0.54559973,0.0,0.00000012,BTC,137776.41444619838,0.0,0.00206,176
1,[],7,[],2019-03-11 09:35:54,0.0,0,0,6900793,2019-03-11 09:35:54,btc,408082.77813733305,102742.257742,0,btc,115560988.86088651,0.00102742,0.0,178
0,[],22,[],2019-03-11 09:35:57,0.0,0,0,6900794,2019-03-11 09:35:57,,1.00242438,0.0,0,,57522.0,0.0,0.0,178
0,[],2,[],2019-01-20 23:28:34,0.0,0,0,6477001,2019-01-20 23:28:34,,0.0,0.0,0,,0.0,0.0,0.0,178
1,[],5,[],2019-03-11 09:35:59,0.0,0,0,6900795,2019-03-11 09:35:59,btc,0.0,0.02608637,0,btc,0.0,0.0,0.0,179
1,[],22,[],2019-03-11 09:36:04,6867106.0,0.00000002,0.000000000000777734,6900796,2019-03-11 09:36:04,BTC,5.65174896,0.0,0.00000002,"BTC,LTC",17774331.756535422,0.00017439,0.37228284,179
0,[],23,[],2019-01-20 23:25:08,0.0,0,0,6476952,2019-01-20 23:25:08,,0.0,0.0,0,,0.0,0.0,0.0,179
1,[],17,[],2019-03-11 09:36:16,10504.725,0.0000001,0.00000000000388867,6900797,2019-03-11 09:36:16,btc,5.2010695838170005,0.0,0.0000001,btc,4994.45945,0.0,0.0010504725,180
1,[],22,[],2019-03-11 09:36:22,667666.7090909091,0.00000178,0.000000000069218326,6900798,2019-03-11 09:36:22,BTC,0.20952313,0.0,0.00000178,"BTC,LTC",59060.756131308655,0.0,0.57462798,180
1,[],26,[],2019-03-11 09:36:22,0.0,0.00000125,0.000000000048608375,6900799,2019-03-11 09:36:22,btc,0.0,100.0,0.00000125,btc,0.0,0.0,0.0,180
,[],7,[],2018-11-20 22:58:01,562227.975654,0.00000085,0.000000000036176765,4862015,2018-11-20 22:58:01,btc,21836.6059674,2491.87645172,,btc,749999.041456,0.00211021,0.127565380455,183
,[],5,[],2019-01-10 08:11:41,0.0,0,0,6347036,2019-01-10 08:11:41,btc,82.15055501,0.00261,,btc,1.19002445,0.0,0.0,187
1,[],24,[],2019-03-11 09:36:22,0.0,0.000000000001,3.8886700000000004e-17,6900800,2019-03-11 09:36:22,btc,0.0,0.0,0.000000000001,btc,0.0,0.0,0.0,187
,[],17,[],2018-11-16 20:58:10,4062536.27273,0.00000001,0.000000000000550501,4708775,2018-11-16 20:58:10,btc,3.36492563466,0.195460381006,,"btc,eth",110697919.549,0.0,0.0157628953496,187
0,[],22,[],2019-03-11 09:36:26,0.0,0,0,6900801,2019-03-11 09:36:26,,7.54797454,0.0,0,,79361.7243344055,0.0,0.0,191
0,[],22,[],2019-03-11 09:36:31,0.0,0,0,6900802,2019-03-11 09:36:31,,0.0,0.0,0,,0.0,0.0,0.0,197
0,[],23,[],2019-01-20 23:31:41,0.0,0,0,6477079,2019-01-20 23:31:41,,0.0,0.0,0,,0.0,0.0,0.0,199
0,[],22,[],2019-03-11 09:36:34,0.0,0,0,6900803,2019-03-11 09:36:34,,5.19076992,0.0,0,,21057923.0,0.0,0.0,199
1,[],26,[],2019-03-11 09:36:34,0.0,0.00000000,0,6900804,2019-03-11 09:36:34,btc,0.0,129017.0,0.00000000,btc,0.0,0.0,0.0,199
0,[],17,[],2019-01-30 16:32:01,0.0,0,0,6540827,2019-01-30 16:32:01,btc,6.802544163788159,0.0,0,btc,105897.55575295,0.0,0.0,200
0,[],2,[],2019-01-20 23:30:49,0.0,0,0,6477059,2019-01-20 23:30:49,,0.0,0.0,0,,0.0,0.0,0.0,201
1,[],4,[],2019-01-25 15:51:35,2084389.58565343,0.00000936,0.000000000333526752,6499557,2019-01-25 15:51:35,btc,2.0092503037378524,0.0,0.00000936,btc,160195.80207885,0.19272417,1.242687955921835,211
1,[],7,[],2019-03-11 09:36:37,3129615.79449736,0.00000099,0.000000000038497833000000006,6900805,2019-03-11 09:36:37,btc,15476651.862939943,210559.567355,0.00000099,btc,12247305.56444215,0.0,1.5232874661573559,212
1,[],5,[],2019-03-11 09:36:38,0.0,0,0,6900806,2019-03-11 09:36:38,btc,0.0,0.09518074,0,btc,0.0,0.0,0.0,213
1,[],24,[],2019-03-11 09:36:38,0.0,0.000000120000,0.000000000004666404,6900807,2019-03-11 09:36:38,btc,0.0,0.0,0.000000120000,btc,0.0,0.0,0.0,213
1,[],26,[],2019-03-11 09:36:39,0.0,0.00000010,0.00000000000388867,6900808,2019-03-11 09:36:39,btc,0.0,0.0,0.00000010,btc,0.0,0.0,0.0,213
1,[],12,[],2019-01-25 02:44:32,207462.42853209,0.000001080000000000000035831255497387193287295303889550268650054931640625,0.000000000038610756000000006,6493050,2019-01-25 02:44:32,btc,85023.03793723314,0.0,0.000001080000000000000035831255497387193287295303889550268650054931640625,btc,43675.73520027,0.000146250909087,0.0348620860622024,213
1,[],22,[],2019-03-11 09:36:43,25000.0,0.00000001,0.000000000000388867,6900809,2019-03-11 09:36:43,BTC,2.28075238,0.0,0.00000001,BTC,675986.3963726171,0.0,0.00025,216
1,[],27,[],2019-03-11 09:36:46,1298122.0,0.00000003,0.000000000001166601,6900810,2019-03-11 09:36:46,btc,317.9840526547724,10.0,0.00000003,"btc,ltc",240753.990324,8e-07,0.03375764000025521,216
1,[],22,[],2019-03-11 09:36:49,164250.9463963639,0.00000167,0.00000000006494078900000001,6900811,2019-03-11 09:36:49,BTC,12673.60167916,0.0,0.00000167,BTC,431450.54024539114,0.02096046,0.1721655,217
1,[],7,[],2019-03-11 09:36:51,0.0,0,0,6900812,2019-03-11 09:36:51,btc,77971.81411323446,0.0,0,btc,135963412.7426053,0.0,0.0,219
0,[],27,[],2019-03-11 09:36:53,0.0,0,0,6900813,2019-03-11 09:36:53,,0.0404796,0.0,0,btc,2057905.0,0.0,0.0,219
0.000000000000005,[],28,[],2019-03-11 08:36:14,168493275.591,8.75e-18,3.404205e-22,6900617,2019-03-11 08:36:14,doge,85122.4333648375,65620.4,0.00175000,"btc,doge",3763918.34751,0.0,1.59960888766935e-11,219
1,[],22,[],2019-03-11 08:36:34,438339.0,0.00000007,0.000000000002723364,6900618,2019-03-11 08:36:34,BTC,18.06840771,0.0,0.00000007,BTC,94482.24541875876,0.00101604,0.02057961,221
1,[],24,[],2019-03-11 08:36:34,0.0,0.000000200000,0.00000000000778104,6900619,2019-03-11 08:36:34,btc,0.0,0.0,0.000000200000,btc,0.0,0.0,0.0,221
1,[],20,[],2019-03-11 08:36:36,39105329.5253,0.000000001,0.0000000000000389052,6900620,2019-03-11 08:36:36,btc,48.4455562981303,876385.0963,0.000000001,btc,16449729.9079,0.0017527701926,0.0391053295253,224
0,[],22,[],2019-03-11 08:36:39,0.0,0,0,6900621,2019-03-11 08:36:39,,0.0,0.0,0,,0.0,0.0,0.0,224
1,[],26,[],2019-03-11 08:36:40,0.0,0.00000035,0.00000000001361682,6900622,2019-03-11 08:36:40,btc,0.0,0.0,0.00000035,btc,0.0,0.0,0.0,231
1,[],26,[],2019-03-11 08:36:40,0.0,0.00000005,0.00000000000194526,6900623,2019-03-11 08:36:40,btc,0.0,100.0,0.00000005,btc,0.0,0.0,0.0,234
0.00000000034434,[],27,[],2019-03-11 08:36:42,2000.0,3.4434e-18,1.3396616568e-22,6900624,2019-03-11 08:36:42,eth,0.01134836604,0.0,0.00000001,"btc,eth",11462.996,0.0,6.8868e-15,234
1,[],4,[],2019-03-11 08:36:43,757134.08740512,0.00000074,0.000000000028789848,6900625,2019-03-11 08:36:43,btc,4.442779140618466,0.0,0.00000074,btc,1238588.03891777,0.06427799,0.1821516767794828,236
1,[],24,[],2019-03-11 08:36:43,0.0,0.000000500000,0.0000000000194526,6900626,2019-03-11 08:36:43,btc,0.0,0.0,0.000000500000,btc,0.0,0.0,0.0,236
1,[],20,[],2019-03-11 08:36:45,198135987.8952,0.000000054,0.0000000000021008808,6900627,2019-03-11 08:36:45,btc,13.4414995364239,9012733.6621,0.000000054,btc,37618206.9856,0.5070633727943,0.2723488810503,237
0.00000000014259279999999998,[],22,[],2019-03-11 08:36:48,751594.9,2.4240776e-17,9.430922384352e-22,6900628,2019-03-11 08:36:48,LTC,0.0405823,0.0,0.00000017,LTC,3164.0,0.0,0.12541949,237
1,[],4,[],2019-03-11 08:38:49,8344356.59637948,0.00000034,0.000000000013227768,6900629,2019-03-11 08:38:49,btc,7.508396885283644,0.0,0.00000034,btc,10652199.6803674,0.0,2.076042635519192,238
1,[],5,[],2019-03-11 08:38:51,0.0,0,0,6900630,2019-03-11 08:38:51,btc,0.0,0.02487339,0,btc,0.0,0.0,0.0,238
0,[],22,[],2019-03-11 08:38:54,0.0,0,0,6900631,2019-03-11 08:38:54,,0.40415746,0.0,0,,526736.5639027493,0.0,0.0,249
0.00000000014259279999999998,[],22,[],2019-03-11 08:39:14,49087200.666666664,5.7037119999999995e-18,2.219040561024e-22,6900632,2019-03-11 08:39:14,LTC,0.90188236,0.0,0.00000004,LTC,17061399.253636364,0.0,1.18162413,252
1,[],28,[],2019-03-11 08:39:21,2789501.713,0.00000037,0.000000000014394924,6900633,2019-03-11 08:39:21,btc,164793.7723562698,197903.5625,0.00000037,btc,3190357.5553,0.0,0.57437034182,256
1,[],22,[],2019-03-11 08:39:25,1374579.8666666667,0.00000005,0.00000000000194526,6900634,2019-03-11 08:39:25,BTC,31.44561237,0.0,0.00000005,BTC,580198.0235644723,5.52e-05,0.02054338,258
1,[],22,[],2019-03-11 08:39:30,47146.0,0.00000001,0.000000000000389052,6900635,2019-03-11 08:39:30,BTC,2.415167,0.0,0.00000001,BTC,157.0,1.605e-05,0.00047146,259
1,[],5,[],2019-03-11 08:39:32,0.0,0,0,6900636,2019-03-11 08:39:32,btc,0.0,0.25214404,0,btc,0.0,0.0,0.0,264
1,[],20,[],2019-03-11 08:39:34,1291465.001,0.00000175,0.0000000000680841,6900637,2019-03-11 08:39:34,btc,7.4625179936226,139132.9568,0.00000175,btc,103974.4204,0.2628627767546,0.0192501569125,264
0,[],22,[],2019-03-11 08:39:37,0.0,0,0,6900638,2019-03-11 08:39:37,,8.75643939,0.0,0,,466495.2241309945,0.0,0.0,271
0,[],22,[],2019-03-11 08:39:40,0.0,0,0,6900639,2019-03-11 08:39:40,,266.97821834,0.0,0,,14010417297.692,0.0,0.0,272
0.000000000000005,[],28,[],2019-03-11 08:39:48,231858356712.905,5.05e-21,1.9647126e-25,6900640,2019-03-11 08:39:48,doge,38490931.94021021,14389963417.4204,0.00000101,doge,242421221890.4739,0.0,6.639062249454132e-10,272
1,[],22,[],2019-03-11 08:39:53,162519.74,0.0000007,0.00000000002723364,6900641,2019-03-11 08:39:53,BTC,235.05293226,0.0,0.0000007,"BTC,LTC",93712.40111909193,0.01690074,0.05651552,281
1,[],22,[],2019-03-11 08:39:58,864189.0,0.00000004,0.000000000001556208,6900642,2019-03-11 08:39:58,BTC,1.32318489,0.0,0.00000004,BTC,269497.8594001663,8.842e-05,0.02567163,286
0,[],22,[],2019-03-11 08:40:03,0.0,0,0,6900643,2019-03-11 08:40:03,,43638.82491513,0.0,0,,700126356.0,0.0,0.0,294
