pairValue,buyBook,exchangeId,sellBook,updated,buyTotal,satoshiPrice,usdPrice,exchangeLogId,created,bestPair,sellTotalBtc,volume,pairPrice,activePairs,sellTotal,volumeBtc,buyTotalBtc,coinId
1,[],3,[],2019-05-27 15:58:23,301.41805362815603,0.01007035000000000048159254362190040410496294498443603515625,0.0000008926307888250002,7695948,2019-05-27 15:58:23,btc,0.21529666551656038,62.9002772027,0.01007035000000000048159254362190040410496294498443603515625,btc,14.562328197999,0.0,0.2189217948220073,1
1,[],4,[],2019-05-27 15:58:23,207676.9885935,0.01073057,0.0000009511523595150001,7695949,2019-05-27 15:58:23,btc,8.302918362860243,0.0,0.01073057,btc,355.47019894,1.48602971,0.5386947555775117,1
1,[],5,[],2019-05-27 15:58:25,0.0,0,0,7695950,2019-05-27 15:58:25,btc,0.0,0.04847482,0,btc,0.0,0.0,0.0,1
1,[],10,[],2019-05-27 15:58:28,225842.2134256,0.00725392,0.00000064298384184,7695951,2019-05-27 15:58:28,btc,6521.5659335429,1942.31662069,0.00725392,btc,1323.47888012,0.0,2.37404063650554,1
1,[],12,[],2019-05-27 15:58:30,76.48165214,0.0107499999999999991395771559155036811716854572296142578125,0.000000952874625,7695952,2019-05-27 15:58:30,btc,0.2158393020495,0.0,0.0107499999999999991395771559155036811716854572296142578125,btc,18.98268042,0.196324877146,0.2978368796048,1
1,[],21,[],2019-05-27 15:58:32,1800.17372258,0.01080582000000000070238925787,0.0000009578224818900003,7695953,2019-05-27 15:58:32,btc,10.46865830884263,3335.34735964,0.010805820000000000702389257867253036238253116607666015625,"btc,eth",1323.91176268,30.65518513131379,16.291675724665115,1
1,[],22,[],2019-05-27 15:58:36,0.0025666666666666667,0.00900000,0.0000007977555,7695954,2019-05-27 15:58:36,BTC,0.31629903,0.0,0.00900000,BTC,0.2505752479991019,0.0,2.31e-05,1
1,[],24,[],2019-05-27 15:58:36,0.0,0.000000000000,0,7695955,2019-05-27 15:58:36,btc,0.0,0.0,0.000000000000,btc,0.0,0.0,0.0,1
0.0,[],25,[],2019-05-27 16:00:54,0.0,0,0,7695956,2019-05-27 16:00:54,btc,18.149999998915572,0.0,0.0,btc,1580.52350641,0.0,0.0,1
1,[],26,[],2019-05-27 16:00:55,0.0,0,0,7695957,2019-05-27 16:00:55,,0.0,0.0,0,,0.0,0.0,0.0,1
0,[],28,[],2019-05-27 16:01:24,0.0,0,0,7695958,2019-05-27 16:01:24,,0.0,367587.1,0,,0.0,0.0,0.0,1
1,[],20,[],2019-05-27 15:17:18,973.4889,0.010262851,0.0000009040586497304001,7695792,2019-05-27 15:17:18,btc,0.5004177412745,0.2028,0.010262851,btc,41.6349,0.002309406169,0.1102926594072,1
0,[],2,[],2019-01-20 23:28:45,0.0,0,0,6477011,2019-01-20 23:28:45,,0.0,0.0,0,,0.0,0.0,0.0,1
1,[],5,[],2019-05-27 16:01:26,0.0,0,0,7695959,2019-05-27 16:01:26,btc,0.0,0.0008301,0,btc,0.0,0.0,0.0,2
1,[],22,[],2019-05-27 16:01:30,11638.0,0.0000002,0.000000000017727900000000002,7695960,2019-05-27 16:01:30,BTC,21.00897301,0.0,0.0000002,"BTC,XMR",20678.87287795317,0.0,0.00145435,2
1,[],5,[],2019-05-27 16:01:31,0.0,0,0,7695961,2019-05-27 16:01:31,btc,0.0,0.18176241,0,btc,0.0,0.0,0.0,3
1,[],12,[],2019-05-27 16:01:33,2669204.51243384,0.000000125,0.0000000000110799375,7695962,2019-05-27 16:01:33,btc,4525.437760132406,0.0,0.000000125,btc,2750075.2615962,0.090260934252,0.2220253748460374,3
0,[],28,[],2019-05-27 16:01:34,0.0,0,0,7695963,2019-05-27 16:01:34,,0.0,0.0,0,,0.0,0.0,0.0,3
0,[],2,[],2019-01-20 23:31:32,0.0,0,0,6477077,2019-01-20 23:31:32,,0.0,0.0,0,,0.0,0.0,0.0,4
1,[],4,[],2019-05-18 21:29:50,562734.9206932,0.00000010,0.000000000007298720000000001,7650946,2019-05-18 21:29:50,btc,41.9347137769675,0.0,0.00000010,btc,1123702.32192634,0.00052462,0.029254593370966,4
0,[],12,[],2019-05-27 09:59:45,0.0,0,0,7694412,2019-05-27 09:59:45,btc,0.40767300499500503,0.0,0,btc,1036053.4995005,0.0,0.0,5
0,[],2,[],2019-01-20 23:31:51,0.0,0,0,6477087,2019-01-20 23:31:51,,0.0,0.0,0,,0.0,0.0,0.0,6
1,[],11,[],2019-05-27 16:01:36,5715289.776736,0.00000002,0.0000000000017727900000000002,7695964,2019-05-27 16:01:36,btc,9578.91535851188,3071751.33333,0.00000002,btc,64879703.06532096,0.0,0.06267137276736,6
1,[],3,[],2019-05-27 16:01:37,11838.86609724379,0.0000888800000000000028389790518446034184307791292667388916015625,0.000000007878278760000001,7695965,2019-05-27 16:01:37,btc,0.10473192146443264,176.533509258,0.0000888800000000000028389790518446034184307791292667388916015625,btc,225.368057543764,0.0,0.026248970941815584,7
1,[],4,[],2019-05-27 16:01:39,332624.31036629,0.00008800,0.000000007800276,7695966,2019-05-27 16:01:39,btc,9.86696174958714,0.0,0.00008800,btc,59220.22535567,2.74066191,2.471199079303812,7
1,[],5,[],2019-05-27 16:01:41,0.0,0,0,7695967,2019-05-27 16:01:41,btc,0.0,0.29984219,0,btc,0.0,0.0,0.0,7
1,[],20,[],2019-04-07 22:06:50,3201475.0482,0.000000001,0.000000000000051590000000000004,7213932,2019-04-07 22:06:50,btc,30.8005781811902,0.0,0.000000001,btc,23077405.3926,0.0,0.0032014750482,8
0,[],2,[],2019-01-20 23:22:42,0.0,0,0,6476876,2019-01-20 23:22:42,,0.0,0.0,0,,0.0,0.0,0.0,9
0,[],23,[],2019-01-20 23:22:48,0.0,0,0,6476878,2019-01-20 23:22:48,,0.0,0.0,0,,0.0,0.0,0.0,9
1,[],4,[],2019-05-27 16:01:44,21504238.52296984,0.00000050,0.000000000044319750000000006,7695968,2019-05-27 16:01:44,btc,4.087422080295802,0.0,0.00000050,btc,3652670.19473047,1.00338718,0.6535273847639187,9
0,[],28,[],2019-05-27 16:02:08,0.0,0,0,7695969,2019-05-27 16:02:08,,0.0,3549265.0,0,,0.0,0.0,0.0,9
1,[],1,[],2019-02-17 23:31:42,1822507.21,0.00000181000000000000003456111265232042484285557293333113193511962890625,0.000000000066086901,6701244,2019-02-17 23:31:42,btc,3.6990969245,17153386.5,0.00000181000000000000003456111265232042484285557293333113193511962890625,btc,1997391.71,31.11772986,3.2610482446,9
1,[],4,[],2019-02-17 11:22:43,4341674.27126056,0.00000002,0.0000000000007272960000000001,6696112,2019-02-17 11:22:43,btc,0.1997230937751353,0.0,0.00000002,btc,4109766.79808031,0.00215132,0.0479381022052112,10
0,[],2,[],2019-01-20 23:23:08,0.0,0,0,6476890,2019-01-20 23:23:08,,0.0,0.0,0,,0.0,0.0,0.0,12
1,[],4,[],2019-05-27 16:02:09,8793019.71036519,0.00000047,0.000000000041660565000000004,7695970,2019-05-27 16:02:09,btc,4.681218628982763,0.0,0.00000047,btc,4806374.53718661,1.4569775,1.4541711052296484,12
1,[],5,[],2019-05-27 16:02:12,0.0,0,0,7695971,2019-05-27 16:02:12,btc,0.0,0.32255839,0,btc,0.0,0.0,0.0,12
0.0,[],25,[],2019-05-27 16:03:12,0.0,0,0,7695972,2019-05-27 16:03:12,,0.0,0.0,0.0,btc,0.0,0.0,0.0,12
1,[],4,[],2019-05-27 16:03:13,338505.36278244,0.00000571,0.000000000506131545,7695973,2019-05-27 16:03:13,btc,1.9928799477198602,0.0,0.00000571,btc,247549.71622032,0.39666466,0.5340085854124417,13
1,[],10,[],2019-05-27 16:03:18,551755.90075547,0.00000563,0.0000000004990403850000001,7695974,2019-05-27 16:03:18,btc,666803.2977095862,10447.8876716,0.00000563,btc,867482.28668081,0.0,0.2096927081431957,13
1,[],21,[],2019-05-27 16:03:20,1687301.7342914399,0.000005800000000000000372813759031,0.0000000005141091000000001,7695975,2019-05-27 16:03:20,btc,2.272360769966888,1084728.98755224,0.000005800000000000000372813759030865554677802720107138156890869140625,btc,349909.76633714,6.47840297,6.755704941577341,13
1,[],4,[],2019-05-27 16:03:21,804563.54106793,0.00000081,0.00000000007179799500000001,7695976,2019-05-27 16:03:21,btc,4.512968206848584,0.0,0.00000081,btc,851101.12154653,0.01923066,0.0561851730274233,14
1,[],12,[],2019-05-27 16:03:22,135703.83743854,0.00000077,0.00000000006825241500000001,7695977,2019-05-27 16:03:22,btc,14.1346717658436,0.0,0.00000077,btc,21543.71741965,0.000322191372,0.0151202399999508,14
1,[],26,[],2019-05-27 16:05:22,0.0,0.00000050,0.000000000044319750000000006,7695978,2019-05-27 16:05:22,btc,0.0,0.0,0.00000050,btc,0.0,0.0,0.0,14
0,[],17,[],2019-05-03 00:53:32,0.0,0,0,7558876,2019-05-03 00:53:32,btc,0.0,0.0,0,btc,0.0,0.0,0.0,14
0,[],4,[],2019-05-27 16:05:23,0.0,0,0,7695979,2019-05-27 16:05:23,,0.0,0.0,0,,0.0,0.0,0.0,15
,[],12,[],2018-12-01 15:15:48,204241.84496,0.00000489,0.000000000202473384,5260204,2018-12-01 15:15:48,btc,49.5475654835,0.0,,btc,35763.2193806,0.0163153972027625,0.0203389899998,15
0,[],2,[],2019-01-20 23:23:38,0.0,0,0,6476906,2019-01-20 23:23:38,,0.0,0.0,0,,0.0,0.0,0.0,18
1,[],4,[],2019-05-27 16:05:25,34552.77699015,0.00001049,0.0000000009298283550000001,7695980,2019-05-27 16:05:25,btc,0.9721894764003851,0.0,0.00001049,btc,11153.39551833,0.04561744,0.0780615965648488,18
1,[],10,[],2019-05-27 16:05:27,309054.09602029,0.00001135,0.000000001006058325,7695981,2019-05-27 16:05:27,btc,15.349943801668054,2697.76307992,0.00001135,btc,13950.78034279,0.0,0.0718316878287907,18
1,[],12,[],2019-05-27 16:05:28,7110.72210281,0.000011029999999999999426756290554774153633843525312840938568115234375,0.0000000009776936850000001,7695982,2019-05-27 16:05:28,btc,0.3988362689247223,0.0,0.000011029999999999999426756290554774153633843525312840938568115234375,btc,1254.20089134,0.003212607504,0.012856579319953,18
0,[],17,[],2019-05-03 00:53:39,0.0,0,0,7558882,2019-05-03 00:53:39,btc,0.0,0.0,0,btc,0.0,0.0,0.0,18
1,[],3,[],2019-05-27 16:07:30,158373.50284928078,0.000008189999999999999512920005606542162013283814303576946258544921875,0.000000000725957505,7695983,2019-05-27 16:07:30,btc,0.20514676437347865,3754.77071591,0.000008189999999999999512920005606542162013283814303576946258544921875,btc,4757.84839785648,0.0,0.049296059467235996,19
1,[],4,[],2019-05-27 16:07:31,621834.33062109,0.00000821,0.0000000007277302950000001,7695984,2019-05-27 16:07:31,btc,3.642671019984618,0.0,0.00000821,btc,162405.39783089,0.64475925,0.8749596531228981,19
1,[],5,[],2019-05-27 16:07:32,0.0,0,0,7695985,2019-05-27 16:07:32,btc,0.0,6.948e-05,0,btc,0.0,0.0,0.0,19
1,[],12,[],2019-05-27 16:07:33,15472.83508385,0.000007109999999999999688846986922730053493069135583937168121337890625,0.000000000630226845,7695986,2019-05-27 16:07:33,btc,0.0576351312241238,0.0,0.000007109999999999999688846986922730053493069135583937168121337890625,btc,2080.17136297,0.00236618,0.0285861899996786,19
0,[],27,[],2019-05-27 16:07:38,0.0,0,0,7695987,2019-05-27 16:07:38,,0.0,0.0,0,btc,0.0,0.0,0.0,19
0,[],2,[],2019-01-20 23:24:19,0.0,0,0,6476924,2019-01-20 23:24:19,,0.0,0.0,0,,0.0,0.0,0.0,19
1,[],4,[],2019-05-27 16:07:39,10062076.88478525,0.00000007,0.000000000006204765,7695988,2019-05-27 16:07:39,btc,6.429883252961221,0.0,0.00000007,btc,2333215.60836933,0.0,0.1174938176872809,20
1,[],4,[],2019-05-27 16:07:41,72681683.2473748,0.00000001,0.0000000000008863950000000001,7695989,2019-05-27 16:07:41,btc,1774.7844046158937,0.0,0.00000001,btc,66471138.91973631,0.0,0.7268168324737481,21
1,[],12,[],2019-05-27 16:07:42,2471608.0,0.00000001,0.0000000000008863950000000001,7695990,2019-05-27 16:07:42,btc,1008.0147310527972,0.0,0.00000001,btc,5931775.63936062,0.002822958751,0.02471608,21
0,[],17,[],2019-05-03 00:53:51,0.0,0,0,7558891,2019-05-03 00:53:51,btc,0.0,0.0,0,btc,0.0,0.0,0.0,21
1,[],12,[],2019-05-27 16:09:44,5290790311.0,0.0000000004,0.000000000000035455800000000006,7695991,2019-05-27 16:09:44,btc,708147255.818947,0.0,0.0000000004,btc,2585983343.8671327,0.0777903861,1.200330136,23
0.00000000030695279999999997,[],27,[],2019-05-27 16:09:50,98897640.15884118,9.208583999999999e-18,8.162442814680001e-22,7695992,2019-05-27 16:09:50,eth,1170.9119276408,782542113.8411586,0.00000003,eth,7362983.208,1.2010174647441431e-08,5.103715393308943e-10,23
1,[],4,[],2019-05-27 16:09:51,1847068.49837964,0.00000021,0.000000000018614295000000002,7695993,2019-05-27 16:09:51,btc,13.478436217304923,0.0,0.00000021,btc,2129587.53462349,0.01086559,0.0644116413920121,24
1,[],22,[],2019-05-27 16:09:54,21.76,0.00000100,0.00000000008863950000000001,7695994,2019-05-27 16:09:54,BTC,7.415e-05,0.0,0.00000100,BTC,23.919354838709676,0.0,1.186e-05,24
0.0,[],25,[],2019-05-27 16:12:10,0.0,0,0,7695995,2019-05-27 16:12:10,,0.0,0.0,0.0,btc,0.0,0.0,0.0,24
1,[],4,[],2019-05-27 16:12:11,336570.26486692,0.00000425,0.000000000376717875,7695996,2019-05-27 16:12:11,btc,10.6788679506495,0.0,0.00000425,btc,252146.17630978,0.18002861,0.3010298679242518,26
1,[],10,[],2019-05-27 16:12:14,159396.09286272,0.00000402,0.00000000035633079,7695997,2019-05-27 16:12:14,btc,25.508899332244173,4804.29999853,0.00000402,btc,22959.42108214,0.0,0.0297586223411862,26
0,[],2,[],2019-01-20 23:25:56,0.0,0,0,6476976,2019-01-20 23:25:56,,0.0,0.0,0,,0.0,0.0,0.0,26
1,[],5,[],2019-04-26 09:47:06,0.0,0,0,7465326,2019-04-26 09:47:06,btc,0.0,0.0,0,btc,0.0,0.0,0.0,27
1,[],3,[],2019-05-27 16:12:15,10637703.10144003,0.00000001,0.0000000000008863950000000001,7695998,2019-05-27 16:12:15,btc,3.591149617398929,4974387.53413,0.00000001,btc,26895688.23778695,0.0,0.1063770310144003,27
1,[],11,[],2019-05-27 16:12:17,1070969.08157834,0.00000002,0.0000000000017727900000000002,7695999,2019-05-27 16:12:17,btc,67503.03909773499,19676.5543251,0.00000002,btc,6639861.32608848,0.0,0.0107207058157834,27
1,[],4,[],2019-05-27 16:12:17,1173043993.7109013,0.00000001,0.0000000000008863950000000001,7696000,2019-05-27 16:12:17,btc,4.865698176604808,0.0,0.00000001,"btc,ltc",295869858.5692269,0.09188652,8.065596830391828,29
1,[],7,[],2019-05-27 16:12:18,86565332.30740812,0.00000001,0.0000000000008863950000000001,7696001,2019-05-27 16:12:18,btc,46548272.111233145,2247.75224775,0.00000001,btc,35027911.13006534,4.496e-05,0.8656533230740813,29
1,[],4,[],2019-05-27 16:12:19,15165592.27217546,0.00000006,0.000000000005318370000000001,7696002,2019-05-27 16:12:19,btc,2.6729871957230786,0.0,0.00000006,btc,2116030.49425126,0.00334054,0.1660759159941774,30
0,[],17,[],2019-05-03 01:11:25,0.0,0,0,7559066,2019-05-03 01:11:25,btc,0.0,0.0,0,btc,0.0,0.0,0.0,30
1,[],4,[],2019-05-27 16:14:21,316467.67956113,0.00004207,0.000000003729063765,7696003,2019-05-27 16:14:21,btc,3.280108252669127,0.0,0.00004207,btc,42211.22036062,1.40029972,0.7783553389730947,31
1,[],21,[],2019-05-27 16:14:22,144083.12469223,0.00004368000000000000191974908192,0.00000000387177336,7696004,2019-05-27 16:14:22,btc,5.673923393640565,559028.10656663,0.000043680000000000001919749081924493339101900346577167510986328125,btc,115087.98714232,22.98522623,5.518702585229263,31
0,[],2,[],2019-01-20 23:28:43,0.0,0,0,6477009,2019-01-20 23:28:43,,0.0,0.0,0,,0.0,0.0,0.0,32
0,[],4,[],2019-05-27 16:14:24,0.0,0,0,7696005,2019-05-27 16:14:24,,0.0,0.0,0,,0.0,0.0,0.0,33
1,[],12,[],2019-03-30 07:55:10,40641173.964,0.00000003,0.000000000001228359,7108785,2019-03-30 07:55:10,btc,4233210.82356125,0.0,0.00000003,btc,28378394.68333462,0.0126927883965248,0.90752895892,33
0.00000000013232860000000002,[],4,[],2019-05-27 16:14:26,497300217.20933336,9.263002000000001e-18,8.210678657790001e-22,7696006,2019-05-27 16:14:26,ltc,3.5145988414945717,0.0,0.00000007,ltc,156033399.6585306,0.0,1.8721232342602937e-09,34
1,[],5,[],2019-05-27 16:14:28,0.0,0,0,7696007,2019-05-27 16:14:28,btc,0.0,8.6e-07,0,btc,0.0,0.0,0.0,34
0.0000000002926451,[],17,[],2019-05-02 18:17:47,200000.0,2.9264510000000002e-18,1.596703856561e-22,7556430,2019-05-02 18:17:47,eth,0.20942468735267253,0.0,0.00000001,"btc,eth",1018272.20243647,0.0,5.852902e-13,36
0.00000000013232860000000002,[],4,[],2019-05-27 16:14:29,38240535.54077778,1.323286e-18,1.1729540939700003e-22,7696008,2019-05-27 16:14:29,ltc,4.8134355236947895e-08,0.0,0.00000001,ltc,6851696899.751122,0.0,5.060316531361367e-11,36
1,[],5,[],2019-05-27 16:14:31,0.0,0,0,7696009,2019-05-27 16:14:31,btc,0.0,0.0,0,btc,0.0,0.0,0.0,36
0.00000000030695279999999997,[],27,[],2019-05-27 16:16:37,41666024.4,9.208583999999999e-18,8.162442814680001e-22,7696010,2019-05-27 16:16:37,eth,1670.43406568,1955801170.6039999,0.00000003,"ltc,eth",4736977.0,1.4559865420873776e-08,3.384293350588576e-10,36
1,[],4,[],2019-05-27 16:16:38,9959778.63087131,0.00000018,0.00000000001595511,7696011,2019-05-27 16:16:38,btc,19772.566097321534,0.0,0.00000018,btc,761286.91530854,0.00278145,0.1384019329263104,37
1,[],12,[],2019-05-27 16:16:40,4284033.33528572,0.0000002,0.000000000017727900000000002,7696012,2019-05-27 16:16:40,btc,8.140202498088579,0.0,0.0000002,btc,847536.93106893,0.084606673182,0.1989174104442866,37
1,[],27,[],2019-05-27 16:18:46,1600.0,0.00000015,0.000000000013295925000000002,7696013,2019-05-27 16:18:46,btc,24.11463822903233,0.0,0.00000015,btc,5792.59438508,0.0,3e-05,37
1,[],17,[],2019-05-03 01:11:36,211752.74075282,0.00000025,0.000000000013700074999999998,7559074,2019-05-03 01:11:36,btc,0.055484923955058496,0.0,0.00000025,"btc,eth",1387.19918473,0.0,0.0005381851887916605,37
1,[],5,[],2019-05-27 16:18:47,0.0,0,0,7696014,2019-05-27 16:18:47,btc,0.0,0.00428998,0,btc,0.0,0.0,0.0,42
1,[],12,[],2019-05-27 16:18:49,133536.12422551,0.00000094,0.00000000008332113000000001,7696015,2019-05-27 16:18:49,btc,24.49352979716341,0.0,0.00000094,btc,53187.64631566,0.018539237971,0.0458566499999587,42
1,[],27,[],2019-05-27 16:18:57,506.0,0.00000002,0.0000000000017727900000000002,7696016,2019-05-27 16:18:57,btc,0.39085425,0.0,0.00000002,"btc,eth",735.0,0.0,6.0000003224846115e-06,42
1,[],12,[],2019-03-13 09:13:29,1112112.0,0.00000001,0.000000000000386531,6919902,2019-03-13 09:13:29,btc,29058.00478931866,0.0,0.00000001,btc,5967681.93306694,9.99000999e-07,0.01112112,43
1,[],5,[],2019-04-26 22:38:52,0.0,0,0,7474154,2019-04-26 22:38:52,btc,0.0,0.02638891,0,btc,0.0,0.0,0.0,43
0,[],17,[],2019-04-26 22:38:53,0.0,0,0,7474155,2019-04-26 22:38:53,btc,0.0,0.0,0,btc,0.0,0.0,0.0,43
1,[],12,[],2019-03-05 01:54:08,639326.02,0.00000004,0.000000000001486676,6845775,2019-03-05 01:54:08,btc,11116042.728239931,0.0,0.00000004,btc,1103841.4595604,0.0003330765234764,0.014975410599999999,44
1,[],4,[],2019-05-27 16:18:58,114950127.2371562,0.00000001,0.0000000000008863950000000001,7696017,2019-05-27 16:18:58,btc,291324.22046254197,0.0,0.00000001,"btc,ltc",27145055.23262538,0.00228878,0.08865501442005894,49
0.00000000013232860000000002,[],4,[],2019-05-27 16:19:00,125134483.01678365,3.1758864000000003e-17,2.8150898255280004e-21,7696018,2019-05-27 16:19:00,ltc,22050.152067344985,0.0,0.00000024,ltc,157513297.65279037,0.0,3.6992044854062907e-10,52
0,[],22,[],2019-05-27 16:19:02,0.0,0,0,7696019,2019-05-27 16:19:02,,10289.55991011,0.0,0,,308568058.4566013,0.0,0.0,57
0,[],27,[],2019-05-27 16:19:08,0.0,0,0,7696020,2019-05-27 16:19:08,,0.0,0.0,0,"btc,eth",0.0,0.0,0.0,57
0.00000000013232860000000002,[],4,[],2019-05-27 16:19:10,2721265703.046031,1.323286e-18,1.1729540939700003e-22,7696021,2019-05-27 16:19:10,ltc,19.263871770895495,0.0,0.00000001,ltc,5742377130.464817,0.0,3.6010128071209706e-09,58
1,[],12,[],2019-05-27 16:19:11,772217724.0,0.0000000001,0.000000000000008863950000000002,7696022,2019-05-27 16:19:11,btc,2038373.9556002903,0.0,0.0000000001,btc,2671211480.727273,0.001628488455,0.0772217724,58
0.00000000010813140000000001,[],22,[],2019-05-27 16:21:15,126877.0,1.081314e-18,9.584713230300001e-23,7696023,2019-05-27 16:21:15,XMR,68.17454206,0.0,0.00000001,XMR,9626402.6,0.0,0.00126877,58
1,[],17,[],2019-05-03 01:12:09,1200000.0,0.0000000001,0.00000000000000548003,7559085,2019-05-03 01:12:09,btc,1e+24,0.0,0.0000000001,"btc,eth",39516342.31952568,0.0,0.00010000000058666061,58
1,[],5,[],2019-05-27 16:21:17,0.0,0,0,7696024,2019-05-27 16:21:17,btc,0.0,0.00258072,0,btc,0.0,0.0,0.0,61
1,[],22,[],2019-05-27 16:21:19,13613.833333333334,0.00000012,0.000000000010636740000000002,7696025,2019-05-27 16:21:19,BTC,1002.29590883,0.0,0.00000012,BTC,15092.180177125656,0.0,0.00153269,61
1,[],26,[],2019-05-27 16:21:20,0.0,0.00000050,0.000000000044319750000000006,7696026,2019-05-27 16:21:20,btc,0.0,0.0,0.00000050,btc,0.0,0.0,0.0,61
1,[],27,[],2019-05-27 16:21:28,13712.0,0.0000002,0.000000000017727900000000002,7696027,2019-05-27 16:21:28,btc,1.9582485601246655,747.001,0.0000002,"btc,eth",11379.41563696,0.00717121,0.00252178,61
0,[],28,[],2019-05-27 16:21:30,0.0,0,0,7696028,2019-05-27 16:21:30,,0.0,796.0,0,,0.0,0.0,0.0,61
1,[],4,[],2019-05-27 16:21:32,1048091.69039484,0.00000079,0.00000000007002520500000001,7696029,2019-05-27 16:21:32,btc,2.6399789774484668,0.0,0.00000079,btc,881169.23930184,0.05465073,0.6159287952470212,67
0.0,[],25,[],2019-05-27 16:23:46,0.0,0,0,7696030,2019-05-27 16:23:46,,0.0,0.0,0.0,btc,0.0,0.0,0.0,67
1,[],12,[],2019-05-27 16:23:47,806120.0,0.00000005,0.000000000004431975000000001,7696031,2019-05-27 16:23:47,btc,5.16762423154845,0.0,0.00000005,btc,762817.2767232601,8.0192937e-05,0.01733716,71
,[],5,[],2018-11-20 23:02:39,1.5e-07,0.00000005,0.000000000002128045,4862160,2018-11-20 23:02:39,btc,2.84511358,0.0,,btc,0.00036572,0.0,0.07381892,74
1,[],5,[],2019-05-27 16:23:49,0.0,0,0,7696032,2019-05-27 16:23:49,btc,0.0,0.11679342,0,btc,0.0,0.0,0.0,75
0,[],4,[],2019-05-25 21:33:44,0.0,0,0,7686249,2019-05-25 21:33:44,,133656.37989170782,0.0,0,,33439209.5909442,0.0,0.0,81
0,[],20,[],2019-01-25 09:30:31,0.0,0,0,6495923,2019-01-25 09:30:31,btc,0.0,0.0,0,btc,0.0,0.0,0.0,81
1,[],4,[],2019-05-27 16:23:50,26997.70867398,0.00006436,0.000000005704838220000001,7696033,2019-05-27 16:23:50,btc,18.224537484458068,0.0,0.00006436,btc,21259.8011631,0.27362918,0.2551805124537421,82
1,[],21,[],2019-05-27 16:23:51,80519.56797602,0.00007574999999999999810741668771,0.0000000067144421250000005,7696034,2019-05-27 16:23:51,btc,2.7234657143880097,40562.37056645,0.00007574999999999999810741668770930345999659039080142974853515625,btc,30724.410143099998,2.93335275,2.9246599852110733,82
0,[],17,[],2019-03-25 22:42:34,0.0,0,0,7038780,2019-03-25 22:42:34,btc,0.0445064681804024,0.0,0,btc,995513.18476001,0.0,0.0,84
0.0000000001161485,[],4,[],2019-05-20 13:09:39,216715621.0206096,1.161485e-18,9.0533806701e-23,7657228,2019-05-20 13:09:39,ltc,1.6511566870244727,0.0,0.00000001,ltc,471032407.9048656,0.0,2.5171194308112273e-10,85
,[],22,[],2018-11-20 23:09:34,3408.1,0.0000001,0.0000000000041895,4862324,2018-11-20 23:09:34,BTC,0.04624735,0.0,,BTC,4990.0,0.0,0.00033081,86
1,[],22,[],2019-05-27 16:23:54,65156.0,0.00000001,0.0000000000008863950000000001,7696035,2019-05-27 16:23:54,BTC,1.45608405,0.0,0.00000001,BTC,314587.29736842104,0.0,0.00065156,87
0,[],27,[],2019-05-27 16:23:59,0.0,0,0,7696036,2019-05-27 16:23:59,,4.962566382816,0.0,0,btc,66120.49241,0.0,0.0,87
,[],2,[],2018-11-20 23:10:47,0.0,0,0,4862359,2018-11-20 23:10:47,,0.0,0.0,,,0.0,0.0,0.0,88
1,[],11,[],2019-05-27 16:24:02,63315.31345837,0.000083120000000000003777256285530938839656300842761993408203125,0.000000007367715240000001,7696037,2019-05-27 16:24:02,btc,184.38350389162696,4947.41172604,0.000083120000000000003777256285530938839656300842761993408203125,btc,225796.61360549,0.0,3.209576562332133,89
1,[],22,[],2019-05-27 15:42:05,75910.55,0.0000002,0.000000000017618080000000003,7695878,2019-05-27 15:42:05,BTC,0.495,0.0,0.0000002,"BTC,LTC",4.95,0.0,0.00165931,91
0,[],2,[],2019-01-20 23:31:45,0.0,0,0,6477083,2019-01-20 23:31:45,,0.0,0.0,0,,0.0,0.0,0.0,91
1,[],12,[],2019-05-27 16:24:03,201741.77802813,0.00000038,0.000000000033683010000000006,7696038,2019-05-27 16:24:03,btc,87.644687679074,0.0,0.00000038,btc,114851.62555554,0.001901457,0.0115091119999816,91
0,[],17,[],2019-05-03 01:12:26,0.0,0,0,7559096,2019-05-03 01:12:26,btc,0.0,0.0,0,btc,0.0,0.0,0.0,91
1,[],22,[],2019-04-09 20:17:52,374949.73333333334,0.00000015,0.000000000007771935,7235704,2019-04-09 20:17:52,BTC,6.87372503,0.0,0.00000015,"BTC,LTC",159980.01196797504,1.1e-05,0.80510266,95
0.00000000013173000000000002,[],4,[],2019-05-27 15:42:06,541072615.3140295,3.8201700000000005e-17,3.3652030336800006e-21,7695879,2019-05-27 15:42:06,ltc,11.581305421065453,0.0,0.00000029,ltc,173999557.87897417,0.0,8.65718625596192e-10,96
0,[],12,[],2019-05-27 15:42:07,0.0,0,0,7695880,2019-05-27 15:42:07,btc,10.45964985037962,0.0,0,btc,7775532.03796204,0.0,0.0,96
0,[],17,[],2019-05-03 01:12:32,0.0,0,0,7559100,2019-05-03 01:12:32,btc,0.0,0.0,0,btc,0.0,0.0,0.0,96
1,[],4,[],2019-04-14 03:32:46,1039404.33283278,0.00000038,0.000000000019245518,7293458,2019-04-14 03:32:46,btc,4.170086055365747,0.0,0.00000038,btc,3097704.34561074,0.06260606,0.1859928211030784,99
1,[],4,[],2019-05-27 15:44:08,216276.73281794,0.00001681,0.0000000014807996240000002,7695881,2019-05-27 15:44:08,btc,7.162140292791896,0.0,0.00001681,btc,143950.56174853,0.77148584,0.2671165616752918,100
0,[],2,[],2019-01-20 23:23:55,0.0,0,0,6476914,2019-01-20 23:23:55,,0.0,0.0,0,,0.0,0.0,0.0,100
1,[],22,[],2019-05-27 15:44:11,150000.0,0.00000002,0.0000000000017618080000000002,7695882,2019-05-27 15:44:11,BTC,24.83526409,0.0,0.00000002,BTC,11187.719,0.0,0.0017,101
1,[],4,[],2019-05-27 15:44:12,563414.93193337,0.00000161,0.00000000014182554400000003,7695883,2019-05-27 15:44:12,btc,362.2061760884154,0.0,0.00000161,btc,594893.82722868,0.0144047,0.2188514185396432,103
1,[],12,[],2019-05-27 15:44:14,139683681.04047254,0.000000004,0.00000000000035236160000000004,7695884,2019-05-27 15:44:14,btc,2379.9697692238938,0.0,0.000000004,btc,57021842.5726873,0.00547450316,0.1688758051618902,105
0,[],27,[],2019-05-27 15:44:20,0.0,0,0,7695885,2019-05-27 15:44:20,,0.2583801973531397,300.0,0,btc,612120.85947933,3e-06,0.0,105
1,[],22,[],2019-04-21 00:17:26,21333.0,0.00000001,0.000000000000532493,7385819,2019-04-21 00:17:26,BTC,51.38182867,0.0,0.00000001,BTC,470435.0,0.0,0.00021333,107
1,[],26,[],2019-04-21 00:17:26,0.0,0.00000000,0,7385820,2019-04-21 00:17:26,btc,0.0,0.0,0.00000000,btc,0.0,0.0,0.0,107
1,[],5,[],2019-05-27 15:44:23,0.0,0,0,7695886,2019-05-27 15:44:23,btc,0.0,0.0001005,0,btc,0.0,0.0,0.0,112
0,[],22,[],2019-05-27 15:44:28,0.0,0,0,7695887,2019-05-27 15:44:28,,2.79635781,0.0,0,,3274992.0833333335,0.0,0.0,112
1,[],27,[],2019-05-27 15:44:35,1.0,0.00000001,0.0000000000008809040000000001,7695888,2019-05-27 15:44:35,btc,1.15032588,0.0,0.00000001,"btc,eth",1818.0,0.0,1e-08,112
1,[],4,[],2019-05-27 15:44:37,185005.77049574,0.00000089,0.00000000007840045600000001,7695889,2019-05-27 15:44:37,btc,4.525913020353562,0.0,0.00000089,btc,564697.98279623,0.05999421,0.1012802596645599,113
1,[],5,[],2019-05-27 15:44:38,0.0,0,0,7695890,2019-05-27 15:44:38,btc,0.0,0.0,0,btc,0.0,0.0,0.0,113
1,[],17,[],2019-04-26 02:17:47,162738.278,0.00000004,0.0000000000021069000000000002,7461287,2019-04-26 02:17:47,btc,1.3331140273775473,0.0,0.00000004,btc,51796.221,0.0,0.00230953112,116
1,[],27,[],2019-05-22 05:13:01,210000.0,0.00000001,0.00000000000079145,7666372,2019-05-22 05:13:01,btc,3919.0005001478,0.0,0.00000001,btc,128660.871,0.0,0.0021,116
1,[],4,[],2019-05-21 22:31:11,138169.03963019,0.00000701,0.000000000558364025,7664793,2019-05-21 22:31:11,btc,150.95388250938234,0.0,0.00000701,btc,344631.17141974,0.07552974,0.4288357684941946,120
1,[],7,[],2019-05-21 22:31:12,3901.07750076,0.000010679999999999999389654892212320191902108490467071533203125,0.0000000008506887,7664794,2019-05-21 22:31:12,btc,231188.94669936574,0.0,0.000010679999999999999389654892212320191902108490467071533203125,btc,4133.83151364,0.0,0.0113888422364489,120
1,[],20,[],2019-04-07 18:42:29,1914137.0852,0.000000035,0.0000000000017871910000000002,7211992,2019-04-07 18:42:29,btc,32.2497668025648,25528.85,0.000000035,btc,1001975.4986,0.00089350975,0.0152723574729,125
1,[],22,[],2019-05-27 15:44:41,10000.0,0.00000001,0.0000000000008809040000000001,7695891,2019-05-27 15:44:41,BTC,0.032061,0.0,0.00000001,BTC,299316.7611111111,0.0,0.0001,126
1,[],4,[],2019-05-27 15:44:43,244438.12498154,0.00000600,0.0000000005285424000000001,7695892,2019-05-27 15:44:43,btc,4.031273598465489,0.0,0.00000600,btc,174140.3900662,0.2131033,0.3732207769016183,131
0,[],2,[],2019-01-20 23:25:46,0.0,0,0,6476969,2019-01-20 23:25:46,,0.0,0.0,0,,0.0,0.0,0.0,131
1,[],17,[],2019-05-03 01:13:10,10000.0,0.00000001,0.000000000000548003,7559115,2019-05-03 01:13:10,btc,0.0953976503951408,0.0,0.00000001,btc,5037.62507334,0.0,0.0001,131
1,[],4,[],2019-05-27 15:46:45,4730.73383561,0.00007919,0.000000006975878776000001,7695893,2019-05-27 15:46:45,btc,5.045796490836559,0.0,0.00007919,btc,247.17378338,0.0,0.0067932248091511,135
1,[],3,[],2019-05-27 15:46:46,448112.63331819,0.00000001,0.0000000000008809040000000001,7695894,2019-05-27 15:46:46,btc,0.2186890754189341,1001197.18998,0.00000001,btc,1859371.47493701,0.0,0.0044811263331819,136
1,[],4,[],2019-05-27 15:46:52,2485613.99368172,0.00000197,0.000000000173538088,7695895,2019-05-27 15:46:52,btc,107.3647622376203,0.0,0.00000197,btc,477994.15581391,0.02483913,0.676045249170066,137
1,[],12,[],2019-05-27 15:46:52,77441.69064803,0.0000022199999999999999207166319348250027587710064835846424102783203125,0.000000000195560688,7695896,2019-05-27 15:46:52,btc,57.77747206195783,0.0,0.0000022199999999999999207166319348250027587710064835846424102783203125,btc,48261.81344692,0.002373873846,0.0190356999999278,137
1,[],4,[],2019-05-27 15:46:53,101662.53314722,0.00001471,0.0000000012958097840000001,7695897,2019-05-27 15:46:53,btc,9.502080935179139,0.0,0.00001471,btc,141905.62637766,0.86861162,1.048222238157339,142
1,[],5,[],2019-05-27 15:46:55,0.0,0,0,7695898,2019-05-27 15:46:55,btc,0.0,0.00290689,0,btc,0.0,0.0,0.0,142
1,[],20,[],2019-05-27 15:48:58,209176.3411,0.00001425,0.0000000012552882000000002,7695899,2019-05-27 15:48:58,btc,1.6065841213894,4.98,0.00001425,btc,9788.8796,7.47e-05,0.0230693780891,142
1,[],22,[],2019-05-27 15:49:01,11028.645,0.00001000,0.0000000008809040000000001,7695900,2019-05-27 15:49:01,BTC,3.2754788,0.0,0.00001000,BTC,1133.9993657797618,0.0,0.00745365,142
0.0,[],25,[],2019-05-27 15:51:16,0.0,0,0,7695901,2019-05-27 15:51:16,,0.0,0.0,0.0,btc,0.0,0.0,0.0,142
0,[],28,[],2019-05-27 15:51:51,0.0,0,0,7695902,2019-05-27 15:51:51,,0.0,0.0,0,,0.0,0.0,0.0,142
1,[],17,[],2019-05-03 01:13:16,32967.38636364,0.00000088,0.000000000048224264,7559122,2019-05-03 01:13:16,btc,20.06976206696776,0.0,0.00000088,btc,2746.079105,0.0,0.0105613000000032,142
0,[],22,[],2019-05-27 15:51:54,0.0,0,0,7695903,2019-05-27 15:51:54,,65.51518676,0.0,0,,839924755.3,0.0,0.0,143
0,[],22,[],2019-02-25 15:42:22,0.0,0,0,6783783,2019-02-25 15:42:22,,4.2131946,0.0,0,,2322156.0,0.0,0.0,146
,[],22,[],2018-11-20 23:01:11,0.0,0,0,4862114,2018-11-20 23:01:11,,2.56807021,0.0,,,61828.4988236,0.0,0.0,147
1,[],12,[],2019-04-21 06:38:04,193091.5971266,0.00000071,0.000000000037635183,7388679,2019-04-21 06:38:04,btc,2.301232411611175,0.0,0.00000071,btc,9957.48302385,0.00023528,0.0313308199999888,148
1,[],4,[],2019-03-19 21:31:25,255810.0415942,0.00000029,0.000000000011615747,6982695,2019-03-19 21:31:25,btc,218.94922712414143,0.0,0.00000029,btc,793529.37642722,0.00117,0.0608347789473395,152
0,[],22,[],2019-03-19 21:31:27,0.0,0,0,6982696,2019-03-19 21:31:27,,0.0,0.0,0,,0.0,0.0,0.0,152
1,[],5,[],2019-04-26 09:36:59,0.0,0,0,7465040,2019-04-26 09:36:59,btc,0.0,0.0,0,btc,0.0,0.0,0.0,153
,[],16,[],2019-01-11 15:38:59,0.0,0,0,6366141,2019-01-11 15:38:59,btc,0.0,0.0,,btc,0.0,0.0,0.0,155
0,[],22,[],2019-05-27 15:51:58,0.0,0,0,7695904,2019-05-27 15:51:58,,7.44455324,0.0,0,,5955762.942592593,0.0,0.0,156
0,[],23,[],2019-01-20 23:24:29,0.0,0,0,6476932,2019-01-20 23:24:29,,0.0,0.0,0,,0.0,0.0,0.0,156
1,[],22,[],2019-05-27 15:52:02,7066.0,0.00000800,0.0000000007047232000000001,7695905,2019-05-27 15:52:02,BTC,1.79802465,0.0,0.00000800,BTC,802.6461988741639,0.0,0.00062996,157
0,[],22,[],2019-05-21 23:40:32,0.0,0,0,7665049,2019-05-21 23:40:32,,50234.60468402,0.0,0,,54786159.03179465,0.0,0.0,158
,[],17,[],2018-11-20 22:56:10,0.0,0,0,4861976,2018-11-20 22:56:10,btc,1.1265625,0.0,,btc,1000.0,0.0,0.0,159
,[],20,[],2018-11-20 22:56:12,0.0,0,0,4861977,2018-11-20 22:56:12,btc,11912.7940471,0.0,,btc,34413894.3617,0.0,0.0,159
1,[],12,[],2019-05-24 02:51:20,9178.522006449999,0.00000191999999999999982841307998027158276954651228152215480804443359375,0.000000000151222656,7676256,2019-05-24 02:51:20,btc,149.80414728631675,0.0,0.00000191999999999999982841307998027158276954651228152215480804443359375,btc,1115.7451448499999,0.01783167678326,0.0120075778999181,168
1,[],17,[],2019-05-03 01:13:36,42852.0,0.00000002,0.000000000001096006,7559132,2019-05-03 01:13:36,btc,0.04279856251542,0.0,0.00000002,btc,274.46171372,0.0,0.00052852,168
1,[],22,[],2019-05-17 03:01:52,10.0,0.00000001,0.000000000000778341,7642059,2019-05-17 03:01:52,BTC,41.95893009,0.0,0.00000001,BTC,1753972.7737547632,0.0,1e-07,169
1,[],22,[],2019-05-27 15:52:06,203664.0,0.00000002,0.0000000000017618080000000002,7695906,2019-05-27 15:52:06,BTC,27.86392436,0.0,0.00000002,BTC,461617.9785507793,0.0,0.00213428,171
1,[],22,[],2019-05-27 15:52:14,374870.0,0.00000002,0.0000000000017618080000000002,7695907,2019-05-27 15:52:14,BTC,24.05839818,0.0,0.00000002,"BTC,LTC",1217800.4355616204,0.001,0.0044847,173
1,[],5,[],2019-05-27 15:52:16,0.0,0,0,7695908,2019-05-27 15:52:16,btc,0.0,0.00213184,0,btc,0.0,0.0,0.0,175
1,[],22,[],2019-05-27 15:52:20,90671.0,0.00000001,0.0000000000008809040000000001,7695909,2019-05-27 15:52:20,BTC,394.35459412,0.0,0.00000001,BTC,136275.61833431243,0.0,0.00090671,176
1,[],7,[],2019-05-27 15:52:21,0.0,0,0,7695910,2019-05-27 15:52:21,btc,522274.2527355336,0.0,0,btc,26491907.34310775,0.0,0.0,178
0,[],22,[],2019-05-27 15:52:25,0.0,0,0,7695911,2019-05-27 15:52:25,,1.00242428,0.0,0,,57512.0,0.0,0.0,178
0,[],2,[],2019-01-20 23:28:34,0.0,0,0,6477001,2019-01-20 23:28:34,,0.0,0.0,0,,0.0,0.0,0.0,178
1,[],5,[],2019-05-27 15:52:27,0.0,0,0,7695912,2019-05-27 15:52:27,btc,0.0,0.05798621,0,btc,0.0,0.0,0.0,179
0,[],22,[],2019-05-27 15:52:30,0.0,0,0,7695913,2019-05-27 15:52:30,,5.31452491,0.0,0,,13426089.311946675,0.0,0.0,179
0,[],23,[],2019-01-20 23:25:08,0.0,0,0,6476952,2019-01-20 23:25:08,,0.0,0.0,0,,0.0,0.0,0.0,179
1,[],22,[],2019-05-27 15:54:34,668207.0606446359,0.00000105,0.00000000009249492,7695914,2019-05-27 15:54:34,BTC,39.29453341,0.0,0.00000105,"BTC,LTC",155164.6732478466,0.00830791,0.56691219,180
1,[],26,[],2019-05-27 15:54:34,0.0,0.00000010,0.000000000008809040000000001,7695915,2019-05-27 15:54:34,btc,0.0,0.0,0.00000010,btc,0.0,0.0,0.0,180
1,[],17,[],2019-05-03 01:13:56,20504.725000000002,0.0000001,0.00000000000548003,7559141,2019-05-03 01:13:56,btc,5.2010695838400265,0.0,0.0000001,btc,5033.45945,0.0,0.0011504725,180
,[],7,[],2018-11-20 22:58:01,562227.975654,0.00000085,0.000000000036176765,4862015,2018-11-20 22:58:01,btc,21836.6059674,2491.87645172,,btc,749999.041456,0.00211021,0.127565380455,183
,[],5,[],2019-01-10 08:11:41,0.0,0,0,6347036,2019-01-10 08:11:41,btc,82.15055501,0.00261,,btc,1.19002445,0.0,0.0,187
,[],17,[],2018-11-16 20:58:10,4062536.27273,0.00000001,0.000000000000550501,4708775,2018-11-16 20:58:10,btc,3.36492563466,0.195460381006,,"btc,eth",110697919.549,0.0,0.0157628953496,187
1,[],24,[],2019-05-22 21:04:52,0.0,0.000000000014,0.0000000000000010960978,7670219,2019-05-22 21:04:52,btc,0.0,0.0,0.000000000014,btc,0.0,0.0,0.0,187
0,[],22,[],2019-04-25 02:54:07,0.0,0,0,7447896,2019-04-25 02:54:07,,7.54794454,0.0,0,,76361.7243344055,0.0,0.0,191
0,[],22,[],2019-05-27 15:54:41,0.0,0,0,7695916,2019-05-27 15:54:41,,0.0,0.0,0,,0.0,0.0,0.0,197
0,[],23,[],2019-01-20 23:31:41,0.0,0,0,6477079,2019-01-20 23:31:41,,0.0,0.0,0,,0.0,0.0,0.0,199
0,[],22,[],2019-05-27 15:54:44,0.0,0,0,7695917,2019-05-27 15:54:44,,10.5462344,0.0,0,,98428037.0,0.0,0.0,199
1,[],26,[],2019-05-27 15:54:44,0.0,0.00000000,0,7695918,2019-05-27 15:54:44,btc,0.0,0.0,0.00000000,btc,0.0,0.0,0.0,199
0,[],2,[],2019-01-20 23:30:49,0.0,0,0,6477059,2019-01-20 23:30:49,,0.0,0.0,0,,0.0,0.0,0.0,201
1,[],4,[],2019-01-25 15:51:35,2084389.58565343,0.00000936,0.000000000333526752,6499557,2019-01-25 15:51:35,btc,2.0092503037378524,0.0,0.00000936,btc,160195.80207885,0.19272417,1.242687955921835,211
1,[],7,[],2019-05-27 15:54:48,1171921531.2591107,0.00000036,0.000000000031712544,7695919,2019-05-27 15:54:48,btc,15202343.806842016,805166.032295,0.00000036,btc,8949095.29597687,0.0,12.838581132970033,212
1,[],5,[],2019-05-27 15:54:50,0.0,0,0,7695920,2019-05-27 15:54:50,btc,0.0,0.10916942,0,btc,0.0,0.0,0.0,213
1,[],24,[],2019-05-27 15:54:50,0.0,0.000000090000,0.000000000007928136,7695921,2019-05-27 15:54:50,btc,0.0,0.0,0.000000090000,btc,0.0,0.0,0.0,213
1,[],26,[],2019-05-27 15:54:50,0.0,0.00000040,0.000000000035236160000000006,7695922,2019-05-27 15:54:50,btc,0.0,0.0,0.00000040,btc,0.0,0.0,0.0,213
1,[],12,[],2019-01-25 02:44:32,207462.42853209,0.000001080000000000000035831255497387193287295303889550268650054931640625,0.000000000038610756000000006,6493050,2019-01-25 02:44:32,btc,85023.03793723314,0.0,0.000001080000000000000035831255497387193287295303889550268650054931640625,btc,43675.73520027,0.000146250909087,0.0348620860622024,213
0,[],22,[],2019-05-27 15:54:52,0.0,0,0,7695923,2019-05-27 15:54:52,,9.61445386,0.0,0,,3661587.094064925,0.0,0.0,216
0,[],27,[],2019-05-27 15:54:58,0.0,0,0,7695924,2019-05-27 15:54:58,,70.5932045580052,0.0,0,"btc,ltc",399336.40768,0.0,0.0,216
1,[],22,[],2019-05-27 15:55:06,390833.0,0.0000003,0.000000000026427120000000004,7695925,2019-05-27 15:55:06,BTC,12054.75608742,0.0,0.0000003,BTC,410781.93767707155,0.03022255,0.01757587,217
1,[],7,[],2019-05-27 15:55:07,0.0,0,0,7695926,2019-05-27 15:55:07,btc,1234863.9718009047,0.0,0,btc,160745512.9208393,0.0,0.0,219
0,[],27,[],2019-05-27 15:55:16,0.0,0,0,7695927,2019-05-27 15:55:16,,0.386148123472,3578038.0,0,btc,2477931.8967,0.10734114,0.0,219
0,[],28,[],2019-05-27 15:56:05,0.0,0,0,7695928,2019-05-27 15:56:05,,0.0,6823246.5432,0,,0.0,0.0,0.0,219
1,[],22,[],2019-05-23 16:41:05,172069.0,0.00000004,0.0000000000031167080000000004,7674065,2019-05-23 16:41:05,BTC,56.76466137,0.0,0.00000004,BTC,127061.6482738741,0.0,0.00393676,221
1,[],24,[],2019-05-23 16:41:05,0.0,0.000000010000,0.0000000000007791770000000001,7674066,2019-05-23 16:41:05,btc,0.0,0.0,0.000000010000,btc,0.0,0.0,0.0,221
1,[],20,[],2019-05-27 15:56:08,7379377.9936,0.000000002,0.00000000000017618080000000002,7695929,2019-05-27 15:56:08,btc,100050.73133746968,351433.9166,0.000000002,btc,39821946.6784,0.0012866399998,0.007990654506,224
0,[],22,[],2019-05-27 15:56:11,0.0,0,0,7695930,2019-05-27 15:56:11,,0.0,0.0,0,,0.0,0.0,0.0,224
1,[],26,[],2019-05-27 15:56:12,0.0,0.00000026,0.000000000022903504000000003,7695931,2019-05-27 15:56:12,btc,0.0,0.0,0.00000026,btc,0.0,0.0,0.0,231
1,[],26,[],2019-05-27 15:56:12,0.0,0.00000006,0.000000000005285424000000001,7695932,2019-05-27 15:56:12,btc,0.0,0.0,0.00000006,btc,0.0,0.0,0.0,234
0,[],27,[],2019-05-27 15:56:25,0.0,0,0,7695933,2019-05-27 15:56:25,,0.01134836604,0.0,0,"btc,eth",11462.996,0.0,0.0,234
1,[],4,[],2019-05-22 17:06:12,91780.56053785,0.00000078,0.000000000061977552,7669277,2019-05-22 17:06:12,btc,5.573372450018177,0.0,0.00000078,btc,729173.93529783,0.0,0.0307060663355679,236
1,[],24,[],2019-05-22 17:06:12,0.0,0.000000010000,0.000000000000794584,7669278,2019-05-22 17:06:12,btc,0.0,0.0,0.000000010000,btc,0.0,0.0,0.0,236
1,[],5,[],2019-05-27 15:56:28,0.0,0,0,7695934,2019-05-27 15:56:28,btc,0.0,0.10981738,0,btc,0.0,0.0,0.0,237
1,[],20,[],2019-05-27 15:56:30,120750706.8616,0.000000037,0.0000000000032593448000000005,7695935,2019-05-27 15:56:30,btc,58794.12805411339,15989200.9193,0.000000037,btc,42435555.0623,0.6532433702129,0.4627620019554,237
1,[],22,[],2019-05-27 15:56:33,363100.0,0.00000003,0.0000000000026427120000000005,7695936,2019-05-27 15:56:33,BTC,1.20267422,0.0,0.00000003,"BTC,LTC",17930.94871794872,0.0,0.009791,237
1,[],4,[],2019-05-27 15:56:34,26402676.71844403,0.00000012,0.000000000010570848000000002,7695937,2019-05-27 15:56:34,btc,3.217024848577816,0.0,0.00000012,btc,9099133.27922655,0.0867281,0.5064401274334613,238
1,[],5,[],2019-05-27 15:56:36,0.0,0,0,7695938,2019-05-27 15:56:36,btc,0.0,0.00598144,0,btc,0.0,0.0,0.0,238
0,[],22,[],2019-03-12 16:49:32,0.0,0,0,6914458,2019-03-12 16:49:32,,0.40415746,0.0,0,,526736.5639027493,0.0,0.0,249
0,[],22,[],2019-05-27 15:56:39,0.0,0,0,7695939,2019-05-27 15:56:39,,13.44714864,0.0,0,,43777534.3426455,0.0,0.0,252
0,[],28,[],2019-05-27 15:57:16,0.0,0,0,7695940,2019-05-27 15:57:16,,0.0,202962.620086,0,,0.0,0.0,0.0,256
1,[],22,[],2019-05-27 15:57:19,1051629.0,0.00000001,0.0000000000008809040000000001,7695941,2019-05-27 15:57:19,BTC,21.85890394,0.0,0.00000001,BTC,545143.7509808998,0.0,0.01051629,258
1,[],22,[],2019-05-19 18:12:02,400.0,0.00000001,0.0000000000007957800000000001,7653905,2019-05-19 18:12:02,BTC,2.415167,0.0,0.00000001,BTC,157.0,0.0,4e-06,259
1,[],5,[],2019-05-27 15:57:21,0.0,0,0,7695942,2019-05-27 15:57:21,btc,0.0,0.06506239,0,btc,0.0,0.0,0.0,264
1,[],20,[],2019-05-27 15:57:23,980215.6101,0.000000141,0.000000000012420746400000002,7695943,2019-05-27 15:57:23,btc,0.9781749883409,34445.0479,0.000000141,btc,52160.9707,0.018608795628,0.0109257346087,264
0,[],22,[],2019-04-12 17:57:27,0.0,0,0,7278186,2019-04-12 17:57:27,,66.37522201,0.0,0,,677842.4169881374,0.0,0.0,271
0,[],22,[],2019-05-27 15:57:25,0.0,0,0,7695944,2019-05-27 15:57:25,,33050470.74998113,0.0,0,,14361377780.7,0.0,0.0,272
0,[],28,[],2019-05-27 15:57:51,0.0,0,0,7695945,2019-05-27 15:57:51,,0.0,57863246845.344,0,,0.0,0.0,0.0,272
1,[],22,[],2019-05-23 07:12:29,219930.0,0.00000004,0.000000000003048688,7671985,2019-05-23 07:12:29,BTC,426.77835217,0.0,0.00000004,BTC,248664.3325962929,0.0,0.00739728,281
1,[],22,[],2019-05-27 15:57:56,583671.6,0.00000006,0.000000000005285424000000001,7695946,2019-05-27 15:57:56,BTC,31.63007683,0.0,0.00000006,"BTC,LTC",1187125.857672661,0.00772962,0.02307943,286
0,[],22,[],2019-05-27 15:57:58,0.0,0,0,7695947,2019-05-27 15:57:58,,7337904.96568486,0.0,0,,2004620112.6797826,0.0,0.0,294
