pairValue,buyBook,exchangeId,sellBook,updated,buyTotal,satoshiPrice,usdPrice,exchangeLogId,created,bestPair,sellTotalBtc,volume,pairPrice,activePairs,sellTotal,volumeBtc,buyTotalBtc,coinId
1,[],3,[],2019-03-09 16:59:11,30540.06507805435,0.012535839999999999483382140397225157357752323150634765625,0.0000004923125228159999,6888344,2019-03-09 16:59:11,btc,61.090873048236126,0.0,0.012535839999999999483382140397225157357752323150634765625,btc,23.517037903765,0.0,0.24429040009410652,1
1,[],4,[],2019-03-09 16:59:12,207742.71437416,0.01265504,0.000000496993792896,6888345,2019-03-09 16:59:12,btc,10.094757720633984,0.0,0.01265504,btc,326.4391676,0.84764074,0.9908784488169713,1
1,[],5,[],2019-03-09 16:59:16,0.0,0,0,6888346,2019-03-09 16:59:16,btc,0.0,0.01531754,0,btc,0.0,0.0,0.0,1
1,[],10,[],2019-03-09 16:59:18,413914.29982795,0.00998285,0.00000039205047834,6888347,2019-03-09 16:59:18,btc,6522.002769284478,1498.56373087,0.00998285,btc,1087.35530212,0.0,4.885624154316337,1
1,[],12,[],2019-03-09 16:59:21,107.00997450999999,0.01255000000000000039135361618036768049933016300201416015625,0.00000049286862,6888348,2019-03-09 16:59:21,btc,0.3042247553124,0.0,0.01255000000000000039135361618036768049933016300201416015625,btc,22.81752217,0.0624713524359,0.3410013561817,1
1,[],20,[],2019-03-09 16:59:23,1152.4748,0.010500222,0.0000004123689184728,6888349,2019-03-09 16:59:23,btc,0.0554564840491,0.0,0.010500222,btc,2.4799,0.0,0.0959558605309,1
1,[],21,[],2019-03-09 16:59:23,2357.55244896,0.01257020000000000012341239142,0.00000049366192248,6888350,2019-03-09 16:59:23,btc,21.742289180900066,2987.11794794,0.0125702000000000001234123914173324010334908962249755859375,"btc,eth",2377.92432228,32.830014509244286,21.426843398370696,1
1,[],22,[],2019-03-09 16:59:28,0.0059712,0.01250000,0.000000490905,6888351,2019-03-09 16:59:28,BTC,0.31439419,0.0,0.01250000,BTC,0.12751438772928525,0.0,7.464e-05,1
1,[],24,[],2019-03-09 16:59:28,0.0,0.000000000000,0,6888352,2019-03-09 16:59:28,btc,0.0,0.0,0.000000000000,btc,0.0,0.0,0.0,1
0.0,[],25,[],2019-03-09 16:59:29,0.0,0,0,6888353,2019-03-09 16:59:29,btc,14.254699998994775,49.29488591,0.0,btc,1098.97701389,0.636,0.0,1
1,[],26,[],2019-03-09 16:59:38,0.0,0,0,6888354,2019-03-09 16:59:38,,0.0,0.0,0,,0.0,0.0,0.0,1
1,[],28,[],2019-03-09 16:59:40,993.142,0.01323000,0.000000519573852,6888355,2019-03-09 16:59:40,btc,0.147901439075,18222.55,0.01323000,btc,7.9421,0.0,0.089302756,1
0,[],2,[],2019-01-20 23:28:45,0.0,0,0,6477011,2019-01-20 23:28:45,,0.0,0.0,0,,0.0,0.0,0.0,1
1,[],5,[],2019-03-09 16:59:42,0.0,0,0,6888356,2019-03-09 16:59:42,btc,0.0,0.00381531,0,btc,0.0,0.0,0.0,2
0,[],22,[],2019-03-09 16:59:45,0.0,0,0,6888357,2019-03-09 16:59:45,,0.0,0.0,0,,0.0,0.0,0.0,2
1,[],5,[],2019-03-09 16:59:47,0.0,0,0,6888358,2019-03-09 16:59:47,btc,0.0,0.66767645,0,btc,0.0,0.0,0.0,3
1,[],12,[],2019-03-09 16:59:48,1893432.5894,0.000000177,0.0000000000069512148,6888359,2019-03-09 16:59:48,btc,22810.25198405414,0.0,0.000000177,btc,968684.6544,0.05560086578049554,0.2737203164238,3
0,[],28,[],2019-03-09 16:59:49,0.0,0,0,6888360,2019-03-09 16:59:49,,0.0,0.0,0,,0.0,0.0,0.0,3
0,[],2,[],2019-01-20 23:31:32,0.0,0,0,6477077,2019-01-20 23:31:32,,0.0,0.0,0,,0.0,0.0,0.0,4
1,[],4,[],2019-03-09 16:59:51,397748.74579576,0.00000033,0.000000000012959891999999999,6888361,2019-03-09 16:59:51,btc,32.1722760577187,0.0,0.00000033,btc,710397.77475616,0.0,0.0487285946074876,4
1,[],12,[],2019-03-09 16:59:52,364807.0,0.00000002,0.000000000000785448,6888362,2019-03-09 16:59:52,btc,1111742.12964609,0.0,0.00000002,btc,542645.0,0.0,0.0047558800000000005,5
0,[],2,[],2019-01-20 23:31:51,0.0,0,0,6477087,2019-01-20 23:31:51,,0.0,0.0,0,,0.0,0.0,0.0,6
1,[],11,[],2019-03-09 16:59:54,4731978.6305,0.00000002,0.000000000000785448,6888363,2019-03-09 16:59:54,btc,9568.128864517479,53083.8695,0.00000002,btc,42650286.853213936,0.0,0.06211440761,6
1,[],3,[],2019-03-09 16:59:55,1084.044764001546,0.0001520100000000000031903646391384654634748585522174835205078125,0.000000005969797524,6888364,2019-03-09 16:59:55,btc,29.634085403952064,0.0,0.0001520100000000000031903646391384654634748585522174835205078125,btc,239.122414578101,0.0,0.03373032000295967,7
1,[],4,[],2019-03-09 16:59:56,99921.98397642,0.00025338,0.000000009950840712,6888365,2019-03-09 16:59:56,btc,10.540798702411058,0.0,0.00025338,btc,31931.37538741,2.79948765,6.9105655669856185,7
1,[],5,[],2019-03-09 16:59:57,0.0,0,0,6888366,2019-03-09 16:59:57,btc,0.0,0.35119444,0,btc,0.0,0.0,0.0,7
1,[],20,[],2019-02-20 02:16:17,39399275.8418,0.000000001,0.0000000000000390183,6728586,2019-02-20 02:16:17,btc,116.9737569154545,525.0,0.000000001,btc,56932965.8895,5.25e-07,0.0393992758418,8
0,[],2,[],2019-01-20 23:22:42,0.0,0,0,6476876,2019-01-20 23:22:42,,0.0,0.0,0,,0.0,0.0,0.0,9
0,[],23,[],2019-01-20 23:22:48,0.0,0,0,6476878,2019-01-20 23:22:48,,0.0,0.0,0,,0.0,0.0,0.0,9
1,[],4,[],2019-03-09 16:59:59,1119208.94064188,0.00000149,0.00000000005851587599999999,6888367,2019-03-09 16:59:59,btc,5.750946248075686,0.0,0.00000149,btc,2957842.21443942,1.78075671,0.8860076894376664,9
1,[],28,[],2019-03-09 17:00:01,38863.15,0.00000166,0.000000000065192184,6888368,2019-03-09 17:00:01,btc,2708.782203270583,3579576.14,0.00000166,btc,24261.1497,0.0,0.035782829,9
1,[],1,[],2019-02-17 23:31:42,1822507.21,0.00000181000000000000003456111265232042484285557293333113193511962890625,0.000000000066086901,6701244,2019-02-17 23:31:42,btc,3.6990969245,17153386.5,0.00000181000000000000003456111265232042484285557293333113193511962890625,btc,1997391.71,31.11772986,3.2610482446,9
1,[],4,[],2019-02-17 11:22:43,4341674.27126056,0.00000002,0.0000000000007272960000000001,6696112,2019-02-17 11:22:43,btc,0.1997230937751353,0.0,0.00000002,btc,4109766.79808031,0.00215132,0.0479381022052112,10
0,[],2,[],2019-01-20 23:23:08,0.0,0,0,6476890,2019-01-20 23:23:08,,0.0,0.0,0,,0.0,0.0,0.0,12
1,[],4,[],2019-03-09 17:00:02,6259761.32785518,0.00000119,0.000000000046734156,6888369,2019-03-09 17:00:02,btc,7.495351270978055,0.0,0.00000119,btc,4364303.27352801,1.72132271,3.7338500741947223,12
1,[],5,[],2019-03-09 17:00:04,0.0,0,0,6888370,2019-03-09 17:00:04,btc,0.0,0.21930021,0,btc,0.0,0.0,0.0,12
0.0,[],25,[],2019-03-09 17:00:05,0.0,0,0,6888371,2019-03-09 17:00:05,,0.0,0.0,0.0,btc,0.0,0.0,0.0,12
1,[],4,[],2019-03-09 17:00:07,32032612.33042044,0.00000585,0.00000000022974354,6888372,2019-03-09 17:00:07,btc,3.1018885817451407,0.0,0.00000585,btc,422366.69814574,0.41239497,1.3562774260475787,13
1,[],10,[],2019-03-09 17:00:09,395585.46931811,0.00000578,0.00000000022699447199999998,6888373,2019-03-09 17:00:09,btc,666801.3272307814,7510.82368685,0.00000578,btc,717786.22940724,0.0,0.2512595535202012,13
1,[],21,[],2019-03-09 17:00:10,967231.16610924,0.000005839999999999999989838857239,0.000000000229350816,6888374,2019-03-09 17:00:10,btc,4.250310168642808,498044.06297516,0.000005839999999999999989838857239465852444482152350246906280517578125,btc,647024.72499018,2.93177382,5.334868918801065,13
0,[],17,[],2019-03-09 11:52:54,0.0,0,0,6887078,2019-03-09 11:52:54,btc,0.0,0.0,0,btc,0.0,0.0,0.0,14
1,[],4,[],2019-03-09 17:00:11,702896.1048249,0.00000130,0.00000000005105412,6888375,2019-03-09 17:00:11,btc,6.073735377357427,0.0,0.00000130,btc,864565.3040181,0.01279536,0.1450349449084163,14
1,[],12,[],2019-03-09 17:00:13,267317.0,0.0000015000000000000000380012861456169304119612206704914569854736328125,0.0000000000589086,6888376,2019-03-09 17:00:13,btc,0.1035004212246051,0.0,0.0000015000000000000000380012861456169304119612206704914569854736328125,btc,8697.43945403,0.0009988959999905,0.034186589999999996,14
1,[],26,[],2019-03-09 17:00:24,0.0,0.00000050,0.0000000000196362,6888377,2019-03-09 17:00:24,btc,0.0,0.0,0.00000050,btc,0.0,0.0,0.0,14
,[],12,[],2018-12-01 15:15:48,204241.84496,0.00000489,0.000000000202473384,5260204,2018-12-01 15:15:48,btc,49.5475654835,0.0,,btc,35763.2193806,0.0163153972027625,0.0203389899998,15
0,[],4,[],2019-03-09 17:00:26,0.0,0,0,6888378,2019-03-09 17:00:26,,0.0,0.0,0,,0.0,0.0,0.0,15
0,[],2,[],2019-01-20 23:23:38,0.0,0,0,6476906,2019-01-20 23:23:38,,0.0,0.0,0,,0.0,0.0,0.0,18
1,[],4,[],2019-03-09 17:00:27,34617.62065054,0.00001713,0.000000000672736212,6888379,2019-03-09 17:00:27,btc,4.1869763406843905,0.0,0.00001713,btc,18485.01231558,0.03495435,0.0759946956222808,18
1,[],10,[],2019-03-09 17:00:29,785690.83111445,0.00001709,0.000000000671165316,6888380,2019-03-09 17:00:29,btc,15.370573701718024,11698.6407507,0.00001709,btc,12401.16548778,0.0,0.1695478178448721,18
1,[],12,[],2019-03-09 17:00:30,362129.15316574,0.00001629999999999999979178981479588372849320876412093639373779296875,0.0000000006401401199999999,6888381,2019-03-09 17:00:30,btc,33008.93592891957,0.0,0.00001629999999999999979178981479588372849320876412093639373779296875,btc,711.91535114,0.0085885867357688,0.0223730359767335,18
0,[],17,[],2019-03-09 13:52:52,0.0,0,0,6887630,2019-03-09 13:52:52,btc,0.0,0.0,0,btc,0.0,0.0,0.0,18
0,[],2,[],2019-01-20 23:24:19,0.0,0,0,6476924,2019-01-20 23:24:19,,0.0,0.0,0,,0.0,0.0,0.0,19
1,[],3,[],2019-03-09 17:00:42,117158.01096857536,0.0000211899999999999987128872225294884401591843925416469573974609375,0.0000000008321821559999999,6888382,2019-03-09 17:00:42,btc,0.5015360450544264,41.2234724088,0.0000211899999999999987128872225294884401591843925416469573974609375,btc,8996.002240219015,0.0,0.013651268598757465,19
1,[],4,[],2019-03-09 17:00:43,267510.58231215,0.00002111,0.000000000829040364,6888383,2019-03-09 17:00:43,btc,3.054694913831681,0.0,0.00002111,btc,91572.58796638,0.99329748,2.757356307563136,19
1,[],5,[],2019-03-09 17:00:45,0.0,0,0,6888384,2019-03-09 17:00:45,btc,0.0,0.01079364,0,btc,0.0,0.0,0.0,19
1,[],12,[],2019-03-09 17:00:46,169366.28395061,0.000012180000000000000274689125612237461382392211817204952239990234375,0.000000000478337832,6888385,2019-03-09 17:00:46,btc,0.2234951522757944,0.0,0.000012180000000000000274689125612237461382392211817204952239990234375,btc,365.56200924,0.0,0.0290225099999115,19
0,[],27,[],2019-03-09 17:00:48,0.0,0,0,6888386,2019-03-09 17:00:48,,0.0,0.0,0,btc,0.0,0.0,0.0,19
1,[],4,[],2019-03-09 17:00:49,2767568.33458408,0.00000013,0.000000000005105412,6888387,2019-03-09 17:00:49,btc,7.382784462698313,0.0,0.00000013,btc,2874741.63197908,0.00047882,0.0765393736793779,20
0,[],17,[],2019-03-09 14:51:57,0.0,0,0,6887837,2019-03-09 14:51:57,btc,0.0,0.0,0,btc,0.0,0.0,0.0,21
1,[],4,[],2019-03-09 17:00:50,103815793.72147027,0.00000002,0.000000000000785448,6888388,2019-03-09 17:00:50,btc,1847.863256175191,0.0,0.00000002,btc,54908384.6818267,0.0,1.1630563175500457,21
1,[],12,[],2019-03-09 17:00:50,1359458.0,0.00000001,0.000000000000392724,6888389,2019-03-09 17:00:50,btc,1247.5066061495404,0.0,0.00000001,btc,2415596.97702298,0.0,0.01359458,21
1,[],12,[],2019-03-09 17:00:58,2413796014.0,0.0000000001,0.00000000000000392724,6888390,2019-03-09 17:00:58,btc,11168.527574342515,0.0,0.0000000001,btc,1424565299.0733156,0.006756032483716282,0.2413796014,23
0,[],27,[],2019-03-09 17:01:00,0.0,0,0,6888391,2019-03-09 17:01:00,,13.51825636659341,0.0,0,eth,2066931.35514486,0.0,0.0,23
1,[],4,[],2019-03-09 17:01:01,594002.43141501,0.00000046,0.000000000018065304,6888392,2019-03-09 17:01:01,btc,9.429108232315182,0.0,0.00000046,btc,1609763.67661411,0.00273855,0.158001375793835,24
1,[],22,[],2019-03-09 17:01:05,11.76,0.00000100,0.0000000000392724,6888393,2019-03-09 17:01:05,BTC,7.415e-05,0.0,0.00000100,BTC,23.919354838709676,0.0,1.176e-05,24
0.0,[],25,[],2019-03-09 17:01:06,0.0,0,0,6888394,2019-03-09 17:01:06,,0.0,0.0,0.0,btc,0.0,0.0,0.0,24
0,[],2,[],2019-01-20 23:25:56,0.0,0,0,6476976,2019-01-20 23:25:56,,0.0,0.0,0,,0.0,0.0,0.0,26
1,[],4,[],2019-03-09 17:01:07,26578648.48343629,0.00000637,0.000000000250165188,6888395,2019-03-09 17:01:07,btc,132.41086537690268,0.0,0.00000637,btc,253691.21870077,0.12036009,0.4446593140010715,26
1,[],10,[],2019-03-09 17:01:09,686109.99873443,0.00000601,0.000000000236027124,6888396,2019-03-09 17:01:09,btc,26.12763143251264,4312.48372441,0.00000601,btc,14082.23878667,0.0,0.2137617411445374,26
1,[],3,[],2019-03-09 17:01:10,8436944.19501412,0.00000001,0.000000000000392724,6888397,2019-03-09 17:01:10,btc,2.2726296885456243,36325.6863216,0.00000001,btc,17764994.65743837,0.0,0.08436944195014119,27
1,[],5,[],2019-03-09 17:01:12,0.0,0,0,6888398,2019-03-09 17:01:12,btc,0.0,3.325e-05,0,btc,0.0,0.0,0.0,27
1,[],11,[],2019-03-09 17:01:14,9461840.38103613,0.00000005,0.0000000000019636199999999997,6888399,2019-03-09 17:01:14,btc,67506.32843704063,170.63047893,0.00000005,btc,7972152.75036371,0.0,0.44099231334143857,27
1,[],4,[],2019-03-09 17:01:15,2166653633.184533,0.00000001,0.000000000000392724,6888400,2019-03-09 17:01:15,btc,3.325105918327141,0.0,0.00000001,"btc,ltc",217060742.78468245,0.23492826,9.966481153254687,29
1,[],7,[],2019-03-09 17:01:17,35576600.71560571,0.00000001,0.000000000000392724,6888401,2019-03-09 17:01:17,btc,44461616.56853579,721286.213786,0.00000001,btc,46746519.45179288,0.01442572,0.35576600715605716,29
0,[],17,[],2019-03-09 15:07:59,0.0,0,0,6888050,2019-03-09 15:07:59,btc,0.0,0.0,0,btc,0.0,0.0,0.0,30
1,[],4,[],2019-03-09 17:01:18,2431600.50143421,0.00000023,0.000000000009032652,6888402,2019-03-09 17:01:18,btc,2.6457091954233314,0.0,0.00000023,btc,2005186.97090064,0.01836522,0.1227710840234799,30
1,[],4,[],2019-03-09 17:01:20,166117.97482444,0.00005583,0.0000000021925780919999997,6888403,2019-03-09 17:01:20,btc,10.890194121461803,0.0,0.00005583,btc,135316.13902679,2.97762494,1.1685795438163573,31
1,[],21,[],2019-03-09 17:01:20,88119.21662883,0.00005572000000000000184078446930,0.000000002188258128,6888404,2019-03-09 17:01:20,btc,6.877560660262524,361972.99119117,0.000055720000000000001840784469298029080164269544184207916259765625,btc,108318.10641672,19.80893112,4.550437628709286,31
0,[],2,[],2019-01-20 23:28:43,0.0,0,0,6477009,2019-01-20 23:28:43,,0.0,0.0,0,,0.0,0.0,0.0,32
1,[],4,[],2019-03-09 16:52:49,411371740.77282125,0.00000004,0.000000000001574908,6888209,2019-03-09 16:52:49,btc,10.608058645160549,0.0,0.00000004,"btc,ltc",198871610.68541744,0.13543162,9.742523622092408,33
1,[],12,[],2019-03-09 16:52:50,24032152.54000004,0.00000004,0.000000000001574908,6888210,2019-03-09 16:52:50,btc,1311833.8457115563,0.0,0.00000004,btc,15313322.92407588,0.012691019060939,0.5738003119600016,33
1,[],4,[],2019-03-09 17:01:22,111281793.26242524,0.00000001,0.000000000000392724,6888405,2019-03-09 17:01:22,btc,3.4991367348236317,0.0,0.00000001,btc,99888697.50497656,0.04579452,1.1128179326242524,34
1,[],5,[],2019-03-09 17:01:23,0.0,0,0,6888406,2019-03-09 17:01:23,btc,0.0,0.03157344,0,btc,0.0,0.0,0.0,34
0,[],17,[],2019-03-09 15:08:09,0.0,0,0,6888057,2019-03-09 15:08:09,btc,0.07464582813542196,0.0,0,btc,4105386.20243647,0.0,0.0,36
0.0000000001448468,[],4,[],2019-03-09 17:01:24,1472077450.5653334,1.448468e-18,5.688481468319999e-23,6888407,2019-03-09 17:01:24,ltc,4.1963320695313735e-08,0.0,0.00000001,ltc,6342619096.469583,0.0,2.1322570806654673e-09,36
1,[],5,[],2019-03-09 17:01:27,0.0,0,0,6888408,2019-03-09 17:01:27,btc,0.0,0.0,0,btc,0.0,0.0,0.0,36
0.00000000034716120000000004,[],27,[],2019-03-09 17:01:30,1090000.0,3.471612e-18,1.363385351088e-22,6888409,2019-03-09 17:01:30,eth,222.5593939951224,0.0,0.00000001,"ltc,eth",11165410.31026039,0.0,1.713238528e-12,36
1,[],4,[],2019-03-09 16:53:00,254651.06351548,0.00000059,0.000000000023229893,6888216,2019-03-09 16:53:00,btc,19772.478254128946,0.0,0.00000059,btc,559465.1149379,0.00662992,0.1110359443469791,37
1,[],12,[],2019-03-09 16:53:01,404856.33084086,0.00000062,0.000000000024411074,6888217,2019-03-09 16:53:01,btc,9.700574219688207,0.0,0.00000062,btc,293633.19598875,0.0739367346638481,0.12173215894821769,37
1,[],27,[],2019-03-09 16:53:04,14685.567,0.00000045,0.000000000017717715,6888218,2019-03-09 16:53:04,btc,25.74903392619233,0.0,0.00000045,btc,6518.38138508,0.0,0.00480032515,37
1,[],17,[],2019-03-09 14:52:51,1752.74075282,0.00000025,0.0000000000098297,6887863,2019-03-09 14:52:51,btc,0.055484923777095005,0.0,0.00000025,btc,1319.19918473,0.0,0.00043818518820499993,37
1,[],5,[],2019-03-09 17:01:32,0.0,0,0,6888410,2019-03-09 17:01:32,btc,0.0,0.09389959,0,btc,0.0,0.0,0.0,42
1,[],12,[],2019-03-09 17:01:34,256006.22236885,0.000001089999999999999940087530049537267728965161950327455997467041015625,0.000000000042806915999999996,6888411,2019-03-09 17:01:34,btc,0.2956768563789937,0.0,0.000001089999999999999940087530049537267728965161950327455997467041015625,btc,37256.2852022,0.1202642727282063,0.0202503097505891,42
0.00000000034716120000000004,[],27,[],2019-03-09 17:01:38,2000.0,3.471612e-18,1.363385351088e-22,6888412,2019-03-09 17:01:38,eth,0.00315028,0.0,0.00000001,"btc,eth",11.007,0.0,6.943224000000001e-15,42
0,[],17,[],2019-03-09 15:08:22,0.0,0,0,6888064,2019-03-09 15:08:22,btc,0.0,0.0,0,btc,0.0,0.0,0.0,43
1,[],5,[],2019-03-09 17:01:40,0.0,0,0,6888413,2019-03-09 17:01:40,btc,0.0,0.0028864,0,btc,0.0,0.0,0.0,43
1,[],12,[],2019-03-09 17:01:41,1121342.0,0.00000001,0.000000000000392724,6888414,2019-03-09 17:01:41,btc,1.8504711194405596,0.0,0.00000001,btc,4456703.97202798,0.0005494505494504,0.01121342,43
1,[],12,[],2019-03-05 01:54:08,639326.02,0.00000004,0.000000000001486676,6845775,2019-03-05 01:54:08,btc,11116042.728239931,0.0,0.00000004,btc,1103841.4595604,0.0003330765234764,0.014975410599999999,44
1,[],4,[],2019-03-09 17:01:53,298684866.09744054,0.00000003,0.000000000001178172,6888415,2019-03-09 17:01:53,btc,473.7242814751205,0.0,0.00000003,"btc,ltc",11058958.09859804,0.0484048,0.2844145983866811,49
0.0000000001448468,[],4,[],2019-03-09 17:01:54,445756913.583488,1.448468e-18,5.688481468319999e-23,6888416,2019-03-09 17:01:54,ltc,25.93605946304601,0.0,0.00000001,ltc,10000858027.006735,0.0,6.456646251044477e-10,52
0.0000000001232584,[],22,[],2019-03-09 17:01:58,80845862.0,1.232584e-18,4.84065318816e-23,6888417,2019-03-09 17:01:58,XMR,4366.97466637,0.0,0.00000001,XMR,255820234.67882353,0.0,0.80845862,57
0.00000000034716120000000004,[],27,[],2019-03-09 17:02:00,2000.0,3.471612e-18,1.363385351088e-22,6888418,2019-03-09 17:02:00,eth,0.0,0.0,0.00000001,"btc,eth",0.0,0.0,6.943224000000001e-15,57
0.0000000001448468,[],4,[],2019-03-09 17:02:01,556894923.3319616,2.896936e-18,1.1376962936639999e-22,6888419,2019-03-09 17:02:01,ltc,18.807189268298124,0.0,0.00000002,ltc,4855263782.245953,0.0,1.1699398915709803e-09,58
1,[],12,[],2019-03-09 17:02:02,1065154661.0,0.0000000003,0.00000000000001178172,6888420,2019-03-09 17:02:02,btc,2911879.106348054,0.0,0.0000000003,btc,1607612279.3446553,0.07879151247242759,0.2686470852,58
0,[],17,[],2019-03-09 17:02:03,0.0,0,0,6888421,2019-03-09 17:02:03,btc,1e+24,0.0,0,btc,49306342.21952568,0.0,0.0,58
0.0000000001232584,[],22,[],2019-03-09 17:02:07,137438.0,1.232584e-18,4.84065318816e-23,6888422,2019-03-09 17:02:07,XMR,69.8835922,0.0,0.00000001,XMR,9887963.0,0.0,0.00137438,58
1,[],5,[],2019-03-09 17:02:09,0.0,0,0,6888423,2019-03-09 17:02:09,btc,0.0,1.916e-05,0,btc,0.0,0.0,0.0,61
1,[],22,[],2019-03-09 17:02:13,13757.0,0.00000012,0.000000000004712688,6888424,2019-03-09 17:02:13,BTC,1002.2960049,0.0,0.00000012,BTC,14976.68361146909,0.0,0.00154987,61
1,[],26,[],2019-03-09 17:02:13,0.0,0.00000800,0.0000000003141792,6888425,2019-03-09 17:02:13,btc,0.0,0.0,0.00000800,btc,0.0,0.0,0.0,61
1,[],27,[],2019-03-09 17:02:15,4411.22008,0.00000047,0.000000000018458028,6888426,2019-03-09 17:02:15,btc,2.8990263703141324,0.0,0.00000047,"btc,eth",19485.01257617,0.0,0.0012437599595200364,61
1,[],28,[],2019-03-09 17:02:17,13880.304,0.0000005,0.0000000000196362,6888427,2019-03-09 17:02:17,btc,2.056312978300105,668.0,0.0000005,btc,9730.59500005,0.0,0.00566391304,61
1,[],4,[],2019-03-09 17:02:18,1343803.13706267,0.00000203,0.000000000079722972,6888428,2019-03-09 17:02:18,btc,9.04210573477948,0.0,0.00000203,btc,750319.56946115,0.0689589,1.0017746716751985,67
0.0,[],25,[],2019-03-09 17:02:20,0.0,0,0,6888429,2019-03-09 17:02:20,,0.0,0.0,0.0,btc,0.0,0.0,0.0,67
1,[],12,[],2019-03-09 17:02:21,288892.08507614,0.00000028,0.000000000010996272,6888430,2019-03-09 17:02:21,btc,1127052.6208436072,0.0,0.00000028,btc,1102972.68393928,0.0182289638455626,0.0585706499343983,71
,[],5,[],2018-11-20 23:02:39,1.5e-07,0.00000005,0.000000000002128045,4862160,2018-11-20 23:02:39,btc,2.84511358,0.0,,btc,0.00036572,0.0,0.07381892,74
1,[],5,[],2019-03-09 17:02:23,0.0,0,0,6888431,2019-03-09 17:02:23,btc,0.0,0.0,0,btc,0.0,0.0,0.0,75
0,[],20,[],2019-01-25 09:30:31,0.0,0,0,6495923,2019-01-25 09:30:31,btc,0.0,0.0,0,btc,0.0,0.0,0.0,81
1,[],4,[],2019-03-09 17:02:25,13147768.81424166,0.00000001,0.000000000000392724,6888432,2019-03-09 17:02:25,btc,11388.985544584346,0.0,0.00000001,btc,40019471.49932191,0.0,0.1314776881424166,81
1,[],4,[],2019-03-09 17:02:27,24069.56196267,0.00007618,0.0000000029917714319999997,6888433,2019-03-09 17:02:27,btc,18.13031689568914,0.0,0.00007618,btc,12428.1689142,0.0253868,0.1069343667991026,82
1,[],21,[],2019-03-09 17:02:28,765047.15349694,0.00007451000000000000320337506521,0.000000002926186524,6888434,2019-03-09 17:02:28,btc,3.5393696375407533,3941.53969334,0.000074510000000000003203375065208291516682947985827922821044921875,btc,42388.10991782,0.29465244,2.8938230757308374,82
0,[],17,[],2019-03-09 17:02:30,0.0,0,0,6888435,2019-03-09 17:02:30,btc,0.0447233088476774,0.0,0,btc,999127.19588126,0.0,0.0,84
0.0000000001448468,[],4,[],2019-03-09 17:02:30,100001298.99971348,2.896936e-18,1.1376962936639999e-22,6888436,2019-03-09 17:02:30,ltc,1.7493646371349671,0.0,0.00000002,ltc,414555296.7845717,0.0,1.619395459604146e-10,85
,[],22,[],2018-11-20 23:09:34,3408.1,0.0000001,0.0000000000041895,4862324,2018-11-20 23:09:34,BTC,0.04624735,0.0,,BTC,4990.0,0.0,0.00033081,86
1,[],22,[],2019-03-09 17:02:34,122000.0,0.00000003,0.000000000001178172,6888437,2019-03-09 17:02:34,BTC,2.078122,0.0,0.00000003,BTC,169918.94736842104,0.0,0.00186,87
0,[],27,[],2019-03-09 17:02:40,0.0,0,0,6888438,2019-03-09 17:02:40,,0.0,0.0,0,btc,0.0,0.0,0.0,87
,[],2,[],2018-11-20 23:10:47,0.0,0,0,4862359,2018-11-20 23:10:47,,0.0,0.0,,,0.0,0.0,0.0,88
1,[],11,[],2019-03-09 17:02:42,95970.39637642,0.0001471199999999999873286082863188539704424329102039337158203125,0.000000005777755487999999,6888439,2019-03-09 17:02:42,btc,610.8384031441365,6311.27441818,0.0001471199999999999873286082863188539704424329102039337158203125,btc,95224.22767883,0.0,6.70779359907268,89
0,[],2,[],2019-01-20 23:31:45,0.0,0,0,6477083,2019-01-20 23:31:45,,0.0,0.0,0,,0.0,0.0,0.0,91
1,[],12,[],2019-03-09 16:54:14,249154.60918416,0.000001300000000000000047051663780439678674838432925753295421600341796875,0.000000000051184510000000004,6888248,2019-03-09 16:54:14,btc,61.50950969856501,0.0,0.000001300000000000000047051663780439678674838432925753295421600341796875,btc,117223.39688841,0.0019977386489808,0.0377214388999043,91
1,[],22,[],2019-03-09 16:54:28,65900.0,0.00000001,0.000000000000393727,6888249,2019-03-09 16:54:28,BTC,3e-06,0.0,0.00000001,BTC,1.0,0.0,0.000659,91
0,[],17,[],2019-03-09 14:54:17,0.0,0,0,6887897,2019-03-09 14:54:17,btc,0.0,0.0,0,btc,0.0,0.0,0.0,91
0,[],22,[],2019-03-09 17:02:45,0.0,0,0,6888440,2019-03-09 17:02:45,,7.50307462,0.0,0,,70597140.95714286,0.0,0.0,95
0.0000000001448468,[],4,[],2019-03-09 17:02:46,646957902.1703765,7.5320336e-17,2.9580103635264e-21,6888441,2019-03-09 17:02:46,ltc,11.894759075120316,0.0,0.00000052,ltc,136343495.56165135,0.0,1.820388199399243e-09,96
1,[],12,[],2019-03-09 17:02:47,69932.0,0.00000001,0.000000000000392724,6888442,2019-03-09 17:02:47,btc,10.08127168,0.0,0.00000001,btc,2084261.0,1.03e-06,0.00069932,96
0,[],17,[],2019-03-09 17:02:59,0.0,0,0,6888443,2019-03-09 17:02:59,btc,0.0,0.0,0,btc,0.0,0.0,0.0,96
1,[],4,[],2019-03-09 17:03:00,1617766.75688467,0.00000023,0.000000000009032652,6888444,2019-03-09 17:03:00,btc,2.5661882674215657,0.0,0.00000023,btc,2576008.99248852,0.01059614,0.1314730562261011,99
0,[],2,[],2019-01-20 23:23:55,0.0,0,0,6476914,2019-01-20 23:23:55,,0.0,0.0,0,,0.0,0.0,0.0,100
1,[],4,[],2019-03-09 17:03:01,307499.9673185,0.00004054,0.0000000015921030959999999,6888445,2019-03-09 17:03:01,btc,11.225215837813112,0.0,0.00004054,btc,157796.3596144,0.56659664,2.4535799335241206,100
1,[],22,[],2019-03-09 17:03:05,50000.0,0.00000001,0.000000000000392724,6888446,2019-03-09 17:03:05,BTC,23.49896609,0.0,0.00000001,BTC,10277.22,0.0,0.0005,101
1,[],4,[],2019-03-09 17:03:06,425158.52740476,0.00000082,0.000000000032203368,6888447,2019-03-09 17:03:06,btc,308.035107243912,0.0,0.00000082,btc,491609.86824936,0.01449145,0.2051495465915974,103
1,[],12,[],2019-03-09 17:03:09,21945413.90500001,0.000000009,0.0000000000003534516,6888448,2019-03-09 17:03:09,btc,3553843.2724488955,0.0,0.000000009,btc,64270850.50353937,0.04193633764219611,0.052159327145000094,105
1,[],27,[],2019-03-09 17:03:11,223920.39,0.00000001,0.000000000000392724,6888449,2019-03-09 17:03:11,btc,36.60591030491341,5477.5,0.00000001,btc,1301440.23571724,5.478e-05,0.0022392039,105
1,[],22,[],2019-03-09 17:05:14,0.0,0.00000001,0.000000000000392724,6888450,2019-03-09 17:05:14,BTC,0.0,0.0,0.00000001,BTC,0.0,0.0,0.0,107
1,[],26,[],2019-03-09 17:05:14,0.0,0.00000000,0,6888451,2019-03-09 17:05:14,btc,0.0,0.0,0.00000000,btc,0.0,0.0,0.0,107
1,[],5,[],2019-03-09 17:05:16,0.0,0,0,6888452,2019-03-09 17:05:16,btc,0.0,0.07410352,0,btc,0.0,0.0,0.0,112
1,[],22,[],2019-03-09 17:05:19,1966.0,0.00000001,0.000000000000392724,6888453,2019-03-09 17:05:19,BTC,2.7975128,0.0,0.00000001,BTC,826524.0833333334,0.0,1.966e-05,112
0.00000000034716120000000004,[],27,[],2019-03-09 17:05:21,2000.0,3.471612e-18,1.363385351088e-22,6888454,2019-03-09 17:05:21,eth,1.24892491849924,0.0,0.00000001,"btc,eth",1288.641654,0.0,6.943224000000001e-15,112
1,[],4,[],2019-03-09 17:05:22,1277579.74355412,0.00000189,0.000000000074224836,6888455,2019-03-09 17:05:22,btc,4.64090478889581,0.0,0.00000189,btc,328547.71920949,0.05672018,0.960089699459898,113
1,[],5,[],2019-03-09 17:05:23,0.0,0,0,6888456,2019-03-09 17:05:23,btc,0.0,0.0,0,btc,0.0,0.0,0.0,113
0,[],27,[],2019-03-09 17:05:36,0.0,0,0,6888457,2019-03-09 17:05:36,,0.0,0.0,0,btc,0.0,0.0,0.0,116
1,[],17,[],2019-03-09 16:55:03,152738.278,0.00000004,0.000000000001574908,6888267,2019-03-09 16:55:03,btc,1.3368030274837681,0.0,0.00000004,btc,51896.221,0.0,0.0022095311199999998,116
1,[],4,[],2019-03-09 17:05:37,64924.34871092,0.00002452,0.000000000962959248,6888458,2019-03-09 17:05:37,btc,30.778257547191988,0.0,0.00002452,btc,92180.07487353,0.03929335,0.9397093772307136,120
1,[],7,[],2019-03-09 17:05:40,20961.26388776,0.0000212500000000000015265566588595902430824935436248779296875,0.0000000008345385,6888459,2019-03-09 17:05:40,btc,115648.89480684382,0.0,0.0000212500000000000015265566588595902430824935436248779296875,btc,36709.119221220004,0.0,0.053298852213664205,120
1,[],20,[],2019-03-09 17:05:43,2949848.4019,0.000000034,0.0000000000013352616,6888460,2019-03-09 17:05:43,btc,33.6158385838068,61770.5,0.000000034,btc,1013046.529,0.0021517978668,0.0388204874796,125
1,[],22,[],2019-03-09 17:05:47,3053.0,0.00000001,0.000000000000392724,6888461,2019-03-09 17:05:47,BTC,0.01444887,0.0,0.00000001,BTC,296263.5111111111,0.0,3.053e-05,126
1,[],4,[],2019-03-09 17:05:47,140799.85655908,0.00001303,0.0000000005117193719999999,6888462,2019-03-09 17:05:47,btc,3.5983177773297035,0.0,0.00001303,btc,121689.09609931,0.13615736,0.5801697247719132,131
0,[],2,[],2019-01-20 23:25:46,0.0,0,0,6476969,2019-01-20 23:25:46,,0.0,0.0,0,,0.0,0.0,0.0,131
0,[],17,[],2019-03-09 14:57:31,0.0,0,0,6887921,2019-03-09 14:57:31,btc,0.0009561751951600001,0.0,0,btc,35.42829368,0.0,0.0,131
1,[],4,[],2019-03-09 17:05:59,4547.79300483,0.00016000,0.000000006283584,6888463,2019-03-09 17:05:59,btc,1.619124137936522,0.0,0.00016000,btc,239.25503526,0.0,0.0068861669225237,135
1,[],3,[],2019-03-07 00:20:44,877702.73244099,0.00000004,0.00000000000154846,6863392,2019-03-07 00:20:44,btc,0.119366241821405,0.0,0.00000004,btc,760637.99421222,0.0,0.023771231960604298,136
1,[],4,[],2019-03-09 17:05:59,240569.7176217,0.00000159,0.000000000062443116,6888464,2019-03-09 17:05:59,btc,38.67685371480571,0.0,0.00000159,btc,519978.39497722,0.02507955,0.0633396043093475,137
1,[],12,[],2019-03-09 17:06:01,216407.66666667,0.000001399999999999999936647356556240762159859514213167130947113037109375,0.00000000005498136,6888465,2019-03-09 17:06:01,btc,5.061540509293804,0.0,0.000001399999999999999936647356556240762159859514213167130947113037109375,btc,4474.25169819,0.0048964967710316,0.0048195100000001,137
1,[],4,[],2019-03-09 17:06:02,17407.2008392,0.00003891,0.0000000015280890839999999,6888466,2019-03-09 17:06:02,btc,28.52304066938924,0.0,0.00003891,btc,46584.72796677,0.21906924,0.4803820485839747,142
1,[],5,[],2019-03-09 17:06:03,0.0,0,0,6888467,2019-03-09 17:06:03,btc,0.0,0.17218603,0,btc,0.0,0.0,0.0,142
1,[],20,[],2019-03-09 17:06:09,135519.0898,0.00004001,0.000000001571288724,6888468,2019-03-09 17:06:09,btc,0.3393177797982,308.3314,0.00004001,btc,2289.9773,0.013786553551,0.3056685852209,142
1,[],22,[],2019-03-09 17:06:12,1470.8988921568628,0.00004000,0.000000001570896,6888469,2019-03-09 17:06:12,BTC,3.00385504,0.0,0.00004000,BTC,891.218,0.0,0.0012358,142
0.0,[],25,[],2019-03-09 17:06:14,0.0,0,0,6888470,2019-03-09 17:06:14,,0.0,0.0,0.0,btc,0.0,0.0,0.0,142
1,[],28,[],2019-03-09 17:06:15,76201.664,0.00001500,0.0000000005890859999999999,6888471,2019-03-09 17:06:15,btc,0.067100461059305,1587.0,0.00001500,btc,552.61077999,0.0,0.00546896,142
1,[],17,[],2019-03-09 15:11:09,22967.386363640002,0.00000088,0.000000000034657040000000004,6888118,2019-03-09 15:11:09,btc,20.0699133484,0.0,0.00000088,btc,405.079105,0.0,0.0104613000000032,142
0,[],22,[],2019-03-09 17:06:18,0.0,0,0,6888472,2019-03-09 17:06:18,,65.61831169,0.0,0,,1037691921.3,0.0,0.0,143
0,[],22,[],2019-02-25 15:42:22,0.0,0,0,6783783,2019-02-25 15:42:22,,4.2131946,0.0,0,,2322156.0,0.0,0.0,146
,[],22,[],2018-11-20 23:01:11,0.0,0,0,4862114,2018-11-20 23:01:11,,2.56807021,0.0,,,61828.4988236,0.0,0.0,147
1,[],12,[],2019-03-09 16:55:57,330933.41808692,0.00000216999999999999997591878554692446101626046583987772464752197265625,0.000000000085438759,6888284,2019-03-09 16:55:57,btc,1.7070267086747015,0.0,0.00000216999999999999997591878554692446101626046583987772464752197265625,btc,27058.32742472,0.0013246441610386,0.0279813099999361,148
1,[],4,[],2019-03-09 17:06:19,251471.4151406,0.00000029,0.000000000011388996,6888473,2019-03-09 17:06:19,btc,219.99868097582697,0.0,0.00000029,btc,840518.27277364,0.0,0.0597702236452566,152
0,[],22,[],2019-03-09 17:06:22,0.0,0,0,6888474,2019-03-09 17:06:22,,0.0,0.0,0,,0.0,0.0,0.0,152
1,[],5,[],2019-03-09 17:06:23,0.0,0,0,6888475,2019-03-09 17:06:23,btc,0.0,0.0,0,btc,0.0,0.0,0.0,153
,[],16,[],2019-01-11 15:38:59,0.0,0,0,6366141,2019-01-11 15:38:59,btc,0.0,0.0,,btc,0.0,0.0,0.0,155
0,[],22,[],2019-03-09 17:06:26,0.0,0,0,6888476,2019-03-09 17:06:26,,6.7463781,0.0,0,,4673397.242592593,0.0,0.0,156
0,[],23,[],2019-01-20 23:24:29,0.0,0,0,6476932,2019-01-20 23:24:29,,0.0,0.0,0,,0.0,0.0,0.0,156
1,[],22,[],2019-03-09 17:06:29,7134.80396467832,0.00005549,0.000000002179225476,6888477,2019-03-09 17:06:29,BTC,1.80155055,0.0,0.00005549,BTC,865.6461988741639,0.00188644,0.00442847,157
0,[],22,[],2019-03-09 17:06:32,0.0,0,0,6888478,2019-03-09 17:06:32,,50175.67608608,0.0,0,,54079135.04179466,0.0,0.0,158
,[],17,[],2018-11-20 22:56:10,0.0,0,0,4861976,2018-11-20 22:56:10,btc,1.1265625,0.0,,btc,1000.0,0.0,0.0,159
,[],20,[],2018-11-20 22:56:12,0.0,0,0,4861977,2018-11-20 22:56:12,btc,11912.7940471,0.0,,btc,34413894.3617,0.0,0.0,159
1,[],12,[],2019-03-09 17:06:33,218034.73847753,0.00000675999999999999965174558858027609176133410073816776275634765625,0.000000000265481424,6888479,2019-03-09 17:06:33,btc,0.7759098289387375,0.0,0.00000675999999999999965174558858027609176133410073816776275634765625,btc,8295.00822101,0.0012242408,0.0939177406950108,168
1,[],17,[],2019-03-09 17:06:35,29784.95,0.000001,0.0000000000392724,6888480,2019-03-09 17:06:35,btc,0.03026736251542,0.0,0.000001,btc,144.46171372,0.0,0.00716147,168
0,[],22,[],2019-03-07 13:06:36,0.0,0,0,6867364,2019-03-07 13:06:36,,1.1339604,0.0,0,,520283.17470714403,0.0,0.0,169
1,[],22,[],2019-03-09 17:06:38,227265.66666666666,0.0000001,0.00000000000392724,6888481,2019-03-09 17:06:38,BTC,14.35049674,0.0,0.0000001,BTC,156152.1439341018,4.942e-05,0.00307017,171
1,[],22,[],2019-03-09 17:06:50,927527.1083333333,0.00000011,0.0000000000043199639999999996,6888482,2019-03-09 17:06:50,BTC,2.25172749,0.0,0.00000011,"BTC,LTC",277139.75702497776,0.0,0.03105863,173
1,[],5,[],2019-03-05 01:59:40,0.0,0,0,6845846,2019-03-05 01:59:40,btc,0.0,0.00384852,0,btc,0.0,0.0,0.0,175
1,[],22,[],2019-03-09 17:06:53,35500.0,0.00000012,0.000000000004712688,6888483,2019-03-09 17:06:53,BTC,0.54559973,0.0,0.00000012,BTC,137776.41444619838,0.0,0.00206,176
1,[],7,[],2019-03-09 17:06:55,0.0,0,0,6888484,2019-03-09 17:06:55,btc,410914.89015791274,19857.1428571,0,btc,116624946.54749101,0.00019857,0.0,178
0,[],22,[],2019-03-09 17:06:57,0.0,0,0,6888485,2019-03-09 17:06:57,,1.00242438,0.0,0,,57522.0,0.0,0.0,178
0,[],2,[],2019-01-20 23:28:34,0.0,0,0,6477001,2019-01-20 23:28:34,,0.0,0.0,0,,0.0,0.0,0.0,178
1,[],5,[],2019-03-09 17:06:59,0.0,0,0,6888486,2019-03-09 17:06:59,btc,0.0,0.0804406,0,btc,0.0,0.0,0.0,179
1,[],22,[],2019-03-09 17:07:03,6875818.5,0.00000002,0.000000000000785448,6888487,2019-03-09 17:07:03,BTC,5.65177479,0.0,0.00000002,"BTC,LTC",17775192.756535422,0.00121632,0.37245709,179
0,[],23,[],2019-01-20 23:25:08,0.0,0,0,6476952,2019-01-20 23:25:08,,0.0,0.0,0,,0.0,0.0,0.0,179
1,[],17,[],2019-03-09 17:07:05,10504.725,0.0000001,0.000000000003927239999999999,6888488,2019-03-09 17:07:05,btc,5.201069583844252,0.0,0.0000001,btc,5033.45945,0.0,0.0010504725,180
1,[],22,[],2019-03-09 17:07:09,648016.7090909091,0.0000004,0.00000000001570896,6888489,2019-03-09 17:07:09,BTC,0.26310455,0.0,0.0000004,"BTC,LTC",94703.95475376882,0.00061875,0.55560298,180
1,[],26,[],2019-03-09 17:07:09,0.0,0.00000125,0.0000000000490905,6888490,2019-03-09 17:07:09,btc,0.0,194.0,0.00000125,btc,0.0,0.0,0.0,180
,[],7,[],2018-11-20 22:58:01,562227.975654,0.00000085,0.000000000036176765,4862015,2018-11-20 22:58:01,btc,21836.6059674,2491.87645172,,btc,749999.041456,0.00211021,0.127565380455,183
,[],5,[],2019-01-10 08:11:41,0.0,0,0,6347036,2019-01-10 08:11:41,btc,82.15055501,0.00261,,btc,1.19002445,0.0,0.0,187
1,[],24,[],2019-03-09 17:07:09,0.0,0.000000000001,3.92724e-17,6888491,2019-03-09 17:07:09,btc,0.0,0.0,0.000000000001,btc,0.0,0.0,0.0,187
,[],17,[],2018-11-16 20:58:10,4062536.27273,0.00000001,0.000000000000550501,4708775,2018-11-16 20:58:10,btc,3.36492563466,0.195460381006,,"btc,eth",110697919.549,0.0,0.0157628953496,187
0,[],22,[],2019-03-09 17:07:12,0.0,0,0,6888492,2019-03-09 17:07:12,,7.54797454,0.0,0,,79361.7243344055,0.0,0.0,191
0,[],22,[],2019-03-09 17:07:17,0.0,0,0,6888493,2019-03-09 17:07:17,,0.0,0.0,0,,0.0,0.0,0.0,197
0,[],23,[],2019-01-20 23:31:41,0.0,0,0,6477079,2019-01-20 23:31:41,,0.0,0.0,0,,0.0,0.0,0.0,199
0,[],22,[],2019-03-09 17:07:20,0.0,0,0,6888494,2019-03-09 17:07:20,,5.19076992,0.0,0,,21057923.0,0.0,0.0,199
1,[],26,[],2019-03-09 17:07:20,0.0,0.00000000,0,6888495,2019-03-09 17:07:20,btc,0.0,127813.0,0.00000000,btc,0.0,0.0,0.0,199
0,[],17,[],2019-01-30 16:32:01,0.0,0,0,6540827,2019-01-30 16:32:01,btc,6.802544163788159,0.0,0,btc,105897.55575295,0.0,0.0,200
0,[],2,[],2019-01-20 23:30:49,0.0,0,0,6477059,2019-01-20 23:30:49,,0.0,0.0,0,,0.0,0.0,0.0,201
1,[],4,[],2019-01-25 15:51:35,2084389.58565343,0.00000936,0.000000000333526752,6499557,2019-01-25 15:51:35,btc,2.0092503037378524,0.0,0.00000936,btc,160195.80207885,0.19272417,1.242687955921835,211
1,[],7,[],2019-03-09 17:07:25,3529976.42442685,0.000001080000000000000035831255497387193287295303889550268650054931640625,0.000000000042414192,6888496,2019-03-09 17:07:25,btc,15476654.131869342,598205.124791,0.000001080000000000000035831255497387193287295303889550268650054931640625,btc,13681944.8652121,0.0,1.9273566867233238,212
1,[],5,[],2019-03-09 16:57:20,0.0,0,0,6888309,2019-03-09 16:57:20,btc,0.0,0.08926793,0,btc,0.0,0.0,0.0,213
1,[],24,[],2019-03-09 16:57:20,0.0,0.000000120000,0.000000000004724724,6888310,2019-03-09 16:57:20,btc,0.0,0.0,0.000000120000,btc,0.0,0.0,0.0,213
1,[],26,[],2019-03-09 16:57:20,0.0,0.00000010,0.00000000000393727,6888311,2019-03-09 16:57:20,btc,0.0,0.0,0.00000010,btc,0.0,0.0,0.0,213
1,[],12,[],2019-01-25 02:44:32,207462.42853209,0.000001080000000000000035831255497387193287295303889550268650054931640625,0.000000000038610756000000006,6493050,2019-01-25 02:44:32,btc,85023.03793723314,0.0,0.000001080000000000000035831255497387193287295303889550268650054931640625,btc,43675.73520027,0.000146250909087,0.0348620860622024,213
1,[],22,[],2019-03-09 16:57:24,69085.0,0.00000002,0.000000000000787454,6888312,2019-03-09 16:57:24,BTC,2.28062382,0.0,0.00000002,BTC,675757.3963726171,0.0,0.00109085,216
1,[],27,[],2019-03-09 16:57:27,1298602.0,0.00000003,0.000000000001181181,6888313,2019-03-09 16:57:27,btc,317.9840534547724,0.0,0.00000003,"btc,ltc",240763.990324,0.0,0.03377204000026065,216
1,[],22,[],2019-03-09 17:07:28,157166.52409638555,0.00000172,0.00000000006754852799999999,6888497,2019-03-09 17:07:28,BTC,12673.57176195,0.0,0.00000172,BTC,432481.779803172,0.02623645,0.1669023,217
1,[],7,[],2019-03-09 17:07:30,0.0,0,0,6888498,2019-03-09 17:07:30,btc,77969.38823110008,1000.0,0,btc,135865036.11822966,1e-05,0.0,219
0,[],27,[],2019-03-09 17:07:32,0.0,0,0,6888499,2019-03-09 17:07:32,,0.04027288,0.0,0,btc,2037233.0,0.0,0.0,219
0.0000000000000051,[],28,[],2019-03-09 17:07:35,168978802.075,7.65e-18,3.0043386e-22,6888500,2019-03-09 17:07:35,doge,84451.8501148375,19438.0,0.00150000,"btc,doge",3563815.34751,0.0,1.6718492800664656e-11,219
1,[],22,[],2019-03-09 17:07:46,348342.5,0.00000006,0.000000000002356344,6888501,2019-03-09 17:07:46,BTC,2.76264714,0.0,0.00000006,BTC,89545.24541875876,0.00034515,0.01427975,221
1,[],24,[],2019-03-09 17:07:46,0.0,0.000000200000,0.00000000000785448,6888502,2019-03-09 17:07:46,btc,0.0,0.0,0.000000200000,btc,0.0,0.0,0.0,221
1,[],20,[],2019-03-09 17:07:48,39105329.5253,0.000000001,0.000000000000039272399999999997,6888503,2019-03-09 17:07:48,btc,48.4424962759203,0.0,0.000000001,btc,16089766.8029,0.0,0.0391053295253,224
0,[],22,[],2019-03-09 17:07:50,0.0,0,0,6888504,2019-03-09 17:07:50,,0.0,0.0,0,,0.0,0.0,0.0,224
1,[],26,[],2019-03-09 17:07:51,0.0,0.00000035,0.00000000001374534,6888505,2019-03-09 17:07:51,btc,0.0,0.0,0.00000035,btc,0.0,0.0,0.0,231
1,[],26,[],2019-03-09 17:07:51,0.0,0.00000005,0.00000000000196362,6888506,2019-03-09 17:07:51,btc,0.0,200.0,0.00000005,btc,0.0,0.0,0.0,234
0.00000000034716120000000004,[],27,[],2019-03-09 17:07:54,2000.0,3.471612e-18,1.363385351088e-22,6888507,2019-03-09 17:07:54,eth,0.01134836604,0.0,0.00000001,"btc,eth",11462.996,0.0,6.943224000000001e-15,234
1,[],4,[],2019-03-09 17:07:55,790943.582357,0.00000075,0.0000000000294543,6888508,2019-03-09 17:07:55,btc,4.338823709108949,0.0,0.00000075,btc,1219416.18391564,0.02669988,0.2067041243160357,236
1,[],24,[],2019-03-09 17:07:55,0.0,0.000000300000,0.00000000001178172,6888509,2019-03-09 17:07:55,btc,0.0,0.0,0.000000300000,btc,0.0,0.0,0.0,236
1,[],20,[],2019-03-09 17:07:57,199859468.0116,0.000000056,0.0000000000021992544,6888510,2019-03-09 17:07:57,btc,13.7257444027708,15772599.1654,0.000000056,btc,38513612.6387,0.902842079063,0.3649654060445,237
0.0000000001448468,[],22,[],2019-03-09 17:08:10,751594.9,2.4623956e-17,9.670418496144e-22,6888511,2019-03-09 17:08:10,LTC,0.0405823,0.0,0.00000017,LTC,3164.0,0.0,0.12541949,237
1,[],4,[],2019-03-09 17:08:11,9649330.25478239,0.00000039,0.000000000015316236,6888512,2019-03-09 17:08:11,btc,9.103489464050266,0.0,0.00000039,btc,10682898.42806819,0.25329192,2.556796525551734,238
1,[],5,[],2019-03-09 17:08:12,0.0,0,0,6888513,2019-03-09 17:08:12,btc,0.0,0.10844751,0,btc,0.0,0.0,0.0,238
0,[],22,[],2019-03-09 17:08:33,0.0,0,0,6888514,2019-03-09 17:08:33,,0.40415028,0.0,0,,526436.5639027493,0.0,0.0,249
0.0000000001448468,[],22,[],2019-03-09 17:08:55,49087200.666666664,5.793872e-18,2.2753925873279997e-22,6888515,2019-03-09 17:08:55,LTC,0.90188236,0.0,0.00000004,LTC,17061399.253636364,0.0,1.18162413,252
1,[],28,[],2019-03-09 16:58:15,2806323.713,0.00000038,0.000000000014961626,6888333,2019-03-09 16:58:15,btc,164734.2977290928,16620.4,0.00000038,btc,3014960.2027,0.0,0.57997390182,256
1,[],22,[],2019-03-09 17:08:59,1368658.8333333333,0.00000004,0.000000000001570896,6888516,2019-03-09 17:08:59,BTC,31.45943656,0.0,0.00000004,BTC,706416.3568978057,0.00011569,0.02030077,258
1,[],22,[],2019-03-09 17:09:03,48751.0,0.00000001,0.000000000000392724,6888517,2019-03-09 17:09:03,BTC,2.4175745,0.0,0.00000001,BTC,1762.0,0.0,0.00048751,259
1,[],5,[],2019-03-09 17:09:05,0.0,0,0,6888518,2019-03-09 17:09:05,btc,0.0,0.12363983,0,btc,0.0,0.0,0.0,264
1,[],20,[],2019-03-09 17:09:07,1253690.1805,0.0000018,0.00000000007069032,6888519,2019-03-09 17:09:07,btc,7.4601819116278,115162.4266,0.0000018,btc,101817.6785,0.2623445297692,0.0224174492319,264
0,[],22,[],2019-03-09 17:09:09,0.0,0,0,6888520,2019-03-09 17:09:09,,8.75643939,0.0,0,,466495.2241309945,0.0,0.0,271
0,[],22,[],2019-03-09 17:09:12,0.0,0,0,6888521,2019-03-09 17:09:12,,266.24197304,0.0,0,,13936792767.692,0.0,0.0,272
0.0000000000000051,[],28,[],2019-03-09 17:09:14,222263356712.905,5.202e-21,2.042950248e-25,6888522,2019-03-09 17:09:14,doge,37038608.17065604,31174031947.0674,0.00000102,doge,225194084364.8329,0.0,6.284742494443215e-10,272
1,[],22,[],2019-03-09 17:09:17,177233.74,0.0000007,0.00000000002749068,6888523,2019-03-09 17:09:17,BTC,177.96735591,0.0,0.0000007,"BTC,LTC",32478.461119091924,0.0532615,0.06820275,281
1,[],22,[],2019-03-09 17:09:21,815576.75,0.00000012,0.000000000004712688,6888524,2019-03-09 17:09:21,BTC,19.29908525,0.0,0.00000012,BTC,132083.61742314821,0.04906375,0.00841587,286
0,[],22,[],2019-03-09 17:09:24,0.0,0,0,6888525,2019-03-09 17:09:24,,43638.82491513,0.0,0,,700126356.0,0.0,0.0,294
