pairValue,buyBook,exchangeId,sellBook,updated,buyTotal,satoshiPrice,usdPrice,exchangeLogId,created,bestPair,sellTotalBtc,volume,pairPrice,activePairs,sellTotal,volumeBtc,buyTotalBtc,coinId
1,[],3,[],2019-07-02 17:53:05,31389.672989775863,0.00823494999999999956197260786439073854126036167144775390625,0.000000884055645795,7788901,2019-07-02 17:53:05,btc,9.270138288355534,79.3784990239,0.00823494999999999956197260786439073854126036167144775390625,btc,36.548553041284,0.0,0.2223566593325721,1
1,[],4,[],2019-07-02 17:53:06,208243.69336066,0.00810001,0.000000869569283541,7788902,2019-07-02 17:53:06,btc,9.062199774608544,0.0,0.00810001,btc,512.15949377,6.95492839,0.5814698249280355,1
1,[],5,[],2019-07-02 17:53:08,0.0,0,0,7788903,2019-07-02 17:53:08,btc,0.0,0.01567166,0,btc,0.0,0.0,0.0,1
1,[],10,[],2019-07-02 17:53:10,246643.14925785,0.0029275,0.00000031427912775,7788904,2019-07-02 17:53:10,btc,6525.661910466005,1142.94211243,0.0029275,btc,1952.13551696,0.0,1.4854958210098288,1
1,[],12,[],2019-07-02 17:53:13,100.36145263,0.0078300000000000001543210004228967591188848018646240234375,0.000000840582603,7788905,2019-07-02 17:53:13,btc,0.5955649426834,0.0,0.0078300000000000001543210004228967591188848018646240234375,btc,22.44961522,2.228623292825,0.163648399178,1
1,[],20,[],2019-07-02 17:53:14,928.9423,0.008250031,0.0000008856746529771,7788906,2019-07-02 17:53:14,btc,0.1430903772901,1.0539,0.008250031,btc,10.531,0.0105178494293,0.1302754222019,1
1,[],21,[],2019-07-02 17:53:16,2343.32649433,0.007853469999999999548445650532,0.000000843102203727,7788907,2019-07-02 17:53:16,btc,8.108482990007445,4280.69039703,0.00785346999999999954844565053235783125273883342742919921875,"btc,eth",1457.2916582999999,32.517899162173926,13.312380934951863,1
1,[],22,[],2019-07-02 17:53:20,1.5199,0.00850000,0.00000091250985,7788908,2019-07-02 17:53:20,BTC,0.01667896,0.0,0.00850000,BTC,0.2541810146658512,0.0,0.00927189,1
1,[],24,[],2019-07-02 17:53:21,0.0,0.000000000000,0,7788909,2019-07-02 17:53:21,btc,0.0,0.0,0.000000000000,btc,0.0,0.0,0.0,1
0.0,[],25,[],2019-07-02 17:53:22,0.0,0,0,7788910,2019-07-02 17:53:22,btc,46.17709999876014,4881.04919845,0.0,btc,5680.25645259,40.3,0.0,1
1,[],26,[],2019-07-02 17:53:26,0.0,0,0,7788911,2019-07-02 17:53:26,,0.0,0.0,0,,0.0,0.0,0.0,1
1,[],28,[],2019-07-02 17:53:38,1039.924,0.00730000,0.00000078368493,7788912,2019-07-02 17:53:38,btc,0.373339197,118959.1,0.00730000,btc,23.6711,0.0,0.268011296,1
0,[],2,[],2019-01-20 23:28:45,0.0,0,0,6477011,2019-01-20 23:28:45,,0.0,0.0,0,,0.0,0.0,0.0,1
1,[],5,[],2019-06-17 14:29:02,0.0,0,0,7740076,2019-06-17 14:29:02,btc,0.0,2.72e-05,0,btc,0.0,0.0,0.0,2
1,[],22,[],2019-06-17 14:29:06,11550.3,0.0000002,0.0000000000185828,7740077,2019-06-17 14:29:06,BTC,21.00897301,0.0,0.0000002,"BTC,XMR",20678.87287795317,1.754e-05,0.00143681,2
1,[],5,[],2019-06-03 14:48:58,0.0,0,0,7731126,2019-06-03 14:48:58,btc,0.0,0.05905545,0,btc,0.0,0.0,0.0,3
1,[],12,[],2019-06-03 14:48:59,3468623.70302,0.000000116,0.000000000009823402000000002,7731127,2019-06-03 14:48:59,btc,169531.0336573751,0.0,0.000000116,btc,2361209.62379607,0.041350953071,0.33764769154428,3
0,[],28,[],2019-06-03 14:49:00,0.0,0,0,7731128,2019-06-03 14:49:00,,0.0,0.0,0,,0.0,0.0,0.0,3
0,[],2,[],2019-01-20 23:31:32,0.0,0,0,6477077,2019-01-20 23:31:32,,0.0,0.0,0,,0.0,0.0,0.0,4
1,[],4,[],2019-05-18 21:29:50,562734.9206932,0.00000010,0.000000000007298720000000001,7650946,2019-05-18 21:29:50,btc,41.9347137769675,0.0,0.00000010,btc,1123702.32192634,0.00052462,0.029254593370966,4
0,[],12,[],2019-06-02 05:03:43,0.0,0,0,7724919,2019-06-02 05:03:43,btc,625.901992874995,0.0,0,btc,1211362.4995005,0.0,0.0,5
0,[],2,[],2019-01-20 23:31:51,0.0,0,0,6477087,2019-01-20 23:31:51,,0.0,0.0,0,,0.0,0.0,0.0,6
1,[],11,[],2019-07-02 17:53:39,4305910.27673599,0.00000001,0.000000000001073541,7788913,2019-07-02 17:53:39,btc,9583.61440324221,317319.0,0.00000001,btc,78212351.53970686,0.0,0.0430591027673599,6
1,[],3,[],2019-07-02 17:53:41,12672.635345480237,0.000062000000000000002700097090357900242452160455286502838134765625,0.0000000066559542000000005,7788914,2019-07-02 17:53:41,btc,1026.2873763041368,627.29874475,0.000062000000000000002700097090357900242452160455286502838134765625,btc,379.049783394402,0.0,0.021331518563901194,7
1,[],4,[],2019-07-02 17:53:41,318090.04433766,0.00007503,0.000000008054778123,7788915,2019-07-02 17:53:41,btc,7.157039876099986,0.0,0.00007503,btc,50032.63687838,2.1925112,2.161604635163074,7
1,[],5,[],2019-07-02 17:53:42,0.0,0,0,7788916,2019-07-02 17:53:42,btc,0.0,0.20739004,0,btc,0.0,0.0,0.0,7
1,[],20,[],2019-04-07 22:06:50,3201475.0482,0.000000001,0.000000000000051590000000000004,7213932,2019-04-07 22:06:50,btc,30.8005781811902,0.0,0.000000001,btc,23077405.3926,0.0,0.0032014750482,8
0,[],2,[],2019-01-20 23:22:42,0.0,0,0,6476876,2019-01-20 23:22:42,,0.0,0.0,0,,0.0,0.0,0.0,9
0,[],23,[],2019-01-20 23:22:48,0.0,0,0,6476878,2019-01-20 23:22:48,,0.0,0.0,0,,0.0,0.0,0.0,9
1,[],4,[],2019-07-02 17:53:45,2028974.25390473,0.00000040,0.00000000004294164,7788917,2019-07-02 17:53:45,btc,2.7991059395398006,0.0,0.00000040,btc,3043911.26831607,0.23524588,0.3740208729370466,9
1,[],28,[],2019-07-02 17:53:47,20043.809,0.00000042,0.000000000045088722,7788918,2019-07-02 17:53:47,btc,2708.79281520645,115732.0,0.00000042,btc,55180.794,0.0,0.00270157978,9
1,[],1,[],2019-02-17 23:31:42,1822507.21,0.00000181000000000000003456111265232042484285557293333113193511962890625,0.000000000066086901,6701244,2019-02-17 23:31:42,btc,3.6990969245,17153386.5,0.00000181000000000000003456111265232042484285557293333113193511962890625,btc,1997391.71,31.11772986,3.2610482446,9
1,[],4,[],2019-02-17 11:22:43,4341674.27126056,0.00000002,0.0000000000007272960000000001,6696112,2019-02-17 11:22:43,btc,0.1997230937751353,0.0,0.00000002,btc,4109766.79808031,0.00215132,0.0479381022052112,10
0,[],2,[],2019-01-20 23:23:08,0.0,0,0,6476890,2019-01-20 23:23:08,,0.0,0.0,0,,0.0,0.0,0.0,12
1,[],4,[],2019-07-02 17:53:48,6808134.37310866,0.00000026,0.000000000027912066,7788919,2019-07-02 17:53:48,btc,7.561977028107271,0.0,0.00000026,btc,9542311.95036106,0.33592106,0.7040359315520197,12
1,[],5,[],2019-07-02 17:53:49,0.0,0,0,7788920,2019-07-02 17:53:49,btc,0.0,0.06380072,0,btc,0.0,0.0,0.0,12
0.0,[],25,[],2019-07-02 17:53:51,0.0,0,0,7788921,2019-07-02 17:53:51,,0.0,0.0,0.0,btc,0.0,0.0,0.0,12
1,[],4,[],2019-07-02 17:53:52,510249.92570734,0.00000244,0.000000000261944004,7788922,2019-07-02 17:53:52,btc,2.0862972888300955,0.0,0.00000244,btc,391605.42431191,0.28665647,0.1850626063694178,13
1,[],21,[],2019-07-02 17:53:56,7201282.50602898,0.000002619999999999999902615876665,0.000000000281267742,7788923,2019-07-02 17:53:56,btc,2.6851402929218113,1029987.7808815,0.00000261999999999999990261587666517950623301658197306096553802490234375,btc,777497.07145856,2.6985621,3.1626819960364805,13
1,[],10,[],2019-07-02 17:09:49,625203.193018,0.0000025,0.0000000002645895,7788758,2019-07-02 17:09:49,btc,666798.542219785,11979.53961,0.0000025,btc,1076817.93813489,0.0,0.2970705461629195,13
1,[],4,[],2019-07-02 17:53:57,991161.72734662,0.00000038,0.000000000040794558,7788924,2019-07-02 17:53:57,btc,2.8555251285471694,0.0,0.00000038,btc,738659.50470025,0.01382735,0.1010123437085195,14
1,[],12,[],2019-07-02 17:53:58,194160.57142848,0.00000035,0.000000000037573934999999996,7788925,2019-07-02 17:53:58,btc,186.3547997171496,0.0,0.00000035,btc,36054.836950079996,0.000983792956,0.0064495699999679995,14
1,[],26,[],2019-07-02 17:55:59,0.0,0.00000050,0.00000000005367705,7788926,2019-07-02 17:55:59,btc,0.0,0.0,0.00000050,btc,0.0,0.0,0.0,14
0,[],17,[],2019-05-03 00:53:32,0.0,0,0,7558876,2019-05-03 00:53:32,btc,0.0,0.0,0,btc,0.0,0.0,0.0,14
0,[],4,[],2019-07-02 17:56:00,0.0,0,0,7788927,2019-07-02 17:56:00,,0.0,0.0,0,,0.0,0.0,0.0,15
,[],12,[],2018-12-01 15:15:48,204241.84496,0.00000489,0.000000000202473384,5260204,2018-12-01 15:15:48,btc,49.5475654835,0.0,,btc,35763.2193806,0.0163153972027625,0.0203389899998,15
0,[],2,[],2019-01-20 23:23:38,0.0,0,0,6476906,2019-01-20 23:23:38,,0.0,0.0,0,,0.0,0.0,0.0,18
1,[],4,[],2019-07-02 17:56:01,32945.78607225,0.00000827,0.000000000887818407,7788928,2019-07-02 17:56:01,btc,2.365004753986441,0.0,0.00000827,btc,16792.78432614,0.04333345,0.0542706337166057,18
1,[],10,[],2019-07-02 17:56:03,400037.32849717,0.00000816,0.000000000876009456,7788929,2019-07-02 17:56:03,btc,15.054567652628577,2737.5481631,0.00000816,btc,18141.13126721,0.0,0.2805827519802773,18
1,[],12,[],2019-07-02 17:56:04,2174.17741588,0.000008039999999999999255009992815690367251590942032635211944580078125,0.000000000863126964,7788930,2019-07-02 17:56:04,btc,0.5284096948566538,0.0,0.000008039999999999999255009992815690367251590942032635211944580078125,btc,1922.11839621,3.6045e-07,0.0045397119909611995,18
0,[],17,[],2019-05-03 00:53:39,0.0,0,0,7558882,2019-05-03 00:53:39,btc,0.0,0.0,0,btc,0.0,0.0,0.0,18
0,[],2,[],2019-01-20 23:24:19,0.0,0,0,6476924,2019-01-20 23:24:19,,0.0,0.0,0,,0.0,0.0,0.0,19
1,[],3,[],2019-07-02 17:58:05,160333.84271187,0.00000802999999999999935075371826354029280992108397185802459716796875,0.0000000008620534229999999,7788931,2019-07-02 17:58:05,btc,190.30865621976096,15936.0573282,0.00000802999999999999935075371826354029280992108397185802459716796875,btc,18068.744213580634,0.0,0.106277541661824,19
1,[],4,[],2019-07-02 17:58:06,291147.93162058,0.00000651,0.000000000698875191,7788932,2019-07-02 17:58:06,btc,2.7614755020819604,0.0,0.00000651,btc,193046.85760938,0.51587064,1.1785215234121007,19
1,[],5,[],2019-07-02 17:58:08,0.0,0,0,7788933,2019-07-02 17:58:08,btc,0.0,0.0,0,btc,0.0,0.0,0.0,19
1,[],12,[],2019-07-02 17:58:09,107359.15197589,0.000005800000000000000372813759030865554677802720107138156890869140625,0.00000000062265378,7788934,2019-07-02 17:58:09,btc,0.3670542935988102,0.0,0.000005800000000000000372813759030865554677802720107138156890869140625,btc,3013.18297673,0.0,0.0100333579997916,19
0,[],27,[],2019-07-02 17:58:16,0.0,0,0,7788935,2019-07-02 17:58:16,,0.0,0.0,0,btc,0.0,0.0,0.0,19
1,[],4,[],2019-07-02 17:58:17,9925191.09278478,0.00000005,0.000000000005367705,7788936,2019-07-02 17:58:17,btc,5.162858526649613,0.0,0.00000005,btc,2244806.83713707,0.0,0.1102994166205056,20
0,[],4,[],2019-07-02 17:58:18,0.0,0,0,7788937,2019-07-02 17:58:18,,13630.873913937572,0.0,0,,166213653.47370672,0.0,0.0,21
0,[],12,[],2019-07-02 17:58:19,0.0,0,0,7788938,2019-07-02 17:58:19,btc,2602.9596942075027,0.0,0,btc,9905028.54845151,3.996e-08,0.0,21
0,[],17,[],2019-05-03 00:53:51,0.0,0,0,7558891,2019-05-03 00:53:51,btc,0.0,0.0,0,btc,0.0,0.0,0.0,21
1,[],12,[],2019-07-02 18:00:20,6296394293.864567,0.0000000006,0.00000000000006441246,7788939,2019-07-02 18:00:20,btc,1426620312890.6094,0.0,0.0000000006,btc,2999783713.587545,0.155105535768,2.0029150050454834,23
0.0000000002708585,[],27,[],2019-07-02 18:00:27,34752173.60039952,8.3966135e-17,9.014108853403501e-21,7788940,2019-07-02 18:00:27,eth,1280.47844585,18244745.7062937,0.00000031,eth,4215119.466,1.531940781299445e-09,5.788219886201901e-10,23
1,[],4,[],2019-06-22 05:45:29,6100414.07522138,0.00000017,0.00000000001823352,7751732,2019-06-22 05:45:29,btc,10.22685272773715,0.0,0.00000017,btc,1790815.48208265,0.0,0.1345450262400025,24
0,[],22,[],2019-06-22 05:45:31,0.0,0,0,7751733,2019-06-22 05:45:31,,6.22e-05,0.0,0,,517.4264705882352,0.0,0.0,24
0.0,[],25,[],2019-06-22 05:45:32,0.0,0,0,7751734,2019-06-22 05:45:32,,0.0,0.0,0.0,btc,0.0,0.0,0.0,24
1,[],4,[],2019-07-02 18:00:28,26939663.02660096,0.00000352,0.000000000377886432,7788941,2019-07-02 18:00:28,btc,7.4152138622467945,0.0,0.00000352,btc,200442.4009337,0.09550876,0.3781374083895153,26
1,[],10,[],2019-07-02 18:00:30,128693.547373,0.00000461,0.000000000494902401,7788942,2019-07-02 18:00:30,btc,26.15781385259326,4425.7830037,0.00000461,btc,19877.13250604,0.0,0.0474473763598829,26
0,[],2,[],2019-01-20 23:25:56,0.0,0,0,6476976,2019-01-20 23:25:56,,0.0,0.0,0,,0.0,0.0,0.0,26
1,[],5,[],2019-04-26 09:47:06,0.0,0,0,7465326,2019-04-26 09:47:06,btc,0.0,0.0,0,btc,0.0,0.0,0.0,27
1,[],3,[],2019-06-17 14:30:26,13571825.64059417,0.00000001,0.00000000000092914,7740112,2019-06-17 14:30:26,btc,3.485049956644059,4264730.43754,0.00000001,btc,23500048.28518193,0.0,0.1357182564059417,27
1,[],11,[],2019-06-17 14:30:28,2031833.58157834,0.00000001,0.00000000000092914,7740113,2019-06-17 14:30:28,btc,67502.92060589766,32677.9652116,0.00000001,btc,6487362.95640949,0.0,0.0203183358157834,27
0.000000000111528,[],4,[],2019-07-02 18:00:31,470180692.4591156,8.3646e-17,8.9797410486e-21,7788943,2019-07-02 18:00:31,ltc,10.530816571637216,0.0,0.00000075,ltc,673239631.4415573,0.00406385,6.852909273227965e-09,29
1,[],7,[],2019-07-02 18:00:33,0.0,0,0,7788944,2019-07-02 18:00:33,btc,46548272.65938547,231235.0,0,btc,50585828.77551066,0.0,0.0,29
1,[],4,[],2019-07-02 18:00:33,15277656.91173536,0.00000004,0.000000000004294164,7788945,2019-07-02 18:00:33,btc,2.573393984778842,0.0,0.00000004,btc,2249253.14278687,0.00146198,0.16847488463339,30
0,[],17,[],2019-05-03 01:11:25,0.0,0,0,7559066,2019-05-03 01:11:25,btc,0.0,0.0,0,btc,0.0,0.0,0.0,30
1,[],4,[],2019-07-02 18:02:35,235681.12655658,0.00003400,0.0000000036500394,7788946,2019-07-02 18:02:35,btc,4.252009929924691,0.0,0.00003400,btc,65329.71572797,0.32042203,0.6941189733382046,31
1,[],21,[],2019-07-02 18:02:36,284472.25674921,0.00003521999999999999821564608538,0.000000003781011402,7788947,2019-07-02 18:02:36,btc,6.916240812068583,158867.14533631,0.0000352199999999999982156460853754964546169503591954708099365234375,btc,147320.13539605,5.59970591,3.182408810555256,31
0,[],2,[],2019-01-20 23:28:43,0.0,0,0,6477009,2019-01-20 23:28:43,,0.0,0.0,0,,0.0,0.0,0.0,32
0,[],4,[],2019-07-02 18:02:37,0.0,0,0,7788948,2019-07-02 18:02:37,,0.0,0.0,0,,0.0,0.0,0.0,33
1,[],12,[],2019-03-30 07:55:10,40641173.964,0.00000003,0.000000000001228359,7108785,2019-03-30 07:55:10,btc,4233210.82356125,0.0,0.00000003,btc,28378394.68333462,0.0126927883965248,0.90752895892,33
0.000000000111528,[],4,[],2019-07-02 18:02:38,148258477.6435776,5.5764e-17,5.9864940324e-21,7788949,2019-07-02 18:02:38,ltc,4.56928150753466,0.0,0.0000005,ltc,168671682.35846886,0.0,6.457181650268888e-10,34
1,[],5,[],2019-07-02 18:02:39,0.0,0,0,7788950,2019-07-02 18:02:39,btc,0.0,0.0,0,btc,0.0,0.0,0.0,34
0.0000000002926451,[],17,[],2019-05-02 18:17:47,200000.0,2.9264510000000002e-18,1.596703856561e-22,7556430,2019-05-02 18:17:47,eth,0.20942468735267253,0.0,0.00000001,"btc,eth",1018272.20243647,0.0,5.852902e-13,36
0.0000000001311821,[],4,[],2019-05-31 13:28:19,2417517744.0607657,1.311821e-18,1.105058333085e-22,7717483,2019-05-31 13:28:19,ltc,5.019900492391546e-08,0.0,0.00000001,ltc,7102398142.262129,0.0,3.171350544531538e-09,36
1,[],5,[],2019-05-31 13:28:21,0.0,0,0,7717484,2019-05-31 13:28:21,btc,0.0,0.0,0,btc,0.0,0.0,0.0,36
0.0000000003108179,[],27,[],2019-05-31 13:30:34,10388811.226876,6.216358000000001e-18,5.236566733830001e-22,7717485,2019-05-31 13:30:34,eth,1569.8708019850988,761866.634299,0.00000002,"ltc,eth",5084024.2511555,4.736034912207001e-12,3.3251980286483705e-11,36
1,[],4,[],2019-06-25 10:05:55,10747826.61931615,0.00000014,0.000000000015920562,7762320,2019-06-25 10:05:55,btc,19773.05513423956,0.0,0.00000014,btc,682946.14349671,0.0006293,0.1362851255028938,37
1,[],12,[],2019-06-25 10:05:57,4167862.54235103,0.00000013,0.000000000014783379,7762321,2019-06-25 10:05:57,btc,7.381091518261743,0.0,0.00000013,btc,1713444.53926904,0.016313049979,0.1478110147956336,37
1,[],27,[],2019-06-25 10:08:02,10970.0,0.00000019,0.000000000021606477,7762322,2019-06-25 10:08:02,btc,22.62970013895233,0.0,0.00000019,btc,4298.824295,0.0,0.00167419,37
1,[],17,[],2019-05-03 01:11:36,211752.74075282,0.00000025,0.000000000013700074999999998,7559074,2019-05-03 01:11:36,btc,0.055484923955058496,0.0,0.00000025,"btc,eth",1387.19918473,0.0,0.0005381851887916605,37
1,[],5,[],2019-07-02 18:02:41,0.0,0,0,7788951,2019-07-02 18:02:41,btc,0.0,0.17757394,0,btc,0.0,0.0,0.0,42
1,[],12,[],2019-07-02 18:02:42,191080.90923583,0.00000128999999999999993103715241471451946608794969506561756134033203125,0.000000000138486789,7788952,2019-07-02 18:02:42,btc,525.2750981911348,0.0,0.00000128999999999999993103715241471451946608794969506561756134033203125,btc,144629.16651378,0.062041784788,0.0447383161402595,42
1,[],27,[],2019-07-02 18:02:49,10300.0,0.00000003,0.000000000003220623,7788953,2019-07-02 18:02:49,btc,0.07600425,0.0,0.00000003,"btc,eth",18.0,0.0,0.000306,42
1,[],12,[],2019-03-13 09:13:29,1112112.0,0.00000001,0.000000000000386531,6919902,2019-03-13 09:13:29,btc,29058.00478931866,0.0,0.00000001,btc,5967681.93306694,9.99000999e-07,0.01112112,43
1,[],5,[],2019-04-26 22:38:52,0.0,0,0,7474154,2019-04-26 22:38:52,btc,0.0,0.02638891,0,btc,0.0,0.0,0.0,43
0,[],17,[],2019-04-26 22:38:53,0.0,0,0,7474155,2019-04-26 22:38:53,btc,0.0,0.0,0,btc,0.0,0.0,0.0,43
1,[],12,[],2019-03-05 01:54:08,639326.02,0.00000004,0.000000000001486676,6845775,2019-03-05 01:54:08,btc,11116042.728239931,0.0,0.00000004,btc,1103841.4595604,0.0003330765234764,0.014975410599999999,44
0.000000000111528,[],4,[],2019-07-02 18:02:50,109811208.90271801,4.795704e-17,5.1483848678639995e-21,7788954,2019-07-02 18:02:50,ltc,2762.219809359827,0.0,0.00000043,ltc,28259978.5879774,0.0,5.040443601258123e-10,49
0.000000000111528,[],4,[],2019-07-02 18:02:51,320029489.2289707,2.23056e-17,2.39459761296e-21,7788955,2019-07-02 18:02:51,ltc,28254.192127704668,0.0,0.0000002,ltc,195421489.9137808,0.0,2.103680088399693e-09,52
0,[],22,[],2019-07-02 14:32:00,0.0,0,0,7788319,2019-07-02 14:32:00,,10289.80784133,0.0,0,,287058287.4566013,0.0,0.0,57
0,[],27,[],2019-07-02 14:32:07,0.0,0,0,7788320,2019-07-02 14:32:07,,0.0,0.0,0,"btc,eth",0.0,0.0,0.0,57
0,[],4,[],2019-07-02 18:02:52,0.0,0,0,7788956,2019-07-02 18:02:52,,19.719130804266182,0.0,0,,6107909452.982692,0.0,0.0,58
0,[],12,[],2019-07-02 18:02:54,0.0,0,0,7788957,2019-07-02 18:02:54,btc,654781604.5729052,0.0,0,btc,3770635609.37658,0.000945689311,0.0,58
0.00000000007870800000000001,[],22,[],2019-07-02 18:04:58,126877.0,7.870800000000001e-19,8.449626502800001e-23,7788958,2019-07-02 18:04:58,XMR,68.17454206,0.0,0.00000001,XMR,9626402.6,0.0,0.00126877,58
1,[],17,[],2019-05-03 01:12:09,1200000.0,0.0000000001,0.00000000000000548003,7559085,2019-05-03 01:12:09,btc,1e+24,0.0,0.0000000001,"btc,eth",39516342.31952568,0.0,0.00010000000058666061,58
1,[],5,[],2019-06-17 14:31:27,0.0,0,0,7740135,2019-06-17 14:31:27,btc,0.0,0.00079154,0,btc,0.0,0.0,0.0,61
1,[],22,[],2019-06-17 14:31:30,13612.833333333334,0.00000012,0.00000000001114968,7740136,2019-06-17 14:31:30,BTC,1002.29123003,0.0,0.00000012,BTC,15014.200177125656,0.0,0.00153257,61
1,[],26,[],2019-06-17 14:31:30,0.0,0.00000050,0.000000000046457,7740137,2019-06-17 14:31:30,btc,0.0,0.0,0.00000050,btc,0.0,0.0,0.0,61
1,[],27,[],2019-06-17 14:31:36,8400.0,0.00000018,0.00000000001672452,7740138,2019-06-17 14:31:36,btc,1.9742539297246655,0.0,0.00000018,"btc,eth",10953.51663696,0.0,0.001512,61
0,[],28,[],2019-06-17 14:31:38,0.0,0,0,7740139,2019-06-17 14:31:38,,0.0,0.0,0,,0.0,0.0,0.0,61
1,[],4,[],2019-07-02 18:04:59,2857999.05159788,0.00000041,0.000000000044015181,7788959,2019-07-02 18:04:59,btc,3.140967871234042,0.0,0.00000041,btc,1196652.04229387,0.12126107,0.3167967302619522,67
0.0,[],25,[],2019-07-02 18:05:01,0.0,0,0,7788960,2019-07-02 18:05:01,,0.0,0.0,0.0,btc,0.0,0.0,0.0,67
1,[],12,[],2019-06-02 06:23:14,910048.355,0.00000006,0.000000000005154929999999999,7725270,2019-06-02 06:23:14,btc,5.167005424215783,0.0,0.00000006,btc,738530.60239759,0.003159757462,0.0187188113,71
,[],5,[],2018-11-20 23:02:39,1.5e-07,0.00000005,0.000000000002128045,4862160,2018-11-20 23:02:39,btc,2.84511358,0.0,,btc,0.00036572,0.0,0.07381892,74
1,[],5,[],2019-07-02 18:05:02,0.0,0,0,7788961,2019-07-02 18:05:02,btc,0.0,0.00260563,0,btc,0.0,0.0,0.0,75
1,[],4,[],2019-06-04 03:25:15,715281.46076168,0.00000001,0.000000000000803619,7734085,2019-06-04 03:25:15,btc,581089.6218469425,0.0,0.00000001,btc,37692563.61091116,0.0,0.0071528146076168,81
0,[],20,[],2019-01-25 09:30:31,0.0,0,0,6495923,2019-01-25 09:30:31,btc,0.0,0.0,0,btc,0.0,0.0,0.0,81
1,[],4,[],2019-07-02 18:05:03,185929.52796052,0.00006601,0.000000007086444141,7788962,2019-07-02 18:05:03,btc,59.02838098247643,0.0,0.00006601,btc,126143.00456761,0.4831191,0.3542317012308323,82
1,[],21,[],2019-07-02 18:05:04,318547.59188168,0.00007100000000000000462217070174,0.0000000076221411,7788963,2019-07-02 18:05:04,btc,4.714996873152046,4318.8726742,0.000071000000000000004622170701740202503060572780668735504150390625,btc,49504.91955562,0.30521738,3.5676833274594206,82
0,[],17,[],2019-03-25 22:42:34,0.0,0,0,7038780,2019-03-25 22:42:34,btc,0.0445064681804024,0.0,0,btc,995513.18476001,0.0,0.0,84
0.0000000001161485,[],4,[],2019-05-20 13:09:39,216715621.0206096,1.161485e-18,9.0533806701e-23,7657228,2019-05-20 13:09:39,ltc,1.6511566870244727,0.0,0.00000001,ltc,471032407.9048656,0.0,2.5171194308112273e-10,85
,[],22,[],2018-11-20 23:09:34,3408.1,0.0000001,0.0000000000041895,4862324,2018-11-20 23:09:34,BTC,0.04624735,0.0,,BTC,4990.0,0.0,0.00033081,86
1,[],22,[],2019-06-26 09:07:19,62694.0,0.00000005,0.0000000000063518149999999994,7766682,2019-06-26 09:07:19,BTC,1.85249053,0.0,0.00000005,BTC,287024.94736842107,0.0003,0.00062846,87
1,[],27,[],2019-06-26 09:07:25,361781.0,0.0000002,0.000000000025407259999999998,7766683,2019-06-26 09:07:25,btc,19.86923154858,99950.0,0.0000002,btc,548343.482,0.01999,0.01237888,87
,[],2,[],2018-11-20 23:10:47,0.0,0,0,4862359,2018-11-20 23:10:47,,0.0,0.0,,,0.0,0.0,0.0,88
1,[],11,[],2019-06-17 14:31:59,193715.3529613,0.000073310000000000001140094962881477158589405007660388946533203125,0.00000000681152534,7740147,2019-06-17 14:31:59,btc,168.35454702024953,5791.70569014,0.000073310000000000001140094962881477158589405007660388946533203125,btc,196971.41170107,0.0,1.1996165759440112,89
0,[],2,[],2019-01-20 23:31:45,0.0,0,0,6477083,2019-01-20 23:31:45,,0.0,0.0,0,,0.0,0.0,0.0,91
1,[],12,[],2019-07-02 18:05:06,397467.75783474,0.00000028,0.000000000030059148000000003,7788964,2019-07-02 18:05:06,btc,122.17462658192389,0.0,0.00000028,btc,295685.96528392,0.000327117326,0.0259273699538415,91
1,[],22,[],2019-07-02 18:07:10,75900.0,0.00000001,0.000000000001073541,7788965,2019-07-02 18:07:10,BTC,0.495,0.0,0.00000001,"BTC,LTC",4.95,0.0,0.001659,91
0,[],17,[],2019-05-03 01:12:26,0.0,0,0,7559096,2019-05-03 01:12:26,btc,0.0,0.0,0,btc,0.0,0.0,0.0,91
1,[],22,[],2019-07-02 18:07:15,94060.0,0.00000002,0.000000000002147082,7788966,2019-07-02 18:07:15,BTC,11.46046694,0.0,0.00000002,"BTC,LTC",341043.4683191416,0.0,0.0662712,95
0.000000000111528,[],4,[],2019-07-02 18:07:16,537294416.054819,2.7882e-17,2.9932470162e-21,7788967,2019-07-02 18:07:16,ltc,10.91629629685687,0.0,0.00000025,ltc,153908903.60553408,0.0,7.340379556378167e-10,96
0,[],12,[],2019-07-02 18:07:18,0.0,0,0,7788968,2019-07-02 18:07:18,btc,36.53971696651349,0.0,0,btc,9958954.65134864,1.998e-08,0.0,96
0,[],17,[],2019-05-03 01:12:32,0.0,0,0,7559100,2019-05-03 01:12:32,btc,0.0,0.0,0,btc,0.0,0.0,0.0,96
1,[],4,[],2019-04-14 03:32:46,1039404.33283278,0.00000038,0.000000000019245518,7293458,2019-04-14 03:32:46,btc,4.170086055365747,0.0,0.00000038,btc,3097704.34561074,0.06260606,0.1859928211030784,99
0,[],2,[],2019-01-20 23:23:55,0.0,0,0,6476914,2019-01-20 23:23:55,,0.0,0.0,0,,0.0,0.0,0.0,100
1,[],4,[],2019-07-02 18:09:19,186322.07591851,0.00001225,0.000000001315087725,7788969,2019-07-02 18:09:19,btc,8.292915954093935,0.0,0.00001225,btc,169468.91990052,0.22104076,0.4759775313040974,100
1,[],22,[],2019-06-05 06:30:35,150000.0,0.00000002,0.000000000001558192,7740007,2019-06-05 06:30:35,BTC,28.56386409,0.0,0.00000002,BTC,12787.719,0.0,0.0017,101
1,[],4,[],2019-07-02 18:09:20,447420.88815627,0.00000141,0.000000000151369281,7788970,2019-07-02 18:09:20,btc,882.6481307859073,0.0,0.00000141,btc,750638.95732866,0.01364204,0.0609690702101406,103
1,[],12,[],2019-06-17 14:32:14,179201505.10870332,0.000000005,0.00000000000046457,7740154,2019-06-17 14:32:14,btc,113577.79366343976,0.0,0.000000005,btc,79148141.67831126,0.019059029059,0.27280986350611003,105
1,[],27,[],2019-06-17 14:32:19,18306828.03496503,0.00000002,0.00000000000185828,7740155,2019-06-17 14:32:19,btc,180.7198218385489,1083.96503497,0.00000002,btc,276513.60142659,7.588e-05,0.3661365606993006,105
1,[],22,[],2019-04-21 00:17:26,21333.0,0.00000001,0.000000000000532493,7385819,2019-04-21 00:17:26,BTC,51.38182867,0.0,0.00000001,BTC,470435.0,0.0,0.00021333,107
1,[],26,[],2019-04-21 00:17:26,0.0,0.00000000,0,7385820,2019-04-21 00:17:26,btc,0.0,0.0,0.00000000,btc,0.0,0.0,0.0,107
1,[],5,[],2019-07-02 18:09:23,0.0,0,0,7788971,2019-07-02 18:09:23,btc,0.0,0.0,0,btc,0.0,0.0,0.0,112
0,[],22,[],2019-07-02 18:09:26,0.0,0,0,7788972,2019-07-02 18:09:26,,6.79500102,0.0,0,,3375892.0833333335,0.0,0.0,112
1,[],27,[],2019-07-02 18:09:33,1.0,0.00000001,0.000000000001073541,7788973,2019-07-02 18:09:33,btc,0.0,0.0,0.00000001,"btc,eth",0.0,0.0,1e-08,112
1,[],4,[],2019-07-02 18:09:34,995721.06217225,0.00000037,0.000000000039721017,7788974,2019-07-02 18:09:34,btc,6.364720626783998,0.0,0.00000037,btc,996630.59215383,0.00365946,0.1200863607860067,113
1,[],5,[],2019-07-02 18:09:35,0.0,0,0,7788975,2019-07-02 18:09:35,btc,0.0,0.0,0,btc,0.0,0.0,0.0,113
1,[],17,[],2019-04-26 02:17:47,162738.278,0.00000004,0.0000000000021069000000000002,7461287,2019-04-26 02:17:47,btc,1.3331140273775473,0.0,0.00000004,btc,51796.221,0.0,0.00230953112,116
1,[],27,[],2019-05-22 05:13:01,210000.0,0.00000001,0.00000000000079145,7666372,2019-05-22 05:13:01,btc,3919.0005001478,0.0,0.00000001,btc,128660.871,0.0,0.0021,116
1,[],4,[],2019-05-21 22:31:11,138169.03963019,0.00000701,0.000000000558364025,7664793,2019-05-21 22:31:11,btc,150.95388250938234,0.0,0.00000701,btc,344631.17141974,0.07552974,0.4288357684941946,120
1,[],7,[],2019-05-21 22:31:12,3901.07750076,0.000010679999999999999389654892212320191902108490467071533203125,0.0000000008506887,7664794,2019-05-21 22:31:12,btc,231188.94669936574,0.0,0.000010679999999999999389654892212320191902108490467071533203125,btc,4133.83151364,0.0,0.0113888422364489,120
1,[],20,[],2019-04-07 18:42:29,1914137.0852,0.000000035,0.0000000000017871910000000002,7211992,2019-04-07 18:42:29,btc,32.2497668025648,25528.85,0.000000035,btc,1001975.4986,0.00089350975,0.0152723574729,125
1,[],22,[],2019-06-17 14:32:38,10000.0,0.00000001,0.00000000000092914,7740161,2019-06-17 14:32:38,BTC,0.032061,0.0,0.00000001,BTC,299316.7611111111,0.0,0.0001,126
0,[],2,[],2019-01-20 23:25:46,0.0,0,0,6476969,2019-01-20 23:25:46,,0.0,0.0,0,,0.0,0.0,0.0,131
1,[],17,[],2019-05-03 01:13:10,10000.0,0.00000001,0.000000000000548003,7559115,2019-05-03 01:13:10,btc,0.0953976503951408,0.0,0.00000001,btc,5037.62507334,0.0,0.0001,131
1,[],4,[],2019-07-01 04:28:32,590754.62293327,0.00000338,0.000000000376936248,7782890,2019-07-01 04:28:32,btc,2.8525130367360445,0.0,0.00000338,btc,192252.70961539,0.09127328,0.5629290691005338,131
1,[],4,[],2019-06-17 14:32:42,4848.49465417,0.00007919,0.00000000735785966,7740163,2019-06-17 14:32:42,btc,0.9905723729472744,0.0,0.00007919,btc,202.13055914,0.0,0.0061509344290166,135
1,[],3,[],2019-06-05 06:33:11,40600.27748212,0.00000001,0.000000000000779096,7740019,2019-06-05 06:33:11,btc,0.2308097808993716,2146378.52189,0.00000001,btc,2477992.76904676,0.0,0.0004060027748212,136
1,[],4,[],2019-07-02 18:09:38,240988.910775,0.00000138,0.00000000014814865800000001,7788976,2019-07-02 18:09:38,btc,112.55650817649371,0.0,0.00000138,btc,526270.49510818,0.01621271,0.2047135855999122,137
1,[],12,[],2019-07-02 18:09:40,67879.69165165,0.000001430000000000000072932653839841155019030338735319674015045166015625,0.000000000153516363,7788977,2019-07-02 18:09:40,btc,57.90285881770719,0.0,0.000001430000000000000072932653839841155019030338735319674015045166015625,btc,82371.41598678,1.42e-06,0.0150551439999556,137
1,[],4,[],2019-07-02 18:09:41,433190.41826471,0.00000883,0.000000000947936703,7788978,2019-07-02 18:09:41,btc,4.064279534119271,0.0,0.00000883,btc,145475.36222048,0.2460322,0.3510250902865058,142
1,[],5,[],2019-07-02 18:09:42,0.0,0,0,7788979,2019-07-02 18:09:42,btc,0.0,0.00245086,0,btc,0.0,0.0,0.0,142
1,[],20,[],2019-07-02 18:11:44,112976.7881,0.000005948,0.0000000006385421868,7788980,2019-07-02 18:11:44,btc,1.5683280570573,0.0,0.000005948,btc,9882.1432,0.0,0.0063436825299,142
1,[],22,[],2019-07-02 18:11:47,10820.0,0.00000600,0.0000000006441246,7788981,2019-07-02 18:11:47,BTC,2.99759384,0.0,0.00000600,BTC,835.7198755539798,0.0,0.0053672,142
0.0,[],25,[],2019-07-02 18:11:49,0.0,0,0,7788982,2019-07-02 18:11:49,,0.0,0.0,0.0,btc,0.0,0.0,0.0,142
1,[],28,[],2019-07-02 18:11:52,76110.0,0.00001110,0.00000000119163051,7788983,2019-07-02 18:11:52,btc,0.438587390411,2089.0,0.00001110,btc,1381.1951,0.0,0.0042182,142
1,[],17,[],2019-05-03 01:13:16,32967.38636364,0.00000088,0.000000000048224264,7559122,2019-05-03 01:13:16,btc,20.06976206696776,0.0,0.00000088,btc,2746.079105,0.0,0.0105613000000032,142
0,[],22,[],2019-07-02 18:11:56,0.0,0,0,7788984,2019-07-02 18:11:56,,67.43964479,0.0,0,,716790536.7744589,0.0,0.0,143
0,[],22,[],2019-02-25 15:42:22,0.0,0,0,6783783,2019-02-25 15:42:22,,4.2131946,0.0,0,,2322156.0,0.0,0.0,146
,[],22,[],2018-11-20 23:01:11,0.0,0,0,4862114,2018-11-20 23:01:11,,2.56807021,0.0,,,61828.4988236,0.0,0.0,147
1,[],12,[],2019-04-21 06:38:04,193091.5971266,0.00000071,0.000000000037635183,7388679,2019-04-21 06:38:04,btc,2.301232411611175,0.0,0.00000071,btc,9957.48302385,0.00023528,0.0313308199999888,148
1,[],4,[],2019-03-19 21:31:25,255810.0415942,0.00000029,0.000000000011615747,6982695,2019-03-19 21:31:25,btc,218.94922712414143,0.0,0.00000029,btc,793529.37642722,0.00117,0.0608347789473395,152
0,[],22,[],2019-03-19 21:31:27,0.0,0,0,6982696,2019-03-19 21:31:27,,0.0,0.0,0,,0.0,0.0,0.0,152
1,[],5,[],2019-04-26 09:36:59,0.0,0,0,7465040,2019-04-26 09:36:59,btc,0.0,0.0,0,btc,0.0,0.0,0.0,153
,[],16,[],2019-01-11 15:38:59,0.0,0,0,6366141,2019-01-11 15:38:59,btc,0.0,0.0,,btc,0.0,0.0,0.0,155
0,[],23,[],2019-01-20 23:24:29,0.0,0,0,6476932,2019-01-20 23:24:29,,0.0,0.0,0,,0.0,0.0,0.0,156
0,[],22,[],2019-06-04 06:02:09,0.0,0,0,7734688,2019-06-04 06:02:09,,7.43375324,0.0,0,,5955762.942592593,0.0,0.0,156
1,[],22,[],2019-07-02 18:12:04,6996.0,0.00000001,0.000000000001073541,7788985,2019-07-02 18:12:04,BTC,1.7543039,0.0,0.00000001,BTC,57.0,0.0,6.996e-05,157
0,[],22,[],2019-05-21 23:40:32,0.0,0,0,7665049,2019-05-21 23:40:32,,50234.60468402,0.0,0,,54786159.03179465,0.0,0.0,158
,[],17,[],2018-11-20 22:56:10,0.0,0,0,4861976,2018-11-20 22:56:10,btc,1.1265625,0.0,,btc,1000.0,0.0,0.0,159
,[],20,[],2018-11-20 22:56:12,0.0,0,0,4861977,2018-11-20 22:56:12,btc,11912.7940471,0.0,,btc,34413894.3617,0.0,0.0,159
1,[],12,[],2019-05-24 02:51:20,9178.522006449999,0.00000191999999999999982841307998027158276954651228152215480804443359375,0.000000000151222656,7676256,2019-05-24 02:51:20,btc,149.80414728631675,0.0,0.00000191999999999999982841307998027158276954651228152215480804443359375,btc,1115.7451448499999,0.01783167678326,0.0120075778999181,168
1,[],17,[],2019-05-03 01:13:36,42852.0,0.00000002,0.000000000001096006,7559132,2019-05-03 01:13:36,btc,0.04279856251542,0.0,0.00000002,btc,274.46171372,0.0,0.00052852,168
1,[],22,[],2019-05-17 03:01:52,10.0,0.00000001,0.000000000000778341,7642059,2019-05-17 03:01:52,BTC,41.95893009,0.0,0.00000001,BTC,1753972.7737547632,0.0,1e-07,169
1,[],22,[],2019-05-30 08:38:18,202834.0,0.00000002,0.0000000000017416160000000001,7711049,2019-05-30 08:38:18,BTC,27.87002826,0.0,0.00000002,BTC,462189.5410507793,0.0,0.00211768,171
1,[],22,[],2019-05-29 08:05:18,349870.0,0.00000002,0.000000000001705894,7705265,2019-05-29 08:05:18,BTC,24.05907723,0.0,0.00000002,"BTC,LTC",1224285.4355616204,0.0,0.0039847,173
1,[],5,[],2019-07-02 18:12:05,0.0,0,0,7788986,2019-07-02 18:12:05,btc,0.0,0.00165881,0,btc,0.0,0.0,0.0,175
1,[],22,[],2019-06-17 14:33:12,90671.0,0.00000001,0.00000000000092914,7740175,2019-06-17 14:33:12,BTC,394.35459412,0.0,0.00000001,BTC,136275.61833431243,0.0,0.00090671,176
1,[],7,[],2019-07-01 10:15:32,0.0,0,0,7783526,2019-07-01 10:15:32,btc,521516.2326888725,0.0,0,btc,26809253.73522063,0.0,0.0,178
1,[],22,[],2019-07-02 18:12:17,30.0,0.00000001,0.000000000001073541,7788987,2019-07-02 18:12:17,BTC,1.00242428,0.0,0.00000001,BTC,57512.0,0.0,3e-07,178
0,[],2,[],2019-01-20 23:28:34,0.0,0,0,6477001,2019-01-20 23:28:34,,0.0,0.0,0,,0.0,0.0,0.0,178
0,[],23,[],2019-01-20 23:25:08,0.0,0,0,6476952,2019-01-20 23:25:08,,0.0,0.0,0,,0.0,0.0,0.0,179
1,[],5,[],2019-07-02 18:12:18,0.0,0,0,7788988,2019-07-02 18:12:18,btc,0.0,5e-06,0,btc,0.0,0.0,0.0,179
0,[],22,[],2019-07-02 18:12:21,0.0,0,0,7788989,2019-07-02 18:12:21,,9.36109844,0.0,0,,14660796.311946675,0.0,0.0,179
1,[],22,[],2019-07-02 18:14:25,751270.5363636364,0.00000037,0.000000000039721017,7788990,2019-07-02 18:14:25,BTC,40.64467817,0.0,0.00000037,"BTC,LTC",197650.411571008,0.00231795,0.58808824,180
1,[],26,[],2019-07-02 18:14:25,0.0,0.00000010,0.00000000001073541,7788991,2019-07-02 18:14:25,btc,0.0,0.0,0.00000010,btc,0.0,0.0,0.0,180
1,[],17,[],2019-05-03 01:13:56,20504.725000000002,0.0000001,0.00000000000548003,7559141,2019-05-03 01:13:56,btc,5.2010695838400265,0.0,0.0000001,btc,5033.45945,0.0,0.0011504725,180
,[],7,[],2018-11-20 22:58:01,562227.975654,0.00000085,0.000000000036176765,4862015,2018-11-20 22:58:01,btc,21836.6059674,2491.87645172,,btc,749999.041456,0.00211021,0.127565380455,183
,[],5,[],2019-01-10 08:11:41,0.0,0,0,6347036,2019-01-10 08:11:41,btc,82.15055501,0.00261,,btc,1.19002445,0.0,0.0,187
,[],17,[],2018-11-16 20:58:10,4062536.27273,0.00000001,0.000000000000550501,4708775,2018-11-16 20:58:10,btc,3.36492563466,0.195460381006,,"btc,eth",110697919.549,0.0,0.0157628953496,187
1,[],24,[],2019-05-22 21:04:52,0.0,0.000000000014,0.0000000000000010960978,7670219,2019-05-22 21:04:52,btc,0.0,0.0,0.000000000014,btc,0.0,0.0,0.0,187
0,[],22,[],2019-04-25 02:54:07,0.0,0,0,7447896,2019-04-25 02:54:07,,7.54794454,0.0,0,,76361.7243344055,0.0,0.0,191
0,[],22,[],2019-06-17 14:33:34,0.0,0,0,7740182,2019-06-17 14:33:34,,0.0,0.0,0,,0.0,0.0,0.0,197
0,[],23,[],2019-01-20 23:31:41,0.0,0,0,6477079,2019-01-20 23:31:41,,0.0,0.0,0,,0.0,0.0,0.0,199
0,[],22,[],2019-07-02 18:14:29,0.0,0,0,7788992,2019-07-02 18:14:29,,10.58263174,0.0,0,,84280969.0,0.0,0.0,199
1,[],26,[],2019-07-02 18:14:29,0.0,0.00000000,0,7788993,2019-07-02 18:14:29,btc,0.0,0.0,0.00000000,btc,0.0,0.0,0.0,199
0,[],2,[],2019-01-20 23:30:49,0.0,0,0,6477059,2019-01-20 23:30:49,,0.0,0.0,0,,0.0,0.0,0.0,201
1,[],4,[],2019-01-25 15:51:35,2084389.58565343,0.00000936,0.000000000333526752,6499557,2019-01-25 15:51:35,btc,2.0092503037378524,0.0,0.00000936,btc,160195.80207885,0.19272417,1.242687955921835,211
1,[],7,[],2019-07-01 02:21:28,1170054124.6898527,0.00000018,0.000000000019815389999999997,7782694,2019-07-01 02:21:28,btc,1346735.6331920293,0.0,0.00000018,btc,5516233.71348162,0.0,11.954344045954047,212
1,[],12,[],2019-01-25 02:44:32,207462.42853209,0.000001080000000000000035831255497387193287295303889550268650054931640625,0.000000000038610756000000006,6493050,2019-01-25 02:44:32,btc,85023.03793723314,0.0,0.000001080000000000000035831255497387193287295303889550268650054931640625,btc,43675.73520027,0.000146250909087,0.0348620860622024,213
1,[],5,[],2019-05-30 00:07:46,0.0,0,0,7709357,2019-05-30 00:07:46,btc,0.0,0.06425239,0,btc,0.0,0.0,0.0,213
1,[],24,[],2019-05-30 00:07:46,0.0,0.000000399202,0.0000000000344859829346,7709358,2019-05-30 00:07:46,btc,0.0,0.0,0.000000399202,btc,0.0,0.0,0.0,213
1,[],26,[],2019-05-30 00:07:47,0.0,0.00000040,0.000000000034554919999999996,7709359,2019-05-30 00:07:47,btc,0.0,0.0,0.00000040,btc,0.0,0.0,0.0,213
0,[],22,[],2019-07-02 18:14:34,0.0,0,0,7788994,2019-07-02 18:14:34,,9.54523049,0.0,0,,3658586.2040649247,0.0,0.0,216
0,[],27,[],2019-07-02 18:14:41,0.0,0,0,7788995,2019-07-02 18:14:41,,1998.7972391893975,0.0,0,"btc,ltc",547178.29534794,0.0,0.0,216
1,[],22,[],2019-07-02 18:14:45,525578.3,0.0000002,0.00000000002147082,7788996,2019-07-02 18:14:45,BTC,12055.86536113,0.0,0.0000002,BTC,590944.099660349,0.0011842,0.03710344,217
1,[],7,[],2019-06-27 19:02:35,0.0,0,0,7772298,2019-06-27 19:02:35,btc,2123800.2774640615,0.0,0,btc,82333746.4752352,0.0,0.0,219
0,[],27,[],2019-07-02 18:14:51,0.0,0,0,7788997,2019-07-02 18:14:51,,250.20642758069673,0.0,0,btc,46772.535837,0.0,0.0,219
0.000000000000003049,[],28,[],2019-07-02 18:14:53,3312820234.054,6.884641999999999e-19,7.390945457322e-23,7788998,2019-07-02 18:14:53,doge,125846.04510800431,6731.0,0.00022580,"btc,doge",120666781.230909,0.0,2.6711940209756197e-11,219
0,[],22,[],2019-06-26 23:36:41,0.0,0,0,7769178,2019-06-26 23:36:41,,56.75439223,0.0,0,,184664.6482738741,0.0,0.0,221
1,[],24,[],2019-06-26 23:36:41,0.0,0.000000030000,0.000000000003835668,7769179,2019-06-26 23:36:41,btc,0.0,0.0,0.000000030000,btc,0.0,0.0,0.0,221
1,[],20,[],2019-06-17 14:34:11,26882155.8301,0.000000003,0.000000000000278742,7740192,2019-06-17 14:34:11,btc,100050.81956632523,233521.3529,0.000000003,btc,38769742.8604,0.0007925640587,0.0306863532672,224
0,[],22,[],2019-06-17 14:34:13,0.0,0,0,7740193,2019-06-17 14:34:13,,0.0,0.0,0,,0.0,0.0,0.0,224
1,[],26,[],2019-07-02 18:14:54,0.0,0.00000022,0.000000000023617902,7788999,2019-07-02 18:14:54,btc,0.0,0.0,0.00000022,btc,0.0,0.0,0.0,231
1,[],26,[],2019-07-02 18:14:54,0.0,0.00000005,0.000000000005367705,7789000,2019-07-02 18:14:54,btc,0.0,0.0,0.00000005,btc,0.0,0.0,0.0,234
0.0000000002708585,[],27,[],2019-07-02 18:15:01,100.0,2.7085850000000004e-18,2.9077770494850003e-22,7789001,2019-07-02 18:15:01,eth,0.0,0.0,0.00000001,"btc,eth",0.0,0.0,2.708585e-16,234
1,[],4,[],2019-05-22 17:06:12,91780.56053785,0.00000078,0.000000000061977552,7669277,2019-05-22 17:06:12,btc,5.573372450018177,0.0,0.00000078,btc,729173.93529783,0.0,0.0307060663355679,236
1,[],24,[],2019-05-22 17:06:12,0.0,0.000000010000,0.000000000000794584,7669278,2019-05-22 17:06:12,btc,0.0,0.0,0.000000010000,btc,0.0,0.0,0.0,236
1,[],5,[],2019-07-02 18:15:02,0.0,0,0,7789002,2019-07-02 18:15:02,btc,0.0,0.26950587,0,btc,0.0,0.0,0.0,237
1,[],20,[],2019-07-02 18:15:05,127611117.9851,0.000000062,0.0000000000066559542,7789003,2019-07-02 18:15:05,btc,548.9207595865505,13868792.0404,0.000000062,btc,43541593.9105,0.7989649458921,0.8172383982763,237
1,[],22,[],2019-07-02 18:15:09,2087097.0,0.00000003,0.000000000003220623,7789004,2019-07-02 18:15:09,BTC,1.20109922,0.0,0.00000003,"BTC,LTC",14430.948717948719,0.00351581,0.02685955,237
1,[],4,[],2019-07-02 18:15:11,28139694.03332948,0.00000005,0.000000000005367705,7789005,2019-07-02 18:15:11,btc,2.901543457321336,0.0,0.00000005,btc,14080622.929015,0.17332569,0.4908240614708454,238
1,[],5,[],2019-07-02 18:15:12,0.0,0,0,7789006,2019-07-02 18:15:12,btc,0.0,0.01082661,0,btc,0.0,0.0,0.0,238
0,[],22,[],2019-03-12 16:49:32,0.0,0,0,6914458,2019-03-12 16:49:32,,0.40415746,0.0,0,,526736.5639027493,0.0,0.0,249
0,[],22,[],2019-05-28 23:53:45,0.0,0,0,7703643,2019-05-28 23:53:45,,13.44714864,0.0,0,,43777534.3426455,0.0,0.0,252
1,[],28,[],2019-07-02 18:15:14,1008583.88,0.00000005,0.000000000005367705,7789007,2019-07-02 18:15:14,btc,3.53834195988,145011.4,0.00000005,btc,4995264.4334,0.0,0.032246389,256
1,[],22,[],2019-07-02 18:15:19,481444.0,0.00000001,0.000000000001073541,7789008,2019-07-02 18:15:19,BTC,31471.48537874,0.0,0.00000001,"BTC,LTC",1164536.0289488921,0.00015,0.00721444,258
1,[],22,[],2019-05-19 18:12:02,400.0,0.00000001,0.0000000000007957800000000001,7653905,2019-05-19 18:12:02,BTC,2.415167,0.0,0.00000001,BTC,157.0,0.0,4e-06,259
1,[],5,[],2019-07-02 14:44:15,0.0,0,0,7788374,2019-07-02 14:44:15,btc,0.0,0.02775788,0,btc,0.0,0.0,0.0,264
1,[],20,[],2019-07-02 14:44:17,953070.9962,0.000000178,0.000000000017956461999999998,7788375,2019-07-02 14:44:17,btc,1.1507330656826,14313.4023,0.000000178,btc,65222.866,0.0046947959544,0.0049363258649,264
0,[],22,[],2019-04-12 17:57:27,0.0,0,0,7278186,2019-04-12 17:57:27,,66.37522201,0.0,0,,677842.4169881374,0.0,0.0,271
0,[],22,[],2019-07-02 18:15:22,0.0,0,0,7789009,2019-07-02 18:15:22,,33050469.74148113,0.0,0,,14261527780.7,0.0,0.0,272
0.000000000000003049,[],28,[],2019-07-02 18:15:23,382107684394.712,5.4882e-22,5.8918077162e-26,7789010,2019-07-02 18:15:23,doge,282952916.4912692,7261131277.8121,0.00000018,doge,332275884852.3654,0.0,8.933863290687168e-11,272
1,[],22,[],2019-05-23 07:12:29,219930.0,0.00000004,0.000000000003048688,7671985,2019-05-23 07:12:29,BTC,426.77835217,0.0,0.00000004,BTC,248664.3325962929,0.0,0.00739728,281
1,[],22,[],2019-07-02 18:15:29,1409605.9,0.00000002,0.000000000002147082,7789011,2019-07-02 18:15:29,BTC,7.87630805,0.0,0.00000002,"BTC,LTC",1137979.797623037,0.00674692,0.02432534,286
0,[],22,[],2019-06-17 14:34:53,0.0,0,0,7740207,2019-06-17 14:34:53,,7337915.80475575,0.0,0,,2078527309.6797826,0.0,0.0,294
