pairValue,buyBook,exchangeId,sellBook,updated,buyTotal,satoshiPrice,usdPrice,exchangeLogId,created,bestPair,sellTotalBtc,volume,pairPrice,activePairs,sellTotal,volumeBtc,buyTotalBtc,coinId
1,[],3,[],2019-06-26 08:55:30,31389.71812138159,0.008420640000000000069402261715367785654962062835693359375,0.000001069726949231999963802992010,7766616,2019-06-26 08:55:30,btc,9.324786762711886,53.5341126095,0.008420640000000000069402261715367785654962062835693359375,btc,35.535595259503005,0.0,0.2307049086535441,1
1,[],4,[],2019-06-26 08:55:30,207774.38688089,0.00822001,0.000001044239656362999956058878949,7766617,2019-06-26 08:55:30,btc,8.797873587579897,0.0,0.00822001,btc,392.07887402,5.83829646,0.5303900822756416,1
1,[],5,[],2019-06-26 08:55:32,0.0,0,0,7766618,2019-06-26 08:55:32,btc,0.0,0.29990234,0,btc,0.0,0.0,0.0,1
1,[],10,[],2019-06-26 08:55:35,309198.05786008,0.00250001,0.000000317592020363,7766619,2019-06-26 08:55:35,btc,6521.329530445031,1580.13002452,0.00250001,btc,1220.31629555,0.0,1.5048643144976939,1
1,[],12,[],2019-06-26 08:55:38,99.91369395000001,0.00822999999999999946875828271686259540729224681854248046875,0.000001045508748999999888518493949,7766620,2019-06-26 08:55:38,btc,0.3355095434197,0.0,0.00822999999999999946875828271686259540729224681854248046875,btc,32.36899059,0.874480532231,0.15627563343,1
1,[],20,[],2019-06-26 08:55:40,928.1901,0.00801003,0.000001017564574088999957181354055,7766621,2019-06-26 08:55:40,btc,0.1533441345747,2.397,0.00801003,btc,11.4888,0.0245813748907,0.1259171845325,1
1,[],21,[],2019-06-26 08:55:40,2521.05028196,0.008250119999999999675921458220,0.000001048064719355999914728183213,7766622,2019-06-26 08:55:40,btc,9.533455619352889,10596.64271547,0.0082501199999999996759214582198183052241802215576171875,"btc,eth",1471.65410798,90.1237872867848,15.856403485004865,1
1,[],22,[],2019-06-26 08:55:44,0.04053,0.00900000,0.000001143326699999999951889342049,7766623,2019-06-26 08:55:44,BTC,0.01666796,0.0,0.00900000,BTC,0.25318100557485945,0.0,0.00020756,1
1,[],24,[],2019-06-26 08:55:45,0.0,0.000000000000,0,7766624,2019-06-26 08:55:45,btc,0.0,0.0,0.000000000000,btc,0.0,0.0,0.0,1
0.0,[],25,[],2019-06-26 08:55:46,0.0,0,0,7766625,2019-06-26 08:55:46,btc,42.48449999862157,20081.61549425,0.0,btc,4974.35870047,195.656,0.0,1
1,[],26,[],2019-06-26 08:55:49,0.0,0,0,7766626,2019-06-26 08:55:49,,0.0,0.0,0,,0.0,0.0,0.0,1
0,[],28,[],2019-06-26 08:55:51,0.0,0,0,7766627,2019-06-26 08:55:51,,0.0,0.0,0,,0.0,0.0,0.0,1
0,[],2,[],2019-01-20 23:28:45,0.0,0,0,6477011,2019-01-20 23:28:45,,0.0,0.0,0,,0.0,0.0,0.0,1
1,[],5,[],2019-06-17 14:29:02,0.0,0,0,7740076,2019-06-17 14:29:02,btc,0.0,2.72e-05,0,btc,0.0,0.0,0.0,2
1,[],22,[],2019-06-17 14:29:06,11550.3,0.0000002,0.0000000000185828,7740077,2019-06-17 14:29:06,BTC,21.00897301,0.0,0.0000002,"BTC,XMR",20678.87287795317,1.754e-05,0.00143681,2
1,[],5,[],2019-06-03 14:48:58,0.0,0,0,7731126,2019-06-03 14:48:58,btc,0.0,0.05905545,0,btc,0.0,0.0,0.0,3
1,[],12,[],2019-06-03 14:48:59,3468623.70302,0.000000116,0.000000000009823402000000002,7731127,2019-06-03 14:48:59,btc,169531.0336573751,0.0,0.000000116,btc,2361209.62379607,0.041350953071,0.33764769154428,3
0,[],28,[],2019-06-03 14:49:00,0.0,0,0,7731128,2019-06-03 14:49:00,,0.0,0.0,0,,0.0,0.0,0.0,3
0,[],2,[],2019-01-20 23:31:32,0.0,0,0,6477077,2019-01-20 23:31:32,,0.0,0.0,0,,0.0,0.0,0.0,4
1,[],4,[],2019-05-18 21:29:50,562734.9206932,0.00000010,0.000000000007298720000000001,7650946,2019-05-18 21:29:50,btc,41.9347137769675,0.0,0.00000010,btc,1123702.32192634,0.00052462,0.029254593370966,4
0,[],12,[],2019-06-02 05:03:43,0.0,0,0,7724919,2019-06-02 05:03:43,btc,625.901992874995,0.0,0,btc,1211362.4995005,0.0,0.0,5
0,[],2,[],2019-01-20 23:31:51,0.0,0,0,6477087,2019-01-20 23:31:51,,0.0,0.0,0,,0.0,0.0,0.0,6
1,[],11,[],2019-06-26 08:55:53,6147161.276736,0.00000001,0.000000000001270363,7766628,2019-06-26 08:55:53,btc,9583.55961256263,10000.0,0.00000001,btc,76083617.98104052,0.0,0.061471612767360004,6
1,[],3,[],2019-06-26 08:55:54,11504.84726123005,0.0000506899999999999974838356397999206137683358974754810333251953125,0.0000000064394700469999995,7766629,2019-06-26 08:55:54,btc,1026.2766377120963,627.29874475,0.0000506899999999999974838356397999206137683358974754810333251953125,btc,325.361885068042,0.0,0.011772441081240472,7
1,[],4,[],2019-06-26 08:55:55,322684.47570003,0.00006264,0.000000007957553831999999,7766630,2019-06-26 08:55:55,btc,6.672785129527062,0.0,0.00006264,btc,51636.22805036,1.62227703,1.8745730598348127,7
1,[],5,[],2019-06-26 08:55:56,0.0,0,0,7766631,2019-06-26 08:55:56,btc,0.0,0.09379366,0,btc,0.0,0.0,0.0,7
1,[],20,[],2019-04-07 22:06:50,3201475.0482,0.000000001,0.000000000000051590000000000004,7213932,2019-04-07 22:06:50,btc,30.8005781811902,0.0,0.000000001,btc,23077405.3926,0.0,0.0032014750482,8
0,[],2,[],2019-01-20 23:22:42,0.0,0,0,6476876,2019-01-20 23:22:42,,0.0,0.0,0,,0.0,0.0,0.0,9
0,[],23,[],2019-01-20 23:22:48,0.0,0,0,6476878,2019-01-20 23:22:48,,0.0,0.0,0,,0.0,0.0,0.0,9
1,[],4,[],2019-06-26 08:55:58,1877628.91094102,0.00000041,0.000000000052084883,7766632,2019-06-26 08:55:58,btc,2.920705568926886,0.0,0.00000041,btc,3057645.55538613,0.49401721,0.30940318202001,9
0,[],28,[],2019-06-26 08:55:59,0.0,0,0,7766633,2019-06-26 08:55:59,,0.0,0.0,0,,0.0,0.0,0.0,9
1,[],1,[],2019-02-17 23:31:42,1822507.21,0.00000181000000000000003456111265232042484285557293333113193511962890625,0.000000000066086901,6701244,2019-02-17 23:31:42,btc,3.6990969245,17153386.5,0.00000181000000000000003456111265232042484285557293333113193511962890625,btc,1997391.71,31.11772986,3.2610482446,9
1,[],4,[],2019-02-17 11:22:43,4341674.27126056,0.00000002,0.0000000000007272960000000001,6696112,2019-02-17 11:22:43,btc,0.1997230937751353,0.0,0.00000002,btc,4109766.79808031,0.00215132,0.0479381022052112,10
0,[],2,[],2019-01-20 23:23:08,0.0,0,0,6476890,2019-01-20 23:23:08,,0.0,0.0,0,,0.0,0.0,0.0,12
1,[],4,[],2019-06-26 08:56:00,40028533.02460977,0.00000023,0.000000000029218349,7766634,2019-06-26 08:56:00,btc,7.000331930715,0.0,0.00000023,btc,9061751.28048771,0.54917573,1.3712665046230905,12
1,[],5,[],2019-06-26 08:56:01,0.0,0,0,7766635,2019-06-26 08:56:01,btc,0.0,0.03559549,0,btc,0.0,0.0,0.0,12
0.0,[],25,[],2019-06-26 08:56:03,0.0,0,0,7766636,2019-06-26 08:56:03,,0.0,0.0,0.0,btc,0.0,0.0,0.0,12
1,[],4,[],2019-06-26 08:56:03,557265.75049165,0.00000265,0.000000000336646195,7766637,2019-06-26 08:56:03,btc,2.0343808513919863,0.0,0.00000265,btc,332890.07504759,0.31782317,0.2359290917400677,13
1,[],10,[],2019-06-26 08:56:06,587146.17052041,0.00000265,0.000000000336646195,7766638,2019-06-26 08:56:06,btc,666798.2727658276,35492.9586172,0.00000265,btc,868637.38816008,0.0,0.2133550803729452,13
1,[],21,[],2019-06-26 08:56:07,6224491.18402129,0.000002669999999999999847413723053,0.00000000033918692099999997,7766639,2019-06-26 08:56:07,btc,2.8261082432189357,1231204.51685449,0.00000266999999999999984741372305308004797552712261676788330078125,btc,788280.24719477,3.74119784,2.9778049670809703,13
1,[],4,[],2019-06-26 08:56:08,956376.16214882,0.00000050,0.00000000006351815,7766640,2019-06-26 08:56:08,btc,3.9285060429531895,0.0,0.00000050,btc,1645096.87932254,0.01622278,0.0688575001392874,14
1,[],12,[],2019-06-26 08:56:09,232686.86396255,0.00000049,0.00000000006224778699999999,7766641,2019-06-26 08:56:09,btc,193.48167731031154,0.0,0.00000049,btc,37737.58920806,0.007378711539,0.0131871899999884,14
1,[],26,[],2019-06-26 08:58:09,0.0,0.00000050,0.00000000006351815,7766642,2019-06-26 08:58:09,btc,0.0,0.0,0.00000050,btc,0.0,0.0,0.0,14
0,[],17,[],2019-05-03 00:53:32,0.0,0,0,7558876,2019-05-03 00:53:32,btc,0.0,0.0,0,btc,0.0,0.0,0.0,14
0,[],4,[],2019-06-26 08:58:10,0.0,0,0,7766643,2019-06-26 08:58:10,,0.0,0.0,0,,0.0,0.0,0.0,15
,[],12,[],2018-12-01 15:15:48,204241.84496,0.00000489,0.000000000202473384,5260204,2018-12-01 15:15:48,btc,49.5475654835,0.0,,btc,35763.2193806,0.0163153972027625,0.0203389899998,15
0,[],2,[],2019-01-20 23:23:38,0.0,0,0,6476906,2019-01-20 23:23:38,,0.0,0.0,0,,0.0,0.0,0.0,18
1,[],4,[],2019-06-26 08:58:11,28834.74953157,0.00000863,0.000000001096323269,7766644,2019-06-26 08:58:11,btc,2.4485014641700245,0.0,0.00000863,btc,16430.84218256,0.03181668,0.0208744119937673,18
1,[],10,[],2019-06-26 08:58:13,417383.68194143,0.00000791,0.000000001004857133,7766645,2019-06-26 08:58:13,btc,14.891712338303133,18918.6838289,0.00000791,btc,10994.1162264,0.0,0.2775705132867171,18
1,[],12,[],2019-06-26 08:58:14,1036.94993448,0.000008569999999999999262790227605446347070028423331677913665771484375,0.0000000010887010909999998,7766646,2019-06-26 08:58:14,btc,0.5224324025359557,0.0,0.000008569999999999999262790227605446347070028423331677913665771484375,btc,1928.69658592,2.552566e-06,0.0044441479829148,18
0,[],17,[],2019-05-03 00:53:39,0.0,0,0,7558882,2019-05-03 00:53:39,btc,0.0,0.0,0,btc,0.0,0.0,0.0,18
1,[],3,[],2019-06-26 09:00:14,152957.77385256556,0.0000055400000000000003210517789120626019894189084880053997039794921875,0.0000000007037811020000001,7766647,2019-06-26 09:00:14,btc,190.48331766716464,15760.2721295,0.0000055400000000000003210517789120626019894189084880053997039794921875,btc,18972.061438673158,0.0,0.0509976606885036,19
1,[],4,[],2019-06-26 09:00:15,333074.02268812,0.00000793,0.0000000010073978589999999,7766648,2019-06-26 09:00:15,btc,5.368546362574624,0.0,0.00000793,btc,253026.05214022,0.23728518,1.3916860834144542,19
1,[],5,[],2019-06-26 09:00:16,0.0,0,0,7766649,2019-06-26 09:00:16,btc,0.0,0.00628609,0,btc,0.0,0.0,0.0,19
1,[],12,[],2019-06-26 09:00:17,107355.23318551,0.0000060599999999999995775427918953681682978640310466289520263671875,0.0000000007698399779999999,7766650,2019-06-26 09:00:17,btc,1.2068214288371348,0.0,0.0000060599999999999995775427918953681682978640310466289520263671875,btc,3003.56634116,0.000280036898,0.0106776099997985,19
0,[],27,[],2019-06-26 09:00:23,0.0,0,0,7766651,2019-06-26 09:00:23,,0.0,0.0,0,btc,0.0,0.0,0.0,19
0,[],2,[],2019-01-20 23:24:19,0.0,0,0,6476924,2019-01-20 23:24:19,,0.0,0.0,0,,0.0,0.0,0.0,19
1,[],4,[],2019-06-26 09:00:24,10087097.23656777,0.00000005,0.0000000000063518149999999994,7766652,2019-06-26 09:00:24,btc,5.170127655812324,0.0,0.00000005,btc,2245045.26778403,0.0,0.1176747238096551,20
0,[],4,[],2019-06-26 09:00:24,0.0,0,0,7766653,2019-06-26 09:00:24,,12503.52352948411,0.0,0,,84134481.80349497,0.0,0.0,21
0,[],12,[],2019-06-26 09:00:27,0.0,0,0,7766654,2019-06-26 09:00:27,btc,2602.952815246953,0.0,0,btc,8020363.49350646,1.1458542e-05,0.0,21
0,[],17,[],2019-05-03 00:53:51,0.0,0,0,7558891,2019-05-03 00:53:51,btc,0.0,0.0,0,btc,0.0,0.0,0.0,21
1,[],12,[],2019-06-26 09:02:28,5780929358.277,0.0000000004,0.00000000000005081452,7766655,2019-06-26 09:02:28,btc,1426624035460.206,0.0,0.0000000004,btc,2621989175.461972,0.098300362332,1.4248915637108004,23
0.0000000002622265,[],27,[],2019-06-26 09:02:33,43547676.0,7.866795e-18,9.993685296585e-22,7766656,2019-06-26 09:02:33,eth,1072.81094023082,958341.75224774,0.00000003,eth,5740897.756,7.539077431625e-12,1.9587240750179e-10,23
1,[],4,[],2019-06-22 05:45:29,6100414.07522138,0.00000017,0.00000000001823352,7751732,2019-06-22 05:45:29,btc,10.22685272773715,0.0,0.00000017,btc,1790815.48208265,0.0,0.1345450262400025,24
0,[],22,[],2019-06-22 05:45:31,0.0,0,0,7751733,2019-06-22 05:45:31,,6.22e-05,0.0,0,,517.4264705882352,0.0,0.0,24
0.0,[],25,[],2019-06-22 05:45:32,0.0,0,0,7751734,2019-06-22 05:45:32,,0.0,0.0,0.0,btc,0.0,0.0,0.0,24
1,[],4,[],2019-06-26 09:02:34,26911665.6164212,0.00000350,0.00000000044462705,7766657,2019-06-26 09:02:34,btc,6.524783089254472,0.0,0.00000350,btc,216305.17701646,0.06795553,0.3360042674005823,26
1,[],10,[],2019-06-26 09:02:36,162101.77456912,0.00000435,0.000000000552607905,7766658,2019-06-26 09:02:36,btc,25.36266364063752,5632.46925891,0.00000435,btc,20541.07378689,0.0,0.0504661121993944,26
0,[],2,[],2019-01-20 23:25:56,0.0,0,0,6476976,2019-01-20 23:25:56,,0.0,0.0,0,,0.0,0.0,0.0,26
1,[],5,[],2019-04-26 09:47:06,0.0,0,0,7465326,2019-04-26 09:47:06,btc,0.0,0.0,0,btc,0.0,0.0,0.0,27
1,[],3,[],2019-06-17 14:30:26,13571825.64059417,0.00000001,0.00000000000092914,7740112,2019-06-17 14:30:26,btc,3.485049956644059,4264730.43754,0.00000001,btc,23500048.28518193,0.0,0.1357182564059417,27
1,[],11,[],2019-06-17 14:30:28,2031833.58157834,0.00000001,0.00000000000092914,7740113,2019-06-17 14:30:28,btc,67502.92060589766,32677.9652116,0.00000001,btc,6487362.95640949,0.0,0.0203183358157834,27
1,[],4,[],2019-06-26 09:02:36,575359276.9869174,0.00000001,0.000000000001270363,7766659,2019-06-26 09:02:36,btc,8.606871525846312,0.0,0.00000001,"btc,ltc",520856120.114792,2.48215478,2.048641610595927,29
1,[],7,[],2019-06-26 09:02:38,81767880.4369204,0.00000001,0.000000000001270363,7766660,2019-06-26 09:02:38,btc,46548272.26375923,5126635.27522,0.00000001,btc,39885090.15759023,0.0514386,0.817678804369204,29
1,[],4,[],2019-06-26 09:02:39,15271808.41610175,0.00000003,0.0000000000038110889999999995,7766661,2019-06-26 09:02:39,btc,2.5888396630071338,0.0,0.00000003,btc,2248924.27404088,0.00754806,0.1640006929247151,30
0,[],17,[],2019-05-03 01:11:25,0.0,0,0,7559066,2019-05-03 01:11:25,btc,0.0,0.0,0,btc,0.0,0.0,0.0,30
1,[],4,[],2019-06-26 09:04:40,241154.48174939,0.00002705,0.000000003436331915,7766662,2019-06-26 09:04:40,btc,3.521391268400173,0.0,0.00002705,btc,55332.16695978,0.38937776,0.3439111392103787,31
1,[],21,[],2019-06-26 09:04:41,955055.21825621,0.00002919000000000000004493801165,0.000000003708189597,7766663,2019-06-26 09:04:41,btc,8.064121530466174,735981.8841987,0.00002919000000000000004493801164517918778074090369045734405517578125,btc,189405.90244730999,22.3563497,4.392528409327544,31
0,[],2,[],2019-01-20 23:28:43,0.0,0,0,6477009,2019-01-20 23:28:43,,0.0,0.0,0,,0.0,0.0,0.0,32
0,[],4,[],2019-06-26 09:04:42,0.0,0,0,7766664,2019-06-26 09:04:42,,0.0,0.0,0,,0.0,0.0,0.0,33
1,[],12,[],2019-03-30 07:55:10,40641173.964,0.00000003,0.000000000001228359,7108785,2019-03-30 07:55:10,btc,4233210.82356125,0.0,0.00000003,btc,28378394.68333462,0.0126927883965248,0.90752895892,33
0.000000000105869,[],4,[],2019-06-26 09:04:43,149004274.5133363,4.658236e-17,5.917650659668e-21,7766665,2019-06-26 09:04:43,ltc,4.289029285846927,0.0,0.00000044,ltc,164001317.77793086,0.00111336,6.523378519984568e-10,34
1,[],5,[],2019-06-26 09:04:44,0.0,0,0,7766666,2019-06-26 09:04:44,btc,0.0,0.01,0,btc,0.0,0.0,0.0,34
0.0000000002926451,[],17,[],2019-05-02 18:17:47,200000.0,2.9264510000000002e-18,1.596703856561e-22,7556430,2019-05-02 18:17:47,eth,0.20942468735267253,0.0,0.00000001,"btc,eth",1018272.20243647,0.0,5.852902e-13,36
0.0000000001311821,[],4,[],2019-05-31 13:28:19,2417517744.0607657,1.311821e-18,1.105058333085e-22,7717483,2019-05-31 13:28:19,ltc,5.019900492391546e-08,0.0,0.00000001,ltc,7102398142.262129,0.0,3.171350544531538e-09,36
1,[],5,[],2019-05-31 13:28:21,0.0,0,0,7717484,2019-05-31 13:28:21,btc,0.0,0.0,0,btc,0.0,0.0,0.0,36
0.0000000003108179,[],27,[],2019-05-31 13:30:34,10388811.226876,6.216358000000001e-18,5.236566733830001e-22,7717485,2019-05-31 13:30:34,eth,1569.8708019850988,761866.634299,0.00000002,"ltc,eth",5084024.2511555,4.736034912207001e-12,3.3251980286483705e-11,36
1,[],4,[],2019-06-25 10:05:55,10747826.61931615,0.00000014,0.000000000015920562,7762320,2019-06-25 10:05:55,btc,19773.05513423956,0.0,0.00000014,btc,682946.14349671,0.0006293,0.1362851255028938,37
1,[],12,[],2019-06-25 10:05:57,4167862.54235103,0.00000013,0.000000000014783379,7762321,2019-06-25 10:05:57,btc,7.381091518261743,0.0,0.00000013,btc,1713444.53926904,0.016313049979,0.1478110147956336,37
1,[],27,[],2019-06-25 10:08:02,10970.0,0.00000019,0.000000000021606477,7762322,2019-06-25 10:08:02,btc,22.62970013895233,0.0,0.00000019,btc,4298.824295,0.0,0.00167419,37
1,[],17,[],2019-05-03 01:11:36,211752.74075282,0.00000025,0.000000000013700074999999998,7559074,2019-05-03 01:11:36,btc,0.055484923955058496,0.0,0.00000025,"btc,eth",1387.19918473,0.0,0.0005381851887916605,37
1,[],5,[],2019-06-26 09:04:45,0.0,0,0,7766667,2019-06-26 09:04:45,btc,0.0,0.27604918,0,btc,0.0,0.0,0.0,42
1,[],12,[],2019-06-26 09:04:46,2028425.26756502,0.000001769999999999999994019540816569957542014890350401401519775390625,0.00000000022485425099999998,7766668,2019-06-26 09:04:46,btc,526.3663321675692,0.0,0.000001769999999999999994019540816569957542014890350401401519775390625,btc,139354.30413606,0.053052366829,0.0647094499999633,42
1,[],27,[],2019-06-26 09:04:53,683.0,0.00000140,0.00000000017785082,7766669,2019-06-26 09:04:53,btc,0.07600425,0.0,0.00000140,"btc,eth",18.0,0.0,0.0005422,42
1,[],12,[],2019-03-13 09:13:29,1112112.0,0.00000001,0.000000000000386531,6919902,2019-03-13 09:13:29,btc,29058.00478931866,0.0,0.00000001,btc,5967681.93306694,9.99000999e-07,0.01112112,43
1,[],5,[],2019-04-26 22:38:52,0.0,0,0,7474154,2019-04-26 22:38:52,btc,0.0,0.02638891,0,btc,0.0,0.0,0.0,43
0,[],17,[],2019-04-26 22:38:53,0.0,0,0,7474155,2019-04-26 22:38:53,btc,0.0,0.0,0,btc,0.0,0.0,0.0,43
1,[],12,[],2019-03-05 01:54:08,639326.02,0.00000004,0.000000000001486676,6845775,2019-03-05 01:54:08,btc,11116042.728239931,0.0,0.00000004,btc,1103841.4595604,0.0003330765234764,0.014975410599999999,44
0.000000000105869,[],4,[],2019-06-26 09:04:54,108446424.57018301,4.446498e-17,5.6486665387739994e-21,7766670,2019-06-26 09:04:54,ltc,2559.6979152992267,0.0,0.00000042,ltc,26079260.27580088,0.00152616,5.02089874542264e-10,49
0.000000000105869,[],4,[],2019-06-26 09:04:55,315956316.95360464,2.011511e-17,2.5553491484929998e-21,7766671,2019-06-26 09:04:55,ltc,28149.845780821655,0.0,0.00000019,ltc,196363989.48662612,0.0,1.9908607546419892e-09,52
0,[],22,[],2019-06-26 09:04:58,0.0,0,0,7766672,2019-06-26 09:04:58,,10289.80784133,0.0,0,,287058287.4566013,0.0,0.0,57
0,[],27,[],2019-06-26 09:05:06,0.0,0,0,7766673,2019-06-26 09:05:06,,0.0,0.0,0,"btc,eth",0.0,0.0,0.0,57
0,[],4,[],2019-06-26 09:05:06,0.0,0,0,7766674,2019-06-26 09:05:06,,19.71936329112279,0.0,0,,6040987733.402391,0.0,0.0,58
0,[],12,[],2019-06-26 09:05:07,0.0,0,0,7766675,2019-06-26 09:05:07,btc,53483603.12057685,0.0,0,btc,3683761894.189767,0.049394443676,0.0,58
0.0000000000827713,[],22,[],2019-06-26 09:07:10,126877.0,8.27713e-19,1.051495969819e-22,7766676,2019-06-26 09:07:10,XMR,68.17454206,0.0,0.00000001,XMR,9626402.6,0.0,0.00126877,58
1,[],17,[],2019-05-03 01:12:09,1200000.0,0.0000000001,0.00000000000000548003,7559085,2019-05-03 01:12:09,btc,1e+24,0.0,0.0000000001,"btc,eth",39516342.31952568,0.0,0.00010000000058666061,58
1,[],5,[],2019-06-17 14:31:27,0.0,0,0,7740135,2019-06-17 14:31:27,btc,0.0,0.00079154,0,btc,0.0,0.0,0.0,61
1,[],22,[],2019-06-17 14:31:30,13612.833333333334,0.00000012,0.00000000001114968,7740136,2019-06-17 14:31:30,BTC,1002.29123003,0.0,0.00000012,BTC,15014.200177125656,0.0,0.00153257,61
1,[],26,[],2019-06-17 14:31:30,0.0,0.00000050,0.000000000046457,7740137,2019-06-17 14:31:30,btc,0.0,0.0,0.00000050,btc,0.0,0.0,0.0,61
1,[],27,[],2019-06-17 14:31:36,8400.0,0.00000018,0.00000000001672452,7740138,2019-06-17 14:31:36,btc,1.9742539297246655,0.0,0.00000018,"btc,eth",10953.51663696,0.0,0.001512,61
0,[],28,[],2019-06-17 14:31:38,0.0,0,0,7740139,2019-06-17 14:31:38,,0.0,0.0,0,,0.0,0.0,0.0,61
1,[],4,[],2019-06-26 09:07:11,409839.19106435,0.00000066,0.000000000083843958,7766677,2019-06-26 09:07:11,btc,3.427425485414178,0.0,0.00000066,btc,1297947.05746425,0.06525724,0.2118854003164516,67
0.0,[],25,[],2019-06-26 09:07:12,0.0,0,0,7766678,2019-06-26 09:07:12,,0.0,0.0,0.0,btc,0.0,0.0,0.0,67
1,[],12,[],2019-06-02 06:23:14,910048.355,0.00000006,0.000000000005154929999999999,7725270,2019-06-02 06:23:14,btc,5.167005424215783,0.0,0.00000006,btc,738530.60239759,0.003159757462,0.0187188113,71
,[],5,[],2018-11-20 23:02:39,1.5e-07,0.00000005,0.000000000002128045,4862160,2018-11-20 23:02:39,btc,2.84511358,0.0,,btc,0.00036572,0.0,0.07381892,74
1,[],5,[],2019-06-26 09:07:14,0.0,0,0,7766679,2019-06-26 09:07:14,btc,0.0,0.02023529,0,btc,0.0,0.0,0.0,75
1,[],4,[],2019-06-04 03:25:15,715281.46076168,0.00000001,0.000000000000803619,7734085,2019-06-04 03:25:15,btc,581089.6218469425,0.0,0.00000001,btc,37692563.61091116,0.0,0.0071528146076168,81
0,[],20,[],2019-01-25 09:30:31,0.0,0,0,6495923,2019-01-25 09:30:31,btc,0.0,0.0,0,btc,0.0,0.0,0.0,81
1,[],4,[],2019-06-26 09:07:15,185731.12023971,0.00008900,0.0000000113062307,7766680,2019-06-26 09:07:15,btc,57.39767997494419,0.0,0.00008900,btc,116428.14071444,0.18100977,0.2522916219794281,82
1,[],21,[],2019-06-26 09:07:16,61120.49088878,0.00008640999999999999430042724180,0.000000010977206682999998,7766681,2019-06-26 09:07:16,btc,5.18037951261015,25886.24951023,0.000086409999999999994300427241800122146742069162428379058837890625,btc,47617.75421596,2.3736049,4.0726415144605355,82
0,[],17,[],2019-03-25 22:42:34,0.0,0,0,7038780,2019-03-25 22:42:34,btc,0.0445064681804024,0.0,0,btc,995513.18476001,0.0,0.0,84
0.0000000001161485,[],4,[],2019-05-20 13:09:39,216715621.0206096,1.161485e-18,9.0533806701e-23,7657228,2019-05-20 13:09:39,ltc,1.6511566870244727,0.0,0.00000001,ltc,471032407.9048656,0.0,2.5171194308112273e-10,85
,[],22,[],2018-11-20 23:09:34,3408.1,0.0000001,0.0000000000041895,4862324,2018-11-20 23:09:34,BTC,0.04624735,0.0,,BTC,4990.0,0.0,0.00033081,86
1,[],22,[],2019-06-26 09:07:19,62694.0,0.00000005,0.0000000000063518149999999994,7766682,2019-06-26 09:07:19,BTC,1.85249053,0.0,0.00000005,BTC,287024.94736842107,0.0003,0.00062846,87
1,[],27,[],2019-06-26 09:07:25,361781.0,0.0000002,0.000000000025407259999999998,7766683,2019-06-26 09:07:25,btc,19.86923154858,99950.0,0.0000002,btc,548343.482,0.01999,0.01237888,87
,[],2,[],2018-11-20 23:10:47,0.0,0,0,4862359,2018-11-20 23:10:47,,0.0,0.0,,,0.0,0.0,0.0,88
1,[],11,[],2019-06-17 14:31:59,193715.3529613,0.000073310000000000001140094962881477158589405007660388946533203125,0.00000000681152534,7740147,2019-06-17 14:31:59,btc,168.35454702024953,5791.70569014,0.000073310000000000001140094962881477158589405007660388946533203125,btc,196971.41170107,0.0,1.1996165759440112,89
0,[],2,[],2019-01-20 23:31:45,0.0,0,0,6477083,2019-01-20 23:31:45,,0.0,0.0,0,,0.0,0.0,0.0,91
1,[],12,[],2019-06-18 02:35:48,427715.74,0.00000015,0.000000000013911045000000001,7746087,2019-06-18 02:35:48,btc,116.61022144471085,0.0,0.00000015,btc,193315.55943968,0.000180759303,0.0129558314,91
1,[],22,[],2019-06-20 20:27:07,75910.0,0.00000002,0.000000000001914908,7746207,2019-06-20 20:27:07,BTC,0.49565371,0.0,0.00000002,"BTC,LTC",6.384990670617935,0.0,0.0016592,91
0,[],17,[],2019-05-03 01:12:26,0.0,0,0,7559096,2019-05-03 01:12:26,btc,0.0,0.0,0,btc,0.0,0.0,0.0,91
1,[],22,[],2019-06-26 09:07:29,105655.66666666667,0.00000003,0.0000000000038110889999999995,7766684,2019-06-26 09:07:29,BTC,11.48170281,0.0,0.00000003,"BTC,LTC",314416.4683191416,0.0,0.06677967,95
0.000000000105869,[],4,[],2019-06-26 09:07:29,538061643.1169521,2.329118e-17,2.958825329834e-21,7766685,2019-06-26 09:07:29,ltc,10.919471214012608,0.0,0.00000022,ltc,155978768.1065991,0.0,7.223914932174084e-10,96
0,[],12,[],2019-06-26 09:07:31,0.0,0,0,7766686,2019-06-26 09:07:31,btc,36.38183024884116,0.0,0,btc,9851666.88411588,0.0,0.0,96
0,[],17,[],2019-05-03 01:12:32,0.0,0,0,7559100,2019-05-03 01:12:32,btc,0.0,0.0,0,btc,0.0,0.0,0.0,96
1,[],4,[],2019-04-14 03:32:46,1039404.33283278,0.00000038,0.000000000019245518,7293458,2019-04-14 03:32:46,btc,4.170086055365747,0.0,0.00000038,btc,3097704.34561074,0.06260606,0.1859928211030784,99
0,[],2,[],2019-01-20 23:23:55,0.0,0,0,6476914,2019-01-20 23:23:55,,0.0,0.0,0,,0.0,0.0,0.0,100
1,[],4,[],2019-06-26 09:09:32,265228.28933069,0.00000793,0.0000000010073978589999999,7766687,2019-06-26 09:09:32,btc,7.631557914376685,0.0,0.00000793,btc,173416.22683412,0.35042905,0.1850665572737034,100
1,[],22,[],2019-06-05 06:30:35,150000.0,0.00000002,0.000000000001558192,7740007,2019-06-05 06:30:35,BTC,28.56386409,0.0,0.00000002,BTC,12787.719,0.0,0.0017,101
1,[],4,[],2019-06-26 09:09:33,542056.33997474,0.00000154,0.00000000019563590199999998,7766688,2019-06-26 09:09:33,btc,882.9033316680355,0.0,0.00000154,btc,748081.09808583,0.01603821,0.0935394724357207,103
1,[],12,[],2019-06-17 14:32:14,179201505.10870332,0.000000005,0.00000000000046457,7740154,2019-06-17 14:32:14,btc,113577.79366343976,0.0,0.000000005,btc,79148141.67831126,0.019059029059,0.27280986350611003,105
1,[],27,[],2019-06-17 14:32:19,18306828.03496503,0.00000002,0.00000000000185828,7740155,2019-06-17 14:32:19,btc,180.7198218385489,1083.96503497,0.00000002,btc,276513.60142659,7.588e-05,0.3661365606993006,105
1,[],22,[],2019-04-21 00:17:26,21333.0,0.00000001,0.000000000000532493,7385819,2019-04-21 00:17:26,BTC,51.38182867,0.0,0.00000001,BTC,470435.0,0.0,0.00021333,107
1,[],26,[],2019-04-21 00:17:26,0.0,0.00000000,0,7385820,2019-04-21 00:17:26,btc,0.0,0.0,0.00000000,btc,0.0,0.0,0.0,107
1,[],5,[],2019-06-26 09:09:35,0.0,0,0,7766689,2019-06-26 09:09:35,btc,0.0,0.015,0,btc,0.0,0.0,0.0,112
0,[],22,[],2019-06-26 09:09:37,0.0,0,0,7766690,2019-06-26 09:09:37,,6.79500102,0.0,0,,3375892.0833333335,0.0,0.0,112
1,[],27,[],2019-06-26 09:09:43,1.0,0.00000001,0.000000000001270363,7766691,2019-06-26 09:09:43,btc,0.0,0.0,0.00000001,"btc,eth",0.0,0.0,1e-08,112
1,[],4,[],2019-06-26 09:09:44,945016.25098081,0.00000039,0.000000000049544157,7766692,2019-06-26 09:09:44,btc,6.388728518749761,0.0,0.00000039,btc,1007985.06663115,0.12099072,0.0997435800123429,113
1,[],5,[],2019-06-26 09:09:46,0.0,0,0,7766693,2019-06-26 09:09:46,btc,0.0,0.0,0,btc,0.0,0.0,0.0,113
1,[],17,[],2019-04-26 02:17:47,162738.278,0.00000004,0.0000000000021069000000000002,7461287,2019-04-26 02:17:47,btc,1.3331140273775473,0.0,0.00000004,btc,51796.221,0.0,0.00230953112,116
1,[],27,[],2019-05-22 05:13:01,210000.0,0.00000001,0.00000000000079145,7666372,2019-05-22 05:13:01,btc,3919.0005001478,0.0,0.00000001,btc,128660.871,0.0,0.0021,116
1,[],4,[],2019-05-21 22:31:11,138169.03963019,0.00000701,0.000000000558364025,7664793,2019-05-21 22:31:11,btc,150.95388250938234,0.0,0.00000701,btc,344631.17141974,0.07552974,0.4288357684941946,120
1,[],7,[],2019-05-21 22:31:12,3901.07750076,0.000010679999999999999389654892212320191902108490467071533203125,0.0000000008506887,7664794,2019-05-21 22:31:12,btc,231188.94669936574,0.0,0.000010679999999999999389654892212320191902108490467071533203125,btc,4133.83151364,0.0,0.0113888422364489,120
1,[],20,[],2019-04-07 18:42:29,1914137.0852,0.000000035,0.0000000000017871910000000002,7211992,2019-04-07 18:42:29,btc,32.2497668025648,25528.85,0.000000035,btc,1001975.4986,0.00089350975,0.0152723574729,125
1,[],22,[],2019-06-17 14:32:38,10000.0,0.00000001,0.00000000000092914,7740161,2019-06-17 14:32:38,BTC,0.032061,0.0,0.00000001,BTC,299316.7611111111,0.0,0.0001,126
1,[],4,[],2019-06-26 09:09:47,1195356.136245,0.00000319,0.000000000405245797,7766694,2019-06-26 09:09:47,btc,2.4035291867505113,0.0,0.00000319,btc,171723.33172187,0.1009339,0.6797586346193385,131
0,[],2,[],2019-01-20 23:25:46,0.0,0,0,6476969,2019-01-20 23:25:46,,0.0,0.0,0,,0.0,0.0,0.0,131
1,[],17,[],2019-05-03 01:13:10,10000.0,0.00000001,0.000000000000548003,7559115,2019-05-03 01:13:10,btc,0.0953976503951408,0.0,0.00000001,btc,5037.62507334,0.0,0.0001,131
1,[],4,[],2019-06-17 14:32:42,4848.49465417,0.00007919,0.00000000735785966,7740163,2019-06-17 14:32:42,btc,0.9905723729472744,0.0,0.00007919,btc,202.13055914,0.0,0.0061509344290166,135
1,[],3,[],2019-06-05 06:33:11,40600.27748212,0.00000001,0.000000000000779096,7740019,2019-06-05 06:33:11,btc,0.2308097808993716,2146378.52189,0.00000001,btc,2477992.76904676,0.0,0.0004060027748212,136
1,[],4,[],2019-06-26 09:11:48,802112.31797466,0.00000170,0.00000000021596171,7766695,2019-06-26 09:11:48,btc,113.11331028820818,0.0,0.00000170,btc,533028.41454043,0.02600141,0.3251466404809449,137
1,[],12,[],2019-06-26 09:11:49,67653.04688745,0.000001610000000000000043611490287143173105732785188592970371246337890625,0.000000000204528443,7766696,2019-06-26 09:11:49,btc,80.2417976009146,0.0,0.000001610000000000000043611490287143173105732785188592970371246337890625,btc,83175.92097078,0.00018306,0.0162959199999681,137
1,[],4,[],2019-06-26 09:11:49,364275.0537922,0.00001087,0.000000001380884581,7766697,2019-06-26 09:11:49,btc,4.917422769588231,0.0,0.00001087,btc,167597.54164987,0.23143414,0.3041562853735729,142
1,[],5,[],2019-06-26 09:11:51,0.0,0,0,7766698,2019-06-26 09:11:51,btc,0.0,0.00941601,0,btc,0.0,0.0,0.0,142
1,[],20,[],2019-06-26 09:13:53,265285.9383,0.00001091,0.0000000013859660329999998,7766699,2019-06-26 09:13:53,btc,1.6106128656379,0.02,0.00001091,btc,9994.3592,2.182e-07,0.0074519625063,142
1,[],22,[],2019-06-26 09:13:57,10820.0,0.00000600,0.0000000007622178,7766700,2019-06-26 09:13:57,BTC,2.99759384,0.0,0.00000600,BTC,835.7198755539798,0.0,0.0053672,142
0.0,[],25,[],2019-06-26 09:13:58,0.0,0,0,7766701,2019-06-26 09:13:58,,0.0,0.0,0.0,btc,0.0,0.0,0.0,142
0,[],28,[],2019-06-26 09:14:00,0.0,0,0,7766702,2019-06-26 09:14:00,,0.0,0.0,0,,0.0,0.0,0.0,142
1,[],17,[],2019-05-03 01:13:16,32967.38636364,0.00000088,0.000000000048224264,7559122,2019-05-03 01:13:16,btc,20.06976206696776,0.0,0.00000088,btc,2746.079105,0.0,0.0105613000000032,142
0,[],22,[],2019-06-26 09:14:03,0.0,0,0,7766703,2019-06-26 09:14:03,,1635.98618676,0.0,0,,788450755.3,0.0,0.0,143
0,[],22,[],2019-02-25 15:42:22,0.0,0,0,6783783,2019-02-25 15:42:22,,4.2131946,0.0,0,,2322156.0,0.0,0.0,146
,[],22,[],2018-11-20 23:01:11,0.0,0,0,4862114,2018-11-20 23:01:11,,2.56807021,0.0,,,61828.4988236,0.0,0.0,147
1,[],12,[],2019-04-21 06:38:04,193091.5971266,0.00000071,0.000000000037635183,7388679,2019-04-21 06:38:04,btc,2.301232411611175,0.0,0.00000071,btc,9957.48302385,0.00023528,0.0313308199999888,148
1,[],4,[],2019-03-19 21:31:25,255810.0415942,0.00000029,0.000000000011615747,6982695,2019-03-19 21:31:25,btc,218.94922712414143,0.0,0.00000029,btc,793529.37642722,0.00117,0.0608347789473395,152
0,[],22,[],2019-03-19 21:31:27,0.0,0,0,6982696,2019-03-19 21:31:27,,0.0,0.0,0,,0.0,0.0,0.0,152
1,[],5,[],2019-04-26 09:36:59,0.0,0,0,7465040,2019-04-26 09:36:59,btc,0.0,0.0,0,btc,0.0,0.0,0.0,153
,[],16,[],2019-01-11 15:38:59,0.0,0,0,6366141,2019-01-11 15:38:59,btc,0.0,0.0,,btc,0.0,0.0,0.0,155
0,[],23,[],2019-01-20 23:24:29,0.0,0,0,6476932,2019-01-20 23:24:29,,0.0,0.0,0,,0.0,0.0,0.0,156
0,[],22,[],2019-06-04 06:02:09,0.0,0,0,7734688,2019-06-04 06:02:09,,7.43375324,0.0,0,,5955762.942592593,0.0,0.0,156
1,[],22,[],2019-06-26 09:14:07,6996.0,0.00000001,0.000000000001270363,7766704,2019-06-26 09:14:07,BTC,1.7543039,0.0,0.00000001,BTC,57.0,0.0,6.996e-05,157
0,[],22,[],2019-05-21 23:40:32,0.0,0,0,7665049,2019-05-21 23:40:32,,50234.60468402,0.0,0,,54786159.03179465,0.0,0.0,158
,[],17,[],2018-11-20 22:56:10,0.0,0,0,4861976,2018-11-20 22:56:10,btc,1.1265625,0.0,,btc,1000.0,0.0,0.0,159
,[],20,[],2018-11-20 22:56:12,0.0,0,0,4861977,2018-11-20 22:56:12,btc,11912.7940471,0.0,,btc,34413894.3617,0.0,0.0,159
1,[],12,[],2019-05-24 02:51:20,9178.522006449999,0.00000191999999999999982841307998027158276954651228152215480804443359375,0.000000000151222656,7676256,2019-05-24 02:51:20,btc,149.80414728631675,0.0,0.00000191999999999999982841307998027158276954651228152215480804443359375,btc,1115.7451448499999,0.01783167678326,0.0120075778999181,168
1,[],17,[],2019-05-03 01:13:36,42852.0,0.00000002,0.000000000001096006,7559132,2019-05-03 01:13:36,btc,0.04279856251542,0.0,0.00000002,btc,274.46171372,0.0,0.00052852,168
1,[],22,[],2019-05-17 03:01:52,10.0,0.00000001,0.000000000000778341,7642059,2019-05-17 03:01:52,BTC,41.95893009,0.0,0.00000001,BTC,1753972.7737547632,0.0,1e-07,169
1,[],22,[],2019-05-30 08:38:18,202834.0,0.00000002,0.0000000000017416160000000001,7711049,2019-05-30 08:38:18,BTC,27.87002826,0.0,0.00000002,BTC,462189.5410507793,0.0,0.00211768,171
1,[],22,[],2019-05-29 08:05:18,349870.0,0.00000002,0.000000000001705894,7705265,2019-05-29 08:05:18,BTC,24.05907723,0.0,0.00000002,"BTC,LTC",1224285.4355616204,0.0,0.0039847,173
1,[],5,[],2019-06-26 09:14:09,0.0,0,0,7766705,2019-06-26 09:14:09,btc,0.0,0.03199382,0,btc,0.0,0.0,0.0,175
1,[],22,[],2019-06-17 14:33:12,90671.0,0.00000001,0.00000000000092914,7740175,2019-06-17 14:33:12,BTC,394.35459412,0.0,0.00000001,BTC,136275.61833431243,0.0,0.00090671,176
1,[],7,[],2019-06-26 09:14:10,0.0,0,0,7766706,2019-06-26 09:14:10,btc,522525.9102318058,0.0,0,btc,27672336.30417513,0.0,0.0,178
0,[],22,[],2019-06-26 09:14:12,0.0,0,0,7766707,2019-06-26 09:14:12,,1.00242428,0.0,0,,57512.0,0.0,0.0,178
0,[],2,[],2019-01-20 23:28:34,0.0,0,0,6477001,2019-01-20 23:28:34,,0.0,0.0,0,,0.0,0.0,0.0,178
0,[],23,[],2019-01-20 23:25:08,0.0,0,0,6476952,2019-01-20 23:25:08,,0.0,0.0,0,,0.0,0.0,0.0,179
1,[],5,[],2019-06-26 09:14:13,0.0,0,0,7766708,2019-06-26 09:14:13,btc,0.0,0.00019051,0,btc,0.0,0.0,0.0,179
0,[],22,[],2019-06-26 09:14:16,0.0,0,0,7766709,2019-06-26 09:14:16,,5.31753917,0.0,0,,14450788.311946675,0.0,0.0,179
1,[],22,[],2019-06-26 09:16:20,679114.4491685145,0.00000041,0.000000000052084883,7766710,2019-06-26 09:16:20,BTC,40.60792175,0.0,0.00000041,"BTC,LTC",161544.89396929153,0.00678253,0.56420432,180
1,[],26,[],2019-06-26 09:16:20,0.0,0.00000010,0.000000000012703629999999999,7766711,2019-06-26 09:16:20,btc,0.0,0.0,0.00000010,btc,0.0,0.0,0.0,180
1,[],17,[],2019-05-03 01:13:56,20504.725000000002,0.0000001,0.00000000000548003,7559141,2019-05-03 01:13:56,btc,5.2010695838400265,0.0,0.0000001,btc,5033.45945,0.0,0.0011504725,180
,[],7,[],2018-11-20 22:58:01,562227.975654,0.00000085,0.000000000036176765,4862015,2018-11-20 22:58:01,btc,21836.6059674,2491.87645172,,btc,749999.041456,0.00211021,0.127565380455,183
,[],5,[],2019-01-10 08:11:41,0.0,0,0,6347036,2019-01-10 08:11:41,btc,82.15055501,0.00261,,btc,1.19002445,0.0,0.0,187
,[],17,[],2018-11-16 20:58:10,4062536.27273,0.00000001,0.000000000000550501,4708775,2018-11-16 20:58:10,btc,3.36492563466,0.195460381006,,"btc,eth",110697919.549,0.0,0.0157628953496,187
1,[],24,[],2019-05-22 21:04:52,0.0,0.000000000014,0.0000000000000010960978,7670219,2019-05-22 21:04:52,btc,0.0,0.0,0.000000000014,btc,0.0,0.0,0.0,187
0,[],22,[],2019-04-25 02:54:07,0.0,0,0,7447896,2019-04-25 02:54:07,,7.54794454,0.0,0,,76361.7243344055,0.0,0.0,191
0,[],22,[],2019-06-17 14:33:34,0.0,0,0,7740182,2019-06-17 14:33:34,,0.0,0.0,0,,0.0,0.0,0.0,197
0,[],23,[],2019-01-20 23:31:41,0.0,0,0,6477079,2019-01-20 23:31:41,,0.0,0.0,0,,0.0,0.0,0.0,199
0,[],22,[],2019-06-26 09:16:23,0.0,0,0,7766712,2019-06-26 09:16:23,,10.58263174,0.0,0,,84280969.0,0.0,0.0,199
1,[],26,[],2019-06-26 09:16:23,0.0,0.00000000,0,7766713,2019-06-26 09:16:23,btc,0.0,0.0,0.00000000,btc,0.0,0.0,0.0,199
0,[],2,[],2019-01-20 23:30:49,0.0,0,0,6477059,2019-01-20 23:30:49,,0.0,0.0,0,,0.0,0.0,0.0,201
1,[],4,[],2019-01-25 15:51:35,2084389.58565343,0.00000936,0.000000000333526752,6499557,2019-01-25 15:51:35,btc,2.0092503037378524,0.0,0.00000936,btc,160195.80207885,0.19272417,1.242687955921835,211
1,[],7,[],2019-06-26 09:16:26,1170054124.6898527,0.00000018,0.000000000022866534,7766714,2019-06-26 09:16:26,btc,1346838.6258339162,0.0,0.00000018,btc,5739479.26464841,0.0,11.954344045954047,212
1,[],12,[],2019-01-25 02:44:32,207462.42853209,0.000001080000000000000035831255497387193287295303889550268650054931640625,0.000000000038610756000000006,6493050,2019-01-25 02:44:32,btc,85023.03793723314,0.0,0.000001080000000000000035831255497387193287295303889550268650054931640625,btc,43675.73520027,0.000146250909087,0.0348620860622024,213
1,[],5,[],2019-05-30 00:07:46,0.0,0,0,7709357,2019-05-30 00:07:46,btc,0.0,0.06425239,0,btc,0.0,0.0,0.0,213
1,[],24,[],2019-05-30 00:07:46,0.0,0.000000399202,0.0000000000344859829346,7709358,2019-05-30 00:07:46,btc,0.0,0.0,0.000000399202,btc,0.0,0.0,0.0,213
1,[],26,[],2019-05-30 00:07:47,0.0,0.00000040,0.000000000034554919999999996,7709359,2019-05-30 00:07:47,btc,0.0,0.0,0.00000040,btc,0.0,0.0,0.0,213
0,[],22,[],2019-06-26 09:16:28,0.0,0,0,7766715,2019-06-26 09:16:28,,9.56923849,0.0,0,,3661587.2040649247,0.0,0.0,216
0,[],27,[],2019-06-26 09:16:35,0.0,0,0,7766716,2019-06-26 09:16:35,,1948.6853458840976,10000.0,0,"btc,ltc",470189.12534794,0.0001,0.0,216
1,[],22,[],2019-06-26 09:16:38,1404275.723076923,0.00000018,0.000000000022866534,7766717,2019-06-26 09:16:38,BTC,12055.86418096,0.0,0.00000018,BTC,544682.6400643893,0.00271191,0.03694961,217
1,[],7,[],2019-06-26 09:16:39,0.0,0,0,7766718,2019-06-26 09:16:39,btc,2123800.2786640613,4000.0,0,btc,82453746.4752352,4e-05,0.0,219
0,[],27,[],2019-06-26 09:16:44,0.0,0,0,7766719,2019-06-26 09:16:44,,250.23456542469674,0.0,0,btc,2160556.935837,0.0,0.0,219
0,[],28,[],2019-06-26 09:16:45,0.0,0,0,7766720,2019-06-26 09:16:45,,0.0,0.0,0,,0.0,0.0,0.0,219
0,[],22,[],2019-06-26 09:16:47,0.0,0,0,7766721,2019-06-26 09:16:47,,56.75439223,0.0,0,,184664.6482738741,0.0,0.0,221
1,[],24,[],2019-06-26 09:16:48,0.0,0.000000030000,0.0000000000038110889999999995,7766722,2019-06-26 09:16:48,btc,0.0,0.0,0.000000030000,btc,0.0,0.0,0.0,221
1,[],20,[],2019-06-17 14:34:11,26882155.8301,0.000000003,0.000000000000278742,7740192,2019-06-17 14:34:11,btc,100050.81956632523,233521.3529,0.000000003,btc,38769742.8604,0.0007925640587,0.0306863532672,224
0,[],22,[],2019-06-17 14:34:13,0.0,0,0,7740193,2019-06-17 14:34:13,,0.0,0.0,0,,0.0,0.0,0.0,224
1,[],26,[],2019-06-26 09:16:48,0.0,0.00000022,0.000000000027947986,7766723,2019-06-26 09:16:48,btc,0.0,0.0,0.00000022,btc,0.0,0.0,0.0,231
1,[],26,[],2019-06-26 09:16:48,0.0,0.00000005,0.0000000000063518149999999994,7766724,2019-06-26 09:16:48,btc,0.0,0.0,0.00000005,btc,0.0,0.0,0.0,234
0.0000000002622265,[],27,[],2019-06-26 09:16:55,100.0,2.622265e-18,3.331228432195e-22,7766725,2019-06-26 09:16:55,eth,0.0,0.0,0.00000001,"btc,eth",0.0,0.0,2.622265e-16,234
1,[],4,[],2019-05-22 17:06:12,91780.56053785,0.00000078,0.000000000061977552,7669277,2019-05-22 17:06:12,btc,5.573372450018177,0.0,0.00000078,btc,729173.93529783,0.0,0.0307060663355679,236
1,[],24,[],2019-05-22 17:06:12,0.0,0.000000010000,0.000000000000794584,7669278,2019-05-22 17:06:12,btc,0.0,0.0,0.000000010000,btc,0.0,0.0,0.0,236
1,[],5,[],2019-06-26 09:16:57,0.0,0,0,7766726,2019-06-26 09:16:57,btc,0.0,1.14460357,0,btc,0.0,0.0,0.0,237
1,[],20,[],2019-06-26 09:16:59,144557965.7978,0.000000065,0.0000000000082573595,7766727,2019-06-26 09:16:59,btc,8172549.516822018,23189856.9322,0.000000065,btc,48069872.6762,1.741491313933,1.0402524553262,237
1,[],22,[],2019-06-26 09:17:03,2084614.0,0.00000004,0.000000000005081452,7766728,2019-06-26 09:17:03,BTC,1.20112188,0.0,0.00000004,"BTC,LTC",14507.148717948718,0.0,0.02587451,237
1,[],4,[],2019-06-26 09:17:04,31442067.82938964,0.00000006,0.000000000007622177999999999,7766729,2019-06-26 09:17:04,btc,2.339842220767288,0.0,0.00000006,btc,10761143.32908942,0.12167083,0.537360724039472,238
1,[],5,[],2019-06-26 09:17:05,0.0,0,0,7766730,2019-06-26 09:17:05,btc,0.0,0.00733667,0,btc,0.0,0.0,0.0,238
0,[],22,[],2019-03-12 16:49:32,0.0,0,0,6914458,2019-03-12 16:49:32,,0.40415746,0.0,0,,526736.5639027493,0.0,0.0,249
0,[],22,[],2019-05-28 23:53:45,0.0,0,0,7703643,2019-05-28 23:53:45,,13.44714864,0.0,0,,43777534.3426455,0.0,0.0,252
0,[],28,[],2019-06-26 09:17:07,0.0,0,0,7766731,2019-06-26 09:17:07,,0.0,0.0,0,,0.0,0.0,0.0,256
1,[],22,[],2019-06-26 09:17:10,544394.0,0.00000001,0.000000000001270363,7766732,2019-06-26 09:17:10,BTC,31464.57209997,0.0,0.00000001,BTC,1031955.2230878276,1.949e-05,0.00544394,258
1,[],22,[],2019-05-19 18:12:02,400.0,0.00000001,0.0000000000007957800000000001,7653905,2019-05-19 18:12:02,BTC,2.415167,0.0,0.00000001,BTC,157.0,0.0,4e-06,259
1,[],5,[],2019-06-26 09:17:11,0.0,0,0,7766733,2019-06-26 09:17:11,btc,0.0,0.02733862,0,btc,0.0,0.0,0.0,264
1,[],20,[],2019-06-26 09:17:13,933727.1272,0.000000134,0.0000000000170228642,7766734,2019-06-26 09:17:13,btc,1.0499646295459,6203.8411,0.000000134,btc,33080.3178,0.0037511507996,0.0054474329054,264
0,[],22,[],2019-04-12 17:57:27,0.0,0,0,7278186,2019-04-12 17:57:27,,66.37522201,0.0,0,,677842.4169881374,0.0,0.0,271
0,[],22,[],2019-06-26 09:17:16,0.0,0,0,7766735,2019-06-26 09:17:16,,33050469.74148113,0.0,0,,14261527780.7,0.0,0.0,272
0,[],28,[],2019-06-26 09:17:17,0.0,0,0,7766736,2019-06-26 09:17:17,,0.0,0.0,0,,0.0,0.0,0.0,272
1,[],22,[],2019-05-23 07:12:29,219930.0,0.00000004,0.000000000003048688,7671985,2019-05-23 07:12:29,BTC,426.77835217,0.0,0.00000004,BTC,248664.3325962929,0.0,0.00739728,281
1,[],22,[],2019-06-26 09:17:22,2022000.6,0.00000002,0.000000000002540726,7766737,2019-06-26 09:17:22,BTC,4.68203015,0.0,0.00000002,"BTC,LTC",1092055.8038598758,0.0004671,0.02474468,286
0,[],22,[],2019-06-17 14:34:53,0.0,0,0,7740207,2019-06-17 14:34:53,,7337915.80475575,0.0,0,,2078527309.6797826,0.0,0.0,294
