pairValue,buyBook,exchangeId,sellBook,updated,buyTotal,satoshiPrice,usdPrice,exchangeLogId,created,bestPair,sellTotalBtc,volume,pairPrice,activePairs,sellTotal,volumeBtc,buyTotalBtc,coinId
1,[],3,[],2019-03-07 15:26:11,30540.27602597106,0.0128047899999999999220978708081020158715546131134033203125,0.000000497980844058,6868535,2019-03-07 15:26:11,btc,61.093694688352045,3.47388436456,0.0128047899999999999220978708081020158715546131134033203125,btc,23.546873300765,0.0,0.2698687340210534,1
1,[],4,[],2019-03-07 15:26:12,207905.39933994,0.01304000,0.000000507128208,6868536,2019-03-07 15:26:12,btc,9.1978306735856,0.0,0.01304000,btc,253.62933491,2.38055987,3.0185587495174375,1
1,[],5,[],2019-03-07 15:26:15,0.0,0,0,6868537,2019-03-07 15:26:15,btc,0.0,0.11491731,0,btc,0.0,0.0,0.0,1
1,[],10,[],2019-03-07 15:26:17,414597.50677016,0.0104267,0.00000040549644834000003,6868538,2019-03-07 15:26:17,btc,6522.262348097159,2027.21300924,0.0104267,btc,1105.80537086,0.0,5.523648428833648,1
1,[],12,[],2019-03-07 15:26:19,102.63894764,0.01281000000000000020594637106796653824858367443084716796875,0.000000498183462,6868539,2019-03-07 15:26:19,btc,0.3466189059988,0.0,0.01281000000000000020594637106796653824858367443084716796875,btc,24.148678580000002,0.0194810490857,0.2924422902186,1
1,[],20,[],2019-03-07 15:26:21,1152.5902,0.010500313,0.0000004083592726326,6868540,2019-03-07 15:26:21,btc,0.0554564867456,0.3915,0.010500313,btc,2.4799,0.0046697723592,0.1060108583254,1
1,[],21,[],2019-03-07 15:26:22,1883.4101292,0.01284199999999999924904514614,0.0000004994279484,6868541,2019-03-07 15:26:22,btc,16.05444670079732,2781.1134411000003,0.012841999999999999249045146143544116057455539703369140625,"btc,eth",1683.69469348,34.76732006096,19.137976304400176,1
1,[],22,[],2019-03-07 15:26:26,0.006382215384615385,0.01300000,0.0000005055726,6868542,2019-03-07 15:26:26,BTC,0.31439419,0.0,0.01300000,BTC,0.12751438772928525,0.0,7.978e-05,1
1,[],24,[],2019-03-07 15:26:26,0.0,0.000000000000,0,6868543,2019-03-07 15:26:26,btc,0.0,0.0,0.000000000000,btc,0.0,0.0,0.0,1
0.0,[],25,[],2019-03-07 15:26:27,0.0,0,0,6868544,2019-03-07 15:26:27,btc,29.555299997468648,110.00926413,0.0,btc,2242.94355454,1.438,0.0,1
1,[],26,[],2019-03-07 15:26:37,0.0,0,0,6868545,2019-03-07 15:26:37,,0.0,0.0,0,,0.0,0.0,0.0,1
1,[],28,[],2019-03-07 15:26:38,993.142,0.01323000,0.000000514517346,6868546,2019-03-07 15:26:38,btc,0.147239806,18688.92,0.01323000,btc,7.9,0.0,0.089302756,1
0,[],2,[],2019-01-20 23:28:45,0.0,0,0,6477011,2019-01-20 23:28:45,,0.0,0.0,0,,0.0,0.0,0.0,1
1,[],5,[],2019-03-07 15:26:40,0.0,0,0,6868547,2019-03-07 15:26:40,btc,0.0,0.00944694,0,btc,0.0,0.0,0.0,2
0.0000000001263014,[],22,[],2019-03-07 15:26:44,1148.0,1.3893154e-16,5.403075376908e-21,6868548,2019-03-07 15:26:44,XMR,21.01373823,0.0,0.00000110,XMR,14319.12581,0.0,0.00087635,2
1,[],5,[],2019-03-07 15:26:45,0.0,0,0,6868549,2019-03-07 15:26:45,btc,0.0,0.00114729,0,btc,0.0,0.0,0.0,3
1,[],12,[],2019-03-07 15:26:47,1899659.14161,0.000000173,0.0000000000067280046,6868550,2019-03-07 15:26:47,btc,22810.235685651733,0.0,0.000000173,btc,1031038.27680778,0.08005179532183591,0.27447946639853,3
0,[],28,[],2019-03-07 15:26:48,0.0,0,0,6868551,2019-03-07 15:26:48,,0.0,0.0,0,,0.0,0.0,0.0,3
0,[],2,[],2019-01-20 23:31:32,0.0,0,0,6477077,2019-01-20 23:31:32,,0.0,0.0,0,,0.0,0.0,0.0,4
1,[],4,[],2019-03-06 07:42:51,399811.41130817,0.00000037,0.000000000014225612,6856592,2019-03-06 07:42:51,btc,32.25588008858344,0.0,0.00000037,btc,710412.77475616,0.01275082,0.0541874837964531,4
1,[],12,[],2019-03-07 15:26:49,370322.0,0.00000002,0.0000000000007778040000000001,6868552,2019-03-07 15:26:49,btc,629.03173475,0.0,0.00000002,btc,467620.0,0.00170352,0.00476618,5
0,[],2,[],2019-01-20 23:31:51,0.0,0,0,6477087,2019-01-20 23:31:51,,0.0,0.0,0,,0.0,0.0,0.0,6
1,[],11,[],2019-03-07 15:26:51,4853444.5,0.00000002,0.0000000000007778040000000001,6868553,2019-03-07 15:26:51,btc,9568.23120290766,279440.0,0.00000002,btc,42611702.90271394,0.0,0.064543725,6
1,[],3,[],2019-03-07 15:26:52,1079.854405812546,0.00015280000000000000070880801228412337877671234309673309326171875,0.00000000594242256,6868554,2019-03-07 15:26:52,btc,28.402034233092024,0.0,0.00015280000000000000070880801228412337877671234309673309326171875,btc,243.122414578101,0.0,0.03310215151740427,7
1,[],4,[],2019-03-07 15:26:53,103999.55566901,0.00024839,0.000000009659936778,6868555,2019-03-07 15:26:53,btc,10.587523753112864,0.0,0.00024839,btc,33705.17233104,3.21275957,7.873769055180228,7
1,[],5,[],2019-03-07 15:26:54,0.0,0,0,6868556,2019-03-07 15:26:54,btc,0.0,0.23429538,0,btc,0.0,0.0,0.0,7
1,[],20,[],2019-02-20 02:16:17,39399275.8418,0.000000001,0.0000000000000390183,6728586,2019-02-20 02:16:17,btc,116.9737569154545,525.0,0.000000001,btc,56932965.8895,5.25e-07,0.0393992758418,8
0,[],2,[],2019-01-20 23:22:42,0.0,0,0,6476876,2019-01-20 23:22:42,,0.0,0.0,0,,0.0,0.0,0.0,9
1,[],4,[],2019-03-07 15:26:57,1604604.21266601,0.00000156,0.000000000060668712,6868557,2019-03-07 15:26:57,btc,5.297281378867451,0.0,0.00000156,btc,2646060.84373831,4.07984717,1.4942916703872702,9
1,[],28,[],2019-03-07 15:26:58,38863.15,0.00000166,0.000000000064557732,6868558,2019-03-07 15:26:58,btc,2708.761281370583,3538788.0,0.00000166,btc,11954.1497,0.0,0.035782829,9
0,[],23,[],2019-01-20 23:22:48,0.0,0,0,6476878,2019-01-20 23:22:48,,0.0,0.0,0,,0.0,0.0,0.0,9
1,[],1,[],2019-02-17 23:31:42,1822507.21,0.00000181000000000000003456111265232042484285557293333113193511962890625,0.000000000066086901,6701244,2019-02-17 23:31:42,btc,3.6990969245,17153386.5,0.00000181000000000000003456111265232042484285557293333113193511962890625,btc,1997391.71,31.11772986,3.2610482446,9
1,[],4,[],2019-02-17 11:22:43,4341674.27126056,0.00000002,0.0000000000007272960000000001,6696112,2019-02-17 11:22:43,btc,0.1997230937751353,0.0,0.00000002,btc,4109766.79808031,0.00215132,0.0479381022052112,10
1,[],4,[],2019-03-07 15:27:00,6887110.52468618,0.00000124,0.000000000048223848,6868559,2019-03-07 15:27:00,btc,14.383095840344263,0.0,0.00000124,btc,7317764.32176831,2.77485954,4.474010572527581,12
1,[],5,[],2019-03-07 15:27:02,0.0,0,0,6868560,2019-03-07 15:27:02,btc,0.0,0.20325941,0,btc,0.0,0.0,0.0,12
0.0,[],25,[],2019-03-07 15:27:03,0.0,0,0,6868561,2019-03-07 15:27:03,,0.0,0.0,0.0,btc,0.0,0.0,0.0,12
0,[],2,[],2019-01-20 23:23:08,0.0,0,0,6476890,2019-01-20 23:23:08,,0.0,0.0,0,,0.0,0.0,0.0,12
1,[],4,[],2019-03-07 15:27:04,31997013.57730115,0.00000586,0.000000000227896572,6868562,2019-03-07 15:27:04,btc,3.338567042342997,0.0,0.00000586,btc,433741.89682231,1.68141769,1.1460215247026668,13
1,[],21,[],2019-03-07 15:27:07,736618.29732697,0.000005929999999999999975178275463,0.000000000230618886,6868563,2019-03-07 15:27:07,btc,5.577670334998397,1075181.4630945,0.0000059299999999999999751782754631168614878333755768835544586181640625,btc,850174.79103472,6.4837634,4.017217254450202,13
1,[],10,[],2019-03-07 15:11:21,398518.19841403,0.00000573,0.000000000222299361,6868368,2019-03-07 15:11:21,btc,666801.2982704464,8010.59796275,0.00000573,btc,712885.91763291,0.0,0.2655453501402451,13
1,[],4,[],2019-03-07 15:27:08,706559.67438602,0.00000137,0.000000000053279574,6868564,2019-03-07 15:27:08,btc,10.666458827299405,0.0,0.00000137,btc,921409.2176167,0.00598193,0.1574692219664952,14
1,[],12,[],2019-03-07 15:27:09,283720.27692308,0.000001300000000000000047051663780439678674838432925753295421600341796875,0.000000000050557260000000006,6868565,2019-03-07 15:27:09,btc,0.10023373562651759,0.0,0.000001300000000000000047051663780439678674838432925753295421600341796875,btc,7483.23086205,3.29283716204e-05,0.049681840000004,14
1,[],26,[],2019-03-07 15:27:10,0.0,0.00000050,0.0000000000194451,6868566,2019-03-07 15:27:10,btc,0.0,0.0,0.00000050,btc,0.0,0.0,0.0,14
0,[],17,[],2019-03-07 15:01:15,0.0,0,0,6868173,2019-03-07 15:01:15,btc,0.0,0.0,0,btc,0.0,0.0,0.0,14
0,[],4,[],2019-03-07 15:27:10,0.0,0,0,6868567,2019-03-07 15:27:10,,0.0,0.0,0,,0.0,0.0,0.0,15
,[],12,[],2018-12-01 15:15:48,204241.84496,0.00000489,0.000000000202473384,5260204,2018-12-01 15:15:48,btc,49.5475654835,0.0,,btc,35763.2193806,0.0163153972027625,0.0203389899998,15
0,[],17,[],2019-03-07 14:14:41,0.0,0,0,6867981,2019-03-07 14:14:41,btc,0.0,0.0,0,btc,0.0,0.0,0.0,18
1,[],4,[],2019-03-07 15:27:12,23371.16390466,0.00001710,0.00000000066502242,6868568,2019-03-07 15:27:12,btc,4.166804951377302,0.0,0.00001710,btc,17406.67368549,0.03584337,0.0373387845884351,18
1,[],10,[],2019-03-07 15:27:14,785188.4147852,0.00001725,0.0000000006708559499999999,6868569,2019-03-07 15:27:14,btc,15.364294560461618,1290.45083453,0.00001725,btc,12073.64755462,0.0,0.1613877412484423,18
1,[],12,[],2019-03-07 15:27:15,371326.30737011,0.00001703000000000000127282732964584255341833340935409069061279296875,0.0000000006623001060000001,6868570,2019-03-07 15:27:15,btc,0.0060128269607004,0.0,0.00001703000000000000127282732964584255341833340935409069061279296875,btc,215.2217448,0.0050162351282099,0.0304897118210831,18
0,[],2,[],2019-01-20 23:23:38,0.0,0,0,6476906,2019-01-20 23:23:38,,0.0,0.0,0,,0.0,0.0,0.0,18
1,[],3,[],2019-03-07 15:27:16,117122.80472327468,0.0000174999999999999984669381281054967303134617395699024200439453125,0.0000000006805785,6868571,2019-03-07 15:27:16,btc,0.5117597670690331,0.03280961183,0.0000174999999999999984669381281054967303134617395699024200439453125,btc,9036.502040411617,0.0,0.012607236698783778,19
1,[],4,[],2019-03-07 15:27:17,294746.54711947,0.00001962,0.000000000763025724,6868572,2019-03-07 15:27:17,btc,3.4560478409270274,0.0,0.00001962,btc,126088.79343528,0.61901114,3.0330393445690413,19
1,[],5,[],2019-03-07 15:27:18,0.0,0,0,6868573,2019-03-07 15:27:18,btc,0.0,0.00039,0,btc,0.0,0.0,0.0,19
1,[],12,[],2019-03-07 15:27:19,169462.24768012,0.00001133999999999999984683259068862781759889912791550159454345703125,0.000000000441014868,6868574,2019-03-07 15:27:19,btc,0.2275960298550952,0.0,0.00001133999999999999984683259068862781759889912791550159454345703125,btc,332.27457877,0.00024692,0.0274885699999812,19
0,[],27,[],2019-03-07 15:27:21,0.0,0,0,6868575,2019-03-07 15:27:21,,0.0,0.0,0,btc,0.0,0.0,0.0,19
0,[],2,[],2019-01-20 23:24:19,0.0,0,0,6476924,2019-01-20 23:24:19,,0.0,0.0,0,,0.0,0.0,0.0,19
1,[],4,[],2019-03-07 15:27:22,2779123.70923423,0.00000012,0.000000000004666824,6868576,2019-03-07 15:27:22,btc,7.379832289760813,0.0,0.00000012,btc,2857583.25385408,0.0,0.0777767845064956,20
1,[],4,[],2019-03-07 15:27:24,103810793.72147027,0.00000002,0.000000000000777804,6868577,2019-03-07 15:27:24,btc,1841.973296145251,0.0,0.00000002,btc,54908374.6818267,0.02134227,1.1629563175500457,21
1,[],12,[],2019-03-07 15:27:25,975236.0,0.00000001,0.00000000000038890200000000003,6868578,2019-03-07 15:27:25,btc,0.77189633003996,0.0,0.00000001,btc,2025955.001998,0.00243491996004,0.00975236,21
0,[],17,[],2019-03-07 15:01:34,0.0,0,0,6868186,2019-03-07 15:01:34,btc,0.0,0.0,0,btc,0.0,0.0,0.0,21
1,[],12,[],2019-03-07 15:27:27,2338273431.0,0.0000000001,0.00000000000000388902,6868579,2019-03-07 15:27:27,btc,5402.975240855924,0.0,0.0000000001,btc,1281428416.1202686,0.005273733690010002,0.2338273431,23
0,[],27,[],2019-03-07 15:27:28,0.0,0,0,6868580,2019-03-07 15:27:28,,13.503256366593412,0.0,0,eth,1966931.35514486,0.0,0.0,23
1,[],4,[],2019-03-07 15:27:30,622395.05021426,0.00000042,0.000000000016333884,6868581,2019-03-07 15:27:30,btc,9.656776898586385,0.0,0.00000042,btc,1630771.21631057,0.01733815,0.1667427893853603,24
1,[],22,[],2019-03-07 15:27:34,11.76,0.00000100,0.0000000000388902,6868582,2019-03-07 15:27:34,BTC,7.415e-05,0.0,0.00000100,BTC,23.919354838709676,0.0,1.176e-05,24
0.0,[],25,[],2019-03-07 15:27:35,0.0,0,0,6868583,2019-03-07 15:27:35,,0.0,0.0,0.0,btc,0.0,0.0,0.0,24
1,[],4,[],2019-03-07 15:27:36,26578036.62154993,0.00000606,0.000000000235674612,6868584,2019-03-07 15:27:36,btc,58.65129019548994,0.0,0.00000606,btc,238870.56927498,0.08788258,0.4378825196917719,26
1,[],10,[],2019-03-07 15:27:38,685341.76589746,0.00000603,0.000000000234507906,6868585,2019-03-07 15:27:38,btc,26.130803410259134,5226.57960776,0.00000603,btc,14754.6569521,0.0,0.2272417155496019,26
0,[],2,[],2019-01-20 23:25:56,0.0,0,0,6476976,2019-01-20 23:25:56,,0.0,0.0,0,,0.0,0.0,0.0,26
1,[],3,[],2019-03-07 15:27:39,10977341.88133568,0.00000001,0.00000000000038890200000000003,6868586,2019-03-07 15:27:39,btc,2.263603679415453,690310.446597,0.00000001,btc,17313694.20092981,0.0,0.1097734188133568,27
1,[],5,[],2019-03-07 15:27:40,0.0,0,0,6868587,2019-03-07 15:27:40,btc,0.0,0.00016948,0,btc,0.0,0.0,0.0,27
1,[],11,[],2019-03-07 15:27:41,9461840.38103613,0.00000005,0.0000000000019445099999999998,6868588,2019-03-07 15:27:41,btc,67506.32843704063,170.63047893,0.00000005,btc,7972152.75036371,0.0,0.44099231334143857,27
1,[],4,[],2019-03-07 15:27:42,1191567655.1388602,0.00000002,0.000000000000777804,6868589,2019-03-07 15:27:42,btc,2.8689100582737734,0.0,0.00000002,"btc,ltc",184432709.81878707,3.12549801,7.546137417689227,29
1,[],7,[],2019-03-07 15:27:43,36244191.24748193,0.00000002,0.0000000000007778040000000001,6868590,2019-03-07 15:27:43,btc,44462588.02230974,76466.7666667,0.00000002,btc,45745181.7744846,0.0,0.3814072867945805,29
1,[],4,[],2019-03-07 15:27:44,2346999.82769875,0.00000023,0.000000000008944746,6868591,2019-03-07 15:27:44,btc,2.4607963785624363,0.0,0.00000023,btc,1788810.0101514,0.02486072,0.10395414106479,30
0,[],17,[],2019-03-07 15:27:56,0.0,0,0,6868592,2019-03-07 15:27:56,btc,0.0,0.0,0,btc,0.0,0.0,0.0,30
1,[],4,[],2019-03-07 15:27:57,421579.48518302,0.00006110,0.00000000237619122,6868593,2019-03-07 15:27:57,btc,8.54217270394514,0.0,0.00006110,btc,89851.88381163,0.87059415,2.1385221567525186,31
1,[],21,[],2019-03-07 15:27:58,69622.19004749,0.00006287999999999999427464925095,0.0000000024454157759999996,6868594,2019-03-07 15:27:58,btc,8.044707239737395,337081.89567366,0.00006287999999999999427464925094710679331910796463489532470703125,btc,112967.50113954999,21.60293623,3.9722143970948154,31
0,[],2,[],2019-01-20 23:28:43,0.0,0,0,6477009,2019-01-20 23:28:43,,0.0,0.0,0,,0.0,0.0,0.0,32
1,[],4,[],2019-03-07 15:27:59,420668523.8894782,0.00000004,0.000000000001555608,6868595,2019-03-07 15:27:59,btc,10.407534806486716,0.0,0.00000004,"btc,ltc",192869254.90816146,0.37761041,9.997877681541373,33
1,[],12,[],2019-03-07 15:28:00,19824849.2066667,0.00000004,0.0000000000015556080000000001,6868596,2019-03-07 15:28:00,btc,399.4433186511888,0.0,0.00000004,btc,15198848.2237762,0.053444122617382,0.46498057196000137,33
1,[],4,[],2019-03-07 15:28:01,110026595.44275858,0.00000001,0.000000000000388902,6868597,2019-03-07 15:28:01,btc,3.661014551801294,0.0,0.00000001,btc,104339680.5749167,0.03861572,1.1002659544275857,34
1,[],5,[],2019-03-07 15:28:02,0.0,0,0,6868598,2019-03-07 15:28:02,btc,0.0,0.05815316,0,btc,0.0,0.0,0.0,34
0.00000000014842589999999998,[],4,[],2019-03-07 15:28:04,240868217.04533336,1.4842589999999999e-18,5.77231293618e-23,6868599,2019-03-07 15:28:04,ltc,4.296622053528972e-08,0.0,0.00000001,ltc,6118312023.438116,0.0,3.575108189634894e-10,36
1,[],5,[],2019-03-07 15:28:05,0.0,0,0,6868600,2019-03-07 15:28:05,btc,0.0,0.0,0,btc,0.0,0.0,0.0,36
0.0000000003539663,[],27,[],2019-03-07 15:28:18,11290000.0,3.539663e-18,1.376582020026e-22,6868601,2019-03-07 15:28:18,eth,222.5593883364624,0.0,0.00000001,"ltc,eth",11165403.32426039,0.0,2.4464699128e-11,36
0,[],17,[],2019-03-07 15:16:31,0.0,0,0,6868406,2019-03-07 15:16:31,btc,0.07464582819621911,0.0,0,btc,4105386.20243647,0.0,0.0,36
1,[],4,[],2019-03-07 15:28:20,282079.41633781,0.00000055,0.00000000002138961,6868602,2019-03-07 15:28:20,btc,19772.502301638324,0.0,0.00000055,btc,593919.03602079,0.02291241,0.1221936410941809,37
1,[],12,[],2019-03-07 15:28:21,442689.24745508,0.0000006,0.00000000002333412,6868603,2019-03-07 15:28:21,btc,7.162687610393742,0.0,0.0000006,btc,311351.21309552,0.0680382847981269,0.1377449125447996,37
1,[],27,[],2019-03-07 15:28:33,14685.567,0.00000045,0.00000000001750059,6868604,2019-03-07 15:28:33,btc,25.75216805411233,0.0,0.00000045,btc,6518.38138508,0.0,0.00480032515,37
1,[],17,[],2019-03-07 15:16:47,1752.74075282,0.00000025,0.000000000009698925000000001,6868410,2019-03-07 15:16:47,btc,0.055484923777095005,0.0,0.00000025,btc,1319.19918473,0.0,0.00043818518820499993,37
1,[],5,[],2019-03-07 15:28:35,0.0,0,0,6868605,2019-03-07 15:28:35,btc,0.0,0.01841832,0,btc,0.0,0.0,0.0,42
1,[],12,[],2019-03-07 15:28:36,122985.91530429,0.000001129999999999999980629101885287735029805844533257186412811279296875,0.000000000043945926,6868606,2019-03-07 15:28:36,btc,0.2298806324634058,0.0,0.000001129999999999999980629101885287735029805844533257186412811279296875,btc,16219.30739984,0.0341836427830067,0.0111399901961547,42
0.0000000003539663,[],27,[],2019-03-07 15:28:39,22000.0,3.5396629999999996e-17,1.376582020026e-21,6868607,2019-03-07 15:28:39,eth,0.00315028,0.0,0.0000001,"btc,eth",11.007,0.0,7.15011926e-13,42
1,[],5,[],2019-03-07 15:16:56,0.0,0,0,6868415,2019-03-07 15:16:56,btc,0.0,0.00021117,0,btc,0.0,0.0,0.0,43
1,[],12,[],2019-03-07 15:16:57,104886.0,0.00000001,0.00000000000038795700000000003,6868416,2019-03-07 15:16:57,btc,2.32121442999001,0.0,0.00000001,btc,4360308.4995005,6.113000999e-05,0.00104886,43
0,[],17,[],2019-03-07 15:16:58,0.0,0,0,6868417,2019-03-07 15:16:58,btc,0.0,0.0,0,btc,0.0,0.0,0.0,43
1,[],12,[],2019-03-05 01:54:08,639326.02,0.00000004,0.000000000001486676,6845775,2019-03-05 01:54:08,btc,11116042.728239931,0.0,0.00000004,btc,1103841.4595604,0.0003330765234764,0.014975410599999999,44
1,[],4,[],2019-03-07 15:28:40,300938000.94180703,0.00000004,0.000000000001555608,6868608,2019-03-07 15:28:40,btc,25032.454779429307,0.0,0.00000004,"btc,ltc",14417582.97903986,0.06521482,0.3445177975078926,49
0,[],4,[],2019-03-07 15:28:41,0.0,0,0,6868609,2019-03-07 15:28:41,,25.808545411980873,0.0,0,,9812630413.229374,0.0,0.0,52
0.0000000001263014,[],22,[],2019-03-07 15:28:46,80845862.0,1.263014e-18,4.91188670628e-23,6868610,2019-03-07 15:28:46,XMR,4366.97466637,0.0,0.00000001,XMR,255820234.67882353,0.0,0.80845862,57
0.0000000003539663,[],27,[],2019-03-07 15:28:48,2000.0,3.539663e-18,1.376582020026e-22,6868611,2019-03-07 15:28:48,eth,0.0,0.0,0.00000001,"btc,eth",0.0,0.0,7.079326e-15,57
0,[],17,[],2019-03-07 15:03:08,0.0,0,0,6868227,2019-03-07 15:03:08,btc,1e+24,0.0,0,btc,49306342.21952568,0.0,0.0,58
0.00000000014842589999999998,[],4,[],2019-03-07 15:28:49,616175645.673,2.9685179999999997e-18,1.154462587236e-22,6868612,2019-03-07 15:28:49,ltc,18.807189926756788,0.0,0.00000002,ltc,4642052246.88858,0.0,1.374824477223652e-09,58
1,[],12,[],2019-03-07 15:28:50,598338962.8425,0.0000000004,0.00000000000001555608,6868613,2019-03-07 15:28:50,btc,1121087.1934153412,0.0,0.0000000004,btc,1134288356.7422578,0.001891399986813175,0.197199195537,58
0.0000000001263014,[],22,[],2019-03-07 15:29:05,137438.0,1.263014e-18,4.91188670628e-23,6868614,2019-03-07 15:29:05,XMR,69.8835922,0.0,0.00000001,XMR,9887963.0,0.0,0.00137438,58
1,[],5,[],2019-03-07 15:29:06,0.0,0,0,6868615,2019-03-07 15:29:06,btc,0.0,0.00064138,0,btc,0.0,0.0,0.0,61
1,[],22,[],2019-03-07 15:29:10,13757.0,0.00000012,0.000000000004666824,6868616,2019-03-07 15:29:10,BTC,1002.2960049,0.0,0.00000012,BTC,14976.68361146909,3e-07,0.00154987,61
1,[],26,[],2019-03-07 15:29:10,0.0,0.00000800,0.0000000003111216,6868617,2019-03-07 15:29:10,btc,0.0,0.0,0.00000800,btc,0.0,0.0,0.0,61
1,[],27,[],2019-03-07 15:29:13,4411.22008,0.00000047,0.000000000018278394,6868618,2019-03-07 15:29:13,btc,2.898491041314132,1.0,0.00000047,"btc,eth",19485.01257617,4.7e-07,0.0012437599595772754,61
1,[],28,[],2019-03-07 15:29:14,13880.304,0.0000005,0.0000000000194451,6868619,2019-03-07 15:29:14,btc,2.056312978300105,673.0,0.0000005,btc,9730.59500005,0.0,0.00566391304,61
1,[],4,[],2019-03-07 15:17:29,1251056.34037502,0.00000250,0.00000000009698925000000001,6868430,2019-03-07 15:17:29,btc,9.15540795437043,0.0,0.00000250,btc,754680.84089979,0.16643414,0.9046110599344102,67
0.0,[],25,[],2019-03-07 15:17:31,0.0,0,0,6868431,2019-03-07 15:17:31,,0.0,0.0,0.0,btc,0.0,0.0,0.0,67
1,[],12,[],2019-03-07 15:29:15,283180.52682002,0.00000026,0.000000000010111452000000001,6868620,2019-03-07 15:29:15,btc,3.0412781504687825,0.0,0.00000026,btc,832602.52806451,0.0139967741691713,0.055057690380404596,71
,[],5,[],2018-11-20 23:02:39,1.5e-07,0.00000005,0.000000000002128045,4862160,2018-11-20 23:02:39,btc,2.84511358,0.0,,btc,0.00036572,0.0,0.07381892,74
1,[],5,[],2019-03-07 15:29:17,0.0,0,0,6868621,2019-03-07 15:29:17,btc,0.0,0.0,0,btc,0.0,0.0,0.0,75
1,[],4,[],2019-03-07 15:03:27,13147768.81424166,0.00000001,0.000000000000388246,6868238,2019-03-07 15:03:27,btc,11388.985544584346,0.0,0.00000001,btc,40019471.49932191,0.0,0.1314776881424166,81
0,[],20,[],2019-01-25 09:30:31,0.0,0,0,6495923,2019-01-25 09:30:31,btc,0.0,0.0,0,btc,0.0,0.0,0.0,81
1,[],4,[],2019-03-07 15:31:17,27672.68919286,0.00007422,0.000000002886430644,6868622,2019-03-07 15:31:17,btc,18.093854510063576,0.0,0.00007422,btc,11961.50956476,0.0,0.1247187230015044,82
1,[],21,[],2019-03-07 15:31:18,758116.8274651,0.00007409999999999999865853833603,0.00000000288176382,6868623,2019-03-07 15:31:18,btc,2.615587697487231,7448.42078783,0.000074099999999999998658538336027135073891258798539638519287109375,btc,30398.05350173,0.54816553,2.367215719418975,82
0,[],17,[],2019-03-07 15:31:30,0.0,0,0,6868624,2019-03-07 15:31:30,btc,0.0447233088476774,0.0,0,btc,999127.19588126,0.0,0.0,84
0.00000000014842589999999998,[],4,[],2019-03-07 15:31:30,114288172.06877042,4.4527769999999996e-18,1.731693880854e-22,6868625,2019-03-07 15:31:30,ltc,1.7493647317382717,0.0,0.00000003,ltc,415097863.70414716,0.0,2.3826725252454473e-10,85
,[],22,[],2018-11-20 23:09:34,3408.1,0.0000001,0.0000000000041895,4862324,2018-11-20 23:09:34,BTC,0.04624735,0.0,,BTC,4990.0,0.0,0.00033081,86
1,[],22,[],2019-03-07 15:31:35,122000.0,0.00000003,0.000000000001166706,6868626,2019-03-07 15:31:35,BTC,2.078122,0.0,0.00000003,BTC,169918.94736842104,1.4e-05,0.00186,87
0,[],27,[],2019-03-07 15:31:37,0.0,0,0,6868627,2019-03-07 15:31:37,,0.0,0.0,0,btc,0.0,0.0,0.0,87
,[],2,[],2018-11-20 23:10:47,0.0,0,0,4862359,2018-11-20 23:10:47,,0.0,0.0,,,0.0,0.0,0.0,88
1,[],11,[],2019-03-07 15:31:39,94880.87746797,0.00014575999999999998679722779115763842128217220306396484375,0.000000005668635551999999,6868628,2019-03-07 15:31:39,btc,607.8854389893647,1691.16132072,0.00014575999999999998679722779115763842128217220306396484375,btc,92676.83458133,0.0,6.536937879071905,89
0,[],2,[],2019-01-20 23:31:45,0.0,0,0,6477083,2019-01-20 23:31:45,,0.0,0.0,0,,0.0,0.0,0.0,91
1,[],12,[],2019-03-07 15:31:40,196336.79142455,0.000001129999999999999980629101885287735029805844533257186412811279296875,0.000000000043945926,6868629,2019-03-07 15:31:40,btc,71.03092758048004,0.0,0.000001129999999999999980629101885287735029805844533257186412811279296875,btc,100657.10089291,0.0097838476048698,0.0407339527999553,91
1,[],22,[],2019-03-07 15:31:55,65900.0,0.00000001,0.000000000000388902,6868630,2019-03-07 15:31:55,BTC,3e-06,0.0,0.00000001,BTC,1.0,0.0,0.000659,91
0,[],17,[],2019-03-07 13:25:21,0.0,0,0,6867701,2019-03-07 13:25:21,btc,0.0,0.0,0,btc,0.0,0.0,0.0,91
0.00000000014842589999999998,[],22,[],2019-03-07 15:31:59,1580418.0,7.421295e-18,2.8861564680899998e-22,6868631,2019-03-07 15:31:59,LTC,8.53121199,0.0,0.00000005,LTC,71989912.1,0.0,0.0790209,95
0.00000000014842589999999998,[],4,[],2019-03-07 15:32:00,640995784.9047667,9.6476835e-17,3.752003408517e-21,6868632,2019-03-07 15:32:00,ltc,11.886285855017853,0.0,0.00000065,ltc,135439107.9791913,0.0,1.7732553228414206e-09,96
1,[],12,[],2019-03-07 15:32:01,9420.0,0.00000001,0.00000000000038890200000000003,6868633,2019-03-07 15:32:01,btc,10.074869080000001,0.0,0.00000001,btc,2008942.0,5.76e-06,9.42e-05,96
0,[],17,[],2019-03-07 15:32:13,0.0,0,0,6868634,2019-03-07 15:32:13,btc,0.0,0.0,0,btc,0.0,0.0,0.0,96
1,[],4,[],2019-03-07 15:32:13,1644499.36379489,0.00000022,0.000000000008555844,6868635,2019-03-07 15:32:13,btc,2.570487739027173,0.0,0.00000022,btc,2562657.26394078,0.00893768,0.1369562886903434,99
0,[],2,[],2019-01-20 23:23:55,0.0,0,0,6476914,2019-01-20 23:23:55,,0.0,0.0,0,,0.0,0.0,0.0,100
1,[],4,[],2019-03-07 15:32:14,293597.56871899,0.00003792,0.000000001474716384,6868636,2019-03-07 15:32:14,btc,10.82876376199332,0.0,0.00003792,btc,155661.50763158,0.63474658,1.8733611264549785,100
1,[],22,[],2019-03-07 15:32:19,50000.0,0.00000001,0.000000000000388902,6868637,2019-03-07 15:32:19,BTC,23.49896609,0.0,0.00000001,BTC,10277.22,0.0,0.0005,101
1,[],4,[],2019-03-07 15:32:20,433280.29227957,0.00000087,0.000000000033834474,6868638,2019-03-07 15:32:20,btc,308.03079944749254,0.0,0.00000087,btc,487122.52999645,0.00459296,0.2116491715799233,103
1,[],12,[],2019-03-07 15:32:23,28668488.887000002,0.000000009,0.00000000000035001179999999997,6868639,2019-03-07 15:32:23,btc,1113027.85334536,0.0,0.000000009,btc,46726460.53750547,0.01350561745202833,0.11282366198299999,105
1,[],27,[],2019-03-07 15:32:25,229397.89,0.00000001,0.000000000000388902,6868640,2019-03-07 15:32:25,btc,36.60591030491341,0.0,0.00000001,btc,1301440.23571724,0.0,0.0022939789,105
1,[],22,[],2019-03-07 15:32:29,9328.0,0.00000001,0.000000000000388902,6868641,2019-03-07 15:32:29,BTC,51.10837004,0.0,0.00000001,BTC,470435.0,0.0,9.328e-05,107
1,[],26,[],2019-03-07 15:32:29,0.0,0.00000000,0,6868642,2019-03-07 15:32:29,btc,0.0,0.0,0.00000000,btc,0.0,0.0,0.0,107
1,[],5,[],2019-03-07 15:32:31,0.0,0,0,6868643,2019-03-07 15:32:31,btc,0.0,0.01042236,0,btc,0.0,0.0,0.0,112
1,[],22,[],2019-03-07 15:32:35,1966.0,0.00000001,0.000000000000388902,6868644,2019-03-07 15:32:35,BTC,2.78273272,0.0,0.00000001,BTC,826524.0833333334,2e-05,1.966e-05,112
0.0000000003539663,[],27,[],2019-03-07 15:32:38,2000.0,3.539663e-18,1.376582020026e-22,6868645,2019-03-07 15:32:38,eth,1.24892491849924,0.0,0.00000001,"btc,eth",1288.641654,0.0,7.079326e-15,112
1,[],4,[],2019-03-07 15:32:38,1308640.0368821,0.00000200,0.0000000000777804,6868646,2019-03-07 15:32:38,btc,4.780282040876119,0.0,0.00000200,btc,337870.57657398,0.02238221,1.0245730798734642,113
1,[],5,[],2019-03-07 15:32:39,0.0,0,0,6868647,2019-03-07 15:32:39,btc,0.0,0.00018191,0,btc,0.0,0.0,0.0,113
0,[],27,[],2019-03-07 15:32:42,0.0,0,0,6868648,2019-03-07 15:32:42,,0.0,0.0,0,btc,0.0,0.0,0.0,116
1,[],17,[],2019-03-07 15:18:35,152738.278,0.00000004,0.0000000000015518280000000001,6868458,2019-03-07 15:18:35,btc,1.3368030274954665,0.0,0.00000004,btc,51896.221,0.0,0.0022095311199999998,116
1,[],4,[],2019-03-07 15:32:43,77225.9484406,0.00002451,0.000000000953198802,6868649,2019-03-07 15:32:43,btc,27.684660568782167,0.0,0.00002451,btc,84332.07118566,0.5349665,1.189603059164672,120
1,[],7,[],2019-03-07 15:32:44,21240.51791747,0.0000212500000000000015265566588595902430824935436248779296875,0.00000000082641675,6868650,2019-03-07 15:32:44,btc,115646.94919545915,1.1652281,0.0000212500000000000015265566588595902430824935436248779296875,btc,36705.38404366,2.476e-05,0.0521194993138574,120
1,[],20,[],2019-03-07 15:18:43,3002345.3805,0.000000035,0.0000000000013578495,6868462,2019-03-07 15:18:43,btc,33.6156363984428,1589.5,0.000000035,btc,1008323.7699,5.56325e-05,0.0406402484044,125
1,[],22,[],2019-03-07 15:32:49,3053.0,0.00000001,0.000000000000388902,6868651,2019-03-07 15:32:49,BTC,0.01444887,0.0,0.00000001,BTC,296263.5111111111,0.0,3.053e-05,126
0,[],2,[],2019-01-20 23:25:46,0.0,0,0,6476969,2019-01-20 23:25:46,,0.0,0.0,0,,0.0,0.0,0.0,131
1,[],4,[],2019-03-07 15:32:50,150259.74965135,0.00001325,0.00000000051529515,6868652,2019-03-07 15:32:50,btc,3.69449156125539,0.0,0.00001325,btc,121379.95470158,0.20183097,0.709265930049859,131
0,[],17,[],2019-03-07 15:18:59,0.0,0,0,6868465,2019-03-07 15:18:59,btc,0.0009561751951600001,0.0,0,btc,35.42829368,0.0,0.0,131
1,[],4,[],2019-03-07 15:33:01,4547.79015339,0.00016000,0.000000006222432,6868653,2019-03-07 15:33:01,btc,1.619365038076286,0.0,0.00016000,btc,239.25503526,0.00128,0.0068861669716451,135
1,[],3,[],2019-03-07 00:20:44,877702.73244099,0.00000004,0.00000000000154846,6863392,2019-03-07 00:20:44,btc,0.119366241821405,0.0,0.00000004,btc,760637.99421222,0.0,0.023771231960604298,136
1,[],4,[],2019-03-07 15:33:02,314491.57633237,0.00000175,0.00000000006805785,6868654,2019-03-07 15:33:02,btc,38.235423905859676,0.0,0.00000175,btc,526618.8585086,0.08358484,0.0875266278097094,137
1,[],12,[],2019-03-07 15:33:03,238708.94522292,0.000001700000000000000028950908510794182149084008415229618549346923828125,0.00000000006611334000000001,6868655,2019-03-07 15:33:03,btc,4.058724343916829,0.0,0.000001700000000000000028950908510794182149084008415229618549346923828125,btc,3748.76601675,0.0015909145516776,0.09221566454775001,137
1,[],4,[],2019-03-07 15:33:04,10462.48387039,0.00003914,0.000000001522162428,6868656,2019-03-07 15:33:04,btc,28.647169398206454,0.0,0.00003914,btc,48133.14319714,0.13151218,0.2261462978550459,142
1,[],5,[],2019-03-07 15:33:05,0.0,0,0,6868657,2019-03-07 15:33:05,btc,0.0,0.35577428,0,btc,0.0,0.0,0.0,142
1,[],20,[],2019-03-07 15:33:17,132467.7995,0.00004002,0.0000000015563858040000001,6868658,2019-03-07 15:33:17,btc,0.4011265281142,410.022,0.00004002,btc,3674.0836,0.0204648952762,0.2139234133679,142
1,[],22,[],2019-03-07 15:33:22,1470.8988921568628,0.00004000,0.000000001555608,6868659,2019-03-07 15:33:22,BTC,3.00385504,0.0,0.00004000,BTC,891.218,0.0,0.0012358,142
0.0,[],25,[],2019-03-07 15:33:23,0.0,0,0,6868660,2019-03-07 15:33:23,,0.0,0.0,0.0,btc,0.0,0.0,0.0,142
1,[],28,[],2019-03-07 15:33:30,76124.0,0.00000820,0.00000000031889964,6868661,2019-03-07 15:33:30,btc,0.067100461059305,1293.0,0.00000820,btc,552.61077999,0.0,0.004304,142
1,[],17,[],2019-03-07 15:19:05,22967.386363640002,0.00000088,0.000000000034140216000000006,6868471,2019-03-07 15:19:05,btc,20.06991335281415,0.0,0.00000088,btc,2746.079105,0.0,0.0104613000000032,142
0,[],22,[],2019-03-07 15:33:33,0.0,0,0,6868662,2019-03-07 15:33:33,,62.13631169,0.0,0,,837691921.3,0.0,0.0,143
0,[],22,[],2019-02-25 15:42:22,0.0,0,0,6783783,2019-02-25 15:42:22,,4.2131946,0.0,0,,2322156.0,0.0,0.0,146
,[],22,[],2018-11-20 23:01:11,0.0,0,0,4862114,2018-11-20 23:01:11,,2.56807021,0.0,,,61828.4988236,0.0,0.0,147
1,[],12,[],2019-03-07 15:33:35,290203.42221043,0.00000154999999999999998279913253351747215447176131419837474822998046875,0.00000000006027981,6868663,2019-03-07 15:33:35,btc,1.4960466868315525,0.0,0.00000154999999999999998279913253351747215447176131419837474822998046875,btc,26948.51484995,0.0006789443041556,0.0193727419998887,148
1,[],4,[],2019-03-07 15:33:35,251540.38065909,0.00000029,0.000000000011278158,6868664,2019-03-07 15:33:35,btc,219.99867057106937,0.0,0.00000029,btc,840456.57195852,0.0,0.0597902236456187,152
0,[],22,[],2019-03-07 15:33:38,0.0,0,0,6868665,2019-03-07 15:33:38,,0.0,0.0,0,,0.0,0.0,0.0,152
1,[],5,[],2019-03-07 15:33:40,0.0,0,0,6868666,2019-03-07 15:33:40,btc,0.0,0.0,0,btc,0.0,0.0,0.0,153
,[],16,[],2019-01-11 15:38:59,0.0,0,0,6366141,2019-01-11 15:38:59,btc,0.0,0.0,,btc,0.0,0.0,0.0,155
0,[],23,[],2019-01-20 23:24:29,0.0,0,0,6476932,2019-01-20 23:24:29,,0.0,0.0,0,,0.0,0.0,0.0,156
0,[],22,[],2019-03-07 15:33:44,0.0,0,0,6868667,2019-03-07 15:33:44,,6.7463875,0.0,0,,4674391.242592593,0.0,0.0,156
1,[],22,[],2019-03-07 15:33:48,7073.8,0.00005300,0.0000000020611806,6868668,2019-03-07 15:33:48,BTC,1.80343699,0.0,0.00005300,BTC,899.6422341958436,0.0,0.00104336,157
0,[],22,[],2019-03-07 15:33:51,0.0,0,0,6868669,2019-03-07 15:33:51,,50175.67608608,0.0,0,,54079135.04179466,0.0,0.0,158
,[],17,[],2018-11-20 22:56:10,0.0,0,0,4861976,2018-11-20 22:56:10,btc,1.1265625,0.0,,btc,1000.0,0.0,0.0,159
,[],20,[],2018-11-20 22:56:12,0.0,0,0,4861977,2018-11-20 22:56:12,btc,11912.7940471,0.0,,btc,34413894.3617,0.0,0.0,159
1,[],12,[],2019-03-07 15:33:52,136087.90344483,0.0000066599999999999997621498958044750082763130194507539272308349609375,0.000000000259008732,6868670,2019-03-07 15:33:52,btc,0.3717002873974078,0.0,0.0000066599999999999997621498958044750082763130194507539272308349609375,btc,7717.95128174,0.0096248856263898,0.0956956781825165,168
1,[],17,[],2019-03-07 15:33:54,29784.95,0.000001,0.0000000000388902,6868671,2019-03-07 15:33:54,btc,0.03026736251542,0.0,0.000001,btc,144.46171372,0.0,0.00716147,168
0,[],22,[],2019-03-07 13:06:36,0.0,0,0,6867364,2019-03-07 13:06:36,,1.1339604,0.0,0,,520283.17470714403,0.0,0.0,169
1,[],22,[],2019-03-07 15:33:58,203585.5,0.00000002,0.000000000000777804,6868672,2019-03-07 15:33:58,BTC,13.2504702,0.0,0.00000002,BTC,146216.2939341018,8.4e-06,0.00207171,171
1,[],22,[],2019-03-07 15:34:03,344098.42261904763,0.0000001,0.00000000000388902,6868673,2019-03-07 15:34:03,BTC,2.81404695,0.0,0.0000001,"BTC,LTC",284859.76939100603,0.00038338,0.01839894,173
1,[],5,[],2019-03-05 01:59:40,0.0,0,0,6845846,2019-03-05 01:59:40,btc,0.0,0.00384852,0,btc,0.0,0.0,0.0,175
1,[],22,[],2019-03-07 15:34:08,36500.0,0.00000021,0.000000000008166942,6868674,2019-03-07 15:34:08,BTC,0.54826403,0.0,0.00000021,BTC,138776.41384013777,0.0,0.00227,176
1,[],7,[],2019-03-07 15:34:09,0.0,0,0,6868675,2019-03-07 15:34:09,btc,410909.37589672295,0.0,0,btc,116663049.56236698,0.0,0.0,178
0,[],22,[],2019-03-07 15:34:12,0.0,0,0,6868676,2019-03-07 15:34:12,,1.00242438,0.0,0,,57522.0,0.0,0.0,178
0,[],2,[],2019-01-20 23:28:34,0.0,0,0,6477001,2019-01-20 23:28:34,,0.0,0.0,0,,0.0,0.0,0.0,178
0,[],23,[],2019-01-20 23:25:08,0.0,0,0,6476952,2019-01-20 23:25:08,,0.0,0.0,0,,0.0,0.0,0.0,179
1,[],5,[],2019-03-07 15:34:14,0.0,0,0,6868677,2019-03-07 15:34:14,btc,0.0,0.07990181,0,btc,0.0,0.0,0.0,179
1,[],22,[],2019-03-07 15:34:18,6946826.0,0.00000002,0.000000000000777804,6868678,2019-03-07 15:34:18,BTC,5.67356573,0.0,0.00000002,"BTC,LTC",18498890.756535422,4.709e-05,0.37387724,179
1,[],17,[],2019-03-07 15:34:20,10504.725,0.0000001,0.0000000000038890199999999995,6868679,2019-03-07 15:34:20,btc,5.201069583844786,0.0,0.0000001,btc,5033.45945,0.0,0.0010504725,180
1,[],22,[],2019-03-07 15:34:48,1975008.6363636365,0.00000095,0.00000000003694569,6868680,2019-03-07 15:34:48,BTC,0.24912416,0.0,0.00000095,"BTC,LTC",85563.09190945134,0.0021850002521905014,0.56203305,180
1,[],26,[],2019-03-07 15:34:48,0.0,0.00000125,0.00000000004861275,6868681,2019-03-07 15:34:48,btc,0.0,340.0,0.00000125,btc,0.0,0.0,0.0,180
,[],7,[],2018-11-20 22:58:01,562227.975654,0.00000085,0.000000000036176765,4862015,2018-11-20 22:58:01,btc,21836.6059674,2491.87645172,,btc,749999.041456,0.00211021,0.127565380455,183
,[],5,[],2019-01-10 08:11:41,0.0,0,0,6347036,2019-01-10 08:11:41,btc,82.15055501,0.00261,,btc,1.19002445,0.0,0.0,187
,[],17,[],2018-11-16 20:58:10,4062536.27273,0.00000001,0.000000000000550501,4708775,2018-11-16 20:58:10,btc,3.36492563466,0.195460381006,,"btc,eth",110697919.549,0.0,0.0157628953496,187
1,[],24,[],2019-03-07 15:34:48,0.0,0.000000000001,3.88902e-17,6868682,2019-03-07 15:34:48,btc,0.0,0.0,0.000000000001,btc,0.0,0.0,0.0,187
0,[],22,[],2019-03-07 15:34:52,0.0,0,0,6868683,2019-03-07 15:34:52,,7.54802454,0.0,0,,79361.7243344055,0.0,0.0,191
0,[],22,[],2019-03-07 15:34:58,0.0,0,0,6868684,2019-03-07 15:34:58,,0.0,0.0,0,,0.0,0.0,0.0,197
0,[],23,[],2019-01-20 23:31:41,0.0,0,0,6477079,2019-01-20 23:31:41,,0.0,0.0,0,,0.0,0.0,0.0,199
0,[],22,[],2019-03-07 15:35:01,0.0,0,0,6868685,2019-03-07 15:35:01,,5.19077622,0.0,0,,21058553.0,0.0,0.0,199
1,[],26,[],2019-03-07 15:35:01,0.0,0.00000000,0,6868686,2019-03-07 15:35:01,btc,0.0,132047.0,0.00000000,btc,0.0,0.0,0.0,199
0,[],17,[],2019-01-30 16:32:01,0.0,0,0,6540827,2019-01-30 16:32:01,btc,6.802544163788159,0.0,0,btc,105897.55575295,0.0,0.0,200
0,[],2,[],2019-01-20 23:30:49,0.0,0,0,6477059,2019-01-20 23:30:49,,0.0,0.0,0,,0.0,0.0,0.0,201
1,[],4,[],2019-01-25 15:51:35,2084389.58565343,0.00000936,0.000000000333526752,6499557,2019-01-25 15:51:35,btc,2.0092503037378524,0.0,0.00000936,btc,160195.80207885,0.19272417,1.242687955921835,211
1,[],7,[],2019-03-07 15:35:05,1982986.4727373798,0.0000011400000000000000966436132510128942385563277639448642730712890625,0.000000000044334828000000005,6868687,2019-03-07 15:35:05,btc,15476653.35894098,1140214.61601,0.0000011400000000000000966436132510128942385563277639448642730712890625,btc,12868819.29674031,0.0,1.818523804858208,212
1,[],12,[],2019-01-25 02:44:32,207462.42853209,0.000001080000000000000035831255497387193287295303889550268650054931640625,0.000000000038610756000000006,6493050,2019-01-25 02:44:32,btc,85023.03793723314,0.0,0.000001080000000000000035831255497387193287295303889550268650054931640625,btc,43675.73520027,0.000146250909087,0.0348620860622024,213
1,[],5,[],2019-03-07 15:35:07,0.0,0,0,6868688,2019-03-07 15:35:07,btc,0.0,0.40516822,0,btc,0.0,0.0,0.0,213
1,[],24,[],2019-03-07 15:35:07,0.0,0.000000120000,0.000000000004666824,6868689,2019-03-07 15:35:07,btc,0.0,0.0,0.000000120000,btc,0.0,0.0,0.0,213
1,[],26,[],2019-03-07 15:35:08,0.0,0.00000010,0.00000000000388902,6868690,2019-03-07 15:35:08,btc,0.0,0.0,0.00000010,btc,0.0,0.0,0.0,213
1,[],22,[],2019-03-07 15:35:12,45166.0,0.00000002,0.000000000000777804,6868691,2019-03-07 15:35:12,BTC,2.23599134,0.0,0.00000002,BTC,701743.3963726171,0.00025208,0.00061247,216
1,[],27,[],2019-03-07 15:35:15,1304297.0,0.00000004,0.000000000001555608,6868692,2019-03-07 15:35:15,btc,317.9846054547724,0.0,0.00000004,"btc,ltc",240763.990324,0.0,0.033999840000267165,216
1,[],22,[],2019-03-07 15:35:19,172350.52409638555,0.00000184,0.000000000071557968,6868693,2019-03-07 15:35:19,BTC,12673.39221434,0.0,0.00000184,BTC,385006.8836360955,0.0469424,0.19736284,217
1,[],7,[],2019-03-07 15:35:20,0.0,0,0,6868694,2019-03-07 15:35:20,btc,77969.39215740134,0.0,0,btc,136268679.67428493,0.0,0.0,219
0,[],27,[],2019-03-07 15:35:22,0.0,0,0,6868695,2019-03-07 15:35:22,,0.04027288,0.0,0,btc,2037233.0,0.0,0.0,219
0.0000000000000052,[],28,[],2019-03-07 15:35:25,168861539.41,5.7200520000000004e-18,2.224539662904e-22,6868696,2019-03-07 15:35:25,doge,84451.8501148375,21083.296,0.00110001,"btc,doge",3563815.34751,0.0,1.6147780126034232e-11,219
1,[],22,[],2019-03-07 15:35:29,370290.0,0.00000005,0.00000000000194451,6868697,2019-03-07 15:35:29,BTC,2.78327415,0.0,0.00000005,BTC,94649.27041875875,0.00050745,0.01488416,221
1,[],24,[],2019-03-07 15:35:29,0.0,0.000000200000,0.00000000000777804,6868698,2019-03-07 15:35:29,btc,0.0,0.0,0.000000200000,btc,0.0,0.0,0.0,221
1,[],20,[],2019-03-07 15:35:31,39105329.5253,0.000000001,0.0000000000000388902,6868699,2019-03-07 15:35:31,btc,48.4427536687255,172770.0,0.000000001,btc,16154115.0042,0.00034554,0.0391053295253,224
0,[],22,[],2019-03-07 15:35:34,0.0,0,0,6868700,2019-03-07 15:35:34,,0.0,0.0,0,,0.0,0.0,0.0,224
1,[],26,[],2019-03-07 15:35:34,0.0,0.00000035,0.00000000001361157,6868701,2019-03-07 15:35:34,btc,0.0,0.0,0.00000035,btc,0.0,0.0,0.0,231
1,[],26,[],2019-03-07 15:24:27,0.0,0.00000005,0.000000000001939785,6868515,2019-03-07 15:24:27,btc,0.0,0.0,0.00000005,btc,0.0,0.0,0.0,234
0.0000000003535054,[],27,[],2019-03-07 15:24:30,2000.0,3.535054e-18,1.371448944678e-22,6868516,2019-03-07 15:24:30,eth,0.01134836604,0.0,0.00000001,"btc,eth",11462.996,0.0,7.070108e-15,234
1,[],4,[],2019-03-07 15:35:35,871002.69089751,0.00000073,0.000000000028389846,6868702,2019-03-07 15:35:35,btc,4.765536608749687,0.0,0.00000073,btc,1259387.51239305,0.01909278,0.2627922895589416,236
1,[],24,[],2019-03-07 15:35:35,0.0,0.000000300000,0.000000000011667060000000001,6868703,2019-03-07 15:35:35,btc,0.0,0.0,0.000000300000,btc,0.0,0.0,0.0,236
1,[],20,[],2019-03-07 15:35:37,166722206.5682,0.00000006,0.000000000002333412,6868704,2019-03-07 15:35:37,btc,14.1058370441118,6808098.4916,0.00000006,btc,41925023.2511,0.4183207440924,0.5268194047962,237
0.00000000014842589999999998,[],22,[],2019-03-07 15:35:42,751594.9,2.5232402999999998e-17,9.812931991506e-22,6868705,2019-03-07 15:35:42,LTC,0.04119358,0.0,0.00000017,LTC,7239.2,0.0,0.12541949,237
1,[],4,[],2019-03-07 15:35:42,8552123.76620747,0.00000035,0.00000000001361157,6868706,2019-03-07 15:35:42,btc,8.748921584958774,0.0,0.00000035,btc,10585832.31133919,0.52026003,2.118889527046342,238
1,[],5,[],2019-03-07 15:35:44,0.0,0,0,6868707,2019-03-07 15:35:44,btc,0.0,0.00113445,0,btc,0.0,0.0,0.0,238
0,[],22,[],2019-03-06 06:43:11,0.0,0,0,6856376,2019-03-06 06:43:11,,0.41338918,0.0,0,,316326.5639027493,0.0,0.0,249
0.00000000014772310000000001,[],22,[],2019-03-07 15:24:45,82163180.66666667,7.386155e-18,2.8655105353350003e-22,6868523,2019-03-07 15:24:45,LTC,1.84347695,0.0,0.00000005,LTC,26431677.09,0.0,2.70466333,252
1,[],28,[],2019-03-07 15:35:46,3006880.767,0.00000037,0.000000000014389374,6868708,2019-03-07 15:35:46,btc,164733.0424800684,235058.4209,0.00000037,btc,2765136.2178,0.0,0.4894712518,256
1,[],22,[],2019-03-07 15:35:51,1290561.0,0.00000003,0.000000000001166706,6868709,2019-03-07 15:35:51,BTC,31.48166323,0.0,0.00000003,BTC,719270.3457866946,5.5e-07,0.01764975,258
1,[],22,[],2019-03-07 15:35:55,48751.0,0.00000001,0.000000000000388902,6868710,2019-03-07 15:35:55,BTC,2.4175745,0.0,0.00000001,BTC,1762.0,0.0,0.00048751,259
1,[],5,[],2019-03-07 15:35:57,0.0,0,0,6868711,2019-03-07 15:35:57,btc,0.0,0.16605096,0,btc,0.0,0.0,0.0,264
1,[],20,[],2019-03-07 15:35:59,1254025.6957,0.00000191,0.000000000074280282,6868712,2019-03-07 15:35:59,btc,7.4782333913798,77878.4627,0.00000191,btc,110008.1635,0.1627337303445,0.0182940520255,264
0,[],22,[],2019-03-07 15:36:03,0.0,0,0,6868713,2019-03-07 15:36:03,,8.45820143,0.0,0,,451287.34411321935,0.0,0.0,271
0,[],22,[],2019-03-07 15:36:07,0.0,0,0,6868714,2019-03-07 15:36:07,,266.25196304,0.0,0,,13937792667.692,0.0,0.0,272
0.0000000000000052,[],28,[],2019-03-07 15:36:09,246109411307.905,4.9400000000000004e-21,1.92117588e-25,6868715,2019-03-07 15:36:09,doge,37032184.32232769,5690250888.0,0.00000095,doge,235406118116.0003,0.0,7.400140090586498e-10,272
1,[],22,[],2019-03-07 15:25:40,173116.74,0.0000009,0.00000000003491613,6868532,2019-03-07 15:25:40,BTC,74.45437649,0.0,0.0000009,"BTC,LTC",33883.48778575859,0.021383,0.05109162,281
1,[],22,[],2019-03-07 15:36:13,260264.11538461538,0.00000014,0.0000000000054446280000000005,6868716,2019-03-07 15:36:13,BTC,0.37996156,0.0,0.00000014,BTC,197236.83370332324,0.04617215,0.02912864,286
0,[],22,[],2019-03-07 15:25:49,0.0,0,0,6868534,2019-03-07 15:25:49,,43638.74003002,0.0,0,,691637845.0,0.0,0.0,294
