pairValue,buyBook,exchangeId,sellBook,updated,buyTotal,satoshiPrice,usdPrice,exchangeLogId,created,bestPair,sellTotalBtc,volume,pairPrice,activePairs,sellTotal,volumeBtc,buyTotalBtc,coinId
1,[],3,[],2019-06-28 10:05:43,32924.14107079364,0.00818383999999999951768803185814249445684254169464111328125,0.00000098348888008,7774749,2019-06-28 10:05:43,btc,10.781512733688489,105.165621764,0.00818383999999999951768803185814249445684254169464111328125,btc,43.71452366602,0.0,0.2882060559268927,1
1,[],4,[],2019-06-28 10:05:44,207790.25910818,0.00810113,0.0000009735492471850001,7774750,2019-06-28 10:05:44,btc,9.42567445041276,0.0,0.00810113,btc,451.12908587,5.55556341,0.5281754743539199,1
1,[],5,[],2019-06-28 10:05:46,0.0,0,0,7774751,2019-06-28 10:05:46,btc,0.0,0.43016781,0,btc,0.0,0.0,0.0,1
1,[],10,[],2019-06-28 10:05:49,246624.65312661,0.00350004,0.00000042061555698,7774752,2019-06-28 10:05:49,btc,6521.787819658634,1900.64077693,0.00350004,btc,1214.81856044,0.0,1.7945518865855734,1
1,[],12,[],2019-06-28 10:05:51,96.08865597,0.0082599999999999999811262085813723388127982616424560546875,0.0000009926413700000002,7774753,2019-06-28 10:05:51,btc,0.6469805154634,0.0,0.0082599999999999999811262085813723388127982616424560546875,btc,27.86545366,1.148600966785,0.1525497961765,1
1,[],20,[],2019-06-28 10:05:55,928.1662,0.008014691,0.0000009631614835795,7774754,2019-06-28 10:05:55,btc,0.1468716112611,0.6952,0.008014691,btc,10.8831,0.0072273046,0.1258411563394,1
1,[],21,[],2019-06-28 10:05:56,2137.79823241,0.008253289999999999931867833425,0.000000991834999105,7774755,2019-06-28 10:05:56,btc,9.454879723609682,7620.60439021,0.0082532899999999999318678334248033934272825717926025390625,"btc,eth",1692.58360567,58.92557401360514,13.500065157441899,1
1,[],22,[],2019-06-28 10:06:00,0.0469,0.00850000,0.000001021483250000000083217685156,7774756,2019-06-28 10:06:00,BTC,0.01666796,0.0,0.00850000,BTC,0.25318100557485945,0.0,0.00025139,1
1,[],24,[],2019-06-28 10:06:00,0.0,0.000000000000,0,7774757,2019-06-28 10:06:00,btc,0.0,0.0,0.000000000000,btc,0.0,0.0,0.0,1
0.0,[],25,[],2019-06-28 10:06:16,0.0,0,0,7774758,2019-06-28 10:06:16,btc,49.68449999885138,17292.5726562,0.0,btc,5763.14180199,142.7,0.0,1
1,[],26,[],2019-06-28 10:06:21,0.0,0,0,7774759,2019-06-28 10:06:21,,0.0,0.0,0,,0.0,0.0,0.0,1
0,[],28,[],2019-06-28 10:06:23,0.0,0,0,7774760,2019-06-28 10:06:23,,0.0,0.0,0,,0.0,0.0,0.0,1
0,[],2,[],2019-01-20 23:28:45,0.0,0,0,6477011,2019-01-20 23:28:45,,0.0,0.0,0,,0.0,0.0,0.0,1
1,[],5,[],2019-06-17 14:29:02,0.0,0,0,7740076,2019-06-17 14:29:02,btc,0.0,2.72e-05,0,btc,0.0,0.0,0.0,2
1,[],22,[],2019-06-17 14:29:06,11550.3,0.0000002,0.0000000000185828,7740077,2019-06-17 14:29:06,BTC,21.00897301,0.0,0.0000002,"BTC,XMR",20678.87287795317,1.754e-05,0.00143681,2
1,[],5,[],2019-06-03 14:48:58,0.0,0,0,7731126,2019-06-03 14:48:58,btc,0.0,0.05905545,0,btc,0.0,0.0,0.0,3
1,[],12,[],2019-06-03 14:48:59,3468623.70302,0.000000116,0.000000000009823402000000002,7731127,2019-06-03 14:48:59,btc,169531.0336573751,0.0,0.000000116,btc,2361209.62379607,0.041350953071,0.33764769154428,3
0,[],28,[],2019-06-03 14:49:00,0.0,0,0,7731128,2019-06-03 14:49:00,,0.0,0.0,0,,0.0,0.0,0.0,3
0,[],2,[],2019-01-20 23:31:32,0.0,0,0,6477077,2019-01-20 23:31:32,,0.0,0.0,0,,0.0,0.0,0.0,4
1,[],4,[],2019-05-18 21:29:50,562734.9206932,0.00000010,0.000000000007298720000000001,7650946,2019-05-18 21:29:50,btc,41.9347137769675,0.0,0.00000010,btc,1123702.32192634,0.00052462,0.029254593370966,4
0,[],12,[],2019-06-02 05:03:43,0.0,0,0,7724919,2019-06-02 05:03:43,btc,625.901992874995,0.0,0,btc,1211362.4995005,0.0,0.0,5
0,[],2,[],2019-01-20 23:31:51,0.0,0,0,6477087,2019-01-20 23:31:51,,0.0,0.0,0,,0.0,0.0,0.0,6
1,[],11,[],2019-06-28 10:06:25,6351847.276736,0.00000001,0.0000000000012017450000000001,7774761,2019-06-28 10:06:25,btc,9583.568469362632,300000.0,0.00000001,btc,76378844.64770687,0.0,0.06351847276736,6
1,[],3,[],2019-06-28 10:06:26,12581.678843545666,0.0000533500000000000025091907718266526217121281661093235015869140625,0.000000006411309575000001,7774762,2019-06-28 10:06:26,btc,2027.99400305473,627.29874475,0.0000533500000000000025091907718266526217121281661093235015869140625,btc,443.864339363096,0.0,0.018070800428779264,7
1,[],4,[],2019-06-28 10:06:27,551057.42167369,0.00006268,0.000000007532537660000001,7774763,2019-06-28 10:06:27,btc,6.740797794409323,0.0,0.00006268,btc,53139.04049659,1.45816815,1.7532241866176899,7
1,[],5,[],2019-06-28 10:06:28,0.0,0,0,7774764,2019-06-28 10:06:28,btc,0.0,0.02638233,0,btc,0.0,0.0,0.0,7
1,[],20,[],2019-04-07 22:06:50,3201475.0482,0.000000001,0.000000000000051590000000000004,7213932,2019-04-07 22:06:50,btc,30.8005781811902,0.0,0.000000001,btc,23077405.3926,0.0,0.0032014750482,8
1,[],4,[],2019-06-28 10:06:30,1867634.01899322,0.00000040,0.0000000000480698,7774765,2019-06-28 10:06:30,btc,2.9387762764061005,0.0,0.00000040,btc,3088443.62733941,0.30995291,0.2893870397123847,9
0,[],28,[],2019-06-28 10:06:32,0.0,0,0,7774766,2019-06-28 10:06:32,,0.0,0.0,0,,0.0,0.0,0.0,9
0,[],2,[],2019-01-20 23:22:42,0.0,0,0,6476876,2019-01-20 23:22:42,,0.0,0.0,0,,0.0,0.0,0.0,9
0,[],23,[],2019-01-20 23:22:48,0.0,0,0,6476878,2019-01-20 23:22:48,,0.0,0.0,0,,0.0,0.0,0.0,9
1,[],1,[],2019-02-17 23:31:42,1822507.21,0.00000181000000000000003456111265232042484285557293333113193511962890625,0.000000000066086901,6701244,2019-02-17 23:31:42,btc,3.6990969245,17153386.5,0.00000181000000000000003456111265232042484285557293333113193511962890625,btc,1997391.71,31.11772986,3.2610482446,9
1,[],4,[],2019-02-17 11:22:43,4341674.27126056,0.00000002,0.0000000000007272960000000001,6696112,2019-02-17 11:22:43,btc,0.1997230937751353,0.0,0.00000002,btc,4109766.79808031,0.00215132,0.0479381022052112,10
1,[],4,[],2019-06-28 10:06:33,38881508.65950746,0.00000027,0.000000000032447115000000004,7774767,2019-06-28 10:06:33,btc,7.067554949521755,0.0,0.00000027,btc,8215933.30472824,0.57614731,1.2930204380112735,12
1,[],5,[],2019-06-28 10:06:34,0.0,0,0,7774768,2019-06-28 10:06:34,btc,0.0,0.04049515,0,btc,0.0,0.0,0.0,12
0.0,[],25,[],2019-06-28 10:06:36,0.0,0,0,7774769,2019-06-28 10:06:36,,0.0,0.0,0.0,btc,0.0,0.0,0.0,12
0,[],2,[],2019-01-20 23:23:08,0.0,0,0,6476890,2019-01-20 23:23:08,,0.0,0.0,0,,0.0,0.0,0.0,12
1,[],4,[],2019-06-28 10:06:37,443265.52430227,0.00000258,0.00000000031005021000000004,7774770,2019-06-28 10:06:37,btc,2.128949972707683,0.0,0.00000258,btc,378099.64389178,0.3451015,0.2028306186784086,13
1,[],21,[],2019-06-28 10:06:42,5741755.45794654,0.000002629999999999999806872151217,0.000000000316058935,7774771,2019-06-28 10:06:42,btc,3.2773450688359613,1475346.93753217,0.00000262999999999999980687215121732958067468644003383815288543701171875,btc,923807.56516346,3.81984089,3.61241982744786,13
1,[],10,[],2019-06-28 08:01:05,595698.27024093,0.00000259,0.000000000295588153,7774382,2019-06-28 08:01:05,btc,666797.6716647166,37303.4790241,0.00000259,btc,876337.21415404,0.0,0.2279312240146379,13
1,[],4,[],2019-06-28 10:06:43,1041278.17953578,0.00000037,0.000000000044464565000000006,7774772,2019-06-28 10:06:43,btc,3.0238015264958924,0.0,0.00000037,btc,767832.94496339,0.02524131,0.0835899726336386,14
1,[],12,[],2019-06-28 10:06:45,223112.0,0.00000045,0.000000000054078525000000004,7774773,2019-06-28 10:06:45,btc,193.48028461002656,0.0,0.00000045,btc,40497.56526099,0.002670644096,0.00964934,14
1,[],26,[],2019-06-28 10:08:45,0.0,0.00000050,0.00000000006008725,7774774,2019-06-28 10:08:45,btc,0.0,0.0,0.00000050,btc,0.0,0.0,0.0,14
0,[],17,[],2019-05-03 00:53:32,0.0,0,0,7558876,2019-05-03 00:53:32,btc,0.0,0.0,0,btc,0.0,0.0,0.0,14
0,[],4,[],2019-06-28 10:08:46,0.0,0,0,7774775,2019-06-28 10:08:46,,0.0,0.0,0,,0.0,0.0,0.0,15
,[],12,[],2018-12-01 15:15:48,204241.84496,0.00000489,0.000000000202473384,5260204,2018-12-01 15:15:48,btc,49.5475654835,0.0,,btc,35763.2193806,0.0163153972027625,0.0203389899998,15
1,[],4,[],2019-06-28 10:08:48,32005.03107472,0.00000816,0.0000000009806239200000002,7774776,2019-06-28 10:08:48,btc,2.3572554503195473,0.0,0.00000816,btc,15979.36439815,0.04245178,0.0471231318071701,18
1,[],10,[],2019-06-28 10:08:50,400146.05212924,0.00000797,0.000000000957790765,7774777,2019-06-28 10:08:50,btc,14.898790414996613,32020.5631028,0.00000797,btc,11341.23763454,0.0,0.3094603499238921,18
1,[],12,[],2019-06-28 10:08:52,1707.55582268,0.000008509999999999999837252580292545900420009274967014789581298828125,0.000000001022684995,7774778,2019-06-28 10:08:52,btc,0.5295015290209215,0.0,0.000008509999999999999837252580292545900420009274967014789581298828125,btc,1928.81278592,1.212675e-06,0.0036214304769668,18
0,[],2,[],2019-01-20 23:23:38,0.0,0,0,6476906,2019-01-20 23:23:38,,0.0,0.0,0,,0.0,0.0,0.0,18
0,[],17,[],2019-05-03 00:53:39,0.0,0,0,7558882,2019-05-03 00:53:39,btc,0.0,0.0,0,btc,0.0,0.0,0.0,18
1,[],3,[],2019-06-28 10:10:53,154360.87174485627,0.00000302999999999999978877139594768408414893201552331447601318359375,0.000000000364128735,7774779,2019-06-28 10:10:53,btc,190.33999062410473,17088.3479468,0.00000302999999999999978877139594768408414893201552331447601318359375,btc,18190.980984180635,0.0,0.05285467866448196,19
1,[],4,[],2019-06-28 10:10:54,210291.77238005,0.00000728,0.0000000008748703600000001,7774780,2019-06-28 10:10:54,btc,4.48432157302927,0.0,0.00000728,btc,238750.01344418,0.2811133,0.7808185838703996,19
1,[],5,[],2019-06-28 10:10:56,0.0,0,0,7774781,2019-06-28 10:10:56,btc,0.0,0.0022785,0,btc,0.0,0.0,0.0,19
1,[],12,[],2019-06-28 10:10:57,107190.45881426,0.0000060599999999999995775427918953681682978640310466289520263671875,0.00000000072825747,7774782,2019-06-28 10:10:57,btc,1.2061577641698167,0.0,0.0000060599999999999995775427918953681682978640310466289520263671875,btc,3008.56634116,0.0,0.0097025499997453,19
0,[],27,[],2019-06-28 10:11:03,0.0,0,0,7774783,2019-06-28 10:11:03,,0.0,0.0,0,btc,0.0,0.0,0.0,19
0,[],2,[],2019-01-20 23:24:19,0.0,0,0,6476924,2019-01-20 23:24:19,,0.0,0.0,0,,0.0,0.0,0.0,19
1,[],4,[],2019-06-28 10:11:04,9961191.09278478,0.00000005,0.000000000006008725,7774784,2019-06-28 10:11:04,btc,5.165016677550609,0.0,0.00000005,btc,2227203.78226973,0.00332511,0.1113794166205056,20
0,[],4,[],2019-06-28 10:11:05,0.0,0,0,7774785,2019-06-28 10:11:05,,13845.886944021373,0.0,0,,165867433.57370672,0.0,0.0,21
0,[],12,[],2019-06-28 10:11:07,0.0,0,0,7774786,2019-06-28 10:11:07,btc,2602.9757493574525,0.0,0,btc,10311974.54345651,4.995e-07,0.0,21
0,[],17,[],2019-05-03 00:53:51,0.0,0,0,7558891,2019-05-03 00:53:51,btc,0.0,0.0,0,btc,0.0,0.0,0.0,21
1,[],12,[],2019-06-28 10:13:09,6511361442.455566,0.0000000005,0.00000000000006008725000000001,7774787,2019-06-28 10:13:09,btc,1426620276936.9006,0.0,0.0000000005,btc,2718813377.734266,0.125970670923,1.7799140145000834,23
0.0000000002582089,[],27,[],2019-06-28 10:13:15,68047465.56396204,2.60790989e-16,3.13404267075805e-20,7774788,2019-06-28 10:13:15,eth,1049.133085,5958368.936,0.00000101,eth,683036.294,1.5385038887587304e-08,6.651589904293387e-09,23
1,[],4,[],2019-06-22 05:45:29,6100414.07522138,0.00000017,0.00000000001823352,7751732,2019-06-22 05:45:29,btc,10.22685272773715,0.0,0.00000017,btc,1790815.48208265,0.0,0.1345450262400025,24
0,[],22,[],2019-06-22 05:45:31,0.0,0,0,7751733,2019-06-22 05:45:31,,6.22e-05,0.0,0,,517.4264705882352,0.0,0.0,24
0.0,[],25,[],2019-06-22 05:45:32,0.0,0,0,7751734,2019-06-22 05:45:32,,0.0,0.0,0.0,btc,0.0,0.0,0.0,24
1,[],4,[],2019-06-28 10:13:17,26920917.905438,0.00000324,0.00000000038936538,7774789,2019-06-28 10:13:17,btc,7.7318211501447385,0.0,0.00000324,btc,207941.86132465,0.11373163,0.3277612972198557,26
1,[],10,[],2019-06-28 10:13:19,129921.43684133,0.00000451,0.0000000005419869950000001,7774790,2019-06-28 10:13:19,btc,25.131588846278262,4398.99405126,0.00000451,btc,19877.81222087,0.0,0.0480850041698935,26
0,[],2,[],2019-01-20 23:25:56,0.0,0,0,6476976,2019-01-20 23:25:56,,0.0,0.0,0,,0.0,0.0,0.0,26
1,[],5,[],2019-04-26 09:47:06,0.0,0,0,7465326,2019-04-26 09:47:06,btc,0.0,0.0,0,btc,0.0,0.0,0.0,27
1,[],3,[],2019-06-17 14:30:26,13571825.64059417,0.00000001,0.00000000000092914,7740112,2019-06-17 14:30:26,btc,3.485049956644059,4264730.43754,0.00000001,btc,23500048.28518193,0.0,0.1357182564059417,27
1,[],11,[],2019-06-17 14:30:28,2031833.58157834,0.00000001,0.00000000000092914,7740113,2019-06-17 14:30:28,btc,67502.92060589766,32677.9652116,0.00000001,btc,6487362.95640949,0.0,0.0203183358157834,27
1,[],4,[],2019-06-28 10:13:20,426593218.9076104,0.00000001,0.0000000000012017450000000001,7774791,2019-06-28 10:13:20,btc,10.580365810025652,0.0,0.00000001,"btc,ltc",676844938.2661768,0.27949385,0.0957788430096479,29
1,[],7,[],2019-06-28 10:13:21,6112538.30628903,0.00000001,0.0000000000012017450000000001,7774792,2019-06-28 10:13:21,btc,46548272.4047432,22638.3260785,0.00000001,btc,46117389.45366851,0.00026834,0.0611253830628903,29
1,[],4,[],2019-06-28 10:13:22,15746245.19040204,0.00000004,0.0000000000048069800000000006,7774793,2019-06-28 10:13:22,btc,2.5761836567667915,0.0,0.00000004,btc,2271461.54845355,0.0,0.1719683204267238,30
0,[],17,[],2019-05-03 01:11:25,0.0,0,0,7559066,2019-05-03 01:11:25,btc,0.0,0.0,0,btc,0.0,0.0,0.0,30
1,[],4,[],2019-06-28 10:15:23,218694.56578008,0.00002785,0.000000003346859825,7774794,2019-06-28 10:15:23,btc,3.6391671401133383,0.0,0.00002785,btc,56177.311787,0.36903649,0.3055842223565054,31
1,[],21,[],2019-06-28 10:15:23,721793.50583753,0.00002964999999999999902885843006,0.0000000035631739250000002,7774795,2019-06-28 10:15:23,btc,5.0053727791614255,109113.03013604,0.00002964999999999999902885843006128396837084437720477581024169921875,btc,125966.32525138,3.21547372,2.901345320221642,31
0,[],2,[],2019-01-20 23:28:43,0.0,0,0,6477009,2019-01-20 23:28:43,,0.0,0.0,0,,0.0,0.0,0.0,32
0,[],4,[],2019-06-28 10:15:25,0.0,0,0,7774796,2019-06-28 10:15:25,,0.0,0.0,0,,0.0,0.0,0.0,33
1,[],12,[],2019-03-30 07:55:10,40641173.964,0.00000003,0.000000000001228359,7108785,2019-03-30 07:55:10,btc,4233210.82356125,0.0,0.00000003,btc,28378394.68333462,0.0126927883965248,0.90752895892,33
0.00000000009848390000000001,[],4,[],2019-06-28 10:15:27,150573753.2014589,5.4166145000000004e-17,6.509389392302501e-21,7774797,2019-06-28 10:15:27,ltc,4.523081336662469,0.0,0.00000055,ltc,165545716.677379,0.00077867,7.054418825087156e-10,34
1,[],5,[],2019-06-28 10:15:28,0.0,0,0,7774798,2019-06-28 10:15:28,btc,0.0,0.00018496,0,btc,0.0,0.0,0.0,34
0.0000000002926451,[],17,[],2019-05-02 18:17:47,200000.0,2.9264510000000002e-18,1.596703856561e-22,7556430,2019-05-02 18:17:47,eth,0.20942468735267253,0.0,0.00000001,"btc,eth",1018272.20243647,0.0,5.852902e-13,36
0.0000000001311821,[],4,[],2019-05-31 13:28:19,2417517744.0607657,1.311821e-18,1.105058333085e-22,7717483,2019-05-31 13:28:19,ltc,5.019900492391546e-08,0.0,0.00000001,ltc,7102398142.262129,0.0,3.171350544531538e-09,36
1,[],5,[],2019-05-31 13:28:21,0.0,0,0,7717484,2019-05-31 13:28:21,btc,0.0,0.0,0,btc,0.0,0.0,0.0,36
0.0000000003108179,[],27,[],2019-05-31 13:30:34,10388811.226876,6.216358000000001e-18,5.236566733830001e-22,7717485,2019-05-31 13:30:34,eth,1569.8708019850988,761866.634299,0.00000002,"ltc,eth",5084024.2511555,4.736034912207001e-12,3.3251980286483705e-11,36
1,[],4,[],2019-06-25 10:05:55,10747826.61931615,0.00000014,0.000000000015920562,7762320,2019-06-25 10:05:55,btc,19773.05513423956,0.0,0.00000014,btc,682946.14349671,0.0006293,0.1362851255028938,37
1,[],12,[],2019-06-25 10:05:57,4167862.54235103,0.00000013,0.000000000014783379,7762321,2019-06-25 10:05:57,btc,7.381091518261743,0.0,0.00000013,btc,1713444.53926904,0.016313049979,0.1478110147956336,37
1,[],27,[],2019-06-25 10:08:02,10970.0,0.00000019,0.000000000021606477,7762322,2019-06-25 10:08:02,btc,22.62970013895233,0.0,0.00000019,btc,4298.824295,0.0,0.00167419,37
1,[],17,[],2019-05-03 01:11:36,211752.74075282,0.00000025,0.000000000013700074999999998,7559074,2019-05-03 01:11:36,btc,0.055484923955058496,0.0,0.00000025,"btc,eth",1387.19918473,0.0,0.0005381851887916605,37
1,[],5,[],2019-06-28 10:15:30,0.0,0,0,7774799,2019-06-28 10:15:30,btc,0.0,0.20590607,0,btc,0.0,0.0,0.0,42
1,[],12,[],2019-06-28 10:15:31,2024041.1850466,0.000001399999999999999936647356556240762159859514213167130947113037109375,0.0000000001682443,7774800,2019-06-28 10:15:31,btc,524.5617368363295,0.0,0.000001399999999999999936647356556240762159859514213167130947113037109375,btc,140252.01717672,0.078940400325,0.0608543999999468,42
1,[],27,[],2019-06-28 10:15:39,683.0,0.00000140,0.0000000001682443,7774801,2019-06-28 10:15:39,btc,0.07600425,0.0,0.00000140,"btc,eth",18.0,0.0,0.0005422,42
1,[],12,[],2019-03-13 09:13:29,1112112.0,0.00000001,0.000000000000386531,6919902,2019-03-13 09:13:29,btc,29058.00478931866,0.0,0.00000001,btc,5967681.93306694,9.99000999e-07,0.01112112,43
1,[],5,[],2019-04-26 22:38:52,0.0,0,0,7474154,2019-04-26 22:38:52,btc,0.0,0.02638891,0,btc,0.0,0.0,0.0,43
0,[],17,[],2019-04-26 22:38:53,0.0,0,0,7474155,2019-04-26 22:38:53,btc,0.0,0.0,0,btc,0.0,0.0,0.0,43
1,[],12,[],2019-03-05 01:54:08,639326.02,0.00000004,0.000000000001486676,6845775,2019-03-05 01:54:08,btc,11116042.728239931,0.0,0.00000004,btc,1103841.4595604,0.0003330765234764,0.014975410599999999,44
0.00000000009848390000000001,[],4,[],2019-06-28 10:15:40,109630074.98253629,4.2348077000000004e-17,5.089158979436501e-21,7774802,2019-06-28 10:15:40,ltc,2762.213468420762,0.0,0.00000043,ltc,26829433.82532352,0.00066187,4.4541128649910496e-10,49
0.00000000009848390000000001,[],4,[],2019-06-28 10:15:41,318063839.28515255,1.9696780000000002e-17,2.36705068811e-21,7774803,2019-06-28 10:15:41,ltc,28232.106432968198,0.0,0.0000002,ltc,195956744.31908157,0.0,1.8221313645403574e-09,52
0,[],22,[],2019-06-27 15:51:08,0.0,0,0,7771544,2019-06-27 15:51:08,,10289.80784133,0.0,0,,287058287.4566013,0.0,0.0,57
0,[],27,[],2019-06-27 15:51:16,0.0,0,0,7771545,2019-06-27 15:51:16,,0.0,0.0,0,"btc,eth",0.0,0.0,0.0,57
0,[],4,[],2019-06-28 10:15:42,0.0,0,0,7774804,2019-06-28 10:15:42,,19.71936141994097,0.0,0,,6085129995.992692,0.0,0.0,58
0,[],12,[],2019-06-28 10:15:44,0.0,0,0,7774805,2019-06-28 10:15:44,btc,54048057.08772097,0.0,0,btc,3417324918.360596,0.00011224735,0.0,58
0.00000000008288870000000001,[],22,[],2019-06-28 10:17:47,126877.0,8.288870000000001e-19,9.961108078150001e-23,7774806,2019-06-28 10:17:47,XMR,68.17454206,0.0,0.00000001,XMR,9626402.6,0.0,0.00126877,58
1,[],17,[],2019-05-03 01:12:09,1200000.0,0.0000000001,0.00000000000000548003,7559085,2019-05-03 01:12:09,btc,1e+24,0.0,0.0000000001,"btc,eth",39516342.31952568,0.0,0.00010000000058666061,58
1,[],5,[],2019-06-17 14:31:27,0.0,0,0,7740135,2019-06-17 14:31:27,btc,0.0,0.00079154,0,btc,0.0,0.0,0.0,61
1,[],22,[],2019-06-17 14:31:30,13612.833333333334,0.00000012,0.00000000001114968,7740136,2019-06-17 14:31:30,BTC,1002.29123003,0.0,0.00000012,BTC,15014.200177125656,0.0,0.00153257,61
1,[],26,[],2019-06-17 14:31:30,0.0,0.00000050,0.000000000046457,7740137,2019-06-17 14:31:30,btc,0.0,0.0,0.00000050,btc,0.0,0.0,0.0,61
1,[],27,[],2019-06-17 14:31:36,8400.0,0.00000018,0.00000000001672452,7740138,2019-06-17 14:31:36,btc,1.9742539297246655,0.0,0.00000018,"btc,eth",10953.51663696,0.0,0.001512,61
0,[],28,[],2019-06-17 14:31:38,0.0,0,0,7740139,2019-06-17 14:31:38,,0.0,0.0,0,,0.0,0.0,0.0,61
1,[],4,[],2019-06-28 10:17:48,315027.6628932,0.00000067,0.000000000080516915,7774807,2019-06-28 10:17:48,btc,3.490576435537043,0.0,0.00000067,btc,1308246.50976974,0.06050536,0.1496800726096293,67
0.0,[],25,[],2019-06-28 10:17:50,0.0,0,0,7774808,2019-06-28 10:17:50,,0.0,0.0,0.0,btc,0.0,0.0,0.0,67
1,[],12,[],2019-06-02 06:23:14,910048.355,0.00000006,0.000000000005154929999999999,7725270,2019-06-02 06:23:14,btc,5.167005424215783,0.0,0.00000006,btc,738530.60239759,0.003159757462,0.0187188113,71
,[],5,[],2018-11-20 23:02:39,1.5e-07,0.00000005,0.000000000002128045,4862160,2018-11-20 23:02:39,btc,2.84511358,0.0,,btc,0.00036572,0.0,0.07381892,74
1,[],5,[],2019-06-28 10:17:52,0.0,0,0,7774809,2019-06-28 10:17:52,btc,0.0,0.00143959,0,btc,0.0,0.0,0.0,75
1,[],4,[],2019-06-04 03:25:15,715281.46076168,0.00000001,0.000000000000803619,7734085,2019-06-04 03:25:15,btc,581089.6218469425,0.0,0.00000001,btc,37692563.61091116,0.0,0.0071528146076168,81
0,[],20,[],2019-01-25 09:30:31,0.0,0,0,6495923,2019-01-25 09:30:31,btc,0.0,0.0,0,btc,0.0,0.0,0.0,81
1,[],4,[],2019-06-28 10:17:53,222010.39290214,0.00007017,0.000000008432644665,7774810,2019-06-28 10:17:53,btc,58.52994976753889,0.0,0.00007017,btc,120024.65856155,0.53622175,0.2016746903452323,82
1,[],21,[],2019-06-28 10:17:54,321256.95285657997,0.00007310000000000000145664730278,0.000000008784755950000001,7774811,2019-06-28 10:17:54,btc,4.488908009525416,85885.71089999,0.000073100000000000001456647302777724917177692987024784088134765625,btc,45357.74276961,5.48728103,3.2380814949801904,82
0,[],17,[],2019-03-25 22:42:34,0.0,0,0,7038780,2019-03-25 22:42:34,btc,0.0445064681804024,0.0,0,btc,995513.18476001,0.0,0.0,84
0.0000000001161485,[],4,[],2019-05-20 13:09:39,216715621.0206096,1.161485e-18,9.0533806701e-23,7657228,2019-05-20 13:09:39,ltc,1.6511566870244727,0.0,0.00000001,ltc,471032407.9048656,0.0,2.5171194308112273e-10,85
,[],22,[],2018-11-20 23:09:34,3408.1,0.0000001,0.0000000000041895,4862324,2018-11-20 23:09:34,BTC,0.04624735,0.0,,BTC,4990.0,0.0,0.00033081,86
1,[],22,[],2019-06-26 09:07:19,62694.0,0.00000005,0.0000000000063518149999999994,7766682,2019-06-26 09:07:19,BTC,1.85249053,0.0,0.00000005,BTC,287024.94736842107,0.0003,0.00062846,87
1,[],27,[],2019-06-26 09:07:25,361781.0,0.0000002,0.000000000025407259999999998,7766683,2019-06-26 09:07:25,btc,19.86923154858,99950.0,0.0000002,btc,548343.482,0.01999,0.01237888,87
,[],2,[],2018-11-20 23:10:47,0.0,0,0,4862359,2018-11-20 23:10:47,,0.0,0.0,,,0.0,0.0,0.0,88
1,[],11,[],2019-06-17 14:31:59,193715.3529613,0.000073310000000000001140094962881477158589405007660388946533203125,0.00000000681152534,7740147,2019-06-17 14:31:59,btc,168.35454702024953,5791.70569014,0.000073310000000000001140094962881477158589405007660388946533203125,btc,196971.41170107,0.0,1.1996165759440112,89
0,[],2,[],2019-01-20 23:31:45,0.0,0,0,6477083,2019-01-20 23:31:45,,0.0,0.0,0,,0.0,0.0,0.0,91
1,[],12,[],2019-06-28 10:17:56,395671.91461536,0.00000026,0.000000000031245370000000005,7774812,2019-06-28 10:17:56,btc,122.14765549825695,0.0,0.00000026,btc,292630.68259661,0.000461238761,0.0253584629538398,91
1,[],22,[],2019-06-28 10:20:00,75900.0,0.00000001,0.0000000000012017450000000001,7774813,2019-06-28 10:20:00,BTC,0.495,0.0,0.00000001,"BTC,LTC",4.95,0.0,0.001659,91
0,[],17,[],2019-05-03 01:12:26,0.0,0,0,7559096,2019-05-03 01:12:26,btc,0.0,0.0,0,btc,0.0,0.0,0.0,91
1,[],22,[],2019-06-28 10:20:08,94060.0,0.00000002,0.0000000000024034900000000003,7774814,2019-06-28 10:20:08,BTC,11.44403514,0.0,0.00000002,"BTC,LTC",313351.4683191416,0.000344970000001427,0.0662712,95
0.00000000009848390000000001,[],4,[],2019-06-28 10:20:09,538374741.5344123,4.1363238e-17,4.970806445031001e-21,7774815,2019-06-28 10:20:09,ltc,10.916653352152254,0.0,0.00000042,ltc,154081584.10275516,0.0,6.766696019984709e-10,96
0,[],12,[],2019-06-28 10:20:10,0.0,0,0,7774816,2019-06-28 10:20:10,btc,36.789572884485516,0.0,0,btc,9956082.448551439,0.0,0.0,96
0,[],17,[],2019-05-03 01:12:32,0.0,0,0,7559100,2019-05-03 01:12:32,btc,0.0,0.0,0,btc,0.0,0.0,0.0,96
1,[],4,[],2019-04-14 03:32:46,1039404.33283278,0.00000038,0.000000000019245518,7293458,2019-04-14 03:32:46,btc,4.170086055365747,0.0,0.00000038,btc,3097704.34561074,0.06260606,0.1859928211030784,99
1,[],4,[],2019-06-28 10:22:11,208477.88568738,0.00001263,0.0000000015178039350000001,7774817,2019-06-28 10:22:11,btc,7.761274835701215,0.0,0.00001263,btc,173806.41066746,0.60528303,0.6139940629743926,100
0,[],2,[],2019-01-20 23:23:55,0.0,0,0,6476914,2019-01-20 23:23:55,,0.0,0.0,0,,0.0,0.0,0.0,100
1,[],22,[],2019-06-05 06:30:35,150000.0,0.00000002,0.000000000001558192,7740007,2019-06-05 06:30:35,BTC,28.56386409,0.0,0.00000002,BTC,12787.719,0.0,0.0017,101
1,[],4,[],2019-06-28 10:22:13,450819.23124926,0.00000153,0.00000000018386698500000002,7774818,2019-06-28 10:22:13,btc,882.6201510381895,0.0,0.00000153,btc,747728.01044236,0.00100805,0.0776813748610766,103
1,[],12,[],2019-06-17 14:32:14,179201505.10870332,0.000000005,0.00000000000046457,7740154,2019-06-17 14:32:14,btc,113577.79366343976,0.0,0.000000005,btc,79148141.67831126,0.019059029059,0.27280986350611003,105
1,[],27,[],2019-06-17 14:32:19,18306828.03496503,0.00000002,0.00000000000185828,7740155,2019-06-17 14:32:19,btc,180.7198218385489,1083.96503497,0.00000002,btc,276513.60142659,7.588e-05,0.3661365606993006,105
1,[],22,[],2019-04-21 00:17:26,21333.0,0.00000001,0.000000000000532493,7385819,2019-04-21 00:17:26,BTC,51.38182867,0.0,0.00000001,BTC,470435.0,0.0,0.00021333,107
1,[],26,[],2019-04-21 00:17:26,0.0,0.00000000,0,7385820,2019-04-21 00:17:26,btc,0.0,0.0,0.00000000,btc,0.0,0.0,0.0,107
1,[],5,[],2019-06-28 10:22:15,0.0,0,0,7774819,2019-06-28 10:22:15,btc,0.0,0.0,0,btc,0.0,0.0,0.0,112
0,[],22,[],2019-06-28 10:22:18,0.0,0,0,7774820,2019-06-28 10:22:18,,6.79500102,0.0,0,,3375892.0833333335,0.0,0.0,112
1,[],27,[],2019-06-28 10:22:25,1.0,0.00000001,0.0000000000012017450000000001,7774821,2019-06-28 10:22:25,btc,0.0,0.0,0.00000001,"btc,eth",0.0,0.0,1e-08,112
1,[],4,[],2019-06-28 10:22:26,992576.30458234,0.00000043,0.000000000051675035000000006,7774822,2019-06-28 10:22:26,btc,6.3863516134440586,0.0,0.00000043,btc,999667.28749391,0.02506203,0.1227104527065522,113
1,[],5,[],2019-06-28 10:22:27,0.0,0,0,7774823,2019-06-28 10:22:27,btc,0.0,6e-07,0,btc,0.0,0.0,0.0,113
1,[],17,[],2019-04-26 02:17:47,162738.278,0.00000004,0.0000000000021069000000000002,7461287,2019-04-26 02:17:47,btc,1.3331140273775473,0.0,0.00000004,btc,51796.221,0.0,0.00230953112,116
1,[],27,[],2019-05-22 05:13:01,210000.0,0.00000001,0.00000000000079145,7666372,2019-05-22 05:13:01,btc,3919.0005001478,0.0,0.00000001,btc,128660.871,0.0,0.0021,116
1,[],4,[],2019-05-21 22:31:11,138169.03963019,0.00000701,0.000000000558364025,7664793,2019-05-21 22:31:11,btc,150.95388250938234,0.0,0.00000701,btc,344631.17141974,0.07552974,0.4288357684941946,120
1,[],7,[],2019-05-21 22:31:12,3901.07750076,0.000010679999999999999389654892212320191902108490467071533203125,0.0000000008506887,7664794,2019-05-21 22:31:12,btc,231188.94669936574,0.0,0.000010679999999999999389654892212320191902108490467071533203125,btc,4133.83151364,0.0,0.0113888422364489,120
1,[],20,[],2019-04-07 18:42:29,1914137.0852,0.000000035,0.0000000000017871910000000002,7211992,2019-04-07 18:42:29,btc,32.2497668025648,25528.85,0.000000035,btc,1001975.4986,0.00089350975,0.0152723574729,125
1,[],22,[],2019-06-17 14:32:38,10000.0,0.00000001,0.00000000000092914,7740161,2019-06-17 14:32:38,BTC,0.032061,0.0,0.00000001,BTC,299316.7611111111,0.0,0.0001,126
1,[],4,[],2019-06-28 10:22:28,900716.91706263,0.00000302,0.00000000036292699000000004,7774824,2019-06-28 10:22:28,btc,2.4034636957540134,0.0,0.00000302,btc,173658.65278424,0.05089444,0.5563245370645497,131
0,[],2,[],2019-01-20 23:25:46,0.0,0,0,6476969,2019-01-20 23:25:46,,0.0,0.0,0,,0.0,0.0,0.0,131
1,[],17,[],2019-05-03 01:13:10,10000.0,0.00000001,0.000000000000548003,7559115,2019-05-03 01:13:10,btc,0.0953976503951408,0.0,0.00000001,btc,5037.62507334,0.0,0.0001,131
1,[],4,[],2019-06-17 14:32:42,4848.49465417,0.00007919,0.00000000735785966,7740163,2019-06-17 14:32:42,btc,0.9905723729472744,0.0,0.00007919,btc,202.13055914,0.0,0.0061509344290166,135
1,[],3,[],2019-06-05 06:33:11,40600.27748212,0.00000001,0.000000000000779096,7740019,2019-06-05 06:33:11,btc,0.2308097808993716,2146378.52189,0.00000001,btc,2477992.76904676,0.0,0.0004060027748212,136
1,[],4,[],2019-06-28 10:24:30,188312.81319779,0.00000164,0.00000000019708618,7774825,2019-06-28 10:24:30,btc,112.50073703939705,0.0,0.00000164,btc,501327.76314894,0.12048494,0.2118325425367331,137
1,[],12,[],2019-06-28 10:24:31,62834.31554571,0.00000141999999999999995691814247411599581027985550463199615478515625,0.00000000017064779,7774826,2019-06-28 10:24:31,btc,80.24061771556397,0.0,0.00000141999999999999995691814247411599581027985550463199615478515625,btc,82608.19175735,0.001223454585,0.0094351099999016,137
1,[],4,[],2019-06-28 10:24:32,411989.8312243,0.00001081,0.000000001299086345,7774827,2019-06-28 10:24:32,btc,5.884615398480218,0.0,0.00001081,btc,167824.91805533,0.1111442,0.2429013483231931,142
1,[],5,[],2019-06-28 10:24:33,0.0,0,0,7774828,2019-06-28 10:24:33,btc,0.0,0.02636385,0,btc,0.0,0.0,0.0,142
1,[],22,[],2019-06-28 10:26:39,10820.0,0.00000600,0.0000000007210470000000001,7774829,2019-06-28 10:26:39,BTC,2.99759384,0.0,0.00000600,BTC,835.7198755539798,0.0,0.0053672,142
0.0,[],25,[],2019-06-28 10:26:41,0.0,0,0,7774830,2019-06-28 10:26:41,,0.0,0.0,0.0,btc,0.0,0.0,0.0,142
0,[],28,[],2019-06-28 10:26:44,0.0,0,0,7774831,2019-06-28 10:26:44,,0.0,0.0,0,,0.0,0.0,0.0,142
1,[],20,[],2019-06-28 09:01:38,275305.5409,0.000010123,0.0000000011702370214000001,7774602,2019-06-28 09:01:38,btc,1.6095778789028,12.0316,0.000010123,btc,10035.3533,0.0001219162028,0.0068622779247,142
1,[],17,[],2019-05-03 01:13:16,32967.38636364,0.00000088,0.000000000048224264,7559122,2019-05-03 01:13:16,btc,20.06976206696776,0.0,0.00000088,btc,2746.079105,0.0,0.0105613000000032,142
0,[],22,[],2019-06-28 10:26:47,0.0,0,0,7774832,2019-06-28 10:26:47,,1635.49920992,0.0,0,,707007055.1744589,0.0,0.0,143
0,[],22,[],2019-02-25 15:42:22,0.0,0,0,6783783,2019-02-25 15:42:22,,4.2131946,0.0,0,,2322156.0,0.0,0.0,146
,[],22,[],2018-11-20 23:01:11,0.0,0,0,4862114,2018-11-20 23:01:11,,2.56807021,0.0,,,61828.4988236,0.0,0.0,147
1,[],12,[],2019-04-21 06:38:04,193091.5971266,0.00000071,0.000000000037635183,7388679,2019-04-21 06:38:04,btc,2.301232411611175,0.0,0.00000071,btc,9957.48302385,0.00023528,0.0313308199999888,148
1,[],4,[],2019-03-19 21:31:25,255810.0415942,0.00000029,0.000000000011615747,6982695,2019-03-19 21:31:25,btc,218.94922712414143,0.0,0.00000029,btc,793529.37642722,0.00117,0.0608347789473395,152
0,[],22,[],2019-03-19 21:31:27,0.0,0,0,6982696,2019-03-19 21:31:27,,0.0,0.0,0,,0.0,0.0,0.0,152
1,[],5,[],2019-04-26 09:36:59,0.0,0,0,7465040,2019-04-26 09:36:59,btc,0.0,0.0,0,btc,0.0,0.0,0.0,153
,[],16,[],2019-01-11 15:38:59,0.0,0,0,6366141,2019-01-11 15:38:59,btc,0.0,0.0,,btc,0.0,0.0,0.0,155
0,[],23,[],2019-01-20 23:24:29,0.0,0,0,6476932,2019-01-20 23:24:29,,0.0,0.0,0,,0.0,0.0,0.0,156
0,[],22,[],2019-06-04 06:02:09,0.0,0,0,7734688,2019-06-04 06:02:09,,7.43375324,0.0,0,,5955762.942592593,0.0,0.0,156
1,[],22,[],2019-06-28 10:26:51,6996.0,0.00000001,0.0000000000012017450000000001,7774833,2019-06-28 10:26:51,BTC,1.7543039,0.0,0.00000001,BTC,57.0,0.0,6.996e-05,157
0,[],22,[],2019-05-21 23:40:32,0.0,0,0,7665049,2019-05-21 23:40:32,,50234.60468402,0.0,0,,54786159.03179465,0.0,0.0,158
,[],17,[],2018-11-20 22:56:10,0.0,0,0,4861976,2018-11-20 22:56:10,btc,1.1265625,0.0,,btc,1000.0,0.0,0.0,159
,[],20,[],2018-11-20 22:56:12,0.0,0,0,4861977,2018-11-20 22:56:12,btc,11912.7940471,0.0,,btc,34413894.3617,0.0,0.0,159
1,[],12,[],2019-05-24 02:51:20,9178.522006449999,0.00000191999999999999982841307998027158276954651228152215480804443359375,0.000000000151222656,7676256,2019-05-24 02:51:20,btc,149.80414728631675,0.0,0.00000191999999999999982841307998027158276954651228152215480804443359375,btc,1115.7451448499999,0.01783167678326,0.0120075778999181,168
1,[],17,[],2019-05-03 01:13:36,42852.0,0.00000002,0.000000000001096006,7559132,2019-05-03 01:13:36,btc,0.04279856251542,0.0,0.00000002,btc,274.46171372,0.0,0.00052852,168
1,[],22,[],2019-05-17 03:01:52,10.0,0.00000001,0.000000000000778341,7642059,2019-05-17 03:01:52,BTC,41.95893009,0.0,0.00000001,BTC,1753972.7737547632,0.0,1e-07,169
1,[],22,[],2019-05-30 08:38:18,202834.0,0.00000002,0.0000000000017416160000000001,7711049,2019-05-30 08:38:18,BTC,27.87002826,0.0,0.00000002,BTC,462189.5410507793,0.0,0.00211768,171
1,[],22,[],2019-05-29 08:05:18,349870.0,0.00000002,0.000000000001705894,7705265,2019-05-29 08:05:18,BTC,24.05907723,0.0,0.00000002,"BTC,LTC",1224285.4355616204,0.0,0.0039847,173
1,[],5,[],2019-06-28 10:26:52,0.0,0,0,7774834,2019-06-28 10:26:52,btc,0.0,0.00312827,0,btc,0.0,0.0,0.0,175
1,[],22,[],2019-06-17 14:33:12,90671.0,0.00000001,0.00000000000092914,7740175,2019-06-17 14:33:12,BTC,394.35459412,0.0,0.00000001,BTC,136275.61833431243,0.0,0.00090671,176
1,[],7,[],2019-06-28 10:26:55,0.0,0,0,7774835,2019-06-28 10:26:55,btc,521516.243407432,0.0,0,btc,27713522.85351229,0.0,0.0,178
0,[],22,[],2019-06-28 10:26:57,0.0,0,0,7774836,2019-06-28 10:26:57,,1.00242428,0.0,0,,57512.0,0.0,0.0,178
0,[],2,[],2019-01-20 23:28:34,0.0,0,0,6477001,2019-01-20 23:28:34,,0.0,0.0,0,,0.0,0.0,0.0,178
1,[],5,[],2019-06-28 10:26:59,0.0,0,0,7774837,2019-06-28 10:26:59,btc,0.0,0.0,0,btc,0.0,0.0,0.0,179
0,[],22,[],2019-06-28 10:27:02,0.0,0,0,7774838,2019-06-28 10:27:02,,9.36129427,0.0,0,,14660379.311946675,0.0,0.0,179
0,[],23,[],2019-01-20 23:25:08,0.0,0,0,6476952,2019-01-20 23:25:08,,0.0,0.0,0,,0.0,0.0,0.0,179
1,[],22,[],2019-06-28 10:29:08,695219.0863636363,0.0000004,0.0000000000480698,7774839,2019-06-28 10:29:08,BTC,40.60381921,0.0,0.0000004,"BTC,LTC",158080.44444646587,0.00267995,0.56509111,180
1,[],26,[],2019-06-28 10:29:08,0.0,0.00000010,0.00000000001201745,7774840,2019-06-28 10:29:08,btc,0.0,0.0,0.00000010,btc,0.0,0.0,0.0,180
1,[],17,[],2019-05-03 01:13:56,20504.725000000002,0.0000001,0.00000000000548003,7559141,2019-05-03 01:13:56,btc,5.2010695838400265,0.0,0.0000001,btc,5033.45945,0.0,0.0011504725,180
,[],7,[],2018-11-20 22:58:01,562227.975654,0.00000085,0.000000000036176765,4862015,2018-11-20 22:58:01,btc,21836.6059674,2491.87645172,,btc,749999.041456,0.00211021,0.127565380455,183
,[],5,[],2019-01-10 08:11:41,0.0,0,0,6347036,2019-01-10 08:11:41,btc,82.15055501,0.00261,,btc,1.19002445,0.0,0.0,187
,[],17,[],2018-11-16 20:58:10,4062536.27273,0.00000001,0.000000000000550501,4708775,2018-11-16 20:58:10,btc,3.36492563466,0.195460381006,,"btc,eth",110697919.549,0.0,0.0157628953496,187
1,[],24,[],2019-05-22 21:04:52,0.0,0.000000000014,0.0000000000000010960978,7670219,2019-05-22 21:04:52,btc,0.0,0.0,0.000000000014,btc,0.0,0.0,0.0,187
0,[],22,[],2019-04-25 02:54:07,0.0,0,0,7447896,2019-04-25 02:54:07,,7.54794454,0.0,0,,76361.7243344055,0.0,0.0,191
0,[],22,[],2019-06-17 14:33:34,0.0,0,0,7740182,2019-06-17 14:33:34,,0.0,0.0,0,,0.0,0.0,0.0,197
0,[],23,[],2019-01-20 23:31:41,0.0,0,0,6477079,2019-01-20 23:31:41,,0.0,0.0,0,,0.0,0.0,0.0,199
0,[],22,[],2019-06-28 08:39:55,0.0,0,0,7774500,2019-06-28 08:39:55,,10.58263174,0.0,0,,84280969.0,0.0,0.0,199
1,[],26,[],2019-06-28 08:39:55,0.0,0.00000000,0,7774501,2019-06-28 08:39:55,btc,0.0,0.0,0.00000000,btc,0.0,0.0,0.0,199
0,[],2,[],2019-01-20 23:30:49,0.0,0,0,6477059,2019-01-20 23:30:49,,0.0,0.0,0,,0.0,0.0,0.0,201
1,[],4,[],2019-01-25 15:51:35,2084389.58565343,0.00000936,0.000000000333526752,6499557,2019-01-25 15:51:35,btc,2.0092503037378524,0.0,0.00000936,btc,160195.80207885,0.19272417,1.242687955921835,211
1,[],7,[],2019-06-28 10:29:10,1170054124.6898527,0.00000018,0.00000000002163141,7774841,2019-06-28 10:29:10,btc,1346736.4017957556,0.0,0.00000018,btc,5660791.41084385,0.0,11.954344045954047,212
1,[],12,[],2019-01-25 02:44:32,207462.42853209,0.000001080000000000000035831255497387193287295303889550268650054931640625,0.000000000038610756000000006,6493050,2019-01-25 02:44:32,btc,85023.03793723314,0.0,0.000001080000000000000035831255497387193287295303889550268650054931640625,btc,43675.73520027,0.000146250909087,0.0348620860622024,213
1,[],5,[],2019-05-30 00:07:46,0.0,0,0,7709357,2019-05-30 00:07:46,btc,0.0,0.06425239,0,btc,0.0,0.0,0.0,213
1,[],24,[],2019-05-30 00:07:46,0.0,0.000000399202,0.0000000000344859829346,7709358,2019-05-30 00:07:46,btc,0.0,0.0,0.000000399202,btc,0.0,0.0,0.0,213
1,[],26,[],2019-05-30 00:07:47,0.0,0.00000040,0.000000000034554919999999996,7709359,2019-05-30 00:07:47,btc,0.0,0.0,0.00000040,btc,0.0,0.0,0.0,213
0,[],22,[],2019-06-28 10:29:14,0.0,0,0,7774842,2019-06-28 10:29:14,,9.56923849,0.0,0,,3661587.2040649247,0.0,0.0,216
0,[],27,[],2019-06-28 10:29:20,0.0,0,0,7774843,2019-06-28 10:29:20,,1949.4811698191977,0.0,0,"btc,ltc",469700.29534794,0.0,0.0,216
1,[],22,[],2019-06-28 10:29:24,911696.5952380953,0.00000021,0.000000000025236645000000003,7774844,2019-06-28 10:29:24,BTC,12055.85403553,0.0,0.00000021,BTC,535309.7178421671,0.00389015,0.02985531,217
0,[],27,[],2019-06-28 10:29:31,0.0,0,0,7774845,2019-06-28 10:29:31,,250.21442758069674,0.0,0,btc,146772.535837,0.0,0.0,219
0,[],28,[],2019-06-28 10:29:32,0.0,0,0,7774846,2019-06-28 10:29:32,,0.0,0.0,0,,0.0,0.0,0.0,219
1,[],7,[],2019-06-27 19:02:35,0.0,0,0,7772298,2019-06-27 19:02:35,btc,2123800.2774640615,0.0,0,btc,82333746.4752352,0.0,0.0,219
0,[],22,[],2019-06-26 23:36:41,0.0,0,0,7769178,2019-06-26 23:36:41,,56.75439223,0.0,0,,184664.6482738741,0.0,0.0,221
1,[],24,[],2019-06-26 23:36:41,0.0,0.000000030000,0.000000000003835668,7769179,2019-06-26 23:36:41,btc,0.0,0.0,0.000000030000,btc,0.0,0.0,0.0,221
1,[],20,[],2019-06-17 14:34:11,26882155.8301,0.000000003,0.000000000000278742,7740192,2019-06-17 14:34:11,btc,100050.81956632523,233521.3529,0.000000003,btc,38769742.8604,0.0007925640587,0.0306863532672,224
0,[],22,[],2019-06-17 14:34:13,0.0,0,0,7740193,2019-06-17 14:34:13,,0.0,0.0,0,,0.0,0.0,0.0,224
1,[],26,[],2019-06-28 10:29:33,0.0,0.00000022,0.000000000026438390000000002,7774847,2019-06-28 10:29:33,btc,0.0,0.0,0.00000022,btc,0.0,0.0,0.0,231
1,[],26,[],2019-06-28 10:29:33,0.0,0.00000005,0.000000000006008725,7774848,2019-06-28 10:29:33,btc,0.0,0.0,0.00000005,btc,0.0,0.0,0.0,234
0.0000000002582089,[],27,[],2019-06-28 10:29:41,100.0,2.582089e-18,3.103012545305e-22,7774849,2019-06-28 10:29:41,eth,0.0,0.0,0.00000001,"btc,eth",0.0,0.0,2.582089e-16,234
1,[],4,[],2019-05-22 17:06:12,91780.56053785,0.00000078,0.000000000061977552,7669277,2019-05-22 17:06:12,btc,5.573372450018177,0.0,0.00000078,btc,729173.93529783,0.0,0.0307060663355679,236
1,[],24,[],2019-05-22 17:06:12,0.0,0.000000010000,0.000000000000794584,7669278,2019-05-22 17:06:12,btc,0.0,0.0,0.000000010000,btc,0.0,0.0,0.0,236
1,[],20,[],2019-06-28 09:28:55,122626878.1441,0.000000061,0.0000000000072262064,7774738,2019-06-28 09:28:55,btc,8172548.616092918,14767371.4859,0.000000061,btc,45382658.2105,0.9379847909561,0.6255066026201,237
1,[],5,[],2019-06-28 10:29:42,0.0,0,0,7774850,2019-06-28 10:29:42,btc,0.0,0.6344087,0,btc,0.0,0.0,0.0,237
1,[],22,[],2019-06-28 10:29:48,2084614.0,0.00000004,0.0000000000048069800000000006,7774851,2019-06-28 10:29:48,BTC,1.20112188,0.0,0.00000004,"BTC,LTC",14507.148717948718,0.0,0.02587451,237
1,[],4,[],2019-06-28 10:29:49,32172663.14394344,0.00000006,0.000000000007210470000000001,7774852,2019-06-28 10:29:49,btc,2.5121051580902307,0.0,0.00000006,btc,10781789.43319517,0.06733251,0.5959659870959235,238
1,[],5,[],2019-06-28 10:29:50,0.0,0,0,7774853,2019-06-28 10:29:50,btc,0.0,0.0075967,0,btc,0.0,0.0,0.0,238
0,[],22,[],2019-03-12 16:49:32,0.0,0,0,6914458,2019-03-12 16:49:32,,0.40415746,0.0,0,,526736.5639027493,0.0,0.0,249
0,[],22,[],2019-05-28 23:53:45,0.0,0,0,7703643,2019-05-28 23:53:45,,13.44714864,0.0,0,,43777534.3426455,0.0,0.0,252
0,[],28,[],2019-06-28 10:29:53,0.0,0,0,7774854,2019-06-28 10:29:53,,0.0,0.0,0,,0.0,0.0,0.0,256
1,[],22,[],2019-06-28 10:29:57,528824.0,0.00000001,0.0000000000012017450000000001,7774855,2019-06-28 10:29:57,BTC,31471.48541794,0.0,0.00000001,"BTC,LTC",1165516.0289488921,8.108e-05,0.00768824,258
1,[],22,[],2019-05-19 18:12:02,400.0,0.00000001,0.0000000000007957800000000001,7653905,2019-05-19 18:12:02,BTC,2.415167,0.0,0.00000001,BTC,157.0,0.0,4e-06,259
1,[],5,[],2019-06-28 10:29:58,0.0,0,0,7774856,2019-06-28 10:29:58,btc,0.0,0.0330689,0,btc,0.0,0.0,0.0,264
1,[],20,[],2019-06-28 10:30:00,934928.0099,0.000000175,0.0000000000210305375,7774857,2019-06-28 10:30:00,btc,1.0495689509446,29453.6953,0.000000175,btc,33683.5225,0.011505126965,0.0055770801243,264
0,[],22,[],2019-04-12 17:57:27,0.0,0,0,7278186,2019-04-12 17:57:27,,66.37522201,0.0,0,,677842.4169881374,0.0,0.0,271
0,[],22,[],2019-06-28 10:30:06,0.0,0,0,7774858,2019-06-28 10:30:06,,33050469.74148113,0.0,0,,14261527780.7,0.0,0.0,272
0,[],28,[],2019-06-28 10:30:07,0.0,0,0,7774859,2019-06-28 10:30:07,,0.0,0.0,0,,0.0,0.0,0.0,272
1,[],22,[],2019-05-23 07:12:29,219930.0,0.00000004,0.000000000003048688,7671985,2019-05-23 07:12:29,BTC,426.77835217,0.0,0.00000004,BTC,248664.3325962929,0.0,0.00739728,281
0.00000000009848390000000001,[],22,[],2019-06-28 10:30:11,3366.1,9.84839e-17,1.1835253440550001e-20,7774860,2019-06-28 10:30:11,LTC,4.68641573,0.0,0.00000100,LTC,1124568.7657646376,1.157185825e-13,0.0033661,286
0,[],22,[],2019-06-17 14:34:53,0.0,0,0,7740207,2019-06-17 14:34:53,,7337915.80475575,0.0,0,,2078527309.6797826,0.0,0.0,294
