pairValue,buyBook,exchangeId,sellBook,updated,buyTotal,satoshiPrice,usdPrice,exchangeLogId,created,bestPair,sellTotalBtc,volume,pairPrice,activePairs,sellTotal,volumeBtc,buyTotalBtc,coinId
1,[],3,[],2019-02-28 05:27:12,30528.178538154883,0.01248984000000000031682656498333017225377261638641357421875,0.0000004781847652560001,6808619,2019-02-28 05:27:12,btc,61.11854505996106,0.0,0.01248984000000000031682656498333017225377261638641357421875,btc,25.799566706079002,0.0,0.15578065897559812,1
1,[],4,[],2019-02-28 05:27:13,303079.99927596,0.01267756,0.000000485371794404,6808620,2019-02-28 05:27:13,btc,9.162301126819319,0.0,0.01267756,btc,259.35077557,0.60121094,2.7098320291161313,1
1,[],5,[],2019-02-28 05:27:16,0.0,0,0,6808621,2019-02-28 05:27:16,btc,0.0,0.03140585,0,btc,0.0,0.0,0.0,1
1,[],10,[],2019-02-28 05:27:18,414609.90898774,0.01073723,0.00000041108451405700004,6808622,2019-02-28 05:27:18,btc,6521.007304539602,1258.28505527,0.01073723,btc,993.10743114,0.0,5.27527992738866,1
1,[],12,[],2019-02-28 05:27:21,10422.8152652,0.01256999999999999957644991610550277982838451862335205078125,0.000000481253763,6808623,2019-02-28 05:27:21,btc,0.5237030202801,0.0,0.01256999999999999957644991610550277982838451862335205078125,btc,32.10268451,0.289124963845,0.1781720088787,1
1,[],20,[],2019-02-28 05:27:23,1149.9854,0.01051,0.000000402384809,6808624,2019-02-28 05:27:23,btc,0.0662082325693,0.0878,0.01051,btc,3.0133,0.00097879,0.0869079356215,1
1,[],21,[],2019-02-28 05:27:24,1869.84756763,0.01261341000000000024672264232,0.0000004829157539190001,6808625,2019-02-28 05:27:24,btc,18.722589993094935,2221.03195324,0.01261341000000000024672264231639928766526281833648681640625,"btc,eth",1775.59155211,24.711847214326383,21.285674153106044,1
1,[],22,[],2019-02-28 05:27:28,0.006382215384615385,0.01300000,0.0000004977167,6808626,2019-02-28 05:27:28,BTC,0.31423927,0.0,0.01300000,BTC,0.11751954901960784,0.00012994,7.978e-05,1
1,[],24,[],2019-02-28 05:27:29,0.0,0.000000000000,0,6808627,2019-02-28 05:27:29,btc,0.0,0.0,0.000000000000,btc,0.0,0.0,0.0,1
0.0,[],25,[],2019-02-28 05:27:30,0.0,0,0,6808628,2019-02-28 05:27:30,btc,27.878699997711863,3879.09590132,0.0,btc,2163.29159095,50.0185,0.0,1
1,[],26,[],2019-02-28 05:27:31,0.0,0,0,6808629,2019-02-28 05:27:31,,0.0,0.0,0,,0.0,0.0,0.0,1
1,[],28,[],2019-02-28 05:27:33,993.142,0.01323000,0.000000506522457,6808630,2019-02-28 05:27:33,btc,0.162839806,2285.45,0.01323000,btc,8.9,0.0,0.089302756,1
0,[],2,[],2019-01-20 23:28:45,0.0,0,0,6477011,2019-01-20 23:28:45,,0.0,0.0,0,,0.0,0.0,0.0,1
1,[],5,[],2019-02-28 05:27:34,0.0,0,0,6808631,2019-02-28 05:27:34,btc,0.0,0.0061215,0,btc,0.0,0.0,0.0,2
0.0000000001256097,[],22,[],2019-02-28 05:27:37,1148.0,1.3817067e-16,5.289988454553e-21,6808632,2019-02-28 05:27:37,XMR,21.01373823,0.0,0.00000110,XMR,14319.12581,0.0,0.00087635,2
1,[],5,[],2019-02-28 05:27:40,0.0,0,0,6808633,2019-02-28 05:27:40,btc,0.0,0.82230912,0,btc,0.0,0.0,0.0,3
1,[],12,[],2019-02-28 05:27:41,13182230.10754,0.000000176,0.0000000000067383184,6808634,2019-02-28 05:27:41,btc,924396.2414907075,0.0,0.000000176,btc,8157221.75615583,0.03854453214421854,0.65358135977134,3
0,[],28,[],2019-02-28 05:27:52,0.0,0,0,6808635,2019-02-28 05:27:52,,0.0,0.0,0,,0.0,0.0,0.0,3
0,[],2,[],2019-01-20 23:31:32,0.0,0,0,6477077,2019-01-20 23:31:32,,0.0,0.0,0,,0.0,0.0,0.0,4
1,[],4,[],2019-02-28 05:27:55,411618.65443734,0.00000033,0.000000000012634347000000001,6808636,2019-02-28 05:27:55,btc,32.00332084987005,0.0,0.00000033,btc,713718.98823302,0.0,0.0584717308328429,4
1,[],12,[],2019-02-22 14:50:14,1367032.5219999999,0.00000003,0.000000000001190475,6759350,2019-02-22 14:50:14,btc,11013869.583570713,0.0,0.00000003,btc,1211697.32371984,0.00024567976024,0.02065290044,5
0,[],2,[],2019-01-20 23:31:51,0.0,0,0,6477087,2019-01-20 23:31:51,,0.0,0.0,0,,0.0,0.0,0.0,6
1,[],11,[],2019-02-28 05:27:57,7077329.5,0.00000002,0.000000000000765718,6808637,2019-02-28 05:27:57,btc,9432.763145092815,235187.0,0.00000002,btc,41598830.57452957,0.0,0.099021425,6
1,[],3,[],2019-02-28 05:27:58,1085.537475048359,0.0001510600000000000072038208731584063571062870323657989501953125,0.0000000057834680540000005,6808638,2019-02-28 05:27:58,btc,26.3363151709563,0.0,0.0001510600000000000072038208731584063571062870323657989501953125,btc,247.537822229004,0.0,0.03339742781632559,7
1,[],4,[],2019-02-28 05:28:00,103906.84058552,0.00023726,0.000000009083712634,6808639,2019-02-28 05:28:00,btc,10.820054833613634,0.0,0.00023726,btc,35506.96488356,1.86774627,6.574926536005912,7
1,[],5,[],2019-02-28 05:28:02,0.0,0,0,6808640,2019-02-28 05:28:02,btc,0.0,0.75635787,0,btc,0.0,0.0,0.0,7
1,[],20,[],2019-02-20 02:16:17,39399275.8418,0.000000001,0.0000000000000390183,6728586,2019-02-20 02:16:17,btc,116.9737569154545,525.0,0.000000001,btc,56932965.8895,5.25e-07,0.0393992758418,8
1,[],4,[],2019-02-28 05:28:04,1952803.69053564,0.00000177,0.000000000067766043,6808641,2019-02-28 05:28:04,btc,6.859608773113577,0.0,0.00000177,btc,2731831.57457888,2.62714383,0.7058264760254745,9
1,[],28,[],2019-02-28 05:28:10,58847.853,0.00000181,0.00000000006929747900000001,6808642,2019-02-28 05:28:10,btc,2708.762682539512,500163.0,0.00000181,btc,12195.0788,0.0,0.07114681393,9
0,[],2,[],2019-01-20 23:22:42,0.0,0,0,6476876,2019-01-20 23:22:42,,0.0,0.0,0,,0.0,0.0,0.0,9
0,[],23,[],2019-01-20 23:22:48,0.0,0,0,6476878,2019-01-20 23:22:48,,0.0,0.0,0,,0.0,0.0,0.0,9
1,[],1,[],2019-02-17 23:31:42,1822507.21,0.00000181000000000000003456111265232042484285557293333113193511962890625,0.000000000066086901,6701244,2019-02-17 23:31:42,btc,3.6990969245,17153386.5,0.00000181000000000000003456111265232042484285557293333113193511962890625,btc,1997391.71,31.11772986,3.2610482446,9
1,[],4,[],2019-02-17 11:22:43,4341674.27126056,0.00000002,0.0000000000007272960000000001,6696112,2019-02-17 11:22:43,btc,0.1997230937751353,0.0,0.00000002,btc,4109766.79808031,0.00215132,0.0479381022052112,10
1,[],4,[],2019-02-28 05:28:11,4206377.43713278,0.00000116,0.000000000044411644000000004,6808643,2019-02-28 05:28:11,btc,8.864244556369428,0.0,0.00000116,btc,4836963.86637537,2.83124768,2.244315515918071,12
1,[],5,[],2019-02-28 05:28:13,0.0,0,0,6808644,2019-02-28 05:28:13,btc,0.0,0.46450922,0,btc,0.0,0.0,0.0,12
0.0,[],25,[],2019-02-28 05:28:15,0.0,0,0,6808645,2019-02-28 05:28:15,,0.0,0.0,0.0,btc,0.0,0.0,0.0,12
0,[],2,[],2019-01-20 23:23:08,0.0,0,0,6476890,2019-01-20 23:23:08,,0.0,0.0,0,,0.0,0.0,0.0,12
1,[],4,[],2019-02-28 05:28:16,32966589.56799796,0.00000560,0.00000000021440104,6808646,2019-02-28 05:28:16,btc,3.035967022669662,0.0,0.00000560,btc,420437.38200276,0.61714958,0.9023238772016758,13
1,[],21,[],2019-02-28 05:18:29,920386.0307123,0.000005779999999999999717268262672,0.000000000220994832,6808449,2019-02-28 05:18:29,btc,6.265472018861065,502764.96176354,0.0000057799999999999997172682626722650667261405033059418201446533203125,btc,985266.82575528,2.89084706,4.916923105547885,13
1,[],10,[],2019-02-28 04:26:12,471253.25928683,0.0000054,0.00000000020651058,6808268,2019-02-28 04:26:12,btc,666802.5670914537,8387.30830738,0.0000054,btc,737521.83091947,0.0,0.2601586741221691,13
1,[],4,[],2019-02-28 05:18:31,681366.24859805,0.00000127,0.000000000048557688,6808450,2019-02-28 05:18:31,btc,11.141299842614833,0.0,0.00000127,btc,899247.41801089,0.0162365,0.123130054745319,14
1,[],12,[],2019-02-28 05:18:32,217265.91304348,0.000001120000000000000076372827333137660588135986472479999065399169921875,0.000000000042822528000000006,6808451,2019-02-28 05:18:32,btc,5.294297632059277,0.0,0.000001120000000000000076372827333137660588135986472479999065399169921875,btc,33863.19873547,0.0,0.0232142600000004,14
0,[],17,[],2019-02-28 05:18:33,0.0,0,0,6808452,2019-02-28 05:18:33,btc,0.0,0.0,0,btc,0.0,0.0,0.0,14
1,[],26,[],2019-02-28 05:18:34,0.0,0.00000050,0.0000000000191172,6808453,2019-02-28 05:18:34,btc,0.0,0.0,0.00000050,btc,0.0,0.0,0.0,14
0,[],4,[],2019-02-28 05:18:35,0.0,0,0,6808454,2019-02-28 05:18:35,,0.0,0.0,0,,0.0,0.0,0.0,15
,[],12,[],2018-12-01 15:15:48,204241.84496,0.00000489,0.000000000202473384,5260204,2018-12-01 15:15:48,btc,49.5475654835,0.0,,btc,35763.2193806,0.0163153972027625,0.0203389899998,15
0,[],2,[],2019-01-20 23:23:38,0.0,0,0,6476906,2019-01-20 23:23:38,,0.0,0.0,0,,0.0,0.0,0.0,18
1,[],4,[],2019-02-28 05:18:37,26087.28802578,0.00001784,0.000000000682101696,6808455,2019-02-28 05:18:37,btc,1.2194592311777908,0.0,0.00001784,btc,8757.93912189,0.02869435,0.0853755282757441,18
1,[],10,[],2019-02-28 05:18:39,782786.39770729,0.000018,0.0000000006882192000000001,6808456,2019-02-28 05:18:39,btc,16.631510566425256,6127.37007667,0.000018,btc,14799.1934472,0.0,0.1309620437589521,18
1,[],12,[],2019-02-28 05:18:41,193712.8961427,0.00001894000000000000162050060870111423128037131391465663909912109375,0.0000000007241595360000001,6808457,2019-02-28 05:18:41,btc,23.630652986598438,0.0,0.00001894000000000000162050060870111423128037131391465663909912109375,btc,1872.30828082,2.8033831796e-06,0.036801300644443403,18
0,[],17,[],2019-02-28 03:17:01,0.0,0,0,6807709,2019-02-28 03:17:01,btc,0.0,0.0,0,btc,0.0,0.0,0.0,18
0,[],2,[],2019-01-20 23:24:19,0.0,0,0,6476924,2019-01-20 23:24:19,,0.0,0.0,0,,0.0,0.0,0.0,19
1,[],3,[],2019-02-28 05:18:53,118406.72976695286,0.00002004999999999999946327655653277588498895056545734405517578125,0.00000000076659972,6808458,2019-02-28 05:18:53,btc,0.5452047668341213,0.0,0.00002004999999999999946327655653277588498895056545734405517578125,btc,9078.168872553742,0.0,0.031968478598817435,19
1,[],4,[],2019-02-28 05:18:55,466509.78278377,0.00001926,0.000000000736394544,6808459,2019-02-28 05:18:55,btc,2.0582419310179616,0.0,0.00001926,btc,72660.96847446,0.328206,2.28167466012402,19
1,[],5,[],2019-02-28 05:18:56,0.0,0,0,6808460,2019-02-28 05:18:56,btc,0.0,0.00419608,0,btc,0.0,0.0,0.0,19
1,[],12,[],2019-02-28 05:18:57,135315.40435505,0.0000206900000000000001119417059047833618024014867842197418212890625,0.000000000791069736,6808461,2019-02-28 05:18:57,btc,6.897479085054814,0.0,0.0000206900000000000001119417059047833618024014867842197418212890625,btc,396.76220934,0.0,0.1095000319258128,19
0,[],27,[],2019-02-28 05:18:59,0.0,0,0,6808462,2019-02-28 05:18:59,,0.0,0.0,0,btc,0.0,0.0,0.0,19
1,[],4,[],2019-02-28 05:19:00,2817409.12717412,0.00000013,0.000000000004970472,6808463,2019-02-28 05:19:00,btc,7.3747741764341495,0.0,0.00000013,btc,2840199.57892104,0.00011474,0.0813360639981472,20
1,[],4,[],2019-02-28 05:19:01,104036087.13737024,0.00000002,0.000000000000764688,6808464,2019-02-28 05:19:01,btc,1807.0292539368747,0.0,0.00000002,btc,54965235.06172668,0.00031635,1.1684621866280451,21
1,[],12,[],2019-02-28 05:19:03,18207001.0,0.00000002,0.000000000000764688,6808465,2019-02-28 05:19:03,btc,670.3733702334847,0.0,0.00000002,btc,8127598.32857329,0.00302662,0.23638026,21
0,[],17,[],2019-02-28 05:19:05,0.0,0,0,6808466,2019-02-28 05:19:05,btc,0.0,0.0,0,btc,0.0,0.0,0.0,21
1,[],12,[],2019-02-28 05:19:07,3052600219.6808996,0.0000000002,0.000000000000007646880000000001,6808467,2019-02-28 05:19:07,btc,875865843192.3103,0.0,0.0000000002,btc,4950682243.020418,0.0160627556,0.3167913231829904,23
0.000000000357074,[],27,[],2019-02-28 05:19:09,2000.0,3.57074e-18,1.36525101456e-22,6808468,2019-02-28 05:19:09,eth,1.3829826565934114,0.0,0.00000001,eth,2164879.85514486,0.0,7.14148e-15,23
1,[],4,[],2019-02-28 05:19:10,481525.8150366,0.00000056,0.000000000021411264,6808469,2019-02-28 05:19:10,btc,8.861364961394687,0.0,0.00000056,btc,1513612.08573735,0.00340779,0.1557512359028544,24
1,[],22,[],2019-02-28 05:19:14,11.76,0.00000100,0.0000000000382344,6808470,2019-02-28 05:19:14,BTC,7.415e-05,0.0,0.00000100,BTC,23.919354838709676,0.0,1.176e-05,24
0.0,[],25,[],2019-02-28 05:19:15,0.0,0,0,6808471,2019-02-28 05:19:15,,0.0,0.0,0.0,btc,0.0,0.0,0.0,24
1,[],4,[],2019-02-28 05:19:16,28273724.9272497,0.00000665,0.00000000025425876,6808472,2019-02-28 05:19:16,btc,167.52216360546976,0.0,0.00000665,btc,265009.05516505,0.24670859,0.4276269597115548,26
1,[],10,[],2019-02-28 05:19:18,694233.88780171,0.00000602,0.000000000230171088,6808473,2019-02-28 05:19:18,btc,26.12692627042151,4862.06396328,0.00000602,btc,14185.22968023,0.0,0.2399282811891292,26
0,[],2,[],2019-01-20 23:25:56,0.0,0,0,6476976,2019-01-20 23:25:56,,0.0,0.0,0,,0.0,0.0,0.0,26
1,[],3,[],2019-02-28 05:19:19,6200290.70213569,0.00000001,0.000000000000382344,6808474,2019-02-28 05:19:19,btc,2.2663335747489533,1642.5,0.00000001,btc,17670941.01502257,0.0,0.0620029070213569,27
1,[],5,[],2019-02-28 05:19:21,0.0,0,0,6808475,2019-02-28 05:19:21,btc,0.0,0.0,0,btc,0.0,0.0,0.0,27
1,[],11,[],2019-02-28 05:19:23,9491944.20350207,0.00000005,0.00000000000191172,6808476,2019-02-28 05:19:23,btc,67506.40605986067,169525.403564,0.00000005,btc,8002256.57282965,0.0,0.44249750446473557,27
1,[],4,[],2019-02-28 05:19:24,1516478404.3791885,0.00000002,0.000000000000764688,6808477,2019-02-28 05:19:24,btc,6.137519847507031,0.0,0.00000002,"btc,ltc",366699545.9637414,0.53237506,12.237763862022977,29
1,[],7,[],2019-02-28 05:19:25,47476687.7215207,0.00000002,0.000000000000764688,6808478,2019-02-28 05:19:25,btc,44462590.771117434,333.66666667,0.00000002,btc,47196622.9549268,1.001e-05,0.6189312873043272,29
1,[],4,[],2019-02-28 05:19:26,1431859.31753809,0.00000027,0.000000000010323288000000001,6808479,2019-02-28 05:19:26,btc,2.3269503719151885,0.0,0.00000027,btc,1553712.26915765,0.00532401,0.0948220507040893,30
0,[],17,[],2019-02-28 05:19:28,0.0,0,0,6808480,2019-02-28 05:19:28,btc,0.0,0.0,0,btc,0.0,0.0,0.0,30
1,[],4,[],2019-02-28 05:19:30,1112816.51181089,0.00005000,0.00000000191172,6808481,2019-02-28 05:19:30,btc,5.868498764802755,0.0,0.00005000,btc,70262.47448067,0.67554228,0.8771126137312557,31
1,[],21,[],2019-02-28 05:19:30,70577.06944681,0.00004949999999999999701887770653,0.0000000018926028,6808482,2019-02-28 05:19:30,btc,1.4948412038617305,53032.85440256,0.000049499999999999997018877706533857008253107778728008270263671875,btc,26552.92388469,2.76413061,2.393881287276285,31
0,[],2,[],2019-01-20 23:28:43,0.0,0,0,6477009,2019-01-20 23:28:43,,0.0,0.0,0,,0.0,0.0,0.0,32
1,[],4,[],2019-02-28 05:19:31,388699418.6876884,0.00000004,0.000000000001529376,6808483,2019-02-28 05:19:31,btc,12.216765513088392,0.0,0.00000004,"btc,ltc",214119168.17790914,0.84754211,8.923957068238796,33
1,[],12,[],2019-02-28 05:19:33,16634840.0,0.00000004,0.000000000001529376,6808484,2019-02-28 05:19:33,btc,35630554.41946026,0.0,0.00000004,btc,90545057.77328537,0.0081528519480515,0.53568703,33
1,[],4,[],2019-02-28 05:19:35,122479834.15862755,0.00000001,0.000000000000382344,6808485,2019-02-28 05:19:35,btc,4.032492861739446,0.0,0.00000001,btc,101103752.8746267,0.01118365,1.2247983415862755,34
1,[],5,[],2019-02-28 05:19:36,0.0,0,0,6808486,2019-02-28 05:19:36,btc,0.0,0.06223435,0,btc,0.0,0.0,0.0,34
0.00000000011911170000000001,[],4,[],2019-02-28 05:19:37,2583498397.923871,2.3822340000000003e-18,9.108328764960001e-23,6808487,2019-02-28 05:19:37,ltc,3.74374081715227e-08,0.0,0.00000002,ltc,5518414122.305887,0.0,4.28734716406133e-09,36
1,[],5,[],2019-02-28 05:19:38,0.0,0,0,6808488,2019-02-28 05:19:38,btc,0.0,0.0,0,btc,0.0,0.0,0.0,36
0,[],17,[],2019-02-28 05:19:40,0.0,0,0,6808489,2019-02-28 05:19:40,btc,0.0746458232965017,0.0,0,btc,4103573.70243647,0.0,0.0,36
0.000000000357074,[],27,[],2019-02-28 05:19:43,1000000.0,3.57074e-18,1.36525101456e-22,6808490,2019-02-28 05:19:43,eth,222.5997971062634,0.0,0.00000001,"ltc,eth",11163566.48751039,0.0,1.1958762460000001e-12,36
1,[],17,[],2019-02-28 04:18:54,1752.74075282,0.00000025,0.00000000000954015,6808114,2019-02-28 04:18:54,btc,0.055484923777095005,0.0,0.00000025,btc,1319.19918473,0.0,0.00043818518820499993,37
1,[],4,[],2019-02-28 05:19:44,285603.05717659,0.00000063,0.000000000024087672,6808491,2019-02-28 05:19:44,btc,19772.48923689022,0.0,0.00000063,btc,555130.43898112,0.13774924,0.1342282602338544,37
1,[],12,[],2019-02-28 05:19:45,645173.80977469,0.00000064,0.000000000024470016,6808492,2019-02-28 05:19:45,btc,1345.891263616585,0.0,0.00000064,btc,982965.86829338,0.0991688351961685,0.2175666044015121,37
1,[],27,[],2019-02-28 05:19:47,14685.567,0.00000045,0.00000000001720548,6808493,2019-02-28 05:19:47,btc,25.82160393111233,0.0,0.00000045,btc,6804.86438508,0.0,0.00480032515,37
1,[],5,[],2019-02-28 05:19:48,0.0,0,0,6808494,2019-02-28 05:19:48,btc,0.0,0.01441427,0,btc,0.0,0.0,0.0,42
1,[],12,[],2019-02-28 05:19:50,254463.79936153,0.00000093,0.000000000035557992,6808495,2019-02-28 05:19:50,btc,94.68694861734551,0.0,0.00000093,btc,100574.43562287,0.0305951464937715,0.0599652500000007,42
0.000000000357074,[],27,[],2019-02-28 05:19:52,2000.0,3.57074e-18,1.36525101456e-22,6808496,2019-02-28 05:19:52,eth,0.00315028,0.0,0.00000001,"btc,eth",11.007,0.0,7.14148e-15,42
1,[],5,[],2019-02-28 05:19:53,0.0,0,0,6808497,2019-02-28 05:19:53,btc,0.0,8.99e-06,0,btc,0.0,0.0,0.0,43
1,[],12,[],2019-02-28 05:19:55,1793295.0,0.00000001,0.000000000000382344,6808498,2019-02-28 05:19:55,btc,3569.755484136553,0.0,0.00000001,btc,12100969.67372626,2.347982018e-06,0.01793295,43
0,[],17,[],2019-02-28 04:27:57,0.0,0,0,6808316,2019-02-28 04:27:57,btc,0.0,0.0,0,btc,0.0,0.0,0.0,43
1,[],12,[],2019-02-28 05:20:09,643581.0,0.00000005,0.00000000000191172,6808499,2019-02-28 05:20:09,btc,11116042.727795307,0.0,0.00000005,btc,1102349.40161834,0.0005419945254745,0.01572551,44
1,[],4,[],2019-02-28 05:20:11,290707803.15448976,0.00000002,0.000000000000764688,6808500,2019-02-28 05:20:11,btc,473.60884111178444,0.0,0.00000002,"btc,ltc",12274494.40365541,0.00133559,0.19762581467420084,49
0.00000000011911170000000001,[],4,[],2019-02-28 05:20:12,60288226.56753344,1.1911170000000001e-18,4.5541643824800003e-23,6808501,2019-02-28 05:20:12,ltc,25.47533666746797,0.0,0.00000001,ltc,10233699170.368313,0.0,7.181033156444073e-11,52
0.0000000001256705,[],22,[],2019-02-28 05:20:16,80845862.0,1.256705e-18,4.8049361652e-23,6808502,2019-02-28 05:20:16,XMR,4366.96996713,0.0,0.00000001,XMR,255350310.67882353,0.0,0.80845862,57
0.000000000357074,[],27,[],2019-02-28 05:20:21,2000.0,3.57074e-18,1.36525101456e-22,6808503,2019-02-28 05:20:21,eth,0.0,0.0,0.00000001,"btc,eth",0.0,0.0,7.14148e-15,57
0.00000000011911170000000001,[],4,[],2019-02-28 05:20:22,1044567827.7006614,4.7644680000000006e-18,1.8216657529920001e-22,6808504,2019-02-28 05:20:22,ltc,18.807451346923717,0.0,0.00000004,ltc,3928584922.7100945,0.0001,2.598254968000922e-09,58
1,[],12,[],2019-02-28 05:20:24,1619515352.843957,0.0000000004,0.000000000000015293760000000002,6808505,2019-02-28 05:20:24,btc,224005479720.36816,0.0,0.0000000004,btc,3750591514.4740014,0.028336111737962064,0.5229473590011392,58
0,[],17,[],2019-02-28 05:20:36,0.0,0,0,6808506,2019-02-28 05:20:36,btc,1e+24,0.0,0,btc,49226522.0897055,0.0,0.0,58
0.0000000001256705,[],22,[],2019-02-28 05:20:48,137438.0,1.256705e-18,4.8049361652e-23,6808507,2019-02-28 05:20:48,XMR,69.8835922,0.0,0.00000001,XMR,9887963.0,0.0,0.00137438,58
1,[],5,[],2019-02-28 05:20:49,0.0,0,0,6808508,2019-02-28 05:20:49,btc,0.0,0.82223676,0,btc,0.0,0.0,0.0,61
1,[],22,[],2019-02-28 05:20:53,13788.5,0.00000012,0.000000000004588128,6808509,2019-02-28 05:20:53,BTC,1002.29597012,0.0,0.00000012,BTC,14947.700278135757,0.0,0.00155365,61
1,[],26,[],2019-02-28 05:20:53,0.0,0.00000800,0.0000000003058752,6808510,2019-02-28 05:20:53,btc,0.0,0.0,0.00000800,btc,0.0,0.0,0.0,61
1,[],27,[],2019-02-28 05:20:55,2360.118,0.00000045,0.00000000001720548,6808511,2019-02-28 05:20:55,btc,7.76222960961638,283.432,0.00000045,"btc,eth",20547.11257617,4.959115126800001e-13,0.0001995975034104792,61
1,[],28,[],2019-02-28 05:21:06,13880.304,0.0000005,0.0000000000191172,6808512,2019-02-28 05:21:06,btc,2.056291378300105,112.0,0.0000005,btc,9710.59500005,0.0,0.00566391304,61
1,[],4,[],2019-02-28 05:21:08,1400787.0273982,0.00000280,0.00000000010705632,6808513,2019-02-28 05:21:08,btc,11.186276708902158,0.0,0.00000280,btc,783032.82015484,0.12432443,1.2676808168686629,67
0.0,[],25,[],2019-02-28 05:21:09,0.0,0,0,6808514,2019-02-28 05:21:09,,0.0,0.0,0.0,btc,0.0,0.0,0.0,67
1,[],12,[],2019-02-28 05:21:10,1649888.34720513,0.00000019,0.0000000000072645360000000006,6808515,2019-02-28 05:21:10,btc,11115999.002095964,0.0,0.00000019,btc,2186182.03113194,0.0060702397655,0.0596070464411118,71
,[],5,[],2018-11-20 23:02:39,1.5e-07,0.00000005,0.000000000002128045,4862160,2018-11-20 23:02:39,btc,2.84511358,0.0,,btc,0.00036572,0.0,0.07381892,74
1,[],5,[],2019-02-28 05:21:12,0.0,0,0,6808516,2019-02-28 05:21:12,btc,0.0,0.0,0,btc,0.0,0.0,0.0,75
0,[],20,[],2019-01-25 09:30:31,0.0,0,0,6495923,2019-01-25 09:30:31,btc,0.0,0.0,0,btc,0.0,0.0,0.0,81
1,[],4,[],2019-02-28 05:21:14,16180270.251575,0.00000001,0.000000000000382344,6808517,2019-02-28 05:21:14,btc,11388.6318068588,0.0,0.00000001,btc,34456445.8995017,0.0,0.16180270251575,81
1,[],4,[],2019-02-28 05:21:16,28691.67278183,0.00007572,0.000000002895108768,6808518,2019-02-28 05:21:16,btc,17.74408976011168,0.0,0.00007572,btc,12625.13815083,0.02193466,0.1394538398754587,82
1,[],21,[],2019-02-28 05:21:17,27084.86672632,0.00007357999999999999686094848128,0.000000002813287152,6808519,2019-02-28 05:21:17,btc,2.194737670372272,12952.43752239,0.000073579999999999996860948481280928490377846173942089080810546875,btc,23726.54925243,0.97086589,1.1073797373788479,82
0,[],17,[],2019-02-28 05:21:28,0.0,0,0,6808520,2019-02-28 05:21:28,btc,0.0447233088476774,0.0,0,btc,999127.19588126,0.0,0.0,84
0.00000000011911170000000001,[],4,[],2019-02-28 05:21:29,124320938.89519013,3.573351e-18,1.366249314744e-22,6808521,2019-02-28 05:21:29,ltc,1.782832150784072,0.0,0.00000003,ltc,399192118.4767539,0.0,2.3674304692008113e-10,85
,[],22,[],2018-11-20 23:09:34,3408.1,0.0000001,0.0000000000041895,4862324,2018-11-20 23:09:34,BTC,0.04624735,0.0,,BTC,4990.0,0.0,0.00033081,86
0,[],22,[],2019-02-22 12:52:35,0.0,0,0,6758847,2019-02-22 12:52:35,,2.0760781,0.0,0,,140622.94736842104,0.0,0.0,87
0,[],27,[],2019-02-22 12:52:37,0.0,0,0,6758848,2019-02-22 12:52:37,,0.0,0.0,0,btc,0.0,0.0,0.0,87
,[],2,[],2018-11-20 23:10:47,0.0,0,0,4862359,2018-11-20 23:10:47,,0.0,0.0,,,0.0,0.0,0.0,88
1,[],11,[],2019-02-28 05:21:32,89139.89359185,0.00013753999999999998757153896189464603594387881457805633544921875,0.000000005258759376,6808522,2019-02-28 05:21:32,btc,609.417364827109,1275.58953369,0.00013753999999999998757153896189464603594387881457805633544921875,btc,97285.6925294,0.0,5.7014849432011525,89
0,[],2,[],2019-01-20 23:31:45,0.0,0,0,6477083,2019-01-20 23:31:45,,0.0,0.0,0,,0.0,0.0,0.0,91
1,[],12,[],2019-02-28 05:21:33,465713.28424603,0.000001599999999999999927596978921418013896982301957905292510986328125,0.00000000006117504,6808523,2019-02-28 05:21:33,btc,4.357297300748121,0.0,0.000001599999999999999927596978921418013896982301957905292510986328125,btc,58490.08192172,0.0250441608458027,0.07836295199381499,91
0,[],17,[],2019-02-28 05:21:34,0.0,0,0,6808524,2019-02-28 05:21:34,btc,0.0,0.0,0,btc,0.0,0.0,0.0,91
0,[],22,[],2019-02-28 05:21:45,0.0,0,0,6808525,2019-02-28 05:21:45,,3e-06,0.0,0,,1.0,0.0,0.0,91
0.00000000011911170000000001,[],22,[],2019-02-28 05:21:50,1830000.0,5.9555850000000005e-18,2.27708219124e-22,6808526,2019-02-28 05:21:50,LTC,8.53161599,0.0,0.00000005,LTC,71994962.1,0.0,0.0915,95
0.00000000011911170000000001,[],4,[],2019-02-28 05:21:52,646276991.0126505,7.3849254e-17,2.8235819171376004e-21,6808527,2019-02-28 05:21:52,ltc,11.885879384849272,0.0,0.00000062,ltc,136590615.92965615,0.0,1.8347525754487234e-09,96
0,[],12,[],2019-02-28 05:21:53,0.0,0,0,6808528,2019-02-28 05:21:53,btc,255078.11232262466,0.0,0,btc,8739617.62268705,6.99300699e-08,0.0,96
0,[],17,[],2019-02-28 05:21:54,0.0,0,0,6808529,2019-02-28 05:21:54,btc,0.0,0.0,0,btc,0.0,0.0,0.0,96
1,[],4,[],2019-02-28 05:21:56,1374609.17323796,0.00000030,0.00000000001147032,6808530,2019-02-28 05:21:56,btc,3.0018293860261385,0.0,0.00000030,btc,2419464.86356718,0.00350759,0.1057886973061229,99
0,[],2,[],2019-01-20 23:23:55,0.0,0,0,6476914,2019-01-20 23:23:55,,0.0,0.0,0,,0.0,0.0,0.0,100
1,[],4,[],2019-02-28 05:21:57,130543.36313111,0.00004510,0.0000000017243714400000001,6808531,2019-02-28 05:21:57,btc,12.079754228547376,0.0,0.00004510,btc,163435.98439538,4.31061136,2.312271520865749,100
1,[],22,[],2019-02-28 05:22:03,50000.0,0.00000001,0.000000000000382344,6808532,2019-02-28 05:22:03,BTC,23.49896609,0.0,0.00000001,BTC,10277.22,0.0,0.0005,101
1,[],4,[],2019-02-28 05:22:04,487549.85624556,0.00000092,0.000000000035175648,6808533,2019-02-28 05:22:04,btc,256.2995478326882,0.0,0.00000092,btc,487493.2706824,0.00784504,0.2536375503636632,103
1,[],12,[],2019-02-28 05:22:07,62329412.9,0.00000001,0.000000000000382344,6808534,2019-02-28 05:22:07,btc,137278920.68544218,0.0,0.00000001,btc,121850360.97482245,0.10822916744221137,0.211593145,105
1,[],27,[],2019-02-28 05:22:10,81803.89,0.00000001,0.000000000000382344,6808535,2019-02-28 05:22:10,btc,36.58422120075966,44007.0,0.00000001,btc,531915.56793212,0.00044007,0.0008180389,105
1,[],22,[],2019-02-28 05:22:14,9328.0,0.00000001,0.000000000000382344,6808536,2019-02-28 05:22:14,BTC,51.10837004,0.0,0.00000001,BTC,470435.0,0.0,9.328e-05,107
1,[],26,[],2019-02-28 05:22:14,0.0,0.00000000,0,6808537,2019-02-28 05:22:14,btc,0.0,0.0,0.00000000,btc,0.0,0.0,0.0,107
1,[],5,[],2019-02-28 05:22:16,0.0,0,0,6808538,2019-02-28 05:22:16,btc,0.0,0.0172702,0,btc,0.0,0.0,0.0,112
1,[],22,[],2019-02-28 05:22:20,1966.0,0.00000001,0.000000000000382344,6808539,2019-02-28 05:22:20,BTC,2.81183288,0.0,0.00000001,BTC,808524.0833333334,0.0,1.966e-05,112
0.000000000357074,[],27,[],2019-02-28 05:22:23,2000.0,3.57074e-18,1.36525101456e-22,6808540,2019-02-28 05:22:23,eth,1.35132491849924,0.0,0.00000001,"btc,eth",1328.641654,0.0,7.14148e-15,112
1,[],4,[],2019-02-28 05:22:25,361587.82916712,0.00000290,0.00000000011087976,6808541,2019-02-28 05:22:25,btc,84.98299890702758,0.0,0.00000290,btc,324999.45005576,0.16399579,0.127712571702273,113
1,[],5,[],2019-02-28 05:22:26,0.0,0,0,6808542,2019-02-28 05:22:26,btc,0.0,0.090641,0,btc,0.0,0.0,0.0,113
1,[],17,[],2019-02-28 04:20:46,152738.278,0.00000004,0.000000000001526424,6808163,2019-02-28 04:20:46,btc,1.33680302678,0.0,0.00000004,btc,50696.221,0.0,0.0022095311199999998,116
0,[],27,[],2019-02-28 05:22:39,0.0,0,0,6808543,2019-02-28 05:22:39,,0.0,0.0,0,btc,0.0,0.0,0.0,116
1,[],4,[],2019-02-28 05:22:41,293076.22824964,0.00002483,0.000000000949360152,6808544,2019-02-28 05:22:41,btc,30.215459466417727,0.0,0.00002483,btc,97259.06703258,0.72453051,2.0694092247434788,120
1,[],7,[],2019-02-28 05:22:42,15526.08811142,0.000011899999999999999567381649134834020742346183396875858306884765625,0.00000000045498936,6808545,2019-02-28 05:22:42,btc,115742.0195332904,755.57202586,0.000011899999999999999567381649134834020742346183396875858306884765625,btc,56349.39536958,0.01338612,0.0489241600921004,120
1,[],20,[],2019-02-28 05:22:45,1494281.3309,0.000000043,0.0000000000016440792000000001,6808546,2019-02-28 05:22:45,btc,32.291781375822,6420.1655,0.000000043,btc,945722.5393,0.000447009085,0.0100113441862,125
1,[],22,[],2019-02-28 05:22:48,3053.0,0.00000001,0.000000000000382344,6808547,2019-02-28 05:22:48,BTC,0.01444887,0.0,0.00000001,BTC,296263.5111111111,0.0,3.053e-05,126
0,[],17,[],2019-02-28 04:29:40,0.0,0,0,6808356,2019-02-28 04:29:40,btc,0.0009561751951600001,0.0,0,btc,35.42829368,0.0,0.0,131
0,[],2,[],2019-01-20 23:25:46,0.0,0,0,6476969,2019-01-20 23:25:46,,0.0,0.0,0,,0.0,0.0,0.0,131
1,[],4,[],2019-02-28 05:22:50,2645805.65996285,0.00001376,0.0000000005261053440000001,6808548,2019-02-28 05:22:50,btc,6.551164802761542,0.0,0.00001376,btc,126350.04585388,0.09775836,0.5864929011908705,131
1,[],4,[],2019-02-28 05:23:03,4555.79104085,0.00016001,0.000000006117886344,6808549,2019-02-28 05:23:03,btc,1.6201356052882125,0.0,0.00016001,btc,238.12730989,0.00051462,0.0082138372386939,135
1,[],3,[],2019-02-28 03:20:52,1051183.88776843,0.00000004,0.000000000001525696,6807797,2019-02-28 03:20:52,btc,0.6347130129087458,6859.27908333,0.00000004,btc,2354905.75112032,0.0,0.0335850781737019,136
1,[],4,[],2019-02-28 05:23:04,266362.52211632,0.00000165,0.00000000006308676,6808550,2019-02-28 05:23:04,btc,38.984996999880096,0.0,0.00000165,btc,580073.17708828,0.0437931,0.0803982055107731,137
1,[],12,[],2019-02-28 05:23:05,324326.01461845,0.00000172999999999999995347796898081949024117420776747167110443115234375,0.000000000066145512,6808551,2019-02-28 05:23:05,btc,11807.59687598641,0.0,0.00000172999999999999995347796898081949024117420776747167110443115234375,btc,122963.78364659,0.0393626507254926,0.07135860111450029,137
1,[],4,[],2019-02-28 05:23:06,112297.21107014,0.00003170,0.00000000121203048,6808552,2019-02-28 05:23:06,btc,28.9811039999545,0.0,0.00003170,btc,43170.50956124,0.1164531,0.4336501083314266,142
1,[],5,[],2019-02-28 05:23:08,0.0,0,0,6808553,2019-02-28 05:23:08,btc,0.0,0.66466026,0,btc,0.0,0.0,0.0,142
1,[],20,[],2019-02-28 05:23:20,132983.4368,0.00002512,0.000000000960448128,6808554,2019-02-28 05:23:20,btc,0.3037636956226,85.3112,0.00002512,btc,1336.4908,0.0028431616712,0.2264655211907,142
1,[],22,[],2019-02-28 05:23:30,1685.8988921568628,0.00004000,0.0000000015293760000000001,6808555,2019-02-28 05:23:30,BTC,3.00385504,0.0,0.00004000,BTC,891.218,0.0,0.00174536,142
0.0,[],25,[],2019-02-28 05:23:31,0.0,0,0,6808556,2019-02-28 05:23:31,,0.0,0.0,0.0,btc,0.0,0.0,0.0,142
0,[],28,[],2019-02-28 05:23:40,0.0,0,0,6808557,2019-02-28 05:23:40,,0.0,0.0,0,,0.0,0.0,0.0,142
1,[],17,[],2019-02-28 03:20:58,22967.386363640002,0.00000088,0.000000000033565312,6807802,2019-02-28 03:20:58,btc,20.0699133484,0.0,0.00000088,btc,405.079105,0.0,0.0104613000000032,142
0,[],22,[],2019-02-28 05:23:44,0.0,0,0,6808558,2019-02-28 05:23:44,,60.80280694,0.0,0,,704341446.3,0.0,0.0,143
0,[],22,[],2019-02-25 15:42:22,0.0,0,0,6783783,2019-02-25 15:42:22,,4.2131946,0.0,0,,2322156.0,0.0,0.0,146
,[],22,[],2018-11-20 23:01:11,0.0,0,0,4862114,2018-11-20 23:01:11,,2.56807021,0.0,,,61828.4988236,0.0,0.0,147
1,[],12,[],2019-02-28 05:23:45,219993.71069183,0.00000250000000000000020450763478507827386465578456409275531768798828125,0.00000000009558600000000001,6808559,2019-02-28 05:23:45,btc,16.613654106525214,0.0,0.00000250000000000000020450763478507827386465578456409275531768798828125,btc,117011.24335616,0.0071886131968238,0.0278041200000097,148
1,[],4,[],2019-02-28 05:23:48,245619.74504268,0.00000032,0.000000000012235008,6808560,2019-02-28 05:23:48,btc,219.96749410271795,0.0,0.00000032,btc,800822.7951546,0.0,0.0582338765710576,152
0,[],22,[],2019-02-28 05:23:50,0.0,0,0,6808561,2019-02-28 05:23:50,,0.0,0.0,0,,0.0,0.0,0.0,152
1,[],5,[],2019-02-28 05:23:51,0.0,0,0,6808562,2019-02-28 05:23:51,btc,0.0,0.0,0,btc,0.0,0.0,0.0,153
,[],16,[],2019-01-11 15:38:59,0.0,0,0,6366141,2019-01-11 15:38:59,btc,0.0,0.0,,btc,0.0,0.0,0.0,155
0,[],23,[],2019-01-20 23:24:29,0.0,0,0,6476932,2019-01-20 23:24:29,,0.0,0.0,0,,0.0,0.0,0.0,156
0,[],22,[],2019-02-28 05:23:55,0.0,0,0,6808563,2019-02-28 05:23:55,,6.74608751,0.0,0,,4644392.242592593,0.0,0.0,156
1,[],22,[],2019-02-28 05:24:00,7073.8,0.00005300,0.0000000020264232,6808564,2019-02-28 05:24:00,BTC,1.80343699,0.0,0.00005300,BTC,899.6422341958436,0.0,0.00104336,157
0,[],22,[],2019-02-28 05:24:04,0.0,0,0,6808565,2019-02-28 05:24:04,,50175.68008609,0.0,0,,54479136.04179466,0.0,0.0,158
,[],17,[],2018-11-20 22:56:10,0.0,0,0,4861976,2018-11-20 22:56:10,btc,1.1265625,0.0,,btc,1000.0,0.0,0.0,159
,[],20,[],2018-11-20 22:56:12,0.0,0,0,4861977,2018-11-20 22:56:12,btc,11912.7940471,0.0,,btc,34413894.3617,0.0,0.0,159
1,[],12,[],2019-02-28 05:24:06,181022.04821968,0.000008019999999999999446497443711390218368251225911080837249755859375,0.000000000306639888,6808566,2019-02-28 05:24:06,btc,6.64302106834181,0.0,0.000008019999999999999446497443711390218368251225911080837249755859375,btc,13705.27413222,0.0012781134,0.0882053180000346,168
1,[],17,[],2019-02-28 05:24:08,29784.95,0.000001,0.0000000000382344,6808567,2019-02-28 05:24:08,btc,0.03026736251542,0.0,0.000001,btc,144.46171372,0.0,0.00716147,168
0,[],22,[],2019-02-28 05:24:12,0.0,0,0,6808568,2019-02-28 05:24:12,,1.1341504,0.0,0,,539283.174707144,0.0,0.0,169
1,[],22,[],2019-02-28 05:24:16,203600.0,0.00000002,0.000000000000764688,6808569,2019-02-28 05:24:16,BTC,13.2501524,0.0,0.00000002,BTC,144336.2939341018,0.0,0.002072,171
1,[],22,[],2019-02-28 05:24:20,1206014.0,0.00000006,0.000000000002294064,6808570,2019-02-28 05:24:20,BTC,2.19732676,0.0,0.00000006,BTC,241548.87773641286,2.4e-06,0.01966189,173
1,[],5,[],2019-02-28 05:24:22,0.0,0,0,6808571,2019-02-28 05:24:22,btc,0.0,0.16660249,0,btc,0.0,0.0,0.0,175
1,[],22,[],2019-02-28 05:24:25,45904.0,0.0000003,0.00000000001147032,6808572,2019-02-28 05:24:25,BTC,0.52955903,0.0,0.0000003,BTC,143368.41384013777,0.0,0.0052148,176
0,[],2,[],2019-01-20 23:28:34,0.0,0,0,6477001,2019-01-20 23:28:34,,0.0,0.0,0,,0.0,0.0,0.0,178
1,[],7,[],2019-02-28 05:24:28,0.0,0,0,6808573,2019-02-28 05:24:28,btc,410932.5273358376,0.0,0,btc,117801559.31901672,0.0,0.0,178
0,[],22,[],2019-02-28 05:24:31,0.0,0,0,6808574,2019-02-28 05:24:31,,1.00242428,0.0,0,,57512.0,0.0,0.0,178
1,[],22,[],2019-02-28 05:24:36,6961684.0,0.00000002,0.000000000000764688,6808576,2019-02-28 05:24:36,BTC,5.6311133,0.0,0.00000002,"BTC,LTC",17083809.756535422,0.00255564,0.3741744,179
0,[],23,[],2019-01-20 23:25:08,0.0,0,0,6476952,2019-01-20 23:25:08,,0.0,0.0,0,,0.0,0.0,0.0,179
1,[],5,[],2019-02-28 05:24:32,0.0,0,0,6808575,2019-02-28 05:24:32,btc,0.0,0.035768,0,btc,0.0,0.0,0.0,179
1,[],22,[],2019-02-28 05:24:43,134055.4,0.00000155,0.00000000005926332,6808577,2019-02-28 05:24:43,BTC,0.22082658,0.0,0.00000155,"BTC,LTC",70995.13798401735,0.00122356,0.00274294,180
1,[],26,[],2019-02-28 05:24:43,0.0,0.00000160,0.00000000006117504000000001,6808578,2019-02-28 05:24:43,btc,0.0,0.0,0.00000160,btc,0.0,0.0,0.0,180
1,[],17,[],2019-02-28 04:31:06,10504.725,0.0000001,0.00000000000382427,6808384,2019-02-28 04:31:06,btc,5.201069583844993,0.0,0.0000001,btc,5033.45945,0.0,0.0010504725,180
,[],7,[],2018-11-20 22:58:01,562227.975654,0.00000085,0.000000000036176765,4862015,2018-11-20 22:58:01,btc,21836.6059674,2491.87645172,,btc,749999.041456,0.00211021,0.127565380455,183
1,[],24,[],2019-02-28 05:24:43,0.0,0.000000000001,3.8234400000000004e-17,6808579,2019-02-28 05:24:43,btc,0.0,0.0,0.000000000001,btc,0.0,0.0,0.0,187
,[],5,[],2019-01-10 08:11:41,0.0,0,0,6347036,2019-01-10 08:11:41,btc,82.15055501,0.00261,,btc,1.19002445,0.0,0.0,187
,[],17,[],2018-11-16 20:58:10,4062536.27273,0.00000001,0.000000000000550501,4708775,2018-11-16 20:58:10,btc,3.36492563466,0.195460381006,,"btc,eth",110697919.549,0.0,0.0157628953496,187
0,[],22,[],2019-02-27 04:05:17,0.0,0,0,6799309,2019-02-27 04:05:17,,1.19374396,0.0,0,,16308.869534405507,0.0,0.0,191
0,[],22,[],2019-02-28 05:24:48,0.0,0,0,6808580,2019-02-28 05:24:48,,0.0,0.0,0,,0.0,0.0,0.0,197
0,[],22,[],2019-02-28 05:24:51,0.0,0,0,6808581,2019-02-28 05:24:51,,5.19477622,0.0,0,,21058553.0,0.0,0.0,199
1,[],26,[],2019-02-28 05:24:51,0.0,0.00000000,0,6808582,2019-02-28 05:24:51,btc,0.0,0.0,0.00000000,btc,0.0,0.0,0.0,199
0,[],23,[],2019-01-20 23:31:41,0.0,0,0,6477079,2019-01-20 23:31:41,,0.0,0.0,0,,0.0,0.0,0.0,199
0,[],17,[],2019-01-30 16:32:01,0.0,0,0,6540827,2019-01-30 16:32:01,btc,6.802544163788159,0.0,0,btc,105897.55575295,0.0,0.0,200
0,[],2,[],2019-01-20 23:30:49,0.0,0,0,6477059,2019-01-20 23:30:49,,0.0,0.0,0,,0.0,0.0,0.0,201
1,[],4,[],2019-01-25 15:51:35,2084389.58565343,0.00000936,0.000000000333526752,6499557,2019-01-25 15:51:35,btc,2.0092503037378524,0.0,0.00000936,btc,160195.80207885,0.19272417,1.242687955921835,211
1,[],7,[],2019-02-28 05:24:54,2809716.7612611097,0.000001359999999999999896105784720490294859018831630237400531768798828125,0.000000000051998784,6808583,2019-02-28 05:24:54,btc,15476657.918768022,1071729.17069,0.000001359999999999999896105784720490294859018831630237400531768798828125,btc,14682698.49965852,0.0,2.93660179214688,212
1,[],5,[],2019-02-28 05:24:55,0.0,0,0,6808584,2019-02-28 05:24:55,btc,0.0,0.20375385,0,btc,0.0,0.0,0.0,213
1,[],24,[],2019-02-28 05:24:55,0.0,0.000000110000,0.000000000004205784,6808585,2019-02-28 05:24:55,btc,0.0,0.0,0.000000110000,btc,0.0,0.0,0.0,213
1,[],26,[],2019-02-28 05:24:55,0.0,0.00000010,0.0000000000038234400000000005,6808586,2019-02-28 05:24:55,btc,0.0,0.0,0.00000010,btc,0.0,0.0,0.0,213
1,[],12,[],2019-01-25 02:44:32,207462.42853209,0.000001080000000000000035831255497387193287295303889550268650054931640625,0.000000000038610756000000006,6493050,2019-01-25 02:44:32,btc,85023.03793723314,0.0,0.000001080000000000000035831255497387193287295303889550268650054931640625,btc,43675.73520027,0.000146250909087,0.0348620860622024,213
1,[],22,[],2019-02-28 05:25:00,29544.0,0.00000002,0.000000000000764688,6808587,2019-02-28 05:25:00,BTC,2.22899412,0.0,0.00000002,BTC,531026.3963726171,0.000868,0.00030003,216
1,[],27,[],2019-02-28 05:25:02,6248602.0,0.00000003,0.000000000001147032,6808588,2019-02-28 05:25:02,btc,316.32805111644,2699.005988,0.00000003,"btc,ltc",235048.901,0.00032388,0.03377204001200646,216
1,[],22,[],2019-02-28 05:25:07,242622.002186885,0.00000225,0.0000000000860274,6808589,2019-02-28 05:25:07,BTC,12673.560865,0.0,0.00000225,BTC,386939.86950989376,0.02498666,0.34210727,217
1,[],7,[],2019-02-28 05:25:09,0.0,0,0,6808590,2019-02-28 05:25:09,btc,77969.77488735563,0.0,0,btc,137043486.5550253,0.0,0.0,219
0,[],27,[],2019-02-28 05:25:11,0.0,0,0,6808591,2019-02-28 05:25:11,,0.0740438339680921,0.0,0,btc,1536429.20709513,0.0,0.0,219
0.0000000000000052,[],28,[],2019-02-28 05:25:25,167609414.732,2.3404680000000002e-18,8.94863896992e-23,6808592,2019-02-28 05:25:25,doge,83883.3352434475,8700.768,0.00045009,"btc,doge",4823713.77951,0.0,9.277680338775264e-12,219
1,[],22,[],2019-02-28 05:25:29,340665.0,0.00000003,0.000000000001147032,6808593,2019-02-28 05:25:29,BTC,2.94533216,0.0,0.00000003,BTC,114179.27041875875,0.0,0.00940665,221
1,[],24,[],2019-02-28 05:25:29,0.0,0.000000200000,0.000000000007646880000000001,6808594,2019-02-28 05:25:29,btc,0.0,0.0,0.000000200000,btc,0.0,0.0,0.0,221
1,[],20,[],2019-02-28 05:25:31,40748456.2707,0.000000001,0.0000000000000382344,6808595,2019-02-28 05:25:31,btc,48.2375264230632,50000.0,0.000000001,btc,13394908.9689,0.0001,0.0407484562707,224
0,[],22,[],2019-02-28 05:25:34,0.0,0,0,6808596,2019-02-28 05:25:34,,0.0,0.0,0,,0.0,0.0,0.0,224
1,[],26,[],2019-02-28 05:25:34,0.0,0.00000035,0.00000000001338204,6808597,2019-02-28 05:25:34,btc,0.0,0.0,0.00000035,btc,0.0,0.0,0.0,231
1,[],26,[],2019-02-28 05:25:34,0.0,0.00000006,0.000000000002294064,6808598,2019-02-28 05:25:34,btc,0.0,100.0,0.00000006,btc,0.0,0.0,0.0,234
0.000000000357074,[],27,[],2019-02-28 05:25:37,2000.0,3.57074e-18,1.36525101456e-22,6808599,2019-02-28 05:25:37,eth,0.0113483662182,0.0,0.00000001,"btc,eth",11462.99618,0.0,7.14148e-15,234
1,[],4,[],2019-02-28 05:25:39,924237.90350306,0.00000072,0.000000000027528768,6808600,2019-02-28 05:25:39,btc,4.3613149078615026,0.0,0.00000072,btc,1094164.00184803,0.03515279,0.2431731747126077,236
1,[],24,[],2019-02-28 05:25:40,0.0,0.000000300000,0.00000000001147032,6808601,2019-02-28 05:25:40,btc,0.0,0.0,0.000000300000,btc,0.0,0.0,0.0,236
1,[],20,[],2019-02-28 05:25:42,155563400.2189,0.000000056,0.0000000000021411264,6808602,2019-02-28 05:25:42,btc,10.648939492498,54510124.4184,0.000000056,btc,42342503.4336,3.508432587442,0.7045569084564,237
0.00000000011911170000000001,[],22,[],2019-02-28 05:25:45,14400.0,1.1911170000000001e-17,4.55416438248e-22,6808603,2019-02-28 05:25:45,LTC,0.0413973,0.0,0.0000001,LTC,7239.0,0.0,0.00144,237
1,[],4,[],2019-02-28 05:25:47,7455193.30149911,0.00000035,0.00000000001338204,6808604,2019-02-28 05:25:47,btc,6.837014676681233,0.0,0.00000035,btc,9982226.48823463,0.34654681,1.6473517578469183,238
1,[],5,[],2019-02-28 05:25:48,0.0,0,0,6808605,2019-02-28 05:25:48,btc,0.0,0.01813244,0,btc,0.0,0.0,0.0,238
0,[],22,[],2019-02-28 05:26:00,0.0,0,0,6808606,2019-02-28 05:26:00,,0.41356282,0.0,0,,316008.5639027493,0.0,0.0,249
0.00000000011911170000000001,[],22,[],2019-02-28 05:26:05,7121097.666666667,3.573351e-18,1.366249314744e-22,6808607,2019-02-28 05:26:05,LTC,0.52329319,0.0,0.00000003,LTC,18903494.09,3.587982681228e-12,0.21263595,252
1,[],28,[],2019-02-28 05:26:16,4567665.434,0.00000022,0.000000000008411568,6808608,2019-02-28 05:26:16,btc,164706.69072751133,7177.1,0.00000022,btc,2053675.0669,0.0,0.38159691954,256
1,[],22,[],2019-02-28 05:26:20,1145354.0,0.00000002,0.000000000000764688,6808609,2019-02-28 05:26:20,BTC,31.47160001,0.0,0.00000002,BTC,670687.0957866946,2.8e-05,0.01233444,258
1,[],22,[],2019-02-28 05:26:23,48751.0,0.00000001,0.000000000000382344,6808610,2019-02-28 05:26:23,BTC,2.4175745,0.0,0.00000001,BTC,1762.0,0.0,0.00048751,259
1,[],5,[],2019-02-28 05:26:25,0.0,0,0,6808611,2019-02-28 05:26:25,btc,0.0,0.05269395,0,btc,0.0,0.0,0.0,264
1,[],20,[],2019-02-28 05:26:27,1220212.1806,0.000002203,0.0000000000842303832,6808612,2019-02-28 05:26:27,btc,7.229287015685,20716.5693,0.000002203,btc,89703.5128,0.069826889753,0.0183896852857,264
0,[],22,[],2019-02-28 05:26:30,0.0,0,0,6808613,2019-02-28 05:26:30,,8.33272543,0.0,0,,413548.34411321935,0.0,0.0,271
0,[],22,[],2019-02-28 05:26:33,0.0,0,0,6808614,2019-02-28 05:26:33,,271.16935057,0.0,0,,14411474420.692,0.0,0.0,272
0,[],28,[],2019-02-28 05:26:39,0.0,0,0,6808615,2019-02-28 05:26:39,,0.0,0.0,0,,0.0,0.0,0.0,272
1,[],22,[],2019-02-28 05:26:44,116889.74,0.00000360,0.00000000013764384,6808616,2019-02-28 05:26:44,BTC,74.32244185,0.0,0.00000360,"BTC,LTC",8380.527743939856,0.0,0.04953697,281
1,[],22,[],2019-02-28 05:26:48,863814.5,0.00000002,0.000000000000764688,6808617,2019-02-28 05:26:48,BTC,1.33224124,0.0,0.00000002,BTC,134474.99887885063,0.00040847,0.01714417,286
0,[],22,[],2019-02-28 05:26:51,0.0,0,0,6808618,2019-02-28 05:26:51,,43634.75839435,0.0,0,,432735487.0,0.0,0.0,294
