pairValue,buyBook,exchangeId,sellBook,updated,buyTotal,satoshiPrice,usdPrice,exchangeLogId,created,bestPair,sellTotalBtc,volume,pairPrice,activePairs,sellTotal,volumeBtc,buyTotalBtc,coinId
1,[],3,[],2019-03-01 10:20:51,30556.25907027268,0.01251322000000000024544366539203110733069479465484619140625,0.000000479441521656,6818066,2019-03-01 10:20:51,btc,61.105109096781284,0.0400073,0.01251322000000000024544366539203110733069479465484619140625,btc,24.776249721169002,0.0,0.5089331970418406,1
1,[],4,[],2019-03-01 10:20:52,208056.02281972,0.01260731,0.000000483046561188,6818067,2019-03-01 10:20:52,btc,9.214636972384355,0.0,0.01260731,btc,261.94366013,0.8891529,2.987586523619271,1
1,[],5,[],2019-03-01 10:20:54,0.0,0,0,6818068,2019-03-01 10:20:54,btc,0.0,0.04549203,0,btc,0.0,0.0,0.0,1
1,[],10,[],2019-03-01 10:20:56,414798.76680823,0.01034437,0.000000396342467676,6818069,2019-03-01 10:20:56,btc,6520.682668554627,1745.98901874,0.01034437,btc,965.85680302,0.0,5.65355159224472,1
1,[],12,[],2019-03-01 10:20:59,10438.22791428,0.01255000000000000039135361618036768049933016300201416015625,0.0000004808507400000001,6818070,2019-03-01 10:20:59,btc,0.5782320732955,0.0,0.01255000000000000039135361618036768049933016300201416015625,btc,36.38424347,0.3209091838732,0.3545953440543,1
1,[],20,[],2019-03-01 10:21:00,1151.4783,0.01151,0.000000441003348,6818071,2019-03-01 10:21:00,btc,0.0662082325693,0.0466,0.01151,btc,3.0133,0.000489766,0.0946511826215,1
1,[],21,[],2019-03-01 10:21:01,2249.55940098,0.01253867999999999996441069072,0.000000480417016464,6818072,2019-03-01 10:21:01,btc,16.476620537302885,1252.5342901,0.0125386799999999999644106907226159819401800632476806640625,"btc,eth",1672.0631391699999,14.792721789655527,24.4841995094323,1
1,[],22,[],2019-03-01 10:22:18,0.006382215384615385,0.01300000,0.0000004980924,6818073,2019-03-01 10:22:18,BTC,0.31439419,0.0,0.01300000,BTC,0.12751438772928525,0.0,7.978e-05,1
1,[],24,[],2019-03-01 10:22:18,0.0,0.000000000000,0,6818074,2019-03-01 10:22:18,btc,0.0,0.0,0.000000000000,btc,0.0,0.0,0.0,1
0.0,[],25,[],2019-03-01 10:22:19,0.0,0,0,6818075,2019-03-01 10:22:19,btc,11.565799998571553,791.65021047,0.0,btc,895.49314351,10.0529,0.0,1
1,[],26,[],2019-03-01 10:22:20,0.0,0,0,6818076,2019-03-01 10:22:20,,0.0,0.0,0,,0.0,0.0,0.0,1
1,[],28,[],2019-03-01 10:22:22,993.142,0.01323000,0.000000506904804,6818077,2019-03-01 10:22:22,btc,0.162839806,18522.0,0.01323000,btc,8.9,0.0,0.089302756,1
0,[],2,[],2019-01-20 23:28:45,0.0,0,0,6477011,2019-01-20 23:28:45,,0.0,0.0,0,,0.0,0.0,0.0,1
1,[],5,[],2019-03-01 10:22:24,0.0,0,0,6818078,2019-03-01 10:22:24,btc,0.0,0.02462734,0,btc,0.0,0.0,0.0,2
0,[],22,[],2019-03-01 10:22:40,0.0,0,0,6818079,2019-03-01 10:22:40,,0.0,0.0,0,,0.0,0.0,0.0,2
1,[],5,[],2019-03-01 10:22:43,0.0,0,0,6818080,2019-03-01 10:22:43,btc,0.0,0.88166397,0,btc,0.0,0.0,0.0,3
1,[],12,[],2019-03-01 10:22:45,13237965.71462,0.000000174,0.0000000000066667752,6818081,2019-03-01 10:22:45,btc,924396.5494670619,0.0,0.000000174,btc,8201625.17415583,0.04644925483731313,0.66290198898502,3
0,[],28,[],2019-03-01 10:22:46,0.0,0,0,6818082,2019-03-01 10:22:46,,0.0,0.0,0,,0.0,0.0,0.0,3
0,[],2,[],2019-01-20 23:31:32,0.0,0,0,6477077,2019-01-20 23:31:32,,0.0,0.0,0,,0.0,0.0,0.0,4
1,[],4,[],2019-03-01 10:22:48,394621.33670529,0.00000033,0.000000000012643884,6818083,2019-03-01 10:22:48,btc,31.987237109656288,0.0,0.00000033,btc,711465.54491406,0.0,0.0533407894865769,4
1,[],12,[],2019-03-01 09:25:10,1365307.18866667,0.00000003,0.000000000001151937,6817595,2019-03-01 09:25:10,btc,11013925.630790796,0.0,0.00000003,btc,1265766.42361994,0.0032488055644356,0.0204712504400001,5
0,[],2,[],2019-01-20 23:31:51,0.0,0,0,6477087,2019-01-20 23:31:51,,0.0,0.0,0,,0.0,0.0,0.0,6
1,[],11,[],2019-03-01 10:22:50,6434308.5,0.00000002,0.000000000000766296,6818084,2019-03-01 10:22:50,btc,9568.047454252814,663111.0,0.00000002,btc,41614050.07452957,0.0,0.086161005,6
1,[],3,[],2019-03-01 10:22:51,1078.300764522044,0.0001510600000000000072038208731584063571062870323657989501953125,0.000000005787833688,6818085,2019-03-01 10:22:51,btc,26.3363151709563,0.0,0.0001510600000000000072038208731584063571062870323657989501953125,btc,247.537822229004,0.0,0.03284743781632565,7
1,[],4,[],2019-03-01 10:22:53,88092.11478176,0.00022187,0.000000008500904676,6818086,2019-03-01 10:22:53,btc,10.489400150416081,0.0,0.00022187,btc,35539.0497165,5.17662431,4.340032575479629,7
1,[],5,[],2019-03-01 10:22:55,0.0,0,0,6818087,2019-03-01 10:22:55,btc,0.0,0.97678283,0,btc,0.0,0.0,0.0,7
1,[],20,[],2019-02-20 02:16:17,39399275.8418,0.000000001,0.0000000000000390183,6728586,2019-02-20 02:16:17,btc,116.9737569154545,525.0,0.000000001,btc,56932965.8895,5.25e-07,0.0393992758418,8
1,[],4,[],2019-03-01 10:22:57,1963864.03672144,0.00000169,0.00000000006475201200000001,6818088,2019-03-01 10:22:57,btc,7.189138721161477,0.0,0.00000169,btc,3002883.2725722,1.93421585,0.6798737983844121,9
1,[],28,[],2019-03-01 10:22:59,77443.22,0.00000181,0.000000000069349788,6818089,2019-03-01 10:22:59,btc,2708.763406715895,3471287.76,0.00000181,btc,12476.4655,0.0,0.08566102433,9
0,[],2,[],2019-01-20 23:22:42,0.0,0,0,6476876,2019-01-20 23:22:42,,0.0,0.0,0,,0.0,0.0,0.0,9
0,[],23,[],2019-01-20 23:22:48,0.0,0,0,6476878,2019-01-20 23:22:48,,0.0,0.0,0,,0.0,0.0,0.0,9
1,[],1,[],2019-02-17 23:31:42,1822507.21,0.00000181000000000000003456111265232042484285557293333113193511962890625,0.000000000066086901,6701244,2019-02-17 23:31:42,btc,3.6990969245,17153386.5,0.00000181000000000000003456111265232042484285557293333113193511962890625,btc,1997391.71,31.11772986,3.2610482446,9
1,[],4,[],2019-02-17 11:22:43,4341674.27126056,0.00000002,0.0000000000007272960000000001,6696112,2019-02-17 11:22:43,btc,0.1997230937751353,0.0,0.00000002,btc,4109766.79808031,0.00215132,0.0479381022052112,10
1,[],4,[],2019-03-01 10:23:00,4133744.3503792,0.00000119,0.000000000045594612,6818090,2019-03-01 10:23:00,btc,10.074493077468587,0.0,0.00000119,btc,5830864.56785328,2.73472717,2.147719550906629,12
1,[],5,[],2019-03-01 10:23:02,0.0,0,0,6818091,2019-03-01 10:23:02,btc,0.0,0.12835421,0,btc,0.0,0.0,0.0,12
0.0,[],25,[],2019-03-01 10:23:03,0.0,0,0,6818092,2019-03-01 10:23:03,,0.0,0.0,0.0,btc,0.0,0.0,0.0,12
0,[],2,[],2019-01-20 23:23:08,0.0,0,0,6476890,2019-01-20 23:23:08,,0.0,0.0,0,,0.0,0.0,0.0,12
1,[],4,[],2019-03-01 10:23:05,31921687.87401122,0.00000543,0.00000000020804936400000002,6818093,2019-03-01 10:23:05,btc,3.0062405274362334,0.0,0.00000543,btc,421235.63691252,0.21605476,0.6553186247674462,13
1,[],10,[],2019-03-01 10:23:07,401179.12630518,0.00000559,0.000000000214179732,6818094,2019-03-01 10:23:07,btc,666802.61054179,5430.72029279,0.00000559,btc,744884.7433745,0.0,0.259457882142323,13
1,[],21,[],2019-03-01 10:23:08,854621.46128072,0.000005650000000000000114903746240,0.00000000021647862000000002,6818095,2019-03-01 10:23:08,btc,6.009230482643035,213784.23836274,0.000005650000000000000114903746240013759916109847836196422576904296875,btc,952413.84994047,1.21786613,4.532567185681715,13
1,[],4,[],2019-03-01 10:23:09,683163.30424569,0.00000144,0.000000000055173312,6818096,2019-03-01 10:23:09,btc,1667.1862685556973,0.0,0.00000144,btc,858867.71241666,0.16123776,0.127127031567012,14
1,[],12,[],2019-03-01 10:23:11,217181.68345787,0.000001260000000000000006510091944689211373997750342823565006256103515625,0.000000000048276648000000004,6818097,2019-03-01 10:23:11,btc,5.29154945628453,0.0,0.000001260000000000000006510091944689211373997750342823565006256103515625,btc,32319.10027682,0.0020987456799724,0.0253389899998912,14
0,[],17,[],2019-03-01 10:23:22,0.0,0,0,6818098,2019-03-01 10:23:22,btc,0.0,0.0,0,btc,0.0,0.0,0.0,14
1,[],26,[],2019-03-01 10:23:22,0.0,0.00000050,0.0000000000191574,6818099,2019-03-01 10:23:22,btc,0.0,0.0,0.00000050,btc,0.0,0.0,0.0,14
0,[],4,[],2019-03-01 10:23:24,0.0,0,0,6818100,2019-03-01 10:23:24,,0.0,0.0,0,,0.0,0.0,0.0,15
,[],12,[],2018-12-01 15:15:48,204241.84496,0.00000489,0.000000000202473384,5260204,2018-12-01 15:15:48,btc,49.5475654835,0.0,,btc,35763.2193806,0.0163153972027625,0.0203389899998,15
1,[],4,[],2019-03-01 10:23:25,26156.7415279,0.00001792,0.0000000006866012160000001,6818101,2019-03-01 10:23:25,btc,1.3369062230879643,0.0,0.00001792,btc,14663.31837871,0.01722539,0.0867654128980306,18
1,[],10,[],2019-03-01 10:23:27,783133.21995375,0.00001846,0.000000000707291208,6818102,2019-03-01 10:23:27,btc,25.79365157547408,55118.4244878,0.00001846,btc,14095.12832786,0.0,0.1374036196158882,18
1,[],12,[],2019-03-01 10:23:28,193602.26494825998,0.0000174999999999999984669381281054967303134617395699024200439453125,0.000000000670509,6818103,2019-03-01 10:23:28,btc,23.63050235642017,0.0,0.0000174999999999999984669381281054967303134617395699024200439453125,btc,1864.03352308,2.513033e-05,0.0339781906950835,18
0,[],17,[],2019-03-01 10:23:30,0.0,0,0,6818104,2019-03-01 10:23:30,btc,0.0,0.0,0,btc,0.0,0.0,0.0,18
0,[],2,[],2019-01-20 23:23:38,0.0,0,0,6476906,2019-01-20 23:23:38,,0.0,0.0,0,,0.0,0.0,0.0,18
1,[],3,[],2019-03-01 10:23:31,118503.18839381494,0.0000200099999999999998462514583241755872222711332142353057861328125,0.000000000766679148,6818105,2019-03-01 10:23:31,btc,0.5275616020984184,94.50998943,0.0000200099999999999998462514583241755872222711332142353057861328125,btc,9003.874034863742,0.0,0.03365696266917482,19
1,[],4,[],2019-03-01 10:23:32,529535.06274429,0.00001947,0.000000000745989156,6818106,2019-03-01 10:23:32,btc,1.8750897462824512,0.0,0.00001947,btc,64739.79106662,0.33779594,2.5063200977403217,19
1,[],5,[],2019-03-01 10:23:34,0.0,0,0,6818107,2019-03-01 10:23:34,btc,0.0,0.00028832,0,btc,0.0,0.0,0.0,19
1,[],12,[],2019-03-01 10:23:34,135318.43031417,0.0000198900000000000009951761636983746939222328364849090576171875,0.000000000762081372,6818108,2019-03-01 10:23:34,btc,6.897831665803917,0.0,0.0000198900000000000009951761636983746939222328364849090576171875,btc,410.72558909,0.0,0.1093544699998763,19
0,[],27,[],2019-03-01 10:23:37,0.0,0,0,6818109,2019-03-01 10:23:37,,0.0,0.0,0,btc,0.0,0.0,0.0,19
0,[],2,[],2019-01-20 23:24:19,0.0,0,0,6476924,2019-01-20 23:24:19,,0.0,0.0,0,,0.0,0.0,0.0,19
1,[],4,[],2019-03-01 10:23:38,2815062.46050745,0.00000013,0.0000000000049809240000000004,6818110,2019-03-01 10:23:38,btc,7.376480574565102,0.0,0.00000013,btc,2851997.73159723,0.00030506,0.0810309973314801,20
1,[],4,[],2019-03-01 10:23:39,104036087.13737024,0.00000002,0.000000000000766296,6818111,2019-03-01 10:23:39,btc,1798.7485654879747,0.0,0.00000002,btc,55613109.76506001,0.0,1.1684621866280451,21
1,[],12,[],2019-03-01 10:23:41,18207001.0,0.00000002,0.000000000000766296,6818112,2019-03-01 10:23:41,btc,670.3733702334847,0.0,0.00000002,btc,8127598.32857329,0.0,0.23638026,21
0,[],17,[],2019-03-01 10:23:52,0.0,0,0,6818113,2019-03-01 10:23:52,btc,0.0,0.0,0,btc,0.0,0.0,0.0,21
1,[],12,[],2019-03-01 10:23:54,3092362570.531895,0.0000000002,0.000000000000007662960000000001,6818114,2019-03-01 10:23:54,btc,875865855491.6422,0.0,0.0000000002,btc,4946566477.174264,0.01755279830269732,0.3247447933531895,23
0.0000000003548263,[],27,[],2019-03-01 10:23:56,2000.0,3.548263e-18,1.359509871924e-22,6818115,2019-03-01 10:23:56,eth,1.3829826565934114,0.0,0.00000001,eth,2164879.85514486,0.0,7.096526e-15,23
1,[],4,[],2019-03-01 10:23:57,475070.51537519,0.00000051,0.000000000019540548,6818116,2019-03-01 10:23:57,btc,8.87375488194361,0.0,0.00000051,btc,1529337.5581986,0.00328487,0.1517683663267376,24
1,[],22,[],2019-03-01 10:24:21,11.76,0.00000100,0.0000000000383148,6818117,2019-03-01 10:24:21,BTC,7.415e-05,0.0,0.00000100,BTC,23.919354838709676,0.0,1.176e-05,24
0.0,[],25,[],2019-03-01 10:24:23,0.0,0,0,6818118,2019-03-01 10:24:23,,0.0,0.0,0.0,btc,0.0,0.0,0.0,24
1,[],4,[],2019-03-01 10:24:24,22701121.69582096,0.00000671,0.000000000257092308,6818119,2019-03-01 10:24:24,btc,166.80126951287033,0.0,0.00000671,btc,240059.35309849,0.17958256,0.3884620854317324,26
1,[],10,[],2019-03-01 10:24:26,691126.43052741,0.00000603,0.000000000231038244,6818120,2019-03-01 10:24:26,btc,26.125980505442776,3942.4118628,0.00000603,btc,14054.67408507,0.0,0.2398199360174543,26
0,[],2,[],2019-01-20 23:25:56,0.0,0,0,6476976,2019-01-20 23:25:56,,0.0,0.0,0,,0.0,0.0,0.0,26
1,[],3,[],2019-03-01 10:24:27,5543600.57033568,0.00000001,0.000000000000383148,6818121,2019-03-01 10:24:27,btc,2.260630144543312,106438.352324,0.00000001,btc,17277334.4432405,0.0,0.0554360057033568,27
1,[],5,[],2019-03-01 10:24:28,0.0,0,0,6818122,2019-03-01 10:24:28,btc,0.0,0.00376492,0,btc,0.0,0.0,0.0,27
1,[],11,[],2019-03-01 10:24:29,9470054.891515061,0.00000005,0.00000000000191574,6818123,2019-03-01 10:24:29,btc,67506.38088715188,21889.311987,0.00000005,btc,7980367.26084264,0.0,0.4414030388653851,27
1,[],4,[],2019-03-01 10:24:30,1528063970.7130933,0.00000002,0.000000000000766296,6818124,2019-03-01 10:24:30,btc,2.82101772523282,0.0,0.00000002,"btc,ltc",191612813.10729727,0.19789662,12.238351313783435,29
1,[],7,[],2019-03-01 10:24:31,35701009.00931196,0.00000002,0.000000000000766296,6818125,2019-03-01 10:24:31,btc,44462590.70615976,162623.16229,0.00000002,btc,47355870.75980134,0.0,0.3595384966865261,29
1,[],4,[],2019-03-01 10:24:32,1401158.17565661,0.00000026,0.000000000009961848000000001,6818126,2019-03-01 10:24:32,btc,2.339967704564511,0.0,0.00000026,btc,1564028.04221758,0.00023518,0.0866361253379219,30
0,[],17,[],2019-03-01 10:24:34,0.0,0,0,6818127,2019-03-01 10:24:34,btc,0.0,0.0,0,btc,0.0,0.0,0.0,30
1,[],4,[],2019-03-01 10:24:35,114591.69812258,0.00004831,0.000000001850987988,6818128,2019-03-01 10:24:35,btc,5.8434441062433,0.0,0.00004831,btc,70313.15126335,0.64427361,0.7849649770515515,31
1,[],21,[],2019-03-01 10:24:36,96569.18476023,0.00004624999999999999933646827044,0.0000000017720595,6818129,2019-03-01 10:24:36,btc,2.841121336083561,84504.17445478,0.000046249999999999999336468270438871286387438885867595672607421875,btc,51969.51000569,4.09204813,2.3305357884504594,31
0,[],2,[],2019-01-20 23:28:43,0.0,0,0,6477009,2019-01-20 23:28:43,,0.0,0.0,0,,0.0,0.0,0.0,32
1,[],4,[],2019-03-01 10:24:37,378706755.29209816,0.00000004,0.000000000001532592,6818130,2019-03-01 10:24:37,btc,11.2497594905729,0.0,0.00000004,"btc,ltc",197551154.6052757,0.84451236,8.52442185849949,33
1,[],12,[],2019-03-01 10:24:38,17069903.0,0.00000004,0.000000000001532592,6818131,2019-03-01 10:24:38,btc,35630710.941698685,0.0,0.00000004,btc,90546379.46159706,0.0018908555844155,0.54853322,33
1,[],4,[],2019-03-01 10:24:39,118699478.68262756,0.00000001,0.000000000000383148,6818132,2019-03-01 10:24:39,btc,4.033280492588147,0.0,0.00000001,btc,101865297.40916172,0.0469564,1.1869947868262756,34
1,[],5,[],2019-03-01 10:24:41,0.0,0,0,6818133,2019-03-01 10:24:41,btc,0.0,0.09190256,0,btc,0.0,0.0,0.0,34
0,[],17,[],2019-03-01 08:28:29,0.0,0,0,6817345,2019-03-01 08:28:29,btc,0.0746458232965017,0.0,0,btc,4103573.70243647,0.0,0.0,36
0.00000000012277710000000002,[],4,[],2019-03-01 10:24:43,1795581637.6062944,2.455542e-18,9.408360062160001e-23,6818134,2019-03-01 10:24:43,ltc,5.048338463490299e-08,0.0,0.00000002,ltc,6255848462.305294,0.0,2.476257673945769e-09,36
1,[],5,[],2019-03-01 10:24:43,0.0,0,0,6818135,2019-03-01 10:24:43,btc,0.0,0.0,0,btc,0.0,0.0,0.0,36
0.0000000003548263,[],27,[],2019-03-01 10:24:48,1000000.0,3.548263e-18,1.359509871924e-22,6818136,2019-03-01 10:24:48,eth,222.5997971062634,0.0,0.00000001,"ltc,eth",11163566.48751039,0.0,1.232411984e-12,36
1,[],4,[],2019-03-01 10:24:48,267435.23057957,0.00000061,0.000000000023372028,6818137,2019-03-01 10:24:48,btc,19772.487919705192,0.0,0.00000061,btc,562009.64578,0.00837212,0.1245640358556554,37
1,[],12,[],2019-03-01 10:24:49,535500.0312553,0.00000063,0.000000000024138324000000002,6818138,2019-03-01 10:24:49,btc,1345.8692154354346,0.0,0.00000063,btc,1012805.19394321,0.1704048660272743,0.15102469000000118,37
1,[],17,[],2019-03-01 10:24:51,1752.74075282,0.00000025,0.0000000000095787,6818139,2019-03-01 10:24:51,btc,0.05548492399236812,0.0,0.00000025,btc,1387.19918473,0.0,0.00043818518820499993,37
1,[],27,[],2019-03-01 10:24:52,14685.567,0.00000045,0.000000000017241660000000002,6818140,2019-03-01 10:24:52,btc,25.82160105111233,0.0,0.00000045,btc,6804.86438508,0.0,0.00480032515,37
1,[],5,[],2019-03-01 10:24:54,0.0,0,0,6818141,2019-03-01 10:24:54,btc,0.0,0.0694065,0,btc,0.0,0.0,0.0,42
1,[],12,[],2019-03-01 10:24:55,257149.16235005,0.00000097,0.000000000037165356,6818142,2019-03-01 10:24:55,btc,94.68546241846624,0.0,0.00000097,btc,99007.1928806,0.0586957621631359,0.062875034228738,42
0.0000000003548263,[],27,[],2019-03-01 10:24:58,2000.0,3.548263e-18,1.359509871924e-22,6818143,2019-03-01 10:24:58,eth,0.00315028,0.0,0.00000001,"btc,eth",11.007,0.0,7.096526e-15,42
1,[],5,[],2019-03-01 10:24:59,0.0,0,0,6818144,2019-03-01 10:24:59,btc,0.0,0.10971781,0,btc,0.0,0.0,0.0,43
1,[],12,[],2019-03-01 10:25:01,1079271.0,0.00000001,0.000000000000383148,6818145,2019-03-01 10:25:01,btc,3569.629312565884,0.0,0.00000001,btc,12094506.14025972,0.0001293306693308,0.01079271,43
0,[],17,[],2019-03-01 09:55:42,0.0,0,0,6817946,2019-03-01 09:55:42,btc,0.0,0.0,0,btc,0.0,0.0,0.0,43
1,[],12,[],2019-03-01 10:25:02,682452.0,0.00000005,0.00000000000191574,6818146,2019-03-01 10:25:02,btc,11116042.727856407,0.0,0.00000005,btc,1102952.40161834,1.1e-06,0.01625906,44
1,[],4,[],2019-03-01 10:25:04,290685695.5103865,0.00000002,0.000000000000766296,6818147,2019-03-01 10:25:04,btc,473.5842550598476,0.0,0.00000002,"btc,ltc",12093553.90365541,0.00011437,0.19751143870162668,49
0.00000000012277710000000002,[],4,[],2019-03-01 10:25:05,299621997.47371626,1.227771e-18,4.7041800310800004e-23,6818148,2019-03-01 10:25:05,ltc,25.56813391876095,0.0,0.00000001,ltc,10247137716.60818,0.0,3.678671994603021e-10,52
0.0000000001246936,[],22,[],2019-03-01 10:25:47,80845862.0,1.246936e-18,4.7776103452800004e-23,6818149,2019-03-01 10:25:47,XMR,4366.96996713,0.0,0.00000001,XMR,255350310.67882353,0.0,0.80845862,57
0.0000000003548263,[],27,[],2019-03-01 10:25:49,2000.0,3.548263e-18,1.359509871924e-22,6818150,2019-03-01 10:25:49,eth,0.0,0.0,0.00000001,"btc,eth",0.0,0.0,7.096526e-15,57
0.00000000012277710000000002,[],4,[],2019-03-01 10:25:51,1284351190.124153,4.911084e-18,1.8816720124320002e-22,6818151,2019-03-01 10:25:51,ltc,18.80718520549561,0.0,0.00000004,ltc,3900570703.1800942,0.0,3.2225879687653196e-09,58
1,[],12,[],2019-03-01 10:25:52,1617826763.843957,0.0000000004,0.000000000000015325920000000002,6818152,2019-03-01 10:25:52,btc,224005480238.0779,0.0,0.0000000004,btc,3778373085.3672786,0.001471720343771195,0.5222765098011392,58
0.0000000001246936,[],22,[],2019-03-01 10:26:51,137438.0,1.246936e-18,4.7776103452800004e-23,6818153,2019-03-01 10:26:51,XMR,69.8835922,0.0,0.00000001,XMR,9887963.0,0.0,0.00137438,58
0,[],17,[],2019-03-01 09:33:54,0.0,0,0,6817662,2019-03-01 09:33:54,btc,1e+24,0.0,0,btc,49226522.0897055,0.0,0.0,58
1,[],5,[],2019-03-01 10:26:52,0.0,0,0,6818154,2019-03-01 10:26:52,btc,0.0,0.01311602,0,btc,0.0,0.0,0.0,61
1,[],22,[],2019-03-01 10:27:51,13788.5,0.00000012,0.000000000004597776,6818155,2019-03-01 10:27:51,BTC,1002.29597012,0.0,0.00000012,BTC,14947.700278135757,0.0,0.00155365,61
1,[],26,[],2019-03-01 10:27:51,0.0,0.00000800,0.0000000003065184,6818156,2019-03-01 10:27:51,btc,0.0,0.0,0.00000800,btc,0.0,0.0,0.0,61
1,[],27,[],2019-03-01 10:27:53,2160.118,0.00000045,0.000000000017241660000000002,6818157,2019-03-01 10:27:53,btc,7.76205105961638,0.0,0.00000045,"btc,eth",20757.11257617,0.0,0.000199597502984509,61
1,[],28,[],2019-03-01 10:27:55,13880.304,0.0000005,0.0000000000191574,6818158,2019-03-01 10:27:55,btc,2.056312978300105,682.0,0.0000005,btc,9730.59500005,0.0,0.00566391304,61
1,[],4,[],2019-03-01 10:27:56,1469538.38170951,0.00000280,0.00000000010728144000000001,6818159,2019-03-01 10:27:56,btc,11.232305333781293,0.0,0.00000280,btc,794537.34580779,0.06205835,1.5048446762463916,67
0.0,[],25,[],2019-03-01 10:27:58,0.0,0,0,6818160,2019-03-01 10:27:58,,0.0,0.0,0.0,btc,0.0,0.0,0.0,67
1,[],12,[],2019-03-01 10:27:59,1645873.23609401,0.00000018,0.000000000006896664,6818161,2019-03-01 10:27:59,btc,11115998.997942027,0.0,0.00000018,btc,2174498.03331492,0.008280152611158,0.0587792064411105,71
,[],5,[],2018-11-20 23:02:39,1.5e-07,0.00000005,0.000000000002128045,4862160,2018-11-20 23:02:39,btc,2.84511358,0.0,,btc,0.00036572,0.0,0.07381892,74
1,[],5,[],2019-03-01 10:28:01,0.0,0,0,6818162,2019-03-01 10:28:01,btc,0.0,0.00020977,0,btc,0.0,0.0,0.0,75
1,[],4,[],2019-03-01 10:28:02,16180270.251575,0.00000001,0.000000000000383148,6818163,2019-03-01 10:28:02,btc,11388.6318068588,0.0,0.00000001,btc,34456445.8995017,0.0,0.16180270251575,81
0,[],20,[],2019-01-25 09:30:31,0.0,0,0,6495923,2019-01-25 09:30:31,btc,0.0,0.0,0,btc,0.0,0.0,0.0,81
1,[],4,[],2019-03-01 10:28:04,28680.62245697,0.00007588,0.0000000029073270240000003,6818164,2019-03-01 10:28:04,btc,17.732364296372765,0.0,0.00007588,btc,12480.71990319,0.01749695,0.1387670283729015,82
1,[],21,[],2019-03-01 10:28:05,30527.01711639,0.00007300999999999999384801135927,0.000000002797363548,6818165,2019-03-01 10:28:05,btc,2.117185812434221,2175.80795395,0.000073009999999999993848011359265370856519439257681369781494140625,btc,23218.969617,0.15961024,1.3591038150672616,82
0,[],17,[],2019-03-01 10:28:17,0.0,0,0,6818166,2019-03-01 10:28:17,btc,0.0447233088476774,0.0,0,btc,999127.19588126,0.0,0.0,84
0.00000000012277710000000002,[],4,[],2019-03-01 10:28:18,121829570.012268,3.683313e-18,1.4112540093240002e-22,6818167,2019-03-01 10:28:18,ltc,1.7828322501198597,0.0,0.00000003,ltc,401533498.9914179,0.0,2.5482015734763104e-10,85
,[],22,[],2018-11-20 23:09:34,3408.1,0.0000001,0.0000000000041895,4862324,2018-11-20 23:09:34,BTC,0.04624735,0.0,,BTC,4990.0,0.0,0.00033081,86
0,[],22,[],2019-02-22 12:52:35,0.0,0,0,6758847,2019-02-22 12:52:35,,2.0760781,0.0,0,,140622.94736842104,0.0,0.0,87
0,[],27,[],2019-02-22 12:52:37,0.0,0,0,6758848,2019-02-22 12:52:37,,0.0,0.0,0,btc,0.0,0.0,0.0,87
,[],2,[],2018-11-20 23:10:47,0.0,0,0,4862359,2018-11-20 23:10:47,,0.0,0.0,,,0.0,0.0,0.0,88
1,[],11,[],2019-03-01 10:28:20,91412.06522589,0.00013940999999999999507845072077572012858581729233264923095703125,0.000000005341466268,6818168,2019-03-01 10:28:20,btc,609.3314534279308,1640.11166839,0.00013940999999999999507845072077572012858581729233264923095703125,btc,96745.05427566,0.0,6.0132067144673975,89
0,[],2,[],2019-01-20 23:31:45,0.0,0,0,6477083,2019-01-20 23:31:45,,0.0,0.0,0,,0.0,0.0,0.0,91
1,[],12,[],2019-03-01 10:28:21,471014.15931178996,0.000001529999999999999962528346615642238504051420022733509540557861328125,0.000000000058621644,6818169,2019-03-01 10:28:21,btc,4.361477348235534,0.0,0.000001529999999999999962528346615642238504051420022733509540557861328125,btc,59997.60192172,1.8761606004e-05,0.08628322699381219,91
0,[],17,[],2019-03-01 10:28:23,0.0,0,0,6818170,2019-03-01 10:28:23,btc,0.0,0.0,0,btc,0.0,0.0,0.0,91
0,[],22,[],2019-03-01 09:56:43,0.0,0,0,6817971,2019-03-01 09:56:43,,3e-06,0.0,0,,1.0,0.0,0.0,91
0.0000000001231641,[],22,[],2019-03-01 09:56:47,1520600.0,7.389846e-18,2.838314221218e-22,6817972,2019-03-01 09:56:47,LTC,8.53161599,0.0,0.00000006,LTC,71994962.1,0.0,0.091236,95
0.0000000001231641,[],4,[],2019-03-01 09:56:48,646900851.147991,7.636174200000001e-17,2.9329246952586e-21,6817973,2019-03-01 09:56:48,ltc,11.885879536439546,0.0,0.00000062,ltc,136634025.5430487,0.0,1.942575801473558e-09,96
0,[],12,[],2019-03-01 09:56:49,0.0,0,0,6817974,2019-03-01 09:56:49,btc,255079.46687987793,0.0,0,btc,8740691.95135837,4.995005e-08,0.0,96
0,[],17,[],2019-03-01 09:56:50,0.0,0,0,6817975,2019-03-01 09:56:50,btc,0.0,0.0,0,btc,0.0,0.0,0.0,96
1,[],4,[],2019-03-01 09:56:52,1352542.71544883,0.00000028,0.000000000010754324,6817976,2019-03-01 09:56:52,btc,2.846579206770711,0.0,0.00000028,btc,2360840.74672825,0.00568526,0.0983291769245576,99
0,[],2,[],2019-01-20 23:23:55,0.0,0,0,6476914,2019-01-20 23:23:55,,0.0,0.0,0,,0.0,0.0,0.0,100
1,[],4,[],2019-03-01 09:56:52,338495.35631972,0.00004233,0.000000001625823339,6817977,2019-03-01 09:56:52,btc,12.052854665592028,0.0,0.00004233,btc,169481.55529488,3.11134219,2.4823262060691813,100
1,[],22,[],2019-03-01 09:57:02,50000.0,0.00000001,0.000000000000384083,6817978,2019-03-01 09:57:02,BTC,23.49896609,0.0,0.00000001,BTC,10277.22,0.0,0.0005,101
1,[],4,[],2019-03-01 09:57:03,482530.77210377,0.00000087,0.000000000033415221,6817979,2019-03-01 09:57:03,btc,256.3008522735578,0.0,0.00000087,btc,490332.77154567,0.00943998,0.2482935889759612,103
1,[],12,[],2019-03-01 09:57:06,68777366.9,0.00000001,0.00000000000038408300000000003,6817980,2019-03-01 09:57:06,btc,137278952.4310134,0.0,0.00000001,btc,125951010.41837887,0.01320750945054971,0.269600489,105
1,[],27,[],2019-03-01 09:57:08,462856.89,0.00000001,0.000000000000384083,6817981,2019-03-01 09:57:08,btc,36.58422120075966,0.0,0.00000001,btc,531915.56793212,0.0,0.0046285689,105
1,[],22,[],2019-03-01 09:57:25,9328.0,0.00000001,0.000000000000384083,6817982,2019-03-01 09:57:25,BTC,51.10837004,0.0,0.00000001,BTC,470435.0,0.0,9.328e-05,107
1,[],26,[],2019-03-01 09:57:25,0.0,0.00000000,0,6817983,2019-03-01 09:57:25,btc,0.0,0.0,0.00000000,btc,0.0,0.0,0.0,107
1,[],5,[],2019-03-01 09:57:27,0.0,0,0,6817984,2019-03-01 09:57:27,btc,0.0,0.10002853,0,btc,0.0,0.0,0.0,112
1,[],22,[],2019-03-01 09:59:41,1966.0,0.00000001,0.000000000000384083,6817985,2019-03-01 09:59:41,BTC,2.81183288,0.0,0.00000001,BTC,808524.0833333334,0.0,1.966e-05,112
0.0000000003548116,[],27,[],2019-03-01 09:59:43,2000.0,3.5481159999999995e-18,1.362771037628e-22,6817986,2019-03-01 09:59:43,eth,1.35132491849924,0.0,0.00000001,"btc,eth",1328.641654,0.0,7.096231999999999e-15,112
1,[],4,[],2019-03-01 09:59:44,1073284.38096759,0.00000241,0.000000000092564003,6817987,2019-03-01 09:59:44,btc,85.1146179849055,0.0,0.00000241,btc,332786.18770013,0.17651247,0.8305897197950526,113
1,[],5,[],2019-03-01 09:59:46,0.0,0,0,6817988,2019-03-01 09:59:46,btc,0.0,0.01790726,0,btc,0.0,0.0,0.0,113
1,[],17,[],2019-03-01 09:59:48,152738.278,0.00000004,0.0000000000015363320000000001,6817989,2019-03-01 09:59:48,btc,1.3368030274981102,0.0,0.00000004,btc,51896.221,0.0,0.0022095311199999998,116
0,[],27,[],2019-03-01 09:59:50,0.0,0,0,6817990,2019-03-01 09:59:50,,0.0,0.0,0,btc,0.0,0.0,0.0,116
1,[],4,[],2019-03-01 09:59:51,125201.50832154,0.00002693,0.000000001034335519,6817991,2019-03-01 09:59:51,btc,28.41155268332015,0.0,0.00002693,btc,52329.96790478,8.15161683,1.896643192041609,120
1,[],7,[],2019-03-01 09:59:52,20986.47718183,0.000016229999999999998767929998422232529264874756336212158203125,0.000000000623366709,6817992,2019-03-01 09:59:52,btc,115647.68722522032,465.70650007,0.000016229999999999998767929998422232529264874756336212158203125,btc,55904.40728,0.0128911,0.054324616411304004,120
1,[],20,[],2019-03-01 09:59:57,1488670.9309,0.000000039,0.0000000000014979237,6817993,2019-03-01 09:59:57,btc,32.2920319419844,5610.4,0.000000039,btc,949484.1857,0.0002350852806,0.0097762589056,125
1,[],22,[],2019-03-01 10:00:28,3053.0,0.00000001,0.000000000000384083,6817994,2019-03-01 10:00:28,BTC,0.01444887,0.0,0.00000001,BTC,296263.5111111111,0.0,3.053e-05,126
0,[],2,[],2019-01-20 23:25:46,0.0,0,0,6476969,2019-01-20 23:25:46,,0.0,0.0,0,,0.0,0.0,0.0,131
1,[],4,[],2019-03-01 10:00:29,2662014.09199622,0.00001316,0.000000000505453228,6817995,2019-03-01 10:00:29,btc,3.956517665384558,0.0,0.00001316,btc,111043.81563555,0.42221807,0.4266424297205947,131
0,[],17,[],2019-03-01 10:00:41,0.0,0,0,6817996,2019-03-01 10:00:41,btc,0.0009561751951600001,0.0,0,btc,35.42829368,0.0,0.0,131
1,[],4,[],2019-03-01 10:00:43,4555.79142085,0.00016001,0.000000006145712083,6817997,2019-03-01 10:00:43,btc,1.6201340197446328,0.0,0.00016001,btc,238.12730989,0.0,0.0082138372233006,135
1,[],3,[],2019-03-01 00:42:21,1024913.8877684299,0.00000004,0.000000000001529156,6814825,2019-03-01 00:42:21,btc,0.6351930129087457,0.0,0.00000004,btc,2364505.75112032,0.0,0.033059678173701895,136
1,[],4,[],2019-03-01 10:00:44,265949.88967513,0.00000160,0.00000000006145328,6817998,2019-03-01 10:00:44,btc,38.97764447464718,0.0,0.00000160,btc,582404.61855801,0.00902541,0.0800832143667796,137
1,[],12,[],2019-03-01 10:00:45,321941.17240973,0.000001749999999999999973748754898694723891594549058936536312103271484375,0.000000000067214525,6817999,2019-03-01 10:00:45,btc,11807.602087901325,0.0,0.000001749999999999999973748754898694723891594549058936536312103271484375,btc,125501.09394387,0.0029354059272661,0.0674305189999992,137
1,[],17,[],2019-03-01 08:36:19,22967.386363640002,0.00000088,0.000000000033772112,6817411,2019-03-01 08:36:19,btc,20.069913352830138,0.0,0.00000088,btc,2746.079105,0.0,0.0104613000000032,142
1,[],4,[],2019-03-01 10:00:47,99035.15456981,0.00002656,0.000000001020124448,6818000,2019-03-01 10:00:47,btc,28.694357499024495,0.0,0.00002656,btc,40435.64818873,0.14296438,0.3541755091114047,142
1,[],5,[],2019-03-01 10:00:48,0.0,0,0,6818001,2019-03-01 10:00:48,btc,0.0,0.09689179,0,btc,0.0,0.0,0.0,142
1,[],20,[],2019-03-01 10:01:01,133992.8754,0.00002552,0.000000000980179816,6818002,2019-03-01 10:01:01,btc,0.3031935754069,0.0,0.00002552,btc,1336.4908,0.0,0.2522291248407,142
1,[],22,[],2019-03-01 10:01:32,1685.8988921568628,0.00004000,0.000000001536332,6818003,2019-03-01 10:01:32,BTC,3.00385504,0.0,0.00004000,BTC,891.218,0.0,0.00174536,142
0.0,[],25,[],2019-03-01 10:01:33,0.0,0,0,6818004,2019-03-01 10:01:33,,0.0,0.0,0.0,btc,0.0,0.0,0.0,142
1,[],28,[],2019-03-01 10:01:35,76600.0,0.00004400,0.0000000016899652,6818005,2019-03-01 10:01:35,btc,0.0639742472,397.565,0.00004400,btc,500.6113,0.0,0.0261072,142
0,[],22,[],2019-03-01 10:01:58,0.0,0,0,6818006,2019-03-01 10:01:58,,60.72280694,0.0,0,,696341446.3,0.0,0.0,143
0,[],22,[],2019-02-25 15:42:22,0.0,0,0,6783783,2019-02-25 15:42:22,,4.2131946,0.0,0,,2322156.0,0.0,0.0,146
,[],22,[],2018-11-20 23:01:11,0.0,0,0,4862114,2018-11-20 23:01:11,,2.56807021,0.0,,,61828.4988236,0.0,0.0,147
1,[],12,[],2019-03-01 10:01:59,218141.34312554,0.00000250000000000000020450763478507827386465578456409275531768798828125,0.00000000009602075,6818007,2019-03-01 10:01:59,btc,16.61405187805274,0.0,0.00000250000000000000020450763478507827386465578456409275531768798828125,btc,117097.25034917,0.0002208916083837,0.0247527799999884,148
1,[],4,[],2019-03-01 10:02:01,245964.57263514,0.00000032,0.000000000012290656,6818008,2019-03-01 10:02:01,btc,219.96754745565943,0.0,0.00000032,btc,800822.7951546,0.00038709,0.058333876572871,152
0,[],22,[],2019-03-01 10:02:24,0.0,0,0,6818009,2019-03-01 10:02:24,,0.0,0.0,0,,0.0,0.0,0.0,152
1,[],5,[],2019-03-01 10:02:26,0.0,0,0,6818010,2019-03-01 10:02:26,btc,0.0,0.0,0,btc,0.0,0.0,0.0,153
,[],16,[],2019-01-11 15:38:59,0.0,0,0,6366141,2019-01-11 15:38:59,btc,0.0,0.0,,btc,0.0,0.0,0.0,155
0,[],23,[],2019-01-20 23:24:29,0.0,0,0,6476932,2019-01-20 23:24:29,,0.0,0.0,0,,0.0,0.0,0.0,156
0,[],22,[],2019-03-01 10:02:49,0.0,0,0,6818011,2019-03-01 10:02:49,,6.74608751,0.0,0,,4644392.242592593,0.0,0.0,156
1,[],22,[],2019-03-01 10:03:42,7073.8,0.00005300,0.0000000020356399,6818012,2019-03-01 10:03:42,BTC,1.80343699,0.0,0.00005300,BTC,899.6422341958436,0.0,0.00104336,157
0,[],22,[],2019-03-01 10:04:03,0.0,0,0,6818013,2019-03-01 10:04:03,,50175.68008609,0.0,0,,54479136.04179466,0.0,0.0,158
,[],17,[],2018-11-20 22:56:10,0.0,0,0,4861976,2018-11-20 22:56:10,btc,1.1265625,0.0,,btc,1000.0,0.0,0.0,159
,[],20,[],2018-11-20 22:56:12,0.0,0,0,4861977,2018-11-20 22:56:12,btc,11912.7940471,0.0,,btc,34413894.3617,0.0,0.0,159
1,[],12,[],2019-03-01 10:04:06,182111.72970314,0.000007220000000000000329731901504981550488082575611770153045654296875,0.000000000277307926,6818014,2019-03-01 10:04:06,btc,6.643495941030034,0.0,0.000007220000000000000329731901504981550488082575611770153045654296875,btc,13786.68413222,0.0073817351971432,0.095210691277068,168
1,[],17,[],2019-03-01 10:04:09,29784.95,0.000001,0.0000000000384083,6818015,2019-03-01 10:04:09,btc,0.03026736251542,0.0,0.000001,btc,144.46171372,0.0,0.00716147,168
0,[],22,[],2019-03-01 10:04:24,0.0,0,0,6818016,2019-03-01 10:04:24,,1.1341504,0.0,0,,539283.174707144,0.0,0.0,169
1,[],22,[],2019-03-01 10:04:49,203600.0,0.00000002,0.000000000000768166,6818017,2019-03-01 10:04:49,BTC,13.2501524,0.0,0.00000002,BTC,144336.2939341018,0.0,0.002072,171
1,[],22,[],2019-03-01 10:05:05,1404714.0,0.00000003,0.000000000001152249,6818018,2019-03-01 10:05:05,BTC,2.1976194,0.0,0.00000003,BTC,242703.64055692567,0.0,0.02490464,173
1,[],5,[],2019-03-01 10:05:07,0.0,0,0,6818019,2019-03-01 10:05:07,btc,0.0,0.00019574,0,btc,0.0,0.0,0.0,175
1,[],22,[],2019-03-01 10:05:43,45904.0,0.0000003,0.00000000001152249,6818020,2019-03-01 10:05:43,BTC,0.52955903,0.0,0.0000003,BTC,143368.41384013777,0.0,0.0052148,176
0,[],2,[],2019-01-20 23:28:34,0.0,0,0,6477001,2019-01-20 23:28:34,,0.0,0.0,0,,0.0,0.0,0.0,178
1,[],7,[],2019-03-01 10:06:18,0.0,0,0,6818021,2019-03-01 10:06:18,btc,410932.5273358376,0.0,0,btc,117801559.31901672,0.0,0.0,178
0,[],22,[],2019-03-01 10:08:26,0.0,0,0,6818022,2019-03-01 10:08:26,,1.00242428,0.0,0,,57512.0,0.0,0.0,178
0,[],23,[],2019-01-20 23:25:08,0.0,0,0,6476952,2019-01-20 23:25:08,,0.0,0.0,0,,0.0,0.0,0.0,179
1,[],5,[],2019-03-01 10:08:28,0.0,0,0,6818023,2019-03-01 10:08:28,btc,0.0,0.18268189,0,btc,0.0,0.0,0.0,179
1,[],22,[],2019-03-01 10:09:24,6949180.5,0.00000002,0.000000000000768166,6818024,2019-03-01 10:09:24,BTC,5.63117792,0.0,0.00000002,"BTC,LTC",17085963.756535422,0.00025007,0.37392433,179
1,[],17,[],2019-03-01 09:41:35,10504.725,0.0000001,0.00000000000383979,6817730,2019-03-01 09:41:35,btc,5.20106958384484,0.0,0.0000001,btc,5033.45945,0.0,0.0010504725,180
1,[],22,[],2019-03-01 10:10:18,139605.4,0.00000055,0.000000000021124565,6818025,2019-03-01 10:10:18,BTC,0.21923843,0.0,0.00000055,"BTC,LTC",71771.6274345668,0.00791051,0.00460544,180
1,[],26,[],2019-03-01 10:10:18,0.0,0.00000160,0.00000000006145328,6818026,2019-03-01 10:10:18,btc,0.0,0.0,0.00000160,btc,0.0,0.0,0.0,180
,[],7,[],2018-11-20 22:58:01,562227.975654,0.00000085,0.000000000036176765,4862015,2018-11-20 22:58:01,btc,21836.6059674,2491.87645172,,btc,749999.041456,0.00211021,0.127565380455,183
,[],5,[],2019-01-10 08:11:41,0.0,0,0,6347036,2019-01-10 08:11:41,btc,82.15055501,0.00261,,btc,1.19002445,0.0,0.0,187
,[],17,[],2018-11-16 20:58:10,4062536.27273,0.00000001,0.000000000000550501,4708775,2018-11-16 20:58:10,btc,3.36492563466,0.195460381006,,"btc,eth",110697919.549,0.0,0.0157628953496,187
1,[],24,[],2019-03-01 10:10:20,0.0,0.000000000001,3.84083e-17,6818027,2019-03-01 10:10:20,btc,0.0,0.0,0.000000000001,btc,0.0,0.0,0.0,187
0,[],22,[],2019-02-27 04:05:17,0.0,0,0,6799309,2019-02-27 04:05:17,,1.19374396,0.0,0,,16308.869534405507,0.0,0.0,191
0,[],22,[],2019-03-01 00:51:27,0.0,0,0,6814858,2019-03-01 00:51:27,,0.0,0.0,0,,0.0,0.0,0.0,197
0,[],23,[],2019-01-20 23:31:41,0.0,0,0,6477079,2019-01-20 23:31:41,,0.0,0.0,0,,0.0,0.0,0.0,199
0,[],22,[],2019-03-01 10:10:47,0.0,0,0,6818028,2019-03-01 10:10:47,,5.19477622,0.0,0,,21058553.0,0.0,0.0,199
1,[],26,[],2019-03-01 10:10:48,0.0,0.00000000,0,6818029,2019-03-01 10:10:48,btc,0.0,0.0,0.00000000,btc,0.0,0.0,0.0,199
0,[],17,[],2019-01-30 16:32:01,0.0,0,0,6540827,2019-01-30 16:32:01,btc,6.802544163788159,0.0,0,btc,105897.55575295,0.0,0.0,200
0,[],2,[],2019-01-20 23:30:49,0.0,0,0,6477059,2019-01-20 23:30:49,,0.0,0.0,0,,0.0,0.0,0.0,201
1,[],4,[],2019-01-25 15:51:35,2084389.58565343,0.00000936,0.000000000333526752,6499557,2019-01-25 15:51:35,btc,2.0092503037378524,0.0,0.00000936,btc,160195.80207885,0.19272417,1.242687955921835,211
1,[],7,[],2019-03-01 10:10:50,2724117.22300094,0.00000137999999999999991637657063836552850943917292170226573944091796875,0.000000000053003453999999995,6818030,2019-03-01 10:10:50,btc,15476835.058071334,1592226.5333,0.00000137999999999999991637657063836552850943917292170226573944091796875,btc,12237708.09344479,0.0,2.8360133536132204,212
1,[],12,[],2019-01-25 02:44:32,207462.42853209,0.000001080000000000000035831255497387193287295303889550268650054931640625,0.000000000038610756000000006,6493050,2019-01-25 02:44:32,btc,85023.03793723314,0.0,0.000001080000000000000035831255497387193287295303889550268650054931640625,btc,43675.73520027,0.000146250909087,0.0348620860622024,213
1,[],5,[],2019-03-01 10:10:53,0.0,0,0,6818031,2019-03-01 10:10:53,btc,0.0,0.2047474,0,btc,0.0,0.0,0.0,213
1,[],24,[],2019-03-01 10:10:53,0.0,0.000000110000,0.000000000004224913,6818032,2019-03-01 10:10:53,btc,0.0,0.0,0.000000110000,btc,0.0,0.0,0.0,213
1,[],26,[],2019-03-01 10:10:54,0.0,0.00000010,0.00000000000384083,6818033,2019-03-01 10:10:54,btc,0.0,0.0,0.00000010,btc,0.0,0.0,0.0,213
1,[],22,[],2019-03-01 10:11:34,29544.0,0.00000002,0.000000000000768166,6818034,2019-03-01 10:11:34,BTC,2.22730776,0.0,0.00000002,BTC,474814.3963726171,0.00168636,0.00030003,216
1,[],27,[],2019-03-01 10:11:37,1298602.0,0.00000003,0.000000000001152249,6818035,2019-03-01 10:11:37,btc,316.25826073644,0.0,0.00000003,"btc,ltc",235048.907,0.0,0.033772040000221694,216
1,[],22,[],2019-03-01 10:12:08,218958.2070459645,0.00000212,0.000000000081425596,6818036,2019-03-01 10:12:08,BTC,12673.42442997,0.0,0.00000212,BTC,379134.550184714,0.03572814,0.29100117,217
1,[],7,[],2019-03-01 10:12:09,0.0,0,0,6818037,2019-03-01 10:12:09,btc,77969.77488735563,0.0,0,btc,137043486.5550253,0.0,0.0,219
0,[],27,[],2019-03-01 10:12:11,0.0,0,0,6818038,2019-03-01 10:12:11,,0.0740438339680921,0.0,0,btc,1536429.20709513,0.0,0.0,219
0.0000000000000051,[],28,[],2019-03-01 10:12:17,167533953.514,2.305047e-18,8.85329366901e-23,6818039,2019-03-01 10:12:17,doge,83967.83243907319,14166.0,0.00045197,"btc,doge",4844846.53751,0.0,8.92607691757437e-12,219
1,[],22,[],2019-03-01 10:12:47,273664.6666666667,0.00000003,0.000000000001152249,6818040,2019-03-01 10:12:47,BTC,2.94533216,0.0,0.00000003,BTC,114179.27041875875,0.00107001,0.00739664,221
1,[],24,[],2019-03-01 10:12:47,0.0,0.000000200000,0.00000000000768166,6818041,2019-03-01 10:12:47,btc,0.0,0.0,0.000000200000,btc,0.0,0.0,0.0,221
1,[],20,[],2019-03-01 10:12:49,40748456.2707,0.000000001,0.0000000000000384083,6818042,2019-03-01 10:12:49,btc,48.2375689422414,53087.9639,0.000000001,btc,13447787.7605,0.0001061759278,0.0407484562707,224
0,[],22,[],2019-03-01 10:13:10,0.0,0,0,6818043,2019-03-01 10:13:10,,0.0,0.0,0,,0.0,0.0,0.0,224
1,[],26,[],2019-03-01 10:13:10,0.0,0.00000035,0.000000000013442905,6818044,2019-03-01 10:13:10,btc,0.0,0.0,0.00000035,btc,0.0,0.0,0.0,231
1,[],26,[],2019-03-01 10:13:10,0.0,0.00000006,0.000000000002304498,6818045,2019-03-01 10:13:10,btc,0.0,0.0,0.00000006,btc,0.0,0.0,0.0,234
0.0000000003548116,[],27,[],2019-03-01 10:13:13,2000.0,3.5481159999999995e-18,1.362771037628e-22,6818046,2019-03-01 10:13:13,eth,0.0113483662182,0.0,0.00000001,"btc,eth",11462.99618,0.0,7.096231999999999e-15,234
1,[],24,[],2019-03-01 10:13:15,0.0,0.000000300000,0.00000000001152249,6818048,2019-03-01 10:13:15,btc,0.0,0.0,0.000000300000,btc,0.0,0.0,0.0,236
1,[],4,[],2019-03-01 10:13:14,1016616.27936682,0.00000077,0.000000000029574391,6818047,2019-03-01 10:13:14,btc,4.493578119239747,0.0,0.00000077,btc,1205592.29562546,0.06430913,0.322696120394126,236
1,[],20,[],2019-03-01 10:13:16,150290722.0657,0.000000067,0.0000000000025733561,6818049,2019-03-01 10:13:16,btc,10.976475305862,13721322.4321,0.000000067,btc,44671043.3667,0.8595896278988,0.5193803547816,237
0.0000000001231641,[],22,[],2019-03-01 10:13:33,14400.0,1.231641e-17,4.73052370203e-22,6818050,2019-03-01 10:13:33,LTC,0.0413973,0.0,0.0000001,LTC,7239.0,0.0,0.00144,237
1,[],4,[],2019-03-01 10:13:35,7211924.36333147,0.00000033,0.000000000012674739,6818051,2019-03-01 10:13:35,btc,6.321056347316242,0.0,0.00000033,btc,9728663.54817927,0.15753039,1.5700848062732353,238
1,[],5,[],2019-03-01 10:13:37,0.0,0,0,6818052,2019-03-01 10:13:37,btc,0.0,0.00060975,0,btc,0.0,0.0,0.0,238
0,[],22,[],2019-03-01 10:14:00,0.0,0,0,6818053,2019-03-01 10:14:00,,0.41356282,0.0,0,,316008.5639027493,0.0,0.0,249
0.0000000001231641,[],22,[],2019-03-01 10:15:57,68439265.66666667,4.926564e-18,1.892209480812e-22,6818054,2019-03-01 10:15:57,LTC,0.45395311,0.0,0.00000004,LTC,13163866.09,1.2705109741395e-11,1.753945,252
1,[],28,[],2019-03-01 10:16:05,2183983.969,0.00000027,0.000000000010370241,6818055,2019-03-01 10:16:05,btc,164725.64649436672,231345.59947072,0.00000027,btc,2334188.8654,0.0,0.33912869027,256
1,[],22,[],2019-03-01 10:16:51,1053354.0,0.00000001,0.000000000000384083,6818056,2019-03-01 10:16:51,BTC,31.47160001,0.0,0.00000001,BTC,670687.0957866946,0.0002009,0.01053354,258
1,[],22,[],2019-03-01 10:17:29,48751.0,0.00000001,0.000000000000384083,6818057,2019-03-01 10:17:29,BTC,2.4175745,0.0,0.00000001,BTC,1762.0,0.0,0.00048751,259
1,[],5,[],2019-03-01 10:17:32,0.0,0,0,6818058,2019-03-01 10:17:32,btc,0.0,0.15398128,0,btc,0.0,0.0,0.0,264
1,[],20,[],2019-03-01 10:17:33,1218393.818,0.00000204,0.000000000078352932,6818059,2019-03-01 10:17:33,btc,7.4462708570008,92889.6473,0.00000204,btc,100849.5698,0.3034958759628,0.0224845001915,264
0,[],22,[],2019-03-01 10:18:06,0.0,0,0,6818060,2019-03-01 10:18:06,,8.33272543,0.0,0,,413548.34411321935,0.0,0.0,271
0,[],22,[],2019-03-01 10:18:41,0.0,0,0,6818061,2019-03-01 10:18:41,,271.16935057,0.0,0,,14411474420.692,0.0,0.0,272
0.0000000000000051,[],28,[],2019-03-01 10:18:46,228224555380.905,4.794e-21,1.841293902e-25,6818062,2019-03-01 10:18:46,doge,35425811.56450858,99383688715.1669,0.00000094,doge,186478230040.4526,0.0,6.410217836993026e-10,272
1,[],22,[],2019-03-01 10:19:46,116360.72913043479,0.00000500,0.0000000001920415,6818063,2019-03-01 10:19:46,BTC,74.20234185,0.0,0.00000500,"BTC,LTC",8368.517743939856,5.544e-05,0.05178872,281
1,[],22,[],2019-03-01 10:20:15,838814.5,0.00000002,0.000000000000768166,6818064,2019-03-01 10:20:15,BTC,1.332275,0.0,0.00000002,BTC,135600.33221218394,0.0005,0.01664417,286
0,[],22,[],2019-03-01 10:20:32,0.0,0,0,6818065,2019-03-01 10:20:32,,43635.94989914,0.0,0,,388269283.0,0.0,0.0,294
