pairValue,buyBook,exchangeId,sellBook,updated,buyTotal,satoshiPrice,usdPrice,exchangeLogId,created,bestPair,sellTotalBtc,volume,pairPrice,activePairs,sellTotal,volumeBtc,buyTotalBtc,coinId
0,[],2,[],2019-01-20 23:28:45,0.0,0,0,6477011,2019-01-20 23:28:45,,0.0,0.0,0,,0.0,0.0,0.0,1
1,[],3,[],2019-02-24 22:15:34,30536.61611424286,0.01260219999999999916651116649290997884236276149749755859375,0.00000047646649804,6776813,2019-02-24 22:15:34,btc,61.120318641022756,0.17363166,0.01260219999999999916651116649290997884236276149749755859375,btc,25.918226757907,0.0,0.26464094277471967,1
1,[],4,[],2019-02-24 22:15:35,302960.12122325,0.01279563,0.000000483779738166,6776814,2019-02-24 22:15:35,btc,9.197117193348822,0.0,0.01279563,btc,258.9781076,1.24682733,1.2248902111866202,1
1,[],5,[],2019-02-24 22:15:36,0.0,0,0,6776815,2019-02-24 22:15:36,btc,0.0,0.37113675,0,btc,0.0,0.0,0.0,1
1,[],10,[],2019-02-24 22:15:39,414655.30857873,0.01162778,0.0000004396254317960001,6776816,2019-02-24 22:15:39,btc,6522.577183055764,1309.845821,0.01162778,btc,1033.97842341,0.0,5.497903122320913,1
1,[],12,[],2019-02-24 22:15:41,10435.93837385,0.0125900000000000004962696920074449735693633556365966796875,0.0000004760052380000001,6776817,2019-02-24 22:15:41,btc,0.2745453814584,0.0,0.0125900000000000004962696920074449735693633556365966796875,btc,12.95902819,0.3114774557894,0.3501143844146,1
1,[],20,[],2019-02-24 22:15:43,1150.428,0.010500214,0.0000003969941909548,6776818,2019-02-24 22:15:43,btc,0.0616431583457,0.1432,0.010500214,btc,2.788,0.0015036306448,0.0915544251227,1
1,[],21,[],2019-02-24 22:15:44,2201.37945754,0.01265458000000000034213076816,0.000000478446891556,6776819,2019-02-24 22:15:44,btc,25.0201435374775,4997.8839118900005,0.01265458000000000034213076816058674012310802936553955078125,"btc,eth",2531.54834167,54.4159239419198,24.022024384545745,1
1,[],22,[],2019-02-24 22:15:48,0.0163776,0.01300000,0.0000004915066,6776820,2019-02-24 22:15:48,BTC,0.31423927,0.0,0.01300000,BTC,0.11751954901960784,0.0,0.00020972,1
1,[],24,[],2019-02-24 22:15:48,0.0,0.000000000000,0,6776821,2019-02-24 22:15:48,btc,0.0,0.0,0.000000000000,btc,0.0,0.0,0.0,1
0.0,[],25,[],2019-02-24 22:15:49,0.0,0,0,6776822,2019-02-24 22:15:49,btc,13.413199998051397,742.85537065,0.0,btc,1032.502443,9.6604,0.0,1
1,[],26,[],2019-02-24 22:15:50,0.0,0,0,6776823,2019-02-24 22:15:50,,0.0,0.0,0,,0.0,0.0,0.0,1
1,[],28,[],2019-02-24 22:15:52,993.21,0.01323000,0.000000500202486,6776824,2019-02-24 22:15:52,btc,0.162839806,18145.45,0.01323000,btc,8.9,0.0,0.090071836,1
1,[],5,[],2019-02-24 22:15:53,0.0,0,0,6776825,2019-02-24 22:15:53,btc,0.0,0.01466397,0,btc,0.0,0.0,0.0,2
0.0000000001261744,[],22,[],2019-02-24 22:15:57,1148.0,1.3879184e-16,5.247469645088001e-21,6776826,2019-02-24 22:15:57,XMR,21.01373823,0.0,0.00000110,XMR,14319.12581,0.0,0.00087635,2
1,[],5,[],2019-02-24 22:15:58,0.0,0,0,6776827,2019-02-24 22:15:58,btc,0.0,0.05730621,0,btc,0.0,0.0,0.0,3
1,[],12,[],2019-02-24 22:15:59,13128096.70651956,0.000000175,0.000000000006616435,6776828,2019-02-24 22:15:59,btc,924396.5715722638,0.0,0.000000175,btc,8411002.33211595,0.10624612016272153,0.6404489734262638,3
0,[],28,[],2019-02-24 22:16:07,0.0,0,0,6776829,2019-02-24 22:16:07,,0.0,0.0,0,,0.0,0.0,0.0,3
0,[],2,[],2019-01-20 23:31:32,0.0,0,0,6477077,2019-01-20 23:31:32,,0.0,0.0,0,,0.0,0.0,0.0,4
1,[],4,[],2019-02-22 15:52:28,400439.70738348,0.00000032,0.000000000012596480000000001,6759744,2019-02-22 15:52:28,btc,31.576426407239886,0.0,0.00000032,btc,685876.08766458,0.0,0.0547125982053145,4
1,[],12,[],2019-02-22 14:50:14,1367032.5219999999,0.00000003,0.000000000001190475,6759350,2019-02-22 14:50:14,btc,11013869.583570713,0.0,0.00000003,btc,1211697.32371984,0.00024567976024,0.02065290044,5
0,[],2,[],2019-01-20 23:31:51,0.0,0,0,6477087,2019-01-20 23:31:51,,0.0,0.0,0,,0.0,0.0,0.0,6
1,[],11,[],2019-02-24 22:16:09,3351329.5,0.00000002,0.0000000000007561640000000001,6776830,2019-02-24 22:16:09,btc,9432.836945181234,61187.0,0.00000002,btc,41471686.95347657,0.0,0.034501425,6
1,[],4,[],2019-02-24 22:16:10,92570.81875922,0.00024057,0.000000009095518674,6776832,2019-02-24 22:16:10,btc,13.713332709131059,0.0,0.00024057,btc,43579.92307488,9.29439108,4.554820947208139,7
1,[],5,[],2019-02-24 22:16:12,0.0,0,0,6776833,2019-02-24 22:16:12,btc,0.0,1.33611115,0,btc,0.0,0.0,0.0,7
1,[],3,[],2019-02-24 22:16:09,1091.857220066689,0.00015102999999999999563259078794175138682476244866847991943359375,0.000000005710172446,6776831,2019-02-24 22:16:09,btc,27.605796873748474,0.0,0.00015102999999999999563259078794175138682476244866847991943359375,btc,249.144760639695,0.0,0.03419745781762677,7
1,[],20,[],2019-02-20 02:16:17,39399275.8418,0.000000001,0.0000000000000390183,6728586,2019-02-20 02:16:17,btc,116.9737569154545,525.0,0.000000001,btc,56932965.8895,5.25e-07,0.0393992758418,8
1,[],4,[],2019-02-24 22:16:14,2087632.88279527,0.00000197,0.000000000074482154,6776834,2019-02-24 22:16:14,btc,5.291856216461151,0.0,0.00000197,btc,2065600.95620328,3.64005242,1.0119789191639028,9
1,[],28,[],2019-02-24 22:16:15,51335.0,0.00000187,0.000000000070701334,6776835,2019-02-24 22:16:15,btc,2708.763432985365,3446439.017,0.00000187,btc,12610.5507,0.0,0.0576775,9
0,[],2,[],2019-01-20 23:22:42,0.0,0,0,6476876,2019-01-20 23:22:42,,0.0,0.0,0,,0.0,0.0,0.0,9
0,[],23,[],2019-01-20 23:22:48,0.0,0,0,6476878,2019-01-20 23:22:48,,0.0,0.0,0,,0.0,0.0,0.0,9
1,[],1,[],2019-02-17 23:31:42,1822507.21,0.00000181000000000000003456111265232042484285557293333113193511962890625,0.000000000066086901,6701244,2019-02-17 23:31:42,btc,3.6990969245,17153386.5,0.00000181000000000000003456111265232042484285557293333113193511962890625,btc,1997391.71,31.11772986,3.2610482446,9
1,[],4,[],2019-02-17 11:22:43,4341674.27126056,0.00000002,0.0000000000007272960000000001,6696112,2019-02-17 11:22:43,btc,0.1997230937751353,0.0,0.00000002,btc,4109766.79808031,0.00215132,0.0479381022052112,10
1,[],4,[],2019-02-24 22:16:16,2339243.82606823,0.00000128,0.000000000048394496000000004,6776836,2019-02-24 22:16:16,btc,12.393793451602356,0.0,0.00000128,btc,6372952.17640889,1.45238884,1.498107736030384,12
1,[],5,[],2019-02-24 22:16:17,0.0,0,0,6776837,2019-02-24 22:16:17,btc,0.0,0.20051684,0,btc,0.0,0.0,0.0,12
0.0,[],25,[],2019-02-24 22:16:18,0.0,0,0,6776838,2019-02-24 22:16:18,,0.0,0.0,0.0,btc,0.0,0.0,0.0,12
0,[],2,[],2019-01-20 23:23:08,0.0,0,0,6476890,2019-01-20 23:23:08,,0.0,0.0,0,,0.0,0.0,0.0,12
1,[],4,[],2019-02-24 22:16:20,1376691.22291464,0.00000560,0.00000000021172592000000002,6776839,2019-02-24 22:16:20,btc,3.1267799984042135,0.0,0.00000560,btc,431665.81653241,0.3152695,0.7515017770497021,13
1,[],10,[],2019-02-24 22:16:22,473379.03939307,0.00000533,0.000000000201517706,6776840,2019-02-24 22:16:22,btc,666802.6116214163,10194.103356,0.00000533,btc,746368.84714416,0.0,0.2808437415615668,13
1,[],21,[],2019-02-24 22:16:24,447555.70781435,0.000005640000000000000210647471688,0.00000000021323824800000003,6776841,2019-02-24 22:16:24,btc,8.528496832885562,357102.27708835,0.0000056400000000000002106474716878636854744399897754192352294921875,btc,1384690.55433369,2.00418491,2.3054754217540108,13
1,[],4,[],2019-02-24 22:16:25,674577.52834235,0.00000134,0.000000000050662988,6776842,2019-02-24 22:16:25,btc,13.007070444704226,0.0,0.00000134,btc,884075.63111134,0.00425005,0.1369510777081575,14
1,[],12,[],2019-02-24 22:16:26,120832.91304348,0.000001120000000000000076372827333137660588135986472479999065399169921875,0.000000000042345184000000006,6776843,2019-02-24 22:16:26,btc,5.292062009225207,0.0,0.000001120000000000000076372827333137660588135986472479999065399169921875,btc,32406.19773647,0.0,0.0260772900000004,14
0,[],17,[],2019-02-24 22:16:27,0.0,0,0,6776844,2019-02-24 22:16:27,btc,0.0,0.0,0,btc,0.0,0.0,0.0,14
1,[],26,[],2019-02-24 22:16:27,0.0,0.00000050,0.000000000018904100000000002,6776845,2019-02-24 22:16:27,btc,0.0,0.0,0.00000050,btc,0.0,0.0,0.0,14
0,[],4,[],2019-02-24 22:16:28,0.0,0,0,6776846,2019-02-24 22:16:28,,0.0,0.0,0,,0.0,0.0,0.0,15
,[],12,[],2018-12-01 15:15:48,204241.84496,0.00000489,0.000000000202473384,5260204,2018-12-01 15:15:48,btc,49.5475654835,0.0,,btc,35763.2193806,0.0163153972027625,0.0203389899998,15
0,[],17,[],2019-02-24 20:23:15,0.0,0,0,6776330,2019-02-24 20:23:15,btc,0.0,0.0,0,btc,0.0,0.0,0.0,18
1,[],4,[],2019-02-24 22:16:29,26036.88267734,0.00001806,0.0000000006828160920000001,6776847,2019-02-24 22:16:29,btc,1.2177557275969315,0.0,0.00001806,btc,7330.35446354,0.08871836,0.0845636832799237,18
1,[],10,[],2019-02-24 22:16:31,782664.39626325,0.00001741,0.0000000006582407620000001,6776848,2019-02-24 22:16:31,btc,19.963726155129972,11589.9761771,0.00001741,btc,19568.7599999,0.0,0.1294915949915084,18
1,[],12,[],2019-02-24 22:16:32,199236.62501807,0.0000185199999999999988654734994764083921836572699248790740966796875,0.000000000700207864,6776849,2019-02-24 22:16:32,btc,23.66858358202137,0.0,0.0000185199999999999988654734994764083921836572699248790740966796875,btc,1895.28886441,0.0100962547509608,0.035166631930982996,18
0,[],2,[],2019-01-20 23:23:38,0.0,0,0,6476906,2019-01-20 23:23:38,,0.0,0.0,0,,0.0,0.0,0.0,18
1,[],3,[],2019-02-24 22:16:34,120776.3141567528,0.00002203999999999999904500003200524815838434733450412750244140625,0.000000000833292728,6776850,2019-02-24 22:16:34,btc,0.5975024268914596,0.0,0.00002203999999999999904500003200524815838434733450412750244140625,btc,11484.78606069032,0.0,0.07966178993169826,19
1,[],4,[],2019-02-24 22:16:34,390717.17189436,0.00002250,0.0000000008506845000000001,6776851,2019-02-24 22:16:34,btc,2.355381143615972,0.0,0.00002250,btc,66710.70858541,0.80882085,2.5895694236093134,19
1,[],5,[],2019-02-24 22:16:35,0.0,0,0,6776852,2019-02-24 22:16:35,btc,0.0,3.462e-05,0,btc,0.0,0.0,0.0,19
1,[],12,[],2019-02-24 22:16:36,134084.94963646,0.00001877000000000000155407804680596228763533872552216053009033203125,0.0000000007096599140000001,6776853,2019-02-24 22:16:36,btc,1.3579083208622573,0.0,0.00001877000000000000155407804680596228763533872552216053009033203125,btc,382.27457877,0.000594864115841,0.10471794000008419,19
0,[],27,[],2019-02-24 22:16:38,0.0,0,0,6776854,2019-02-24 22:16:38,,0.0,0.0,0,btc,0.0,0.0,0.0,19
0,[],2,[],2019-01-20 23:24:19,0.0,0,0,6476924,2019-01-20 23:24:19,,0.0,0.0,0,,0.0,0.0,0.0,19
1,[],4,[],2019-02-24 22:16:39,8070160.95424551,0.00000013,0.000000000004915066,6776855,2019-02-24 22:16:39,btc,7.376054659582633,0.0,0.00000013,btc,2843149.4360639,0.0,0.2584025451781454,20
1,[],4,[],2019-02-24 22:16:40,104178365.79037024,0.00000002,0.0000000000007561640000000001,6776856,2019-02-24 22:16:40,btc,1800.1490957341668,0.0,0.00000002,btc,55255944.17817261,0.01828091,1.1713077596880452,21
1,[],12,[],2019-02-24 22:16:41,18647376.0,0.00000002,0.0000000000007561640000000001,6776857,2019-02-24 22:16:41,btc,670.3899289734848,0.0,0.00000002,btc,8544410.32857329,0.0,0.24518776,21
0,[],17,[],2019-02-24 22:16:42,0.0,0,0,6776858,2019-02-24 22:16:42,btc,0.0,0.0,0,btc,0.0,0.0,0.0,21
1,[],12,[],2019-02-24 22:16:43,3394398377.6808996,0.0000000002,0.000000000000007561640000000001,6776859,2019-02-24 22:16:43,btc,875865842663.264,0.0,0.0000000002,btc,4927299376.977465,0.02495758805234857,0.3851631877829904,23
0.00000000036655920000000003,[],27,[],2019-02-24 22:16:45,2000.0,3.665592e-18,1.3858943545440002e-22,6776860,2019-02-24 22:16:45,eth,1.3429826565934113,0.0,0.00000001,eth,1964879.85514486,0.0,7.331184e-15,23
1,[],4,[],2019-02-24 22:16:46,425427.81252471,0.00000060,0.000000000022684920000000003,6776861,2019-02-24 22:16:46,btc,8.420929749446497,0.0,0.00000060,btc,1481841.54615333,0.00504367,0.1419771661507842,24
1,[],22,[],2019-02-24 22:16:49,11.76,0.00000100,0.000000000037808200000000004,6776862,2019-02-24 22:16:49,BTC,7.415e-05,0.0,0.00000100,BTC,23.919354838709676,0.0,1.176e-05,24
0.0,[],25,[],2019-02-24 22:16:50,0.0,0,0,6776863,2019-02-24 22:16:50,,0.0,0.0,0.0,btc,0.0,0.0,0.0,24
1,[],4,[],2019-02-24 22:16:51,26865458.82907555,0.00000761,0.00000000028772040200000003,6776864,2019-02-24 22:16:51,btc,142.55049428022772,0.0,0.00000761,btc,244317.12344708,0.25384779,0.490297012787723,26
1,[],10,[],2019-02-24 22:16:53,694109.04375468,0.00000721,0.000000000272597122,6776865,2019-02-24 22:16:53,btc,26.123191604093332,6480.97901493,0.00000721,btc,13736.08751864,0.0,0.2418113653825337,26
0,[],2,[],2019-01-20 23:25:56,0.0,0,0,6476976,2019-01-20 23:25:56,,0.0,0.0,0,,0.0,0.0,0.0,26
1,[],3,[],2019-02-23 18:17:02,10659120.92303129,0.00000002,0.0000000000008202040000000002,6768225,2019-02-23 18:17:02,btc,2.9010609406228287,225458.199062,0.00000002,btc,18682481.51451327,0.0,0.1428299014392689,27
1,[],5,[],2019-02-23 18:17:03,0.0,0,0,6768226,2019-02-23 18:17:03,btc,0.0,0.03869042,0,btc,0.0,0.0,0.0,27
1,[],11,[],2019-02-23 18:17:06,9657302.940399151,0.00000005,0.0000000000020505100000000003,6768227,2019-02-23 18:17:06,btc,67506.53137702076,146281.413934,0.00000005,btc,8171781.9763934,0.0,0.450973774642923,27
1,[],4,[],2019-02-24 22:16:54,1473441163.067654,0.00000002,0.0000000000007561640000000001,6776866,2019-02-24 22:16:54,btc,5.64926626882022,0.0,0.00000002,"btc,ltc",397284783.7505241,0.23461287,11.414983776002353,29
1,[],7,[],2019-02-24 22:16:55,52064594.03941279,0.00000002,0.0000000000007561640000000001,6776867,2019-02-24 22:16:55,btc,44463896.84207938,35000.0,0.00000002,btc,60105895.69421506,0.00105,0.7109497832925387,29
1,[],4,[],2019-02-24 22:16:56,1400545.8288026,0.00000029,0.000000000010964378,6776868,2019-02-24 22:16:56,btc,2.3344427402589742,0.0,0.00000029,btc,1566908.39945567,0.00659134,0.0904023435513903,30
0,[],17,[],2019-02-24 22:17:08,0.0,0,0,6776869,2019-02-24 22:17:08,btc,0.0,0.0,0,btc,0.0,0.0,0.0,30
1,[],4,[],2019-02-24 22:17:08,1116153.04189673,0.00005651,0.000000002136541382,6776870,2019-02-24 22:17:08,btc,5.2526476228643375,0.0,0.00005651,btc,65257.69427035,0.97359585,1.106674242002834,31
1,[],21,[],2019-02-24 22:17:09,54338.58559207,0.00005679999999999999827672569896,0.00000000214750576,6776871,2019-02-24 22:17:09,btc,2.20364549195501,84211.41173736,0.00005679999999999999827672569896463983241119422018527984619140625,btc,35316.09235743,4.77464093,2.9285960542609395,31
0,[],2,[],2019-01-20 23:28:43,0.0,0,0,6477009,2019-01-20 23:28:43,,0.0,0.0,0,,0.0,0.0,0.0,32
1,[],4,[],2019-02-24 22:17:10,342982085.4333979,0.00000004,0.0000000000015123280000000001,6776872,2019-02-24 22:17:10,btc,9.001696946898546,0.0,0.00000004,"btc,ltc",157901559.7027967,0.96264298,7.639892441983618,33
1,[],12,[],2019-02-24 22:17:11,16685402.379,0.00000005,0.0000000000018904100000000002,6776873,2019-02-24 22:17:11,btc,35620519.35133193,0.0,0.00000005,btc,89077055.30069898,0.0014093587912098,0.55040826895,33
1,[],4,[],2019-02-24 22:17:12,126316643.54362756,0.00000001,0.00000000000037808200000000003,6776874,2019-02-24 22:17:12,btc,4.14755739526913,0.0,0.00000001,btc,98334106.59318319,0.04069438,1.2631664354362755,34
1,[],5,[],2019-02-24 22:17:13,0.0,0,0,6776875,2019-02-24 22:17:13,btc,0.0,0.33113744,0,btc,0.0,0.0,0.0,34
0.0000000001181377,[],4,[],2019-02-24 22:17:15,2091719957.7279167,3.544131e-18,1.339972136742e-22,6776876,2019-02-24 22:17:15,ltc,2.572182753919522e-08,0.0,0.00000003,ltc,2878878294.062925,0.0,3.2578997656712283e-09,36
1,[],5,[],2019-02-24 22:17:17,0.0,0,0,6776877,2019-02-24 22:17:17,btc,0.0,0.0,0,btc,0.0,0.0,0.0,36
0.00000000036655920000000003,[],27,[],2019-02-24 22:17:30,1000000.0,3.665592e-18,1.3858943545440002e-22,6776878,2019-02-24 22:17:30,eth,114.12865132688529,0.0,0.00000001,"ltc,eth",4157587.7875004,0.0,1.18634543e-12,36
0,[],17,[],2019-02-24 21:14:31,0.0,0,0,6776513,2019-02-24 21:14:31,btc,0.07464582840283711,0.0,0,btc,4105386.20243647,0.0,0.0,36
1,[],4,[],2019-02-24 22:17:32,250319.57019266,0.00000062,0.000000000023441084,6776879,2019-02-24 22:17:32,btc,19772.501510634964,0.0,0.00000062,btc,576245.04220309,0.01115594,0.1106258542153547,37
1,[],12,[],2019-02-24 22:17:32,441213.69330401,0.0000006,0.00000000002268492,6776880,2019-02-24 22:17:32,btc,1346.9718469910272,0.0,0.0000006,btc,885369.30881829,0.0685819264402381,0.07629372000000059,37
1,[],17,[],2019-02-24 22:17:44,1752.74075282,0.00000025,0.00000000000945205,6776881,2019-02-24 22:17:44,btc,0.055484923777095005,0.0,0.00000025,btc,1319.19918473,0.0,0.00043818518820499993,37
1,[],27,[],2019-02-24 22:17:46,14685.567,0.00000045,0.000000000017013690000000002,6776882,2019-02-24 22:17:46,btc,25.81996186649233,0.0,0.00000045,btc,6791.34738508,0.0,0.00480032515,37
1,[],5,[],2019-02-24 22:17:47,0.0,0,0,6776883,2019-02-24 22:17:47,btc,0.0,0.10018162,0,btc,0.0,0.0,0.0,42
1,[],12,[],2019-02-24 22:17:47,137162.30272164,0.00000096,0.000000000036295872,6776884,2019-02-24 22:17:47,btc,94.6989686946742,0.0,0.00000096,btc,109760.34041956,0.0034510856677737,0.0426920579649599,42
0.00000000036655920000000003,[],27,[],2019-02-24 22:17:49,2000.0,3.665592e-18,1.3858943545440002e-22,6776885,2019-02-24 22:17:49,eth,0.00315028,0.0,0.00000001,"btc,eth",11.007,0.0,7.331184e-15,42
1,[],5,[],2019-02-24 22:17:50,0.0,0,0,6776886,2019-02-24 22:17:50,btc,0.0,0.01406036,0,btc,0.0,0.0,0.0,43
1,[],12,[],2019-02-24 22:17:51,1783159.0,0.00000001,0.00000000000037808200000000003,6776887,2019-02-24 22:17:51,btc,3573.0450399525275,0.0,0.00000001,btc,17796736.972427562,0.016465055954046,0.01783159,43
0,[],17,[],2019-02-24 21:16:55,0.0,0,0,6776524,2019-02-24 21:16:55,btc,0.0,0.0,0,btc,0.0,0.0,0.0,43
1,[],12,[],2019-02-24 22:17:53,674214.0,0.00000005,0.0000000000018904100000000002,6776888,2019-02-24 22:17:53,btc,11115177.729550358,0.0,0.00000005,btc,1104555.40161834,0.00026273976024,0.01702976,44
1,[],4,[],2019-02-24 22:17:54,304502381.245806,0.00000002,0.0000000000007561640000000001,6776889,2019-02-24 22:17:54,btc,474.5705350011437,0.0,0.00000002,"btc,ltc",12283786.99500239,0.0004669,0.21706864777776663,49
0,[],4,[],2019-02-24 22:17:56,0.0,0,0,6776890,2019-02-24 22:17:56,,25.4753366570907,0.0,0,,10622225061.488565,0.0,0.0,52
0.0000000001261744,[],22,[],2019-02-24 22:18:07,80845862.0,1.261744e-18,4.770426950080001e-23,6776891,2019-02-24 22:18:07,XMR,4366.96886723,0.0,0.00000001,XMR,255240311.67882353,1.261744e-13,0.80845862,57
0.00000000036655920000000003,[],27,[],2019-02-24 22:18:10,2000.0,3.665592e-18,1.3858943545440002e-22,6776892,2019-02-24 22:18:10,eth,0.0,0.0,0.00000001,"btc,eth",0.0,0.0,7.331184e-15,57
0.0000000001181377,[],4,[],2019-02-24 22:18:11,1157856142.468965,3.544131e-18,1.339972136742e-22,6776893,2019-02-24 22:18:11,ltc,18.811299087352342,0.0,0.00000003,ltc,4041899885.1798854,0.0,2.9551930118940757e-09,58
1,[],12,[],2019-02-24 22:18:12,1629588894.843957,0.0000000004,0.000000000000015123280000000002,6776894,2019-02-24 22:18:12,btc,224005479601.07843,0.0,0.0000000004,btc,3823598377.1719475,0.05425325443124687,0.5272158420011391,58
0,[],17,[],2019-02-24 22:18:14,0.0,0,0,6776895,2019-02-24 22:18:14,btc,1e+24,0.0,0,btc,49306342.21952568,0.0,0.0,58
0.0000000001261744,[],22,[],2019-02-24 22:18:17,137438.0,1.261744e-18,4.770426950080001e-23,6776896,2019-02-24 22:18:17,XMR,69.8835922,0.0,0.00000001,XMR,9887963.0,0.0,0.00137438,58
1,[],5,[],2019-02-24 22:18:18,0.0,0,0,6776897,2019-02-24 22:18:18,btc,0.0,0.01215418,0,btc,0.0,0.0,0.0,61
1,[],22,[],2019-02-24 22:18:21,5149.5,0.00000011,0.000000000004158902,6776898,2019-02-24 22:18:21,BTC,1002.29597012,0.0,0.00000011,BTC,14947.700278135757,0.0,0.00051596,61
1,[],26,[],2019-02-24 22:18:21,0.0,0.00000800,0.00000000030246560000000004,6776899,2019-02-24 22:18:21,btc,0.0,0.0,0.00000800,btc,0.0,0.0,0.0,61
1,[],27,[],2019-02-24 22:18:24,2493.55,0.00000045,0.000000000017013690000000002,6776900,2019-02-24 22:18:24,btc,7.847939410699128,0.0,0.00000045,"btc,eth",20831.38399471,0.0,0.00021559750359228017,61
1,[],28,[],2019-02-24 22:18:31,13882.304,0.0000005,0.000000000018904100000000002,6776901,2019-02-24 22:18:31,btc,2.056328285685105,728.0,0.0000005,btc,9746.52450005,0.0,0.00566491304,61
1,[],4,[],2019-02-24 22:18:32,1528045.88278814,0.00000283,0.00000000010699720600000001,6776902,2019-02-24 22:18:32,btc,11.31165960096689,0.0,0.00000283,btc,797229.7967122,0.18580841,1.6220091388849185,67
0.0,[],25,[],2019-02-24 22:18:33,0.0,0,0,6776903,2019-02-24 22:18:33,,0.0,0.0,0.0,btc,0.0,0.0,0.0,67
1,[],12,[],2019-02-24 22:18:33,2987686.47390196,0.00000019,0.000000000007183558000000001,6776904,2019-02-24 22:18:33,btc,11115998.205973046,0.0,0.00000019,btc,2034349.76999594,0.000752868811189,0.1024981564411115,71
,[],5,[],2018-11-20 23:02:39,1.5e-07,0.00000005,0.000000000002128045,4862160,2018-11-20 23:02:39,btc,2.84511358,0.0,,btc,0.00036572,0.0,0.07381892,74
1,[],5,[],2019-02-24 22:18:34,0.0,0,0,6776905,2019-02-24 22:18:34,btc,0.0,0.0,0,btc,0.0,0.0,0.0,75
1,[],4,[],2019-02-24 22:18:35,17233280.92031862,0.00000001,0.00000000000037808200000000003,6776906,2019-02-24 22:18:35,btc,11388.638595673243,0.0,0.00000001,btc,34444270.17624532,0.0,0.1723328092031862,81
0,[],20,[],2019-01-25 09:30:31,0.0,0,0,6495923,2019-01-25 09:30:31,btc,0.0,0.0,0,btc,0.0,0.0,0.0,81
1,[],4,[],2019-02-24 22:18:37,28512.6613368,0.00007605,0.0000000028753136100000002,6776907,2019-02-24 22:18:37,btc,17.758169621640782,0.0,0.00007605,btc,12570.59518882,0.01782659,0.1309945930852213,82
1,[],21,[],2019-02-24 22:18:37,69831.11975427,0.00007846000000000000434811908701,0.0000000029664313720000005,6776908,2019-02-24 22:18:37,btc,2.293270343932808,2188.35874253,0.00007846000000000000434811908700538651828537695109844207763671875,btc,23993.84500166,0.17068009,2.4514887228093523,82
0,[],17,[],2019-02-24 19:21:37,0.0,0,0,6775896,2019-02-24 19:21:37,btc,0.0447233088476774,0.0,0,btc,999127.19588126,0.0,0.0,84
0.0000000001181377,[],4,[],2019-02-24 22:18:39,154029489.0437301,4.725508e-18,1.786629515656e-22,6776909,2019-02-24 22:18:39,ltc,1.7828321119638952,0.0,0.00000004,ltc,404316996.1582117,0.00021,4.0549922374816813e-10,85
,[],22,[],2018-11-20 23:09:34,3408.1,0.0000001,0.0000000000041895,4862324,2018-11-20 23:09:34,BTC,0.04624735,0.0,,BTC,4990.0,0.0,0.00033081,86
0,[],22,[],2019-02-22 12:52:35,0.0,0,0,6758847,2019-02-22 12:52:35,,2.0760781,0.0,0,,140622.94736842104,0.0,0.0,87
0,[],27,[],2019-02-22 12:52:37,0.0,0,0,6758848,2019-02-22 12:52:37,,0.0,0.0,0,btc,0.0,0.0,0.0,87
,[],2,[],2018-11-20 23:10:47,0.0,0,0,4862359,2018-11-20 23:10:47,,0.0,0.0,,,0.0,0.0,0.0,88
1,[],11,[],2019-02-24 21:25:06,90775.37195139,0.00014809999999999999488638213751556804709252901375293731689453125,0.00000000563561968,6776728,2019-02-24 21:25:06,btc,608.6603736560771,5659.11625573,0.00014809999999999999488638213751556804709252901375293731689453125,btc,93683.55066051,0.0,5.962575749339103,89
0,[],2,[],2019-01-20 23:31:45,0.0,0,0,6477083,2019-01-20 23:31:45,,0.0,0.0,0,,0.0,0.0,0.0,91
1,[],12,[],2019-02-24 22:20:41,428757.20689611,0.000001399999999999999936647356556240762159859514213167130947113037109375,0.00000000005293148,6776910,2019-02-24 22:20:41,btc,4.332115110034321,0.0,0.000001399999999999999936647356556240762159859514213167130947113037109375,btc,57515.4154274,2.658729471e-05,0.040454511893805,91
0,[],17,[],2019-02-24 22:20:53,0.0,0,0,6776911,2019-02-24 22:20:53,btc,0.0,0.0,0,btc,0.0,0.0,0.0,91
0,[],22,[],2019-02-24 22:20:55,0.0,0,0,6776912,2019-02-24 22:20:55,,3.1e-06,0.0,0,,2.0,0.0,0.0,91
0.0000000001181377,[],22,[],2019-02-24 22:20:59,2791021.0,4.725508e-18,1.786629515656e-22,6776913,2019-02-24 22:20:59,LTC,8.53161599,0.0,0.00000004,LTC,71994962.1,0.0,0.09164084,95
0,[],17,[],2019-02-24 19:33:40,0.0,0,0,6776077,2019-02-24 19:33:40,btc,0.0,0.0,0,btc,0.0,0.0,0.0,96
0.0000000001181377,[],4,[],2019-02-24 22:21:01,646846121.8242675,7.4426751e-17,2.8139414871582e-21,6776914,2019-02-24 22:21:01,ltc,11.909281633404762,0.0,0.00000063,ltc,136456290.79162803,0.0,2.3584039624323183e-09,96
0,[],12,[],2019-02-24 22:21:03,0.0,0,0,6776915,2019-02-24 22:21:03,btc,255075.89479199788,0.0,0,btc,8639170.94636337,5.1e-07,0.0,96
1,[],4,[],2019-02-24 22:21:14,1435097.55605767,0.00000030,0.000000000011342460000000001,6776916,2019-02-24 22:21:14,btc,3.1864708815889755,0.0,0.00000030,btc,2561996.54700019,0.00850754,0.1129912661858577,99
1,[],4,[],2019-02-24 22:21:16,1209195.42931722,0.00004446,0.000000001680952572,6776917,2019-02-24 22:21:16,btc,14.374148376359795,0.0,0.00004446,btc,201295.22478955,3.64481511,2.538112618494226,100
0,[],2,[],2019-01-20 23:23:55,0.0,0,0,6476914,2019-01-20 23:23:55,,0.0,0.0,0,,0.0,0.0,0.0,100
1,[],22,[],2019-02-24 22:21:20,50000.0,0.00000001,0.00000000000037808200000000003,6776918,2019-02-24 22:21:20,BTC,23.49896609,0.0,0.00000001,BTC,10277.22,0.0,0.0005,101
1,[],4,[],2019-02-24 22:21:21,482672.77090133,0.00000087,0.000000000032893134,6776919,2019-02-24 22:21:21,btc,256.3019248144357,0.0,0.00000087,btc,485845.09493491,0.00420034,0.2493083735319306,103
1,[],12,[],2019-02-24 22:21:24,59992053.76471429,0.000000011,0.0000000000004158902,6776920,2019-02-24 22:21:24,btc,137279276.54388395,0.0,0.000000011,btc,127449954.1468337,0.03977501865402021,0.1967637424118572,105
1,[],27,[],2019-02-24 22:21:25,125810.89,0.00000001,0.00000000000037808200000000003,6776921,2019-02-24 22:21:25,btc,26.557578245556094,0.0,0.00000001,btc,574707.68391977,0.0,0.0012581089,105
1,[],22,[],2019-02-24 22:21:29,9328.0,0.00000001,0.00000000000037808200000000003,6776922,2019-02-24 22:21:29,BTC,51.10837004,0.0,0.00000001,BTC,470435.0,0.0,9.328e-05,107
1,[],26,[],2019-02-24 22:21:29,0.0,0.00000000,0,6776923,2019-02-24 22:21:29,btc,0.0,0.0,0.00000000,btc,0.0,0.0,0.0,107
1,[],5,[],2019-02-24 22:21:30,0.0,0,0,6776924,2019-02-24 22:21:30,btc,0.0,0.00069142,0,btc,0.0,0.0,0.0,112
1,[],22,[],2019-02-24 22:21:34,1966.0,0.00000001,0.00000000000037808200000000003,6776925,2019-02-24 22:21:34,BTC,2.81183288,0.0,0.00000001,BTC,808524.0833333334,0.0,1.966e-05,112
0.00000000036655920000000003,[],27,[],2019-02-24 22:21:36,2000.0,3.665592e-18,1.3858943545440002e-22,6776926,2019-02-24 22:21:36,eth,1.35132491849924,0.0,0.00000001,"btc,eth",1328.641654,0.0,7.331184e-15,112
1,[],4,[],2019-02-24 22:21:37,374158.34304538,0.00000300,0.00000000011342460000000001,6776927,2019-02-24 22:21:37,btc,5.651226670452174,0.0,0.00000300,btc,359340.41943717,0.09496286,0.169912364937055,113
1,[],5,[],2019-02-24 22:21:37,0.0,0,0,6776928,2019-02-24 22:21:37,btc,0.0,0.00468312,0,btc,0.0,0.0,0.0,113
1,[],17,[],2019-02-24 20:25:59,152738.278,0.00000004,0.0000000000015141879999999999,6776408,2019-02-24 20:25:59,btc,1.336803027523739,0.0,0.00000004,btc,51896.221,0.0,0.0022095311199999998,116
0,[],27,[],2019-02-24 22:21:41,0.0,0,0,6776929,2019-02-24 22:21:41,,0.0,0.0,0,btc,0.0,0.0,0.0,116
1,[],4,[],2019-02-24 22:21:42,50940.94904533,0.00002001,0.000000000756542082,6776930,2019-02-24 22:21:42,btc,29.978829920122653,0.0,0.00002001,btc,94061.27607148,0.88941219,0.4232998157181592,120
1,[],7,[],2019-02-24 22:21:43,211290.50863524,0.00001690999999999999903362024600284030384500510990619659423828125,0.000000000639336662,6776931,2019-02-24 22:21:43,btc,115647.18499856484,7553.27574466,0.00001690999999999999903362024600284030384500510990619659423828125,btc,37722.52316038,0.22436174,0.0655119551727402,120
1,[],20,[],2019-02-24 22:21:47,1178818.5618,0.000000013,0.0000000000004915066,6776932,2019-02-24 22:21:47,btc,31.9232981336527,259.0,0.000000013,btc,1119872.6271,3.3655e-06,0.0034000664724,125
1,[],22,[],2019-02-24 22:21:50,3053.0,0.00000001,0.00000000000037808200000000003,6776933,2019-02-24 22:21:50,BTC,0.01444887,0.0,0.00000001,BTC,296263.5111111111,0.0,3.053e-05,126
1,[],4,[],2019-02-24 22:21:51,108717.75927285,0.00001520,0.00000000057468464,6776934,2019-02-24 22:21:51,btc,24.187720405225132,0.0,0.00001520,btc,131154.51482895,0.30455802,0.6134182079885216,131
0,[],17,[],2019-02-24 22:21:53,0.0,0,0,6776935,2019-02-24 22:21:53,btc,0.0009561751951600001,0.0,0,btc,35.42829368,0.0,0.0,131
0,[],2,[],2019-01-20 23:25:46,0.0,0,0,6476969,2019-01-20 23:25:46,,0.0,0.0,0,,0.0,0.0,0.0,131
1,[],4,[],2019-02-24 22:21:55,4555.43381513,0.00016027,0.000000006059520214000001,6776936,2019-02-24 22:21:55,btc,1.6432461321961194,0.0,0.00016027,btc,320.0767349,0.00387793,0.0086666857607354,135
1,[],3,[],2019-02-24 22:21:56,1478052.76171841,0.00000005,0.0000000000018904100000000002,6776937,2019-02-24 22:21:56,btc,0.1455662086247726,32518.1506667,0.00000005,btc,628525.53813868,0.0,0.0540268537470342,136
1,[],4,[],2019-02-24 22:21:56,270200.04336951,0.00000172,0.000000000065030104,6776938,2019-02-24 22:21:56,btc,38.8762574074331,0.0,0.00000172,btc,632283.51795517,0.09541793,0.081374681801607,137
1,[],12,[],2019-02-24 22:21:58,334930.90425802,0.00000172999999999999995347796898081949024117420776747167110443115234375,0.000000000065408186,6776939,2019-02-24 22:21:58,btc,11807.598490418262,0.0,0.00000172999999999999995347796898081949024117420776747167110443115234375,btc,123759.06109106,0.0041085799941327,0.0892506721027309,137
1,[],17,[],2019-02-24 21:19:08,22967.386363640002,0.00000088,0.000000000033346984000000004,6776578,2019-02-24 21:19:08,btc,20.0699133484,0.0,0.00000088,btc,405.079105,0.0,0.0104613000000032,142
1,[],4,[],2019-02-24 22:22:00,227490.94981674,0.00004062,0.0000000015357690840000002,6776940,2019-02-24 22:22:00,btc,29.61254509270387,0.0,0.00004062,btc,52066.48948814,0.37117057,1.1520521716127834,142
1,[],5,[],2019-02-24 22:22:00,0.0,0,0,6776941,2019-02-24 22:22:00,btc,0.0,0.75152584,0,btc,0.0,0.0,0.0,142
1,[],20,[],2019-02-24 22:22:13,133310.9826,0.000045043,0.0000000017029947526,6776942,2019-02-24 22:22:13,btc,0.4934565146914,0.0,0.000045043,btc,3751.6313,0.0,0.2356579130972,142
1,[],22,[],2019-02-24 22:22:17,1685.8988921568628,0.00004000,0.000000001512328,6776943,2019-02-24 22:22:17,BTC,3.00385504,0.0,0.00004000,BTC,891.218,0.00023522,0.00174536,142
0.0,[],25,[],2019-02-24 22:22:18,0.0,0,0,6776944,2019-02-24 22:22:18,,0.0,0.0,0.0,btc,0.0,0.0,0.0,142
1,[],28,[],2019-02-24 22:22:24,76883.0,0.00004500,0.0000000017013690000000002,6776945,2019-02-24 22:22:24,btc,0.059933722,729.0,0.00004500,btc,406.4319,0.0,0.0388422,142
0,[],22,[],2019-02-23 08:10:09,0.0,0,0,6765290,2019-02-23 08:10:09,,61.28465123,0.0,0,,749385405.3,0.0,0.0,143
1,[],21,[],2019-02-24 22:22:25,24358312.43300351,0.00000024,0.000000000009073968,6776946,2019-02-24 22:22:25,btc,44.66834041697936,14030993.65205462,0.00000024,btc,94694566.94315197,3.52283382,3.440336078146926,145
0,[],22,[],2019-02-24 22:22:27,0.0,0,0,6776947,2019-02-24 22:22:27,,4.24912384,0.0,0,,1812056.0,0.0,0.0,146
,[],22,[],2018-11-20 23:01:11,0.0,0,0,4862114,2018-11-20 23:01:11,,2.56807021,0.0,,,61828.4988236,0.0,0.0,147
1,[],12,[],2019-02-24 22:22:29,113426.17870206,0.00000252000000000000001302018388937842274799550068564713001251220703125,0.000000000095276664,6776948,2019-02-24 22:22:29,btc,16.28553325223868,0.0,0.00000252000000000000001302018388937842274799550068564713001251220703125,btc,116991.71583628,0.001243755275776,0.0283817899999843,148
1,[],4,[],2019-02-24 22:22:31,251803.55116647,0.00000037,0.000000000013989034000000001,6776949,2019-02-24 22:22:31,btc,219.93681160199571,0.0,0.00000037,btc,786278.69984402,0.00236975,0.0605877546856344,152
0,[],22,[],2019-02-24 22:22:33,0.0,0,0,6776950,2019-02-24 22:22:33,,0.0,0.0,0,,0.0,0.0,0.0,152
1,[],5,[],2019-02-24 22:22:35,0.0,0,0,6776951,2019-02-24 22:22:35,btc,0.0,0.0,0,btc,0.0,0.0,0.0,153
,[],16,[],2019-01-11 15:38:59,0.0,0,0,6366141,2019-01-11 15:38:59,btc,0.0,0.0,,btc,0.0,0.0,0.0,155
0,[],22,[],2019-02-24 22:22:38,0.0,0,0,6776952,2019-02-24 22:22:38,,6.74608761,0.0,0,,4644402.242592593,0.0,0.0,156
0,[],23,[],2019-01-20 23:24:29,0.0,0,0,6476932,2019-01-20 23:24:29,,0.0,0.0,0,,0.0,0.0,0.0,156
1,[],22,[],2019-02-24 22:22:42,7073.8,0.00005300,0.0000000020038346000000003,6776953,2019-02-24 22:22:42,BTC,1.80343699,0.0,0.00005300,BTC,899.6422341958436,0.0,0.00104336,157
0,[],22,[],2019-02-24 22:22:44,0.0,0,0,6776954,2019-02-24 22:22:44,,50175.68008609,0.0,0,,54479136.04179466,0.0,0.0,158
,[],17,[],2018-11-20 22:56:10,0.0,0,0,4861976,2018-11-20 22:56:10,btc,1.1265625,0.0,,btc,1000.0,0.0,0.0,159
,[],20,[],2018-11-20 22:56:12,0.0,0,0,4861977,2018-11-20 22:56:12,btc,11912.7940471,0.0,,btc,34413894.3617,0.0,0.0,159
1,[],12,[],2019-02-24 22:22:45,182824.79267143,0.000007279999999999999755269548817881997138101723976433277130126953125,0.000000000275243696,6776955,2019-02-24 22:22:45,btc,6.642837304759561,0.0,0.000007279999999999999755269548817881997138101723976433277130126953125,btc,13692.5780877,0.0029871937716148,0.0975142399831334,168
1,[],17,[],2019-02-24 22:22:47,29784.95,0.000001,0.0000000000378082,6776956,2019-02-24 22:22:47,btc,0.03026736251542,0.0,0.000001,btc,144.46171372,0.0,0.00716147,168
0,[],22,[],2019-02-24 22:22:49,0.0,0,0,6776957,2019-02-24 22:22:49,,1.14714792,0.0,0,,798972.8900917594,0.0,0.0,169
1,[],22,[],2019-02-24 22:22:53,164995.5,0.00000018,0.000000000006805476,6776958,2019-02-24 22:22:53,BTC,13.2562368,0.0,0.00000018,BTC,152857.9068373276,0.00017055,0.01979919,171
1,[],22,[],2019-02-24 22:22:56,43612.0,0.00000008,0.0000000000030246560000000003,6776959,2019-02-24 22:22:56,BTC,2.19461286,0.0,0.00000008,BTC,238116.7614071281,0.00444666,0.00096186,173
1,[],5,[],2019-02-24 22:22:57,0.0,0,0,6776960,2019-02-24 22:22:57,btc,0.0,0.30278772,0,btc,0.0,0.0,0.0,175
1,[],22,[],2019-02-24 22:23:01,45761.166666666664,0.0000003,0.000000000011342460000000001,6776961,2019-02-24 22:23:01,BTC,0.52955903,0.0,0.0000003,BTC,143368.41384013777,6.85e-06,0.00519475,176
1,[],7,[],2019-02-24 22:23:02,0.0,0,0,6776962,2019-02-24 22:23:02,btc,410932.5281358376,10000.0,0,btc,117881559.31901672,0.0001,0.0,178
0,[],22,[],2019-02-24 22:23:04,0.0,0,0,6776963,2019-02-24 22:23:04,,1.00242428,0.0,0,,57512.0,0.0,0.0,178
0,[],2,[],2019-01-20 23:28:34,0.0,0,0,6477001,2019-01-20 23:28:34,,0.0,0.0,0,,0.0,0.0,0.0,178
1,[],5,[],2019-02-24 22:23:05,0.0,0,0,6776964,2019-02-24 22:23:05,btc,0.0,0.02851687,0,btc,0.0,0.0,0.0,179
1,[],22,[],2019-02-24 22:23:10,6961684.0,0.00000002,0.0000000000007561640000000001,6776965,2019-02-24 22:23:10,BTC,5.63679314,0.0,0.00000002,"BTC,LTC",17217849.968656633,0.0,0.3741744,179
0,[],23,[],2019-01-20 23:25:08,0.0,0,0,6476952,2019-01-20 23:25:08,,0.0,0.0,0,,0.0,0.0,0.0,179
1,[],17,[],2019-02-24 22:23:21,10504.725,0.0000001,0.0000000000037808200000000004,6776966,2019-02-24 22:23:21,btc,5.2010695838170005,0.0,0.0000001,btc,4994.45945,0.0,0.0010504725,180
0.0000000001181377,[],22,[],2019-02-24 22:23:24,128605.4,1.181377e-17,4.46657378914e-22,6776967,2019-02-24 22:23:24,LTC,0.20220835,0.0,0.0000001,LTC,61459.074257280714,0.0,0.00130544,180
1,[],26,[],2019-02-24 22:23:24,0.0,0.00000100,0.000000000037808200000000004,6776968,2019-02-24 22:23:24,btc,0.0,532.38040002,0.00000100,btc,0.0,0.0,0.0,180
,[],7,[],2018-11-20 22:58:01,562227.975654,0.00000085,0.000000000036176765,4862015,2018-11-20 22:58:01,btc,21836.6059674,2491.87645172,,btc,749999.041456,0.00211021,0.127565380455,183
,[],5,[],2019-01-10 08:11:41,0.0,0,0,6347036,2019-01-10 08:11:41,btc,82.15055501,0.00261,,btc,1.19002445,0.0,0.0,187
1,[],24,[],2019-02-24 22:23:25,0.0,0.000000000001,3.78082e-17,6776969,2019-02-24 22:23:25,btc,0.0,0.0,0.000000000001,btc,0.0,0.0,0.0,187
,[],17,[],2018-11-16 20:58:10,4062536.27273,0.00000001,0.000000000000550501,4708775,2018-11-16 20:58:10,btc,3.36492563466,0.195460381006,,"btc,eth",110697919.549,0.0,0.0157628953496,187
0,[],22,[],2019-02-24 22:23:33,0.0,0,0,6776970,2019-02-24 22:23:33,,1.19374396,0.0,0,,16308.869534405507,0.0,0.0,191
0,[],22,[],2019-02-24 21:27:40,0.0,0,0,6776778,2019-02-24 21:27:40,,0.0,0.0,0,,0.0,0.0,0.0,197
0,[],23,[],2019-01-20 23:31:41,0.0,0,0,6477079,2019-01-20 23:31:41,,0.0,0.0,0,,0.0,0.0,0.0,199
0,[],22,[],2019-02-24 21:27:43,0.0,0,0,6776779,2019-02-24 21:27:43,,5.19477622,0.0,0,,21058553.0,0.0,0.0,199
1,[],26,[],2019-02-24 21:27:43,0.0,0.00000000,0,6776780,2019-02-24 21:27:43,btc,0.0,0.0,0.00000000,btc,0.0,0.0,0.0,199
0,[],17,[],2019-01-30 16:32:01,0.0,0,0,6540827,2019-01-30 16:32:01,btc,6.802544163788159,0.0,0,btc,105897.55575295,0.0,0.0,200
0,[],2,[],2019-01-20 23:30:49,0.0,0,0,6477059,2019-01-20 23:30:49,,0.0,0.0,0,,0.0,0.0,0.0,201
1,[],4,[],2019-01-25 15:51:35,2084389.58565343,0.00000936,0.000000000333526752,6499557,2019-01-25 15:51:35,btc,2.0092503037378524,0.0,0.00000936,btc,160195.80207885,0.19272417,1.242687955921835,211
1,[],7,[],2019-02-24 21:27:46,4266330.76211524,0.0000013200000000000000673224496983149123252587742172181606292724609375,0.00000000005022969600000001,6776781,2019-02-24 21:27:46,btc,15476315.605065214,171083.928377,0.0000013200000000000000673224496983149123252587742172181606292724609375,btc,12382730.66643053,0.0,3.250501030298333,212
1,[],5,[],2019-02-24 21:20:35,0.0,0,0,6776611,2019-02-24 21:20:35,btc,0.0,0.04560661,0,btc,0.0,0.0,0.0,213
1,[],24,[],2019-02-24 21:20:35,0.0,0.000000100000,0.0000000000037894299999999995,6776612,2019-02-24 21:20:35,btc,0.0,0.0,0.000000100000,btc,0.0,0.0,0.0,213
1,[],26,[],2019-02-24 21:20:36,0.0,0.00000009,0.000000000003410487,6776613,2019-02-24 21:20:36,btc,0.0,0.0,0.00000009,btc,0.0,0.0,0.0,213
1,[],12,[],2019-01-25 02:44:32,207462.42853209,0.000001080000000000000035831255497387193287295303889550268650054931640625,0.000000000038610756000000006,6493050,2019-01-25 02:44:32,btc,85023.03793723314,0.0,0.000001080000000000000035831255497387193287295303889550268650054931640625,btc,43675.73520027,0.000146250909087,0.0348620860622024,213
1,[],22,[],2019-02-24 21:27:50,104971.0,0.00000001,0.00000000000038052800000000005,6776782,2019-02-24 21:27:50,BTC,2.20557071,0.0,0.00000001,BTC,249234.19637261707,0.0,0.00104971,216
1,[],27,[],2019-02-24 21:27:53,18126701.005988,0.00000008,0.0000000000030442240000000004,6776783,2019-02-24 21:27:53,btc,355.9328921271,2490.004,0.00000008,"btc,ltc",215968.841,0.0002739,0.03402147043913876,216
1,[],22,[],2019-02-24 21:27:57,254186.4667325441,0.00000215,0.00000000008181352,6776784,2019-02-24 21:27:57,BTC,12673.59227106,0.0,0.00000215,BTC,372110.19063635875,0.01858535,0.36210264,217
1,[],7,[],2019-02-24 21:27:59,0.0,0,0,6776785,2019-02-24 21:27:59,btc,77969.77488735563,0.0,0,btc,137043486.5550253,0.0,0.0,219
0,[],27,[],2019-02-24 21:28:01,0.0,0,0,6776786,2019-02-24 21:28:01,,0.0740438339680921,0.0,0,btc,1536429.20709513,0.0,0.0,219
0.0000000000000052,[],28,[],2019-02-24 21:28:03,168412474.765,5.200052e-18,1.9787653874560001e-22,6776787,2019-02-24 21:28:03,doge,83883.3352434475,14785.0,0.00100001,"btc,doge",4823713.77951,0.0,1.1290192399190953e-11,219
1,[],22,[],2019-02-24 21:21:04,86200.6,0.00000011,0.000000000004168373,6776620,2019-02-24 21:21:04,BTC,3.00351291,0.0,0.00000011,BTC,111590.27041875875,0.01568487,0.00863006,221
1,[],24,[],2019-02-24 21:21:04,0.0,0.000000200000,0.000000000007578859999999999,6776621,2019-02-24 21:21:04,btc,0.0,0.0,0.000000200000,btc,0.0,0.0,0.0,221
1,[],20,[],2019-02-24 21:21:07,43482886.7222,0.000000002,0.0000000000000757886,6776622,2019-02-24 21:21:07,btc,47.9833430204242,2517911.5541,0.000000002,btc,10702518.4831,0.0061321537441,0.0440228867221,224
0,[],22,[],2019-02-24 21:21:09,0.0,0,0,6776623,2019-02-24 21:21:09,,0.0,0.0,0,,0.0,0.0,0.0,224
1,[],26,[],2019-02-24 21:28:03,0.0,0.00000035,0.00000000001331848,6776788,2019-02-24 21:28:03,btc,0.0,0.0,0.00000035,btc,0.0,0.0,0.0,231
1,[],26,[],2019-02-24 21:21:10,0.0,0.00000006,0.000000000002273658,6776625,2019-02-24 21:21:10,btc,0.0,0.0,0.00000006,btc,0.0,0.0,0.0,234
0.0000000003684125,[],27,[],2019-02-24 21:21:13,2000.0,3.684125e-18,1.396073379875e-22,6776626,2019-02-24 21:21:13,eth,0.0113483662182,0.0,0.00000001,"btc,eth",11462.99618,0.0,7.36825e-15,234
1,[],4,[],2019-02-24 21:28:05,1064310.76901105,0.00000080,0.00000000003044224,6776789,2019-02-24 21:28:05,btc,4.448512240904745,0.0,0.00000080,btc,1060809.90011016,0.0277424,0.4163712419871936,236
1,[],24,[],2019-02-24 21:28:05,0.0,0.000000300000,0.00000000001141584,6776790,2019-02-24 21:28:05,btc,0.0,0.0,0.000000300000,btc,0.0,0.0,0.0,236
1,[],20,[],2019-02-24 21:21:16,67638611.334,0.000000057,0.0000000000021599751,6776629,2019-02-24 21:21:16,btc,10.0742318367853,21864807.9494,0.000000057,btc,45075748.3626,1.2882624787179,0.2455724095826,237
0.0000000001179408,[],22,[],2019-02-24 21:28:10,14400.0,1.179408e-17,4.48797767424e-22,6776791,2019-02-24 21:28:10,LTC,0.0405823,0.0,0.0000001,LTC,3164.0,0.0,0.00144,237
1,[],4,[],2019-02-24 21:28:12,7048009.38526475,0.00000032,0.000000000012176896000000002,6776792,2019-02-24 21:28:12,btc,5.853324028858942,0.0,0.00000032,btc,9271395.23244909,0.16404739,1.5132661457662324,238
1,[],5,[],2019-02-24 21:28:13,0.0,0,0,6776793,2019-02-24 21:28:13,btc,0.0,0.01128952,0,btc,0.0,0.0,0.0,238
0,[],22,[],2019-02-24 21:21:26,0.0,0,0,6776633,2019-02-24 21:21:26,,0.41356282,0.0,0,,316008.5639027493,0.0,0.0,249
0.0000000001179408,[],22,[],2019-02-24 21:28:16,7121097.666666667,3.538224e-18,1.3463933022720003e-22,6776794,2019-02-24 21:28:16,LTC,0.58373024,0.0,0.00000003,LTC,20076544.09,0.0,0.21263595,252
1,[],28,[],2019-02-24 21:28:18,3449036.698,0.00000018,0.0000000000068495040000000005,6776795,2019-02-24 21:28:18,btc,164693.64045601877,253534.596,0.00000018,btc,743368.33020392,0.0,0.1988041375,256
1,[],22,[],2019-02-24 21:28:22,2069238.0,0.00000002,0.0000000000007610560000000001,6776796,2019-02-24 21:28:22,BTC,31.43607816,0.0,0.00000002,BTC,552727.8076914564,0.0,0.03081212,258
1,[],22,[],2019-02-23 13:24:56,48751.0,0.00000001,0.000000000000395946,6766668,2019-02-23 13:24:56,BTC,2.4175745,0.0,0.00000001,BTC,1762.0,0.0,0.00048751,259
1,[],5,[],2019-02-24 21:21:41,0.0,0,0,6776637,2019-02-24 21:21:41,btc,0.0,0.14165063,0,btc,0.0,0.0,0.0,264
1,[],20,[],2019-02-24 21:21:43,1224179.043,0.000001702,0.0000000000644960986,6776638,2019-02-24 21:21:43,btc,7.3526017235708,80803.1338,0.000001702,btc,96184.4096,0.2417884879314,0.0279882671098,264
1,[],22,[],2019-02-24 21:21:47,18164.0,0.00000001,0.000000000000378943,6776639,2019-02-24 21:21:47,BTC,8.44955368,0.0,0.00000001,BTC,428471.6907878143,7.5e-05,0.00018164,271
0,[],22,[],2019-02-24 21:21:51,0.0,0,0,6776640,2019-02-24 21:21:51,,259.46651233,0.0,0,,14409338437.9,0.0,0.0,272
0.0000000000000052,[],28,[],2019-02-24 21:21:53,241848622614.654,4.16e-21,1.57640288e-25,6776641,2019-02-24 21:21:53,doge,21900479.920547657,15892147184.0,0.0000008,doge,214169508048.89432,0.0,6.567424590538666e-10,272
1,[],22,[],2019-02-24 21:21:59,114062.74,0.00000258,0.000000000097767294,6776642,2019-02-24 21:21:59,BTC,74.45072618,0.0,0.00000258,"BTC,LTC",13370.487639773188,0.0,0.04326404,281
1,[],22,[],2019-02-24 21:22:03,96392.0,0.00000001,0.000000000000378943,6776643,2019-02-24 21:22:03,BTC,1.33241639,0.0,0.00000001,BTC,166490.49887885063,2.23e-06,0.00096392,286
0,[],22,[],2019-02-22 20:00:43,0.0,0,0,6761229,2019-02-22 20:00:43,,43634.52003953,0.0,0,,419068796.0,0.0,0.0,294
