pairValue,buyBook,exchangeId,sellBook,updated,buyTotal,satoshiPrice,usdPrice,exchangeLogId,created,bestPair,sellTotalBtc,volume,pairPrice,activePairs,sellTotal,volumeBtc,buyTotalBtc,coinId
0.0,[],25,[],2019-02-14 14:30:50,0.0,0,0,6664960,2019-02-14 14:30:50,btc,13.68999999863084,1847.50222698,0.0,btc,1039.1053545,25.8993,0.0,1
1,[],26,[],2019-02-14 14:22:23,0.0,0,0,6664762,2019-02-14 14:22:23,,0.0,0.0,0,,0.0,0.0,0.0,1
1,[],28,[],2019-02-14 14:22:25,992.992,0.01250000,0.00000044849,6664763,2019-02-14 14:22:25,btc,0.162839806,18403.15,0.01250000,btc,8.9,0.0,0.087170176,1
0,[],2,[],2019-01-20 23:28:45,0.0,0,0,6477011,2019-01-20 23:28:45,,0.0,0.0,0,,0.0,0.0,0.0,1
1,[],3,[],2019-02-14 14:30:34,143.29439705660099,0.01291900999999999986866949797104098252020776271820068359375,0.00000046335450456100004,6664951,2019-02-14 14:30:34,btc,107.07039613221045,0.47566239,0.01291900999999999986866949797104098252020776271820068359375,btc,21.822910147991,0.0,0.44265465409307925,1
1,[],4,[],2019-02-14 14:30:35,120079.26318721,0.01281074,0.000000459471281914,6664952,2019-02-14 14:30:35,btc,0.5321231141266395,0.0,0.01281074,btc,37.32622535,1.28542784,1.4314474313118344,1
1,[],5,[],2019-02-14 14:30:37,0.2852556,0.01311587,0.000000470415105007,6664953,2019-02-14 14:30:37,btc,14578.72988043,0.62718271,0.01311587,btc,35555556.19395402,0.0,2.56954182,1
1,[],10,[],2019-02-14 14:30:40,413636.06167165,0.01144321,0.00000041042331418100003,6664954,2019-02-14 14:30:40,btc,6534.058570497074,1487.62427101,0.01144321,btc,1097.86887225,0.0,5.288920485999747,1
1,[],12,[],2019-02-14 14:30:43,10447.95293402,0.01288000000000000082323037275955357472412288188934326171875,0.0000004619553680000001,6664955,2019-02-14 14:30:43,btc,0.3735577813001,0.0,0.01288000000000000082323037275955357472412288188934326171875,btc,21.53316711,4.9554900970579,0.3633634611834,1
1,[],20,[],2019-02-14 14:30:44,1151.7802,0.010500106,0.0000003765978518066,6664956,2019-02-14 14:30:44,btc,0.0573537536243,0.0,0.010500106,btc,2.5253,0.0,0.0966160305969,1
1,[],21,[],2019-02-14 14:30:45,2374.02023018,0.01288619000000000049122039769,0.00000046217737915900004,6664957,2019-02-14 14:30:45,btc,28.655723317195513,3848.4660421500002,0.01288619000000000049122039769144976162351667881011962890625,"btc,eth",2728.48162634,45.30369143569051,20.695115759723734,1
1,[],22,[],2019-02-14 14:30:49,0.0280576,0.01350000,0.00000048419235,6664958,2019-02-14 14:30:49,BTC,0.3139634,0.0,0.01350000,BTC,0.10070366666666666,0.0,0.00036518,1
1,[],24,[],2019-02-14 14:30:49,0.0,0.000000000000,0,6664959,2019-02-14 14:30:49,btc,0.0,0.0,0.000000000000,btc,0.0,0.0,0.0,1
1,[],5,[],2019-02-14 14:22:26,1.759e-05,0.00000070,0.00000000002511544,6664764,2019-02-14 14:22:26,btc,0.14004735,0.03544782,0.00000070,btc,6.477e-05,0.0,0.33013364,2
1,[],22,[],2019-02-14 14:22:30,1198.0,0.00000017,0.000000000006099464,6664765,2019-02-14 14:22:30,BTC,2.12229306,0.0,0.00000017,"BTC,XMR",14654.709143333333,0.0,0.00088485,2
1,[],5,[],2019-02-14 14:22:32,1.29e-06,0.00000017,0.000000000006099464,6664766,2019-02-14 14:22:32,btc,4.31648084,0.02811283,0.00000017,btc,2.278e-05,0.0,3.61467564,3
1,[],12,[],2019-02-14 14:22:33,12353009.39563995,0.000000172,0.0000000000061712224,6664767,2019-02-14 14:22:33,btc,924230.0181988265,0.0,0.000000172,btc,8048810.66474945,0.05386183992690362,0.5314817967136848,3
0,[],28,[],2019-02-14 14:22:34,0.0,0,0,6664768,2019-02-14 14:22:34,,0.0,0.0,0,,0.0,0.0,0.0,3
0,[],2,[],2019-01-20 23:31:32,0.0,0,0,6477077,2019-01-20 23:31:32,,0.0,0.0,0,,0.0,0.0,0.0,4
1,[],4,[],2019-02-14 14:22:35,370831.19389449,0.00000034,0.000000000012198928,6664769,2019-02-14 14:22:35,btc,0.3452996148482155,0.0,0.00000034,btc,323829.14969384,0.00060629,0.0452380199911089,4
1,[],12,[],2019-02-14 13:33:06,1406001.5219999999,0.00000004,0.0000000000014369680000000001,6664578,2019-02-14 13:33:06,btc,11113878.38255477,0.0,0.00000004,btc,1082835.11093266,0.0004149598002,0.02359521044,5
0,[],2,[],2019-01-20 23:31:51,0.0,0,0,6477087,2019-01-20 23:31:51,,0.0,0.0,0,,0.0,0.0,0.0,6
1,[],11,[],2019-02-14 14:22:37,3456862.5,0.00000002,0.000000000000717584,6664770,2019-02-14 14:22:37,btc,9433.375378225748,658096.333333,0.00000002,btc,39873627.98932451,0.0,0.060646945,6
1,[],3,[],2019-02-14 14:22:38,1074.273146428111,0.00014521000000000000053346216333238771767355501651763916015625,0.000000005210018632,6664771,2019-02-14 14:22:38,btc,28.399990609446498,0.0,0.00014521000000000000053346216333238771767355501651763916015625,btc,235.145665820227,0.0,0.031531977816658056,7
1,[],4,[],2019-02-14 14:22:40,16794.41935057,0.00020452,0.0000000073380139840000005,6664772,2019-02-14 14:22:40,btc,1.325206512506003,0.0,0.00020452,btc,5324.94707777,7.61148208,3.1476648895829187,7
1,[],5,[],2019-02-14 14:22:42,0.00685766,0.00020201,0.000000007247957192000001,6664773,2019-02-14 14:22:42,btc,1.89124673,0.52722954,0.00020201,btc,0.01287956,0.0,1.94940634,7
1,[],20,[],2019-02-14 13:33:14,43516494.8418,0.000000001,0.0000000000000359242,6664583,2019-02-14 13:33:14,btc,116.5827776391263,20000.0,0.000000001,btc,29035064.8892,2e-05,0.0435164948418,8
1,[],1,[],2019-02-14 14:22:45,2342731.57,0.000001790000000000000014290326734445191192435231641866266727447509765625,0.000000000064223768,6664774,2019-02-14 14:22:45,btc,1.8733431748,19823584.44,0.000001790000000000000014290326734445191192435231641866266727447509765625,btc,1024788.9500000001,36.37238103,4.1374100933,9
1,[],4,[],2019-02-14 14:22:46,250084.61080915,0.00000179,0.000000000064223768,6664775,2019-02-14 14:22:46,btc,0.654043025850011,0.0,0.00000179,btc,341507.2660309,1.35072302,0.4164754493179574,9
1,[],28,[],2019-02-14 14:22:48,54372.0,0.00000167,0.000000000059918264,6664776,2019-02-14 14:22:48,btc,2708.76119522,3652257.0,0.00000167,btc,11732.68,0.0,0.06163824,9
0,[],2,[],2019-01-20 23:22:42,0.0,0,0,6476876,2019-01-20 23:22:42,,0.0,0.0,0,,0.0,0.0,0.0,9
0,[],23,[],2019-01-20 23:22:48,0.0,0,0,6476878,2019-01-20 23:22:48,,0.0,0.0,0,,0.0,0.0,0.0,9
1,[],4,[],2019-02-10 09:54:02,5828483.02026053,0.00000002,0.000000000000726692,6623074,2019-02-10 09:54:02,btc,0.2014004865591215,0.0,0.00000002,btc,4198675.28035349,0.00021932,0.0653957035452106,10
1,[],4,[],2019-02-14 14:22:49,1457762.19941216,0.00000152,0.000000000054536384,6664777,2019-02-14 14:22:49,btc,1.1594103857826403,0.0,0.00000152,btc,721244.34539867,3.31388875,2.038533214329185,12
1,[],5,[],2019-02-14 14:22:51,4.229e-05,0.00000150,0.0000000000538188,6664778,2019-02-14 14:22:51,btc,0.43518621,0.29532453,0.00000150,btc,0.00011616,0.0,0.24383845,12
0.0,[],25,[],2019-02-14 14:22:52,0.0,0,0,6664779,2019-02-14 14:22:52,,0.0,0.0,0.0,btc,0.0,0.0,0.0,12
0,[],2,[],2019-01-20 23:23:08,0.0,0,0,6476890,2019-01-20 23:23:08,,0.0,0.0,0,,0.0,0.0,0.0,12
1,[],4,[],2019-02-14 14:22:54,1318685.19679837,0.00000614,0.000000000220298288,6664780,2019-02-14 14:22:54,btc,0.4285145750988902,0.0,0.00000614,btc,64478.70107094,0.33884635,1.3895827859876189,13
1,[],21,[],2019-02-14 14:22:58,1105584.88867395,0.000006199999999999999931196530134,0.00000000022245104,6664781,2019-02-14 14:22:58,btc,9.972880005593577,443983.31611932,0.000006199999999999999931196530134069888617887045256793498992919921875,btc,1410835.14389149,2.71567972,6.425878086902361,13
1,[],10,[],2019-02-14 13:33:26,452548.63846342,0.0000061,0.00000000021913762,6664591,2019-02-14 13:33:26,btc,666805.4663340639,3047.99951366,0.0000061,btc,728266.5234313,0.0,0.4113046444295717,13
1,[],4,[],2019-02-14 14:22:59,1000555.10929341,0.00000140,0.00000000005023088,6664782,2019-02-14 14:22:59,btc,0.1290528849123504,0.0,0.00000140,btc,71317.13808697,0.00405401,0.4285284019925913,14
1,[],12,[],2019-02-14 14:23:00,88381.2231405,0.000001260000000000000006510091944689211373997750342823565006256103515625,0.000000000045207792,6664783,2019-02-14 14:23:00,btc,2.7764868112948196,0.0,0.000001260000000000000006510091944689211373997750342823565006256103515625,btc,30207.37033352,7.06270129932e-05,0.010054600000005,14
0,[],17,[],2019-02-14 14:23:02,0.0,0,0,6664784,2019-02-14 14:23:02,btc,0.0,0.0,0,btc,0.0,0.0,0.0,14
1,[],26,[],2019-02-14 14:23:02,0.0,0.00000050,0.0000000000179396,6664785,2019-02-14 14:23:02,btc,0.0,0.0,0.00000050,btc,0.0,0.0,0.0,14
0,[],4,[],2019-02-14 14:23:04,0.0,0,0,6664786,2019-02-14 14:23:04,,0.0,0.0,0,,0.0,0.0,0.0,15
,[],12,[],2018-12-01 15:15:48,204241.84496,0.00000489,0.000000000202473384,5260204,2018-12-01 15:15:48,btc,49.5475654835,0.0,,btc,35763.2193806,0.0163153972027625,0.0203389899998,15
1,[],4,[],2019-02-14 14:23:06,27578.11819972,0.00001815,0.00000000065120748,6664787,2019-02-14 14:23:06,btc,2.211649353893966,0.0,0.00001815,btc,7346.66624374,0.01511536,0.1121040609706685,18
1,[],10,[],2019-02-14 14:23:10,790134.12813908,0.00001769,0.0000000006347030479999999,6664788,2019-02-14 14:23:10,btc,15.534651342856288,7987.56206804,0.00001769,btc,10380.70076343,0.0,0.3113328738906474,18
1,[],12,[],2019-02-14 14:23:11,204409.1517546,0.00001800000000000000045601543374740316494353464804589748382568359375,0.0000000006458256000000001,6664789,2019-02-14 14:23:11,btc,22.612018968732464,0.0,0.00001800000000000000045601543374740316494353464804589748382568359375,btc,1866.05458702,1.41799122036e-05,0.0358508340219103,18
0,[],17,[],2019-02-14 12:39:10,0.0,0,0,6664288,2019-02-14 12:39:10,btc,0.0,0.0,0,btc,0.0,0.0,0.0,18
0,[],2,[],2019-01-20 23:23:38,0.0,0,0,6476906,2019-01-20 23:23:38,,0.0,0.0,0,,0.0,0.0,0.0,18
1,[],3,[],2019-02-14 14:23:23,132665.52083578982,0.00002599999999999999839993443384589255629180115647614002227783203125,0.0000000009328592,6664790,2019-02-14 14:23:23,btc,0.46760585687644973,31.84098516,0.00002599999999999999839993443384589255629180115647614002227783203125,btc,5030.703190921352,0.0,0.17801028884151887,19
1,[],4,[],2019-02-14 14:23:24,206555.02982653,0.00002655,0.00000000095259276,6664791,2019-02-14 14:23:24,btc,0.1768530660327071,0.0,0.00002655,btc,6028.75636079,1.75022426,1.0794582174748242,19
1,[],5,[],2019-02-14 14:23:25,0.00022671,0.00002404,0.0000000008625359680000001,6664792,2019-02-14 14:23:25,btc,0.27287246,3.995e-05,0.00002404,btc,0.00302612,0.0,0.07709547,19
1,[],12,[],2019-02-14 14:23:26,134952.56806507,0.0000233599999999999999593554289578634097779286094009876251220703125,0.000000000838138112,6664793,2019-02-14 14:23:26,btc,0.0295481452435968,0.0,0.0000233599999999999999593554289578634097779286094009876251220703125,btc,294.66393647,2.312e-05,0.0326687500000352,19
0,[],27,[],2019-02-14 14:23:28,0.0,0,0,6664794,2019-02-14 14:23:28,,0.0,0.0,0,btc,0.0,0.0,0.0,19
0,[],2,[],2019-01-20 23:24:19,0.0,0,0,6476924,2019-01-20 23:24:19,,0.0,0.0,0,,0.0,0.0,0.0,19
1,[],4,[],2019-02-14 14:23:29,8110272.69950881,0.00000014,0.000000000005023088,6664795,2019-02-14 14:23:29,btc,0.7670815932436357,0.0,0.00000014,btc,1589737.19386541,0.00054787,0.2639239381283659,20
1,[],4,[],2019-02-14 14:23:30,113117030.30223545,0.00000002,0.000000000000717584,6664796,2019-02-14 14:23:30,btc,0.5756534626846989,0.0,0.00000002,btc,16238836.28164404,0.0112402,1.3001810499253494,21
1,[],12,[],2019-02-14 14:23:31,17385206.0,0.00000002,0.000000000000717584,6664797,2019-02-14 14:23:31,btc,669.7041376091021,0.0,0.00000002,btc,8561386.84915352,0.00678993994006,0.2199444,21
0,[],17,[],2019-02-14 12:31:48,0.0,0,0,6664098,2019-02-14 12:31:48,btc,0.0,0.0,0,btc,0.0,0.0,0.0,21
1,[],12,[],2019-02-14 14:23:43,2958845601.043896,0.0000000002,0.00000000000000717584,6664798,2019-02-14 14:23:43,btc,825864729282.1708,0.0,0.0000000002,btc,4254275944.1110916,0.002882006788011988,0.34282005035558977,23
0,[],27,[],2019-02-14 14:23:44,0.0,0,0,6664799,2019-02-14 14:23:44,,0.7240921565934114,0.0,0,eth,727098.85514486,0.0,0.0,23
1,[],4,[],2019-02-14 14:23:45,380647.95190758,0.00000064,0.000000000022962688,6664800,2019-02-14 14:23:45,btc,0.1976011419784539,0.0,0.00000064,btc,190390.14282898,0.00966303,0.1915544977308909,24
1,[],22,[],2019-02-14 14:23:48,11.76,0.00000100,0.0000000000358792,6664801,2019-02-14 14:23:48,BTC,7.415e-05,0.0,0.00000100,BTC,23.919354838709676,0.0,1.176e-05,24
0.0,[],25,[],2019-02-14 14:23:51,0.0,0,0,6664802,2019-02-14 14:23:51,,0.0,0.0,0.0,btc,0.0,0.0,0.0,24
1,[],4,[],2019-02-14 14:23:52,29734144.37620329,0.00000603,0.000000000216351576,6664803,2019-02-14 14:23:52,btc,0.5084360556468128,0.0,0.00000603,btc,40726.80077943,0.05967721,0.4646206688673174,26
1,[],10,[],2019-02-14 14:23:53,739066.96266417,0.0000054,0.00000000019374768,6664804,2019-02-14 14:23:53,btc,25.9358823275265,0.0,0.0000054,btc,15824.17466294,0.0,0.2350166818916179,26
0,[],2,[],2019-01-20 23:25:56,0.0,0,0,6476976,2019-01-20 23:25:56,,0.0,0.0,0,,0.0,0.0,0.0,26
1,[],3,[],2019-02-14 14:23:54,6382513.22551169,0.00000001,0.000000000000358792,6664805,2019-02-14 14:23:54,btc,2.465110833115142,235224.760356,0.00000001,btc,16342109.50389399,0.0,0.06382513225511689,27
1,[],5,[],2019-02-14 14:23:55,1e-08,0.00000001,0.000000000000358792,6664806,2019-02-14 14:23:55,btc,1.5983649,0.00015547,0.00000001,btc,4.345e-05,0.0,0.09876521,27
1,[],11,[],2019-02-14 14:23:57,10063976.7912115,0.00000005,0.00000000000179396,6664807,2019-02-14 14:23:57,btc,370.6338154222541,8080.0,0.00000005,btc,8170841.5693934,0.0,0.4660996184459823,27
1,[],4,[],2019-02-14 14:23:58,577812101.1989164,0.00000002,0.000000000000717584,6664808,2019-02-14 14:23:58,btc,0.3036543780863931,0.0,0.00000002,"btc,ltc",26302305.204427,0.39246883,8.727120780817284,29
1,[],7,[],2019-02-14 14:23:59,29066263.01754459,0.00000002,0.000000000000717584,6664809,2019-02-14 14:23:59,btc,44465226.09854515,500021.803087,0.00000002,btc,55463687.59937671,0.0,0.4265003239146541,29
1,[],4,[],2019-02-14 14:24:01,1528199.71166845,0.00000028,0.000000000010046176,6664810,2019-02-14 14:24:01,btc,0.1703009827039457,0.0,0.00000028,btc,374861.76922463,0.00691159,0.1198012285964487,30
0,[],17,[],2019-02-14 13:24:37,0.0,0,0,6664428,2019-02-14 13:24:37,btc,0.0,0.0,0,btc,0.0,0.0,0.0,30
1,[],4,[],2019-02-14 14:24:12,43931.72190659,0.00007324,0.000000002627792608,6664811,2019-02-14 14:24:12,btc,1.7832520137601198,0.0,0.00007324,btc,22329.27363982,1.06044024,2.428814771857697,31
1,[],21,[],2019-02-14 14:24:13,76006.79353313,0.00007407999999999999546189399791,0.000000002657931136,6664812,2019-02-14 14:24:13,btc,3.6804830156311605,130218.57103685,0.00007407999999999999546189399790563356873462907969951629638671875,btc,45817.929884209996,9.30898846,5.255012995449337,31
0,[],2,[],2019-01-20 23:28:43,0.0,0,0,6477009,2019-01-20 23:28:43,,0.0,0.0,0,,0.0,0.0,0.0,32
1,[],4,[],2019-02-14 14:24:14,145309026.10905233,0.00000004,0.000000000001435168,6664813,2019-02-14 14:24:14,btc,2.401834784626723,0.0,0.00000004,"btc,ltc",50287247.06638534,0.52364197,2.4983254385181026,33
1,[],12,[],2019-02-14 14:24:15,12145757.0,0.00000005,0.00000000000179396,6664814,2019-02-14 14:24:15,btc,34508887.11312934,0.0,0.00000005,btc,89099358.51148832,0.0005843179815698,0.37155283,33
1,[],4,[],2019-02-14 14:24:16,137206961.243503,0.00000001,0.000000000000358792,6664815,2019-02-14 14:24:16,btc,1.0402861446403031,0.0,0.00000001,btc,41635658.33332942,0.07447948,1.37206961243503,34
1,[],5,[],2019-02-14 14:24:18,1e-08,0.00000001,0.000000000000358792,6664816,2019-02-14 14:24:18,btc,5.08012876,0.0036241,0.00000001,btc,1.343e-05,0.0,0.85477981,34
0.00000000011439879999999999,[],4,[],2019-02-14 14:24:19,1063437158.7767,2.287976e-18,8.20907484992e-23,6664817,2019-02-14 14:24:19,ltc,1.0980527434684918e-08,0.0,0.00000002,ltc,2274962077.2634244,0.0,1.8100202964788371e-09,36
1,[],5,[],2019-02-14 14:24:20,0.0,0,0,6664818,2019-02-14 14:24:20,btc,197.5385615,0.0,0,btc,1.325e-05,0.0,0.0,36
0,[],27,[],2019-02-14 14:24:23,0.0,0,0,6664819,2019-02-14 14:24:23,,240.2793623844,0.0,0,"ltc,eth",3711879.14,0.0,0.0,36
0,[],17,[],2019-02-14 13:35:12,0.0,0,0,6664629,2019-02-14 13:35:12,btc,0.14155809404650171,0.0,0,btc,10794800.77743647,0.0,0.0,36
1,[],4,[],2019-02-14 14:24:24,234470.63328563,0.00000106,0.000000000038031952,6664820,2019-02-14 14:24:24,btc,0.4150869713253905,0.0,0.00000106,btc,245155.11597977,0.01912207,0.1160114363394101,37
1,[],12,[],2019-02-14 14:24:25,459671.60578231,0.000001230000000000000081983031474663903281907550990581512451171875,0.000000000044131416000000004,6664821,2019-02-14 14:24:25,btc,1364.0073037647396,0.0,0.000001230000000000000081983031474663903281907550990581512451171875,btc,658590.72884219,0.2310981267669708,0.24388679310861,37
1,[],17,[],2019-02-14 14:24:26,1752.74075282,0.00000025,0.0000000000089698,6664822,2019-02-14 14:24:26,btc,0.055484923777095005,0.0,0.00000025,btc,1319.19918473,0.0,0.00043818518820499993,37
1,[],27,[],2019-02-14 14:24:28,14852.0,0.0000005,0.0000000000179396,6664823,2019-02-14 14:24:28,btc,26.73595537911233,0.0,0.0000005,btc,6579.81438508,0.0,0.00488022,37
1,[],5,[],2019-02-14 14:24:31,1.478e-05,0.00000096,0.000000000034444032,6664824,2019-02-14 14:24:31,btc,0.09701693,0.11941918,0.00000096,btc,0.00011634,0.0,0.04957859,42
1,[],12,[],2019-02-14 14:24:32,130105.94881393,0.00000094,0.000000000033726448,6664825,2019-02-14 14:24:32,btc,92.9154600626095,0.0,0.00000094,btc,94974.40830187,0.0162217692865682,0.0474072164367857,42
0,[],27,[],2019-02-14 14:24:35,0.0,0,0,6664826,2019-02-14 14:24:35,,0.00315028,0.0,0,"btc,eth",11.007,0.0,0.0,42
1,[],5,[],2019-02-14 14:24:36,3e-08,0.00000002,0.000000000000717584,6664827,2019-02-14 14:24:36,btc,6.16328141,0.0503192,0.00000002,btc,1.375e-05,0.0,0.5744914,43
1,[],12,[],2019-02-14 14:24:38,3866366.0,0.00000001,0.000000000000358792,6664828,2019-02-14 14:24:38,btc,20007457.492715273,0.0,0.00000001,btc,38975764.459940016,4.9950049954e-06,0.03866366,43
0,[],17,[],2019-02-14 13:35:29,0.0,0,0,6664640,2019-02-14 13:35:29,btc,0.0,0.0,0,btc,0.0,0.0,0.0,43
1,[],12,[],2019-02-14 14:24:40,738198.0,0.00000005,0.00000000000179396,6664829,2019-02-14 14:24:40,btc,11115166.868518697,0.0,0.00000005,btc,1033456.9270729,0.0003247865134874,0.02014983,44
1,[],4,[],2019-02-14 14:24:41,225303205.4814143,0.00000002,0.000000000000717584,6664830,2019-02-14 14:24:41,btc,0.18157519044588763,0.0,0.00000002,"btc,ltc",4557175.17772906,0.00316058,0.4307451450141787,49
0.00000000011439879999999999,[],4,[],2019-02-14 14:24:42,1786921831.466528,1.143988e-18,4.10453742496e-23,6664831,2019-02-14 14:24:42,ltc,4.645173508665376,0.0,0.00000001,ltc,3819639558.9474792,0.0,2.0442171321357303e-09,52
0,[],22,[],2019-02-14 14:24:44,0.0,0,0,6664832,2019-02-14 14:24:44,,8108.82526305,0.0,0,,262741443.67882353,0.0,0.0,57
0,[],27,[],2019-02-14 14:24:47,0.0,0,0,6664833,2019-02-14 14:24:47,,0.0,0.0,0,"btc,eth",0.0,0.0,0.0,57
0.00000000011439879999999999,[],4,[],2019-02-14 14:24:48,1146195665.8408542,4.575952e-18,1.641814969984e-22,6664834,2019-02-14 14:24:48,ltc,3.272209002120548,0.0,0.00000004,ltc,831603943.6482807,0.005,3.2735996768206562e-09,58
1,[],12,[],2019-02-14 14:24:49,1883533426.843957,0.0000000005,0.000000000000017939600000000003,6664835,2019-02-14 14:24:49,btc,224045490329.46567,0.0,0.0000000005,btc,3690560724.8524528,0.008103661069430576,0.6568246065011392,58
0.00000000012825800000000001,[],22,[],2019-02-14 14:25:05,137438.0,1.28258e-18,4.6017944336e-23,6664836,2019-02-14 14:25:05,XMR,69.8835922,0.0,0.00000001,XMR,9887963.0,0.0,0.00137438,58
0,[],17,[],2019-02-14 13:35:36,0.0,0,0,6664646,2019-02-14 13:35:36,btc,1e+24,0.0,0,btc,41401875.8285055,0.0,0.0,58
1,[],5,[],2019-02-14 14:25:07,5.86e-06,0.00000059,0.000000000021168728000000002,6664837,2019-02-14 14:25:07,btc,0.24997626,0.16478895,0.00000059,btc,9.355e-05,0.0,0.09465872,61
1,[],22,[],2019-02-14 14:25:10,5149.5,0.00000011,0.000000000003946712,6664838,2019-02-14 14:25:10,BTC,1002.29598212,0.0,0.00000011,BTC,14957.700278135757,0.0,0.00051596,61
1,[],26,[],2019-02-14 14:25:11,0.0,0.00000800,0.0000000002870336,6664839,2019-02-14 14:25:11,btc,0.0,0.0,0.00000800,btc,0.0,0.0,0.0,61
1,[],27,[],2019-02-14 14:25:13,10403.8823,0.00000034,0.000000000012198928,6664840,2019-02-14 14:25:13,btc,10.660603686931694,600.57125583,0.00000034,"btc,eth",15458.09679279,2.4114725811600002e-11,0.0006378899836989096,61
1,[],28,[],2019-02-14 14:25:20,19894.304,0.00000091,0.000000000032650072,6664841,2019-02-14 14:25:20,btc,2.056375543700105,794.0,0.00000091,btc,9772.52450005,0.0,0.00993521304,61
1,[],4,[],2019-02-14 12:25:38,427955.18422245,0.00000279,0.000000000100076184,6663936,2019-02-14 12:25:38,btc,1.2230724025521444,0.0,0.00000279,btc,296937.75983299,0.07485946,0.8194117020134782,67
0.0,[],25,[],2019-02-14 12:25:39,0.0,0,0,6663937,2019-02-14 12:25:39,,0.0,0.0,0.0,btc,0.0,0.0,0.0,67
1,[],12,[],2019-02-14 14:25:21,3922466.07268686,0.00000015,0.00000000000538188,6664842,2019-02-14 14:25:21,btc,11115896.424764963,0.0,0.00000015,btc,1701706.68223637,0.0159159953875585,0.1910898543411103,71
,[],5,[],2018-11-20 23:02:39,1.5e-07,0.00000005,0.000000000002128045,4862160,2018-11-20 23:02:39,btc,2.84511358,0.0,,btc,0.00036572,0.0,0.07381892,74
1,[],5,[],2019-02-14 14:25:23,3.049e-05,0.00000156,0.000000000055971552,6664843,2019-02-14 14:25:23,btc,1.5424315,0.0,0.00000156,btc,0.00016981,0.0,0.30484564,75
1,[],4,[],2019-02-14 14:25:24,29738604.75692337,0.00000001,0.000000000000358792,6664844,2019-02-14 14:25:24,btc,0.7668881456247842,0.0,0.00000001,btc,14615939.68425178,0.0,0.2973860475692337,81
0,[],20,[],2019-01-25 09:30:31,0.0,0,0,6495923,2019-01-25 09:30:31,btc,0.0,0.0,0,btc,0.0,0.0,0.0,81
1,[],4,[],2019-02-14 14:25:26,24018.7602301,0.00007585,0.00000000272143732,6664845,2019-02-14 14:25:26,btc,1.3505387349601354,0.0,0.00007585,btc,11554.7540532,0.02165676,0.1067652286209254,82
1,[],21,[],2019-02-14 14:25:27,141873.80417489,0.00007511999999999999905707370740,0.000000002695245504,6664846,2019-02-14 14:25:27,btc,3.7758832205663437,13171.33525647,0.00007511999999999999905707370739804673576145432889461517333984375,btc,42932.28809972,1.01853089,2.7568438065868954,82
0,[],17,[],2019-02-14 14:25:38,0.0,0,0,6664847,2019-02-14 14:25:38,btc,0.0447233088476774,0.0,0,btc,999127.19588126,0.0,0.0,84
0.00000000011439879999999999,[],4,[],2019-02-14 14:25:39,157314869.11428636,8.007916e-18,2.873176197472e-22,6664848,2019-02-14 14:25:39,ltc,0.1956906327131254,0.0,0.00000007,ltc,105800684.50403658,0.0,7.080554528262968e-10,85
,[],22,[],2018-11-20 23:09:34,3408.1,0.0000001,0.0000000000041895,4862324,2018-11-20 23:09:34,BTC,0.04624735,0.0,,BTC,4990.0,0.0,0.00033081,86
0,[],22,[],2019-02-14 14:25:47,0.0,0,0,6664849,2019-02-14 14:25:47,,2.0760781,0.0,0,,140622.94736842104,0.0,0.0,87
0,[],27,[],2019-02-14 14:25:49,0.0,0,0,6664850,2019-02-14 14:25:49,,0.0,0.0,0,btc,0.0,0.0,0.0,87
,[],2,[],2018-11-20 23:10:47,0.0,0,0,4862359,2018-11-20 23:10:47,,0.0,0.0,,,0.0,0.0,0.0,88
1,[],11,[],2019-02-14 14:25:51,97991.63998882,0.00014703000000000000682502665494411075997049920260906219482421875,0.0000000052753187760000005,6664851,2019-02-14 14:25:51,btc,609.3064629360271,1748.01012494,0.00014703000000000000682502665494411075997049920260906219482421875,btc,90286.45268903,0.0,6.715758805956893,89
0,[],2,[],2019-01-20 23:31:45,0.0,0,0,6477083,2019-01-20 23:31:45,,0.0,0.0,0,,0.0,0.0,0.0,91
1,[],12,[],2019-02-14 14:25:53,437705.71269770997,0.00000206000000000000018206681821897330308956952649168670177459716796875,0.00000000007391115200000001,6664852,2019-02-14 14:25:53,btc,4.137481652862811,0.0,0.00000206000000000000018206681821897330308956952649168670177459716796875,btc,43135.47614047,0.0136825417987971,0.0614278377999953,91
0,[],17,[],2019-02-14 12:33:15,0.0,0,0,6664156,2019-02-14 12:33:15,btc,0.0,0.0,0,btc,0.0,0.0,0.0,91
0.00000000011439879999999999,[],22,[],2019-02-14 14:26:07,4525000.0,4.575952e-18,1.641814969984e-22,6664853,2019-02-14 14:26:07,LTC,8.12128895,0.0,0.00000004,LTC,66745124.1,6.5207316e-16,0.14575,95
0.00000000011439879999999999,[],4,[],2019-02-14 14:26:08,135517760.553922,9.266302799999999e-17,3.3246753142176e-21,6664854,2019-02-14 14:26:08,ltc,0.6271443122969721,0.0,0.00000081,ltc,36369099.11313947,0.00929163,1.0757899929449535e-09,96
1,[],12,[],2019-02-14 14:26:09,518219.0,0.00000001,0.000000000000358792,6664855,2019-02-14 14:26:09,btc,255061.99737593989,0.0,0.00000001,btc,8743218.54676297,0.00054197,0.00518219,96
0,[],17,[],2019-02-14 14:26:21,0.0,0,0,6664856,2019-02-14 14:26:21,btc,0.0,0.0,0,btc,0.0,0.0,0.0,96
1,[],4,[],2019-02-14 14:26:22,1767168.27329312,0.00000032,0.000000000011481344,6664857,2019-02-14 14:26:22,btc,0.1698853760476797,0.0,0.00000032,btc,368595.2920494,0.01158235,0.2108625501264767,99
0,[],2,[],2019-01-20 23:23:55,0.0,0,0,6476914,2019-01-20 23:23:55,,0.0,0.0,0,,0.0,0.0,0.0,100
1,[],4,[],2019-02-14 14:26:23,202700.55333613,0.00004000,0.0000000014351680000000001,6664858,2019-02-14 14:26:23,btc,0.9791737849246298,0.0,0.00004000,btc,21921.26137897,0.761221,1.4871955793946954,100
1,[],22,[],2019-02-14 14:26:26,50000.0,0.00000001,0.000000000000358792,6664859,2019-02-14 14:26:26,BTC,23.49896609,0.0,0.00000001,BTC,10277.22,0.0,0.0005,101
1,[],4,[],2019-02-14 14:26:27,306151.77315159,0.00000092,0.000000000033008864,6664860,2019-02-14 14:26:27,btc,0.3996655520848636,0.0,0.00000092,btc,154673.21447079,0.00694561,0.1497985036579153,103
1,[],12,[],2019-02-14 14:26:30,50956304.4663887,0.000000016,0.0000000000005740672000000001,6664861,2019-02-14 14:26:30,btc,137278875.34349194,0.0,0.000000016,btc,122957169.2556144,0.05725519114297373,0.2825304504622192,105
1,[],27,[],2019-02-14 14:26:32,4109342.89,0.00000001,0.000000000000358792,6664862,2019-02-14 14:26:32,btc,0.3614577513692299,0.0,0.00000001,btc,323444.42860553,0.0,0.0410934289,105
0,[],22,[],2019-02-14 14:26:35,0.0,0,0,6664863,2019-02-14 14:26:35,,51.10825004,0.0,0,,468935.0,0.0,0.0,107
1,[],26,[],2019-02-14 14:26:35,0.0,0.00000000,0,6664864,2019-02-14 14:26:35,btc,0.0,0.0,0.00000000,btc,0.0,0.0,0.0,107
1,[],5,[],2019-02-14 14:26:36,1e-08,0.00000001,0.000000000000358792,6664865,2019-02-14 14:26:36,btc,2.89545637,0.03901431,0.00000001,btc,1.571e-05,0.0,0.08590739,112
1,[],22,[],2019-02-14 14:26:41,167093.0,0.00000001,0.000000000000358792,6664866,2019-02-14 14:26:41,BTC,2.81183288,0.0,0.00000001,BTC,808524.0833333334,0.0,0.00167093,112
0,[],27,[],2019-02-14 14:26:43,0.0,0,0,6664867,2019-02-14 14:26:43,,1.35132491849924,0.0,0,"btc,eth",1328.641654,0.0,0.0,112
1,[],4,[],2019-02-14 14:26:44,445046.26434583,0.00000311,0.000000000111584312,6664868,2019-02-14 14:26:44,btc,0.2225312886148367,0.0,0.00000311,btc,51501.32577235,0.10589829,0.1858695879766105,113
1,[],5,[],2019-02-14 14:26:45,1.558e-05,0.00000325,0.0000000001166074,6664869,2019-02-14 14:26:45,btc,0.88296456,0.00026416,0.00000325,btc,0.00151051,0.0,0.22167238,113
1,[],17,[],2019-02-14 14:26:46,152738.278,0.00000004,0.000000000001435168,6664870,2019-02-14 14:26:46,btc,1.336803027462911,0.0,0.00000004,btc,51896.221,0.0,0.0022095311199999998,116
0,[],27,[],2019-02-14 14:26:48,0.0,0,0,6664871,2019-02-14 14:26:48,,0.0,0.0,0,btc,0.0,0.0,0.0,116
1,[],4,[],2019-02-14 14:26:49,25454.6170582,0.00002958,0.0000000010613067360000001,6664872,2019-02-14 14:26:49,btc,0.7147261923787314,0.0,0.00002958,btc,20528.91080942,4.15834268,0.6618386462424676,120
1,[],7,[],2019-02-14 14:26:51,16670.25926624,0.0000291199999999999990210781952715279885524068959057331085205078125,0.000000001044802304,6664873,2019-02-14 14:26:51,btc,115647.29378777594,199.64011401,0.0000291199999999999990210781952715279885524068959057331085205078125,btc,29544.38626924,0.00644572,0.0618778582266747,120
1,[],20,[],2019-02-14 14:26:53,1093445.8166,0.000000014,0.0000000000005023088,6664874,2019-02-14 14:26:53,btc,33.8691165036599,0.0,0.000000014,btc,1150552.4764,0.0,0.0052654043171,125
1,[],22,[],2019-02-14 14:27:02,3053.0,0.00000001,0.000000000000358792,6664875,2019-02-14 14:27:02,BTC,0.01444889,0.0,0.00000001,BTC,296264.5111111111,0.0,3.053e-05,126
0,[],2,[],2019-01-20 23:25:46,0.0,0,0,6476969,2019-01-20 23:25:46,,0.0,0.0,0,,0.0,0.0,0.0,131
1,[],4,[],2019-02-14 14:27:03,118328.26432052,0.00001527,0.000000000547875384,6664876,2019-02-14 14:27:03,btc,0.6846585059206329,0.0,0.00001527,btc,34880.08127118,0.46125213,0.8936387838136414,131
0,[],17,[],2019-02-14 14:27:04,0.0,0,0,6664877,2019-02-14 14:27:04,btc,0.0009561751951600001,0.0,0,btc,35.42829368,0.0,0.0,131
1,[],4,[],2019-02-14 14:27:05,4623.21276108,0.00016030,0.00000000575143576,6664878,2019-02-14 14:27:05,btc,1.6422171808200163,0.0,0.00016030,btc,308.40189166,0.0,0.0089784182564533,135
1,[],3,[],2019-02-14 14:27:06,1744052.20571841,0.00000005,0.00000000000179396,6664879,2019-02-14 14:27:06,btc,0.11889653258799529,111981.453222,0.00000005,btc,408141.64425793,0.0,0.063548765113701,136
1,[],4,[],2019-02-14 14:27:07,50048.77188519,0.00000173,0.000000000062071016,6664880,2019-02-14 14:27:07,btc,0.046258167154695,0.0,0.00000173,btc,23156.01221635,0.09636761,0.0545806612583849,137
1,[],12,[],2019-02-14 14:27:08,306975.41837518,0.000001749999999999999973748754898694723891594549058936536312103271484375,0.0000000000627886,6664881,2019-02-14 14:27:08,btc,11982.947416942012,0.0,0.000001749999999999999973748754898694723891594549058936536312103271484375,btc,158754.1161546,0.0375397780340298,0.0451707544665664,137
1,[],4,[],2019-02-14 14:27:08,712304.19890846,0.00005000,0.00000000179396,6664882,2019-02-14 14:27:08,btc,0.4833935762405972,0.0,0.00005000,btc,8139.71602485,0.64031407,0.4135813581714375,142
1,[],5,[],2019-02-14 14:27:12,0.00153247,0.00005000,0.00000000179396,6664883,2019-02-14 14:27:12,btc,1.09319628,0.53419609,0.00005000,btc,0.00309458,0.0,0.83994974,142
1,[],20,[],2019-02-14 14:27:15,133974.0912,0.000032813,0.0000000011773041896,6664884,2019-02-14 14:27:15,btc,0.4480635675166,170.6263,0.000032813,btc,4415.4927,0.007799350191,0.2563331342211,142
1,[],22,[],2019-02-14 14:27:20,1602.2803921568627,0.00001020,0.00000000036596784,6664885,2019-02-14 14:27:20,BTC,3.00909235,0.0,0.00001020,BTC,916.9383601288407,1.322e-05,0.00170572,142
0.0,[],25,[],2019-02-14 14:27:21,0.0,0,0,6664886,2019-02-14 14:27:21,,0.0,0.0,0.0,btc,0.0,0.0,0.0,142
1,[],28,[],2019-02-14 14:27:23,77943.0,0.00004501,0.0000000016149227920000002,6664887,2019-02-14 14:27:23,btc,0.057261322,1601.0,0.00004501,btc,356.4989,0.0,0.0609377,142
1,[],17,[],2019-02-14 13:37:21,22967.386363640002,0.00000088,0.000000000031613296000000004,6664689,2019-02-14 13:37:21,btc,20.06991335261555,0.0,0.00000088,btc,2746.079105,0.0,0.0104613000000032,142
0,[],22,[],2019-02-14 14:27:25,0.0,0,0,6664888,2019-02-14 14:27:25,,67.4285069,0.0,0,,834770972.3,0.0,0.0,143
1,[],21,[],2019-02-14 14:27:26,38863772.2334097,0.00000028,0.000000000010046176000000001,6664889,2019-02-14 14:27:26,btc,39.08885409959217,5250472.69651229,0.00000028,btc,75404241.26108208,1.48665225,6.501994511203966,145
0,[],22,[],2019-02-14 14:27:28,0.0,0,0,6664890,2019-02-14 14:27:28,,4.24982284,0.0,0,,1814156.0,0.0,0.0,146
,[],22,[],2018-11-20 23:01:11,0.0,0,0,4862114,2018-11-20 23:01:11,,2.56807021,0.0,,,61828.4988236,0.0,0.0,147
1,[],12,[],2019-02-14 14:27:31,8679177.36727901,0.00000302999999999999978877139594768408414893201552331447601318359375,0.000000000108713976,6664891,2019-02-14 14:27:31,btc,16.558648626132204,0.0,0.00000302999999999999978877139594768408414893201552331447601318359375,btc,121949.66449333,0.00031512,0.1090509500000051,148
1,[],4,[],2019-02-14 14:27:32,272660.72159457,0.00000035,0.00000000001255772,6664892,2019-02-14 14:27:32,btc,0.7785159823072849,0.0,0.00000035,btc,591310.33703653,0.00161398,0.0647157790858526,152
0,[],22,[],2019-02-14 14:27:34,0.0,0,0,6664893,2019-02-14 14:27:34,,0.0,0.0,0,,0.0,0.0,0.0,152
1,[],5,[],2019-02-14 14:27:36,0.0,0,0,6664894,2019-02-14 14:27:36,btc,4.35601725,0.0,0,btc,0.0021126,0.0,0.0,153
,[],16,[],2019-01-11 15:38:59,0.0,0,0,6366141,2019-01-11 15:38:59,btc,0.0,0.0,,btc,0.0,0.0,0.0,155
0,[],23,[],2019-01-20 23:24:29,0.0,0,0,6476932,2019-01-20 23:24:29,,0.0,0.0,0,,0.0,0.0,0.0,156
0,[],22,[],2019-02-14 14:27:38,0.0,0,0,6664895,2019-02-14 14:27:38,,6.74608761,0.0,0,,4644402.242592593,0.0,0.0,156
1,[],22,[],2019-02-14 14:27:42,7063.8,0.00005300,0.0000000019015976,6664896,2019-02-14 14:27:42,BTC,43.78801181,0.0,0.00005300,BTC,1067.5805334758436,0.0,0.00104326,157
0,[],22,[],2019-02-14 14:27:45,0.0,0,0,6664897,2019-02-14 14:27:45,,50175.67558609,0.0,0,,54029136.04179466,0.0,0.0,158
,[],17,[],2018-11-20 22:56:10,0.0,0,0,4861976,2018-11-20 22:56:10,btc,1.1265625,0.0,,btc,1000.0,0.0,0.0,159
,[],20,[],2018-11-20 22:56:12,0.0,0,0,4861977,2018-11-20 22:56:12,btc,11912.7940471,0.0,,btc,34413894.3617,0.0,0.0,159
1,[],12,[],2019-02-14 14:27:46,179387.14444401,0.000007730000000000000528999587190437381423180340789258480072021484375,0.000000000277346216,6664898,2019-02-14 14:27:46,btc,6.661445955424882,0.0,0.000007730000000000000528999587190437381423180340789258480072021484375,btc,14759.46697034,0.0032889838093759,0.0874546415000956,168
1,[],17,[],2019-02-14 14:27:47,29784.95,0.000001,0.0000000000358792,6664899,2019-02-14 14:27:47,btc,0.03026736251542,0.0,0.000001,btc,144.46171372,0.0,0.00716147,168
0,[],22,[],2019-02-14 14:27:50,0.0,0,0,6664900,2019-02-14 14:27:50,,1.14776715,0.0,0,,721548.0900917595,0.0,0.0,169
1,[],22,[],2019-02-14 14:27:58,236276.0,0.00000011,0.000000000003946712,6664901,2019-02-14 14:27:58,BTC,11.32641449,0.0,0.00000011,BTC,122417.33368472014,0.00095976,0.02144036,171
1,[],22,[],2019-02-14 14:28:03,218916.0,0.00000017,0.000000000006099464,6664902,2019-02-14 14:28:03,BTC,2.6497942,0.0,0.00000017,BTC,247132.49945362835,0.0,0.01634888,173
1,[],5,[],2019-02-14 14:28:05,2.378e-05,0.00000190,0.00000000006817048,6664903,2019-02-14 14:28:05,btc,0.25249443,0.00162035,0.00000190,btc,0.00024744,0.0,0.27740498,175
1,[],22,[],2019-02-14 14:28:09,13750.0,0.00000016,0.000000000005740672,6664904,2019-02-14 14:28:09,BTC,0.53090111,0.0,0.00000016,BTC,140161.47031396697,0.01089068,0.00174,176
1,[],7,[],2019-02-14 14:28:11,0.0,0,0,6664905,2019-02-14 14:28:11,btc,410973.9169089935,0.0,0,btc,115465110.28145695,0.0,0.0,178
0,[],2,[],2019-01-20 23:28:34,0.0,0,0,6477001,2019-01-20 23:28:34,,0.0,0.0,0,,0.0,0.0,0.0,178
0,[],22,[],2019-02-14 14:28:14,0.0,0,0,6664906,2019-02-14 14:28:14,,1.00242428,0.0,0,,57512.0,0.0,0.0,178
0,[],23,[],2019-01-20 23:25:08,0.0,0,0,6476952,2019-01-20 23:25:08,,0.0,0.0,0,,0.0,0.0,0.0,179
1,[],5,[],2019-02-14 14:28:17,6e-08,0.00000003,0.000000000001076376,6664907,2019-02-14 14:28:17,btc,28.82715195,0.46900328,0.00000003,btc,2.285e-05,0.0,0.83533572,179
1,[],22,[],2019-02-14 14:28:21,7848785.0,0.00000002,0.000000000000717584,6664908,2019-02-14 14:28:21,BTC,5.48629708,0.0,0.00000002,"BTC,LTC",17843614.676989965,0.00073976,0.38423554,179
1,[],17,[],2019-02-14 13:38:20,10504.725,0.0000001,0.00000000000359242,6664711,2019-02-14 13:38:20,btc,5.201913593534452,0.0,0.0000001,btc,5466.1328087,0.0,0.0010504725,180
1,[],22,[],2019-02-14 14:28:36,13655.045714285714,0.00000175,0.0000000000627886,6664909,2019-02-14 14:28:36,BTC,0.1141678,0.0,0.00000175,"BTC,LTC",17648.10632738709,0.00037387,0.00160657,180
1,[],26,[],2019-02-14 14:28:36,0.0,0.00000150,0.0000000000538188,6664910,2019-02-14 14:28:36,btc,0.0,0.0,0.00000150,btc,0.0,0.0,0.0,180
,[],7,[],2018-11-20 22:58:01,562227.975654,0.00000085,0.000000000036176765,4862015,2018-11-20 22:58:01,btc,21836.6059674,2491.87645172,,btc,749999.041456,0.00211021,0.127565380455,183
,[],5,[],2019-01-10 08:11:41,0.0,0,0,6347036,2019-01-10 08:11:41,btc,82.15055501,0.00261,,btc,1.19002445,0.0,0.0,187
,[],17,[],2018-11-16 20:58:10,4062536.27273,0.00000001,0.000000000000550501,4708775,2018-11-16 20:58:10,btc,3.36492563466,0.195460381006,,"btc,eth",110697919.549,0.0,0.0157628953496,187
1,[],24,[],2019-02-14 14:28:37,0.0,0.000000000001,3.58792e-17,6664911,2019-02-14 14:28:37,btc,0.0,0.0,0.000000000001,btc,0.0,0.0,0.0,187
0,[],22,[],2019-02-14 14:28:39,0.0,0,0,6664912,2019-02-14 14:28:39,,1.19377763,0.0,0,,16914.10286773884,0.0,0.0,191
0,[],22,[],2019-02-14 14:28:45,0.0,0,0,6664913,2019-02-14 14:28:45,,0.0,0.0,0,,0.0,0.0,0.0,197
0,[],23,[],2019-01-20 23:31:41,0.0,0,0,6477079,2019-01-20 23:31:41,,0.0,0.0,0,,0.0,0.0,0.0,199
0,[],22,[],2019-02-14 14:28:49,0.0,0,0,6664914,2019-02-14 14:28:49,,5.15195517,0.0,0,,19804684.0,0.0,0.0,199
1,[],26,[],2019-02-14 14:28:49,0.0,0.00000000,0,6664915,2019-02-14 14:28:49,btc,0.0,736267.0,0.00000000,btc,0.0,0.0,0.0,199
0,[],17,[],2019-01-30 16:32:01,0.0,0,0,6540827,2019-01-30 16:32:01,btc,6.802544163788159,0.0,0,btc,105897.55575295,0.0,0.0,200
0,[],2,[],2019-01-20 23:30:49,0.0,0,0,6477059,2019-01-20 23:30:49,,0.0,0.0,0,,0.0,0.0,0.0,201
1,[],4,[],2019-01-25 15:51:35,2084389.58565343,0.00000936,0.000000000333526752,6499557,2019-01-25 15:51:35,btc,2.0092503037378524,0.0,0.00000936,btc,160195.80207885,0.19272417,1.242687955921835,211
1,[],7,[],2019-02-14 14:28:53,5543254.75241266,0.000001359999999999999896105784720490294859018831630237400531768798828125,0.000000000048795711999999995,6664916,2019-02-14 14:28:53,btc,15450813.817772385,245074.283278,0.000001359999999999999896105784720490294859018831630237400531768798828125,btc,11000748.78396664,0.0,3.859466526297954,212
1,[],12,[],2019-01-25 02:44:32,207462.42853209,0.000001080000000000000035831255497387193287295303889550268650054931640625,0.000000000038610756000000006,6493050,2019-01-25 02:44:32,btc,85023.03793723314,0.0,0.000001080000000000000035831255497387193287295303889550268650054931640625,btc,43675.73520027,0.000146250909087,0.0348620860622024,213
1,[],5,[],2019-02-14 14:28:54,2.74e-06,0.00000027,0.000000000009687384,6664917,2019-02-14 14:28:54,btc,0.99832782,0.08807151,0.00000027,btc,2.782e-05,0.0,0.14151167,213
1,[],24,[],2019-02-14 14:28:55,0.0,0.000000050000,0.0000000000017939600000000002,6664918,2019-02-14 14:28:55,btc,0.0,0.0,0.000000050000,btc,0.0,0.0,0.0,213
1,[],26,[],2019-02-14 14:28:55,0.0,0.00000009,0.000000000003229128,6664919,2019-02-14 14:28:55,btc,0.0,0.0,0.00000009,btc,0.0,0.0,0.0,213
1,[],22,[],2019-02-14 14:28:58,84099.0,0.00000002,0.000000000000717584,6664920,2019-02-14 14:28:58,BTC,2.19180044,0.0,0.00000002,BTC,147809.63137942314,0.00073976,0.00086798,216
1,[],27,[],2019-02-14 14:29:00,5205157.5555,0.00000004,0.000000000001435168,6664921,2019-02-14 14:29:00,btc,257.47455679736,2440.34,0.00000004,"btc,ltc",274341.569,0.00024403,0.05475726222,216
1,[],22,[],2019-02-14 14:29:04,242525.7811814058,0.00000208,0.000000000074628736,6664922,2019-02-14 14:29:04,BTC,12677.06689359,0.0,0.00000208,BTC,427687.2281818062,0.01735094,0.2956333,217
1,[],7,[],2019-02-14 14:29:07,0.0,0,0,6664923,2019-02-14 14:29:07,btc,77970.05589791511,0.0,0,btc,137100858.32140028,0.0,0.0,219
0,[],27,[],2019-02-14 14:29:08,0.0,0,0,6664924,2019-02-14 14:29:08,,5.341893788316972,0.0,0,btc,1605140.99226595,0.0,0.0,219
0.0000000000000053,[],28,[],2019-02-14 14:29:10,169956223.952,6.8905300000000004e-18,2.47226703976e-22,6664925,2019-02-14 14:29:10,doge,88712.3748390675,14056.0,0.00130010,"btc,doge",4987338.69631,0.0,1.6148723187159016e-11,219
1,[],22,[],2019-02-14 14:29:14,367099.6,0.0000008,0.000000000028703360000000003,6664926,2019-02-14 14:29:14,BTC,3.07318516,0.0,0.0000008,BTC,110086.9700103922,0.0010282,0.04534716,221
1,[],24,[],2019-02-14 14:29:14,0.0,0.000000210000,0.000000000007534632,6664927,2019-02-14 14:29:14,btc,0.0,336.38458,0.000000210000,btc,0.0,0.00032579,0.0,221
1,[],20,[],2019-02-14 14:29:17,51927227.288,0.000000003,0.0000000000001076376,6664928,2019-02-14 14:29:17,btc,49.8567892589503,222241.8138,0.000000003,btc,10281277.1359,0.0006667254414,0.0539913140806,224
0,[],22,[],2019-02-14 14:29:20,0.0,0,0,6664929,2019-02-14 14:29:20,,0.0,0.0,0,,0.0,0.0,0.0,224
1,[],26,[],2019-02-14 14:29:20,0.0,0.00000033,0.000000000011840136,6664930,2019-02-14 14:29:20,btc,0.0,16646.5099998,0.00000033,btc,0.0,0.0,0.0,231
1,[],26,[],2019-02-14 14:29:20,0.0,0.00000005,0.0000000000017939600000000002,6664931,2019-02-14 14:29:20,btc,0.0,0.0,0.00000005,btc,0.0,0.0,0.0,234
0,[],27,[],2019-02-14 14:29:22,0.0,0,0,6664932,2019-02-14 14:29:22,,0.0113483662182,0.0,0,"btc,eth",11462.99618,0.0,0.0,234
0,[],22,[],2019-02-14 14:29:24,0.0,0,0,6664933,2019-02-14 14:29:24,,2.79563839,0.0,0,,93147713.06349206,0.0,0.0,235
1,[],4,[],2019-02-14 14:29:25,1178503.86690983,0.00000129,0.000000000046284168,6664934,2019-02-14 14:29:25,btc,0.4706777122619482,0.0,0.00000129,btc,248386.77589322,0.29214551,0.5220961336176521,236
1,[],24,[],2019-02-14 14:29:25,0.0,0.000000020010,0.000000000000717942792,6664935,2019-02-14 14:29:25,btc,0.0,0.0,0.000000020010,btc,0.0,0.0,0.0,236
1,[],20,[],2019-02-14 14:29:27,73315258.846,0.000000074,0.0000000000026550608000000003,6664936,2019-02-14 14:29:27,btc,14.8909704576514,34313163.2939,0.000000074,btc,25696488.7333,2.3431975424056,0.849870554353,237
1,[],22,[],2019-02-14 14:29:31,136267.0,0.00000004,0.000000000001435168,6664937,2019-02-14 14:29:31,BTC,0.04209605,0.0,0.00000004,"BTC,LTC",22179.0,0.0,0.00541601,237
1,[],4,[],2019-02-14 14:29:33,4340938.94471325,0.00000033,0.000000000011840136,6664938,2019-02-14 14:29:33,btc,0.6612553145192117,0.0,0.00000033,btc,1756553.44320331,0.17290024,1.328227646376369,238
1,[],5,[],2019-02-14 14:29:34,3.92e-06,0.00000032,0.000000000011481344,6664939,2019-02-14 14:29:34,btc,0.75181119,0.00640646,0.00000032,btc,2.957e-05,0.0,0.23145011,238
0,[],22,[],2019-02-14 14:29:38,0.0,0,0,6664940,2019-02-14 14:29:38,,6000.41678688,0.0,0,,370860.0639027493,0.0,0.0,249
0.00000000011439879999999999,[],22,[],2019-02-14 14:29:41,7025765.666666667,3.4319639999999998e-18,1.231361227488e-22,6664941,2019-02-14 14:29:41,LTC,0.50795664,0.0,0.00000003,LTC,13853075.09,0.0,0.20977599,252
1,[],28,[],2019-02-14 14:29:43,3309218.286,0.00000011,0.000000000003946712,6664942,2019-02-14 14:29:43,btc,164693.68462961007,37395.107,0.00000011,btc,982677.7751,0.0,0.1899703563,256
1,[],22,[],2019-02-14 14:29:46,226102.66666666666,0.00000003,0.000000000001076376,6664943,2019-02-14 14:29:46,BTC,30.16614376,0.0,0.00000003,BTC,468415.92423192423,0.00020248,0.00449104,258
1,[],22,[],2019-01-26 20:58:41,368451.0,0.00000001,0.000000000000356135,6510120,2019-01-26 20:58:41,BTC,2.642917,0.0,0.00000001,"BTC,LTC",1862.0,0.0,0.02488451,259
1,[],22,[],2019-02-14 14:29:51,12937.498093058734,0.00001500,0.0000000005381880000000001,6664944,2019-02-14 14:29:51,BTC,1293.00841449,0.0,0.00001500,"BTC,LTC",5548.121129436047,0.00705873,0.03426693,262
1,[],5,[],2019-02-14 14:29:52,1.682e-05,0.00000207,0.000000000074269944,6664945,2019-02-14 14:29:52,btc,0.83134204,0.28778205,0.00000207,btc,0.00031289,0.0,0.1559009,264
1,[],20,[],2019-02-14 14:29:54,1458181.6742,0.000001801,0.00000000006461843920000001,6664946,2019-02-14 14:29:54,btc,4.969128226581,58467.989,0.000001801,btc,99076.1742,0.179276377104,0.0303257681049,264
1,[],22,[],2019-02-14 14:29:57,95356.5,0.00000002,0.000000000000717584,6664947,2019-02-14 14:29:57,BTC,8.29442816,0.0,0.00000002,BTC,233739.31707431233,0.0,0.0014095,271
0,[],22,[],2019-02-14 14:30:00,0.0,0,0,6664948,2019-02-14 14:30:00,,384.77798703,0.0,0,,15106717515.9,0.0,0.0,272
0.0000000000000053,[],28,[],2019-02-14 14:30:02,185252528957.025,3.816e-21,1.369150272e-25,6664949,2019-02-14 14:30:02,doge,440779559.26457113,16547339112.3548,0.00000072,doge,231894226588.0055,0.0,4.5889711169710453e-10,272
1,[],22,[],2019-02-14 14:30:08,13607.940038308836,0.00001601,0.0000000005744259920000001,6664950,2019-02-14 14:30:08,BTC,74.18820074,0.0,0.00001601,"BTC,LTC",1956.8926333333334,0.00290159,0.0486943,281
