pairValue,buyBook,exchangeId,sellBook,updated,buyTotal,satoshiPrice,usdPrice,exchangeLogId,created,bestPair,sellTotalBtc,volume,pairPrice,activePairs,sellTotal,volumeBtc,buyTotalBtc,coinId
0,[],22,[],2019-05-07 21:04:21,0.0,0,0,7573518,2019-05-07 21:04:21,,0.3163308,0.0,0,,0.2527518593615956,0.0,0.0,1
1,[],24,[],2019-05-07 21:04:22,0.0,0.000000000000,0,7573519,2019-05-07 21:04:22,btc,0.0,0.0,0.000000000000,btc,0.0,0.0,0.0,1
0.0,[],25,[],2019-05-07 21:04:23,0.0,0,0,7573520,2019-05-07 21:04:23,btc,18.99999999922543,533.82047594,0.0,btc,1651.96356732,5.9316,0.0,1
1,[],26,[],2019-05-07 21:04:24,0.0,0,0,7573521,2019-05-07 21:04:24,,0.0,0.0,0,,0.0,0.0,0.0,1
1,[],28,[],2019-05-07 21:04:55,987.9,0.01131000,0.000000665693028,7573522,2019-05-07 21:04:55,btc,0.160832048,362325.55,0.01131000,btc,8.7307,0.0,0.024551096,1
1,[],3,[],2019-05-07 21:13:59,30886.695291894157,0.0114874499999999997446042954152289894409477710723876953125,0.000000678217899255,7573666,2019-05-07 21:13:59,btc,8.643651217842926,15.2900636619,0.0114874499999999997446042954152289894409477710723876953125,btc,24.852405107113,0.0,0.3601725027095384,1
1,[],4,[],2019-05-07 21:14:00,207726.69330981,0.01130001,0.000000667151460399,7573667,2019-05-07 21:14:00,btc,8.99111322064346,0.0,0.01130001,btc,393.59066057,2.85462745,0.4690377150166304,1
1,[],5,[],2019-05-07 21:14:02,0.0,0,0,7573668,2019-05-07 21:14:02,btc,0.0,0.01606166,0,btc,0.0,0.0,0.0,1
1,[],10,[],2019-05-07 21:14:05,185019.29218952,0.0099726,0.00000058878130674,7573669,2019-05-07 21:14:05,btc,6524.857873901204,1190.34793768,0.0099726,btc,1438.8724807,0.0,4.004876154402099,1
1,[],12,[],2019-05-07 21:14:07,70.50274854,0.0112499999999999995836663657655662973411381244659423828125,0.000000664198875,7573670,2019-05-07 21:14:07,btc,0.2409309164698,0.0,0.0112499999999999995836663657655662973411381244659423828125,btc,17.63193434,0.1466103580452,0.2704297486378,1
1,[],20,[],2019-05-07 21:14:09,975.4991,0.010710352,0.0000006323381110448,7573671,2019-05-07 21:14:09,btc,0.0780257583437,0.0279,0.010710352,btc,5.1375,0.0003417546375,0.176923598761,1
1,[],21,[],2019-05-07 21:14:10,1937.8818794000001,0.01130613999999999924606086665,0.0000006675133749859999,7573672,2019-05-07 21:14:10,btc,18.4177845138591,8402.95164984,0.011306139999999999246060866653351695276796817779541015625,"btc,eth",1974.89011188,33.78962263354761,13.363072538141175,1
0,[],2,[],2019-01-20 23:28:45,0.0,0,0,6477011,2019-01-20 23:28:45,,0.0,0.0,0,,0.0,0.0,0.0,1
1,[],5,[],2019-05-07 21:04:56,0.0,0,0,7573523,2019-05-07 21:04:56,btc,0.0,0.05992774,0,btc,0.0,0.0,0.0,2
1,[],22,[],2019-05-07 21:05:00,9148.0,0.00000001,0.000000000000588588,7573524,2019-05-07 21:05:00,BTC,21.00846647,0.0,0.00000001,"BTC,XMR",24148.96059725142,0.0,0.00095635,2
1,[],5,[],2019-05-07 21:05:02,0.0,0,0,7573525,2019-05-07 21:05:02,btc,0.0,0.13940653,0,btc,0.0,0.0,0.0,3
1,[],12,[],2019-05-07 21:05:03,2562875.45961287,0.000000159,0.000000000009358549200000001,7573526,2019-05-07 21:05:03,btc,2714596.6136540994,0.0,0.000000159,btc,3868693.55138481,0.05365845757899267,0.2862315991641517,3
0,[],28,[],2019-05-07 21:05:05,0.0,0,0,7573527,2019-05-07 21:05:05,,0.0,0.0,0,,0.0,0.0,0.0,3
0,[],2,[],2019-01-20 23:31:32,0.0,0,0,6477077,2019-01-20 23:31:32,,0.0,0.0,0,,0.0,0.0,0.0,4
1,[],4,[],2019-04-26 19:14:12,610911.70993152,0.00000026,0.000000000013566046,7471614,2019-04-26 19:14:12,btc,31.457742656463164,0.0,0.00000026,btc,718733.71307795,0.00142695,0.0638464483338706,4
0,[],12,[],2019-04-25 23:08:22,0.0,0,0,7459310,2019-04-25 23:08:22,btc,1111851.94727753,0.0,0,btc,953412.0,0.0,0.0,5
1,[],11,[],2019-05-07 21:05:07,5064415.307535999,0.00000001,0.0000000000005885880000000001,7573528,2019-05-07 21:05:07,btc,9576.542781859494,717767.0,0.00000001,btc,47218201.75253575,0.0,0.05064415307536,6
0,[],2,[],2019-01-20 23:31:51,0.0,0,0,6477087,2019-01-20 23:31:51,,0.0,0.0,0,,0.0,0.0,0.0,6
1,[],3,[],2019-05-07 21:05:08,11070.3306915803,0.00017007000000000000307191772019876907506841234862804412841796875,0.000000010010116116000001,7573529,2019-05-07 21:05:08,btc,19.044384413048583,42.9438395808,0.00017007000000000000307191772019876907506841234862804412841796875,btc,314.713226454214,0.0,0.029204076622269027,7
1,[],4,[],2019-05-07 21:05:09,42135.73252788,0.00018706,0.000000011010127128,7573530,2019-05-07 21:05:09,btc,8.603732139247079,0.0,0.00018706,btc,36619.44536467,4.31933442,3.865854166331718,7
1,[],5,[],2019-05-07 21:05:10,0.0,0,0,7573531,2019-05-07 21:05:10,btc,0.0,0.20569163,0,btc,0.0,0.0,0.0,7
1,[],20,[],2019-04-07 22:06:50,3201475.0482,0.000000001,0.000000000000051590000000000004,7213932,2019-04-07 22:06:50,btc,30.8005781811902,0.0,0.000000001,btc,23077405.3926,0.0,0.0032014750482,8
1,[],4,[],2019-05-07 21:05:12,20395035.84550917,0.00000084,0.000000000049441392,7573532,2019-05-07 21:05:12,btc,4.81425275637832,0.0,0.00000084,btc,3623577.47090289,0.57201459,0.9950344225266081,9
1,[],28,[],2019-05-07 21:05:47,18055.0,0.00000021,0.000000000012360348,7573533,2019-05-07 21:05:47,btc,2708.774353000864,3515416.0,0.00000021,btc,24560.2792,0.0,0.00186155,9
0,[],2,[],2019-01-20 23:22:42,0.0,0,0,6476876,2019-01-20 23:22:42,,0.0,0.0,0,,0.0,0.0,0.0,9
0,[],23,[],2019-01-20 23:22:48,0.0,0,0,6476878,2019-01-20 23:22:48,,0.0,0.0,0,,0.0,0.0,0.0,9
1,[],1,[],2019-02-17 23:31:42,1822507.21,0.00000181000000000000003456111265232042484285557293333113193511962890625,0.000000000066086901,6701244,2019-02-17 23:31:42,btc,3.6990969245,17153386.5,0.00000181000000000000003456111265232042484285557293333113193511962890625,btc,1997391.71,31.11772986,3.2610482446,9
1,[],4,[],2019-02-17 11:22:43,4341674.27126056,0.00000002,0.0000000000007272960000000001,6696112,2019-02-17 11:22:43,btc,0.1997230937751353,0.0,0.00000002,btc,4109766.79808031,0.00215132,0.0479381022052112,10
1,[],4,[],2019-05-07 21:05:49,2955720.69044202,0.00000097,0.000000000057093036,7573534,2019-05-07 21:05:49,btc,6.077204269472025,0.0,0.00000097,btc,4317537.89490304,1.55001967,0.60984481233574,12
1,[],5,[],2019-05-07 21:05:50,0.0,0,0,7573535,2019-05-07 21:05:50,btc,0.0,0.12630454,0,btc,0.0,0.0,0.0,12
0.0,[],25,[],2019-05-07 21:05:51,0.0,0,0,7573536,2019-05-07 21:05:51,,0.0,0.0,0.0,btc,0.0,0.0,0.0,12
0,[],2,[],2019-01-20 23:23:08,0.0,0,0,6476890,2019-01-20 23:23:08,,0.0,0.0,0,,0.0,0.0,0.0,12
1,[],4,[],2019-05-07 21:05:52,32014622.23849768,0.00000650,0.0000000003825822,7573537,2019-05-07 21:05:52,btc,3.1724618398976836,0.0,0.00000650,btc,355586.59114651,0.38247125,0.9530640056521406,13
1,[],21,[],2019-05-07 21:05:55,1896516.42509988,0.000006540000000000000064041653924,0.00000000038493655200000004,7573538,2019-05-07 21:05:55,btc,9.487579634851425,441103.53748051,0.000006540000000000000064041653924373775907952222041785717010498046875,btc,1229348.80440302,2.94943061,10.179292752167454,13
1,[],10,[],2019-05-07 20:34:56,535453.30119273,0.00000635,0.00000000037376989,7573384,2019-05-07 20:34:56,btc,666793.5753045795,4850.11664109,0.00000635,btc,742586.93519638,0.0,0.4281144774274833,13
1,[],4,[],2019-05-07 21:05:56,1135417.98873032,0.00000090,0.000000000052972920000000004,7573539,2019-05-07 21:05:56,btc,5.657549005645668,0.0,0.00000090,btc,1183729.08072827,0.00356059,0.2428902863303409,14
1,[],12,[],2019-05-07 21:05:57,254887.89703222,0.00000085,0.00000000005002998,7573540,2019-05-07 21:05:57,btc,0.118230923855934,0.0,0.00000085,btc,14480.86895597,1.00899100899e-05,0.028466239999964702,14
1,[],26,[],2019-05-07 21:05:58,0.0,0.00000050,0.0000000000294294,7573541,2019-05-07 21:05:58,btc,0.0,0.0,0.00000050,btc,0.0,0.0,0.0,14
0,[],17,[],2019-05-03 00:53:32,0.0,0,0,7558876,2019-05-03 00:53:32,btc,0.0,0.0,0,btc,0.0,0.0,0.0,14
0,[],4,[],2019-05-07 21:05:58,0.0,0,0,7573542,2019-05-07 21:05:58,,0.0,0.0,0,,0.0,0.0,0.0,15
,[],12,[],2018-12-01 15:15:48,204241.84496,0.00000489,0.000000000202473384,5260204,2018-12-01 15:15:48,btc,49.5475654835,0.0,,btc,35763.2193806,0.0163153972027625,0.0203389899998,15
1,[],4,[],2019-05-07 21:06:00,32305.05419807,0.00001301,0.0000000007657529880000001,7573543,2019-05-07 21:06:00,btc,1.104405970950766,0.0,0.00001301,btc,13857.51633852,0.02431002,0.1147044205542559,18
1,[],10,[],2019-05-07 21:06:02,169418.78516937,0.00001374,0.0000000008087199120000001,7573544,2019-05-07 21:06:02,btc,15.878675683600127,3350.24973539,0.00001374,btc,33515.03117907,0.0,0.5174477311854853,18
1,[],12,[],2019-05-07 21:06:04,221161.26612256,0.0000132300000000000003859933206395993465775973163545131683349609375,0.0000000007787019240000001,7573545,2019-05-07 21:06:04,btc,33215.31958675007,0.0,0.0000132300000000000003859933206395993465775973163545131683349609375,btc,1188.00796627,0.0013628544906321,0.0146165425902719,18
0,[],2,[],2019-01-20 23:23:38,0.0,0,0,6476906,2019-01-20 23:23:38,,0.0,0.0,0,,0.0,0.0,0.0,18
0,[],17,[],2019-05-03 00:53:39,0.0,0,0,7558882,2019-05-03 00:53:39,btc,0.0,0.0,0,btc,0.0,0.0,0.0,18
1,[],3,[],2019-05-07 21:06:04,152756.7516572824,0.000011029999999999999426756290554774153633843525312840938568115234375,0.000000000649212564,7573546,2019-05-07 21:06:04,btc,0.2653719397010149,877.51601513,0.000011029999999999999426756290554774153633843525312840938568115234375,btc,7230.88629889726,0.0,0.04241370751452909,19
1,[],4,[],2019-05-07 21:06:05,389880.16686498,0.00001307,0.0000000007692845160000001,7573547,2019-05-07 21:06:05,btc,3.606476605386259,0.0,0.00001307,btc,126394.49480755,0.63281482,0.6994032671110768,19
1,[],5,[],2019-05-07 21:06:06,0.0,0,0,7573548,2019-05-07 21:06:06,btc,0.0,0.00016756,0,btc,0.0,0.0,0.0,19
1,[],12,[],2019-05-07 21:06:08,191774.88604519,0.000015150000000000000637922874247021098881305078975856304168701171875,0.00000000089171082,7573549,2019-05-07 21:06:08,btc,0.2771751558781083,0.0,0.000015150000000000000637922874247021098881305078975856304168701171875,btc,2364.55381564,0.000987800797312,0.0929777899994168,19
0,[],27,[],2019-05-07 21:06:16,0.0,0,0,7573550,2019-05-07 21:06:16,,0.0,0.0,0,btc,0.0,0.0,0.0,19
0,[],2,[],2019-01-20 23:24:19,0.0,0,0,6476924,2019-01-20 23:24:19,,0.0,0.0,0,,0.0,0.0,0.0,19
1,[],4,[],2019-05-07 21:06:16,1889069.11944487,0.00000011,0.0000000000064744680000000004,7573551,2019-05-07 21:06:16,btc,5.280175126319464,0.0,0.00000011,btc,2275880.8131896,0.00032894,0.0662675897814302,20
1,[],4,[],2019-05-07 21:06:17,75243220.55118358,0.00000001,0.000000000000588588,7573552,2019-05-07 21:06:17,btc,39323.776860112484,0.0,0.00000001,btc,54599650.93904999,0.00850144,0.7524322055118358,21
1,[],12,[],2019-05-07 21:06:19,3839997.0,0.00000001,0.0000000000005885880000000001,7573553,2019-05-07 21:06:19,btc,2895.6620719393504,0.0,0.00000001,btc,7239572.2247751895,0.0002136264735264,0.03839997,21
0,[],17,[],2019-05-03 00:53:51,0.0,0,0,7558891,2019-05-03 00:53:51,btc,0.0,0.0,0,btc,0.0,0.0,0.0,21
1,[],12,[],2019-05-07 21:06:21,8291996750.808,0.0000000005,0.0000000000000294294,7573554,2019-05-07 21:06:21,btc,311119401335.8893,0.0,0.0000000005,btc,2885881184.718686,0.27533451368916784,1.982825386104,23
0.0000000002911728,[],27,[],2019-05-07 21:06:27,5331851.0,2.911728e-18,1.713808160064e-22,7573555,2019-05-07 21:06:27,eth,10182.252149526012,482385929.65999997,0.00000001,eth,10650788.3444,2.8091532354623518e-09,1.5524899848528e-11,23
1,[],4,[],2019-05-07 21:06:28,786244.66150232,0.00000033,0.000000000019423404,7573556,2019-05-07 21:06:28,btc,13.922578369258845,0.0,0.00000033,btc,2123987.26952133,0.01363312,0.0832016332608721,24
1,[],22,[],2019-05-07 21:06:31,1021.76,0.00000100,0.0000000000588588,7573557,2019-05-07 21:06:31,BTC,7.415e-05,0.0,0.00000100,BTC,23.919354838709676,0.0,0.00011186,24
0.0,[],25,[],2019-05-07 21:06:33,0.0,0,0,7573558,2019-05-07 21:06:33,,0.0,0.0,0.0,btc,0.0,0.0,0.0,24
1,[],4,[],2019-05-07 21:06:34,26957262.23947193,0.00000537,0.00000000031607175600000003,7573559,2019-05-07 21:06:34,btc,12.654700960979586,0.0,0.00000537,btc,315460.55671768,0.1454334,0.5473272739125645,26
1,[],10,[],2019-05-07 21:06:36,117845.12498172,0.00000852,0.000000000501476976,7573560,2019-05-07 21:06:36,btc,25.64142219059493,2701.72111613,0.00000852,btc,19798.01927609,0.0,0.0699976425754703,26
0,[],2,[],2019-01-20 23:25:56,0.0,0,0,6476976,2019-01-20 23:25:56,,0.0,0.0,0,,0.0,0.0,0.0,26
1,[],11,[],2019-04-30 04:16:17,7094566.83690364,0.00000006,0.000000000003115554,7518027,2019-04-30 04:16:17,btc,67504.138725751,6116.07566417,0.00000006,btc,6591680.7351637,0.0,0.38529422037817224,27
1,[],5,[],2019-04-26 09:47:06,0.0,0,0,7465326,2019-04-26 09:47:06,btc,0.0,0.0,0,btc,0.0,0.0,0.0,27
1,[],3,[],2019-04-28 02:38:55,141621.60361514,0.00000001,0.0000000000005253330000000001,7491060,2019-04-28 02:38:55,btc,2.501704004580372,921815.184511,0.00000001,btc,21091882.2176418,0.0,0.0014162160361513999,27
1,[],4,[],2019-05-07 21:06:37,1550588372.0740192,0.00000001,0.000000000000588588,7573561,2019-05-07 21:06:37,btc,4.87439223680784,0.0,0.00000001,"btc,ltc",268793492.66400963,0.82987194,9.813900890477008,29
1,[],7,[],2019-05-07 21:06:39,107736552.67668225,0.00000002,0.0000000000011771760000000002,7573562,2019-05-07 21:06:39,btc,46550610.46540322,6954373.54407,0.00000002,btc,31578940.4205935,0.0,1.1361568749361293,29
1,[],4,[],2019-05-07 21:06:40,1633238.5440723,0.00000013,0.000000000007651644,7573563,2019-05-07 21:06:40,btc,2.546252420581489,0.0,0.00000013,btc,1908205.59239979,0.04336635,0.0505847952446502,30
0,[],17,[],2019-05-03 01:11:25,0.0,0,0,7559066,2019-05-03 01:11:25,btc,0.0,0.0,0,btc,0.0,0.0,0.0,30
1,[],4,[],2019-05-07 21:06:41,179407.92426674,0.00006091,0.0000000035850895080000003,7573564,2019-05-07 21:06:41,btc,6.5289756465158355,0.0,0.00006091,btc,63694.24934342,1.11474569,0.7831702748582852,31
1,[],21,[],2019-05-07 21:06:42,98275.45122483,0.00006140999999999999649051563022,0.000000003614518908,7573565,2019-05-07 21:06:42,btc,2.6505401834714286,232697.0431427,0.00006140999999999999649051563022084110343712382018566131591796875,btc,37414.38651152,14.58868037,5.466119730368248,31
0,[],2,[],2019-01-20 23:28:43,0.0,0,0,6477009,2019-01-20 23:28:43,,0.0,0.0,0,,0.0,0.0,0.0,32
0,[],4,[],2019-05-07 21:06:43,0.0,0,0,7573566,2019-05-07 21:06:43,,0.0,0.0,0,,0.0,0.0,0.0,33
1,[],12,[],2019-03-30 07:55:10,40641173.964,0.00000003,0.000000000001228359,7108785,2019-03-30 07:55:10,btc,4233210.82356125,0.0,0.00000003,btc,28378394.68333462,0.0126927883965248,0.90752895892,33
0,[],4,[],2019-05-07 21:06:45,0.0,0,0,7573567,2019-05-07 21:06:45,,3.9084836464957062,0.0,0,,153369676.02373788,0.00291171,0.0,34
1,[],5,[],2019-05-07 21:06:46,0.0,0,0,7573568,2019-05-07 21:06:46,btc,0.0,0.01487576,0,btc,0.0,0.0,0.0,34
0.000000000133684,[],4,[],2019-05-02 18:17:45,3384239970.6360936,1.3368400000000002e-18,7.293946092400001e-23,7556428,2019-05-02 18:17:45,ltc,5.381102735485169e-08,0.0,0.00000001,ltc,6862894551.7408495,0.0,4.524187362345155e-09,36
1,[],5,[],2019-05-02 18:17:46,0.0,0,0,7556429,2019-05-02 18:17:46,btc,0.0,0.0,0,btc,0.0,0.0,0.0,36
0.0000000002926451,[],17,[],2019-05-02 18:17:47,200000.0,2.9264510000000002e-18,1.596703856561e-22,7556430,2019-05-02 18:17:47,eth,0.20942468735267253,0.0,0.00000001,"btc,eth",1018272.20243647,0.0,5.852902e-13,36
0.000000000133684,[],27,[],2019-05-02 18:17:55,7883196.008,1.3368400000000002e-18,7.293946092400001e-23,7556431,2019-05-02 18:17:55,ltc,25567.4086131264,0.0,0.00000001,"ltc,eth",21753551.64,0.0,1.0538571751334722e-11,36
1,[],4,[],2019-05-07 21:06:47,255794.92074627,0.00000019,0.000000000011183172000000001,7573569,2019-05-07 21:06:47,btc,19772.677706799826,0.0,0.00000019,btc,839786.87493023,0.01494727,0.0157293052200011,37
1,[],12,[],2019-05-07 21:06:48,1052079.78232098,0.00000025,0.0000000000147147,7573570,2019-05-07 21:06:48,btc,61604.97710548142,0.0,0.00000025,btc,590871.57052991,0.0265761157048128,0.1061617935794931,37
1,[],27,[],2019-05-07 21:06:59,1600.0,0.00000015,0.00000000000882882,7573571,2019-05-07 21:06:59,btc,24.12824334291843,0.0,0.00000015,btc,5839.49448498,0.0,3e-05,37
1,[],17,[],2019-05-03 01:11:36,211752.74075282,0.00000025,0.000000000013700074999999998,7559074,2019-05-03 01:11:36,btc,0.055484923955058496,0.0,0.00000025,"btc,eth",1387.19918473,0.0,0.0005381851887916605,37
1,[],5,[],2019-05-07 21:07:00,0.0,0,0,7573572,2019-05-07 21:07:00,btc,0.0,0.12067234,0,btc,0.0,0.0,0.0,42
1,[],12,[],2019-05-07 21:07:01,395523.03452609,0.0000022299999999999998249729064869750772004408645443618297576904296875,0.000000000131255124,7573573,2019-05-07 21:07:01,btc,222251.16188257592,0.0,0.0000022299999999999998249729064869750772004408645443618297576904296875,btc,42911.08891107,0.2754723693970155,0.0832843289998278,42
1,[],27,[],2019-05-07 21:07:07,3256.0,0.00000015,0.00000000000882882,7573574,2019-05-07 21:07:07,btc,1.8179904929696,0.0,0.00000015,"btc,eth",2428.82344975,0.0,0.00024750000060173773,42
1,[],12,[],2019-03-13 09:13:29,1112112.0,0.00000001,0.000000000000386531,6919902,2019-03-13 09:13:29,btc,29058.00478931866,0.0,0.00000001,btc,5967681.93306694,9.99000999e-07,0.01112112,43
1,[],5,[],2019-04-26 22:38:52,0.0,0,0,7474154,2019-04-26 22:38:52,btc,0.0,0.02638891,0,btc,0.0,0.0,0.0,43
0,[],17,[],2019-04-26 22:38:53,0.0,0,0,7474155,2019-04-26 22:38:53,btc,0.0,0.0,0,btc,0.0,0.0,0.0,43
1,[],12,[],2019-03-05 01:54:08,639326.02,0.00000004,0.000000000001486676,6845775,2019-03-05 01:54:08,btc,11116042.728239931,0.0,0.00000004,btc,1103841.4595604,0.0003330765234764,0.014975410599999999,44
1,[],4,[],2019-05-07 21:07:08,132614052.49758348,0.00000001,0.000000000000588588,7573575,2019-05-07 21:07:08,btc,436.77960966774515,0.0,0.00000001,"btc,ltc",22914217.59564506,0.00190427,0.29821447738482765,49
0.0000000001270733,[],4,[],2019-05-07 21:07:09,132020922.40211646,7.8785446e-17,4.6372168090248e-21,7573576,2019-05-07 21:07:09,ltc,21614.6413839476,0.0,0.00000062,ltc,97331698.26568575,0.04123626,1.735100951604578e-09,52
0,[],22,[],2019-05-07 21:07:12,0.0,0,0,7573577,2019-05-07 21:07:12,,10304.87709543,0.0,0,,310505736.4566013,0.0,0.0,57
0.0000000002911728,[],27,[],2019-05-07 21:07:17,10000.0,2.911728e-18,1.713808160064e-22,7573578,2019-05-07 21:07:17,eth,0.0,0.0,0.00000001,"btc,eth",0.0,0.0,2.911728e-14,57
0.0000000001270733,[],4,[],2019-05-07 21:07:18,1137495462.4045448,1.270733e-18,7.47938195004e-23,7573579,2019-05-07 21:07:18,ltc,19.111262979215276,0.0,0.00000001,ltc,5679709113.001969,0.0,1.4454530214277144e-09,58
1,[],12,[],2019-05-07 21:07:19,1569878419.0,0.0000000001,0.00000000000000588588,7573580,2019-05-07 21:07:19,btc,11897178.366420647,0.0,0.0000000001,btc,4308450317.854146,0.000803193749050952,0.1569878419,58
0.0000000001118042,[],22,[],2019-05-07 21:07:23,137438.0,1.118042e-18,6.580661046960001e-23,7573581,2019-05-07 21:07:23,XMR,69.17854956,0.0,0.00000001,XMR,9877516.6,1.16795139488e-13,0.00137438,58
1,[],17,[],2019-05-03 01:12:09,1200000.0,0.0000000001,0.00000000000000548003,7559085,2019-05-03 01:12:09,btc,1e+24,0.0,0.0000000001,"btc,eth",39516342.31952568,0.0,0.00010000000058666061,58
1,[],5,[],2019-05-07 21:07:24,0.0,0,0,7573582,2019-05-07 21:07:24,btc,0.0,0.03074657,0,btc,0.0,0.0,0.0,61
1,[],22,[],2019-05-07 21:07:26,13613.833333333334,0.00000012,0.000000000007063056,7573583,2019-05-07 21:07:26,BTC,1002.29626883,0.0,0.00000012,BTC,15392.180177125656,0.0,0.00153269,61
1,[],26,[],2019-05-07 21:07:27,0.0,0.00000100,0.0000000000588588,7573584,2019-05-07 21:07:27,btc,0.0,0.0,0.00000100,btc,0.0,0.0,0.0,61
0.0000000002911728,[],27,[],2019-05-07 21:07:32,100000.0,2.911728e-18,1.713808160064e-22,7573585,2019-05-07 21:07:32,eth,1.9482732497246655,0.0,0.00000001,"btc,eth",13266.51663696,0.0,2.911728e-13,61
1,[],28,[],2019-05-07 21:08:00,1039.304,0.00000008,0.000000000004708704,7573586,2019-05-07 21:08:00,btc,2.056501795415105,626.0,0.00000008,btc,10022.46650005,0.0,2.439304e-05,61
1,[],4,[],2019-05-07 21:08:01,1290342.4792121,0.00000105,0.00000000006180174,7573587,2019-05-07 21:08:01,btc,1.0976442092684433,0.0,0.00000105,btc,443341.60914419,0.08343203,0.8700541613271505,67
0.0,[],25,[],2019-05-07 21:08:03,0.0,0,0,7573588,2019-05-07 21:08:03,,0.0,0.0,0.0,btc,0.0,0.0,0.0,67
1,[],12,[],2019-05-07 21:08:04,736026.33333333,0.00000016,0.000000000009417408000000001,7573589,2019-05-07 21:08:04,btc,55556348.25467431,0.0,0.00000016,btc,1495933.9400843,0.006954546293706,0.0244465099999996,71
,[],5,[],2018-11-20 23:02:39,1.5e-07,0.00000005,0.000000000002128045,4862160,2018-11-20 23:02:39,btc,2.84511358,0.0,,btc,0.00036572,0.0,0.07381892,74
1,[],5,[],2019-05-07 21:08:05,0.0,0,0,7573590,2019-05-07 21:08:05,btc,0.0,0.02262698,0,btc,0.0,0.0,0.0,75
0,[],4,[],2019-05-07 21:08:06,0.0,0,0,7573591,2019-05-07 21:08:06,,133703.420467843,0.0,0,,35123208.47653003,0.0,0.0,81
0,[],20,[],2019-01-25 09:30:31,0.0,0,0,6495923,2019-01-25 09:30:31,btc,0.0,0.0,0,btc,0.0,0.0,0.0,81
1,[],4,[],2019-05-07 21:08:08,30715.45460577,0.00006780,0.00000000399062664,7573592,2019-05-07 21:08:08,btc,18.5962628647014,0.0,0.00006780,btc,24992.36941558,0.28584727,0.5771769638185746,82
1,[],21,[],2019-05-07 21:08:10,332217.34461685,0.00006501000000000000268035593720,0.000000003826410588000001,7573593,2019-05-07 21:08:10,btc,4.022645583573073,4536.34000392,0.000065010000000000002680355937201284177717752754688262939453125,btc,54272.93557489,0.31044708,1.986487530974125,82
0,[],17,[],2019-03-25 22:42:34,0.0,0,0,7038780,2019-03-25 22:42:34,btc,0.0445064681804024,0.0,0,btc,995513.18476001,0.0,0.0,84
0.00000000013644,[],4,[],2019-05-01 19:17:39,299701867.376,1.3644e-18,7.259508504e-23,7542161,2019-05-01 19:17:39,ltc,1.6769037726995486,0.0,0.00000001,ltc,427823536.87452894,0.00010978,4.089132278478144e-10,85
,[],22,[],2018-11-20 23:09:34,3408.1,0.0000001,0.0000000000041895,4862324,2018-11-20 23:09:34,BTC,0.04624735,0.0,,BTC,4990.0,0.0,0.00033081,86
1,[],22,[],2019-05-07 21:08:13,89999.0,0.00000001,0.000000000000588588,7573594,2019-05-07 21:08:13,BTC,3.66432991,0.0,0.00000001,BTC,332904.29736842104,0.0,0.00089999,87
1,[],27,[],2019-05-07 21:08:21,10674.0,0.00000001,0.000000000000588588,7573595,2019-05-07 21:08:21,btc,4.960707720736,0.0,0.00000001,btc,10175.62841,0.0,0.00010674,87
,[],2,[],2018-11-20 23:10:47,0.0,0,0,4862359,2018-11-20 23:10:47,,0.0,0.0,,,0.0,0.0,0.0,88
1,[],11,[],2019-05-07 21:08:23,86962.13797503,0.000140060000000000010877965195277283783070743083953857421875,0.000000008243763528,7573596,2019-05-07 21:08:23,btc,170.41984334668246,5331.09044903,0.000140060000000000010877965195277283783070743083953857421875,btc,168703.59932932,0.0,5.496953938787315,89
0,[],2,[],2019-01-20 23:31:45,0.0,0,0,6477083,2019-01-20 23:31:45,,0.0,0.0,0,,0.0,0.0,0.0,91
1,[],12,[],2019-05-07 21:08:25,388076.88894679,0.00000061,0.000000000035903868000000003,7573597,2019-05-07 21:08:25,btc,73.20075971730321,0.0,0.00000061,btc,150594.39829331,0.0025789699810138,0.042211919699955996,91
1,[],22,[],2019-05-07 21:08:29,76014.0,0.0000008,0.00000000004708704,7573598,2019-05-07 21:08:29,BTC,0.1,0.0,0.0000008,"BTC,LTC",1.0,0.0,0.0017135,91
0,[],17,[],2019-05-03 01:12:26,0.0,0,0,7559096,2019-05-03 01:12:26,btc,0.0,0.0,0,btc,0.0,0.0,0.0,91
1,[],22,[],2019-04-09 20:17:52,374949.73333333334,0.00000015,0.000000000007771935,7235704,2019-04-09 20:17:52,BTC,6.87372503,0.0,0.00000015,"BTC,LTC",159980.01196797504,1.1e-05,0.80510266,95
0.0000000001270733,[],4,[],2019-05-07 21:08:31,553412107.1107209,8.5139111e-17,5.0111859065268e-21,7573599,2019-05-07 21:08:31,ltc,11.266947684338847,0.0,0.00000067,ltc,126700431.00865485,0.07206314,1.9067019462802054e-09,96
0,[],12,[],2019-05-07 21:08:32,0.0,0,0,7573600,2019-05-07 21:08:32,btc,25054.263518130076,0.0,0,btc,6821705.82664734,0.0,0.0,96
0,[],17,[],2019-05-03 01:12:32,0.0,0,0,7559100,2019-05-03 01:12:32,btc,0.0,0.0,0,btc,0.0,0.0,0.0,96
1,[],4,[],2019-04-14 03:32:46,1039404.33283278,0.00000038,0.000000000019245518,7293458,2019-04-14 03:32:46,btc,4.170086055365747,0.0,0.00000038,btc,3097704.34561074,0.06260606,0.1859928211030784,99
1,[],4,[],2019-05-07 21:08:34,356889.95911891,0.00003555,0.0000000020924303400000003,7573601,2019-05-07 21:08:34,btc,6.593345658105569,0.0,0.00003555,btc,112961.29492489,0.26486578,0.5001406856642652,100
0,[],2,[],2019-01-20 23:23:55,0.0,0,0,6476914,2019-01-20 23:23:55,,0.0,0.0,0,,0.0,0.0,0.0,100
1,[],22,[],2019-05-07 21:08:37,130000.0,0.00000001,0.000000000000588588,7573602,2019-05-07 21:08:37,BTC,24.83526409,0.0,0.00000001,BTC,11187.719,0.0,0.0013,101
1,[],4,[],2019-05-07 21:08:38,548895.26957277,0.00000456,0.000000000268396128,7573603,2019-05-07 21:08:38,btc,250.03731588825053,0.0,0.00000456,btc,288168.94691399,4.32185908,0.323454884408357,103
1,[],12,[],2019-05-07 21:08:40,116000353.51292,0.000000005,0.00000000000029429400000000004,7573604,2019-05-07 21:08:40,btc,468525102.23139894,0.0,0.000000005,btc,107900560.6281218,0.00353880935564446,0.24108556171276002,105
1,[],27,[],2019-05-07 21:08:49,11976.0,0.00000001,0.000000000000588588,7573605,2019-05-07 21:08:49,btc,0.0689357688051137,0.0,0.00000001,btc,864584.59450753,0.0,0.00011976,105
1,[],22,[],2019-04-21 00:17:26,21333.0,0.00000001,0.000000000000532493,7385819,2019-04-21 00:17:26,BTC,51.38182867,0.0,0.00000001,BTC,470435.0,0.0,0.00021333,107
1,[],26,[],2019-04-21 00:17:26,0.0,0.00000000,0,7385820,2019-04-21 00:17:26,btc,0.0,0.0,0.00000000,btc,0.0,0.0,0.0,107
1,[],5,[],2019-05-07 21:08:50,0.0,0,0,7573606,2019-05-07 21:08:50,btc,0.0,0.0,0,btc,0.0,0.0,0.0,112
0,[],22,[],2019-05-07 21:08:53,0.0,0,0,7573607,2019-05-07 21:08:53,,2.79003697,0.0,0,,1380942.0833333333,0.0,0.0,112
1,[],27,[],2019-05-07 21:09:01,1.0,0.00000001,0.000000000000588588,7573608,2019-05-07 21:09:01,btc,1.25032588,0.0,0.00000001,"btc,eth",1819.0,0.0,1e-08,112
1,[],4,[],2019-05-07 21:09:02,360004.25637832,0.00000161,0.000000000094762668,7573609,2019-05-07 21:09:02,btc,4.784774932952556,0.0,0.00000161,btc,520666.59667377,0.05688767,0.2386690849558425,113
1,[],5,[],2019-05-07 21:09:03,0.0,0,0,7573610,2019-05-07 21:09:03,btc,0.0,0.0,0,btc,0.0,0.0,0.0,113
1,[],17,[],2019-04-26 02:17:47,162738.278,0.00000004,0.0000000000021069000000000002,7461287,2019-04-26 02:17:47,btc,1.3331140273775473,0.0,0.00000004,btc,51796.221,0.0,0.00230953112,116
0,[],27,[],2019-04-26 02:19:51,0.0,0,0,7461288,2019-04-26 02:19:51,,0.0,0.0,0,,0.0,0.0,0.0,116
1,[],4,[],2019-05-07 20:09:28,131822.85721655,0.00001022,0.00000000060230548,7572994,2019-05-07 20:09:28,btc,132.18460413545117,0.0,0.00001022,btc,268070.13193351,0.06918336,1.0489745103085106,120
1,[],7,[],2019-05-07 20:09:30,9501.79941055,0.000011699999999999999788190263583231853772304020822048187255859375,0.0000000006895277999999999,7572995,2019-05-07 20:09:30,btc,231185.88817567716,62.23644451,0.000011699999999999999788190263583231853772304020822048187255859375,btc,4076.97424313,0.00072692,0.018013380795019,120
1,[],20,[],2019-04-07 18:42:29,1914137.0852,0.000000035,0.0000000000017871910000000002,7211992,2019-04-07 18:42:29,btc,32.2497668025648,25528.85,0.000000035,btc,1001975.4986,0.00089350975,0.0152723574729,125
1,[],22,[],2019-05-07 21:09:07,110000.0,0.00000001,0.000000000000588588,7573611,2019-05-07 21:09:07,BTC,0.032061,0.0,0.00000001,BTC,299316.7611111111,0.0,0.0011,126
1,[],4,[],2019-05-07 21:09:08,1857651.88704119,0.00000958,0.000000000563867304,7573612,2019-05-07 21:09:08,btc,3.709128683604063,0.0,0.00000958,btc,167821.3838597,0.08292952,0.4791826436278456,131
0,[],2,[],2019-01-20 23:25:46,0.0,0,0,6476969,2019-01-20 23:25:46,,0.0,0.0,0,,0.0,0.0,0.0,131
1,[],17,[],2019-05-03 01:13:10,10000.0,0.00000001,0.000000000000548003,7559115,2019-05-03 01:13:10,btc,0.0953976503951408,0.0,0.00000001,btc,5037.62507334,0.0,0.0001,131
1,[],4,[],2019-05-07 21:09:09,4709.37972439,0.00012803,0.000000007535692164,7573613,2019-05-07 21:09:09,btc,6.011528575431448,0.0,0.00012803,btc,191.61415747,0.0,0.007926837959397,135
1,[],3,[],2019-05-07 21:09:10,530498.0,0.00000001,0.0000000000005885880000000001,7573614,2019-05-07 21:09:10,btc,0.0934057631805504,129896.5,0.00000001,btc,1024104.34967245,0.0,0.00530498,136
1,[],4,[],2019-05-07 21:09:11,3499687.44818153,0.00000213,0.000000000125369244,7573615,2019-05-07 21:09:11,btc,319.5747136523962,0.0,0.00000213,btc,512700.62055023,0.14795983,0.7545198726757772,137
1,[],12,[],2019-05-07 21:09:13,331397.9815823,0.0000022000000000000001122040828305248538754312903620302677154541015625,0.00000000012948936,7573616,2019-05-07 21:09:13,btc,48520.51766877037,0.0,0.0000022000000000000001122040828305248538754312903620302677154541015625,btc,43326.24229997,0.0035501685414225,0.0377083899999375,137
1,[],4,[],2019-05-07 21:09:15,45394.56442755,0.00003432,0.000000002020034016,7573617,2019-05-07 21:09:15,btc,5.057919956829221,0.0,0.00003432,btc,68250.68178244,0.42124428,0.1469337078093769,142
1,[],5,[],2019-05-07 21:09:16,0.0,0,0,7573618,2019-05-07 21:09:16,btc,0.0,0.16652314,0,btc,0.0,0.0,0.0,142
1,[],20,[],2019-05-07 21:09:19,167399.5136,0.00003401,0.000000002001787788,7573619,2019-05-07 21:09:19,btc,1.7086003245498,0.0,0.00003401,btc,8215.5399,0.0,0.059890778553,142
1,[],22,[],2019-05-07 21:09:22,1370.0,0.00000200,0.0000000001177176,7573620,2019-05-07 21:09:22,BTC,3.2756588,0.0,0.00000200,BTC,1135.5948275773155,0.0,0.0003632,142
0.0,[],25,[],2019-05-07 21:09:23,0.0,0,0,7573621,2019-05-07 21:09:23,,0.0,0.0,0.0,btc,0.0,0.0,0.0,142
1,[],28,[],2019-05-07 21:09:55,79102.0,0.00003311,0.000000001948814868,7573622,2019-05-07 21:09:55,btc,0.0580251924,232538.0,0.00003311,btc,463.37303,0.0,0.07347342,142
1,[],17,[],2019-05-03 01:13:16,32967.38636364,0.00000088,0.000000000048224264,7559122,2019-05-03 01:13:16,btc,20.06976206696776,0.0,0.00000088,btc,2746.079105,0.0,0.0105613000000032,142
0,[],22,[],2019-05-07 21:09:57,0.0,0,0,7573623,2019-05-07 21:09:57,,66.66505393,0.0,0,,938775805.8,0.0,0.0,143
0,[],22,[],2019-02-25 15:42:22,0.0,0,0,6783783,2019-02-25 15:42:22,,4.2131946,0.0,0,,2322156.0,0.0,0.0,146
,[],22,[],2018-11-20 23:01:11,0.0,0,0,4862114,2018-11-20 23:01:11,,2.56807021,0.0,,,61828.4988236,0.0,0.0,147
1,[],12,[],2019-04-21 06:38:04,193091.5971266,0.00000071,0.000000000037635183,7388679,2019-04-21 06:38:04,btc,2.301232411611175,0.0,0.00000071,btc,9957.48302385,0.00023528,0.0313308199999888,148
1,[],4,[],2019-03-19 21:31:25,255810.0415942,0.00000029,0.000000000011615747,6982695,2019-03-19 21:31:25,btc,218.94922712414143,0.0,0.00000029,btc,793529.37642722,0.00117,0.0608347789473395,152
0,[],22,[],2019-03-19 21:31:27,0.0,0,0,6982696,2019-03-19 21:31:27,,0.0,0.0,0,,0.0,0.0,0.0,152
1,[],5,[],2019-04-26 09:36:59,0.0,0,0,7465040,2019-04-26 09:36:59,btc,0.0,0.0,0,btc,0.0,0.0,0.0,153
,[],16,[],2019-01-11 15:38:59,0.0,0,0,6366141,2019-01-11 15:38:59,btc,0.0,0.0,,btc,0.0,0.0,0.0,155
0,[],22,[],2019-05-07 21:10:00,0.0,0,0,7573624,2019-05-07 21:10:00,,6.80191271,0.0,0,,4673448.342592592,0.0,0.0,156
0,[],23,[],2019-01-20 23:24:29,0.0,0,0,6476932,2019-01-20 23:24:29,,0.0,0.0,0,,0.0,0.0,0.0,156
1,[],22,[],2019-05-07 21:10:05,7066.0,0.00000800,0.0000000004708704,7573625,2019-05-07 21:10:05,BTC,1.79802465,0.0,0.00000800,BTC,802.6461988741639,0.0,0.00062996,157
0,[],22,[],2019-05-07 21:10:07,0.0,0,0,7573626,2019-05-07 21:10:07,,50234.60468402,0.0,0,,54786159.03179465,0.0,0.0,158
,[],17,[],2018-11-20 22:56:10,0.0,0,0,4861976,2018-11-20 22:56:10,btc,1.1265625,0.0,,btc,1000.0,0.0,0.0,159
,[],20,[],2018-11-20 22:56:12,0.0,0,0,4861977,2018-11-20 22:56:12,btc,11912.7940471,0.0,,btc,34413894.3617,0.0,0.0,159
1,[],12,[],2019-05-07 21:10:08,263242.31587727,0.000003719999999999999958717918080441933170732227154076099395751953125,0.000000000218954736,7573627,2019-05-07 21:10:08,btc,13.563133203668126,0.0,0.000003719999999999999958717918080441933170732227154076099395751953125,btc,11473.94438736,0.0044741876328583,0.0479378292629741,168
1,[],17,[],2019-05-03 01:13:36,42852.0,0.00000002,0.000000000001096006,7559132,2019-05-03 01:13:36,btc,0.04279856251542,0.0,0.00000002,btc,274.46171372,0.0,0.00052852,168
1,[],22,[],2019-05-07 03:57:18,743122.0,0.00000001,0.000000000000593596,7562020,2019-05-07 03:57:18,BTC,41.40912107,0.0,0.00000001,BTC,1593401.2737547632,0.00342649,0.00743122,169
1,[],22,[],2019-05-07 21:10:13,193990.0,0.00000002,0.000000000001177176,7573628,2019-05-07 21:10:13,BTC,30.18907168,0.0,0.00000002,BTC,442417.35474695155,6.971e-05,0.0019408,171
1,[],22,[],2019-05-07 21:10:16,195000.0,0.0000001,0.00000000000588588,7573629,2019-05-07 21:10:16,BTC,22.16509548,0.0,0.0000001,"BTC,LTC",655710.8764972081,0.00151561,0.008886,173
1,[],5,[],2019-05-06 19:49:32,0.0,0,0,7559281,2019-05-06 19:49:32,btc,0.0,0.00023336,0,btc,0.0,0.0,0.0,175
1,[],22,[],2019-05-07 21:10:20,90671.0,0.00000001,0.000000000000588588,7573630,2019-05-07 21:10:20,BTC,394.0276142,0.0,0.00000001,BTC,136275.61833431243,3.68e-05,0.00090671,176
1,[],7,[],2019-05-07 21:10:22,0.0,0,0,7573631,2019-05-07 21:10:22,btc,520269.7696583165,999.000999,0,btc,19434827.69732702,9.99e-06,0.0,178
0,[],22,[],2019-05-07 21:10:25,0.0,0,0,7573632,2019-05-07 21:10:25,,1.00242428,0.0,0,,57512.0,0.0,0.0,178
0,[],2,[],2019-01-20 23:28:34,0.0,0,0,6477001,2019-01-20 23:28:34,,0.0,0.0,0,,0.0,0.0,0.0,178
1,[],5,[],2019-05-07 21:10:27,0.0,0,0,7573633,2019-05-07 21:10:27,btc,0.0,0.11372191,0,btc,0.0,0.0,0.0,179
1,[],22,[],2019-05-07 21:10:30,3038615.0,0.00000001,0.000000000000588588,7573634,2019-05-07 21:10:30,BTC,5.33207465,0.0,0.00000001,BTC,13996419.411946677,0.00848588,0.03038615,179
0,[],23,[],2019-01-20 23:25:08,0.0,0,0,6476952,2019-01-20 23:25:08,,0.0,0.0,0,,0.0,0.0,0.0,179
1,[],22,[],2019-05-07 21:10:35,641258.971048321,0.0000008,0.00000000004708704,7573635,2019-05-07 21:10:35,BTC,39.28291866,0.0,0.0000008,"BTC,LTC",153547.80311938145,5.886e-05,0.55417964,180
1,[],26,[],2019-05-07 21:10:35,0.0,0.00000120,0.00000000007063056,7573636,2019-05-07 21:10:35,btc,0.0,50.0,0.00000120,btc,0.0,0.0,0.0,180
1,[],17,[],2019-05-03 01:13:56,20504.725000000002,0.0000001,0.00000000000548003,7559141,2019-05-03 01:13:56,btc,5.2010695838400265,0.0,0.0000001,btc,5033.45945,0.0,0.0011504725,180
,[],7,[],2018-11-20 22:58:01,562227.975654,0.00000085,0.000000000036176765,4862015,2018-11-20 22:58:01,btc,21836.6059674,2491.87645172,,btc,749999.041456,0.00211021,0.127565380455,183
,[],5,[],2019-01-10 08:11:41,0.0,0,0,6347036,2019-01-10 08:11:41,btc,82.15055501,0.00261,,btc,1.19002445,0.0,0.0,187
1,[],24,[],2019-04-30 17:34:05,0.0,0.000000000014,7.396256000000001e-16,7526291,2019-04-30 17:34:05,btc,0.0,0.0,0.000000000014,btc,0.0,0.0,0.0,187
,[],17,[],2018-11-16 20:58:10,4062536.27273,0.00000001,0.000000000000550501,4708775,2018-11-16 20:58:10,btc,3.36492563466,0.195460381006,,"btc,eth",110697919.549,0.0,0.0157628953496,187
0,[],22,[],2019-04-25 02:54:07,0.0,0,0,7447896,2019-04-25 02:54:07,,7.54794454,0.0,0,,76361.7243344055,0.0,0.0,191
0,[],22,[],2019-05-07 21:10:39,0.0,0,0,7573637,2019-05-07 21:10:39,,0.0,0.0,0,,0.0,0.0,0.0,197
0,[],23,[],2019-01-20 23:31:41,0.0,0,0,6477079,2019-01-20 23:31:41,,0.0,0.0,0,,0.0,0.0,0.0,199
0.0000000001270733,[],22,[],2019-05-07 21:10:42,54734331.0,2.541466e-18,1.495876390008e-22,7573638,2019-05-07 21:10:42,LTC,18.75578347,0.0,0.00000002,LTC,35255414.0,0.0,0.64068281,199
1,[],26,[],2019-05-07 21:10:42,0.0,0.00000000,0,7573639,2019-05-07 21:10:42,btc,0.0,0.0,0.00000000,btc,0.0,0.0,0.0,199
0,[],2,[],2019-01-20 23:30:49,0.0,0,0,6477059,2019-01-20 23:30:49,,0.0,0.0,0,,0.0,0.0,0.0,201
1,[],4,[],2019-01-25 15:51:35,2084389.58565343,0.00000936,0.000000000333526752,6499557,2019-01-25 15:51:35,btc,2.0092503037378524,0.0,0.00000936,btc,160195.80207885,0.19272417,1.242687955921835,211
1,[],7,[],2019-05-07 21:10:47,13732678.28616072,0.00000089,0.000000000052384332,7573640,2019-05-07 21:10:47,btc,15559126.120185811,303730.655322,0.00000089,btc,12018992.27671989,0.0,1.8830596365328134,212
1,[],5,[],2019-05-07 13:02:51,0.0,0,0,7566706,2019-05-07 13:02:51,btc,0.0,0.43032184,0,btc,0.0,0.0,0.0,213
1,[],24,[],2019-05-07 13:02:52,0.0,0.000000050000,0.000000000002968865,7566707,2019-05-07 13:02:52,btc,0.0,0.0,0.000000050000,btc,0.0,0.0,0.0,213
1,[],26,[],2019-05-07 13:02:52,0.0,0.00000040,0.00000000002375092,7566708,2019-05-07 13:02:52,btc,0.0,0.0,0.00000040,btc,0.0,0.0,0.0,213
1,[],12,[],2019-01-25 02:44:32,207462.42853209,0.000001080000000000000035831255497387193287295303889550268650054931640625,0.000000000038610756000000006,6493050,2019-01-25 02:44:32,btc,85023.03793723314,0.0,0.000001080000000000000035831255497387193287295303889550268650054931640625,btc,43675.73520027,0.000146250909087,0.0348620860622024,213
0,[],22,[],2019-05-07 21:10:49,0.0,0,0,7573641,2019-05-07 21:10:49,,11.27092232,0.0,0,,2240817.2040649247,0.0,0.0,216
1,[],27,[],2019-05-07 21:10:58,30596.0,0.00000001,0.000000000000588588,7573642,2019-05-07 21:10:58,btc,61.55971639203932,6000.0,0.00000001,"btc,ltc",215976.557308,6e-05,0.00030596,216
1,[],22,[],2019-05-07 21:11:00,313632.9044117647,0.00000136,0.000000000080047968,7573643,2019-05-07 21:11:00,BTC,12055.02842172,0.0,0.00000136,BTC,449561.31036799186,0.01635822,0.08877702,217
1,[],7,[],2019-05-07 21:11:04,0.0,0,0,7573644,2019-05-07 21:11:04,btc,111302.56967336107,0.0,0,btc,137382971.78428552,0.0,0.0,219
0,[],27,[],2019-05-07 21:11:12,0.0,0,0,7573645,2019-05-07 21:11:12,,0.01810337,0.0,0,btc,1580037.0,0.0,0.0,219
0.0000000000000044000000000000005,[],28,[],2019-05-07 21:11:53,489172109.014,2.6400440000000003e-18,1.553898217872e-22,7573646,2019-05-07 21:11:53,doge,3650128.9693764625,26768.15,0.00060001,"btc,doge",44730760.5033,0.0,2.828481345591537e-11,219
1,[],22,[],2019-05-07 21:11:56,398200.0,0.00000004,0.000000000002354352,7573647,2019-05-07 21:11:56,BTC,56.8294502,0.0,0.00000004,BTC,161138.84827387411,0.00038285,0.012982,221
1,[],24,[],2019-05-07 21:11:57,0.0,0.000000010000,0.000000000000588588,7573648,2019-05-07 21:11:57,btc,0.0,0.0,0.000000010000,btc,0.0,0.0,0.0,221
1,[],20,[],2019-05-07 21:12:00,12166794.498,0.000000011,0.0000000000006474468,7573649,2019-05-07 21:12:00,btc,100092.89424664243,0.0,0.000000011,btc,22929825.5625,0.0,0.053329530791,224
0,[],22,[],2019-05-07 21:12:03,0.0,0,0,7573650,2019-05-07 21:12:03,,0.0,0.0,0,,0.0,0.0,0.0,224
1,[],26,[],2019-05-07 21:12:03,0.0,0.00000026,0.000000000015303288,7573651,2019-05-07 21:12:03,btc,0.0,0.0,0.00000026,btc,0.0,0.0,0.0,231
1,[],26,[],2019-05-07 21:12:04,0.0,0.00000005,0.00000000000294294,7573652,2019-05-07 21:12:04,btc,0.0,0.0,0.00000005,btc,0.0,0.0,0.0,234
0.0000000002911728,[],27,[],2019-05-07 21:12:26,10000.0,2.911728e-18,1.713808160064e-22,7573653,2019-05-07 21:12:26,eth,0.01134836604,0.0,0.00000001,"btc,eth",11462.996,0.0,2.911728e-14,234
1,[],4,[],2019-04-29 21:02:20,217188.93193785,0.00000080,0.00000000004151584,7514327,2019-04-29 21:02:20,btc,5.239800103892936,0.0,0.00000080,btc,797346.30008933,0.0,0.0590549781555679,236
1,[],24,[],2019-04-29 21:02:20,0.0,0.000000100000,0.00000000000518948,7514328,2019-04-29 21:02:20,btc,0.0,0.0,0.000000100000,btc,0.0,0.0,0.0,236
1,[],5,[],2019-05-06 20:53:15,0.0,0,0,7559637,2019-05-06 20:53:15,btc,0.0,0.20253514,0,btc,0.0,0.0,0.0,237
1,[],20,[],2019-05-06 20:53:18,38173217.6136,0.000000083,0.0000000000047460728,7559638,2019-05-06 20:53:18,btc,21342.514614200165,8832375.7238,0.000000083,btc,27701499.3386,0.7554403456107,1.3621107610479,237
1,[],22,[],2019-05-06 20:53:20,343938.0,0.00000009,0.000000000005146344,7559639,2019-05-06 20:53:20,BTC,1.20267422,0.0,0.00000009,BTC,17930.94871794872,0.0,0.01017442,237
1,[],4,[],2019-05-07 21:12:27,35574026.1924206,0.00000014,0.000000000008240232,7573654,2019-05-07 21:12:27,btc,3.2966468923703727,0.0,0.00000014,btc,9362342.01784972,1.24184655,0.9711948582855596,238
1,[],5,[],2019-05-07 21:12:29,0.0,0,0,7573655,2019-05-07 21:12:29,btc,0.0,0.05306819,0,btc,0.0,0.0,0.0,238
0,[],22,[],2019-03-12 16:49:32,0.0,0,0,6914458,2019-03-12 16:49:32,,0.40415746,0.0,0,,526736.5639027493,0.0,0.0,249
0,[],22,[],2019-05-07 21:12:31,0.0,0,0,7573656,2019-05-07 21:12:31,,3.31610872,0.0,0,,28317807.771216933,0.0,0.0,252
1,[],28,[],2019-05-07 21:12:52,41561158.199,0.00000035,0.00000000002060058,7573657,2019-05-07 21:12:52,btc,3.337543618419,156846.6492,0.00000035,btc,2878906.2029,0.0,0.6037740771,256
1,[],22,[],2019-05-07 21:12:56,1088993.5,0.00000002,0.000000000001177176,7573658,2019-05-07 21:12:56,BTC,21.88116616,0.0,0.00000002,BTC,522884.63333384093,2.75e-06,0.01124633,258
1,[],22,[],2019-03-13 00:07:30,47146.0,0.00000001,0.000000000000387233,6917028,2019-03-13 00:07:30,BTC,2.415167,0.0,0.00000001,BTC,157.0,0.0,0.00047146,259
1,[],5,[],2019-05-07 21:12:57,0.0,0,0,7573659,2019-05-07 21:12:57,btc,0.0,0.38296979,0,btc,0.0,0.0,0.0,264
1,[],20,[],2019-05-07 21:12:59,1263396.4014,0.000001065,0.000000000062684622,7573660,2019-05-07 21:12:59,btc,4.8269570006036,59572.9743,0.000001065,btc,95751.7266,0.0758448377062,0.0268605482297,264
0,[],22,[],2019-04-12 17:57:27,0.0,0,0,7278186,2019-04-12 17:57:27,,66.37522201,0.0,0,,677842.4169881374,0.0,0.0,271
0,[],22,[],2019-05-07 21:13:02,0.0,0,0,7573661,2019-05-07 21:13:02,,33051802.3172899,0.0,0,,15696307799.7,0.0,0.0,272
0.0000000000000044000000000000005,[],28,[],2019-05-07 21:13:24,400736115975.5,1.056e-21,6.215489280000001e-26,7573662,2019-05-07 21:13:24,doge,26831809.841179468,1028628271.07,0.00000024,doge,353980979136.509,0.0,2.26441251178076e-10,272
1,[],22,[],2019-05-07 21:13:27,168039.7,0.00000013,0.000000000007651644,7573663,2019-05-07 21:13:27,BTC,427.42495672,0.0,0.00000013,BTC,249705.37764460206,0.0,0.00918978,281
1,[],22,[],2019-05-07 21:13:31,109871.1,0.00000002,0.000000000001177176,7573664,2019-05-07 21:13:31,BTC,536.90453142,0.0,0.00000002,"BTC,LTC",590775.6256135202,0.00111576,0.00734874,286
0,[],22,[],2019-05-07 21:13:33,0.0,0,0,7573665,2019-05-07 21:13:33,,7337883.38050348,0.0,0,,1307674043.2797825,0.0,0.0,294
