pairValue,buyBook,exchangeId,sellBook,updated,buyTotal,satoshiPrice,usdPrice,exchangeLogId,created,bestPair,sellTotalBtc,volume,pairPrice,activePairs,sellTotal,volumeBtc,buyTotalBtc,coinId
1,[],3,[],2019-08-20 01:37:40,966.814524672081,0.00820000000000000069111383282915994641371071338653564453125,0.0000008910792400000001,7914055,2019-08-20 01:37:40,btc,9.385260225347437,10.930872122,0.00820000000000000069111383282915994641371071338653564453125,btc,40.888567420171,0.0,0.31575735971025193,1
1,[],4,[],2019-08-20 01:37:41,25028.64157615,0.00815001,0.000000885646916682,7914056,2019-08-20 01:37:41,btc,12.198423803181408,0.0,0.00815001,btc,508.78576747,1.62052805,0.9767699485320966,1
1,[],12,[],2019-08-20 01:37:47,118.38224794,0.00813999999999999966637798110014045960269868373870849609375,0.000000884559148,7914057,2019-08-20 01:37:47,btc,0.296220074249,0.0,0.00813999999999999966637798110014045960269868373870849609375,btc,28.03857167,0.873896063937,0.193102108191,1
1,[],20,[],2019-08-20 01:37:49,933.0682,0.00808203,0.000000878259652446,7914058,2019-08-20 01:37:49,btc,0.2230352419744,0.3356,0.00808203,btc,18.6731,0.002932113282,0.1366013143089,1
1,[],21,[],2019-08-20 01:37:52,2333.30483739,0.008140349999999999322519705913,0.0000008845971818699999,7914059,2019-08-20 01:37:52,btc,10.596532262232556,1689.69606494,0.00814034999999999932251970591323697590269148349761962890625,"btc,eth",1949.39154039,12.933111078201378,15.843848971244478,1
1,[],22,[],2019-08-20 01:37:56,0.5198816666666667,0.00600000,0.0000006520092,7914060,2019-08-20 01:37:56,BTC,0.01700334,0.0,0.00600000,BTC,0.283670650841137,0.0,0.00302178,1
1,[],24,[],2019-08-20 01:37:56,0.0,0.000000000000,0,7914061,2019-08-20 01:37:56,btc,0.0,0.0,0.000000000000,btc,0.0,0.0,0.0,1
0.0,[],25,[],2019-08-20 01:37:57,0.0,0,0,7914062,2019-08-20 01:37:57,btc,2.277099999717136,2480.81918149,0.0,btc,231.35645745,20.5518,0.0,1
1,[],26,[],2019-08-20 01:38:01,0.0,0,0,7914063,2019-08-20 01:38:01,,0.0,0.0,0,,0.0,0.0,0.0,1
1,[],28,[],2019-08-20 01:38:10,1040.4,0.008020000000,0.000000871518964,7914064,2019-08-20 01:38:10,btc,0.38023024096,2703.0,0.008020000000,btc,23.7255,0.0,0.274306096,1
1,[],10,[],2019-07-13 08:58:05,251434.9725798,0.00271069,0.00000031407274150500003,7812232,2019-07-13 08:58:05,btc,6515.317158446701,1686.04548878,0.00271069,btc,2002.66956917,0.0,1.2639712180673435,1
1,[],5,[],2019-07-06 00:27:44,0.0,0,0,7800775,2019-07-06 00:27:44,btc,0.0,0.00190933,0,btc,0.0,0.0,0.0,1
0,[],2,[],2019-01-20 23:28:45,0.0,0,0,6477011,2019-01-20 23:28:45,,0.0,0.0,0,,0.0,0.0,0.0,1
1,[],22,[],2019-08-20 01:38:14,11550.3,0.0000002,0.00000000002173364,7914065,2019-08-20 01:38:14,BTC,21.00878619,0.0,0.0000002,"BTC,XMR",19931.59287795317,0.0,0.00143681,2
1,[],5,[],2019-07-06 00:28:14,0.0,0,0,7800785,2019-07-06 00:28:14,btc,0.0,0.00208797,0,btc,0.0,0.0,0.0,2
1,[],12,[],2019-08-20 01:38:16,6044542.5744899595,0.00000006,0.0000000000065200919999999995,7914066,2019-08-20 01:38:16,btc,43031.923909949226,0.0,0.00000006,btc,9365975.72491384,0.035548866368,0.25126330598261765,3
0,[],28,[],2019-08-20 01:38:17,0.0,0,0,7914067,2019-08-20 01:38:17,,0.0,0.0,0,,0.0,0.0,0.0,3
1,[],5,[],2019-06-03 14:48:58,0.0,0,0,7731126,2019-06-03 14:48:58,btc,0.0,0.05905545,0,btc,0.0,0.0,0.0,3
0,[],2,[],2019-01-20 23:31:32,0.0,0,0,6477077,2019-01-20 23:31:32,,0.0,0.0,0,,0.0,0.0,0.0,4
1,[],4,[],2019-08-19 07:13:39,5576051.9095195,0.00000012,0.000000000012681852,7911861,2019-08-19 07:13:39,btc,25.86361324985451,0.0,0.00000012,btc,1094878.27526979,0.00024951,0.0793524101309535,4
0,[],2,[],2019-01-20 23:31:51,0.0,0,0,6477087,2019-01-20 23:31:51,,0.0,0.0,0,,0.0,0.0,0.0,6
1,[],11,[],2019-08-15 15:27:29,324074.0,0.00000001,0.0000000000010065590000000001,7900084,2019-08-15 15:27:29,btc,9583.47119397936,4910218.0,0.00000001,btc,78345418.50750598,0.0,0.00324074,6
1,[],3,[],2019-08-20 01:38:19,11418.527120333401,0.00006904000000000000305915015541557977485354058444499969482421875,0.000000007502452528,7914068,2019-08-20 01:38:19,btc,1026.3027491184596,1.7222010134,0.00006904000000000000305915015541557977485354058444499969482421875,btc,438.358614019976,0.0,0.0199372386275995,7
1,[],4,[],2019-08-20 01:38:20,53910.74928008,0.00008224,0.000000008936872768,7914069,2019-08-20 01:38:20,btc,12.693240331569221,0.0,0.00008224,btc,77365.25630736,0.38820872,2.6046612820522967,7
1,[],5,[],2019-07-06 00:28:21,0.0,0,0,7800789,2019-07-06 00:28:21,btc,0.0,0.38662001,0,btc,0.0,0.0,0.0,7
1,[],5,[],2019-07-05 17:50:59,0.0,0,0,7799863,2019-07-05 17:50:59,btc,0.0,0.04857279,0,btc,0.0,0.0,0.0,12
1,[],4,[],2019-08-20 01:38:21,23526026.71632274,0.00000021,0.000000000022820322,7914070,2019-08-20 01:38:21,btc,6.200551442057092,0.0,0.00000021,btc,12032419.93386539,0.18975382,1.6395353860842325,12
0.0,[],25,[],2019-08-20 01:38:24,0.0,0,0,7914071,2019-08-20 01:38:24,,0.0,0.0,0.0,btc,0.0,0.0,0.0,12
0,[],2,[],2019-01-20 23:23:08,0.0,0,0,6476890,2019-01-20 23:23:08,,0.0,0.0,0,,0.0,0.0,0.0,12
1,[],4,[],2019-08-20 01:38:24,808068.59284581,0.00000128,0.000000000139095296,7914072,2019-08-20 01:38:24,btc,3.4538999728500466,0.0,0.00000128,btc,907932.43677783,0.06436606,0.3206717198571515,13
1,[],10,[],2019-08-20 01:38:27,774268.93391431,0.00000128,0.00000000013909529600000001,7914073,2019-08-20 01:38:27,btc,666797.3212246947,21514.6089213,0.00000128,btc,1008931.44188428,0.0,0.0791569353385054,13
1,[],21,[],2019-08-20 01:38:28,3915316.86609673,0.000001300000000000000047051663780,0.00000000014126866,7914074,2019-08-20 01:38:28,btc,4.101711714028777,180288.73310464,0.000001300000000000000047051663780439678674838432925753295421600341796875,btc,2174688.65472287,0.24460284,1.420730327220731,13
1,[],4,[],2019-08-20 01:38:29,1493748.50760987,0.00000077,0.000000000083674514,7914075,2019-08-20 01:38:29,btc,2.6315819130907467,0.0,0.00000077,btc,843134.57087755,0.01712786,0.2578231940398047,14
1,[],12,[],2019-08-20 01:38:30,216481.55686177,0.00000077,0.000000000083674514,7914076,2019-08-20 01:38:30,btc,181.9834733051978,0.0,0.00000077,btc,31660.84462839,0.00013494,0.0199551199999373,14
1,[],26,[],2019-08-20 01:40:30,0.0,0,0,7914077,2019-08-20 01:40:30,,0.0,0.0,0,,0.0,0.0,0.0,14
0,[],17,[],2019-05-03 00:53:32,0.0,0,0,7558876,2019-05-03 00:53:32,btc,0.0,0.0,0,btc,0.0,0.0,0.0,14
0,[],4,[],2019-08-20 01:40:31,0.0,0,0,7914078,2019-08-20 01:40:31,,0.0,0.0,0,,0.0,0.0,0.0,15
,[],12,[],2018-12-01 15:15:48,204241.84496,0.00000489,0.000000000202473384,5260204,2018-12-01 15:15:48,btc,49.5475654835,0.0,,btc,35763.2193806,0.0163153972027625,0.0203389899998,15
1,[],4,[],2019-08-20 01:40:33,52545.22253066,0.00000750,0.0000000008150115,7914079,2019-08-20 01:40:33,btc,2.4180981020636576,0.0,0.00000750,btc,21391.93838988,0.00980277,0.1763475964103195,18
1,[],10,[],2019-08-20 01:40:35,398522.25074917,0.00000722,0.000000000784584404,7914080,2019-08-20 01:40:35,btc,15.270279360194651,6338.74233192,0.00000722,btc,27005.54128088,0.0,0.2720135490320018,18
1,[],12,[],2019-08-20 01:40:36,4577.85299917,0.000007220000000000000329731901504981550488082575611770153045654296875,0.000000000784584404,7914081,2019-08-20 01:40:36,btc,0.5657526261609902,0.0,0.000007220000000000000329731901504981550488082575611770153045654296875,btc,1901.83392017,7.5775e-07,0.0104324533747029,18
0,[],2,[],2019-01-20 23:23:38,0.0,0,0,6476906,2019-01-20 23:23:38,,0.0,0.0,0,,0.0,0.0,0.0,18
0,[],17,[],2019-05-03 00:53:39,0.0,0,0,7558882,2019-05-03 00:53:39,btc,0.0,0.0,0,btc,0.0,0.0,0.0,18
1,[],3,[],2019-08-20 01:42:37,214080.1763730979,0.000005329999999999999790571171554010021509384387172758579254150390625,0.000000000579201506,7914082,2019-08-20 01:42:37,btc,190.58417577287682,920.864389008,0.000005329999999999999790571171554010021509384387172758579254150390625,btc,51822.08801080186,0.0,0.3560084582440644,19
1,[],4,[],2019-08-20 01:42:38,573829.11230155,0.00000555,0.00000000060310851,7914083,2019-08-20 01:42:38,btc,2.9360612859608324,0.0,0.00000555,btc,257787.31867229,0.05650509,1.5851877136202608,19
1,[],12,[],2019-08-20 01:42:40,128343.31047064,0.00000901000000000000013226399142585165691343718208372592926025390625,0.000000000979100482,7914084,2019-08-20 01:42:40,btc,0.9336837333559513,0.0,0.00000901000000000000013226399142585165691343718208372592926025390625,btc,2892.8539535,5.8669834e-05,0.0155844599997209,19
0,[],27,[],2019-08-12 16:48:42,0.0,0,0,7891818,2019-08-12 16:48:42,,0.0,0.0,0,btc,0.0,0.0,0.0,19
0,[],2,[],2019-01-20 23:24:19,0.0,0,0,6476924,2019-01-20 23:24:19,,0.0,0.0,0,,0.0,0.0,0.0,19
1,[],5,[],2019-07-06 02:01:19,0.0,0,0,7800799,2019-07-06 02:01:19,btc,0.0,0.0,0,btc,0.0,0.0,0.0,19
1,[],4,[],2019-08-19 09:56:57,10479102.32813501,0.00000006,0.00000000000640596,7912317,2019-08-19 09:56:57,btc,4.984292824562718,0.0,0.00000006,btc,2305413.8842246,0.0,0.1263090499480169,20
0,[],4,[],2019-08-20 01:42:41,0.0,0,0,7914085,2019-08-20 01:42:41,,58312.335240567256,0.0,0,,171675417.70214376,0.00252796,0.0,21
0,[],12,[],2019-08-20 01:42:42,0.0,0,0,7914086,2019-08-20 01:42:42,btc,2617.979975190909,0.0,0,btc,8738795.88911087,8.991e-08,0.0,21
0,[],17,[],2019-05-03 00:53:51,0.0,0,0,7558891,2019-05-03 00:53:51,btc,0.0,0.0,0,btc,0.0,0.0,0.0,21
0.0000000002204393,[],27,[],2019-07-29 17:24:02,79794022.5,8.5971327e-17,8.21370058158e-21,7852364,2019-07-29 17:24:02,eth,1253.5830452782222,787155.0,0.00000039,eth,2317982.66147653,6.7672759904685e-11,2.1948587434632156e-09,23
1,[],12,[],2019-08-20 01:44:44,4125246973.8026686,0.0000000019,0.00000000000020646958,7914087,2019-08-20 01:44:44,btc,167285793110.48764,0.0,0.0000000019,btc,1775317162.6044981,1.130295432256,2.325646747737469,23
1,[],4,[],2019-08-20 01:44:45,6331424.92714484,0.00000039,0.000000000042380598,7914088,2019-08-20 01:44:45,btc,7.4132052893622085,0.0,0.00000039,btc,1983236.20966287,0.14234252,0.2659923433278371,24
0,[],22,[],2019-08-20 01:44:47,0.0,0,0,7914089,2019-08-20 01:44:47,,0.0,0.0,0,,0.0,0.0,0.0,24
0.0,[],25,[],2019-08-20 01:44:49,0.0,0,0,7914090,2019-08-20 01:44:49,,0.0,0.0,0.0,btc,0.0,0.0,0.0,24
1,[],4,[],2019-08-20 01:44:50,26951213.01500789,0.00000346,0.000000000375991972,7914091,2019-08-20 01:44:50,btc,4.0513661192821635,0.0,0.00000346,btc,206779.73707058,0.08889944,0.4188963849292297,26
1,[],10,[],2019-08-20 01:44:52,221451.74133155,0.00000362,0.000000000393378884,7914092,2019-08-20 01:44:52,btc,25.709621396505014,6167.34278438,0.00000362,btc,18672.5174904,0.0,0.0346131533150611,26
0,[],2,[],2019-01-20 23:25:56,0.0,0,0,6476976,2019-01-20 23:25:56,,0.0,0.0,0,,0.0,0.0,0.0,26
0.0000000000700876,[],4,[],2019-08-20 01:44:53,817503872.4372954,4.9762196e-17,5.4075682673672005e-21,7914093,2019-08-20 01:44:53,ltc,11.936410505068093,0.0,0.00000071,ltc,981848725.5693969,0.00073035,6.980163366732233e-09,29
1,[],7,[],2019-08-20 01:44:54,0.0,0,0,7914094,2019-08-20 01:44:54,btc,1236880.952240353,15075.9240759,0,btc,60443462.69281457,0.0,0.0,29
1,[],4,[],2019-08-20 01:44:54,15036556.83756628,0.00000007,0.000000000007606774,7914095,2019-08-20 01:44:54,btc,2.6081320665691963,0.0,0.00000007,btc,2006655.85044338,0.0,0.1720253123988888,30
0,[],17,[],2019-05-03 01:11:25,0.0,0,0,7559066,2019-05-03 01:11:25,btc,0.0,0.0,0,btc,0.0,0.0,0.0,30
1,[],4,[],2019-08-20 01:46:55,211683.5150221,0.00002814,0.000000003057923148,7914096,2019-08-20 01:46:55,btc,2.377467983418832,0.0,0.00002814,btc,50994.84660762,0.20984122,0.4603785609075747,31
1,[],21,[],2019-08-20 01:46:56,6263334.27786692,0.00002847999999999999837241304590,0.0000000030948703359999998,7914097,2019-08-20 01:46:56,btc,6.475772539426442,21626.86482629,0.000028479999999999998372413045899520511738955974578857421875,btc,173189.71741864,0.63048316,4.664929223929692,31
0,[],2,[],2019-01-20 23:28:43,0.0,0,0,6477009,2019-01-20 23:28:43,,0.0,0.0,0,,0.0,0.0,0.0,32
0,[],4,[],2019-08-20 01:46:58,0.0,0,0,7914098,2019-08-20 01:46:58,,0.0,0.0,0,,0.0,0.0,0.0,33
1,[],12,[],2019-03-30 07:55:10,40641173.964,0.00000003,0.000000000001228359,7108785,2019-03-30 07:55:10,btc,4233210.82356125,0.0,0.00000003,btc,28378394.68333462,0.0126927883965248,0.90752895892,33
0.0000000000700876,[],4,[],2019-08-20 01:47:00,34324480.37551402,2.9436792000000004e-17,3.1988432004144e-21,7914099,2019-08-20 01:47:00,ltc,6.028882170884042,0.0,0.00000042,ltc,162058124.94798777,0.0,3.5103772311036727e-10,34
1,[],5,[],2019-07-06 02:03:46,0.0,0,0,7800811,2019-07-06 02:03:46,btc,0.0,0.0,0,btc,0.0,0.0,0.0,34
1,[],27,[],2019-08-12 16:26:17,6255.0,0.00000019,0.000000000021630303,7891745,2019-08-12 16:26:17,btc,22.61101824371233,0.0,0.00000019,btc,4198.924835,0.0,0.00091445,37
1,[],4,[],2019-08-20 01:47:01,10632054.50098104,0.00000015,0.00000000001630023,7914100,2019-08-20 01:47:01,btc,19774.667967436308,0.0,0.00000015,btc,2291948.00332546,0.0033914,0.1465555600012845,37
1,[],12,[],2019-08-20 01:47:02,8256130.32154118,0.00000016,0.000000000017386912000000002,7914101,2019-08-20 01:47:02,btc,1731.3075079744494,0.0,0.00000016,btc,1965767.02206842,0.019025057522,0.27303076764705553,37
1,[],17,[],2019-05-03 01:11:36,211752.74075282,0.00000025,0.000000000013700074999999998,7559074,2019-05-03 01:11:36,btc,0.055484923955058496,0.0,0.00000025,"btc,eth",1387.19918473,0.0,0.0005381851887916605,37
0,[],27,[],2019-08-12 16:26:27,0.0,0,0,7891747,2019-08-12 16:26:27,,0.001005,0.0,0,"btc,eth",3.0,0.0,0.0,42
1,[],12,[],2019-08-20 01:49:03,207808.39532556,0.000001120000000000000076372827333137660588135986472479999065399169921875,0.000000000121708384,7914102,2019-08-20 01:49:03,btc,521.9814182563383,0.0,0.000001120000000000000076372827333137660588135986472479999065399169921875,btc,146932.94335012,0.013678343542,0.0503025231659644,42
1,[],5,[],2019-07-06 02:03:47,0.0,0,0,7800812,2019-07-06 02:03:47,btc,0.0,0.14382058,0,btc,0.0,0.0,0.0,42
1,[],12,[],2019-03-13 09:13:29,1112112.0,0.00000001,0.000000000000386531,6919902,2019-03-13 09:13:29,btc,29058.00478931866,0.0,0.00000001,btc,5967681.93306694,9.99000999e-07,0.01112112,43
1,[],5,[],2019-04-26 22:38:52,0.0,0,0,7474154,2019-04-26 22:38:52,btc,0.0,0.02638891,0,btc,0.0,0.0,0.0,43
0,[],17,[],2019-04-26 22:38:53,0.0,0,0,7474155,2019-04-26 22:38:53,btc,0.0,0.0,0,btc,0.0,0.0,0.0,43
0.0000000000700876,[],4,[],2019-08-20 01:49:04,106996919.25229642,5.3967452000000004e-17,5.8645458674264e-21,7914103,2019-08-20 01:49:04,ltc,1922.8527514590817,0.0,0.00000077,ltc,24755861.22972838,0.0,3.71765170172473e-10,49
0.0000000000700876,[],4,[],2019-08-20 01:49:05,311126580.82653236,1.5419272e-17,1.6755845335504001e-21,7914104,2019-08-20 01:49:05,ltc,31170.461491899685,0.0,0.00000022,ltc,231737924.65209076,0.0,5.334100418728139e-10,52
0,[],27,[],2019-08-12 16:26:37,0.0,0,0,7891750,2019-08-12 16:26:37,,0.0,0.0,0,"btc,eth",0.0,0.0,0.0,57
0,[],22,[],2019-08-20 01:49:08,0.0,0,0,7914105,2019-08-20 01:49:08,,10290.02779686,0.0,0,,282696231.3316013,0.0,0.0,57
0.0000000000700876,[],4,[],2019-08-20 01:49:09,1042784151.4042389,7.00876e-19,7.61629333432e-23,7914106,2019-08-20 01:49:09,ltc,19.78755350471262,0.0,0.00000001,ltc,5495577435.081327,0.0,7.308623848995974e-10,58
1,[],12,[],2019-08-20 01:49:12,1356494851.2145119,0.0000000001,0.00000000000001086682,7914107,2019-08-20 01:49:12,btc,52870446.14871488,0.0,0.0000000001,btc,4354278873.388647,0.000509083309,0.1356494851214512,58
0.00000000008146040000000001,[],22,[],2019-08-20 01:51:16,126877.0,8.146040000000001e-19,8.852155039280001e-23,7914108,2019-08-20 01:51:16,XMR,68.17454206,0.0,0.00000001,XMR,9626402.6,0.0,0.00126877,58
1,[],17,[],2019-05-03 01:12:09,1200000.0,0.0000000001,0.00000000000000548003,7559085,2019-05-03 01:12:09,btc,1e+24,0.0,0.0000000001,"btc,eth",39516342.31952568,0.0,0.00010000000058666061,58
0,[],22,[],2019-08-20 01:51:20,0.0,0,0,7914109,2019-08-20 01:51:20,,1000.95212109,0.0,0,,9656.689066014545,0.0,0.0,61
1,[],26,[],2019-08-20 01:51:20,0.0,0,0,7914110,2019-08-20 01:51:20,,0.0,0.0,0,,0.0,0.0,0.0,61
1,[],28,[],2019-08-20 01:51:22,40000.0,0.00000004,0.000000000004346728,7914111,2019-08-20 01:51:22,btc,0.242343945415105,360.0,0.00000004,btc,8016.46650005,0.0,0.001,61
0,[],27,[],2019-07-29 19:34:56,0.0,0,0,7852673,2019-07-29 19:34:56,,1.97314195,0.0,0,"btc,eth",10936.9,0.0,0.0,61
1,[],5,[],2019-06-17 14:31:27,0.0,0,0,7740135,2019-06-17 14:31:27,btc,0.0,0.00079154,0,btc,0.0,0.0,0.0,61
1,[],4,[],2019-08-20 01:51:24,1859985.63933901,0.00000081,0.000000000088021242,7914112,2019-08-20 01:51:24,btc,2.8249591363250315,0.0,0.00000081,btc,1182502.77428572,0.04344954,0.8761221333376762,67
0.0,[],25,[],2019-08-20 01:51:26,0.0,0,0,7914113,2019-08-20 01:51:26,,0.0,0.0,0.0,btc,0.0,0.0,0.0,67
1,[],12,[],2019-06-02 06:23:14,910048.355,0.00000006,0.000000000005154929999999999,7725270,2019-06-02 06:23:14,btc,5.167005424215783,0.0,0.00000006,btc,738530.60239759,0.003159757462,0.0187188113,71
,[],5,[],2018-11-20 23:02:39,1.5e-07,0.00000005,0.000000000002128045,4862160,2018-11-20 23:02:39,btc,2.84511358,0.0,,btc,0.00036572,0.0,0.07381892,74
1,[],5,[],2019-07-06 00:15:01,0.0,0,0,7800749,2019-07-06 00:15:01,btc,0.0,0.01883861,0,btc,0.0,0.0,0.0,75
1,[],4,[],2019-08-20 01:51:30,173504.47998426,0.00006820,0.00000000741117124,7914114,2019-08-20 01:51:30,btc,56.355961281153434,0.0,0.00006820,btc,115555.02637778,0.04629402,0.4989802374220143,82
1,[],21,[],2019-08-20 01:51:31,838472.21969793,0.00006291000000000000584587933616,0.000000006836316462000001,7914115,2019-08-20 01:51:31,btc,5.06266912795631,4252.72618281,0.00006291000000000000584587933616376176360063254833221435546875,btc,56831.15495545,0.28410985,1.9895687056301798,82
0,[],4,[],2019-07-23 20:51:52,0.0,0,0,7830376,2019-07-23 20:51:52,,1.6413985531662756,0.0,0,,620289065.5915176,0.0,0.0,85
,[],22,[],2018-11-20 23:09:34,3408.1,0.0000001,0.0000000000041895,4862324,2018-11-20 23:09:34,BTC,0.04624735,0.0,,BTC,4990.0,0.0,0.00033081,86
1,[],27,[],2019-08-06 12:06:36,100155.0,0.00000003,0.000000000003516594,7875448,2019-08-06 12:06:36,btc,7.177196150774,345.0,0.00000003,btc,287406.89336,1.035e-05,0.00300465,87
1,[],22,[],2019-08-20 01:51:35,185880.0,0.00000002,0.000000000002173364,7914116,2019-08-20 01:51:35,BTC,1.8206834,0.0,0.00000002,BTC,772828.347368421,0.0,0.00186702,87
,[],2,[],2018-11-20 23:10:47,0.0,0,0,4862359,2018-11-20 23:10:47,,0.0,0.0,,,0.0,0.0,0.0,88
0,[],2,[],2019-01-20 23:31:45,0.0,0,0,6477083,2019-01-20 23:31:45,,0.0,0.0,0,,0.0,0.0,0.0,91
1,[],12,[],2019-08-18 10:55:44,419851.68331154,0.00000027,0.000000000028020951,7908996,2019-08-18 10:55:44,btc,588.7976244039248,0.0,0.00000027,btc,318463.10627071,0.00026051744,0.019332684199998798,91
1,[],22,[],2019-08-18 10:57:48,54200.0,0.00000003,0.000000000003113439,7908997,2019-08-18 10:57:48,BTC,1.05335,0.0,0.00000003,"BTC,LTC",1839.95,0.0,0.002326,91
0,[],17,[],2019-05-03 01:12:26,0.0,0,0,7559096,2019-05-03 01:12:26,btc,0.0,0.0,0,btc,0.0,0.0,0.0,91
0.0000000000700876,[],4,[],2019-08-20 01:51:36,568205753.3826959,9.812264e-18,1.0662810668048e-21,7914117,2019-08-20 01:51:36,ltc,11.47348941354442,0.0,0.00000014,ltc,202707303.99579614,0.0,6.737450041609262e-10,96
0,[],12,[],2019-08-20 01:51:39,0.0,0,0,7914118,2019-08-20 01:51:39,btc,108.8725195656943,0.0,0,btc,11657485.56943056,5.994e-08,0.0,96
0,[],17,[],2019-05-03 01:12:32,0.0,0,0,7559100,2019-05-03 01:12:32,btc,0.0,0.0,0,btc,0.0,0.0,0.0,96
1,[],4,[],2019-08-20 00:54:10,124013.22171257,0.00001315,0.000000001432041575,7914015,2019-08-20 00:54:10,btc,7.698448973754086,0.0,0.00001315,btc,186753.48264506,0.1822013,0.4033069809691037,100
0,[],2,[],2019-01-20 23:23:55,0.0,0,0,6476914,2019-01-20 23:23:55,,0.0,0.0,0,,0.0,0.0,0.0,100
1,[],22,[],2019-08-20 00:54:13,146000.0,0.00000002,0.00000000000217801,7914016,2019-08-20 00:54:13,BTC,26.50623849,0.0,0.00000002,BTC,10383.92,0.0,0.00162,101
1,[],12,[],2019-08-20 00:54:14,38778692.0,0.000000003,0.00000000000032670149999999997,7914017,2019-08-20 00:54:14,btc,342439.13771909033,0.0,0.000000003,btc,114219277.06315504,0.0008622789,0.059490156,105
1,[],27,[],2019-08-12 16:30:59,2050161.9,0.00000005,0.0000000000056921850000000005,7891762,2019-08-12 16:30:59,btc,261.32824567561846,0.0,0.00000005,btc,285690.80442935,0.0,0.060251537,105
0,[],22,[],2019-08-20 00:54:16,0.0,0,0,7914018,2019-08-20 00:54:16,,6.79500102,0.0,0,,3375892.0833333335,0.0,0.0,112
1,[],27,[],2019-08-12 16:31:06,1.0,0.00000001,0.000000000001138437,7891764,2019-08-12 16:31:06,btc,0.0,0.0,0.00000001,"btc,eth",0.0,0.0,1e-08,112
1,[],5,[],2019-07-06 00:19:31,0.0,0,0,7800761,2019-07-06 00:19:31,btc,0.0,0.0,0,btc,0.0,0.0,0.0,112
1,[],4,[],2019-08-20 00:54:18,716010.16542586,0.00000105,0.00000000011434552499999999,7914019,2019-08-20 00:54:18,btc,6.075441977808161,0.0,0.00000105,btc,952649.23626721,0.07027762,0.3275799114321214,113
1,[],5,[],2019-07-06 00:19:43,0.0,0,0,7800765,2019-07-06 00:19:43,btc,0.0,0.0,0,btc,0.0,0.0,0.0,113
1,[],17,[],2019-04-26 02:17:47,162738.278,0.00000004,0.0000000000021069000000000002,7461287,2019-04-26 02:17:47,btc,1.3331140273775473,0.0,0.00000004,btc,51796.221,0.0,0.00230953112,116
1,[],27,[],2019-08-02 18:48:59,95525.16595526,0.00000001,0.000000000001045936,7866367,2019-08-02 18:48:59,btc,3918.96487209,0.0,0.00000001,btc,88497.69,0.0,0.0009552516595526,116
1,[],4,[],2019-08-20 00:56:21,19466262.30278916,0.00000086,0.00000000009365442999999999,7914020,2019-08-20 00:56:21,btc,124.20121905389205,0.0,0.00000086,btc,1324181.5230647,0.01381199,1.8648304805991298,120
1,[],7,[],2019-08-20 00:56:22,3477.14380194,0.0000073300000000000001235838688329327084147735149599611759185791015625,0.000000000798240665,7914021,2019-08-20 00:56:22,btc,115616.30055489215,236.84845959,0.0000073300000000000001235838688329327084147735149599611759185791015625,btc,3150.27387341,0.00199363,0.0086182098409945,120
1,[],4,[],2019-08-20 00:56:24,950667.04561864,0.00000268,0.00000000029185333999999997,7914022,2019-08-20 00:56:24,btc,2.6497684948622147,0.0,0.00000268,btc,354525.73407066,0.05976038,0.2177962345278569,131
0,[],2,[],2019-01-20 23:25:46,0.0,0,0,6476969,2019-01-20 23:25:46,,0.0,0.0,0,,0.0,0.0,0.0,131
1,[],17,[],2019-05-03 01:13:10,10000.0,0.00000001,0.000000000000548003,7559115,2019-05-03 01:13:10,btc,0.0953976503951408,0.0,0.00000001,btc,5037.62507334,0.0,0.0001,131
1,[],4,[],2019-08-20 00:58:25,8547.80310772,0.00006058,0.00000000659719229,7914023,2019-08-20 00:58:25,btc,0.2920449586648784,0.0,0.00006058,btc,235.83446249,0.00066066,0.0028903043334682,135
1,[],3,[],2019-07-13 16:51:20,187.26592867,0.00000001,0.000000000001140965,7813490,2019-07-13 16:51:20,btc,419.77407087449336,1935513.62324,0.00000001,btc,3179086.72005867,0.0,1.8726592866999999e-06,136
1,[],4,[],2019-08-20 00:58:26,903770.75369299,0.00000347,0.000000000377884735,7914024,2019-08-20 00:58:26,btc,23.432696107623702,0.0,0.00000347,btc,515875.24200339,0.13154679,1.819130089972116,137
1,[],12,[],2019-08-20 00:58:28,138860.7815766,0.000003530000000000000083782807080989840642359922640025615692138671875,0.000000000384418765,7914025,2019-08-20 00:58:28,btc,39.95490718640536,0.0,0.000003530000000000000083782807080989840642359922640025615692138671875,btc,57269.57090302,0.002584617308,0.0219582754374661,137
1,[],4,[],2019-08-20 00:58:29,1312168.90851285,0.00003643,0.000000003967245215,7914026,2019-08-20 00:58:29,btc,8.782299544682777,0.0,0.00003643,btc,135051.23889534,0.60103545,1.6882961361303543,142
1,[],20,[],2019-08-20 01:00:32,110213.064,0.000034,0.0000000037026169999999996,7914027,2019-08-20 01:00:32,btc,1.2829543581745,0.0,0.000034,btc,3216.0956,0.0,0.0171926787151,142
1,[],22,[],2019-08-20 01:00:35,10619.88,0.00000200,0.000000000217801,7914028,2019-08-20 01:00:35,BTC,1.55898515,0.0,0.00000200,BTC,835.8398331062671,0.0,0.00416696,142
0.0,[],25,[],2019-08-20 01:00:39,0.0,0,0,7914029,2019-08-20 01:00:39,,0.0,0.0,0.0,btc,0.0,0.0,0.0,142
1,[],28,[],2019-08-20 01:01:48,10093636.0,0.000035010000,0.000000003812606505,7914030,2019-08-20 01:01:48,btc,0.51474502,2490.0,0.000035010000,btc,2808.485,0.0,1.39650526,142
1,[],17,[],2019-05-03 01:13:16,32967.38636364,0.00000088,0.000000000048224264,7559122,2019-05-03 01:13:16,btc,20.06976206696776,0.0,0.00000088,btc,2746.079105,0.0,0.0105613000000032,142
1,[],5,[],2019-07-06 02:06:10,0.0,0,0,7800822,2019-07-06 02:06:10,btc,0.0,0.00140707,0,btc,0.0,0.0,0.0,142
0,[],22,[],2019-08-20 01:01:51,0.0,0,0,7914031,2019-08-20 01:01:51,,68.14027224,0.0,0,,718000153.5744588,0.0,0.0,143
0,[],22,[],2019-02-25 15:42:22,0.0,0,0,6783783,2019-02-25 15:42:22,,4.2131946,0.0,0,,2322156.0,0.0,0.0,146
,[],22,[],2018-11-20 23:01:11,0.0,0,0,4862114,2018-11-20 23:01:11,,2.56807021,0.0,,,61828.4988236,0.0,0.0,147
1,[],12,[],2019-04-21 06:38:04,193091.5971266,0.00000071,0.000000000037635183,7388679,2019-04-21 06:38:04,btc,2.301232411611175,0.0,0.00000071,btc,9957.48302385,0.00023528,0.0313308199999888,148
1,[],5,[],2019-04-26 09:36:59,0.0,0,0,7465040,2019-04-26 09:36:59,btc,0.0,0.0,0,btc,0.0,0.0,0.0,153
0,[],22,[],2019-08-20 01:01:54,0.0,0,0,7914032,2019-08-20 01:01:54,,6.78813965,0.0,0,,4560228.592592592,0.0,0.0,156
0,[],23,[],2019-01-20 23:24:29,0.0,0,0,6476932,2019-01-20 23:24:29,,0.0,0.0,0,,0.0,0.0,0.0,156
1,[],22,[],2019-08-20 01:01:58,6996.0,0.00000001,0.000000000001089005,7914033,2019-08-20 01:01:58,BTC,1.7547719,0.0,0.00000001,BTC,64.8,0.0,6.996e-05,157
0,[],22,[],2019-08-17 00:05:41,0.0,0,0,7905012,2019-08-17 00:05:41,,50234.60468402,0.0,0,,54786159.03179465,0.0,0.0,158
,[],17,[],2018-11-20 22:56:10,0.0,0,0,4861976,2018-11-20 22:56:10,btc,1.1265625,0.0,,btc,1000.0,0.0,0.0,159
,[],20,[],2018-11-20 22:56:12,0.0,0,0,4861977,2018-11-20 22:56:12,btc,11912.7940471,0.0,,btc,34413894.3617,0.0,0.0,159
1,[],22,[],2019-08-20 01:02:02,92548.0,0.00000001,0.000000000001089005,7914034,2019-08-20 01:02:02,BTC,12.83793936,0.0,0.00000001,"BTC,LTC",194574.84947371835,0.000148,0.03674548,171
0.0000000000703626,[],22,[],2019-08-20 01:02:05,144000.0,3.51813e-18,3.83126116065e-22,7914035,2019-08-20 01:02:05,LTC,1.74642448,0.0,0.00000005,LTC,1308538.8536050986,0.0,0.00344,173
1,[],5,[],2019-07-06 02:08:45,0.0,0,0,7800830,2019-07-06 02:08:45,btc,0.0,0.00700197,0,btc,0.0,0.0,0.0,175
0,[],22,[],2019-08-19 04:17:22,0.0,0,0,7911532,2019-08-19 04:17:22,,393.97295672,0.0,0,,135375.61833431243,0.0,0.0,176
0,[],22,[],2019-08-20 01:02:10,0.0,0,0,7914036,2019-08-20 01:02:10,,1.00255534,0.0,0,,112828.0,0.0,0.0,178
1,[],7,[],2019-07-01 10:15:32,0.0,0,0,7783526,2019-07-01 10:15:32,btc,521516.2326888725,0.0,0,btc,26809253.73522063,0.0,0.0,178
0,[],2,[],2019-01-20 23:28:34,0.0,0,0,6477001,2019-01-20 23:28:34,,0.0,0.0,0,,0.0,0.0,0.0,178
1,[],5,[],2019-07-06 02:08:50,0.0,0,0,7800832,2019-07-06 02:08:50,btc,0.0,6.904e-05,0,btc,0.0,0.0,0.0,179
0,[],22,[],2019-08-20 01:02:14,0.0,0,0,7914037,2019-08-20 01:02:14,,10.32986853,0.0,0,,14828045.231946677,0.0,0.0,179
0,[],23,[],2019-01-20 23:25:08,0.0,0,0,6476952,2019-01-20 23:25:08,,0.0,0.0,0,,0.0,0.0,0.0,179
1,[],22,[],2019-08-20 01:04:17,762129.6537105752,0.00000049,0.000000000053361245,7914038,2019-08-20 01:04:17,BTC,2.95992742,0.0,0.00000049,"BTC,LTC",235000.59096771595,0.00694053,0.60876392,180
1,[],26,[],2019-08-20 01:04:17,0.0,0,0,7914039,2019-08-20 01:04:17,,0.0,0.0,0,,0.0,0.0,0.0,180
1,[],17,[],2019-05-03 01:13:56,20504.725000000002,0.0000001,0.00000000000548003,7559141,2019-05-03 01:13:56,btc,5.2010695838400265,0.0,0.0000001,btc,5033.45945,0.0,0.0011504725,180
,[],7,[],2018-11-20 22:58:01,562227.975654,0.00000085,0.000000000036176765,4862015,2018-11-20 22:58:01,btc,21836.6059674,2491.87645172,,btc,749999.041456,0.00211021,0.127565380455,183
,[],5,[],2019-01-10 08:11:41,0.0,0,0,6347036,2019-01-10 08:11:41,btc,82.15055501,0.00261,,btc,1.19002445,0.0,0.0,187
,[],17,[],2018-11-16 20:58:10,4062536.27273,0.00000001,0.000000000000550501,4708775,2018-11-16 20:58:10,btc,3.36492563466,0.195460381006,,"btc,eth",110697919.549,0.0,0.0157628953496,187
1,[],24,[],2019-05-22 21:04:52,0.0,0.000000000014,0.0000000000000010960978,7670219,2019-05-22 21:04:52,btc,0.0,0.0,0.000000000014,btc,0.0,0.0,0.0,187
0,[],23,[],2019-01-20 23:31:41,0.0,0,0,6477079,2019-01-20 23:31:41,,0.0,0.0,0,,0.0,0.0,0.0,199
0,[],22,[],2019-08-20 01:04:21,0.0,0,0,7914040,2019-08-20 01:04:21,,6.22011878,0.0,0,,40771826.0,0.0,0.0,199
1,[],26,[],2019-08-20 01:04:21,0.0,0,0,7914041,2019-08-20 01:04:21,,0.0,0.0,0,,0.0,0.0,0.0,199
1,[],4,[],2019-01-25 15:51:35,2084389.58565343,0.00000936,0.000000000333526752,6499557,2019-01-25 15:51:35,btc,2.0092503037378524,0.0,0.00000936,btc,160195.80207885,0.19272417,1.242687955921835,211
1,[],7,[],2019-07-01 02:21:28,1170054124.6898527,0.00000018,0.000000000019815389999999997,7782694,2019-07-01 02:21:28,btc,1346735.6331920293,0.0,0.00000018,btc,5516233.71348162,0.0,11.954344045954047,212
0,[],22,[],2019-08-19 07:38:07,0.0,0,0,7911940,2019-08-19 07:38:07,,6.8412543,0.0,0,,3272264.174064925,0.0,0.0,216
1,[],27,[],2019-08-12 16:37:52,320029.088,0.00000001,0.000000000001138437,7891783,2019-08-12 16:37:52,btc,176.0318120012664,0.0,0.00000001,"btc,ltc",485496.05456794,0.0,0.00320029088,216
1,[],22,[],2019-08-20 01:04:27,673553.858974359,0.00000015,0.000000000016335075,7914042,2019-08-20 01:04:27,BTC,12055.76192632,0.0,0.00000015,BTC,444736.31133714895,0.00368948,0.04234292,217
0,[],22,[],2019-08-20 01:04:30,0.0,0,0,7914043,2019-08-20 01:04:30,,4.14997484,0.0,0,,126244.70709740352,0.0,0.0,221
1,[],24,[],2019-08-20 01:04:30,0.0,0.000000010000,0.000000000001089005,7914044,2019-08-20 01:04:30,btc,0.0,0.0,0.000000010000,btc,0.0,0.0,0.0,221
1,[],26,[],2019-08-20 01:04:30,0.0,0,0,7914045,2019-08-20 01:04:30,,0.0,0.0,0,,0.0,0.0,0.0,231
1,[],26,[],2019-08-20 01:04:30,0.0,0,0,7914046,2019-08-20 01:04:30,,0.0,0.0,0,,0.0,0.0,0.0,234
0.0000000001859265,[],27,[],2019-08-12 16:38:10,100.0,1.859265e-18,2.1166560688050002e-22,7891787,2019-08-12 16:38:10,eth,0.0,0.0,0.00000001,"btc,eth",0.0,0.0,1.8592649999999999e-16,234
1,[],5,[],2019-07-06 02:11:21,0.0,0,0,7800842,2019-07-06 02:11:21,btc,0.0,0.10652887,0,btc,0.0,0.0,0.0,237
1,[],20,[],2019-08-20 01:04:33,95938595.7635,0.000000039,0.0000000000042471194999999995,7914047,2019-08-20 01:04:33,btc,514.7407361776588,11490033.2218,0.000000039,btc,29263902.0717,0.4397083523351,0.5471912351434,237
1,[],22,[],2019-08-20 01:04:38,1839335.0,0.00000001,0.000000000001089005,7914048,2019-08-20 01:04:38,BTC,1.2037398,0.0,0.00000001,"BTC,LTC",41039.44871794872,0.0,0.01839335,237
1,[],5,[],2019-07-06 02:11:32,0.0,0,0,7800846,2019-07-06 02:11:32,btc,0.0,0.05525444,0,btc,0.0,0.0,0.0,238
1,[],4,[],2019-08-18 21:55:28,28766182.9187235,0.00000006,0.0000000000062177580000000004,7910606,2019-08-18 21:55:28,btc,2.1262004590211685,0.0,0.00000006,btc,15667280.40051822,0.02567584,0.5811165339764514,238
0.0000000000711565,[],22,[],2019-08-17 13:20:25,419253.0,7.115650000000001e-19,7.3700771814e-23,7906682,2019-08-17 13:20:25,LTC,0.40427224,0.0,0.00000001,LTC,496363.0639027493,0.0,0.00419253,249
0,[],22,[],2019-08-20 01:04:41,0.0,0,0,7914049,2019-08-20 01:04:41,,13.4488406,0.0,0,,43819581.3426455,0.0,0.0,252
1,[],28,[],2019-08-20 01:05:17,4014987.875,0.00000009,0.000000000009801045,7914050,2019-08-20 01:05:17,btc,4.777067975143,285714.0,0.00000009,btc,2725239.5262,0.0,0.20185484841,256
0.0000000000916764,[],22,[],2019-07-23 20:12:22,1517.0,9.16764e-19,9.31930943616e-23,7830286,2019-07-23 20:12:22,LTC,31474.63788373,0.0,0.00000001,LTC,1024398.9185893413,0.0,1.517e-05,258
1,[],20,[],2019-08-20 01:05:19,986392.0276,0.000000116,0.000000000012632458,7914051,2019-08-20 01:05:19,btc,0.535772572292,28111.6021,0.000000116,btc,111742.2368,0.0052623288534,0.0067429769117,264
1,[],5,[],2019-07-02 14:44:15,0.0,0,0,7788374,2019-07-02 14:44:15,btc,0.0,0.02775788,0,btc,0.0,0.0,0.0,264
0,[],22,[],2019-08-20 01:05:22,0.0,0,0,7914052,2019-08-20 01:05:22,,33050469.74148113,0.0,0,,14261527780.7,0.0,0.0,272
0,[],28,[],2019-08-20 01:05:43,0.0,0,0,7914053,2019-08-20 01:05:43,,0.0,0.0,0,,0.0,0.0,0.0,272
0,[],22,[],2019-08-20 01:05:45,0.0,0,0,7914054,2019-08-20 01:05:45,,73.46372129,0.0,0,,1350777.6287135023,0.0,0.0,286
