pairValue,buyBook,exchangeId,sellBook,updated,buyTotal,satoshiPrice,usdPrice,exchangeLogId,created,bestPair,sellTotalBtc,volume,pairPrice,activePairs,sellTotal,volumeBtc,buyTotalBtc,coinId
1,[],3,[],2019-03-08 06:43:18,30537.99314847276,0.0126726100000000008183320687749073840677738189697265625,0.0000004971832408690001,6874702,2019-03-08 06:43:18,btc,61.10063494065107,3.42795182,0.0126726100000000008183320687749073840677738189697265625,btc,24.170927852005,0.0,0.22610893747183836,1
1,[],4,[],2019-03-08 06:43:19,207894.335893,0.01275001,0.000000500219867329,6874703,2019-03-08 06:43:19,btc,9.834105233196262,0.0,0.01275001,btc,307.32249,1.88284989,2.8741930578703165,1
1,[],5,[],2019-03-08 06:43:22,0.0,0,0,6874704,2019-03-08 06:43:22,btc,0.0,0.03771067,0,btc,0.0,0.0,0.0,1
1,[],10,[],2019-03-08 06:43:24,414596.32390651,0.01070848,0.000000420124724992,6874705,2019-03-08 06:43:24,btc,6522.213194794946,2031.19099692,0.01070848,btc,1103.21738748,0.0,5.513514631677629,1
0,[],2,[],2019-01-20 23:28:45,0.0,0,0,6477011,2019-01-20 23:28:45,,0.0,0.0,0,,0.0,0.0,0.0,1
1,[],12,[],2019-03-08 05:43:29,99.21375852,0.0126800000000000002986499936241671093739569187164306640625,0.00000049348024,6874340,2019-03-08 05:43:29,btc,0.3226389616118,0.0,0.0126800000000000002986499936241671093739569187164306640625,btc,22.36670321,0.0481370702635,0.2466435123748,1
1,[],20,[],2019-03-08 05:43:31,1151.6706,0.010500328,0.000000408651765104,6874341,2019-03-08 05:43:31,btc,0.055456485771,0.3915,0.010500328,btc,2.4799,0.0046697723592,0.0963564381699,1
1,[],21,[],2019-03-08 05:43:31,1834.85539018,0.01270010000000000062458926919,0.0000004942624918,6874342,2019-03-08 05:43:31,btc,24.687618460088473,6740.82782703,0.01270010000000000062458926919362056651152670383453369140625,"btc,eth",2664.7362348,84.90212731537287,16.27451508111942,1
1,[],22,[],2019-03-08 05:43:36,0.006382215384615385,0.01300000,0.000000505934,6874343,2019-03-08 05:43:36,BTC,0.31439419,0.0,0.01300000,BTC,0.12751438772928525,0.0,7.978e-05,1
1,[],24,[],2019-03-08 05:43:36,0.0,0.000000000000,0,6874344,2019-03-08 05:43:36,btc,0.0,0.0,0.000000000000,btc,0.0,0.0,0.0,1
0.0,[],25,[],2019-03-08 05:43:37,0.0,0,0,6874345,2019-03-08 05:43:37,btc,29.051999998053397,492.92729034,0.0,btc,2223.4298601,6.4412,0.0,1
1,[],26,[],2019-03-08 05:43:47,0.0,0,0,6874346,2019-03-08 05:43:47,,0.0,0.0,0,,0.0,0.0,0.0,1
1,[],28,[],2019-03-08 05:43:48,993.142,0.01323000,0.00000051488514,6874347,2019-03-08 05:43:48,btc,0.147239806,17833.17,0.01323000,btc,7.9,0.0,0.089302756,1
1,[],5,[],2019-03-08 05:43:51,0.0,0,0,6874348,2019-03-08 05:43:51,btc,0.0,0.00757839,0,btc,0.0,0.0,0.0,2
0.0000000001254396,[],22,[],2019-03-08 05:43:55,1148.0,1.3798356e-16,5.3700441880800006e-21,6874349,2019-03-08 05:43:55,XMR,21.01373823,0.0,0.00000110,XMR,14319.12581,0.0,0.00087635,2
1,[],5,[],2019-03-08 06:34:37,0.0,0,0,6874519,2019-03-08 06:34:37,btc,0.0,0.9670693,0,btc,0.0,0.0,0.0,3
1,[],12,[],2019-03-08 06:34:38,1973424.39656,0.000000177,0.0000000000069417453,6874520,2019-03-08 06:34:38,btc,22810.248969758726,0.0,0.000000177,btc,1047658.15294296,0.07361694814758846,0.28735902829112,3
0,[],28,[],2019-03-08 06:34:44,0.0,0,0,6874521,2019-03-08 06:34:44,,0.0,0.0,0,,0.0,0.0,0.0,3
0,[],2,[],2019-01-20 23:31:32,0.0,0,0,6477077,2019-01-20 23:31:32,,0.0,0.0,0,,0.0,0.0,0.0,4
1,[],4,[],2019-03-08 06:34:45,397075.34514022,0.00000033,0.000000000012942237,6874522,2019-03-08 06:34:45,btc,32.25544874229181,0.0,0.00000033,btc,710397.77475616,0.0,0.0487285946133814,4
1,[],12,[],2019-03-08 06:34:46,370822.0,0.00000002,0.000000000000784378,6874523,2019-03-08 06:34:46,btc,631.55388457,0.0,0.00000002,btc,520347.0,0.00168826,0.0047761800000000005,5
0,[],2,[],2019-01-20 23:31:51,0.0,0,0,6477087,2019-01-20 23:31:51,,0.0,0.0,0,,0.0,0.0,0.0,6
1,[],11,[],2019-03-08 06:34:48,4853444.5,0.00000002,0.000000000000784378,6874524,2019-03-08 06:34:48,btc,9568.23120290766,279440.0,0.00000002,btc,42611702.90271394,0.0,0.064543725,6
1,[],3,[],2019-03-08 06:34:49,1083.720517324546,0.00015511999999999999204879086445174607433727942407131195068359375,0.000000006083635768,6874525,2019-03-08 06:34:49,btc,28.402034233092024,0.0,0.00015511999999999999204879086445174607433727942407131195068359375,btc,243.122414578101,0.0,0.03372751774627821,7
1,[],4,[],2019-03-08 06:34:50,105200.07013859,0.00025215,0.000000009889045635,6874526,2019-03-08 06:34:50,btc,14.468268697750133,0.0,0.00025215,btc,41814.09236677,1.73027971,8.22037613918746,7
1,[],5,[],2019-03-08 06:34:51,0.0,0,0,6874527,2019-03-08 06:34:51,btc,0.0,0.13529918,0,btc,0.0,0.0,0.0,7
1,[],20,[],2019-02-20 02:16:17,39399275.8418,0.000000001,0.0000000000000390183,6728586,2019-02-20 02:16:17,btc,116.9737569154545,525.0,0.000000001,btc,56932965.8895,5.25e-07,0.0393992758418,8
0,[],2,[],2019-01-20 23:22:42,0.0,0,0,6476876,2019-01-20 23:22:42,,0.0,0.0,0,,0.0,0.0,0.0,9
0,[],23,[],2019-01-20 23:22:48,0.0,0,0,6476878,2019-01-20 23:22:48,,0.0,0.0,0,,0.0,0.0,0.0,9
1,[],4,[],2019-03-08 06:34:53,1270121.45612177,0.00000158,0.000000000061965862,6874528,2019-03-08 06:34:53,btc,5.527798901235245,0.0,0.00000158,btc,2766684.47792288,2.02731503,1.1381060501709632,9
1,[],28,[],2019-03-08 06:34:59,38863.15,0.00000166,0.000000000065103374,6874529,2019-03-08 06:34:59,btc,2708.761281370583,3517777.0,0.00000166,btc,11954.1497,0.0,0.035782829,9
1,[],1,[],2019-02-17 23:31:42,1822507.21,0.00000181000000000000003456111265232042484285557293333113193511962890625,0.000000000066086901,6701244,2019-02-17 23:31:42,btc,3.6990969245,17153386.5,0.00000181000000000000003456111265232042484285557293333113193511962890625,btc,1997391.71,31.11772986,3.2610482446,9
1,[],4,[],2019-02-17 11:22:43,4341674.27126056,0.00000002,0.0000000000007272960000000001,6696112,2019-02-17 11:22:43,btc,0.1997230937751353,0.0,0.00000002,btc,4109766.79808031,0.00215132,0.0479381022052112,10
0,[],2,[],2019-01-20 23:23:08,0.0,0,0,6476890,2019-01-20 23:23:08,,0.0,0.0,0,,0.0,0.0,0.0,12
1,[],4,[],2019-03-08 06:35:00,6857844.69137018,0.00000124,0.000000000048631436,6874530,2019-03-08 06:35:00,btc,12.569936744468288,0.0,0.00000124,btc,6253599.42216876,2.00553394,4.448646131796216,12
1,[],5,[],2019-03-08 06:35:02,0.0,0,0,6874531,2019-03-08 06:35:02,btc,0.0,0.27736637,0,btc,0.0,0.0,0.0,12
0.0,[],25,[],2019-03-08 06:35:03,0.0,0,0,6874532,2019-03-08 06:35:03,,0.0,0.0,0.0,btc,0.0,0.0,0.0,12
1,[],10,[],2019-03-08 05:34:32,393871.13643157,0.00000574,0.000000000223342252,6874163,2019-03-08 05:34:32,btc,666801.291530667,8920.80278784,0.00000574,btc,711740.76560127,0.0,0.239943658519487,13
1,[],4,[],2019-03-08 06:35:04,32036010.16089927,0.00000579,0.000000000227077431,6874533,2019-03-08 06:35:04,btc,3.406669126789413,0.0,0.00000579,btc,460742.67865982,1.16376865,1.368855535647275,13
1,[],21,[],2019-03-08 06:35:07,739361.1449512,0.000005910000000000000166665726359,0.000000000231783699,6874534,2019-03-08 06:35:07,btc,4.464689608552715,817346.47436953,0.0000059100000000000001666657263588167126044936594553291797637939453125,btc,673520.39678032,4.83933818,4.019502987678013,13
1,[],4,[],2019-03-08 06:35:08,693836.810401,0.00000134,0.000000000052553325999999996,6874535,2019-03-08 06:35:08,btc,9.247075194443143,0.0,0.00000134,btc,899621.20744408,0.03951828,0.1388978360222924,14
1,[],12,[],2019-03-08 06:35:09,268271.66153846,0.000001300000000000000047051663780439678674838432925753295421600341796875,0.00000000005098457,6874536,2019-03-08 06:35:09,btc,0.10086943280051369,0.0,0.000001300000000000000047051663780439678674838432925753295421600341796875,btc,7671.64029997,3.46653347e-06,0.036443099999998,14
0,[],17,[],2019-03-08 06:35:11,0.0,0,0,6874537,2019-03-08 06:35:11,btc,0.0,0.0,0,btc,0.0,0.0,0.0,14
1,[],26,[],2019-03-08 06:35:20,0.0,0.00000050,0.00000000001960945,6874538,2019-03-08 06:35:20,btc,0.0,0.0,0.00000050,btc,0.0,0.0,0.0,14
0,[],4,[],2019-03-08 06:35:21,0.0,0,0,6874539,2019-03-08 06:35:21,,0.0,0.0,0,,0.0,0.0,0.0,15
,[],12,[],2018-12-01 15:15:48,204241.84496,0.00000489,0.000000000202473384,5260204,2018-12-01 15:15:48,btc,49.5475654835,0.0,,btc,35763.2193806,0.0163153972027625,0.0203389899998,15
1,[],4,[],2019-03-08 05:44:38,23547.38887889,0.00001662,0.00000000064681716,6874370,2019-03-08 05:44:38,btc,4.194067731025836,0.0,0.00001662,btc,18863.33790412,0.04002911,0.0399160562791201,18
1,[],10,[],2019-03-08 05:44:40,785159.71749456,0.00001797,0.00000000069935646,6874371,2019-03-08 05:44:40,btc,15.361929689813612,4463.37580323,0.00001797,btc,11939.29969566,0.0,0.1609276037872679,18
1,[],12,[],2019-03-08 05:44:41,373700.56280956,0.0000150100000000000002842691360083193785612820647656917572021484375,0.00000000058415918,6874372,2019-03-08 05:44:41,btc,0.009192506080213,0.0,0.0000150100000000000002842691360083193785612820647656917572021484375,btc,361.40254251,0.002646800625275,0.0191922181203119,18
0,[],17,[],2019-03-08 05:34:55,0.0,0,0,6874173,2019-03-08 05:34:55,btc,0.0,0.0,0,btc,0.0,0.0,0.0,18
0,[],2,[],2019-01-20 23:23:38,0.0,0,0,6476906,2019-01-20 23:23:38,,0.0,0.0,0,,0.0,0.0,0.0,18
0,[],2,[],2019-01-20 23:24:19,0.0,0,0,6476924,2019-01-20 23:24:19,,0.0,0.0,0,,0.0,0.0,0.0,19
1,[],3,[],2019-03-08 06:35:22,117272.99633044639,0.0000175200000000000016635824662269982354700914584100246429443359375,0.000000000687115128,6874540,2019-03-08 06:35:22,btc,0.4952478087359664,0.03280961183,0.0000175200000000000016635824662269982354700914584100246429443359375,btc,8951.995959570942,0.0,0.015446075749744234,19
1,[],4,[],2019-03-08 06:35:23,275311.23504984,0.00001967,0.000000000771435763,6874541,2019-03-08 06:35:23,btc,3.4913995783766443,0.0,0.00001967,btc,126993.26073938,0.34566966,2.6483014452534417,19
1,[],5,[],2019-03-08 06:35:25,0.0,0,0,6874542,2019-03-08 06:35:25,btc,0.0,0.00149204,0,btc,0.0,0.0,0.0,19
1,[],12,[],2019-03-08 06:35:26,169988.31244847,0.0000121300000000000007534077528514870891740429215133190155029296875,0.000000000475725257,6874543,2019-03-08 06:35:26,btc,0.2299646264865198,0.0,0.0000121300000000000007534077528514870891740429215133190155029296875,btc,358.27457877,0.0,0.0363529699999411,19
0,[],27,[],2019-03-08 06:35:28,0.0,0,0,6874544,2019-03-08 06:35:28,,0.0,0.0,0,btc,0.0,0.0,0.0,19
1,[],4,[],2019-03-08 06:35:28,2779123.70923423,0.00000012,0.000000000004706268,6874545,2019-03-08 06:35:28,btc,7.383042289760813,0.0,0.00000012,btc,2876583.25385408,0.0,0.0777767845064956,20
1,[],4,[],2019-03-08 06:35:29,103810793.72147027,0.00000002,0.000000000000784378,6874546,2019-03-08 06:35:29,btc,1841.963316175191,0.0,0.00000002,btc,54908374.6818267,0.0,1.1629563175500457,21
1,[],12,[],2019-03-08 06:35:30,1000236.0,0.00000001,0.000000000000392189,6874547,2019-03-08 06:35:30,btc,1245.5435753895404,0.0,0.00000001,btc,2375179.97702298,0.0008504204995004,0.01000236,21
0,[],17,[],2019-03-08 06:35:42,0.0,0,0,6874548,2019-03-08 06:35:42,btc,0.0,0.0,0,btc,0.0,0.0,0.0,21
1,[],12,[],2019-03-08 06:35:42,2438848235.0,0.0000000001,0.00000000000000392189,6874549,2019-03-08 06:35:42,btc,5552.625231023636,0.0,0.0000000001,btc,1281246253.6797092,0.000257215401098908,0.24388482350000001,23
0,[],27,[],2019-03-08 06:35:44,0.0,0,0,6874550,2019-03-08 06:35:44,,13.51825636659341,0.0,0,eth,2066931.35514486,0.0,0.0,23
1,[],4,[],2019-03-08 06:35:45,651572.03839134,0.00000051,0.000000000020001638999999998,6874551,2019-03-08 06:35:45,btc,9.659970183758258,0.0,0.00000051,btc,1613885.31235759,0.01320955,0.1797018750625928,24
1,[],22,[],2019-03-08 06:35:49,11.76,0.00000100,0.0000000000392189,6874552,2019-03-08 06:35:49,BTC,7.415e-05,0.0,0.00000100,BTC,23.919354838709676,0.0,1.176e-05,24
0.0,[],25,[],2019-03-08 06:35:50,0.0,0,0,6874553,2019-03-08 06:35:50,,0.0,0.0,0.0,btc,0.0,0.0,0.0,24
0,[],2,[],2019-01-20 23:25:56,0.0,0,0,6476976,2019-01-20 23:25:56,,0.0,0.0,0,,0.0,0.0,0.0,26
1,[],4,[],2019-03-08 06:35:51,26577203.26867781,0.00000600,0.0000000002353134,6874554,2019-03-08 06:35:51,btc,57.600925938853884,0.0,0.00000600,btc,242374.22697614,0.08481956,0.4329455498044839,26
1,[],10,[],2019-03-08 06:35:54,685341.76589746,0.00000603,0.000000000236489967,6874555,2019-03-08 06:35:54,btc,26.132188868691507,4212.6926665,0.00000603,btc,14784.6569521,0.0,0.2272417155496019,26
1,[],3,[],2019-03-08 06:35:54,10977156.88133568,0.00000001,0.000000000000392189,6874556,2019-03-08 06:35:54,btc,2.265696892011112,189.5,0.00000001,btc,17418354.83071274,0.0,0.1097715688133568,27
1,[],5,[],2019-03-08 06:35:56,0.0,0,0,6874557,2019-03-08 06:35:56,btc,0.0,0.00013914,0,btc,0.0,0.0,0.0,27
1,[],11,[],2019-03-08 06:35:57,9464617.88103613,0.00000005,0.000000000001960945,6874558,2019-03-08 06:35:57,btc,67506.32843704063,170.63047893,0.00000005,btc,7972152.75036371,0.0,0.4411034133414386,27
1,[],4,[],2019-03-08 06:35:59,2118065902.5770414,0.00000001,0.000000000000392189,6874559,2019-03-08 06:35:59,btc,2.9196143169038,0.0,0.00000001,"btc,ltc",199076598.09370905,1.61867777,9.39216729723761,29
1,[],7,[],2019-03-08 06:36:00,36849339.31873941,0.00000002,0.000000000000784378,6874560,2019-03-08 06:36:00,btc,44461588.004236534,697444.516488,0.00000002,btc,45142638.25799651,0.01401635,0.3813017782197301,29
1,[],4,[],2019-03-08 06:36:01,2342909.04468121,0.00000023,0.000000000009020347,6874561,2019-03-08 06:36:01,btc,2.660626281003104,0.0,0.00000023,btc,2069267.62131341,0.01746471,0.1030874196105671,30
0,[],17,[],2019-03-08 06:36:13,0.0,0,0,6874562,2019-03-08 06:36:13,btc,0.0,0.0,0,btc,0.0,0.0,0.0,30
1,[],4,[],2019-03-08 06:36:14,414002.46733128,0.00005752,0.000000002255871128,6874563,2019-03-08 06:36:14,btc,8.610884477796244,0.0,0.00005752,btc,93282.83687302,1.6658451,1.6190530652934183,31
1,[],21,[],2019-03-08 06:36:14,131039.32107307,0.00005762000000000000059013557929,0.000000002259793018,6874564,2019-03-08 06:36:14,btc,3.1204577347584532,406710.66351351,0.0000576200000000000005901355792925500054479925893247127532958984375,btc,48499.93980248,24.92282536,7.0453540454088355,31
0,[],2,[],2019-01-20 23:28:43,0.0,0,0,6477009,2019-01-20 23:28:43,,0.0,0.0,0,,0.0,0.0,0.0,32
1,[],4,[],2019-03-08 06:36:16,429536817.00731707,0.00000004,0.000000000001568756,6874565,2019-03-08 06:36:16,btc,10.273641603429267,0.0,0.00000004,"btc,ltc",190603291.41786414,0.73521073,10.357897948871607,33
1,[],12,[],2019-03-08 06:36:17,20522080.54000004,0.00000004,0.000000000001568756,6874566,2019-03-08 06:36:17,btc,1211506.0387047452,0.0,0.00000004,btc,15209893.70329666,0.0448724621278714,0.4742388519600016,33
1,[],4,[],2019-03-08 06:36:18,114231290.2140919,0.00000001,0.000000000000392189,6874567,2019-03-08 06:36:18,btc,3.538007226113804,0.0,0.00000001,btc,100960142.83113337,0.07794221,1.142312902140919,34
1,[],5,[],2019-03-08 06:36:19,0.0,0,0,6874568,2019-03-08 06:36:19,btc,0.0,0.07334098,0,btc,0.0,0.0,0.0,34
0,[],17,[],2019-03-08 05:45:49,0.0,0,0,6874402,2019-03-08 05:45:49,btc,0.07464582816895853,0.0,0,btc,4105386.20243647,0.0,0.0,36
0.0000000001462405,[],4,[],2019-03-08 06:36:20,974688311.7013334,1.462405e-18,5.73539154545e-23,6874569,2019-03-08 06:36:20,ltc,4.3610265068445536e-08,0.0,0.00000001,ltc,6657865751.379833,0.0,1.4253890604735883e-09,36
1,[],5,[],2019-03-08 06:36:22,0.0,0,0,6874570,2019-03-08 06:36:22,btc,0.0,0.0,0,btc,0.0,0.0,0.0,36
0.0000000003515183,[],27,[],2019-03-08 06:36:36,11290000.0,3.515183e-18,1.378616105587e-22,6874571,2019-03-08 06:36:36,eth,222.5593883364624,0.0,0.00000001,"ltc,eth",11165403.32426039,0.0,2.4104539956e-11,36
1,[],17,[],2019-03-08 05:35:51,1752.74075282,0.00000025,0.00000000000972745,6874207,2019-03-08 05:35:51,btc,0.055484923777095005,0.0,0.00000025,btc,1319.19918473,0.0,0.00043818518820499993,37
1,[],4,[],2019-03-08 06:36:36,283782.69519073,0.00000060,0.00000000002353134,6874572,2019-03-08 06:36:36,btc,19772.50155088434,0.0,0.00000060,btc,592112.65825688,0.00519359,0.1288158475489258,37
1,[],12,[],2019-03-08 06:36:38,1271231.06088919,0.00000061,0.000000000023923528999999998,6874573,2019-03-08 06:36:38,btc,10.770868751610282,0.0,0.00000061,btc,350270.55191073,0.0671232523399364,0.1309063263432415,37
1,[],27,[],2019-03-08 06:36:40,14685.567,0.00000045,0.000000000017648504999999998,6874574,2019-03-08 06:36:40,btc,25.75216805411233,0.0,0.00000045,btc,6518.38138508,0.0,0.00480032515,37
1,[],5,[],2019-03-08 06:36:42,0.0,0,0,6874575,2019-03-08 06:36:42,btc,0.0,0.02454137,0,btc,0.0,0.0,0.0,42
1,[],12,[],2019-03-08 06:36:43,253473.76440764,0.00000110000000000000005610204141526242693771564518101513385772705078125,0.00000000004314079,6874576,2019-03-08 06:36:43,btc,0.2928248550430269,0.0,0.00000110000000000000005610204141526242693771564518101513385772705078125,btc,30321.60354983,0.03996367986924,0.0179575447680739,42
0.0000000003515183,[],27,[],2019-03-08 06:36:46,22000.0,3.5151830000000005e-17,1.378616105587e-21,6874577,2019-03-08 06:36:46,eth,0.00315028,0.0,0.0000001,"btc,eth",11.007,0.0,7.100669660000001e-13,42
1,[],5,[],2019-03-08 06:36:47,0.0,0,0,6874578,2019-03-08 06:36:47,btc,0.0,0.00021117,0,btc,0.0,0.0,0.0,43
1,[],12,[],2019-03-08 06:36:48,509121.0,0.00000001,0.000000000000392189,6874579,2019-03-08 06:36:48,btc,2.32121442999001,0.0,0.00000001,btc,4360308.4995005,0.0,0.0050912100000000005,43
0,[],17,[],2019-03-08 06:36:50,0.0,0,0,6874580,2019-03-08 06:36:50,btc,0.0,0.0,0,btc,0.0,0.0,0.0,43
1,[],12,[],2019-03-05 01:54:08,639326.02,0.00000004,0.000000000001486676,6845775,2019-03-05 01:54:08,btc,11116042.728239931,0.0,0.00000004,btc,1103841.4595604,0.0003330765234764,0.014975410599999999,44
1,[],4,[],2019-03-08 06:36:50,298950694.84176683,0.00000005,0.000000000001960945,6874581,2019-03-08 06:36:50,btc,473.62218433749456,0.0,0.00000005,"btc,ltc",9376030.32191665,0.17326391,0.3030840237089013,49
0,[],4,[],2019-03-08 06:36:51,0.0,0,0,6874582,2019-03-08 06:36:51,,25.80854541352938,0.0,0,,9733644582.23965,0.0,0.0,52
0.0000000001258704,[],22,[],2019-03-08 06:36:55,80845862.0,1.258704e-18,4.93649863056e-23,6874583,2019-03-08 06:36:55,XMR,4366.97466637,0.0,0.00000001,XMR,255820234.67882353,0.0,0.80845862,57
0.0000000003515183,[],27,[],2019-03-08 06:36:57,2000.0,3.515183e-18,1.378616105587e-22,6874584,2019-03-08 06:36:57,eth,0.0,0.0,0.00000001,"btc,eth",0.0,0.0,7.030366000000001e-15,57
0.0000000001462405,[],4,[],2019-03-08 06:36:57,615626145.673,2.92481e-18,1.14707830909e-22,6874585,2019-03-08 06:36:57,ltc,18.807189524332053,0.0,0.00000002,ltc,4767500257.895821,0.0,1.3529745911197797e-09,58
1,[],12,[],2019-03-08 06:36:58,605695156.8425,0.0000000004,0.00000000000001568756,6874586,2019-03-08 06:36:58,btc,1121123.5965839908,0.0,0.0000000004,btc,1175395661.1568432,0.00282252383376623,0.196639450937,58
0,[],17,[],2019-03-08 06:37:00,0.0,0,0,6874587,2019-03-08 06:37:00,btc,1e+24,0.0,0,btc,49226522.0897055,0.0,0.0,58
0.0000000001258704,[],22,[],2019-03-08 06:37:04,137438.0,1.258704e-18,4.93649863056e-23,6874588,2019-03-08 06:37:04,XMR,69.8835922,0.0,0.00000001,XMR,9887963.0,0.0,0.00137438,58
1,[],5,[],2019-03-08 06:37:05,0.0,0,0,6874589,2019-03-08 06:37:05,btc,0.0,0.01092066,0,btc,0.0,0.0,0.0,61
1,[],22,[],2019-03-08 06:37:08,13757.0,0.00000012,0.000000000004706268,6874590,2019-03-08 06:37:08,BTC,1002.2960049,0.0,0.00000012,BTC,14976.68361146909,3e-07,0.00154987,61
1,[],26,[],2019-03-08 06:37:08,0.0,0.00000800,0.0000000003137512,6874591,2019-03-08 06:37:08,btc,0.0,0.0,0.00000800,btc,0.0,0.0,0.0,61
1,[],27,[],2019-03-08 06:37:11,4411.22008,0.00000047,0.000000000018432882999999998,6874592,2019-03-08 06:37:11,btc,2.898491041314132,0.0,0.00000047,"btc,eth",19485.01257617,0.0,0.0012437599595566849,61
1,[],28,[],2019-03-08 06:37:17,13880.304,0.0000005,0.00000000001960945,6874593,2019-03-08 06:37:17,btc,2.056312978300105,814.0,0.0000005,btc,9730.59500005,0.0,0.00566391304,61
1,[],4,[],2019-03-08 06:37:17,1277908.80369977,0.00000280,0.00000000010981292,6874594,2019-03-08 06:37:17,btc,9.095882895993046,0.0,0.00000280,btc,742217.94302926,0.14574344,0.9831314740139595,67
0.0,[],25,[],2019-03-08 06:37:19,0.0,0,0,6874595,2019-03-08 06:37:19,,0.0,0.0,0.0,btc,0.0,0.0,0.0,67
1,[],12,[],2019-03-08 06:37:20,330390.33979404,0.00000026,0.000000000010196914,6874596,2019-03-08 06:37:20,btc,15940.614382545144,0.0,0.00000026,btc,1041100.02390199,0.0144275742247344,0.0674812944064034,71
,[],5,[],2018-11-20 23:02:39,1.5e-07,0.00000005,0.000000000002128045,4862160,2018-11-20 23:02:39,btc,2.84511358,0.0,,btc,0.00036572,0.0,0.07381892,74
1,[],5,[],2019-03-08 06:37:21,0.0,0,0,6874597,2019-03-08 06:37:21,btc,0.0,0.0,0,btc,0.0,0.0,0.0,75
0,[],20,[],2019-01-25 09:30:31,0.0,0,0,6495923,2019-01-25 09:30:31,btc,0.0,0.0,0,btc,0.0,0.0,0.0,81
1,[],4,[],2019-03-08 06:37:22,13147768.81424166,0.00000001,0.000000000000392189,6874598,2019-03-08 06:37:22,btc,11388.985544584346,0.0,0.00000001,btc,40019471.49932191,0.0,0.1314776881424166,81
1,[],4,[],2019-03-08 06:37:24,27959.78902805,0.00007999,0.000000003137119811,6874599,2019-03-08 06:37:24,btc,18.092758021572376,0.0,0.00007999,btc,11946.88192732,0.021794,0.1468219632303026,82
1,[],21,[],2019-03-08 06:37:24,766669.97299959,0.00007501000000000000180432058183,0.000000002941809689,6874600,2019-03-08 06:37:24,btc,3.455392611758637,3844.34859839,0.00007501000000000000180432058183299659503973089158535003662109375,btc,41269.33485097,0.28822396,3.0187592645303325,82
0,[],17,[],2019-03-08 06:37:26,0.0,0,0,6874601,2019-03-08 06:37:26,btc,0.0447233088476774,0.0,0,btc,999127.19588126,0.0,0.0,84
0.0000000001462405,[],4,[],2019-03-08 06:37:27,112201154.3024629,2.92481e-18,1.14707830909e-22,6874602,2019-03-08 06:37:27,ltc,1.749364674496653,0.0,0.00000002,ltc,416307156.2436793,0.0,2.1331861793667347e-10,85
,[],22,[],2018-11-20 23:09:34,3408.1,0.0000001,0.0000000000041895,4862324,2018-11-20 23:09:34,BTC,0.04624735,0.0,,BTC,4990.0,0.0,0.00033081,86
1,[],22,[],2019-03-08 06:37:30,122000.0,0.00000003,0.000000000001176567,6874603,2019-03-08 06:37:30,BTC,2.078122,0.0,0.00000003,BTC,169918.94736842104,0.0,0.00186,87
0,[],27,[],2019-03-08 06:37:32,0.0,0,0,6874604,2019-03-08 06:37:32,,0.0,0.0,0,btc,0.0,0.0,0.0,87
,[],2,[],2018-11-20 23:10:47,0.0,0,0,4862359,2018-11-20 23:10:47,,0.0,0.0,,,0.0,0.0,0.0,88
1,[],11,[],2019-03-08 06:37:34,95066.45153203,0.00014598000000000000840778835442534955291193909943103790283203125,0.000000005725175022,6874605,2019-03-08 06:37:34,btc,607.0527040086052,10.00000065,0.00014598000000000000840778835442534955291193909943103790283203125,btc,93603.24058198,0.0,6.5680836590700995,89
0,[],2,[],2019-01-20 23:31:45,0.0,0,0,6477083,2019-01-20 23:31:45,,0.0,0.0,0,,0.0,0.0,0.0,91
1,[],12,[],2019-03-08 06:37:35,256013.10855788,0.0000011500000000000000008998878031629686802261858247220516204833984375,0.000000000045101735,6874606,2019-03-08 06:37:35,btc,61.64578006673126,0.0,0.0000011500000000000000008998878031629686802261858247220516204833984375,btc,119480.95144947,0.0262926884010229,0.0436828173999167,91
0,[],17,[],2019-03-08 06:37:37,0.0,0,0,6874607,2019-03-08 06:37:37,btc,0.0,0.0,0,btc,0.0,0.0,0.0,91
1,[],22,[],2019-03-08 06:37:40,65900.0,0.00000001,0.000000000000392189,6874608,2019-03-08 06:37:40,BTC,3e-06,0.0,0.00000001,BTC,1.0,0.0,0.000659,91
0.0000000001462405,[],22,[],2019-03-08 06:37:44,1580418.0,7.312025e-18,2.867695772725e-22,6874609,2019-03-08 06:37:44,LTC,8.53121199,0.0,0.00000005,LTC,71989912.1,0.0,0.0790209,95
0,[],17,[],2019-03-08 05:47:07,0.0,0,0,6874436,2019-03-08 05:47:07,btc,0.0,0.0,0,btc,0.0,0.0,0.0,96
0.0000000001462405,[],4,[],2019-03-08 06:37:44,640913691.5047666,9.5056325e-17,3.7280045045424996e-21,6874610,2019-03-08 06:37:44,ltc,11.886285821030242,0.0,0.00000065,ltc,135739107.9791913,0.0,1.7393426887616295e-09,96
1,[],12,[],2019-03-08 06:37:45,9419.0,0.00000001,0.000000000000392189,6874611,2019-03-08 06:37:45,btc,10.57930594,0.0,0.00000001,btc,2034024.0,2.6e-07,9.419e-05,96
1,[],4,[],2019-03-08 06:37:47,1613692.14551627,0.00000021,0.000000000008235969,6874612,2019-03-08 06:37:47,btc,2.6411981908493027,0.0,0.00000021,btc,2574273.69555986,0.02781776,0.1304640910336513,99
0,[],2,[],2019-01-20 23:23:55,0.0,0,0,6476914,2019-01-20 23:23:55,,0.0,0.0,0,,0.0,0.0,0.0,100
1,[],4,[],2019-03-08 06:37:47,286367.04248119,0.00003857,0.000000001512672973,6874613,2019-03-08 06:37:47,btc,11.224143259399431,0.0,0.00003857,btc,158302.29571093,1.95550802,1.5866615440702998,100
1,[],22,[],2019-03-08 06:37:51,50000.0,0.00000001,0.000000000000392189,6874614,2019-03-08 06:37:51,BTC,23.49896609,0.0,0.00000001,BTC,10277.22,0.0,0.0005,101
1,[],4,[],2019-03-08 06:37:52,433282.90990678,0.00000083,0.000000000032551687,6874615,2019-03-08 06:37:52,btc,308.0291006835474,0.0,0.00000083,btc,485395.28280128,0.00434252,0.2116515800424334,103
1,[],12,[],2019-03-08 06:37:54,27503401.887000002,0.000000009,0.00000000000035297009999999997,6874616,2019-03-08 06:37:54,btc,1113035.93041422,0.0,0.000000009,btc,52637881.96208088,0.0181596919900102,0.102096878983,105
1,[],27,[],2019-03-08 06:37:55,229397.89,0.00000001,0.000000000000392189,6874617,2019-03-08 06:37:55,btc,36.60591030491341,0.0,0.00000001,btc,1301440.23571724,0.0,0.0022939789,105
1,[],22,[],2019-03-08 06:38:00,9328.0,0.00000001,0.000000000000392189,6874618,2019-03-08 06:38:00,BTC,51.10837004,0.0,0.00000001,BTC,470435.0,0.0,9.328e-05,107
1,[],26,[],2019-03-08 06:38:00,0.0,0.00000000,0,6874619,2019-03-08 06:38:00,btc,0.0,0.0,0.00000000,btc,0.0,0.0,0.0,107
1,[],5,[],2019-03-08 06:38:02,0.0,0,0,6874620,2019-03-08 06:38:02,btc,0.0,0.01029182,0,btc,0.0,0.0,0.0,112
1,[],22,[],2019-03-08 06:38:06,1966.0,0.00000001,0.000000000000392189,6874621,2019-03-08 06:38:06,BTC,2.78273272,0.0,0.00000001,BTC,826524.0833333334,3.4e-07,1.966e-05,112
0.0000000003515183,[],27,[],2019-03-08 06:38:08,2000.0,3.515183e-18,1.378616105587e-22,6874622,2019-03-08 06:38:08,eth,1.24892491849924,0.0,0.00000001,"btc,eth",1288.641654,0.0,7.030366000000001e-15,112
1,[],5,[],2019-03-08 06:38:12,0.0,0,0,6874624,2019-03-08 06:38:12,btc,0.0,0.00225715,0,btc,0.0,0.0,0.0,113
1,[],4,[],2019-03-08 06:38:10,1305732.66070112,0.00000203,0.000000000079614367,6874623,2019-03-08 06:38:10,btc,4.882476952516058,0.0,0.00000203,btc,339059.49545751,0.02854021,1.0210164253383125,113
0,[],27,[],2019-03-08 06:38:25,0.0,0,0,6874625,2019-03-08 06:38:25,,0.0,0.0,0,btc,0.0,0.0,0.0,116
1,[],17,[],2019-03-08 04:39:05,152738.278,0.00000004,0.000000000001553832,6873873,2019-03-08 04:39:05,btc,1.33680302678,0.0,0.00000004,btc,50696.221,0.0,0.0022095311199999998,116
1,[],4,[],2019-03-08 06:38:26,76951.41277082,0.00002521,0.000000000988708469,6874626,2019-03-08 06:38:26,btc,27.66908188892462,0.0,0.00002521,btc,83855.03107786,0.1832187,1.1876729727907405,120
1,[],7,[],2019-03-08 06:38:27,21057.11759214,0.0000212500000000000015265566588595902430824935436248779296875,0.000000000833401625,6874627,2019-03-08 06:38:27,btc,115646.94919545915,1.1652281,0.0000212500000000000015265566588595902430824935436248779296875,btc,36705.38404366,2.476e-05,0.0542628385137138,120
1,[],20,[],2019-03-08 06:38:30,3002344.8805,0.000000035,0.0000000000013726615,6874628,2019-03-08 06:38:30,btc,33.6156363984428,0.5,0.000000035,btc,1008323.7699,1.75e-08,0.0406402309044,125
1,[],22,[],2019-03-08 06:38:35,3053.0,0.00000001,0.000000000000392189,6874629,2019-03-08 06:38:35,BTC,0.01444887,0.0,0.00000001,BTC,296263.5111111111,0.0,3.053e-05,126
1,[],4,[],2019-03-08 06:38:35,146630.09288619,0.00001303,0.000000000511022267,6874630,2019-03-08 06:38:35,btc,3.6703443150217194,0.0,0.00001303,btc,122692.07333096,0.10121056,0.6599198170659887,131
0,[],17,[],2019-03-08 05:48:23,0.0,0,0,6874456,2019-03-08 05:48:23,btc,0.0009561751951600001,0.0,0,btc,35.42829368,0.0,0.0,131
0,[],2,[],2019-01-20 23:25:46,0.0,0,0,6476969,2019-01-20 23:25:46,,0.0,0.0,0,,0.0,0.0,0.0,131
1,[],4,[],2019-03-08 06:38:47,4547.79205377,0.00016000,0.000000006275024,6874631,2019-03-08 06:38:47,btc,1.6194321343514166,0.0,0.00016000,btc,239.25503526,0.0,0.0068861668927935,135
1,[],3,[],2019-03-07 00:20:44,877702.73244099,0.00000004,0.00000000000154846,6863392,2019-03-07 00:20:44,btc,0.119366241821405,0.0,0.00000004,btc,760637.99421222,0.0,0.023771231960604298,136
1,[],4,[],2019-03-08 06:38:48,408982.16890015,0.00000176,0.000000000069025264,6874632,2019-03-08 06:38:48,btc,38.38501869566523,0.0,0.00000176,btc,515336.11387419,0.07279661,0.1174856614555511,137
1,[],12,[],2019-03-08 06:38:49,243894.62097552,0.000001650000000000000084153062122893640406573467771522700786590576171875,0.00000000006471118500000001,6874633,2019-03-08 06:38:49,btc,5.0569237465635855,0.0,0.000001650000000000000084153062122893640406573467771522700786590576171875,btc,2749.9657019,0.0018403533645495,0.09033126454765761,137
1,[],4,[],2019-03-08 06:38:50,14879.96787707,0.00003642,0.000000001428352338,6874634,2019-03-08 06:38:50,btc,28.58091106109893,0.0,0.00003642,btc,47229.61338779,0.15181681,0.385208362085613,142
1,[],5,[],2019-03-08 06:38:52,0.0,0,0,6874635,2019-03-08 06:38:52,btc,0.0,0.23912767,0,btc,0.0,0.0,0.0,142
1,[],17,[],2019-03-08 06:39:03,22967.386363640002,0.00000088,0.000000000034512632,6874636,2019-03-08 06:39:03,btc,20.0699133484,0.0,0.00000088,btc,405.079105,0.0,0.0104613000000032,142
1,[],20,[],2019-03-08 06:39:04,135700.2354,0.00003202,0.000000001255789178,6874637,2019-03-08 06:39:04,btc,0.4342180901412,1434.6839,0.00003202,btc,4409.6559,0.064036278476,0.3108728718095,142
1,[],22,[],2019-03-08 06:39:08,1470.8988921568628,0.00004000,0.000000001568756,6874638,2019-03-08 06:39:08,BTC,3.00385504,0.0,0.00004000,BTC,891.218,0.0,0.0012358,142
0.0,[],25,[],2019-03-08 06:39:09,0.0,0,0,6874639,2019-03-08 06:39:09,,0.0,0.0,0.0,btc,0.0,0.0,0.0,142
1,[],28,[],2019-03-08 06:39:16,76124.0,0.00000820,0.00000000032159498,6874640,2019-03-08 06:39:16,btc,0.067100461059305,1047.0,0.00000820,btc,552.61077999,0.0,0.004304,142
0,[],22,[],2019-03-08 06:39:19,0.0,0,0,6874641,2019-03-08 06:39:19,,62.13631169,0.0,0,,837691921.3,0.0,0.0,143
0,[],22,[],2019-02-25 15:42:22,0.0,0,0,6783783,2019-02-25 15:42:22,,4.2131946,0.0,0,,2322156.0,0.0,0.0,146
,[],22,[],2018-11-20 23:01:11,0.0,0,0,4862114,2018-11-20 23:01:11,,2.56807021,0.0,,,61828.4988236,0.0,0.0,147
1,[],12,[],2019-03-08 06:39:20,330844.44828034,0.000001709999999999999933207183062944256590753866476006805896759033203125,0.00000000006706431899999999,6874642,2019-03-08 06:39:20,btc,1.7156377153512783,0.0,0.000001709999999999999933207183062944256590753866476006805896759033203125,btc,28755.91505632,0.0004355413784294,0.025982679999863,148
1,[],4,[],2019-03-08 06:39:21,251402.44962211,0.00000029,0.000000000011373481,6874643,2019-03-08 06:39:21,btc,219.99864590534602,0.0,0.00000029,btc,840498.90453835,0.0,0.0597502236448945,152
0,[],22,[],2019-03-08 06:39:33,0.0,0,0,6874644,2019-03-08 06:39:33,,0.0,0.0,0,,0.0,0.0,0.0,152
1,[],5,[],2019-03-08 06:39:35,0.0,0,0,6874645,2019-03-08 06:39:35,btc,0.0,0.0,0,btc,0.0,0.0,0.0,153
,[],16,[],2019-01-11 15:38:59,0.0,0,0,6366141,2019-01-11 15:38:59,btc,0.0,0.0,,btc,0.0,0.0,0.0,155
0,[],22,[],2019-03-08 06:39:39,0.0,0,0,6874646,2019-03-08 06:39:39,,6.7463875,0.0,0,,4674391.242592593,0.0,0.0,156
0,[],23,[],2019-01-20 23:24:29,0.0,0,0,6476932,2019-01-20 23:24:29,,0.0,0.0,0,,0.0,0.0,0.0,156
1,[],22,[],2019-03-08 06:39:43,7073.8,0.00005300,0.0000000020786017,6874647,2019-03-08 06:39:43,BTC,1.80343699,0.0,0.00005300,BTC,899.6422341958436,0.0,0.00104336,157
0,[],22,[],2019-03-08 06:39:46,0.0,0,0,6874648,2019-03-08 06:39:46,,50175.67608608,0.0,0,,54079135.04179466,0.0,0.0,158
,[],17,[],2018-11-20 22:56:10,0.0,0,0,4861976,2018-11-20 22:56:10,btc,1.1265625,0.0,,btc,1000.0,0.0,0.0,159
,[],20,[],2018-11-20 22:56:12,0.0,0,0,4861977,2018-11-20 22:56:12,btc,11912.7940471,0.0,,btc,34413894.3617,0.0,0.0,159
1,[],12,[],2019-03-08 06:39:47,211857.63731972,0.000007070000000000000071821888714129755726389703340828418731689453125,0.000000000277277623,6874649,2019-03-08 06:39:47,btc,0.37226884816602,0.0,0.000007070000000000000071821888714129755726389703340828418731689453125,btc,7777.44721955,0.0069905186209061,0.0955096267995954,168
1,[],17,[],2019-03-08 06:39:48,29784.95,0.000001,0.0000000000392189,6874650,2019-03-08 06:39:48,btc,0.03026736251542,0.0,0.000001,btc,144.46171372,0.0,0.00716147,168
0,[],22,[],2019-03-07 13:06:36,0.0,0,0,6867364,2019-03-07 13:06:36,,1.1339604,0.0,0,,520283.17470714403,0.0,0.0,169
1,[],22,[],2019-03-08 06:40:07,310867.6666666667,0.00000008,0.000000000003137512,6874651,2019-03-08 06:40:07,BTC,14.35046903,0.0,0.00000008,BTC,156205.65757046544,0.00054107,0.00711407,171
1,[],22,[],2019-03-08 06:40:12,353732.7916666667,0.00000012,0.000000000004706268,6874652,2019-03-08 06:40:12,BTC,2.19126031,0.0,0.00000012,"BTC,LTC",263163.090679189,0.00033635,0.02199787,173
1,[],5,[],2019-03-05 01:59:40,0.0,0,0,6845846,2019-03-05 01:59:40,btc,0.0,0.00384852,0,btc,0.0,0.0,0.0,175
1,[],22,[],2019-03-08 06:40:23,36500.0,0.00000021,0.000000000008235969,6874653,2019-03-08 06:40:23,BTC,0.54826403,0.0,0.00000021,BTC,138776.41384013777,0.0,0.00227,176
1,[],7,[],2019-03-08 06:40:25,0.0,0,0,6874654,2019-03-08 06:40:25,btc,410914.4951967229,0.0,0,btc,117143049.56236699,0.0,0.0,178
0,[],22,[],2019-03-08 06:40:27,0.0,0,0,6874655,2019-03-08 06:40:27,,1.00242438,0.0,0,,57522.0,0.0,0.0,178
0,[],2,[],2019-01-20 23:28:34,0.0,0,0,6477001,2019-01-20 23:28:34,,0.0,0.0,0,,0.0,0.0,0.0,178
1,[],5,[],2019-03-08 06:40:29,0.0,0,0,6874656,2019-03-08 06:40:29,btc,0.0,0.12263596,0,btc,0.0,0.0,0.0,179
1,[],22,[],2019-03-08 06:40:46,6937500.5,0.00000002,0.000000000000784378,6874657,2019-03-08 06:40:46,BTC,5.67356573,0.0,0.00000002,"BTC,LTC",18498890.756535422,2.671e-05,0.37369073,179
0,[],23,[],2019-01-20 23:25:08,0.0,0,0,6476952,2019-01-20 23:25:08,,0.0,0.0,0,,0.0,0.0,0.0,179
1,[],17,[],2019-03-08 06:40:58,10504.725,0.0000001,0.00000000000392189,6874658,2019-03-08 06:40:58,btc,5.2010695838170005,0.0,0.0000001,btc,4994.45945,0.0,0.0010504725,180
1,[],22,[],2019-03-08 06:41:03,658508.9301435407,0.00000095,0.000000000037257955,6874659,2019-03-08 06:41:03,BTC,0.25743861,0.0,0.00000095,"BTC,LTC",92279.95397841684,0.0026965502484772334,0.56282059,180
1,[],26,[],2019-03-08 06:41:03,0.0,0.00000125,0.000000000049023625,6874660,2019-03-08 06:41:03,btc,0.0,390.0,0.00000125,btc,0.0,0.0,0.0,180
,[],7,[],2018-11-20 22:58:01,562227.975654,0.00000085,0.000000000036176765,4862015,2018-11-20 22:58:01,btc,21836.6059674,2491.87645172,,btc,749999.041456,0.00211021,0.127565380455,183
,[],5,[],2019-01-10 08:11:41,0.0,0,0,6347036,2019-01-10 08:11:41,btc,82.15055501,0.00261,,btc,1.19002445,0.0,0.0,187
1,[],24,[],2019-03-08 06:41:04,0.0,0.000000000001,3.92189e-17,6874661,2019-03-08 06:41:04,btc,0.0,0.0,0.000000000001,btc,0.0,0.0,0.0,187
,[],17,[],2018-11-16 20:58:10,4062536.27273,0.00000001,0.000000000000550501,4708775,2018-11-16 20:58:10,btc,3.36492563466,0.195460381006,,"btc,eth",110697919.549,0.0,0.0157628953496,187
0,[],22,[],2019-03-08 06:41:06,0.0,0,0,6874662,2019-03-08 06:41:06,,7.54802454,0.0,0,,79361.7243344055,0.0,0.0,191
0,[],22,[],2019-03-08 06:41:11,0.0,0,0,6874663,2019-03-08 06:41:11,,0.0,0.0,0,,0.0,0.0,0.0,197
0,[],23,[],2019-01-20 23:31:41,0.0,0,0,6477079,2019-01-20 23:31:41,,0.0,0.0,0,,0.0,0.0,0.0,199
0,[],22,[],2019-03-08 06:41:14,0.0,0,0,6874664,2019-03-08 06:41:14,,5.19077022,0.0,0,,21057953.0,0.0,0.0,199
1,[],26,[],2019-03-08 06:41:14,0.0,0.00000000,0,6874665,2019-03-08 06:41:14,btc,0.0,128905.0,0.00000000,btc,0.0,0.0,0.0,199
0,[],17,[],2019-01-30 16:32:01,0.0,0,0,6540827,2019-01-30 16:32:01,btc,6.802544163788159,0.0,0,btc,105897.55575295,0.0,0.0,200
0,[],2,[],2019-01-20 23:30:49,0.0,0,0,6477059,2019-01-20 23:30:49,,0.0,0.0,0,,0.0,0.0,0.0,201
1,[],4,[],2019-01-25 15:51:35,2084389.58565343,0.00000936,0.000000000333526752,6499557,2019-01-25 15:51:35,btc,2.0092503037378524,0.0,0.00000936,btc,160195.80207885,0.19272417,1.242687955921835,211
1,[],7,[],2019-03-08 06:41:17,1834363.50738403,0.0000011599999999999999051561623553130431218960438854992389678955078125,0.00000000004549392399999999,6874666,2019-03-08 06:41:17,btc,15476653.79974272,56549.2984531,0.0000011599999999999999051561623553130431218960438854992389678955078125,btc,13236133.23175312,0.0,1.6552768070043462,212
1,[],5,[],2019-03-08 06:41:18,0.0,0,0,6874667,2019-03-08 06:41:18,btc,0.0,0.07840576,0,btc,0.0,0.0,0.0,213
1,[],24,[],2019-03-08 06:41:18,0.0,0.000000120000,0.000000000004706268,6874668,2019-03-08 06:41:18,btc,0.0,0.0,0.000000120000,btc,0.0,0.0,0.0,213
1,[],26,[],2019-03-08 06:41:18,0.0,0.00000010,0.00000000000392189,6874669,2019-03-08 06:41:18,btc,0.0,0.0,0.00000010,btc,0.0,0.0,0.0,213
1,[],12,[],2019-01-25 02:44:32,207462.42853209,0.000001080000000000000035831255497387193287295303889550268650054931640625,0.000000000038610756000000006,6493050,2019-01-25 02:44:32,btc,85023.03793723314,0.0,0.000001080000000000000035831255497387193287295303889550268650054931640625,btc,43675.73520027,0.000146250909087,0.0348620860622024,213
1,[],22,[],2019-03-08 06:41:22,73967.0,0.00000003,0.000000000001176567,6874670,2019-03-08 06:41:22,BTC,2.23599134,0.0,0.00000003,BTC,701743.3963726171,0.00025208,0.00163731,216
1,[],27,[],2019-03-08 06:41:25,1298602.0,0.00000003,0.000000000001176567,6874671,2019-03-08 06:41:25,btc,317.9846054547724,0.0,0.00000003,"btc,ltc",240763.990324,0.0,0.03377204000026323,216
1,[],22,[],2019-03-08 06:41:28,160586.32300942903,0.00000184,0.000000000072162776,6874672,2019-03-08 06:41:28,BTC,12673.39765495,0.0,0.00000184,BTC,389275.88676244975,0.06858853,0.17571671,217
1,[],7,[],2019-03-08 06:41:29,0.0,0,0,6874673,2019-03-08 06:41:29,btc,77969.39215740134,0.0,0,btc,136268679.67428493,0.0,0.0,219
0,[],27,[],2019-03-08 06:41:32,0.0,0,0,6874674,2019-03-08 06:41:32,,0.04027288,0.0,0,btc,2037233.0,0.0,0.0,219
0.000000000000005,[],28,[],2019-03-08 06:41:39,168883579.283,5.55e-18,2.17664895e-22,6874675,2019-03-08 06:41:39,doge,84451.8501148375,19299.0,0.00111000,"btc,doge",3563815.34751,0.0,1.5649032954798298e-11,219
1,[],22,[],2019-03-08 06:41:42,534638.5,0.00000005,0.000000000001960945,6874676,2019-03-08 06:41:42,BTC,2.76226415,0.0,0.00000005,BTC,86245.27041875875,0.00097015,0.02315155,221
1,[],24,[],2019-03-08 06:41:42,0.0,0.000000200000,0.00000000000784378,6874677,2019-03-08 06:41:42,btc,0.0,0.0,0.000000200000,btc,0.0,0.0,0.0,221
1,[],20,[],2019-03-08 06:41:44,39105329.5253,0.000000001,0.0000000000000392189,6874678,2019-03-08 06:41:44,btc,48.4427536687255,172770.0,0.000000001,btc,16154115.0042,0.00034554,0.0391053295253,224
0,[],22,[],2019-03-08 06:41:47,0.0,0,0,6874679,2019-03-08 06:41:47,,0.0,0.0,0,,0.0,0.0,0.0,224
1,[],26,[],2019-03-08 06:41:47,0.0,0.00000035,0.000000000013726615,6874680,2019-03-08 06:41:47,btc,0.0,0.0,0.00000035,btc,0.0,0.0,0.0,231
1,[],26,[],2019-03-08 06:41:47,0.0,0.00000005,0.000000000001960945,6874681,2019-03-08 06:41:47,btc,0.0,100.0,0.00000005,btc,0.0,0.0,0.0,234
0.0000000003515183,[],27,[],2019-03-08 06:41:49,2000.0,3.515183e-18,1.378616105587e-22,6874682,2019-03-08 06:41:49,eth,0.01134836604,0.0,0.00000001,"btc,eth",11462.996,0.0,7.030366000000001e-15,234
1,[],4,[],2019-03-08 06:41:51,828758.6337905,0.00000076,0.000000000029806364,6874683,2019-03-08 06:41:51,btc,4.530665615168348,0.0,0.00000076,btc,1224994.24819444,0.08866663,0.2357063828611832,236
1,[],24,[],2019-03-08 06:41:51,0.0,0.000000300000,0.00000000001176567,6874684,2019-03-08 06:41:51,btc,0.0,0.0,0.000000300000,btc,0.0,0.0,0.0,236
1,[],20,[],2019-03-08 06:41:53,25484695.1452,0.000000056,0.0000000000021962584,6874685,2019-03-08 06:41:53,btc,13.7553710306733,7712914.3916,0.000000056,btc,38622669.4522,0.4383221477715,0.3546038884467,237
0.0000000001462405,[],22,[],2019-03-08 06:41:56,751594.9,2.4860885e-17,9.750165627265e-22,6874686,2019-03-08 06:41:56,LTC,0.0405823,0.0,0.00000017,LTC,3164.0,0.0,0.12541949,237
1,[],4,[],2019-03-08 06:41:57,8946245.23894492,0.00000038,0.000000000014903182,6874687,2019-03-08 06:41:57,btc,9.157947589290593,0.0,0.00000038,btc,10349482.73450038,0.37067011,2.2715054430675106,238
1,[],5,[],2019-03-08 06:41:58,0.0,0,0,6874688,2019-03-08 06:41:58,btc,0.0,0.00422352,0,btc,0.0,0.0,0.0,238
0,[],22,[],2019-03-08 06:42:01,0.0,0,0,6874689,2019-03-08 06:42:01,,0.41504177,0.0,0,,481585.5639027493,0.0,0.0,249
0.0000000001462405,[],22,[],2019-03-08 06:42:05,49087204.666666664,5.84962e-18,2.29415661818e-22,6874690,2019-03-08 06:42:05,LTC,0.46597212,0.0,0.00000004,LTC,12463851.453636363,2.22237626751315e-10,1.18162429,252
1,[],28,[],2019-03-08 06:42:13,3494880.767,0.00000038,0.000000000014903182,6874691,2019-03-08 06:42:13,btc,164734.26766710688,121883.461,0.00000038,btc,2944197.4607,0.0,0.6710312518,256
1,[],22,[],2019-03-08 06:42:16,1290561.0,0.00000003,0.000000000001176567,6874692,2019-03-08 06:42:16,BTC,31.45809304,0.0,0.00000003,BTC,721245.3791200279,1e-07,0.01764975,258
1,[],22,[],2019-03-08 06:42:20,48751.0,0.00000001,0.000000000000392189,6874693,2019-03-08 06:42:20,BTC,2.4175745,0.0,0.00000001,BTC,1762.0,0.0,0.00048751,259
1,[],5,[],2019-03-08 06:42:23,0.0,0,0,6874694,2019-03-08 06:42:23,btc,0.0,0.09788357,0,btc,0.0,0.0,0.0,264
1,[],20,[],2019-03-08 06:42:25,1252606.7081,0.00000191,0.000000000074908099,6874695,2019-03-08 06:42:25,btc,7.4726440562518,145603.2297,0.00000191,btc,108532.3467,0.3046846729425,0.0182440523257,264
0,[],22,[],2019-03-08 06:42:36,0.0,0,0,6874696,2019-03-08 06:42:36,,8.45833143,0.0,0,,464287.34411321935,0.0,0.0,271
0,[],22,[],2019-03-08 06:42:38,0.0,0,0,6874697,2019-03-08 06:42:38,,266.25196304,0.0,0,,13937792667.692,0.0,0.0,272
0.000000000000005,[],28,[],2019-03-08 06:42:43,250960998785.905,5.35e-21,2.09821115e-25,6874698,2019-03-08 06:42:43,doge,37045505.60897659,24663047009.0,0.00000107,doge,231877523947.0003,0.0,7.367750238391632e-10,272
1,[],22,[],2019-03-08 06:42:48,214721.74,0.00000097,0.000000000038042333,6874699,2019-03-08 06:42:48,BTC,74.45437649,0.0,0.00000097,"BTC,LTC",33883.48778575859,0.011383,0.08391512,281
1,[],22,[],2019-03-08 06:42:52,21097.824175824175,0.00000014,0.000000000005490646,6874700,2019-03-08 06:42:52,BTC,0.51893938,0.0,0.00000014,BTC,116154.39486258465,0.09338059,0.0011829,286
0,[],22,[],2019-03-08 06:42:55,0.0,0,0,6874701,2019-03-08 06:42:55,,43638.74003002,0.0,0,,691637845.0,0.0,0.0,294
