pairValue,buyBook,exchangeId,sellBook,updated,buyTotal,satoshiPrice,usdPrice,exchangeLogId,created,bestPair,sellTotalBtc,volume,pairPrice,activePairs,sellTotal,volumeBtc,buyTotalBtc,coinId
1,[],10,[],2019-07-13 08:58:05,251434.9725798,0.00271069,0.00000031407274150500003,7812232,2019-07-13 08:58:05,btc,6515.317158446701,1686.04548878,0.00271069,btc,2002.66956917,0.0,1.2639712180673435,1
1,[],26,[],2019-09-07 11:52:26,0.0,0,0,7999123,2019-09-07 11:52:26,,0.0,0.0,0,,0.0,0.0,0.0,1
0,[],28,[],2019-09-07 11:52:27,0.0,0,0,7999124,2019-09-07 11:52:27,,0.0,0.0,0,,0.0,0.0,0.0,1
1,[],5,[],2019-07-06 00:27:44,0.0,0,0,7800775,2019-07-06 00:27:44,btc,0.0,0.00190933,0,btc,0.0,0.0,0.0,1
0,[],2,[],2019-01-20 23:28:45,0.0,0,0,6477011,2019-01-20 23:28:45,,0.0,0.0,0,,0.0,0.0,0.0,1
1,[],3,[],2019-09-07 12:08:35,960.336646874931,0.00720873999999999993948396337373196729458868503570556640625,0.0000007525470409380001,7999203,2019-09-07 12:08:35,btc,9.329486359648858,0.069467716,0.00720873999999999993948396337373196729458868503570556640625,btc,34.832640387111,0.0,0.2512913370231984,1
1,[],4,[],2019-09-07 12:08:35,24954.23961713,0.00716397,0.000000747873334989,7999204,2019-09-07 12:08:35,btc,7.117300432206905,0.0,0.00716397,btc,448.80359617,0.82893025,0.3504038320570903,1
1,[],12,[],2019-09-07 12:08:40,238.546176,0.00727000000000000042021941482062175055034458637237548828125,0.0000007589421990000001,7999205,2019-09-07 12:08:40,btc,0.24299907929290002,0.0,0.00727000000000000042021941482062175055034458637237548828125,btc,22.63999005,1.314275461663,0.36627436444440004,1
1,[],20,[],2019-09-07 12:08:42,1931.9957,0.007107287,0.0000007419559868919,7999206,2019-09-07 12:08:42,btc,0.2252220952401,0.2904,0.007107287,btc,18.9462,0.0023541531952,0.1258667737194,1
1,[],21,[],2019-09-07 12:08:43,2211.07921114,0.007277330000000000256865639869,0.0000007597074048210001,7999207,2019-09-07 12:08:43,btc,8.112183280143574,923.0638237500001,0.00727733000000000025686563986937471781857311725616455078125,"btc,eth",1683.7953412,6.440449252575346,12.851369517843281,1
1,[],22,[],2019-09-07 12:08:46,0.5198816666666667,0.00600000,0.0000006263622,7999208,2019-09-07 12:08:46,BTC,0.01700334,0.0,0.00600000,BTC,0.283670650841137,0.0,0.00302178,1
1,[],24,[],2019-09-07 12:08:47,0.0,0.000000000000,0,7999209,2019-09-07 12:08:47,btc,0.0,0.0,0.000000000000,btc,0.0,0.0,0.0,1
0.0,[],25,[],2019-09-07 12:08:48,0.0,0,0,7999210,2019-09-07 12:08:48,btc,12.20669999960178,7055.96492931,0.0,btc,1620.18951161,51.695,0.0,1
1,[],22,[],2019-09-07 11:52:32,9495.2,0.0000002,0.00000000002082404,7999125,2019-09-07 11:52:32,BTC,21.00878619,0.0,0.0000002,"BTC,XMR",19931.59287795317,0.0,0.00102579,2
1,[],5,[],2019-07-06 00:28:14,0.0,0,0,7800785,2019-07-06 00:28:14,btc,0.0,0.00208797,0,btc,0.0,0.0,0.0,2
1,[],12,[],2019-08-28 21:17:40,5010914.74249396,0.000000058,0.000000000005696249600000001,7978048,2019-08-28 21:17:40,btc,43110.2619967908,0.0,0.000000058,btc,9228654.41588682,0.002779447687,0.20908922188989368,3
0,[],28,[],2019-08-28 21:17:42,0.0,0,0,7978049,2019-08-28 21:17:42,,0.0,0.0,0,,0.0,0.0,0.0,3
1,[],5,[],2019-06-03 14:48:58,0.0,0,0,7731126,2019-06-03 14:48:58,btc,0.0,0.05905545,0,btc,0.0,0.0,0.0,3
0,[],2,[],2019-01-20 23:31:32,0.0,0,0,6477077,2019-01-20 23:31:32,,0.0,0.0,0,,0.0,0.0,0.0,4
1,[],4,[],2019-08-19 07:13:39,5576051.9095195,0.00000012,0.000000000012681852,7911861,2019-08-19 07:13:39,btc,25.86361324985451,0.0,0.00000012,btc,1094878.27526979,0.00024951,0.0793524101309535,4
0,[],2,[],2019-01-20 23:31:51,0.0,0,0,6477087,2019-01-20 23:31:51,,0.0,0.0,0,,0.0,0.0,0.0,6
1,[],11,[],2019-08-15 15:27:29,324074.0,0.00000001,0.0000000000010065590000000001,7900084,2019-08-15 15:27:29,btc,9583.47119397936,4910218.0,0.00000001,btc,78345418.50750598,0.0,0.00324074,6
1,[],3,[],2019-09-07 11:52:35,11384.564578740052,0.000059440000000000000105436492869870335198356769979000091552734375,0.000000006188904688,7999126,2019-09-07 11:52:35,btc,1026.2996753337054,0.0,0.000059440000000000000105436492869870335198356769979000091552734375,btc,499.687672559976,0.0,0.01849884705098257,7
1,[],4,[],2019-09-07 11:52:36,93112.39496373,0.00005981,0.0000000062274291620000006,7999127,2019-09-07 11:52:36,btc,10.865673502871067,0.0,0.00005981,btc,71969.57494044,0.61273365,1.6477486028657258,7
1,[],5,[],2019-07-06 00:28:21,0.0,0,0,7800789,2019-07-06 00:28:21,btc,0.0,0.38662001,0,btc,0.0,0.0,0.0,7
1,[],5,[],2019-07-05 17:50:59,0.0,0,0,7799863,2019-07-05 17:50:59,btc,0.0,0.04857279,0,btc,0.0,0.0,0.0,12
0,[],2,[],2019-01-20 23:23:08,0.0,0,0,6476890,2019-01-20 23:23:08,,0.0,0.0,0,,0.0,0.0,0.0,12
1,[],4,[],2019-09-07 11:52:37,8873073.96600028,0.00000018,0.000000000018741636000000002,7999128,2019-09-07 11:52:37,btc,5.7064147310837,0.0,0.00000018,btc,9512889.14571409,1.08473716,0.700495444291863,12
0.0,[],25,[],2019-09-07 11:52:40,0.0,0,0,7999129,2019-09-07 11:52:40,,0.0,0.0,0.0,btc,0.0,0.0,0.0,12
1,[],4,[],2019-09-07 11:52:40,934956.06981686,0.00000103,0.00000000010724380600000001,7999130,2019-09-07 11:52:40,btc,2.5184534874450306,0.0,0.00000103,btc,773155.00571808,0.0966972,0.2914532691117255,13
1,[],10,[],2019-09-07 11:52:42,717069.82635305,0.000001,0.0000000001041202,7999131,2019-09-07 11:52:42,btc,666828.3233289844,27335.6943846,0.000001,btc,1007722.22065324,0.0,0.1013609476330371,13
1,[],21,[],2019-09-07 11:52:44,4399402.11267327,0.000001060000000000000015560469580,0.00000000011036741200000001,7999132,2019-09-07 11:52:44,btc,3.6450715592883642,232729.66114393,0.0000010600000000000000155604695795119596368749625980854034423828125,btc,2067171.48811951,0.25559008,1.6667781387304164,13
0,[],17,[],2019-08-21 20:54:35,0.0,0,0,7923253,2019-08-21 20:54:35,btc,0.0,0.0,0,btc,0.0,0.0,0.0,14
1,[],4,[],2019-09-07 11:52:45,998173.47275441,0.00000055,0.00000000005726611,7999133,2019-09-07 11:52:45,btc,1.9897954834477234,0.0,0.00000055,btc,793277.88779103,0.02804135,0.1269646880082245,14
1,[],12,[],2019-09-07 11:52:46,209791.1884883,0.00000043,0.000000000044771686,7999134,2019-09-07 11:52:46,btc,182.00211702297636,0.0,0.00000043,btc,37345.28702821,0.000221234744,0.0123980747058836,14
1,[],26,[],2019-09-07 11:52:47,0.0,0,0,7999135,2019-09-07 11:52:47,,0.0,0.0,0,,0.0,0.0,0.0,14
0,[],4,[],2019-09-07 11:52:48,0.0,0,0,7999136,2019-09-07 11:52:48,,0.0,0.0,0,,0.0,0.0,0.0,15
,[],12,[],2018-12-01 15:15:48,204241.84496,0.00000489,0.000000000202473384,5260204,2018-12-01 15:15:48,btc,49.5475654835,0.0,,btc,35763.2193806,0.0163153972027625,0.0203389899998,15
0,[],17,[],2019-08-21 20:54:42,0.0,0,0,7923259,2019-08-21 20:54:42,btc,0.0,0.0,0,btc,0.0,0.0,0.0,18
0,[],2,[],2019-01-20 23:23:38,0.0,0,0,6476906,2019-01-20 23:23:38,,0.0,0.0,0,,0.0,0.0,0.0,18
1,[],4,[],2019-09-07 11:52:49,28395.35694267,0.00000601,0.000000000625762402,7999137,2019-09-07 11:52:49,btc,2.4675021327843587,0.0,0.00000601,btc,28795.99305519,0.01621385,0.0256449959800491,18
1,[],10,[],2019-09-07 11:52:51,374879.29035636,0.00000566,0.000000000589320332,7999138,2019-09-07 11:52:51,btc,14.896281333738912,17386.1761883,0.00000566,btc,11787.2956333,0.0,0.1412696026119783,18
1,[],12,[],2019-09-07 11:52:52,22174.66661452,0.000005990000000000000247748870030317647206175024621188640594482421875,0.0000000006236799980000001,7999139,2019-09-07 11:52:52,btc,0.5708808914316863,0.0,0.000005990000000000000247748870030317647206175024621188640594482421875,btc,2808.08682377,0.007894286746,0.0144906764620744,18
0,[],27,[],2019-08-12 16:48:42,0.0,0,0,7891818,2019-08-12 16:48:42,,0.0,0.0,0,btc,0.0,0.0,0.0,19
0,[],2,[],2019-01-20 23:24:19,0.0,0,0,6476924,2019-01-20 23:24:19,,0.0,0.0,0,,0.0,0.0,0.0,19
1,[],3,[],2019-09-07 11:52:53,155876.68038648792,0.0000036299999999999999733784998567909241273810039274394512176513671875,0.000000000377956326,7999140,2019-09-07 11:52:53,btc,190.44587618824482,1.12610710493,0.0000036299999999999999733784998567909241273810039274394512176513671875,btc,36459.11602571922,0.0,0.0547566688401522,19
1,[],4,[],2019-09-07 11:52:54,432471.44934354,0.00000451,0.000000000469582102,7999141,2019-09-07 11:52:54,btc,3.0359254798305817,0.0,0.00000451,btc,292177.67239176,0.09873771,1.0143561529020235,19
1,[],12,[],2019-09-07 11:52:55,129644.29395423,0.0000043499999999999998560938456459989964741907897405326366424560546875,0.00000000045292287,7999142,2019-09-07 11:52:55,btc,0.3191187381672013,0.0,0.0000043499999999999998560938456459989964741907897405326366424560546875,btc,3338.53406712,7.9610371e-05,0.0193789899998604,19
1,[],5,[],2019-07-06 02:01:19,0.0,0,0,7800799,2019-07-06 02:01:19,btc,0.0,0.0,0,btc,0.0,0.0,0.0,19
1,[],4,[],2019-08-19 09:56:57,10479102.32813501,0.00000006,0.00000000000640596,7912317,2019-08-19 09:56:57,btc,4.984292824562718,0.0,0.00000006,btc,2305413.8842246,0.0,0.1263090499480169,20
0,[],17,[],2019-08-21 20:54:51,0.0,0,0,7923265,2019-08-21 20:54:51,btc,0.0,0.0,0,btc,0.0,0.0,0.0,21
0,[],4,[],2019-09-07 11:52:56,0.0,0,0,7999143,2019-09-07 11:52:56,,45995.34216506191,0.0,0,,177300824.59586042,0.0,0.0,21
0,[],12,[],2019-09-07 11:52:57,0.0,0,0,7999144,2019-09-07 11:52:57,btc,2617.135747960949,0.0,0,btc,8972508.89310687,0.0,0.0,21
0.0000000002204393,[],27,[],2019-07-29 17:24:02,79794022.5,8.5971327e-17,8.21370058158e-21,7852364,2019-07-29 17:24:02,eth,1253.5830452782222,787155.0,0.00000039,eth,2317982.66147653,6.7672759904685e-11,2.1948587434632156e-09,23
1,[],12,[],2019-09-07 11:52:58,2904527013.062187,0.0000000018,0.00000000000018741636000000002,7999145,2019-09-07 11:52:58,btc,167285767411.9365,0.0,0.0000000018,btc,1922407061.3282788,0.157205344241,0.8796411213209372,23
1,[],4,[],2019-09-07 11:52:59,5840563.00985717,0.00000015,0.00000000001561803,7999146,2019-09-07 11:52:59,btc,4.404114253896403,0.0,0.00000015,btc,2117277.82942061,0.00112432,0.1011164273115475,24
0,[],22,[],2019-09-07 11:53:02,0.0,0,0,7999147,2019-09-07 11:53:02,,2.9367775,0.0,0,,2936.7775,0.0,0.0,24
0.0,[],25,[],2019-09-07 11:53:04,0.0,0,0,7999148,2019-09-07 11:53:04,,0.0,0.0,0.0,btc,0.0,0.0,0.0,24
1,[],4,[],2019-09-07 11:53:05,27525038.2749129,0.00000335,0.00000000034880267000000003,7999149,2019-09-07 11:53:05,btc,108.34014122202522,0.0,0.00000335,btc,1045926.68654675,0.03756106,0.521249651318975,26
1,[],10,[],2019-09-07 11:53:07,214614.27723191,0.00000353,0.00000000036754430600000005,7999150,2019-09-07 11:53:07,btc,25.713742352211646,7050.99347454,0.00000353,btc,19706.2421961,0.0,0.035049848534969,26
0,[],2,[],2019-01-20 23:25:56,0.0,0,0,6476976,2019-01-20 23:25:56,,0.0,0.0,0,,0.0,0.0,0.0,26
0.00000000006332489999999999,[],4,[],2019-09-07 11:53:08,906123643.9038367,3.0395951999999996e-17,3.1648326014304e-21,7999151,2019-09-07 11:53:08,ltc,11.575530580611922,0.0,0.00000048,ltc,963813295.3294468,0.0007037,5.150229618161399e-09,29
1,[],7,[],2019-09-07 11:53:09,0.0,0,0,7999152,2019-09-07 11:53:09,btc,13538.45281853049,0.0,0,btc,40688558.89577821,0.0,0.0,29
0,[],17,[],2019-08-21 20:55:05,0.0,0,0,7923275,2019-08-21 20:55:05,btc,0.0,0.0,0,btc,0.0,0.0,0.0,30
1,[],4,[],2019-09-07 11:53:09,14082781.75891151,0.00000007,0.000000000007288414,7999153,2019-09-07 11:53:09,btc,2.256122531079268,0.0,0.00000007,btc,1939188.23353122,0.0,0.1646808168930549,30
1,[],4,[],2019-09-07 11:53:10,200057.97695456,0.00002162,0.0000000022510787240000003,7999154,2019-09-07 11:53:10,btc,2.126470798236769,0.0,0.00002162,btc,54047.98505529,0.34633841,0.2262002474812596,31
1,[],21,[],2019-09-07 11:53:11,7438404.22509136,0.00002173999999999999852918000642,0.000000002263573148,7999155,2019-09-07 11:53:11,btc,3.2095219346182504,61594.03781199,0.0000217399999999999985291800064235445688609615899622440338134765625,btc,111211.32593651,1.39049995,3.2086135779752096,31
0,[],2,[],2019-01-20 23:28:43,0.0,0,0,6477009,2019-01-20 23:28:43,,0.0,0.0,0,,0.0,0.0,0.0,32
1,[],12,[],2019-03-30 07:55:10,40641173.964,0.00000003,0.000000000001228359,7108785,2019-03-30 07:55:10,btc,4233210.82356125,0.0,0.00000003,btc,28378394.68333462,0.0126927883965248,0.90752895892,33
0,[],4,[],2019-09-07 11:53:12,0.0,0,0,7999156,2019-09-07 11:53:12,,0.0,0.0,0,,0.0,0.0,0.0,33
0.00000000006332489999999999,[],4,[],2019-09-07 11:53:14,47263940.20698373,2.4696710999999998e-17,2.5714264886622e-21,7999157,2019-09-07 11:53:14,ltc,6.1373270797306025,0.0,0.00000039,ltc,200746192.59428287,0.0,4.45233708931086e-10,34
1,[],5,[],2019-07-06 02:03:46,0.0,0,0,7800811,2019-07-06 02:03:46,btc,0.0,0.0,0,btc,0.0,0.0,0.0,34
1,[],27,[],2019-08-12 16:26:17,6255.0,0.00000019,0.000000000021630303,7891745,2019-08-12 16:26:17,btc,22.61101824371233,0.0,0.00000019,btc,4198.924835,0.0,0.00091445,37
1,[],17,[],2019-08-21 20:55:15,210000.45146899,0.00000025,0.000000000025489949999999998,7923282,2019-08-21 20:55:15,btc,0.003138923777095,0.0,0.00000025,"btc,eth",803.94918473,0.0,0.0001001128676138302,37
1,[],4,[],2019-09-07 11:53:15,10834235.62413564,0.00000011,0.000000000011453222,7999158,2019-09-07 11:53:15,btc,19773.219600928274,0.0,0.00000011,btc,2415338.95700698,0.0001001,0.1468758989775708,37
1,[],12,[],2019-09-07 11:53:15,7899646.49417249,0.0000001,0.00000000001041202,7999159,2019-09-07 11:53:15,btc,1679.3016051613824,0.0,0.0000001,btc,2380802.74604798,0.008281492099,0.21052145608391581,37
0,[],27,[],2019-08-12 16:26:27,0.0,0,0,7891747,2019-08-12 16:26:27,,0.001005,0.0,0,"btc,eth",3.0,0.0,0.0,42
1,[],12,[],2019-09-07 11:53:17,325654.00753572,0.00000084,0.000000000087460968,7999160,2019-09-07 11:53:17,btc,486.6751298584364,0.0,0.00000084,btc,162845.02979588,0.073818837572,0.0621784566354534,42
1,[],5,[],2019-07-06 02:03:47,0.0,0,0,7800812,2019-07-06 02:03:47,btc,0.0,0.14382058,0,btc,0.0,0.0,0.0,42
1,[],12,[],2019-03-13 09:13:29,1112112.0,0.00000001,0.000000000000386531,6919902,2019-03-13 09:13:29,btc,29058.00478931866,0.0,0.00000001,btc,5967681.93306694,9.99000999e-07,0.01112112,43
1,[],5,[],2019-04-26 22:38:52,0.0,0,0,7474154,2019-04-26 22:38:52,btc,0.0,0.02638891,0,btc,0.0,0.0,0.0,43
0,[],17,[],2019-04-26 22:38:53,0.0,0,0,7474155,2019-04-26 22:38:53,btc,0.0,0.0,0,btc,0.0,0.0,0.0,43
0.00000000006332489999999999,[],4,[],2019-09-07 11:53:18,110272736.35160428,3.8628188999999997e-17,4.0219747643178e-21,7999161,2019-09-07 11:53:18,ltc,8614.7411154648,0.0,0.00000061,ltc,27111564.40040059,0.0,4.3217931372957574e-10,49
0.0000000000673771,[],4,[],2019-09-01 13:37:52,277776288.3690458,1.4149191e-17,1.3535738675004002e-21,7981780,2019-09-01 13:37:52,ltc,31254.223411918138,0.0,0.00000021,ltc,165508145.920071,0.0,2.8136254903293817e-10,52
0,[],27,[],2019-08-12 16:26:37,0.0,0,0,7891750,2019-08-12 16:26:37,,0.0,0.0,0,"btc,eth",0.0,0.0,0.0,57
0,[],22,[],2019-09-07 11:53:20,0.0,0,0,7999162,2019-09-07 11:53:20,,10290.06395626,0.0,0,,285312171.3316013,0.0,0.0,57
1,[],17,[],2019-08-21 20:55:25,1200000.0,0.0000000001,0.00000000000001019598,7923289,2019-08-21 20:55:25,btc,1e+24,0.0,0.0000000001,"btc,eth",39506342.31952568,0.0,0.00010000000036633021,58
0.00000000006332489999999999,[],4,[],2019-09-07 11:53:21,1147349880.7009025,6.33249e-19,6.593401252980001e-23,7999163,2019-09-07 11:53:21,ltc,19.713020942486065,0.0,0.00000001,ltc,5306013906.550812,0.0,7.265581646039658e-10,58
1,[],12,[],2019-09-07 11:53:22,86080315.925572,0.0000000001,0.00000000000001041202,7999164,2019-09-07 11:53:22,btc,71957437.25804879,0.0,0.0000000001,btc,5117585800.29674,0.003100968257,0.0086080315925572,58
0.0000000000727551,[],22,[],2019-09-07 11:53:25,626877.0,7.27551e-19,7.57527556302e-23,7999165,2019-09-07 11:53:25,XMR,68.17454206,0.0,0.00000001,XMR,9626402.6,0.0,0.00626877,58
0,[],27,[],2019-07-29 19:34:56,0.0,0,0,7852673,2019-07-29 19:34:56,,1.97314195,0.0,0,"btc,eth",10936.9,0.0,0.0,61
0,[],22,[],2019-08-22 14:00:27,0.0,0,0,7929496,2019-08-22 14:00:27,,1000.95212109,0.0,0,,9656.689066014545,0.0,0.0,61
1,[],26,[],2019-08-22 14:00:27,0.0,0,0,7929497,2019-08-22 14:00:27,,0.0,0.0,0,,0.0,0.0,0.0,61
1,[],28,[],2019-08-22 14:00:41,40000.0,0.00000004,0.000000000004031476,7929498,2019-08-22 14:00:41,btc,0.242343945415105,338.0,0.00000004,btc,8016.46650005,0.0,0.001,61
1,[],5,[],2019-06-17 14:31:27,0.0,0,0,7740135,2019-06-17 14:31:27,btc,0.0,0.00079154,0,btc,0.0,0.0,0.0,61
1,[],4,[],2019-09-07 11:53:26,1910279.75266989,0.00000069,0.00000000007184293800000001,7999166,2019-09-07 11:53:26,btc,2.978484415818879,0.0,0.00000069,btc,1303638.52201318,0.03408003,0.877156178549765,67
0.0,[],25,[],2019-09-07 11:53:27,0.0,0,0,7999167,2019-09-07 11:53:27,,0.0,0.0,0.0,btc,0.0,0.0,0.0,67
1,[],12,[],2019-06-02 06:23:14,910048.355,0.00000006,0.000000000005154929999999999,7725270,2019-06-02 06:23:14,btc,5.167005424215783,0.0,0.00000006,btc,738530.60239759,0.003159757462,0.0187188113,71
,[],5,[],2018-11-20 23:02:39,1.5e-07,0.00000005,0.000000000002128045,4862160,2018-11-20 23:02:39,btc,2.84511358,0.0,,btc,0.00036572,0.0,0.07381892,74
1,[],5,[],2019-07-06 00:15:01,0.0,0,0,7800749,2019-07-06 00:15:01,btc,0.0,0.01883861,0,btc,0.0,0.0,0.0,75
1,[],4,[],2019-09-07 11:53:29,184440.60320496,0.00005267,0.000000005484010934,7999168,2019-09-07 11:53:29,btc,55.92228378044401,0.0,0.00005267,btc,130395.0443109,0.99136788,1.1157677713934122,82
1,[],21,[],2019-09-07 11:53:30,779686.86548719,0.00005076000000000000189582724519,0.0000000052851413520000005,7999169,2019-09-07 11:53:30,btc,3.4767230417292727,14776.95597394,0.0000507600000000000018958272451907731692699599079787731170654296875,btc,46940.26138369,0.78024534,1.0144820730477202,82
0,[],4,[],2019-07-23 20:51:52,0.0,0,0,7830376,2019-07-23 20:51:52,,1.6413985531662756,0.0,0,,620289065.5915176,0.0,0.0,85
,[],22,[],2018-11-20 23:09:34,3408.1,0.0000001,0.0000000000041895,4862324,2018-11-20 23:09:34,BTC,0.04624735,0.0,,BTC,4990.0,0.0,0.00033081,86
1,[],27,[],2019-08-06 12:06:36,100155.0,0.00000003,0.000000000003516594,7875448,2019-08-06 12:06:36,btc,7.177196150774,345.0,0.00000003,btc,287406.89336,1.035e-05,0.00300465,87
1,[],22,[],2019-09-07 11:53:33,641188.5,0.00000002,0.000000000002082404,7999170,2019-09-07 11:53:33,BTC,1.8006685,0.0,0.00000002,BTC,991727.347368421,0.00148394,0.00664389,87
,[],2,[],2018-11-20 23:10:47,0.0,0,0,4862359,2018-11-20 23:10:47,,0.0,0.0,,,0.0,0.0,0.0,88
0,[],2,[],2019-01-20 23:31:45,0.0,0,0,6477083,2019-01-20 23:31:45,,0.0,0.0,0,,0.0,0.0,0.0,91
1,[],12,[],2019-08-21 08:36:52,425737.18747014,0.00000027,0.00000000002755863,7920587,2019-08-21 08:36:52,btc,589.0196553122464,0.0,0.00000027,btc,329461.8088511,0.000457377432,0.0207804367963476,91
0,[],17,[],2019-08-21 08:36:53,0.0,0,0,7920588,2019-08-21 08:36:53,btc,0.0,0.0,0,btc,0.0,0.0,0.0,91
1,[],22,[],2019-08-21 08:36:57,54200.0,0.00000003,0.00000000000306207,7920589,2019-08-21 08:36:57,BTC,1.05335,0.0,0.00000003,"BTC,LTC",1839.95,0.0,0.002326,91
0,[],17,[],2019-08-21 20:55:48,0.0,0,0,7923301,2019-08-21 20:55:48,btc,0.0,0.0,0,btc,0.0,0.0,0.0,96
0.00000000006332489999999999,[],4,[],2019-09-07 11:53:33,590402334.352669,8.232237e-18,8.571421628874001e-22,7999171,2019-09-07 11:53:33,ltc,18.43101463691733,0.0,0.00000013,ltc,218504899.34141088,0.0,6.265444880716346e-10,96
0,[],12,[],2019-09-07 11:53:34,0.0,0,0,7999172,2019-09-07 11:53:34,btc,109.42982144456543,0.0,0,btc,11919193.45654345,0.0,0.0,96
0,[],2,[],2019-01-20 23:23:55,0.0,0,0,6476914,2019-01-20 23:23:55,,0.0,0.0,0,,0.0,0.0,0.0,100
1,[],4,[],2019-09-07 11:53:35,127405.0590849,0.00001215,0.00000000126506043,7999173,2019-09-07 11:53:35,btc,7.763793041011213,0.0,0.00001215,btc,183524.64901809,0.07367612,0.4879984798564353,100
1,[],22,[],2019-09-02 01:52:50,146000.0,0.00000002,0.0000000000019461180000000003,7985214,2019-09-02 01:52:50,BTC,26.50623849,0.0,0.00000002,BTC,10383.92,0.0,0.00162,101
1,[],27,[],2019-08-12 16:30:59,2050161.9,0.00000005,0.0000000000056921850000000005,7891762,2019-08-12 16:30:59,btc,261.32824567561846,0.0,0.00000005,btc,285690.80442935,0.0,0.060251537,105
1,[],12,[],2019-08-26 10:09:37,94297270.0,0.000000001,0.00000000000010357180000000001,7965278,2019-08-26 10:09:37,btc,339276.63475285517,0.0,0.000000001,btc,137493066.90169865,0.002908079082,0.09429727,105
1,[],27,[],2019-08-12 16:31:06,1.0,0.00000001,0.000000000001138437,7891764,2019-08-12 16:31:06,btc,0.0,0.0,0.00000001,"btc,eth",0.0,0.0,1e-08,112
1,[],5,[],2019-07-06 00:19:31,0.0,0,0,7800761,2019-07-06 00:19:31,btc,0.0,0.0,0,btc,0.0,0.0,0.0,112
0,[],22,[],2019-09-07 11:53:39,0.0,0,0,7999174,2019-09-07 11:53:39,,6.8000547,0.0,0,,3881260.0833333335,0.0,0.0,112
1,[],5,[],2019-07-06 00:19:43,0.0,0,0,7800765,2019-07-06 00:19:43,btc,0.0,0.0,0,btc,0.0,0.0,0.0,113
1,[],4,[],2019-08-23 18:16:44,371097.09099114,0.00000094,0.000000000097689594,7938037,2019-08-23 18:16:44,btc,6.337079582375524,0.0,0.00000094,btc,946945.41992512,0.00337055,0.1031406582583925,113
1,[],17,[],2019-08-21 20:55:59,212000.0,0.00000004,0.000000000004078392,7923307,2019-08-21 20:55:59,btc,1.3335225243619424,1.12e-06,0.00000004,btc,55804.73574154,0.0,0.00218,116
1,[],27,[],2019-08-02 18:48:59,95525.16595526,0.00000001,0.000000000001045936,7866367,2019-08-02 18:48:59,btc,3918.96487209,0.0,0.00000001,btc,88497.69,0.0,0.0009552516595526,116
1,[],4,[],2019-09-07 11:53:40,20229095.49220416,0.00000089,0.000000000092666978,7999175,2019-09-07 11:53:40,btc,129.85384772427847,0.0,0.00000089,btc,1637827.86496704,0.02640307,1.380872260134023,120
1,[],7,[],2019-09-07 11:53:41,15365.69575065,0.0000081000000000000003746135346371914920382550917565822601318359375,0.0000000008433736200000001,7999176,2019-09-07 11:53:41,btc,60.76039411641767,0.0,0.0000081000000000000003746135346371914920382550917565822601318359375,btc,4537.13059959,0.0,0.0050025889799812,120
1,[],17,[],2019-08-21 20:56:04,10000.0,0.00000001,0.000000000001019598,7923311,2019-08-21 20:56:04,btc,0.0953976503951408,0.0,0.00000001,btc,5037.62507334,0.0,0.0001,131
0,[],2,[],2019-01-20 23:25:46,0.0,0,0,6476969,2019-01-20 23:25:46,,0.0,0.0,0,,0.0,0.0,0.0,131
1,[],4,[],2019-09-07 11:53:42,178972.12347549,0.00000194,0.00000000020199318800000002,7999177,2019-09-07 11:53:42,btc,2.4038031811579343,0.0,0.00000194,btc,341693.34779479,0.0132036,0.1161477175729935,131
1,[],4,[],2019-08-20 14:43:19,8549.6097675,0.00005121,0.0000000054409242329999995,7915998,2019-08-20 14:43:19,btc,0.2921428325204394,0.0,0.00005121,btc,235.83446249,0.0,0.0027602632940558,135
1,[],3,[],2019-07-13 16:51:20,187.26592867,0.00000001,0.000000000001140965,7813490,2019-07-13 16:51:20,btc,419.77407087449336,1935513.62324,0.00000001,btc,3179086.72005867,0.0,1.8726592866999999e-06,136
1,[],4,[],2019-09-07 11:53:44,532976.84416726,0.00000308,0.00000000032069021600000003,7999178,2019-09-07 11:53:44,btc,19.291070646844656,0.0,0.00000308,btc,433346.20971362,0.11343039,0.9141708649371665,137
1,[],12,[],2019-09-07 11:53:45,104221.10260525,0.00000315999999999999981465238600708556049312392133288085460662841796875,0.000000000329019832,7999179,2019-09-07 11:53:45,btc,38.54890005655774,0.0,0.00000315999999999999981465238600708556049312392133288085460662841796875,btc,41050.13320356,0.001606479423,0.030783290053377,137
1,[],17,[],2019-08-21 20:56:08,32967.38636364,0.00000088,0.00000000008972462400000001,7923315,2019-08-21 20:56:08,btc,20.069762065592148,0.0,0.00000088,btc,2746.079105,0.0,0.0105613000000032,142
1,[],4,[],2019-09-07 11:53:46,295527.96024615,0.00002801,0.0000000029164068020000004,7999180,2019-09-07 11:53:46,btc,4.508404458371519,0.0,0.00002801,btc,86685.71598069,0.53363427,0.9145554416011961,142
1,[],20,[],2019-09-07 11:53:48,108824.9949,0.000022931,0.0000000023875803062,7999181,2019-09-07 11:53:48,btc,1.275020747881,0.0,0.000022931,btc,3549.3684,0.0,0.0027948371137,142
1,[],22,[],2019-09-07 11:53:51,10619.88,0.00000200,0.00000000020824040000000002,7999182,2019-09-07 11:53:51,BTC,1.55898515,0.0,0.00000200,BTC,835.8398331062671,0.0,0.00416696,142
0.0,[],25,[],2019-09-07 11:53:54,0.0,0,0,7999183,2019-09-07 11:53:54,,0.0,0.0,0.0,btc,0.0,0.0,0.0,142
0,[],28,[],2019-09-07 11:53:55,0.0,0,0,7999184,2019-09-07 11:53:55,,0.0,0.0,0,,0.0,0.0,0.0,142
1,[],5,[],2019-07-06 02:06:10,0.0,0,0,7800822,2019-07-06 02:06:10,btc,0.0,0.00140707,0,btc,0.0,0.0,0.0,142
0,[],22,[],2019-08-21 15:01:35,0.0,0,0,7922332,2019-08-21 15:01:35,,68.14027224,0.0,0,,718000153.5744588,0.0,0.0,143
0,[],22,[],2019-02-25 15:42:22,0.0,0,0,6783783,2019-02-25 15:42:22,,4.2131946,0.0,0,,2322156.0,0.0,0.0,146
,[],22,[],2018-11-20 23:01:11,0.0,0,0,4862114,2018-11-20 23:01:11,,2.56807021,0.0,,,61828.4988236,0.0,0.0,147
1,[],12,[],2019-04-21 06:38:04,193091.5971266,0.00000071,0.000000000037635183,7388679,2019-04-21 06:38:04,btc,2.301232411611175,0.0,0.00000071,btc,9957.48302385,0.00023528,0.0313308199999888,148
1,[],5,[],2019-04-26 09:36:59,0.0,0,0,7465040,2019-04-26 09:36:59,btc,0.0,0.0,0,btc,0.0,0.0,0.0,153
0,[],23,[],2019-01-20 23:24:29,0.0,0,0,6476932,2019-01-20 23:24:29,,0.0,0.0,0,,0.0,0.0,0.0,156
0,[],22,[],2019-09-07 11:53:58,0.0,0,0,7999185,2019-09-07 11:53:58,,6.87813965,0.0,0,,4570228.592592592,0.0,0.0,156
1,[],22,[],2019-09-07 11:54:01,6996.0,0.00000001,0.000000000001041202,7999186,2019-09-07 11:54:01,BTC,1.7547719,0.0,0.00000001,BTC,64.8,0.0,6.996e-05,157
0,[],22,[],2019-08-17 00:05:41,0.0,0,0,7905012,2019-08-17 00:05:41,,50234.60468402,0.0,0,,54786159.03179465,0.0,0.0,158
,[],17,[],2018-11-20 22:56:10,0.0,0,0,4861976,2018-11-20 22:56:10,btc,1.1265625,0.0,,btc,1000.0,0.0,0.0,159
,[],20,[],2018-11-20 22:56:12,0.0,0,0,4861977,2018-11-20 22:56:12,btc,11912.7940471,0.0,,btc,34413894.3617,0.0,0.0,159
1,[],22,[],2019-09-07 11:54:05,4610.318181818182,0.00000001,0.000000000001041202,7999187,2019-09-07 11:54:05,BTC,22.8347312,0.0,0.00000001,"BTC,LTC",293247.6604070517,0.0,0.00046386,171
0.0000000000644549,[],22,[],2019-09-03 05:10:10,94000.0,6.44549e-19,6.64851004402e-23,7989885,2019-09-03 05:10:10,LTC,17.607944,0.0,0.00000001,LTC,1473441.0846050987,0.0,0.00094,173
1,[],5,[],2019-07-06 02:08:45,0.0,0,0,7800830,2019-07-06 02:08:45,btc,0.0,0.00700197,0,btc,0.0,0.0,0.0,175
0,[],22,[],2019-08-19 04:17:22,0.0,0,0,7911532,2019-08-19 04:17:22,,393.97295672,0.0,0,,135375.61833431243,0.0,0.0,176
1,[],7,[],2019-07-01 10:15:32,0.0,0,0,7783526,2019-07-01 10:15:32,btc,521516.2326888725,0.0,0,btc,26809253.73522063,0.0,0.0,178
0,[],2,[],2019-01-20 23:28:34,0.0,0,0,6477001,2019-01-20 23:28:34,,0.0,0.0,0,,0.0,0.0,0.0,178
0,[],22,[],2019-09-07 11:54:07,0.0,0,0,7999188,2019-09-07 11:54:07,,1.00205534,0.0,0,,62828.0,0.0,0.0,178
1,[],5,[],2019-07-06 02:08:50,0.0,0,0,7800832,2019-07-06 02:08:50,btc,0.0,6.904e-05,0,btc,0.0,0.0,0.0,179
0,[],23,[],2019-01-20 23:25:08,0.0,0,0,6476952,2019-01-20 23:25:08,,0.0,0.0,0,,0.0,0.0,0.0,179
0.00000000006332489999999999,[],22,[],2019-09-07 11:54:11,685749.7,1.899747e-17,1.978020375894e-21,7999189,2019-09-07 11:54:11,LTC,10.20937404,0.0,0.0000003,LTC,14612113.811946675,0.0,0.20572491,179
1,[],17,[],2019-08-21 20:57:03,32504.725000000002,0.00000015,0.00000000001529397,7923326,2019-08-21 20:57:03,btc,5.201614863967379,8e-06,0.00000015,btc,5020.40125,0.0,0.0029504724999999997,180
1,[],22,[],2019-09-07 11:54:15,899406.2863636364,0.00000035,0.000000000036442070000000005,7999190,2019-09-07 11:54:15,BTC,2.96647879,0.0,0.00000035,"BTC,LTC",251818.19936367098,0.00010955,1.30349348,180
1,[],26,[],2019-09-07 11:54:15,0.0,0,0,7999191,2019-09-07 11:54:15,,0.0,0.0,0,,0.0,0.0,0.0,180
,[],7,[],2018-11-20 22:58:01,562227.975654,0.00000085,0.000000000036176765,4862015,2018-11-20 22:58:01,btc,21836.6059674,2491.87645172,,btc,749999.041456,0.00211021,0.127565380455,183
,[],5,[],2019-01-10 08:11:41,0.0,0,0,6347036,2019-01-10 08:11:41,btc,82.15055501,0.00261,,btc,1.19002445,0.0,0.0,187
,[],17,[],2018-11-16 20:58:10,4062536.27273,0.00000001,0.000000000000550501,4708775,2018-11-16 20:58:10,btc,3.36492563466,0.195460381006,,"btc,eth",110697919.549,0.0,0.0157628953496,187
1,[],24,[],2019-05-22 21:04:52,0.0,0.000000000014,0.0000000000000010960978,7670219,2019-05-22 21:04:52,btc,0.0,0.0,0.000000000014,btc,0.0,0.0,0.0,187
0,[],23,[],2019-01-20 23:31:41,0.0,0,0,6477079,2019-01-20 23:31:41,,0.0,0.0,0,,0.0,0.0,0.0,199
0,[],22,[],2019-09-07 11:54:17,0.0,0,0,7999192,2019-09-07 11:54:17,,6.97417052,0.0,0,,108405779.0,0.0,0.0,199
1,[],26,[],2019-09-07 11:54:17,0.0,0,0,7999193,2019-09-07 11:54:17,,0.0,0.0,0,,0.0,0.0,0.0,199
1,[],4,[],2019-01-25 15:51:35,2084389.58565343,0.00000936,0.000000000333526752,6499557,2019-01-25 15:51:35,btc,2.0092503037378524,0.0,0.00000936,btc,160195.80207885,0.19272417,1.242687955921835,211
1,[],7,[],2019-07-01 02:21:28,1170054124.6898527,0.00000018,0.000000000019815389999999997,7782694,2019-07-01 02:21:28,btc,1346735.6331920293,0.0,0.00000018,btc,5516233.71348162,0.0,11.954344045954047,212
0,[],22,[],2019-08-19 07:38:07,0.0,0,0,7911940,2019-08-19 07:38:07,,6.8412543,0.0,0,,3272264.174064925,0.0,0.0,216
1,[],27,[],2019-08-12 16:37:52,320029.088,0.00000001,0.000000000001138437,7891783,2019-08-12 16:37:52,btc,176.0318120012664,0.0,0.00000001,"btc,ltc",485496.05456794,0.0,0.00320029088,216
1,[],22,[],2019-09-07 11:54:22,518180.2446886447,0.00000014,0.000000000014576828,7999194,2019-09-07 11:54:22,BTC,12055.7891487,0.0,0.00000014,BTC,590072.6653112386,0.01562812,0.03330416,217
0,[],22,[],2019-08-29 16:52:21,0.0,0,0,7978120,2019-08-29 16:52:21,,4.69007484,0.0,0,,180254.70709740353,0.0,0.0,221
1,[],24,[],2019-08-29 16:52:22,0.0,0.000000010000,0.000000000000950592,7978121,2019-08-29 16:52:22,btc,0.0,0.0,0.000000010000,btc,0.0,0.0,0.0,221
1,[],26,[],2019-09-07 11:54:22,0.0,0,0,7999195,2019-09-07 11:54:22,,0.0,0.0,0,,0.0,0.0,0.0,231
0.0000000001859265,[],27,[],2019-08-12 16:38:10,100.0,1.859265e-18,2.1166560688050002e-22,7891787,2019-08-12 16:38:10,eth,0.0,0.0,0.00000001,"btc,eth",0.0,0.0,1.8592649999999999e-16,234
1,[],26,[],2019-09-07 11:54:22,0.0,0,0,7999196,2019-09-07 11:54:22,,0.0,0.0,0,,0.0,0.0,0.0,234
1,[],5,[],2019-07-06 02:11:21,0.0,0,0,7800842,2019-07-06 02:11:21,btc,0.0,0.10652887,0,btc,0.0,0.0,0.0,237
1,[],20,[],2019-09-07 11:54:24,45520992.9857,0.000000029,0.0000000000030194858,7999197,2019-09-07 11:54:24,btc,521.1051769949364,6780883.5329,0.000000029,btc,33873563.5566,0.1873347124844,0.3218689121643,237
1,[],22,[],2019-09-07 11:54:28,1837861.0,0.00000001,0.000000000001041202,7999198,2019-09-07 11:54:28,BTC,1.20569942,0.0,0.00000001,"BTC,LTC",60432.94871794872,0.0,0.01837861,237
1,[],5,[],2019-07-06 02:11:32,0.0,0,0,7800846,2019-07-06 02:11:32,btc,0.0,0.05525444,0,btc,0.0,0.0,0.0,238
1,[],4,[],2019-08-18 21:55:28,28766182.9187235,0.00000006,0.0000000000062177580000000004,7910606,2019-08-18 21:55:28,btc,2.1262004590211685,0.0,0.00000006,btc,15667280.40051822,0.02567584,0.5811165339764514,238
0.0000000000711565,[],22,[],2019-08-17 13:20:25,419253.0,7.115650000000001e-19,7.3700771814e-23,7906682,2019-08-17 13:20:25,LTC,0.40427224,0.0,0.00000001,LTC,496363.0639027493,0.0,0.00419253,249
0,[],22,[],2019-09-07 11:54:30,0.0,0,0,7999199,2019-09-07 11:54:30,,13.4488406,0.0,0,,43819581.3426455,0.0,0.0,252
0,[],28,[],2019-09-07 11:54:31,0.0,0,0,7999200,2019-09-07 11:54:31,,0.0,0.0,0,,0.0,0.0,0.0,256
0.0000000000916764,[],22,[],2019-07-23 20:12:22,1517.0,9.16764e-19,9.31930943616e-23,7830286,2019-07-23 20:12:22,LTC,31474.63788373,0.0,0.00000001,LTC,1024398.9185893413,0.0,1.517e-05,258
1,[],5,[],2019-07-02 14:44:15,0.0,0,0,7788374,2019-07-02 14:44:15,btc,0.0,0.02775788,0,btc,0.0,0.0,0.0,264
1,[],20,[],2019-09-07 11:54:33,931506.1257,0.00000031,0.000000000032277262,7999201,2019-09-07 11:54:33,btc,0.4743636126026,11881.7844,0.00000031,btc,60656.3867,0.00378525339,0.0143448901797,264
0,[],22,[],2019-08-27 11:47:19,0.0,0,0,7977618,2019-08-27 11:47:19,,33050469.74148113,0.0,0,,14261527780.7,0.0,0.0,272
0.0000000000000025860000000000002,[],28,[],2019-08-27 11:47:30,139196263259.852,3.1032000000000002e-22,3.1535059752e-26,7977619,2019-08-27 11:47:30,doge,1708945031879160.8,7392150085.764,0.00000012,doge,49126229218.319,0.0,3.124217329408538e-11,272
0,[],22,[],2019-09-07 11:54:35,0.0,0,0,7999202,2019-09-07 11:54:35,,73.4668573,0.0,0,,1523613.3487135023,0.0,0.0,286
