pairValue,buyBook,exchangeId,sellBook,updated,buyTotal,satoshiPrice,usdPrice,exchangeLogId,created,bestPair,sellTotalBtc,volume,pairPrice,activePairs,sellTotal,volumeBtc,buyTotalBtc,coinId
0,[],2,[],2019-01-20 23:28:45,0.0,0,0,6477011,2019-01-20 23:28:45,,0.0,0.0,0,,0.0,0.0,0.0,1
1,[],3,[],2019-07-02 07:35:37,32165.681379998812,0.0083591099999999994574206851893904968164861202239990234375,0.000000829969344612,7787240,2019-07-02 07:35:37,btc,9.32742066222933,79.7538117144,0.0083591099999999994574206851893904968164861202239990234375,btc,37.28795040602,0.0,0.25692611337753823,1
1,[],4,[],2019-07-02 07:35:37,208315.60678121,0.00842350,0.0000008363625762000001,7787241,2019-07-02 07:35:37,btc,7.854197933119708,0.0,0.00842350,btc,367.39212389,6.69952848,1.1715696367177848,1
1,[],5,[],2019-07-02 07:35:40,0.0,0,0,7787242,2019-07-02 07:35:40,btc,0.0,0.01265813,0,btc,0.0,0.0,0.0,1
1,[],10,[],2019-07-02 07:35:43,246567.64946838,0.00303554,0.00000030139633816800003,7787243,2019-07-02 07:35:43,btc,6525.537642642301,1352.47676551,0.00303554,btc,1913.52622183,0.0,1.38910455001692,1
1,[],12,[],2019-07-02 07:35:45,101.35653031,0.0086199999999999991906474150482608820311725139617919921875,0.0000008558729039999999,7787244,2019-07-02 07:35:45,btc,0.6492673966125,0.0,0.0086199999999999991906474150482608820311725139617919921875,btc,27.61801225,1.800974524553,0.1881965818823,1
1,[],20,[],2019-07-02 07:35:47,928.6463,0.00820009,0.000000814180376028,7787245,2019-07-02 07:35:47,btc,0.1442956893391,0.9773,0.00820009,btc,10.6591,0.009479905246,0.1297644660946,1
1,[],21,[],2019-07-02 07:35:49,2400.04332512,0.008646930000000000587911941352,0.0000008585467621560001,7787246,2019-07-02 07:35:49,btc,10.681123144466358,3630.7266299,0.0086469300000000005879119413521038950420916080474853515625,"btc,eth",1797.03441147,29.074425205205067,13.879205214077393,1
1,[],22,[],2019-07-02 07:35:53,1.5199,0.00850000,0.0000008439582,7787247,2019-07-02 07:35:53,BTC,0.01667896,0.0,0.00850000,BTC,0.2541810146658512,0.0,0.00927189,1
1,[],24,[],2019-07-02 07:35:54,0.0,0.000000000000,0,7787248,2019-07-02 07:35:54,btc,0.0,0.0,0.000000000000,btc,0.0,0.0,0.0,1
0.0,[],25,[],2019-07-02 07:35:54,0.0,0,0,7787249,2019-07-02 07:35:54,btc,41.77709999870368,3500.8848763,0.0,btc,4662.08683692,29.302,0.0,1
1,[],26,[],2019-07-02 07:35:57,0.0,0,0,7787250,2019-07-02 07:35:57,,0.0,0.0,0,,0.0,0.0,0.0,1
1,[],28,[],2019-07-02 07:36:14,1039.924,0.00730000,0.0000007248111600000001,7787251,2019-07-02 07:36:14,btc,0.374000830075,120400.55,0.00730000,btc,23.7132,0.0,0.268011296,1
1,[],5,[],2019-06-17 14:29:02,0.0,0,0,7740076,2019-06-17 14:29:02,btc,0.0,2.72e-05,0,btc,0.0,0.0,0.0,2
1,[],22,[],2019-06-17 14:29:06,11550.3,0.0000002,0.0000000000185828,7740077,2019-06-17 14:29:06,BTC,21.00897301,0.0,0.0000002,"BTC,XMR",20678.87287795317,1.754e-05,0.00143681,2
1,[],5,[],2019-06-03 14:48:58,0.0,0,0,7731126,2019-06-03 14:48:58,btc,0.0,0.05905545,0,btc,0.0,0.0,0.0,3
1,[],12,[],2019-06-03 14:48:59,3468623.70302,0.000000116,0.000000000009823402000000002,7731127,2019-06-03 14:48:59,btc,169531.0336573751,0.0,0.000000116,btc,2361209.62379607,0.041350953071,0.33764769154428,3
0,[],28,[],2019-06-03 14:49:00,0.0,0,0,7731128,2019-06-03 14:49:00,,0.0,0.0,0,,0.0,0.0,0.0,3
0,[],2,[],2019-01-20 23:31:32,0.0,0,0,6477077,2019-01-20 23:31:32,,0.0,0.0,0,,0.0,0.0,0.0,4
1,[],4,[],2019-05-18 21:29:50,562734.9206932,0.00000010,0.000000000007298720000000001,7650946,2019-05-18 21:29:50,btc,41.9347137769675,0.0,0.00000010,btc,1123702.32192634,0.00052462,0.029254593370966,4
0,[],12,[],2019-06-02 05:03:43,0.0,0,0,7724919,2019-06-02 05:03:43,btc,625.901992874995,0.0,0,btc,1211362.4995005,0.0,0.0,5
0,[],2,[],2019-01-20 23:31:51,0.0,0,0,6477087,2019-01-20 23:31:51,,0.0,0.0,0,,0.0,0.0,0.0,6
1,[],11,[],2019-07-02 07:36:16,6821070.27673599,0.00000001,0.000000000000992892,7787252,2019-07-02 07:36:16,btc,9583.616939622212,3293000.0,0.00000001,btc,78402670.53970686,0.0,0.0682107027673599,6
1,[],3,[],2019-07-02 07:36:17,13520.209549040317,0.000060279999999999998839227133284879300845204852521419525146484375,0.000000005985152976,7787253,2019-07-02 07:36:17,btc,1026.2881026120372,627.29874475,0.000060279999999999998839227133284879300845204852521419525146484375,btc,381.631643874402,0.0,0.021301869437974352,7
1,[],4,[],2019-07-02 07:36:18,317466.31851383,0.00007405,0.00000000735236526,7787254,2019-07-02 07:36:18,btc,7.119197361811411,0.0,0.00007405,btc,49430.72299104,2.18964198,2.1121007062887736,7
1,[],5,[],2019-07-02 07:36:19,0.0,0,0,7787255,2019-07-02 07:36:19,btc,0.0,0.12792482,0,btc,0.0,0.0,0.0,7
1,[],20,[],2019-04-07 22:06:50,3201475.0482,0.000000001,0.000000000000051590000000000004,7213932,2019-04-07 22:06:50,btc,30.8005781811902,0.0,0.000000001,btc,23077405.3926,0.0,0.0032014750482,8
0,[],2,[],2019-01-20 23:22:42,0.0,0,0,6476876,2019-01-20 23:22:42,,0.0,0.0,0,,0.0,0.0,0.0,9
0,[],23,[],2019-01-20 23:22:48,0.0,0,0,6476878,2019-01-20 23:22:48,,0.0,0.0,0,,0.0,0.0,0.0,9
1,[],1,[],2019-02-17 23:31:42,1822507.21,0.00000181000000000000003456111265232042484285557293333113193511962890625,0.000000000066086901,6701244,2019-02-17 23:31:42,btc,3.6990969245,17153386.5,0.00000181000000000000003456111265232042484285557293333113193511962890625,btc,1997391.71,31.11772986,3.2610482446,9
1,[],4,[],2019-07-02 07:36:22,1877956.92888125,0.00000039,0.000000000038722788000000003,7787256,2019-07-02 07:36:22,btc,2.79707896337171,0.0,0.00000039,btc,3037497.67323594,0.31867141,0.3165993819170509,9
1,[],28,[],2019-07-02 07:36:30,20043.809,0.00000042,0.000000000041701464,7787257,2019-07-02 07:36:30,btc,2708.79281520645,107049.0,0.00000042,btc,55180.794,0.0,0.00270157978,9
1,[],4,[],2019-02-17 11:22:43,4341674.27126056,0.00000002,0.0000000000007272960000000001,6696112,2019-02-17 11:22:43,btc,0.1997230937751353,0.0,0.00000002,btc,4109766.79808031,0.00215132,0.0479381022052112,10
0,[],2,[],2019-01-20 23:23:08,0.0,0,0,6476890,2019-01-20 23:23:08,,0.0,0.0,0,,0.0,0.0,0.0,12
1,[],4,[],2019-07-02 07:36:31,6783045.38418562,0.00000027,0.000000000026808084,7787258,2019-07-02 07:36:31,btc,7.84095099907704,0.0,0.00000027,btc,9821808.46565142,0.50552149,0.7515666897197741,12
1,[],5,[],2019-07-02 07:36:33,0.0,0,0,7787259,2019-07-02 07:36:33,btc,0.0,0.00600143,0,btc,0.0,0.0,0.0,12
0.0,[],25,[],2019-07-02 07:36:35,0.0,0,0,7787260,2019-07-02 07:36:35,,0.0,0.0,0.0,btc,0.0,0.0,0.0,12
1,[],10,[],2019-07-02 06:36:01,613920.9994116,0.0000026,0.00000000025705836,7787146,2019-07-02 06:36:01,btc,666798.4309044867,10043.2453603,0.0000026,btc,1043645.94562989,0.0,0.2710486656414437,13
1,[],4,[],2019-07-02 07:36:36,547802.75757175,0.00000273,0.000000000271059516,7787261,2019-07-02 07:36:36,btc,2.1700844104811576,0.0,0.00000273,btc,392999.4714665,0.25956391,0.299243344262489,13
1,[],21,[],2019-07-02 07:36:40,7145657.19750893,0.000002740000000000000024240592172,0.000000000272052408,7787262,2019-07-02 07:36:40,btc,2.713232200756016,929678.76068447,0.0000027400000000000000242405921724309081355386297218501567840576171875,btc,725239.32794675,2.40403822,3.073197341071421,13
1,[],12,[],2019-07-02 07:36:42,196080.78260869,0.00000033,0.000000000032765436,7787264,2019-07-02 07:36:42,btc,191.4892160542333,0.0,0.00000033,btc,39280.06442848,0.001018917292,0.0070037299999987,14
1,[],26,[],2019-07-02 07:38:42,0.0,0.00000050,0.0000000000496446,7787265,2019-07-02 07:38:42,btc,0.0,0.0,0.00000050,btc,0.0,0.0,0.0,14
0,[],17,[],2019-05-03 00:53:32,0.0,0,0,7558876,2019-05-03 00:53:32,btc,0.0,0.0,0,btc,0.0,0.0,0.0,14
1,[],4,[],2019-07-02 07:36:41,1039840.98632277,0.00000038,0.000000000037729896,7787263,2019-07-02 07:36:41,btc,2.748299863536989,0.0,0.00000038,btc,758446.62662491,0.00431629,0.1079714091107741,14
0,[],4,[],2019-07-02 07:38:43,0.0,0,0,7787266,2019-07-02 07:38:43,,0.0,0.0,0,,0.0,0.0,0.0,15
,[],12,[],2018-12-01 15:15:48,204241.84496,0.00000489,0.000000000202473384,5260204,2018-12-01 15:15:48,btc,49.5475654835,0.0,,btc,35763.2193806,0.0163153972027625,0.0203389899998,15
1,[],4,[],2019-07-02 07:38:45,33900.65345935,0.00000825,0.0000000008191359000000001,7787267,2019-07-02 07:38:45,btc,2.35356134970564,0.0,0.00000825,btc,15522.88967201,0.04909384,0.0620975867867675,18
1,[],10,[],2019-07-02 07:38:47,426747.75677764,0.00000808,0.0000000008022567360000001,7787268,2019-07-02 07:38:47,btc,15.05439225160306,3197.7899399,0.00000808,btc,18124.98895717,0.0,0.3965133543389755,18
1,[],12,[],2019-07-02 07:38:48,2162.06220512,0.0000080600000000000007575884364285911942715756595134735107421875,0.000000000800270952,7787269,2019-07-02 07:38:48,btc,0.529409439915353,0.0,0.0000080600000000000007575884364285911942715756595134735107421875,btc,1922.07839621,4.803e-07,0.0044415518259522,18
0,[],2,[],2019-01-20 23:23:38,0.0,0,0,6476906,2019-01-20 23:23:38,,0.0,0.0,0,,0.0,0.0,0.0,18
0,[],17,[],2019-05-03 00:53:39,0.0,0,0,7558882,2019-05-03 00:53:39,btc,0.0,0.0,0,btc,0.0,0.0,0.0,18
1,[],3,[],2019-07-02 07:40:49,160996.52335164,0.00000800999999999999954224116915924014392658136785030364990234375,0.000000000795306492,7787270,2019-07-02 07:40:49,btc,190.33589017443586,15936.0573282,0.00000800999999999999954224116915924014392658136785030364990234375,btc,18738.029873510633,0.0,0.10841139029264331,19
1,[],4,[],2019-07-02 07:40:50,285245.47487263,0.00000626,0.0000000006215503920000001,7787271,2019-07-02 07:40:50,btc,2.7878182225454777,0.0,0.00000626,btc,196843.56653276,0.71083146,1.1395410275278046,19
1,[],5,[],2019-07-02 07:40:51,0.0,0,0,7787272,2019-07-02 07:40:51,btc,0.0,0.0,0,btc,0.0,0.0,0.0,19
1,[],12,[],2019-07-02 07:40:54,107410.74314557,0.000005800000000000000372813759030865554677802720107138156890869140625,0.00000000057587736,7787273,2019-07-02 07:40:54,btc,0.36853472015861477,0.0,0.000005800000000000000372813759030865554677802720107138156890869140625,btc,2991.38421058,0.0,0.0101668599998518,19
0,[],27,[],2019-07-02 07:40:59,0.0,0,0,7787274,2019-07-02 07:40:59,,0.0,0.0,0,btc,0.0,0.0,0.0,19
0,[],2,[],2019-01-20 23:24:19,0.0,0,0,6476924,2019-01-20 23:24:19,,0.0,0.0,0,,0.0,0.0,0.0,19
1,[],4,[],2019-07-02 07:41:00,9925191.09278478,0.00000005,0.00000000000496446,7787275,2019-07-02 07:41:00,btc,5.162858526649613,0.0,0.00000005,btc,2244806.83713707,0.0,0.1102994166205056,20
0,[],4,[],2019-07-02 07:41:01,0.0,0,0,7787276,2019-07-02 07:41:01,,13630.873913937572,0.0,0,,166213653.47370672,0.0,0.0,21
0,[],12,[],2019-07-02 07:41:02,0.0,0,0,7787277,2019-07-02 07:41:02,btc,2602.9596942075027,0.0,0,btc,9905028.54845151,3.996e-08,0.0,21
0,[],17,[],2019-05-03 00:53:51,0.0,0,0,7558891,2019-05-03 00:53:51,btc,0.0,0.0,0,btc,0.0,0.0,0.0,21
1,[],12,[],2019-07-02 07:43:04,6189388353.864567,0.0000000006,0.00000000000005957352,7787278,2019-07-02 07:43:04,btc,1426620312880.1362,0.0,0.0000000006,btc,2972690583.669463,0.196200973834,1.9387124646454834,23
0.0000000002811399,[],27,[],2019-07-02 07:43:11,34380857.01298692,8.7153369e-17,8.6533882853148e-21,7787279,2019-07-02 07:43:11,eth,1280.12129885,18262192.0,0.00000031,eth,4165119.466,1.591611558124848e-09,5.706808683869694e-10,23
1,[],4,[],2019-06-22 05:45:29,6100414.07522138,0.00000017,0.00000000001823352,7751732,2019-06-22 05:45:29,btc,10.22685272773715,0.0,0.00000017,btc,1790815.48208265,0.0,0.1345450262400025,24
0,[],22,[],2019-06-22 05:45:31,0.0,0,0,7751733,2019-06-22 05:45:31,,6.22e-05,0.0,0,,517.4264705882352,0.0,0.0,24
0.0,[],25,[],2019-06-22 05:45:32,0.0,0,0,7751734,2019-06-22 05:45:32,,0.0,0.0,0.0,btc,0.0,0.0,0.0,24
1,[],4,[],2019-07-02 07:43:12,26936159.89625577,0.00000356,0.000000000353469552,7787280,2019-07-02 07:43:12,btc,7.630490484556617,0.0,0.00000356,btc,200060.54144531,0.08239295,0.3727021098580963,26
1,[],10,[],2019-07-02 07:43:14,128776.62477859,0.00000461,0.000000000457723212,7787281,2019-07-02 07:43:14,btc,26.157704986368486,5469.32609658,0.00000461,btc,19877.09180117,0.0,0.0478253680750934,26
0,[],2,[],2019-01-20 23:25:56,0.0,0,0,6476976,2019-01-20 23:25:56,,0.0,0.0,0,,0.0,0.0,0.0,26
1,[],5,[],2019-04-26 09:47:06,0.0,0,0,7465326,2019-04-26 09:47:06,btc,0.0,0.0,0,btc,0.0,0.0,0.0,27
1,[],3,[],2019-06-17 14:30:26,13571825.64059417,0.00000001,0.00000000000092914,7740112,2019-06-17 14:30:26,btc,3.485049956644059,4264730.43754,0.00000001,btc,23500048.28518193,0.0,0.1357182564059417,27
1,[],11,[],2019-06-17 14:30:28,2031833.58157834,0.00000001,0.00000000000092914,7740113,2019-06-17 14:30:28,btc,67502.92060589766,32677.9652116,0.00000001,btc,6487362.95640949,0.0,0.0203183358157834,27
0.0000000001164059,[],4,[],2019-07-02 07:43:15,464014176.39657265,8.3812248e-17,8.3216510541216e-21,7787282,2019-07-02 07:43:15,ltc,10.535695118898948,0.0,0.00000072,ltc,662739110.59732,0.00485681,6.848594670267359e-09,29
1,[],7,[],2019-07-02 07:43:16,0.0,0,0,7787283,2019-07-02 07:43:16,btc,46548272.6498603,231235.0,0,btc,50346161.35551066,0.00231235,0.0,29
1,[],4,[],2019-07-02 07:43:17,15247247.18640204,0.00000004,0.000000000003971568,7787284,2019-07-02 07:43:17,btc,2.574271176878842,0.0,0.00000004,btc,2263873.01112021,0.0,0.1669783403867238,30
0,[],17,[],2019-05-03 01:11:25,0.0,0,0,7559066,2019-05-03 01:11:25,btc,0.0,0.0,0,btc,0.0,0.0,0.0,30
1,[],4,[],2019-07-02 07:45:17,233613.57449722,0.00003161,0.000000003138531612,7787285,2019-07-02 07:45:17,btc,4.221064445122814,0.0,0.00003161,btc,66858.05122089,0.32942681,0.6298401415371495,31
1,[],21,[],2019-07-02 07:45:19,242403.29745741,0.00003287000000000000208069672603,0.0000000032636360040000003,7787286,2019-07-02 07:45:19,btc,5.099443847948193,133401.25712684,0.0000328700000000000020806967260256215013214386999607086181640625,btc,123447.20440527,4.27475038,3.1997318095928047,31
0,[],2,[],2019-01-20 23:28:43,0.0,0,0,6477009,2019-01-20 23:28:43,,0.0,0.0,0,,0.0,0.0,0.0,32
0,[],4,[],2019-07-02 07:45:20,0.0,0,0,7787287,2019-07-02 07:45:20,,0.0,0.0,0,,0.0,0.0,0.0,33
1,[],12,[],2019-03-30 07:55:10,40641173.964,0.00000003,0.000000000001228359,7108785,2019-03-30 07:55:10,btc,4233210.82356125,0.0,0.00000003,btc,28378394.68333462,0.0126927883965248,0.90752895892,33
0.0000000001164059,[],4,[],2019-07-02 07:45:21,148276572.95874426,5.7038891e-17,5.6633458562772e-21,7787288,2019-07-02 07:45:21,ltc,4.569281506899983,0.0,0.00000049,ltc,168093909.03926185,0.0,6.756827469432658e-10,34
1,[],5,[],2019-07-02 07:45:22,0.0,0,0,7787289,2019-07-02 07:45:22,btc,0.0,0.0,0,btc,0.0,0.0,0.0,34
0.0000000002926451,[],17,[],2019-05-02 18:17:47,200000.0,2.9264510000000002e-18,1.596703856561e-22,7556430,2019-05-02 18:17:47,eth,0.20942468735267253,0.0,0.00000001,"btc,eth",1018272.20243647,0.0,5.852902e-13,36
0.0000000001311821,[],4,[],2019-05-31 13:28:19,2417517744.0607657,1.311821e-18,1.105058333085e-22,7717483,2019-05-31 13:28:19,ltc,5.019900492391546e-08,0.0,0.00000001,ltc,7102398142.262129,0.0,3.171350544531538e-09,36
1,[],5,[],2019-05-31 13:28:21,0.0,0,0,7717484,2019-05-31 13:28:21,btc,0.0,0.0,0,btc,0.0,0.0,0.0,36
0.0000000003108179,[],27,[],2019-05-31 13:30:34,10388811.226876,6.216358000000001e-18,5.236566733830001e-22,7717485,2019-05-31 13:30:34,eth,1569.8708019850988,761866.634299,0.00000002,"ltc,eth",5084024.2511555,4.736034912207001e-12,3.3251980286483705e-11,36
1,[],4,[],2019-06-25 10:05:55,10747826.61931615,0.00000014,0.000000000015920562,7762320,2019-06-25 10:05:55,btc,19773.05513423956,0.0,0.00000014,btc,682946.14349671,0.0006293,0.1362851255028938,37
1,[],12,[],2019-06-25 10:05:57,4167862.54235103,0.00000013,0.000000000014783379,7762321,2019-06-25 10:05:57,btc,7.381091518261743,0.0,0.00000013,btc,1713444.53926904,0.016313049979,0.1478110147956336,37
1,[],27,[],2019-06-25 10:08:02,10970.0,0.00000019,0.000000000021606477,7762322,2019-06-25 10:08:02,btc,22.62970013895233,0.0,0.00000019,btc,4298.824295,0.0,0.00167419,37
1,[],17,[],2019-05-03 01:11:36,211752.74075282,0.00000025,0.000000000013700074999999998,7559074,2019-05-03 01:11:36,btc,0.055484923955058496,0.0,0.00000025,"btc,eth",1387.19918473,0.0,0.0005381851887916605,37
1,[],5,[],2019-07-02 07:45:23,0.0,0,0,7787290,2019-07-02 07:45:23,btc,0.0,0.1823472,0,btc,0.0,0.0,0.0,42
1,[],12,[],2019-07-02 07:45:24,190385.88221881,0.000001410000000000000052661867921965921368609997443854808807373046875,0.00000000013999777200000001,7787291,2019-07-02 07:45:24,btc,525.2808699102304,0.0,0.000001410000000000000052661867921965921368609997443854808807373046875,btc,142777.7508957,0.0243309992,0.0434911171138671,42
1,[],27,[],2019-07-02 07:45:32,10300.0,0.00000003,0.000000000002978676,7787292,2019-07-02 07:45:32,btc,0.07600425,0.0,0.00000003,"btc,eth",18.0,0.0,0.000306,42
1,[],12,[],2019-03-13 09:13:29,1112112.0,0.00000001,0.000000000000386531,6919902,2019-03-13 09:13:29,btc,29058.00478931866,0.0,0.00000001,btc,5967681.93306694,9.99000999e-07,0.01112112,43
1,[],5,[],2019-04-26 22:38:52,0.0,0,0,7474154,2019-04-26 22:38:52,btc,0.0,0.02638891,0,btc,0.0,0.0,0.0,43
0,[],17,[],2019-04-26 22:38:53,0.0,0,0,7474155,2019-04-26 22:38:53,btc,0.0,0.0,0,btc,0.0,0.0,0.0,43
1,[],12,[],2019-03-05 01:54:08,639326.02,0.00000004,0.000000000001486676,6845775,2019-03-05 01:54:08,btc,11116042.728239931,0.0,0.00000004,btc,1103841.4595604,0.0003330765234764,0.014975410599999999,44
0.0000000001164059,[],4,[],2019-07-02 07:45:33,109907815.42477383,5.0054537e-17,4.9698749351003996e-21,7787293,2019-07-02 07:45:33,ltc,2762.219809374927,0.0,0.00000043,ltc,28225867.0879774,0.0,5.295516569941008e-10,49
0.0000000001164059,[],4,[],2019-07-02 07:45:33,316867668.7466907,2.4445238999999998e-17,2.4271482241188e-21,7787294,2019-07-02 07:45:33,ltc,28254.246318592002,0.0,0.00000021,ltc,195861599.42028102,0.0,2.1261493187945398e-09,52
0,[],22,[],2019-07-02 07:45:37,0.0,0,0,7787295,2019-07-02 07:45:37,,10289.80784133,0.0,0,,287058287.4566013,0.0,0.0,57
0,[],27,[],2019-07-02 07:45:43,0.0,0,0,7787296,2019-07-02 07:45:43,,0.0,0.0,0,"btc,eth",0.0,0.0,0.0,57
0,[],4,[],2019-07-02 07:45:44,0.0,0,0,7787297,2019-07-02 07:45:44,,19.71886695894365,0.0,0,,6084141365.982692,0.000499,0.0,58
0,[],12,[],2019-07-02 07:45:46,0.0,0,0,7787298,2019-07-02 07:45:46,btc,654721545.9597882,0.0,0,btc,3769897937.027929,0.000969395905,0.0,58
0.00000000008779779999999999,[],22,[],2019-07-02 07:47:49,126877.0,8.77978e-19,8.71737332376e-23,7787299,2019-07-02 07:47:49,XMR,68.17454206,0.0,0.00000001,XMR,9626402.6,0.0,0.00126877,58
1,[],17,[],2019-05-03 01:12:09,1200000.0,0.0000000001,0.00000000000000548003,7559085,2019-05-03 01:12:09,btc,1e+24,0.0,0.0000000001,"btc,eth",39516342.31952568,0.0,0.00010000000058666061,58
1,[],5,[],2019-06-17 14:31:27,0.0,0,0,7740135,2019-06-17 14:31:27,btc,0.0,0.00079154,0,btc,0.0,0.0,0.0,61
1,[],22,[],2019-06-17 14:31:30,13612.833333333334,0.00000012,0.00000000001114968,7740136,2019-06-17 14:31:30,BTC,1002.29123003,0.0,0.00000012,BTC,15014.200177125656,0.0,0.00153257,61
1,[],26,[],2019-06-17 14:31:30,0.0,0.00000050,0.000000000046457,7740137,2019-06-17 14:31:30,btc,0.0,0.0,0.00000050,btc,0.0,0.0,0.0,61
1,[],27,[],2019-06-17 14:31:36,8400.0,0.00000018,0.00000000001672452,7740138,2019-06-17 14:31:36,btc,1.9742539297246655,0.0,0.00000018,"btc,eth",10953.51663696,0.0,0.001512,61
0,[],28,[],2019-06-17 14:31:38,0.0,0,0,7740139,2019-06-17 14:31:38,,0.0,0.0,0,,0.0,0.0,0.0,61
1,[],4,[],2019-07-02 07:47:51,1650384.13746318,0.00000046,0.000000000045673032,7787300,2019-07-02 07:47:51,btc,3.2741549564971626,0.0,0.00000046,btc,1146621.52388337,0.06879058,0.1584246717990924,67
0.0,[],25,[],2019-07-02 07:47:53,0.0,0,0,7787301,2019-07-02 07:47:53,,0.0,0.0,0.0,btc,0.0,0.0,0.0,67
1,[],12,[],2019-06-02 06:23:14,910048.355,0.00000006,0.000000000005154929999999999,7725270,2019-06-02 06:23:14,btc,5.167005424215783,0.0,0.00000006,btc,738530.60239759,0.003159757462,0.0187188113,71
,[],5,[],2018-11-20 23:02:39,1.5e-07,0.00000005,0.000000000002128045,4862160,2018-11-20 23:02:39,btc,2.84511358,0.0,,btc,0.00036572,0.0,0.07381892,74
1,[],5,[],2019-07-02 07:47:55,0.0,0,0,7787302,2019-07-02 07:47:55,btc,0.0,0.00335066,0,btc,0.0,0.0,0.0,75
1,[],4,[],2019-06-04 03:25:15,715281.46076168,0.00000001,0.000000000000803619,7734085,2019-06-04 03:25:15,btc,581089.6218469425,0.0,0.00000001,btc,37692563.61091116,0.0,0.0071528146076168,81
0,[],20,[],2019-01-25 09:30:31,0.0,0,0,6495923,2019-01-25 09:30:31,btc,0.0,0.0,0,btc,0.0,0.0,0.0,81
1,[],4,[],2019-07-02 07:47:56,184228.64277111,0.00006033,0.000000005990117436,7787303,2019-07-02 07:47:56,btc,59.16569816509768,0.0,0.00006033,btc,127844.92489959,0.55641505,0.2457389744236484,82
1,[],21,[],2019-07-02 07:47:58,328630.26238345,0.00007050000000000000602122518512,0.000000006999888600000001,7787304,2019-07-02 07:47:58,btc,4.557958635589078,4794.55005727,0.00007050000000000000602122518511549742470378987491130828857421875,btc,48215.06170844,0.33593126,3.7299166713689225,82
0,[],17,[],2019-03-25 22:42:34,0.0,0,0,7038780,2019-03-25 22:42:34,btc,0.0445064681804024,0.0,0,btc,995513.18476001,0.0,0.0,84
0.0000000001161485,[],4,[],2019-05-20 13:09:39,216715621.0206096,1.161485e-18,9.0533806701e-23,7657228,2019-05-20 13:09:39,ltc,1.6511566870244727,0.0,0.00000001,ltc,471032407.9048656,0.0,2.5171194308112273e-10,85
,[],22,[],2018-11-20 23:09:34,3408.1,0.0000001,0.0000000000041895,4862324,2018-11-20 23:09:34,BTC,0.04624735,0.0,,BTC,4990.0,0.0,0.00033081,86
1,[],22,[],2019-06-26 09:07:19,62694.0,0.00000005,0.0000000000063518149999999994,7766682,2019-06-26 09:07:19,BTC,1.85249053,0.0,0.00000005,BTC,287024.94736842107,0.0003,0.00062846,87
1,[],27,[],2019-06-26 09:07:25,361781.0,0.0000002,0.000000000025407259999999998,7766683,2019-06-26 09:07:25,btc,19.86923154858,99950.0,0.0000002,btc,548343.482,0.01999,0.01237888,87
,[],2,[],2018-11-20 23:10:47,0.0,0,0,4862359,2018-11-20 23:10:47,,0.0,0.0,,,0.0,0.0,0.0,88
1,[],11,[],2019-06-17 14:31:59,193715.3529613,0.000073310000000000001140094962881477158589405007660388946533203125,0.00000000681152534,7740147,2019-06-17 14:31:59,btc,168.35454702024953,5791.70569014,0.000073310000000000001140094962881477158589405007660388946533203125,btc,196971.41170107,0.0,1.1996165759440112,89
0,[],2,[],2019-01-20 23:31:45,0.0,0,0,6477083,2019-01-20 23:31:45,,0.0,0.0,0,,0.0,0.0,0.0,91
1,[],12,[],2019-07-02 07:47:59,397739.86165239,0.00000028,0.000000000027800976,7787305,2019-07-02 07:47:59,btc,122.17354354089834,0.0,0.00000028,btc,295685.96526394,0.000329926826,0.0260186131538378,91
1,[],22,[],2019-07-02 07:50:07,75900.0,0.00000001,0.000000000000992892,7787306,2019-07-02 07:50:07,BTC,0.495,0.0,0.00000001,"BTC,LTC",4.95,0.0,0.001659,91
0,[],17,[],2019-05-03 01:12:26,0.0,0,0,7559096,2019-05-03 01:12:26,btc,0.0,0.0,0,btc,0.0,0.0,0.0,91
1,[],22,[],2019-07-02 07:50:11,94060.0,0.00000002,0.000000000001985784,7787307,2019-07-02 07:50:11,BTC,11.46045669,0.0,0.00000002,"BTC,LTC",340838.4683191416,0.0,0.0662712,95
0.0000000001164059,[],4,[],2019-07-02 07:50:12,537835460.8799856,2.9101475e-17,2.88946217157e-21,7787308,2019-07-02 07:50:12,ltc,10.91629629760231,0.0,0.00000025,ltc,153908903.60553408,0.0,7.737002699861081e-10,96
0,[],12,[],2019-07-02 07:50:14,0.0,0,0,7787309,2019-07-02 07:50:14,btc,36.53971721651349,0.0,0,btc,9958979.65134864,1.998e-08,0.0,96
0,[],17,[],2019-05-03 01:12:32,0.0,0,0,7559100,2019-05-03 01:12:32,btc,0.0,0.0,0,btc,0.0,0.0,0.0,96
1,[],4,[],2019-04-14 03:32:46,1039404.33283278,0.00000038,0.000000000019245518,7293458,2019-04-14 03:32:46,btc,4.170086055365747,0.0,0.00000038,btc,3097704.34561074,0.06260606,0.1859928211030784,99
1,[],4,[],2019-07-02 07:52:15,187584.47936577,0.00001269,0.0000000012599799480000001,7787310,2019-07-02 07:52:15,btc,8.252186825470122,0.0,0.00001269,btc,168077.98907643,0.22916713,0.5097835399952968,100
0,[],2,[],2019-01-20 23:23:55,0.0,0,0,6476914,2019-01-20 23:23:55,,0.0,0.0,0,,0.0,0.0,0.0,100
1,[],22,[],2019-06-05 06:30:35,150000.0,0.00000002,0.000000000001558192,7740007,2019-06-05 06:30:35,BTC,28.56386409,0.0,0.00000002,BTC,12787.719,0.0,0.0017,101
1,[],4,[],2019-07-02 07:52:16,449174.48403374,0.00000146,0.000000000144962232,7787311,2019-07-02 07:52:16,btc,882.6461816099725,0.0,0.00000146,btc,755109.17573766,0.01316763,0.0634930825237477,103
1,[],12,[],2019-06-17 14:32:14,179201505.10870332,0.000000005,0.00000000000046457,7740154,2019-06-17 14:32:14,btc,113577.79366343976,0.0,0.000000005,btc,79148141.67831126,0.019059029059,0.27280986350611003,105
1,[],27,[],2019-06-17 14:32:19,18306828.03496503,0.00000002,0.00000000000185828,7740155,2019-06-17 14:32:19,btc,180.7198218385489,1083.96503497,0.00000002,btc,276513.60142659,7.588e-05,0.3661365606993006,105
1,[],22,[],2019-04-21 00:17:26,21333.0,0.00000001,0.000000000000532493,7385819,2019-04-21 00:17:26,BTC,51.38182867,0.0,0.00000001,BTC,470435.0,0.0,0.00021333,107
1,[],26,[],2019-04-21 00:17:26,0.0,0.00000000,0,7385820,2019-04-21 00:17:26,btc,0.0,0.0,0.00000000,btc,0.0,0.0,0.0,107
1,[],5,[],2019-07-02 07:52:18,0.0,0,0,7787312,2019-07-02 07:52:18,btc,0.0,0.0,0,btc,0.0,0.0,0.0,112
0,[],22,[],2019-07-02 07:52:21,0.0,0,0,7787313,2019-07-02 07:52:21,,6.79500102,0.0,0,,3375892.0833333335,0.0,0.0,112
1,[],27,[],2019-07-02 07:52:28,1.0,0.00000001,0.000000000000992892,7787314,2019-07-02 07:52:28,btc,0.0,0.0,0.00000001,"btc,eth",0.0,0.0,1e-08,112
1,[],4,[],2019-07-02 07:52:29,1002638.62009078,0.00000037,0.000000000036737004,7787315,2019-07-02 07:52:29,btc,6.566103585442033,0.0,0.00000037,btc,1004210.72737699,0.00536377,0.1218232795060097,113
1,[],5,[],2019-07-02 07:52:30,0.0,0,0,7787316,2019-07-02 07:52:30,btc,0.0,0.00252136,0,btc,0.0,0.0,0.0,113
1,[],17,[],2019-04-26 02:17:47,162738.278,0.00000004,0.0000000000021069000000000002,7461287,2019-04-26 02:17:47,btc,1.3331140273775473,0.0,0.00000004,btc,51796.221,0.0,0.00230953112,116
1,[],27,[],2019-05-22 05:13:01,210000.0,0.00000001,0.00000000000079145,7666372,2019-05-22 05:13:01,btc,3919.0005001478,0.0,0.00000001,btc,128660.871,0.0,0.0021,116
1,[],4,[],2019-05-21 22:31:11,138169.03963019,0.00000701,0.000000000558364025,7664793,2019-05-21 22:31:11,btc,150.95388250938234,0.0,0.00000701,btc,344631.17141974,0.07552974,0.4288357684941946,120
1,[],7,[],2019-05-21 22:31:12,3901.07750076,0.000010679999999999999389654892212320191902108490467071533203125,0.0000000008506887,7664794,2019-05-21 22:31:12,btc,231188.94669936574,0.0,0.000010679999999999999389654892212320191902108490467071533203125,btc,4133.83151364,0.0,0.0113888422364489,120
1,[],20,[],2019-04-07 18:42:29,1914137.0852,0.000000035,0.0000000000017871910000000002,7211992,2019-04-07 18:42:29,btc,32.2497668025648,25528.85,0.000000035,btc,1001975.4986,0.00089350975,0.0152723574729,125
1,[],22,[],2019-06-17 14:32:38,10000.0,0.00000001,0.00000000000092914,7740161,2019-06-17 14:32:38,BTC,0.032061,0.0,0.00000001,BTC,299316.7611111111,0.0,0.0001,126
0,[],2,[],2019-01-20 23:25:46,0.0,0,0,6476969,2019-01-20 23:25:46,,0.0,0.0,0,,0.0,0.0,0.0,131
1,[],17,[],2019-05-03 01:13:10,10000.0,0.00000001,0.000000000000548003,7559115,2019-05-03 01:13:10,btc,0.0953976503951408,0.0,0.00000001,btc,5037.62507334,0.0,0.0001,131
1,[],4,[],2019-07-01 04:28:32,590754.62293327,0.00000338,0.000000000376936248,7782890,2019-07-01 04:28:32,btc,2.8525130367360445,0.0,0.00000338,btc,192252.70961539,0.09127328,0.5629290691005338,131
1,[],4,[],2019-06-17 14:32:42,4848.49465417,0.00007919,0.00000000735785966,7740163,2019-06-17 14:32:42,btc,0.9905723729472744,0.0,0.00007919,btc,202.13055914,0.0,0.0061509344290166,135
1,[],3,[],2019-06-05 06:33:11,40600.27748212,0.00000001,0.000000000000779096,7740019,2019-06-05 06:33:11,btc,0.2308097808993716,2146378.52189,0.00000001,btc,2477992.76904676,0.0,0.0004060027748212,136
1,[],4,[],2019-07-02 07:52:33,238744.42510583,0.00000152,0.000000000150919584,7787317,2019-07-02 07:52:33,btc,112.54659685960199,0.0,0.00000152,btc,522404.86628,0.01552312,0.2073010241788555,137
1,[],12,[],2019-07-02 07:52:34,67577.2559445,0.00000141999999999999995691814247411599581027985550463199615478515625,0.000000000140990664,7787318,2019-07-02 07:52:34,btc,57.90310055653365,0.0,0.00000141999999999999995691814247411599581027985550463199615478515625,btc,82371.41598678,1.552e-05,0.0147351299999543,137
1,[],4,[],2019-07-02 07:52:35,469171.07157647,0.00000868,0.0000000008618302560000001,7787319,2019-07-02 07:52:35,btc,3.3783760859667127,0.0,0.00000868,btc,131678.70987793,0.07738606,0.3459037391389923,142
1,[],5,[],2019-07-02 07:52:36,0.0,0,0,7787320,2019-07-02 07:52:36,btc,0.0,0.00186196,0,btc,0.0,0.0,0.0,142
1,[],20,[],2019-07-02 07:54:38,112978.4694,0.000005948,0.0000000005905721616,7787321,2019-07-02 07:54:38,btc,1.5696897381923,24.4656,0.000005948,btc,9983.8451,0.0002478924498,0.0063536829023,142
1,[],22,[],2019-07-02 07:54:41,10820.0,0.00000600,0.0000000005957352,7787322,2019-07-02 07:54:41,BTC,2.99759384,0.0,0.00000600,BTC,835.7198755539798,0.0,0.0053672,142
0.0,[],25,[],2019-07-02 07:54:44,0.0,0,0,7787323,2019-07-02 07:54:44,,0.0,0.0,0.0,btc,0.0,0.0,0.0,142
1,[],28,[],2019-07-02 07:54:51,76110.0,0.00001110,0.00000000110211012,7787324,2019-07-02 07:54:51,btc,0.438587390411,2178.0,0.00001110,btc,1381.1951,0.0,0.0042182,142
1,[],17,[],2019-05-03 01:13:16,32967.38636364,0.00000088,0.000000000048224264,7559122,2019-05-03 01:13:16,btc,20.06976206696776,0.0,0.00000088,btc,2746.079105,0.0,0.0105613000000032,142
0,[],22,[],2019-07-02 07:54:54,0.0,0,0,7787325,2019-07-02 07:54:54,,67.43964479,0.0,0,,716790536.7744589,0.0,0.0,143
0,[],22,[],2019-02-25 15:42:22,0.0,0,0,6783783,2019-02-25 15:42:22,,4.2131946,0.0,0,,2322156.0,0.0,0.0,146
,[],22,[],2018-11-20 23:01:11,0.0,0,0,4862114,2018-11-20 23:01:11,,2.56807021,0.0,,,61828.4988236,0.0,0.0,147
1,[],12,[],2019-04-21 06:38:04,193091.5971266,0.00000071,0.000000000037635183,7388679,2019-04-21 06:38:04,btc,2.301232411611175,0.0,0.00000071,btc,9957.48302385,0.00023528,0.0313308199999888,148
1,[],4,[],2019-03-19 21:31:25,255810.0415942,0.00000029,0.000000000011615747,6982695,2019-03-19 21:31:25,btc,218.94922712414143,0.0,0.00000029,btc,793529.37642722,0.00117,0.0608347789473395,152
0,[],22,[],2019-03-19 21:31:27,0.0,0,0,6982696,2019-03-19 21:31:27,,0.0,0.0,0,,0.0,0.0,0.0,152
1,[],5,[],2019-04-26 09:36:59,0.0,0,0,7465040,2019-04-26 09:36:59,btc,0.0,0.0,0,btc,0.0,0.0,0.0,153
,[],16,[],2019-01-11 15:38:59,0.0,0,0,6366141,2019-01-11 15:38:59,btc,0.0,0.0,,btc,0.0,0.0,0.0,155
0,[],23,[],2019-01-20 23:24:29,0.0,0,0,6476932,2019-01-20 23:24:29,,0.0,0.0,0,,0.0,0.0,0.0,156
0,[],22,[],2019-06-04 06:02:09,0.0,0,0,7734688,2019-06-04 06:02:09,,7.43375324,0.0,0,,5955762.942592593,0.0,0.0,156
1,[],22,[],2019-07-02 07:54:59,6996.0,0.00000001,0.000000000000992892,7787326,2019-07-02 07:54:59,BTC,1.7543039,0.0,0.00000001,BTC,57.0,0.0,6.996e-05,157
0,[],22,[],2019-05-21 23:40:32,0.0,0,0,7665049,2019-05-21 23:40:32,,50234.60468402,0.0,0,,54786159.03179465,0.0,0.0,158
,[],17,[],2018-11-20 22:56:10,0.0,0,0,4861976,2018-11-20 22:56:10,btc,1.1265625,0.0,,btc,1000.0,0.0,0.0,159
,[],20,[],2018-11-20 22:56:12,0.0,0,0,4861977,2018-11-20 22:56:12,btc,11912.7940471,0.0,,btc,34413894.3617,0.0,0.0,159
1,[],12,[],2019-05-24 02:51:20,9178.522006449999,0.00000191999999999999982841307998027158276954651228152215480804443359375,0.000000000151222656,7676256,2019-05-24 02:51:20,btc,149.80414728631675,0.0,0.00000191999999999999982841307998027158276954651228152215480804443359375,btc,1115.7451448499999,0.01783167678326,0.0120075778999181,168
1,[],17,[],2019-05-03 01:13:36,42852.0,0.00000002,0.000000000001096006,7559132,2019-05-03 01:13:36,btc,0.04279856251542,0.0,0.00000002,btc,274.46171372,0.0,0.00052852,168
1,[],22,[],2019-05-17 03:01:52,10.0,0.00000001,0.000000000000778341,7642059,2019-05-17 03:01:52,BTC,41.95893009,0.0,0.00000001,BTC,1753972.7737547632,0.0,1e-07,169
1,[],22,[],2019-05-30 08:38:18,202834.0,0.00000002,0.0000000000017416160000000001,7711049,2019-05-30 08:38:18,BTC,27.87002826,0.0,0.00000002,BTC,462189.5410507793,0.0,0.00211768,171
1,[],22,[],2019-05-29 08:05:18,349870.0,0.00000002,0.000000000001705894,7705265,2019-05-29 08:05:18,BTC,24.05907723,0.0,0.00000002,"BTC,LTC",1224285.4355616204,0.0,0.0039847,173
1,[],5,[],2019-07-02 07:55:01,0.0,0,0,7787327,2019-07-02 07:55:01,btc,0.0,0.00188655,0,btc,0.0,0.0,0.0,175
1,[],22,[],2019-06-17 14:33:12,90671.0,0.00000001,0.00000000000092914,7740175,2019-06-17 14:33:12,BTC,394.35459412,0.0,0.00000001,BTC,136275.61833431243,0.0,0.00090671,176
1,[],22,[],2019-07-02 07:55:08,30.0,0.00000001,0.000000000000992892,7787328,2019-07-02 07:55:08,BTC,1.00242428,0.0,0.00000001,BTC,57512.0,0.0,3e-07,178
1,[],7,[],2019-07-01 10:15:32,0.0,0,0,7783526,2019-07-01 10:15:32,btc,521516.2326888725,0.0,0,btc,26809253.73522063,0.0,0.0,178
0,[],2,[],2019-01-20 23:28:34,0.0,0,0,6477001,2019-01-20 23:28:34,,0.0,0.0,0,,0.0,0.0,0.0,178
1,[],5,[],2019-07-02 07:55:09,0.0,0,0,7787329,2019-07-02 07:55:09,btc,0.0,5e-06,0,btc,0.0,0.0,0.0,179
0,[],22,[],2019-07-02 07:55:12,0.0,0,0,7787330,2019-07-02 07:55:12,,9.36109742,0.0,0,,14660694.311946675,0.0,0.0,179
0,[],23,[],2019-01-20 23:25:08,0.0,0,0,6476952,2019-01-20 23:25:08,,0.0,0.0,0,,0.0,0.0,0.0,179
1,[],22,[],2019-07-02 07:57:17,704273.7796068796,0.00000037,0.000000000036737004,7787331,2019-07-02 07:57:17,BTC,40.64467817,0.0,0.00000037,"BTC,LTC",197650.411571008,0.00194676,0.57594944,180
1,[],26,[],2019-07-02 07:57:17,0.0,0.00000010,0.00000000000992892,7787332,2019-07-02 07:57:17,btc,0.0,0.0,0.00000010,btc,0.0,0.0,0.0,180
1,[],17,[],2019-05-03 01:13:56,20504.725000000002,0.0000001,0.00000000000548003,7559141,2019-05-03 01:13:56,btc,5.2010695838400265,0.0,0.0000001,btc,5033.45945,0.0,0.0011504725,180
,[],7,[],2018-11-20 22:58:01,562227.975654,0.00000085,0.000000000036176765,4862015,2018-11-20 22:58:01,btc,21836.6059674,2491.87645172,,btc,749999.041456,0.00211021,0.127565380455,183
,[],5,[],2019-01-10 08:11:41,0.0,0,0,6347036,2019-01-10 08:11:41,btc,82.15055501,0.00261,,btc,1.19002445,0.0,0.0,187
,[],17,[],2018-11-16 20:58:10,4062536.27273,0.00000001,0.000000000000550501,4708775,2018-11-16 20:58:10,btc,3.36492563466,0.195460381006,,"btc,eth",110697919.549,0.0,0.0157628953496,187
1,[],24,[],2019-05-22 21:04:52,0.0,0.000000000014,0.0000000000000010960978,7670219,2019-05-22 21:04:52,btc,0.0,0.0,0.000000000014,btc,0.0,0.0,0.0,187
0,[],22,[],2019-04-25 02:54:07,0.0,0,0,7447896,2019-04-25 02:54:07,,7.54794454,0.0,0,,76361.7243344055,0.0,0.0,191
0,[],22,[],2019-06-17 14:33:34,0.0,0,0,7740182,2019-06-17 14:33:34,,0.0,0.0,0,,0.0,0.0,0.0,197
0,[],23,[],2019-01-20 23:31:41,0.0,0,0,6477079,2019-01-20 23:31:41,,0.0,0.0,0,,0.0,0.0,0.0,199
0,[],22,[],2019-07-02 07:57:20,0.0,0,0,7787333,2019-07-02 07:57:20,,10.58263174,0.0,0,,84280969.0,0.0,0.0,199
1,[],26,[],2019-07-02 07:57:20,0.0,0.00000000,0,7787334,2019-07-02 07:57:20,btc,0.0,0.0,0.00000000,btc,0.0,0.0,0.0,199
0,[],2,[],2019-01-20 23:30:49,0.0,0,0,6477059,2019-01-20 23:30:49,,0.0,0.0,0,,0.0,0.0,0.0,201
1,[],4,[],2019-01-25 15:51:35,2084389.58565343,0.00000936,0.000000000333526752,6499557,2019-01-25 15:51:35,btc,2.0092503037378524,0.0,0.00000936,btc,160195.80207885,0.19272417,1.242687955921835,211
1,[],7,[],2019-07-01 02:21:28,1170054124.6898527,0.00000018,0.000000000019815389999999997,7782694,2019-07-01 02:21:28,btc,1346735.6331920293,0.0,0.00000018,btc,5516233.71348162,0.0,11.954344045954047,212
1,[],12,[],2019-01-25 02:44:32,207462.42853209,0.000001080000000000000035831255497387193287295303889550268650054931640625,0.000000000038610756000000006,6493050,2019-01-25 02:44:32,btc,85023.03793723314,0.0,0.000001080000000000000035831255497387193287295303889550268650054931640625,btc,43675.73520027,0.000146250909087,0.0348620860622024,213
1,[],5,[],2019-05-30 00:07:46,0.0,0,0,7709357,2019-05-30 00:07:46,btc,0.0,0.06425239,0,btc,0.0,0.0,0.0,213
1,[],24,[],2019-05-30 00:07:46,0.0,0.000000399202,0.0000000000344859829346,7709358,2019-05-30 00:07:46,btc,0.0,0.0,0.000000399202,btc,0.0,0.0,0.0,213
1,[],26,[],2019-05-30 00:07:47,0.0,0.00000040,0.000000000034554919999999996,7709359,2019-05-30 00:07:47,btc,0.0,0.0,0.00000040,btc,0.0,0.0,0.0,213
0,[],22,[],2019-07-02 07:57:26,0.0,0,0,7787335,2019-07-02 07:57:26,,9.54523049,0.0,0,,3658586.2040649247,0.0,0.0,216
0,[],27,[],2019-07-02 07:57:35,0.0,0,0,7787336,2019-07-02 07:57:35,,1998.7959391893976,0.0,0,"btc,ltc",546678.29534794,0.0,0.0,216
1,[],22,[],2019-07-02 07:57:38,526115.4,0.0000002,0.00000000001985784,7787337,2019-07-02 07:57:38,BTC,12055.86547113,0.0,0.0000002,BTC,591444.099660349,0.00100404,0.03721086,217
0,[],27,[],2019-07-02 07:57:45,0.0,0,0,7787338,2019-07-02 07:57:45,,250.20642758069673,0.0,0,btc,46772.535837,0.0,0.0,219
0.0000000000000030769999999999997,[],28,[],2019-07-02 07:57:54,3312820234.054,6.947865999999999e-19,6.898480568472e-23,7787339,2019-07-02 07:57:54,doge,125846.04510800431,6955.0,0.00022580,"btc,doge",120666781.230909,0.0,2.695724500669722e-11,219
1,[],7,[],2019-06-27 19:02:35,0.0,0,0,7772298,2019-06-27 19:02:35,btc,2123800.2774640615,0.0,0,btc,82333746.4752352,0.0,0.0,219
0,[],22,[],2019-06-26 23:36:41,0.0,0,0,7769178,2019-06-26 23:36:41,,56.75439223,0.0,0,,184664.6482738741,0.0,0.0,221
1,[],24,[],2019-06-26 23:36:41,0.0,0.000000030000,0.000000000003835668,7769179,2019-06-26 23:36:41,btc,0.0,0.0,0.000000030000,btc,0.0,0.0,0.0,221
1,[],20,[],2019-06-17 14:34:11,26882155.8301,0.000000003,0.000000000000278742,7740192,2019-06-17 14:34:11,btc,100050.81956632523,233521.3529,0.000000003,btc,38769742.8604,0.0007925640587,0.0306863532672,224
0,[],22,[],2019-06-17 14:34:13,0.0,0,0,7740193,2019-06-17 14:34:13,,0.0,0.0,0,,0.0,0.0,0.0,224
1,[],26,[],2019-07-02 07:57:54,0.0,0.00000022,0.000000000021843624,7787340,2019-07-02 07:57:54,btc,0.0,0.0,0.00000022,btc,0.0,0.0,0.0,231
1,[],26,[],2019-07-02 07:57:55,0.0,0.00000005,0.00000000000496446,7787341,2019-07-02 07:57:55,btc,0.0,0.0,0.00000005,btc,0.0,0.0,0.0,234
0.0000000002811399,[],27,[],2019-07-02 07:58:04,100.0,2.811399e-18,2.791415575908e-22,7787342,2019-07-02 07:58:04,eth,0.0,0.0,0.00000001,"btc,eth",0.0,0.0,2.811399e-16,234
1,[],4,[],2019-05-22 17:06:12,91780.56053785,0.00000078,0.000000000061977552,7669277,2019-05-22 17:06:12,btc,5.573372450018177,0.0,0.00000078,btc,729173.93529783,0.0,0.0307060663355679,236
1,[],24,[],2019-05-22 17:06:12,0.0,0.000000010000,0.000000000000794584,7669278,2019-05-22 17:06:12,btc,0.0,0.0,0.000000010000,btc,0.0,0.0,0.0,236
1,[],5,[],2019-07-02 07:58:05,0.0,0,0,7787343,2019-07-02 07:58:05,btc,0.0,0.52572932,0,btc,0.0,0.0,0.0,237
1,[],22,[],2019-07-02 07:58:10,2104238.0,0.00000005,0.00000000000496446,7787344,2019-07-02 07:58:10,BTC,1.20109922,0.0,0.00000005,"BTC,LTC",14430.948717948719,0.0025999,0.02759381,237
1,[],20,[],2019-07-02 06:57:33,127273261.1668,0.000000056,0.0000000000055366416,7787229,2019-07-02 06:57:33,btc,548.9249337292472,8320929.6906,0.000000056,btc,43605308.965,0.4708027538206,0.7981777237158,237
1,[],4,[],2019-07-02 07:58:12,25836974.40033764,0.00000005,0.00000000000496446,7787345,2019-07-02 07:58:12,btc,2.814963096933517,0.0,0.00000005,btc,13805911.37379006,0.14868665,0.3986735169118814,238
1,[],5,[],2019-07-02 07:58:13,0.0,0,0,7787346,2019-07-02 07:58:13,btc,0.0,0.02271553,0,btc,0.0,0.0,0.0,238
0,[],22,[],2019-03-12 16:49:32,0.0,0,0,6914458,2019-03-12 16:49:32,,0.40415746,0.0,0,,526736.5639027493,0.0,0.0,249
0,[],22,[],2019-05-28 23:53:45,0.0,0,0,7703643,2019-05-28 23:53:45,,13.44714864,0.0,0,,43777534.3426455,0.0,0.0,252
1,[],28,[],2019-07-02 07:58:21,1008583.88,0.00000005,0.00000000000496446,7787347,2019-07-02 07:58:21,btc,3.69282021808,88675.12,0.00000005,btc,5076303.4534,0.0,0.032246389,256
1,[],22,[],2019-07-02 07:58:25,481444.0,0.00000001,0.000000000000992892,7787348,2019-07-02 07:58:25,BTC,31471.48537874,0.0,0.00000001,"BTC,LTC",1164536.0289488921,0.00015,0.00721444,258
1,[],22,[],2019-05-19 18:12:02,400.0,0.00000001,0.0000000000007957800000000001,7653905,2019-05-19 18:12:02,BTC,2.415167,0.0,0.00000001,BTC,157.0,0.0,4e-06,259
1,[],5,[],2019-07-02 07:58:27,0.0,0,0,7787349,2019-07-02 07:58:27,btc,0.0,0.02663794,0,btc,0.0,0.0,0.0,264
1,[],20,[],2019-07-02 07:58:28,953289.831,0.000000178,0.0000000000176734776,7787350,2019-07-02 07:58:28,btc,1.1507330656826,21745.0762,0.000000178,btc,65222.866,0.0069951285516,0.004956325887,264
0,[],22,[],2019-04-12 17:57:27,0.0,0,0,7278186,2019-04-12 17:57:27,,66.37522201,0.0,0,,677842.4169881374,0.0,0.0,271
0,[],22,[],2019-07-02 07:58:32,0.0,0,0,7787351,2019-07-02 07:58:32,,33050469.74148113,0.0,0,,14261527780.7,0.0,0.0,272
0.0000000000000030769999999999997,[],28,[],2019-07-02 07:58:39,382107684394.712,5.5386e-22,5.4992316312e-26,7787352,2019-07-02 07:58:39,doge,282951254.4912692,14610879974.4749,0.00000018,doge,328125884852.3654,0.0,9.015905984074915e-11,272
1,[],22,[],2019-05-23 07:12:29,219930.0,0.00000004,0.000000000003048688,7671985,2019-05-23 07:12:29,BTC,426.77835217,0.0,0.00000004,BTC,248664.3325962929,0.0,0.00739728,281
1,[],22,[],2019-07-02 07:58:44,1369083.4,0.00000002,0.000000000001985784,7787353,2019-07-02 07:58:44,BTC,7.87612365,0.0,0.00000002,"BTC,LTC",1134291.797623037,0.006716230000116872,0.0239455,286
0,[],22,[],2019-06-17 14:34:53,0.0,0,0,7740207,2019-06-17 14:34:53,,7337915.80475575,0.0,0,,2078527309.6797826,0.0,0.0,294
