pairValue,buyBook,exchangeId,sellBook,updated,buyTotal,satoshiPrice,usdPrice,exchangeLogId,created,bestPair,sellTotalBtc,volume,pairPrice,activePairs,sellTotal,volumeBtc,buyTotalBtc,coinId
1,[],12,[],2019-02-05 10:17:05,10423.93429431,0.012330000000000000681676937119846115820109844207763671875,0.00000042807294000000007,6588991,2019-02-05 10:17:05,btc,0.3453412155178,0.0,0.012330000000000000681676937119846115820109844207763671875,btc,21.61376014,1.0155539589409,0.19759175439270002,1
0,[],2,[],2019-01-20 23:28:45,0.0,0,0,6477011,2019-01-20 23:28:45,,0.0,0.0,0,,0.0,0.0,0.0,1
1,[],3,[],2019-02-05 11:06:12,126.275709523981,0.01233167999999999937810191141807081294246017932891845703125,0.00000042809057169599996,6589171,2019-02-05 11:06:12,btc,107.06546234740372,0.31692584,0.01233167999999999937810191141807081294246017932891845703125,btc,21.956954970772003,0.0,0.3375715053968301,1
1,[],4,[],2019-02-05 11:06:14,120230.58415048,0.01252477,0.00000043479363311899996,6589172,2019-02-05 11:06:14,btc,0.9064739335469716,0.0,0.01252477,btc,69.52679527,1.50608524,2.5653257409437247,1
1,[],5,[],2019-02-05 11:06:16,0.2260522,0.01220015,0.00000042352454720499997,6589173,2019-02-05 11:06:16,btc,14578.05877451,0.95952823,0.01220015,btc,35555556.12148402,0.0,1.44520795,1
1,[],10,[],2019-02-05 11:06:18,415008.4061268,0.0121503,0.00000042179401941,6589174,2019-02-05 11:06:18,btc,6532.849825523873,1304.27352327,0.0121503,btc,1011.18830801,0.0,4.232414359106888,1
1,[],20,[],2019-02-05 11:06:52,1149.1772,0.01200001,0.00000041657674714699997,6589175,2019-02-05 11:06:52,btc,0.0580330504203,0.0,0.01200001,btc,2.5989,0.0,0.0843085388377,1
1,[],21,[],2019-02-05 11:06:53,2577.57950128,0.01236922000000000021469048761,0.000000429393761534,6589176,2019-02-05 11:06:53,btc,20.97915966250302,2872.34342213,0.01236922000000000021469048760991427116096019744873046875,"btc,eth",2288.68939264,33.479190089824385,24.042338006291565,1
1,[],22,[],2019-02-05 11:06:57,0.0263776,0.01350000,0.00000046864845,6589177,2019-02-05 11:06:57,BTC,0.31397231,0.0,0.01350000,BTC,0.10124366666666666,0.0,0.00034472,1
1,[],24,[],2019-02-05 11:06:58,0.0,0.000000000000,0,6589178,2019-02-05 11:06:58,btc,0.0,0.0,0.000000000000,btc,0.0,0.0,0.0,1
0.0,[],25,[],2019-02-05 11:09:14,0.0,0,0,6589179,2019-02-05 11:09:14,btc,11.253399998414697,0.0,0.0,btc,856.02317768,0.0,0.0,1
1,[],26,[],2019-02-05 11:09:24,0.0,0,0,6589180,2019-02-05 11:09:24,,0.0,0.0,0,,0.0,0.0,0.0,1
1,[],28,[],2019-02-05 11:09:26,987.9,0.01131000,0.000000392623257,6589181,2019-02-05 11:09:26,btc,0.162839806,10407.05,0.01131000,btc,8.9,0.0,0.024551096,1
1,[],5,[],2019-02-05 11:09:27,2.073e-05,0.00000072,0.000000000024994584,6589182,2019-02-05 11:09:27,btc,0.16002744,0.00631093,0.00000072,btc,7.025e-05,0.0,0.45796896,2
0,[],22,[],2019-02-05 11:09:29,0.0,0,0,6589183,2019-02-05 11:09:29,,0.0,0.0,0,,0.0,0.0,0.0,2
1,[],5,[],2019-02-05 11:09:31,1.25e-06,0.00000016,0.0000000000055543519999999996,6589184,2019-02-05 11:09:31,btc,3.59074555,1.1404847,0.00000016,btc,2.204e-05,0.0,3.03620479,3
0,[],28,[],2019-02-05 11:10:03,0.0,0,0,6589185,2019-02-05 11:10:03,,0.0,0.0,0,,0.0,0.0,0.0,3
1,[],12,[],2019-02-05 10:17:35,12414660.63341982,0.000000168,0.000000000005832624,6589002,2019-02-05 10:17:35,btc,921361.519216626,0.0,0.000000168,btc,8093923.95973079,0.08346529827131287,0.5321375837051748,3
1,[],4,[],2019-02-05 11:10:04,359751.31010758,0.00000031,0.000000000010761556999999999,6589186,2019-02-05 11:10:04,btc,0.3275961604327516,0.0,0.00000031,btc,333566.61586634,0.00022455,0.0400242231999018,4
0,[],2,[],2019-01-20 23:31:32,0.0,0,0,6477077,2019-01-20 23:31:32,,0.0,0.0,0,,0.0,0.0,0.0,4
1,[],12,[],2019-02-05 11:10:05,1427852.5219999999,0.00000005,0.0000000000017357349999999998,6589187,2019-02-05 11:10:05,btc,11013878.260533443,0.0,0.00000005,btc,907526.39031991,0.0018816659240752,0.02893419044,5
1,[],11,[],2019-02-05 11:10:07,11214209.4999525,0.00000002,0.0000000000006942939999999999,6589188,2019-02-05 11:10:07,btc,9433.341960784097,37900.0,0.00000002,btc,41366268.85169307,0.0,0.18784467499905,6
0,[],2,[],2019-01-20 23:31:51,0.0,0,0,6477087,2019-01-20 23:31:51,,0.0,0.0,0,,0.0,0.0,0.0,6
1,[],3,[],2019-02-05 11:10:08,1069.652384675756,0.000150559999999999995050348200464895853656344115734100341796875,0.0000000052266452319999995,6589189,2019-02-05 11:10:08,btc,28.510202753279106,0.0,0.000150559999999999995050348200464895853656344115734100341796875,btc,234.145665820227,0.0,0.030997767816609203,7
1,[],4,[],2019-02-05 11:10:08,22666.80823694,0.00020004,0.0000000069443285879999996,6589190,2019-02-05 11:10:08,btc,3.163074902343305,0.0,0.00020004,btc,14055.56564492,2.24706408,3.8548456521972776,7
1,[],5,[],2019-02-05 11:10:09,0.00683886,0.00019213,0.0000000066697353109999995,6589191,2019-02-05 11:10:09,btc,1.19445141,0.3137212,0.00019213,btc,0.01231539,0.0,1.43870073,7
1,[],20,[],2019-02-05 10:09:02,66461509.91,0.000000001,0.000000000000034794200000000004,6588800,2019-02-05 10:09:02,btc,116.1315013062774,0.0,0.000000001,btc,28812144.5195,0.0,0.06646150991,8
1,[],1,[],2019-02-05 11:10:10,2160880.1999999997,0.00000190000000000000001990053087597143388620679615996778011322021484375,0.00000000006595793,6589192,2019-02-05 11:10:10,btc,1.6274251063999998,16340683.34,0.00000190000000000000001990053087597143388620679615996778011322021484375,btc,839247.0,31.6889052,4.0323111815,9
1,[],4,[],2019-02-05 11:10:12,390191.54319509,0.00000191,0.000000000066305077,6589193,2019-02-05 11:10:12,btc,0.9680717447487279,0.0,0.00000191,btc,477471.04732597,1.56162198,0.7072244827122576,9
1,[],28,[],2019-02-05 11:10:14,34500.0,0.00000165,0.000000000057279255,6589194,2019-02-05 11:10:14,btc,2708.7727197804,2093291.0,0.00000165,btc,15427.14,0.0,0.02854,9
0,[],2,[],2019-01-20 23:22:42,0.0,0,0,6476876,2019-01-20 23:22:42,,0.0,0.0,0,,0.0,0.0,0.0,9
0,[],23,[],2019-01-20 23:22:48,0.0,0,0,6476878,2019-01-20 23:22:48,,0.0,0.0,0,,0.0,0.0,0.0,9
1,[],4,[],2019-02-04 22:10:59,7341799.37826053,0.00000002,0.000000000000693444,6584299,2019-02-04 22:10:59,btc,0.1999615409270056,0.0,0.00000002,btc,4135980.29534268,0.00062922,0.0786653918652106,10
1,[],4,[],2019-02-05 11:10:15,3104472.1667049,0.00000147,0.000000000051030609,6589195,2019-02-05 11:10:15,btc,0.9521177310802179,0.0,0.00000147,btc,595921.17444647,3.59781874,4.250520701290388,12
1,[],5,[],2019-02-05 11:10:17,2.346e-05,0.00000143,0.000000000049642021,6589196,2019-02-05 11:10:17,btc,0.49878036,1.29106132,0.00000143,btc,0.00011998,0.0,0.14945991,12
0.0,[],25,[],2019-02-05 11:10:18,0.0,0,0,6589197,2019-02-05 11:10:18,,0.0,0.0,0.0,btc,0.0,0.0,0.0,12
0,[],2,[],2019-01-20 23:23:08,0.0,0,0,6476890,2019-01-20 23:23:08,,0.0,0.0,0,,0.0,0.0,0.0,12
1,[],4,[],2019-02-05 11:10:19,1245227.10882939,0.00000607,0.000000000210718229,6589198,2019-02-05 11:10:19,btc,0.2872519283198615,0.0,0.00000607,btc,43916.90809953,0.46348994,0.9792951141625624,13
1,[],21,[],2019-02-05 11:10:23,1128521.78358854,0.000006059999999999999577542791895,0.00000000021037108199999998,6589199,2019-02-05 11:10:23,btc,4.163017819218967,724160.07599968,0.0000060599999999999995775427918953681682978640310466289520263671875,btc,608466.03108825,4.4520666,5.840448389864436,13
1,[],10,[],2019-02-05 10:09:12,589813.98294692,0.00000613,0.000000000213288446,6588808,2019-02-05 10:09:12,btc,666809.6245309834,8309.87957429,0.00000613,btc,735190.07870296,0.0,0.8378387090562862,13
1,[],4,[],2019-02-05 11:10:24,1124530.38543514,0.00000143,0.000000000049642021,6589200,2019-02-05 11:10:24,btc,0.1823085305351058,0.0,0.00000143,btc,88741.11705113,0.0380258,0.4167745456276426,14
1,[],12,[],2019-02-05 11:10:25,89434.77777778001,0.0000011500000000000000008998878031629686802261858247220516204833984375,0.000000000039921905,6589201,2019-02-05 11:10:25,btc,1.7666422876585242,0.0,0.0000011500000000000000008998878031629686802261858247220516204833984375,btc,30155.56233445,0.0130261618559099,0.0080200600000004,14
0,[],17,[],2019-02-05 11:10:28,0.0,0,0,6589202,2019-02-05 11:10:28,btc,0.0,0.0,0,btc,0.0,0.0,0.0,14
1,[],26,[],2019-02-05 11:10:28,0.0,0.00000049,0.000000000017010203,6589203,2019-02-05 11:10:28,btc,0.0,0.0,0.00000049,btc,0.0,0.0,0.0,14
0,[],4,[],2019-02-05 11:10:28,0.0,0,0,6589204,2019-02-05 11:10:28,,0.0,0.0,0,,0.0,0.0,0.0,15
,[],12,[],2018-12-01 15:15:48,204241.84496,0.00000489,0.000000000202473384,5260204,2018-12-01 15:15:48,btc,49.5475654835,0.0,,btc,35763.2193806,0.0163153972027625,0.0203389899998,15
1,[],4,[],2019-02-05 11:10:29,26916.12349453,0.00001865,0.000000000647429155,6589205,2019-02-05 11:10:29,btc,2.221226180213827,0.0,0.00001865,btc,7718.52701052,0.01495995,0.114469755877177,18
1,[],10,[],2019-02-05 11:10:31,789785.04296237,0.00001756,0.000000000609590132,6589206,2019-02-05 11:10:31,btc,15.591478002685307,759.82740085,0.00001756,btc,12703.96921364,0.0,0.3170897677978062,18
1,[],12,[],2019-02-05 11:10:33,200613.87459999,0.0000161899999999999991509049002136322314981953240931034088134765625,0.000000000562030993,6589207,2019-02-05 11:10:33,btc,0.18569353204663192,0.0,0.0000161899999999999991509049002136322314981953240931034088134765625,btc,1708.32700711,0.0005030595725961,0.0135194399366259,18
0,[],17,[],2019-02-05 11:12:14,0.0,0,0,6589208,2019-02-05 11:12:14,btc,0.0,0.0,0,btc,0.0,0.0,0.0,18
0,[],2,[],2019-01-20 23:23:38,0.0,0,0,6476906,2019-01-20 23:23:38,,0.0,0.0,0,,0.0,0.0,0.0,18
1,[],3,[],2019-02-05 11:12:15,108940.0980672952,0.000028500000000000001569057384021022016895585693418979644775390625,0.00000000098936895,6589209,2019-02-05 11:12:15,btc,0.5025593102081524,5457.65554568,0.000028500000000000001569057384021022016895585693418979644775390625,btc,5464.127474885226,0.0,0.09507350199322114,19
1,[],4,[],2019-02-05 11:12:16,258050.44542758,0.00002832,0.0000000009831203039999999,6589210,2019-02-05 11:12:16,btc,0.3580612839819804,0.0,0.00002832,btc,10750.31463477,2.50948835,2.6327609476036904,19
1,[],5,[],2019-02-05 11:12:17,0.00023016,0.00002561,0.000000000889043467,6589211,2019-02-05 11:12:17,btc,0.27683745,0.01517019,0.00002561,btc,0.003189,0.0,0.18260554,19
1,[],12,[],2019-02-05 11:12:18,135095.82215742,0.00002368000000000000028368800364386714818465407006442546844482421875,0.000000000822044096,6589212,2019-02-05 11:12:18,btc,1.994896158104834,0.0,0.00002368000000000000028368800364386714818465407006442546844482421875,btc,506.40206383,0.00023009,0.0335446686877056,19
0,[],27,[],2019-02-05 11:12:20,0.0,0,0,6589213,2019-02-05 11:12:20,,0.0,0.0,0,btc,0.0,0.0,0.0,19
0,[],2,[],2019-01-20 23:24:19,0.0,0,0,6476924,2019-01-20 23:24:19,,0.0,0.0,0,,0.0,0.0,0.0,19
1,[],4,[],2019-02-05 11:12:21,8006180.3054235,0.00000013,0.000000000004512911,6589214,2019-02-05 11:12:21,btc,0.8115519375916198,0.0,0.00000013,btc,1594753.31171721,0.00011984,0.2554230874915714,20
1,[],4,[],2019-02-05 11:12:22,122562117.80022223,0.00000002,0.0000000000006942939999999999,6589215,2019-02-05 11:12:22,btc,0.6356172807258483,0.0,0.00000002,btc,15848246.40329118,0.00729487,1.4608199402142852,21
1,[],12,[],2019-02-05 11:12:23,19029287.0,0.00000002,0.0000000000006942939999999999,6589216,2019-02-05 11:12:23,btc,669.5303074747565,0.0,0.00000002,btc,8580551.70429836,0.0,0.25352031,21
0,[],17,[],2019-02-05 11:12:25,0.0,0,0,6589217,2019-02-05 11:12:25,btc,0.0,0.0,0,btc,0.0,0.0,0.0,21
1,[],12,[],2019-02-05 11:12:26,2141709639.5458817,0.0000000002,0.00000000000000694294,6589218,2019-02-05 11:12:26,btc,1729404717684.5317,0.0,0.0000000002,btc,4137370036.37484,0.009085857568831275,0.21717635115598685,23
0,[],27,[],2019-02-05 11:14:27,0.0,0,0,6589219,2019-02-05 11:14:27,,0.735147,0.0,0,eth,812759.0,0.0,0.0,23
1,[],4,[],2019-02-05 11:14:28,3100208.50883061,0.00000080,0.00000000002777176,6589220,2019-02-05 11:14:28,btc,0.079280820470194,0.0,0.00000080,btc,72593.67220237,0.0099861,0.2656955031684753,24
1,[],22,[],2019-02-05 11:14:32,11.76,0.00000100,0.0000000000347147,6589221,2019-02-05 11:14:32,BTC,7.415e-05,0.0,0.00000100,BTC,23.919354838709676,0.0,1.176e-05,24
0.0,[],25,[],2019-02-05 11:14:33,0.0,0,0,6589222,2019-02-05 11:14:33,,0.0,0.0,0.0,btc,0.0,0.0,0.0,24
1,[],4,[],2019-02-05 11:14:34,27843208.53250707,0.00000696,0.000000000241614312,6589223,2019-02-05 11:14:34,btc,0.4648608714768203,0.0,0.00000696,btc,38802.68434785,0.05776761,0.4777883798945849,26
1,[],10,[],2019-02-05 11:14:37,731063.84399312,0.00000589,0.00000000020446958300000002,6589224,2019-02-05 11:14:37,btc,25.976128144678974,13.78445605,0.00000589,btc,13168.35640704,0.0,0.2083750833237135,26
0,[],2,[],2019-01-20 23:25:56,0.0,0,0,6476976,2019-01-20 23:25:56,,0.0,0.0,0,,0.0,0.0,0.0,26
1,[],3,[],2019-02-05 11:14:38,6740528.65301474,0.00000002,0.0000000000006942939999999999,6589225,2019-02-05 11:14:38,btc,2.5129598956170263,236123.992684,0.00000002,btc,16144663.1649197,0.0,0.0793470926717805,27
1,[],5,[],2019-02-05 11:14:40,1e-08,0.00000001,0.00000000000034714699999999997,6589226,2019-02-05 11:14:40,btc,1.1816894,0.00064404,0.00000001,btc,4.362e-05,0.0,0.12820773,27
1,[],11,[],2019-02-05 11:14:41,10065216.691211501,0.00000005,0.0000000000017357349999999998,6589227,2019-02-05 11:14:41,btc,370.63310344475406,550157.720616,0.00000005,btc,8170877.7193934005,0.0,0.4661316134459823,27
1,[],4,[],2019-02-05 11:14:42,558200191.0565615,0.00000003,0.000000000001041441,6589228,2019-02-05 11:14:42,btc,3.903054833224134,0.0,0.00000003,"btc,ltc",114168685.58385582,1.2662143,6.344444425771062,29
1,[],7,[],2019-02-05 11:14:43,39719077.159493834,0.00000003,0.0000000000010414409999999998,6589229,2019-02-05 11:14:43,btc,44465206.20568725,45971.4501498,0.00000003,btc,40680943.63295754,0.00183886,0.7239339086346178,29
1,[],4,[],2019-02-05 11:14:45,1386274.77775127,0.00000028,0.000000000009720115999999999,6589230,2019-02-05 11:14:45,btc,0.2543467773378119,0.0,0.00000028,btc,542570.57642937,0.00923794,0.0853805093702466,30
0,[],17,[],2019-02-05 10:09:52,0.0,0,0,6588841,2019-02-05 10:09:52,btc,0.0,0.0,0,btc,0.0,0.0,0.0,30
1,[],4,[],2019-02-05 10:18:40,2140136.40098448,0.00006880,0.0000000023885984,6589048,2019-02-05 10:18:40,btc,1.5595074730380656,0.0,0.00006880,btc,18809.2410579,1.05778884,2.3029765633619874,31
1,[],21,[],2019-02-05 10:18:40,65786.66029878,0.00006889999999999999423516694463,0.0000000023920702,6589049,2019-02-05 10:18:40,btc,2.240554111503365,222832.23304228,0.00006889999999999999423516694463387466385029256343841552734375,btc,29302.63255528,15.31608625,4.217947560299626,31
0,[],2,[],2019-01-20 23:28:43,0.0,0,0,6477009,2019-01-20 23:28:43,,0.0,0.0,0,,0.0,0.0,0.0,32
1,[],4,[],2019-02-05 10:18:41,165776273.10953018,0.00000005,0.0000000000017359000000000001,6589050,2019-02-05 10:18:41,btc,1.4017271972078513,0.0,0.00000005,"btc,ltc",28762834.11350509,0.91182951,3.4883997779505505,33
1,[],12,[],2019-02-05 10:18:42,18187008.0,0.00000006,0.00000000000208308,6589051,2019-02-05 10:18:42,btc,17261782.27602957,0.0,0.00000006,btc,89574962.76823159,0.0430187932534267,0.6709217199999999,33
1,[],4,[],2019-02-05 10:18:43,113988075.54315794,0.00000001,0.00000000000034718000000000004,6589052,2019-02-05 10:18:43,btc,0.7816561343124846,0.0,0.00000001,btc,26075826.20408282,2.39577963,1.1398807554315793,34
1,[],5,[],2019-02-05 10:18:44,3e-08,0.00000002,0.0000000000006943600000000001,6589053,2019-02-05 10:18:44,btc,3.79432919,0.76736978,0.00000002,btc,1.394e-05,0.0,0.80683976,34
0.0000000000991101,[],4,[],2019-02-05 10:18:45,1161341009.3483331,2.973303e-18,1.03227133554e-22,6589054,2019-02-05 10:18:45,ltc,8.029293793308183e-09,0.0,0.00000003,ltc,1590377371.533352,0.0,2.3551099014995044e-09,36
1,[],5,[],2019-02-05 10:18:46,0.0,0,0,6589055,2019-02-05 10:18:46,btc,204.66919748,0.0,0,btc,1.295e-05,0.0,0.0,36
0,[],17,[],2019-02-05 10:18:47,0.0,0,0,6589056,2019-02-05 10:18:47,btc,0.07494043760361878,0.0,0,btc,4134847.20243647,0.0,0.0,36
0.0000000000991101,[],27,[],2019-02-05 10:18:49,1000000.0,1.982202e-18,6.8818089036e-23,6589057,2019-02-05 10:18:49,ltc,447.7307979714,0.0,0.00000002,"ltc,eth",3711879.16,0.0,1.982202e-12,36
1,[],4,[],2019-02-05 10:18:50,403205.08454234,0.00000142,0.000000000049299560000000005,6589058,2019-02-05 10:18:50,btc,0.3892118839817838,0.0,0.00000142,btc,207331.3848407,0.0979102,0.3499022363961218,37
1,[],12,[],2019-02-05 10:18:51,375389.37886943,0.000001399999999999999936647356556240762159859514213167130947113037109375,0.0000000000486052,6589059,2019-02-05 10:18:51,btc,1339.0058190050456,0.0,0.000001399999999999999936647356556240762159859514213167130947113037109375,btc,875406.01434193,0.4809674597569281,0.2335596000000015,37
1,[],17,[],2019-02-05 10:18:54,1752.74075282,0.00000025,0.0000000000086795,6589060,2019-02-05 10:18:54,btc,0.05548492396562727,0.0,0.00000025,btc,1387.19918473,0.0,0.00043818518820499993,37
1,[],27,[],2019-02-05 10:18:57,16943.0,0.0000005,0.000000000017359,6589061,2019-02-05 10:18:57,btc,43.30929497030353,0.0,0.0000005,btc,29579.81438508,0.0,0.00566124,37
1,[],5,[],2019-02-05 10:18:58,1.719e-05,0.00000104,0.000000000036106720000000005,6589062,2019-02-05 10:18:58,btc,0.10590759,0.02374639,0.00000104,btc,0.00011859,0.0,0.04332534,42
1,[],12,[],2019-02-05 10:18:59,149691.31847733,0.000001080000000000000035831255497387193287295303889550268650054931640625,0.000000000037495440000000004,6589063,2019-02-05 10:18:59,btc,85.06981808006658,0.0,0.000001080000000000000035831255497387193287295303889550268650054931640625,btc,97744.87222977,0.0155190838269436,0.0508134499999953,42
0,[],27,[],2019-02-05 10:19:00,0.0,0,0,6589064,2019-02-05 10:19:00,,0.00315028,0.0,0,"btc,eth",11.007,0.0,0.0,42
1,[],5,[],2019-02-05 10:19:02,3e-08,0.00000002,0.0000000000006943600000000001,6589065,2019-02-05 10:19:02,btc,6.09448901,0.00703062,0.00000002,btc,1.425e-05,0.0,0.52728241,43
1,[],12,[],2019-02-05 10:19:03,6502141.0,0.00000002,0.0000000000006943600000000001,6589066,2019-02-05 10:19:03,btc,20007456.464672454,0.0,0.00000002,btc,38833161.74765234,0.0,0.06502156,43
0,[],17,[],2019-02-05 10:19:05,0.0,0,0,6589067,2019-02-05 10:19:05,btc,0.0,0.0,0,btc,0.0,0.0,0.0,43
1,[],12,[],2019-02-05 10:19:06,846523.0,0.00000006,0.00000000000208308,6589068,2019-02-05 10:19:06,btc,11115166.023060698,0.0,0.00000006,btc,1004414.37862139,0.0026751502996983,0.024442079999999998,44
1,[],4,[],2019-02-05 10:19:07,234631898.33245036,0.00000002,0.0000000000006943600000000001,6589069,2019-02-05 10:19:07,btc,0.18899034835757975,0.0,0.00000002,"btc,ltc",8495519.51947867,0.00495018,0.5349265788737505,49
0.00000000009910139999999999,[],4,[],2019-02-05 10:10:22,4933068352.008763,1.982028e-18,6.89630786376e-23,6588864,2019-02-05 10:10:22,ltc,4.645173504003867,0.0,0.00000002,ltc,1723745475.8975837,0.0,5.327559817245821e-09,52
0,[],22,[],2019-02-05 10:19:10,0.0,0,0,6589070,2019-02-05 10:19:10,,3693.1548887,0.0,0,,247203597.90882352,0.0,0.0,57
0,[],27,[],2019-02-05 10:19:12,0.0,0,0,6589071,2019-02-05 10:19:12,,0.0,0.0,0,"btc,eth",0.0,0.0,0.0,57
0.0000000000991101,[],4,[],2019-02-05 10:19:13,1615081428.9059076,4.955505e-18,1.7204522259e-22,6589072,2019-02-05 10:19:13,ltc,3.288074741372547,0.0,0.00000005,ltc,1101166584.3093684,0.0001346,5.242104584967559e-09,58
1,[],12,[],2019-02-05 10:19:14,2066574111.843957,0.0000000005,0.000000000000017359,6589073,2019-02-05 10:19:14,btc,625182683192.4414,0.0,0.0000000005,btc,3374770808.7603393,0.0054487372637363,0.7479866197011392,58
0,[],17,[],2019-02-05 10:19:16,0.0,0,0,6589074,2019-02-05 10:19:16,btc,1e+24,0.0,0,btc,41616695.95832568,0.0,0.0,58
0.0000000001233679,[],22,[],2019-02-05 10:19:19,137438.0,1.233679e-18,4.2830867522000005e-23,6589075,2019-02-05 10:19:19,XMR,69.8835922,0.0,0.00000001,XMR,9887963.0,0.0,0.00137438,58
1,[],5,[],2019-02-05 10:19:21,7.56e-06,0.00000063,0.00000000002187234,6589076,2019-02-05 10:19:21,btc,0.29440825,0.00421518,0.00000063,btc,0.00014398,0.0,0.04655894,61
1,[],22,[],2019-02-05 10:19:25,5111.5,0.00000011,0.00000000000381898,6589077,2019-02-05 10:19:25,BTC,1002.29606732,0.0,0.00000011,BTC,15028.700278135757,0.0,0.00051178,61
1,[],26,[],2019-02-05 10:19:25,0.0,0.00000800,0.000000000277744,6589078,2019-02-05 10:19:25,btc,0.0,0.0,0.00000800,btc,0.0,0.0,0.0,61
1,[],27,[],2019-02-05 10:19:27,100.0,0.00000032,0.000000000011109760000000001,6589079,2019-02-05 10:19:27,btc,0.129872,4.0,0.00000032,"btc,eth",154.84,0.0024,3.1e-05,61
1,[],28,[],2019-02-05 10:19:28,6884.304,0.0000006,0.0000000000208308,6589080,2019-02-05 10:19:28,btc,2.064613633700105,431.0,0.0000006,btc,11345.10450005,0.0,0.00216611304,61
1,[],4,[],2019-02-05 10:12:45,1153995.83975034,0.00000187,0.00000000006506515400000001,6588876,2019-02-05 10:12:45,btc,0.6239233360917911,0.0,0.00000187,btc,238831.16217692,0.09817576,1.0990822728624219,67
0.0,[],25,[],2019-02-05 10:12:46,0.0,0,0,6588877,2019-02-05 10:12:46,,0.0,0.0,0.0,btc,0.0,0.0,0.0,67
1,[],12,[],2019-02-05 10:19:30,2641187.66344444,0.00000015,0.0000000000052077,6589081,2019-02-05 10:19:30,btc,11115995.654786453,0.0,0.00000015,btc,2429914.5146409,0.0442730501798213,0.0855378864411108,71
,[],5,[],2018-11-20 23:02:39,1.5e-07,0.00000005,0.000000000002128045,4862160,2018-11-20 23:02:39,btc,2.84511358,0.0,,btc,0.00036572,0.0,0.07381892,74
1,[],5,[],2019-01-25 15:53:51,3.303e-05,0.00000156,0.000000000055588884,6499610,2019-01-25 15:53:51,btc,1.42844212,0.0,0.00000156,btc,0.00015937,0.0,0.49487621,75
1,[],4,[],2019-02-05 10:19:31,71007797.82492337,0.00000001,0.00000000000034718000000000004,6589082,2019-02-05 10:19:31,btc,0.8140611123105091,0.0,0.00000001,btc,15190754.69973608,0.00234377,0.7100779782492337,81
0,[],20,[],2019-01-25 09:30:31,0.0,0,0,6495923,2019-01-25 09:30:31,btc,0.0,0.0,0,btc,0.0,0.0,0.0,81
1,[],4,[],2019-02-05 10:19:32,23815.99134347,0.00007101,0.0000000024653251800000002,6589083,2019-02-05 10:19:32,btc,0.7105703012942033,0.0,0.00007101,btc,6756.81089804,0.02325782,0.0894471454790912,82
1,[],21,[],2019-02-05 10:19:33,84150.25267359,0.00007600000000000000418415302406,0.0000000026385680000000005,6589084,2019-02-05 10:19:33,btc,3.5612808686526405,3444.08966866,0.000076000000000000004184153024056058711721561849117279052734375,btc,40468.62873657,0.25991798,4.275852238009028,82
0,[],17,[],2019-02-05 10:12:54,0.0,0,0,6588882,2019-02-05 10:12:54,btc,0.0447233088476774,0.0,0,btc,999127.19588126,0.0,0.0,84
0.0000000000991101,[],4,[],2019-02-05 10:19:34,334193027.582892,1.1893212e-17,4.12908534216e-22,6589085,2019-02-05 10:19:34,ltc,0.1956906322633629,0.0,0.00000012,ltc,69196376.83457308,0.0001,1.32746219330813e-09,85
,[],22,[],2018-11-20 23:09:34,3408.1,0.0000001,0.0000000000041895,4862324,2018-11-20 23:09:34,BTC,0.04624735,0.0,,BTC,4990.0,0.0,0.00033081,86
0,[],22,[],2019-02-05 10:19:36,0.0,0,0,6589086,2019-02-05 10:19:36,,2.07810912,0.0,0,,154826.94736842104,0.0,0.0,87
0,[],27,[],2019-02-05 10:19:38,0.0,0,0,6589087,2019-02-05 10:19:38,,0.0,0.0,0,btc,0.0,0.0,0.0,87
,[],2,[],2018-11-20 23:10:47,0.0,0,0,4862359,2018-11-20 23:10:47,,0.0,0.0,,,0.0,0.0,0.0,88
1,[],11,[],2019-02-05 10:19:38,101227.01187287,0.00017720999999999999230913816372634528306662105023860931396484375,0.00000000615237678,6589088,2019-02-05 10:19:38,btc,245.81375449890464,781.64278175,0.00017720999999999999230913816372634528306662105023860931396484375,btc,183701.05047277,0.0,7.371326362607052,89
0,[],2,[],2019-01-20 23:31:45,0.0,0,0,6477083,2019-01-20 23:31:45,,0.0,0.0,0,,0.0,0.0,0.0,91
1,[],12,[],2019-02-05 10:19:40,462850.07686668,0.0000036100000000000001648659507524907752440412878058850765228271484375,0.00000000012533198000000003,6589089,2019-02-05 10:19:40,btc,1115.4422137368856,0.0,0.0000036100000000000001648659507524907752440412878058850765228271484375,btc,36137.4763252,0.0062802181397961,0.120801543699887,91
0,[],17,[],2019-02-05 10:19:41,0.0,0,0,6589090,2019-02-05 10:19:41,btc,0.0,0.0,0,btc,0.0,0.0,0.0,91
0.0000000000991101,[],22,[],2019-02-05 10:19:44,29102392.0,5.946606e-18,2.06454267108e-22,6589091,2019-02-05 10:19:44,LTC,8.80658359,0.0,0.00000006,LTC,76329729.6,0.0,1.20422058,95
1,[],4,[],2019-02-05 10:19:45,132203597.61898606,0.00000001,0.00000000000034718000000000004,6589092,2019-02-05 10:19:45,btc,0.9074536052607814,0.0,0.00000001,"btc,ltc",45615314.68932259,0.24662254,0.0011089283707321875,96
1,[],12,[],2019-02-05 10:19:46,222840.0,0.00000001,0.00000000000034718000000000004,6589093,2019-02-05 10:19:46,btc,255063.42240367562,0.0,0.00000001,btc,8968846.33297676,2.113e-05,0.0022284,96
0,[],17,[],2019-02-05 10:19:48,0.0,0,0,6589094,2019-02-05 10:19:48,btc,0.0,0.0,0,btc,0.0,0.0,0.0,96
1,[],4,[],2019-02-05 10:19:48,1605109.41261063,0.00000031,0.000000000010762580000000002,6589095,2019-02-05 10:19:48,btc,0.1853344601133789,0.0,0.00000031,btc,350591.23755536,0.09908256,0.1446653406373742,99
0,[],2,[],2019-01-20 23:23:55,0.0,0,0,6476914,2019-01-20 23:23:55,,0.0,0.0,0,,0.0,0.0,0.0,100
1,[],4,[],2019-02-05 10:19:49,66038.66121834,0.00004350,0.0000000015102330000000002,6589096,2019-02-05 10:19:49,btc,1.5600390753221633,0.0,0.00004350,btc,32648.87006941,0.57945192,2.5883744347886837,100
1,[],22,[],2019-02-05 10:19:53,50000.0,0.00000001,0.00000000000034718000000000004,6589097,2019-02-05 10:19:53,BTC,23.50383609,0.0,0.00000001,BTC,11277.22,0.0,0.0005,101
1,[],4,[],2019-02-05 10:19:53,163230.13850362,0.00000100,0.000000000034718,6589098,2019-02-05 10:19:53,btc,0.3902883467010951,0.0,0.00000100,btc,145698.15920697,0.02490108,0.1121569595111875,103
1,[],12,[],2019-02-05 10:19:55,86986831.5303887,0.000000016,0.000000000000555488,6589099,2019-02-05 10:19:55,btc,138278909.96295258,0.0,0.000000016,btc,132430577.73276009,0.14247012488610825,0.6476432194862192,105
1,[],27,[],2019-02-05 10:19:57,10159100.89,0.00000001,0.00000000000034718000000000004,6589100,2019-02-05 10:19:57,btc,0.620832568896094,2305.0,0.00000001,btc,708411.74181977,2.305e-05,0.1015910089,105
0,[],22,[],2019-02-05 10:20:00,0.0,0,0,6589101,2019-02-05 10:20:00,,1.07253299,0.0,0,,94300.0,0.0,0.0,107
1,[],26,[],2019-02-05 10:20:01,0.0,0.00000000,0,6589102,2019-02-05 10:20:01,btc,0.0,0.0,0.00000000,btc,0.0,0.0,0.0,107
1,[],5,[],2019-02-05 10:20:02,3e-08,0.00000002,0.0000000000006943600000000001,6589103,2019-02-05 10:20:02,btc,2.88743368,0.00560935,0.00000002,btc,1.649e-05,0.0,0.12640004,112
1,[],22,[],2019-02-05 10:20:06,2229188.0,0.00000002,0.0000000000006943600000000001,6589104,2019-02-05 10:20:06,BTC,2.81683288,0.0,0.00000002,BTC,808529.0833333334,0.0,0.02960411,112
0.0000000003107504,[],27,[],2019-02-05 10:20:09,500000.0,3.1075040000000002e-18,1.0788632387200002e-22,6589105,2019-02-05 10:20:09,eth,1.25132491849924,0.0,0.00000001,"btc,eth",1327.641654,0.0,1.553752e-12,112
1,[],4,[],2019-02-05 10:20:10,503748.42786966,0.00000472,0.00000000016386896000000002,6589106,2019-02-05 10:20:10,btc,0.5929223295854891,0.0,0.00000472,btc,99554.0508357,0.18555279,0.4014501605266154,113
1,[],5,[],2019-02-05 10:20:11,2.471e-05,0.00000391,0.00000000013574738,6589107,2019-02-05 10:20:11,btc,2.18906302,0.00010668,0.00000391,btc,0.00334045,0.0,0.2048707,113
1,[],17,[],2019-02-05 10:20:13,174538.724,0.00000004,0.0000000000013887200000000002,6589108,2019-02-05 10:20:13,btc,1.336803027408934,0.0,0.00000004,btc,51896.221,0.0,0.00308154896,116
0,[],27,[],2019-02-05 10:20:14,0.0,0,0,6589109,2019-02-05 10:20:14,,0.0,0.0,0,btc,0.0,0.0,0.0,116
1,[],4,[],2019-02-05 10:20:15,38415.0513301,0.00002639,0.0000000009162080200000001,6589110,2019-02-05 10:20:15,btc,0.6173718970153986,0.0,0.00002639,btc,19623.20023288,0.5073033,0.7357537096424474,120
1,[],7,[],2019-02-05 10:20:16,15074.25329881,0.00001807999999999999969006563016460376047689351253211498260498046875,0.00000000062770144,6589111,2019-02-05 10:20:16,btc,88979.22167053168,0.0,0.00001807999999999999969006563016460376047689351253211498260498046875,btc,29620.75504803,0.0,0.135008872194986,120
1,[],20,[],2019-02-05 10:13:47,1617028.1906,0.000000014,0.0000000000004871188000000001,6588910,2019-02-05 10:13:47,btc,33.7487591931607,0.0,0.000000014,btc,1063782.1766,0.0,0.0089722132172,125
1,[],22,[],2019-02-05 10:13:50,3053.0,0.00000001,0.000000000000347942,6588911,2019-02-05 10:13:50,BTC,0.01444889,0.0,0.00000001,BTC,296264.5111111111,0.0,3.053e-05,126
0,[],2,[],2019-01-20 23:25:46,0.0,0,0,6476969,2019-01-20 23:25:46,,0.0,0.0,0,,0.0,0.0,0.0,131
1,[],4,[],2019-02-05 10:20:17,88746.32554669,0.00001675,0.0000000005815265000000001,6589112,2019-02-05 10:20:17,btc,0.481926964535878,0.0,0.00001675,btc,24302.96426801,0.39832747,0.5861714259723102,131
0,[],17,[],2019-02-05 10:20:18,0.0,0,0,6589113,2019-02-05 10:20:18,btc,0.0009561751951600001,0.0,0,btc,35.42829368,0.0,0.0,131
1,[],4,[],2019-02-05 10:20:19,4608.0584254,0.00016000,0.0000000055548800000000006,6589114,2019-02-05 10:20:19,btc,1.6408153934637626,0.0,0.00016000,btc,302.35845559,0.0,0.0113649733435267,135
1,[],3,[],2019-02-05 10:13:54,1872383.33745658,0.00000007,0.0000000000024355940000000004,6588915,2019-02-05 10:13:54,btc,0.1427313167232042,72463.2284975,0.00000007,btc,435892.26562585,0.0,0.0700289114460393,136
1,[],4,[],2019-02-05 10:20:20,139880.6366682,0.00000181,0.00000000006283958,6589115,2019-02-05 10:20:20,btc,0.0948391375910814,0.0,0.00000181,btc,41577.38009387,0.02389436,0.2125126242076282,137
1,[],12,[],2019-02-05 10:20:21,301514.78943601,0.000001610000000000000043611490287143173105732785188592970371246337890625,0.00000000005589598000000001,6589116,2019-02-05 10:20:21,btc,11982.843911374912,0.0,0.000001610000000000000043611490287143173105732785188592970371246337890625,btc,123662.09369316,0.0107772859611203,0.0331263843350842,137
1,[],5,[],2019-02-05 10:20:22,0.00158832,0.00004144,0.0000000014387139200000002,6589117,2019-02-05 10:20:22,btc,4.05605404,4.63293181,0.00004144,btc,0.00351382,0.0,2.02756173,142
1,[],17,[],2019-02-05 10:20:24,12500.0,0.0000001,0.0000000000034718000000000002,6589118,2019-02-05 10:20:24,btc,20.261021579009935,0.0,0.0000001,btc,5931.99821453,0.0,0.00125,142
1,[],20,[],2019-02-05 10:20:26,150075.2657,0.00004089,0.00000000141961902,6589119,2019-02-05 10:20:26,btc,2.5104499995,7031.3678,0.00004089,btc,5016.1,0.302199791047,0.2639980329798,142
1,[],22,[],2019-02-05 10:20:33,962.0,0.00001800,0.0000000006249240000000001,6589120,2019-02-05 10:20:33,BTC,3.00449528,0.0,0.00001800,BTC,899.098,0.0,0.0001637,142
0.0,[],25,[],2019-02-05 10:20:34,0.0,0,0,6589121,2019-02-05 10:20:34,,0.0,0.0,0.0,btc,0.0,0.0,0.0,142
1,[],28,[],2019-02-05 10:20:36,78705.0,0.00002600,0.000000000902668,6589122,2019-02-05 10:20:36,btc,0.0404216555,1492.001,0.00002600,btc,805.999,0.0,0.0350237,142
0,[],22,[],2019-02-05 10:20:38,0.0,0,0,6589123,2019-02-05 10:20:38,,60.27052098,0.0,0,,806457049.8,0.0,0.0,143
1,[],21,[],2019-02-05 10:14:14,28940677.04107117,0.00000026,0.000000000009046492,6588925,2019-02-05 10:14:14,btc,54.53360737381704,3024871.13651045,0.00000026,btc,95265653.25789304,0.80026177,3.699912872911068,145
0,[],22,[],2019-02-05 10:14:16,0.0,0,0,6588926,2019-02-05 10:14:16,,3.05486829,0.0,0,,1890927.5,0.0,0.0,146
,[],22,[],2018-11-20 23:01:11,0.0,0,0,4862114,2018-11-20 23:01:11,,2.56807021,0.0,,,61828.4988236,0.0,0.0,147
1,[],12,[],2019-02-05 10:14:18,8689787.59044183,0.00000330000000000000016830612424578728081314693554304540157318115234375,0.00000000011482086000000002,6588927,2019-02-05 10:14:18,btc,16.514151763560335,0.0,0.00000330000000000000016830612424578728081314693554304540157318115234375,btc,114236.58078029,0.0180634991790702,0.130424890578332,148
1,[],4,[],2019-02-05 10:14:19,316920.90185041,0.00000040,0.00000000001391768,6588928,2019-02-05 10:14:19,btc,0.6849271965223368,0.0,0.00000040,btc,496866.15536978,0.0,0.070832708287978,152
0,[],22,[],2019-02-05 10:14:21,0.0,0,0,6588929,2019-02-05 10:14:21,,0.0,0.0,0,,0.0,0.0,0.0,152
1,[],5,[],2019-02-05 10:14:23,0.0,0,0,6588930,2019-02-05 10:14:23,btc,4.41744381,0.0,0,btc,0.00161275,0.0,0.0,153
,[],16,[],2019-01-11 15:38:59,0.0,0,0,6366141,2019-01-11 15:38:59,btc,0.0,0.0,,btc,0.0,0.0,0.0,155
0,[],23,[],2019-01-20 23:24:29,0.0,0,0,6476932,2019-01-20 23:24:29,,0.0,0.0,0,,0.0,0.0,0.0,156
0,[],22,[],2019-02-05 10:20:41,0.0,0,0,6589124,2019-02-05 10:20:41,,6.73312347,0.0,0,,4564272.742592593,0.0,0.0,156
1,[],22,[],2019-02-05 10:20:48,7906.0,0.00000801,0.00000000027809118,6589125,2019-02-05 10:20:48,BTC,43.78801181,0.0,0.00000801,BTC,1067.5805334758436,0.0,0.00743836,157
0,[],22,[],2019-02-05 10:14:31,0.0,0,0,6588933,2019-02-05 10:14:31,,50175.6753658,0.0,0,,54007107.04179466,0.0,0.0,158
,[],17,[],2018-11-20 22:56:10,0.0,0,0,4861976,2018-11-20 22:56:10,btc,1.1265625,0.0,,btc,1000.0,0.0,0.0,159
,[],20,[],2018-11-20 22:56:12,0.0,0,0,4861977,2018-11-20 22:56:12,btc,11912.7940471,0.0,,btc,34413894.3617,0.0,0.0,159
1,[],12,[],2019-02-05 10:20:49,198477.5300813,0.000007900000000000000595422149085589325068212929181754589080810546875,0.00000000027427220000000006,6589126,2019-02-05 10:20:49,btc,6.68803475654443,0.0,0.000007900000000000000595422149085589325068212929181754589080810546875,btc,15016.386370960001,0.0050752059097304,0.0862552860146774,168
1,[],17,[],2019-02-05 10:20:50,29784.95,0.000001,0.000000000034718,6589127,2019-02-05 10:20:50,btc,0.03026736251542,0.0,0.000001,btc,144.46171372,0.0,0.00716147,168
0,[],22,[],2019-02-05 10:20:52,0.0,0,0,6589128,2019-02-05 10:20:52,,1.14681919,0.0,0,,721558.1900917594,0.0,0.0,169
1,[],22,[],2019-02-05 10:14:43,200406.64375,0.00000032,0.000000000011134144,6588937,2019-02-05 10:14:43,BTC,10.32653736,0.0,0.00000032,BTC,114617.99185158996,0.0038155,0.02453933,171
1,[],22,[],2019-02-05 10:14:47,243145.52380952382,0.0000003,0.00000000001043826,6588938,2019-02-05 10:14:47,BTC,2.66686514,0.0,0.0000003,BTC,218459.91098947864,0.00661402,0.02285534,173
1,[],5,[],2019-02-05 10:20:54,2.355e-05,0.00000315,0.00000000010936170000000001,6589129,2019-02-05 10:20:54,btc,0.37801315,0.09306321,0.00000315,btc,0.00031016,0.0,0.71778642,175
1,[],22,[],2019-02-05 10:20:57,52249.25714285715,0.0000005,0.000000000017359,6589130,2019-02-05 10:20:57,BTC,0.63358303,0.0,0.0000005,BTC,155090.40184992214,0.0,0.01803557,176
0,[],2,[],2019-01-20 23:28:34,0.0,0,0,6477001,2019-01-20 23:28:34,,0.0,0.0,0,,0.0,0.0,0.0,178
1,[],7,[],2019-02-05 10:20:59,0.0,0,0,6589131,2019-02-05 10:20:59,btc,233187.8026514405,0.0,0,btc,115099540.36229606,0.0,0.0,178
0,[],22,[],2019-02-05 10:21:01,0.0,0,0,6589132,2019-02-05 10:21:01,,1.00242428,0.0,0,,57512.0,0.0,0.0,178
0,[],23,[],2019-01-20 23:25:08,0.0,0,0,6476952,2019-01-20 23:25:08,,0.0,0.0,0,,0.0,0.0,0.0,179
1,[],5,[],2019-02-05 10:21:03,3e-08,0.00000002,0.0000000000006943600000000001,6589133,2019-02-05 10:21:03,btc,16.84938521,0.08688123,0.00000002,btc,2.088e-05,0.0,1.26227809,179
1,[],22,[],2019-02-05 10:21:07,8340773.0,0.00000002,0.0000000000006943600000000001,6589134,2019-02-05 10:21:07,BTC,5.51393082,0.0,0.00000002,"BTC,LTC",18589483.068656635,7.566065033999999e-13,0.3940753,179
1,[],17,[],2019-02-05 10:21:09,10504.725,0.0000001,0.0000000000034718000000000002,6589135,2019-02-05 10:21:09,btc,5.206166879877344,0.0,0.0000001,btc,6755.0074587,0.0,0.0010504725,180
1,[],22,[],2019-02-05 10:21:13,39521.94545454546,0.00000011,0.00000000000381898,6589136,2019-02-05 10:21:13,BTC,0.09618191,0.0,0.00000011,"BTC,LTC",16812.39315481,3.08e-06,0.00413387,180
1,[],26,[],2019-02-05 10:21:13,0.0,0.00000010,0.0000000000034718000000000002,6589137,2019-02-05 10:21:13,btc,0.0,0.0,0.00000010,btc,0.0,0.0,0.0,180
,[],7,[],2018-11-20 22:58:01,562227.975654,0.00000085,0.000000000036176765,4862015,2018-11-20 22:58:01,btc,21836.6059674,2491.87645172,,btc,749999.041456,0.00211021,0.127565380455,183
,[],5,[],2019-01-10 08:11:41,0.0,0,0,6347036,2019-01-10 08:11:41,btc,82.15055501,0.00261,,btc,1.19002445,0.0,0.0,187
,[],17,[],2018-11-16 20:58:10,4062536.27273,0.00000001,0.000000000000550501,4708775,2018-11-16 20:58:10,btc,3.36492563466,0.195460381006,,"btc,eth",110697919.549,0.0,0.0157628953496,187
1,[],24,[],2019-02-05 10:21:13,0.0,0.000000000001,3.4718e-17,6589138,2019-02-05 10:21:13,btc,0.0,0.0,0.000000000001,btc,0.0,0.0,0.0,187
0,[],22,[],2019-02-05 10:15:15,0.0,0,0,6588949,2019-02-05 10:15:15,,1.19382741,0.0,0,,13380.036201072173,0.0,0.0,191
0,[],22,[],2019-02-05 10:15:20,0.0,0,0,6588950,2019-02-05 10:15:20,,0.0,0.0,0,,0.0,0.0,0.0,197
0,[],23,[],2019-01-20 23:31:41,0.0,0,0,6477079,2019-01-20 23:31:41,,0.0,0.0,0,,0.0,0.0,0.0,199
1,[],26,[],2019-02-05 10:21:14,0.0,0.00000000,0,6589139,2019-02-05 10:21:14,btc,0.0,619460.0,0.00000000,btc,0.0,0.0,0.0,199
0,[],17,[],2019-01-30 16:32:01,0.0,0,0,6540827,2019-01-30 16:32:01,btc,6.802544163788159,0.0,0,btc,105897.55575295,0.0,0.0,200
0,[],2,[],2019-01-20 23:30:49,0.0,0,0,6477059,2019-01-20 23:30:49,,0.0,0.0,0,,0.0,0.0,0.0,201
1,[],4,[],2019-01-25 15:51:35,2084389.58565343,0.00000936,0.000000000333526752,6499557,2019-01-25 15:51:35,btc,2.0092503037378524,0.0,0.00000936,btc,160195.80207885,0.19272417,1.242687955921835,211
1,[],7,[],2019-02-05 10:21:17,16461501.88075192,0.00000146999999999999990171598886201653755279039614833891391754150390625,0.00000000005103546,6589140,2019-02-05 10:21:17,btc,16567795.280732328,299871.952999,0.00000146999999999999990171598886201653755279039614833891391754150390625,btc,12640986.16184714,0.0,8.4734786898081,212
1,[],5,[],2019-02-05 10:15:25,5.01e-06,0.00000035,0.000000000012177970000000001,6588953,2019-02-05 10:15:25,btc,1.10687276,0.06467565,0.00000035,btc,3.209e-05,0.0,0.20782178,213
1,[],24,[],2019-02-05 10:15:25,0.0,0.000000050000,0.00000000000173971,6588954,2019-02-05 10:15:25,btc,0.0,0.0,0.000000050000,btc,0.0,0.0,0.0,213
1,[],26,[],2019-02-05 10:15:25,0.0,0.00000009,0.000000000003131478,6588955,2019-02-05 10:15:25,btc,0.0,0.0,0.00000009,btc,0.0,0.0,0.0,213
1,[],12,[],2019-01-25 02:44:32,207462.42853209,0.000001080000000000000035831255497387193287295303889550268650054931640625,0.000000000038610756000000006,6493050,2019-01-25 02:44:32,btc,85023.03793723314,0.0,0.000001080000000000000035831255497387193287295303889550268650054931640625,btc,43675.73520027,0.000146250909087,0.0348620860622024,213
1,[],22,[],2019-02-05 10:21:20,298200.0,0.00000003,0.00000000000104154,6589141,2019-02-05 10:21:20,BTC,70.20492877,0.0,0.00000003,BTC,291693.63137942314,0.0,0.007318,216
1,[],27,[],2019-02-05 10:21:22,5054765.0,0.00000016,0.000000000005554880000000001,6589142,2019-02-05 10:21:22,btc,313.98413255276,18000.0,0.00000016,"btc,ltc",287278.49411,0.00666,0.0516927,216
1,[],22,[],2019-02-05 10:21:27,245073.48250399102,0.00000233,0.00000000008089294000000001,6589143,2019-02-05 10:21:27,BTC,12677.87066174,0.0,0.00000233,BTC,474696.09578270046,0.00556574,0.30747406,217
1,[],7,[],2019-02-05 10:21:28,0.0,0,0,6589144,2019-02-05 10:21:28,btc,77970.02600413912,0.0,0,btc,134531561.1214003,0.0,0.0,219
0,[],27,[],2019-02-05 10:21:30,0.0,0,0,6589145,2019-02-05 10:21:30,,5.3418937883169715,0.0,0,btc,1605140.99226592,0.0,0.0,219
0.0000000000000054,[],28,[],2019-02-05 10:21:32,205554034.567,6.0210000000000005e-18,2.0903707800000002e-22,6589146,2019-02-05 10:21:32,doge,88554.0318717675,8132.0,0.00111500,"btc,doge",4969437.84751,0.0,2.8862570244985796e-11,219
1,[],22,[],2019-02-05 10:21:35,217031.0,0.00000056,0.00000000001944208,6589147,2019-02-05 10:21:35,BTC,2.99954627,0.0,0.00000056,BTC,32610.55212317522,0.00289422,0.02772918,221
1,[],24,[],2019-02-05 10:21:35,0.0,0.000000550000,0.0000000000190949,6589148,2019-02-05 10:21:35,btc,0.0,0.0,0.000000550000,btc,0.0,0.0,0.0,221
1,[],20,[],2019-02-05 10:21:37,5676875.7901,0.000000008,0.000000000000277744,6589149,2019-02-05 10:21:37,btc,5.7487293013862,632405.1002,0.000000008,btc,7380898.9986,0.0069167812978,0.0138706566564,224
0,[],22,[],2019-02-05 10:21:39,0.0,0,0,6589150,2019-02-05 10:21:39,,0.0,0.0,0,,0.0,0.0,0.0,224
1,[],26,[],2019-02-05 10:21:39,0.0,0.00000022,0.00000000000763796,6589151,2019-02-05 10:21:39,btc,0.0,0.0,0.00000022,btc,0.0,0.0,0.0,231
1,[],26,[],2019-02-05 10:21:40,0.0,0.00000005,0.0000000000017359000000000001,6589152,2019-02-05 10:21:40,btc,0.0,0.0,0.00000005,btc,0.0,0.0,0.0,234
0,[],27,[],2019-02-05 10:21:42,0.0,0,0,6589153,2019-02-05 10:21:42,,0.0113483662182,0.0,0,"btc,eth",11462.99618,0.0,0.0,234
0,[],22,[],2019-02-05 10:15:55,0.0,0,0,6588969,2019-02-05 10:15:55,,2.70368762,0.0,0,,95395703.81349206,0.0,0.0,235
1,[],4,[],2019-02-05 10:21:43,825296.68658191,0.00000058,0.00000000002013644,6589154,2019-02-05 10:21:43,btc,0.1403915410688095,0.0,0.00000058,btc,130183.30205694,0.03951499,0.1750510748328179,236
1,[],24,[],2019-02-05 10:21:43,0.0,0.000000010000,0.00000000000034718000000000004,6589155,2019-02-05 10:21:43,btc,0.0,0.0,0.000000010000,btc,0.0,0.0,0.0,236
1,[],20,[],2019-02-05 10:21:45,20510839.9951,0.000000059,0.0000000000020483620000000003,6589156,2019-02-05 10:21:45,btc,16.2921312791614,13925062.8572,0.000000059,btc,26660765.5742,0.8429740988997,0.3650727731997,237
1,[],22,[],2019-02-05 10:21:49,10000.0,0.00000001,0.00000000000034718000000000004,6589157,2019-02-05 10:21:49,BTC,0.04083605,0.0,0.00000001,BTC,4179.0,0.0,0.0001,237
1,[],4,[],2019-02-05 10:21:49,4191126.02349034,0.00000033,0.000000000011456940000000001,6589158,2019-02-05 10:21:49,btc,0.5007040100711236,0.0,0.00000033,btc,1243669.30170173,0.60325345,1.291256718548452,238
1,[],5,[],2019-02-05 10:21:51,4.29e-06,0.00000033,0.000000000011456940000000001,6589159,2019-02-05 10:21:51,btc,0.72568933,0.00274094,0.00000033,btc,2.957e-05,0.0,0.31580648,238
1,[],22,[],2019-02-05 10:21:58,171072.33333333334,0.00000003,0.00000000000104154,6589160,2019-02-05 10:21:58,BTC,15.41409429,0.0,0.00000003,BTC,305045.3139027493,0.00086735,0.00513217,249
0.0000000000991101,[],22,[],2019-02-05 10:22:03,1311049.0,2.973303e-18,1.03227133554e-22,6589161,2019-02-05 10:22:03,LTC,0.44674863,0.0,0.00000003,LTC,14147150.89,0.0,0.03833449,252
1,[],28,[],2019-02-05 10:22:04,2320788.578,0.00000009,0.00000000000312462,6589162,2019-02-05 10:22:04,btc,164692.29902255893,50642.011,0.00000009,btc,674053.1485,0.0,0.07894288099,256
1,[],22,[],2019-02-05 10:22:09,116442.0,0.00000001,0.00000000000034718000000000004,6589163,2019-02-05 10:22:09,BTC,30.20656659,0.0,0.00000001,BTC,456125.98909895687,0.0004346,0.00116442,258
1,[],22,[],2019-01-26 20:58:41,368451.0,0.00000001,0.000000000000356135,6510120,2019-01-26 20:58:41,BTC,2.642917,0.0,0.00000001,"BTC,LTC",1862.0,0.0,0.02488451,259
1,[],22,[],2019-02-05 10:22:13,19934.094285714287,0.00000700,0.000000000243026,6589164,2019-02-05 10:22:13,BTC,4.70995114,0.0,0.00000700,BTC,8478.439143195397,0.0,0.089659,262
1,[],5,[],2019-02-05 10:22:15,6.213e-05,0.00000321,0.00000000011144478000000001,6589165,2019-02-05 10:22:15,btc,0.88357926,0.009402,0.00000321,btc,0.0005746,0.0,0.2191362,264
1,[],20,[],2019-02-05 10:22:16,1167118.7123,0.00000257,0.00000000008922526,6589166,2019-02-05 10:22:16,btc,4.9983563189625,9471.6716,0.00000257,btc,94802.494,0.040319138115,0.0239886680304,264
1,[],22,[],2019-02-05 10:22:20,127217.0,0.00000002,0.0000000000006943600000000001,6589167,2019-02-05 10:22:20,BTC,8.52098902,0.0,0.00000002,BTC,337937.0984647885,0.000156,0.00204671,271
0,[],22,[],2019-02-05 10:22:23,0.0,0,0,6589168,2019-02-05 10:22:23,,369.26513139,0.0,0,,14581807828.9,0.0,0.0,272
0.0000000000000054,[],28,[],2019-02-05 10:22:24,254269668996.792,6.48e-21,2.2497264e-25,6589169,2019-02-05 10:22:24,doge,299028345.1856907,1098670003.0,0.00000120,doge,158440537338.041,0.0,8.788161753474775e-10,272
0,[],22,[],2019-02-05 10:22:29,0.0,0,0,6589170,2019-02-05 10:22:29,,0.0,0.0,0,,0.0,0.0,0.0,281
