pairValue,buyBook,exchangeId,sellBook,updated,buyTotal,satoshiPrice,usdPrice,exchangeLogId,created,bestPair,sellTotalBtc,volume,pairPrice,activePairs,sellTotal,volumeBtc,buyTotalBtc,coinId
1,[],3,[],2019-06-02 23:24:50,31468.152807248865,0.01069456000000000052418958063071841024793684482574462890625,0.0000009348136285120001,7728434,2019-06-02 23:24:50,btc,7.955361567431449,41.3779488665,0.01069456000000000052418958063071841024793684482574462890625,btc,23.830060510564,0.0,0.26817924518522074,1
1,[],4,[],2019-06-02 23:24:51,207689.43798695,0.01087701,0.0000009507616195020001,7728435,2019-06-02 23:24:51,btc,7.764786290124847,0.0,0.01087701,btc,313.47369592,0.64756495,0.6068867024585679,1
1,[],5,[],2019-06-02 23:24:54,0.0,0,0,7728436,2019-06-02 23:24:54,btc,0.0,0.02179566,0,btc,0.0,0.0,0.0,1
1,[],10,[],2019-06-02 23:24:57,312365.1509152,0.00750648,0.0000006561429180960001,7728437,2019-06-02 23:24:57,btc,6519.168277651326,1435.2677541,0.00750648,btc,1160.27317943,0.0,2.374063260497028,1
1,[],12,[],2019-06-02 23:25:00,72.99627056,0.01085999999999999986177723343416801071725785732269287109375,0.000000949274772,7728438,2019-06-02 23:25:00,btc,0.1272334488399,0.0,0.01085999999999999986177723343416801071725785732269287109375,btc,10.96930371,0.090286795963,0.2663097435618,1
1,[],20,[],2019-06-02 23:25:02,934.2487,0.009240032,0.0000008076730451264,7728439,2019-06-02 23:25:02,btc,0.2237997851144,0.1923,0.009240032,btc,17.3626,0.002076838077,0.1005808247051,1
1,[],21,[],2019-06-02 23:25:03,1993.30721663,0.01085713999999999949952478318,0.000000949024778828,7728440,2019-06-02 23:25:03,btc,9.648216652294051,4047.3857244299998,0.01085713999999999949952478317527493345551192760467529296875,"btc,eth",1261.27521922,43.52615697709642,18.29465973075856,1
1,[],22,[],2019-06-02 23:25:07,0.0025666666666666667,0.00900000,0.0000007866918,7728441,2019-06-02 23:25:07,BTC,0.31629903,0.0,0.00900000,BTC,0.2505752479991019,0.0,2.31e-05,1
1,[],24,[],2019-06-02 23:25:08,0.0,0.000000000000,0,7728442,2019-06-02 23:25:08,btc,0.0,0.0,0.000000000000,btc,0.0,0.0,0.0,1
0.0,[],25,[],2019-06-02 23:27:20,0.0,0,0,7728443,2019-06-02 23:27:20,btc,13.01499999932084,0.0,0.0,btc,1172.71699991,0.0,0.0,1
1,[],26,[],2019-06-02 23:27:22,0.0,0,0,7728444,2019-06-02 23:27:22,,0.0,0.0,0,,0.0,0.0,0.0,1
0,[],28,[],2019-06-02 23:28:39,0.0,0,0,7728445,2019-06-02 23:28:39,,0.0,299232.0,0,,0.0,0.0,0.0,1
0,[],2,[],2019-01-20 23:28:45,0.0,0,0,6477011,2019-01-20 23:28:45,,0.0,0.0,0,,0.0,0.0,0.0,1
1,[],5,[],2019-06-02 23:28:40,0.0,0,0,7728446,2019-06-02 23:28:40,btc,0.0,0.0,0,btc,0.0,0.0,0.0,2
1,[],22,[],2019-06-02 23:28:44,11638.0,0.0000002,0.000000000017482040000000002,7728447,2019-06-02 23:28:44,BTC,21.00897301,0.0,0.0000002,"BTC,XMR",20678.87287795317,0.0,0.00145435,2
1,[],5,[],2019-06-02 23:28:45,0.0,0,0,7728448,2019-06-02 23:28:45,btc,0.0,0.0323901,0,btc,0.0,0.0,0.0,3
1,[],12,[],2019-06-02 23:28:46,3294755.70302,0.000000115,0.000000000010052173000000001,7728449,2019-06-02 23:28:46,btc,169531.0806917631,0.0,0.000000115,btc,2595354.13132902,0.041727357782,0.31763327554428,3
0,[],28,[],2019-06-02 23:28:48,0.0,0,0,7728450,2019-06-02 23:28:48,,0.0,0.0,0,,0.0,0.0,0.0,3
0,[],2,[],2019-01-20 23:31:32,0.0,0,0,6477077,2019-01-20 23:31:32,,0.0,0.0,0,,0.0,0.0,0.0,4
1,[],4,[],2019-05-18 21:29:50,562734.9206932,0.00000010,0.000000000007298720000000001,7650946,2019-05-18 21:29:50,btc,41.9347137769675,0.0,0.00000010,btc,1123702.32192634,0.00052462,0.029254593370966,4
0,[],12,[],2019-06-02 05:03:43,0.0,0,0,7724919,2019-06-02 05:03:43,btc,625.901992874995,0.0,0,btc,1211362.4995005,0.0,0.0,5
0,[],2,[],2019-01-20 23:31:51,0.0,0,0,6477087,2019-01-20 23:31:51,,0.0,0.0,0,,0.0,0.0,0.0,6
1,[],11,[],2019-06-02 23:28:49,9185112.776736,0.00000003,0.000000000002622306,7728451,2019-06-02 23:28:49,btc,9582.823696002944,56335.0,0.00000003,btc,67435595.46260394,0.0,0.14039405276736,6
1,[],3,[],2019-06-02 23:28:50,11553.958463054116,0.000088919999999999995679740572018801003650878556072711944580078125,0.000000007772514984,7728452,2019-06-02 23:28:50,btc,0.09649745509030716,362.367019599,0.000088919999999999995679740572018801003650878556072711944580078125,btc,252.989589790151,0.0,0.024345700749818382,7
1,[],4,[],2019-06-02 23:28:51,322827.40505811,0.00008510,0.000000007438608020000001,7728453,2019-06-02 23:28:51,btc,9.00913523520443,0.0,0.00008510,btc,57637.81633961,1.34090425,2.003773703435259,7
1,[],5,[],2019-06-02 23:28:52,0.0,0,0,7728454,2019-06-02 23:28:52,btc,0.0,0.33658076,0,btc,0.0,0.0,0.0,7
1,[],20,[],2019-04-07 22:06:50,3201475.0482,0.000000001,0.000000000000051590000000000004,7213932,2019-04-07 22:06:50,btc,30.8005781811902,0.0,0.000000001,btc,23077405.3926,0.0,0.0032014750482,8
1,[],4,[],2019-06-02 23:28:55,2288710.42987108,0.00000047,0.000000000041082794000000006,7728455,2019-06-02 23:28:55,btc,3.136567458913822,0.0,0.00000047,btc,3124837.51161085,0.20267395,0.254201621086578,9
0,[],28,[],2019-06-02 23:29:59,0.0,0,0,7728456,2019-06-02 23:29:59,,0.0,3208734.0,0,,0.0,0.0,0.0,9
0,[],2,[],2019-01-20 23:22:42,0.0,0,0,6476876,2019-01-20 23:22:42,,0.0,0.0,0,,0.0,0.0,0.0,9
0,[],23,[],2019-01-20 23:22:48,0.0,0,0,6476878,2019-01-20 23:22:48,,0.0,0.0,0,,0.0,0.0,0.0,9
1,[],1,[],2019-02-17 23:31:42,1822507.21,0.00000181000000000000003456111265232042484285557293333113193511962890625,0.000000000066086901,6701244,2019-02-17 23:31:42,btc,3.6990969245,17153386.5,0.00000181000000000000003456111265232042484285557293333113193511962890625,btc,1997391.71,31.11772986,3.2610482446,9
1,[],4,[],2019-02-17 11:22:43,4341674.27126056,0.00000002,0.0000000000007272960000000001,6696112,2019-02-17 11:22:43,btc,0.1997230937751353,0.0,0.00000002,btc,4109766.79808031,0.00215132,0.0479381022052112,10
1,[],4,[],2019-06-02 23:30:00,8172601.52172362,0.00000042,0.000000000036712284,7728457,2019-06-02 23:30:00,btc,4.851463562831413,0.0,0.00000042,btc,5339736.65586913,1.01666604,1.3491461937526765,12
1,[],5,[],2019-06-02 23:30:02,0.0,0,0,7728458,2019-06-02 23:30:02,btc,0.0,0.23507369,0,btc,0.0,0.0,0.0,12
0.0,[],25,[],2019-06-02 23:30:41,0.0,0,0,7728459,2019-06-02 23:30:41,,0.0,0.0,0.0,btc,0.0,0.0,0.0,12
0,[],2,[],2019-01-20 23:23:08,0.0,0,0,6476890,2019-01-20 23:23:08,,0.0,0.0,0,,0.0,0.0,0.0,12
1,[],4,[],2019-06-02 23:30:42,339416.44312129,0.00000571,0.000000000499112242,7728460,2019-06-02 23:30:42,btc,1.7452672013666957,0.0,0.00000571,btc,223612.84797678,0.57240027,0.4927686323218645,13
1,[],10,[],2019-06-02 23:30:44,652205.49587967,0.0000057,0.00000000049823814,7728461,2019-06-02 23:30:44,btc,666803.2265471856,8233.19688921,0.0000057,btc,869664.29057501,0.0,0.2217512593691315,13
1,[],21,[],2019-06-02 23:30:45,1683105.56059369,0.000005810000000000000277070033583,0.0000000005078532620000001,7728462,2019-06-02 23:30:45,btc,4.769559921867557,1727396.39029751,0.00000581000000000000027707003358301562911947257816791534423828125,btc,748967.2035267199,10.22933558,7.202324422987059,13
1,[],4,[],2019-06-02 23:30:46,906774.53028262,0.00000073,0.000000000063809446,7728463,2019-06-02 23:30:46,btc,4.217869993960575,0.0,0.00000073,btc,855077.54941096,0.00828354,0.0775683196140714,14
1,[],12,[],2019-06-02 23:30:47,135876.73197507,0.00000076,0.00000000006643175200000001,7728464,2019-06-02 23:30:47,btc,14.134661377533382,0.0,0.00000076,btc,22116.65275591,2.547453e-06,0.0160962099999719,14
1,[],26,[],2019-06-02 23:32:47,0.0,0.00000050,0.000000000043705100000000005,7728465,2019-06-02 23:32:47,btc,0.0,0.0,0.00000050,btc,0.0,0.0,0.0,14
0,[],17,[],2019-05-03 00:53:32,0.0,0,0,7558876,2019-05-03 00:53:32,btc,0.0,0.0,0,btc,0.0,0.0,0.0,14
0,[],4,[],2019-06-02 23:32:47,0.0,0,0,7728466,2019-06-02 23:32:47,,0.0,0.0,0,,0.0,0.0,0.0,15
,[],12,[],2018-12-01 15:15:48,204241.84496,0.00000489,0.000000000202473384,5260204,2018-12-01 15:15:48,btc,49.5475654835,0.0,,btc,35763.2193806,0.0163153972027625,0.0203389899998,15
1,[],4,[],2019-06-02 23:32:48,35180.93252467,0.00001042,0.0000000009108142840000001,7728467,2019-06-02 23:32:48,btc,0.9993832277291304,0.0,0.00001042,btc,13531.27631383,0.03131959,0.0877355465123811,18
1,[],10,[],2019-06-02 23:32:51,495386.66725315,0.0000115,0.0000000010052173000000001,7728468,2019-06-02 23:32:51,btc,15.188998711861414,18600.0488774,0.0000115,btc,12852.35237051,0.0,0.1561352259440093,18
1,[],12,[],2019-06-02 23:32:52,2791.89572313,0.000011800000000000000524818903613333276325647602789103984832763671875,0.00000000103144036,7728469,2019-06-02 23:32:52,btc,0.4105907573321405,0.0,0.000011800000000000000524818903613333276325647602789103984832763671875,btc,1764.19209739,0.001011489891,0.0129169672464564,18
0,[],2,[],2019-01-20 23:23:38,0.0,0,0,6476906,2019-01-20 23:23:38,,0.0,0.0,0,,0.0,0.0,0.0,18
0,[],17,[],2019-05-03 00:53:39,0.0,0,0,7558882,2019-05-03 00:53:39,btc,0.0,0.0,0,btc,0.0,0.0,0.0,18
1,[],3,[],2019-06-02 23:34:52,150547.02423135543,0.0000055099999999999997612500080013120395960868336260318756103515625,0.000000000481630202,7728470,2019-06-02 23:34:52,btc,0.24628632783101487,5449.68204435,0.0000055099999999999997612500080013120395960868336260318756103515625,btc,6299.097342495815,0.0,0.0541254596970958,19
1,[],4,[],2019-06-02 23:34:53,527171.77241413,0.00000757,0.000000000661695214,7728471,2019-06-02 23:34:53,btc,3.851317061017802,0.0,0.00000757,btc,171071.25193896,0.26014266,0.4900302238722269,19
1,[],5,[],2019-06-02 23:34:54,0.0,0,0,7728472,2019-06-02 23:34:54,btc,0.0,0.00450472,0,btc,0.0,0.0,0.0,19
1,[],12,[],2019-06-02 23:34:55,14359.61104242,0.000007089999999999999880334437818429904609729419462382793426513671875,0.000000000619738318,7728473,2019-06-02 23:34:55,btc,0.0504237773082147,0.0,0.000007089999999999999880334437818429904609729419462382793426513671875,btc,1885.5472669,0.00367262,0.0211867599996847,19
0,[],27,[],2019-06-02 23:35:00,0.0,0,0,7728474,2019-06-02 23:35:00,,0.0,0.0,0,btc,0.0,0.0,0.0,19
0,[],2,[],2019-01-20 23:24:19,0.0,0,0,6476924,2019-01-20 23:24:19,,0.0,0.0,0,,0.0,0.0,0.0,19
1,[],4,[],2019-06-02 23:35:01,10062076.88478525,0.00000007,0.0000000000061187140000000006,7728475,2019-06-02 23:35:01,btc,6.4029639466023385,0.0,0.00000007,btc,2322306.93095912,0.0,0.1174938176872809,20
1,[],4,[],2019-06-02 23:35:03,7095685.848,0.00000001,0.000000000000874102,7728476,2019-06-02 23:35:03,btc,39367.86029585237,0.0,0.00000001,btc,71128786.06759267,0.01467496,0.07095685848,21
1,[],12,[],2019-06-02 23:35:04,1306513.0,0.00000001,0.0000000000008741020000000001,7728477,2019-06-02 23:35:04,btc,2566.629399543127,0.0,0.00000001,btc,5046817.15584414,7.772228e-06,0.01306513,21
0,[],17,[],2019-05-03 00:53:51,0.0,0,0,7558891,2019-05-03 00:53:51,btc,0.0,0.0,0,btc,0.0,0.0,0.0,21
1,[],12,[],2019-06-02 23:37:04,5173082191.0,0.0000000003,0.000000000000026223060000000002,7728478,2019-06-02 23:37:04,btc,709129932.1090268,0.0,0.0000000003,btc,3128343248.431212,0.057582383015,1.1571543606,23
0.000000000309015,[],27,[],2019-06-02 23:37:11,47270399.5,6.1803e-18,5.4022125906e-22,7728479,2019-06-02 23:37:11,eth,105073.87206929701,679182182.3634621,0.00000002,eth,23901616.7312086,4.1975496425047495e-09,1.5847885880505e-10,23
1,[],4,[],2019-06-02 23:37:12,1861637.22442023,0.00000023,0.000000000020104346000000002,7728480,2019-06-02 23:37:12,btc,10.655142774535316,0.0,0.00000023,btc,1713048.26250692,0.0071432,0.0628373239208808,24
0,[],22,[],2019-06-02 23:37:14,0.0,0,0,7728481,2019-06-02 23:37:14,,0.0,0.0,0,,0.0,0.0,0.0,24
0.0,[],25,[],2019-06-02 23:39:37,0.0,0,0,7728482,2019-06-02 23:39:37,,0.0,0.0,0.0,btc,0.0,0.0,0.0,24
1,[],4,[],2019-06-02 23:39:38,26939581.90925479,0.00000483,0.000000000422191266,7728483,2019-06-02 23:39:38,btc,13.229179270455207,0.0,0.00000483,btc,236752.77819813,0.1603815,0.466237042217849,26
1,[],10,[],2019-06-02 23:39:41,149843.46514667,0.00000422,0.00000000036887104400000005,7728484,2019-06-02 23:39:41,btc,25.586920629884965,6380.24841349,0.00000422,btc,23342.6220189,0.0,0.0355981522511918,26
0,[],2,[],2019-01-20 23:25:56,0.0,0,0,6476976,2019-01-20 23:25:56,,0.0,0.0,0,,0.0,0.0,0.0,26
1,[],3,[],2019-06-02 23:39:42,21188732.185043,0.00000001,0.0000000000008741020000000001,7728485,2019-06-02 23:39:42,btc,3.7642254837254465,3673255.98668,0.00000001,btc,26149326.78031916,0.0,0.21188732185043,27
1,[],11,[],2019-06-02 23:39:43,2071589.08157834,0.00000002,0.0000000000017482040000000003,7728486,2019-06-02 23:39:43,btc,67503.04527066177,19676.5543251,0.00000002,btc,6588861.32608848,0.0,0.0211134458157834,27
1,[],5,[],2019-04-26 09:47:06,0.0,0,0,7465326,2019-04-26 09:47:06,btc,0.0,0.0,0,btc,0.0,0.0,0.0,27
1,[],4,[],2019-06-02 23:39:45,1198358670.952104,0.00000001,0.000000000000874102,7728487,2019-06-02 23:39:45,btc,4.7892374735474,0.0,0.00000001,"btc,ltc",299112333.49454916,0.03740004,8.59994021304678,29
1,[],7,[],2019-06-02 23:39:46,85451021.33155985,0.00000001,0.0000000000008741020000000001,7728488,2019-06-02 23:39:46,btc,46548272.133624166,0.0,0.00000001,btc,35323266.923455,0.0,0.8545102133155985,29
1,[],4,[],2019-06-02 23:39:47,15244677.86822977,0.00000006,0.000000000005244612,7728489,2019-06-02 23:39:47,btc,2.562666443401238,0.0,0.00000006,btc,2020880.51679651,0.0,0.168853139229436,30
0,[],17,[],2019-05-03 01:11:25,0.0,0,0,7559066,2019-05-03 01:11:25,btc,0.0,0.0,0,btc,0.0,0.0,0.0,30
1,[],4,[],2019-06-02 23:41:49,110439.69980522,0.00004501,0.0000000039343331020000005,7728490,2019-06-02 23:41:49,btc,2.95821066591257,0.0,0.00004501,btc,39529.52887132,0.66965073,0.599975536802479,31
1,[],21,[],2019-06-02 23:41:50,173323.36324193,0.00004685000000000000036810832160,0.000000004095167870000001,7728491,2019-06-02 23:41:50,btc,5.3699366856278585,243315.50290912,0.00004685000000000000036810832160227846543421037495136260986328125,btc,106581.23228735,11.54315532,6.590088109573773,31
0,[],2,[],2019-01-20 23:28:43,0.0,0,0,6477009,2019-01-20 23:28:43,,0.0,0.0,0,,0.0,0.0,0.0,32
0,[],4,[],2019-06-02 23:41:51,0.0,0,0,7728492,2019-06-02 23:41:51,,0.0,0.0,0,,0.0,0.0,0.0,33
1,[],12,[],2019-03-30 07:55:10,40641173.964,0.00000003,0.000000000001228359,7108785,2019-03-30 07:55:10,btc,4233210.82356125,0.0,0.00000003,btc,28378394.68333462,0.0126927883965248,0.90752895892,33
0.000000000131053,[],4,[],2019-06-02 23:41:52,462617743.5756005,5.897385e-17,5.154916023270001e-21,7728493,2019-06-02 23:41:52,ltc,3.7129406554253293,0.0,0.00000045,ltc,155815497.0457885,0.00768519,1.739703944738903e-09,34
1,[],5,[],2019-06-02 23:41:54,0.0,0,0,7728494,2019-06-02 23:41:54,btc,0.0,0.0,0,btc,0.0,0.0,0.0,34
0.0000000002926451,[],17,[],2019-05-02 18:17:47,200000.0,2.9264510000000002e-18,1.596703856561e-22,7556430,2019-05-02 18:17:47,eth,0.20942468735267253,0.0,0.00000001,"btc,eth",1018272.20243647,0.0,5.852902e-13,36
0.0000000001311821,[],4,[],2019-05-31 13:28:19,2417517744.0607657,1.311821e-18,1.105058333085e-22,7717483,2019-05-31 13:28:19,ltc,5.019900492391546e-08,0.0,0.00000001,ltc,7102398142.262129,0.0,3.171350544531538e-09,36
1,[],5,[],2019-05-31 13:28:21,0.0,0,0,7717484,2019-05-31 13:28:21,btc,0.0,0.0,0,btc,0.0,0.0,0.0,36
0.0000000003108179,[],27,[],2019-05-31 13:30:34,10388811.226876,6.216358000000001e-18,5.236566733830001e-22,7717485,2019-05-31 13:30:34,eth,1569.8708019850988,761866.634299,0.00000002,"ltc,eth",5084024.2511555,4.736034912207001e-12,3.3251980286483705e-11,36
1,[],4,[],2019-06-02 23:41:55,9980750.8545678,0.00000016,0.000000000013985632,7728495,2019-06-02 23:41:55,btc,19772.497433110573,0.0,0.00000016,btc,699991.32229404,0.00095194,0.12860647916137,37
1,[],12,[],2019-06-02 23:41:56,3603333.0,0.00000017,0.000000000014859734,7728496,2019-06-02 23:41:56,btc,9.382112487580441,0.0,0.00000017,btc,1093745.73207631,0.012799576208,0.15573058,37
1,[],27,[],2019-06-02 23:44:04,11126.0,0.00000018,0.000000000015733836,7728497,2019-06-02 23:44:04,btc,22.62970013895233,0.0,0.00000018,btc,4298.824295,0.0,0.00165394,37
1,[],17,[],2019-05-03 01:11:36,211752.74075282,0.00000025,0.000000000013700074999999998,7559074,2019-05-03 01:11:36,btc,0.055484923955058496,0.0,0.00000025,"btc,eth",1387.19918473,0.0,0.0005381851887916605,37
1,[],5,[],2019-06-02 23:44:06,0.0,0,0,7728498,2019-06-02 23:44:06,btc,0.0,0.00013347,0,btc,0.0,0.0,0.0,42
1,[],12,[],2019-06-02 23:44:07,148704.7157992,0.000001120000000000000076372827333137660588135986472479999065399169921875,0.00000000009789942400000001,7728499,2019-06-02 23:44:07,btc,24.802698315208506,0.0,0.000001120000000000000076372827333137660588135986472479999065399169921875,btc,75161.76814816,0.033753644284,0.059992189641161,42
1,[],27,[],2019-06-02 23:44:17,506.0,0.00000002,0.000000000001748204,7728500,2019-06-02 23:44:17,btc,0.07600425,0.0,0.00000002,"btc,eth",18.0,0.0,6.000000324651159e-06,42
1,[],12,[],2019-03-13 09:13:29,1112112.0,0.00000001,0.000000000000386531,6919902,2019-03-13 09:13:29,btc,29058.00478931866,0.0,0.00000001,btc,5967681.93306694,9.99000999e-07,0.01112112,43
1,[],5,[],2019-04-26 22:38:52,0.0,0,0,7474154,2019-04-26 22:38:52,btc,0.0,0.02638891,0,btc,0.0,0.0,0.0,43
0,[],17,[],2019-04-26 22:38:53,0.0,0,0,7474155,2019-04-26 22:38:53,btc,0.0,0.0,0,btc,0.0,0.0,0.0,43
1,[],12,[],2019-03-05 01:54:08,639326.02,0.00000004,0.000000000001486676,6845775,2019-03-05 01:54:08,btc,11116042.728239931,0.0,0.00000004,btc,1103841.4595604,0.0003330765234764,0.014975410599999999,44
1,[],4,[],2019-06-02 23:44:18,105133476.84087455,0.00000001,0.000000000000874102,7728501,2019-06-02 23:44:18,btc,2660396.6054374,0.0,0.00000001,"btc,ltc",28314663.17183945,0.00091874,0.032711900954469124,49
0.000000000131053,[],4,[],2019-06-02 23:44:19,134051393.5289157,3.538431e-17,3.0929496139620004e-21,7728502,2019-06-02 23:44:19,ltc,194920.2225988686,0.0,0.00000027,ltc,197442093.60933667,0.0,1.3923494874879078e-09,52
0,[],22,[],2019-06-02 23:44:22,0.0,0,0,7728503,2019-06-02 23:44:22,,10289.52569349,0.0,0,,305146396.4566013,0.0,0.0,57
1,[],27,[],2019-06-02 23:44:29,2297.0,0.0000003,0.000000000026223060000000003,7728504,2019-06-02 23:44:29,btc,0.0,0.0,0.0000003,"btc,eth",0.0,0.0,0.0003891,57
0.000000000131053,[],4,[],2019-06-02 23:44:30,3382222360.5721416,1.31053e-18,1.1455368940600002e-22,7728505,2019-06-02 23:44:30,ltc,19.341013386423935,0.0,0.00000001,ltc,5806269692.741686,0.0,4.432503870200609e-09,58
1,[],12,[],2019-06-02 23:44:30,704740894.0,0.0000000001,0.00000000000000874102,7728506,2019-06-02 23:44:30,btc,2299276.9889754322,0.0,0.0000000001,btc,3475883474.364592,0.00150036741,0.07047408940000001,58
0.00000000010872110000000002,[],22,[],2019-06-02 23:46:34,126877.0,1.0872110000000001e-18,9.503333095220002e-23,7728507,2019-06-02 23:46:34,XMR,68.17454206,0.0,0.00000001,XMR,9626402.6,0.0,0.00126877,58
1,[],17,[],2019-05-03 01:12:09,1200000.0,0.0000000001,0.00000000000000548003,7559085,2019-05-03 01:12:09,btc,1e+24,0.0,0.0000000001,"btc,eth",39516342.31952568,0.0,0.00010000000058666061,58
1,[],5,[],2019-06-02 23:46:36,0.0,0,0,7728508,2019-06-02 23:46:36,btc,0.0,0.00261768,0,btc,0.0,0.0,0.0,61
1,[],22,[],2019-06-02 23:46:38,13613.833333333334,0.00000012,0.000000000010489224,7728509,2019-06-02 23:46:38,BTC,1002.29123003,0.0,0.00000012,BTC,15014.200177125656,0.0,0.00153269,61
1,[],26,[],2019-06-02 23:46:39,0.0,0.00000050,0.000000000043705100000000005,7728510,2019-06-02 23:46:39,btc,0.0,0.0,0.00000050,btc,0.0,0.0,0.0,61
1,[],27,[],2019-06-02 23:46:47,8450.0,0.0000002,0.000000000017482040000000002,7728511,2019-06-02 23:46:47,btc,1.9582485601246655,0.0,0.0000002,"btc,eth",11379.41563696,0.0,0.001522,61
0,[],28,[],2019-06-02 23:48:47,0.0,0,0,7728512,2019-06-02 23:48:47,,0.0,723.0,0,,0.0,0.0,0.0,61
1,[],4,[],2019-06-02 23:48:49,768350.50297034,0.00000069,0.000000000060313038,7728513,2019-06-02 23:48:49,btc,2.9545340705039287,0.0,0.00000069,btc,972226.1875876,0.08123447,0.3765190984969397,67
0.0,[],25,[],2019-06-02 23:51:09,0.0,0,0,7728514,2019-06-02 23:51:09,,0.0,0.0,0.0,btc,0.0,0.0,0.0,67
1,[],12,[],2019-06-02 06:23:14,910048.355,0.00000006,0.000000000005154929999999999,7725270,2019-06-02 06:23:14,btc,5.167005424215783,0.0,0.00000006,btc,738530.60239759,0.003159757462,0.0187188113,71
,[],5,[],2018-11-20 23:02:39,1.5e-07,0.00000005,0.000000000002128045,4862160,2018-11-20 23:02:39,btc,2.84511358,0.0,,btc,0.00036572,0.0,0.07381892,74
1,[],5,[],2019-06-02 23:51:11,0.0,0,0,7728515,2019-06-02 23:51:11,btc,0.0,0.05102872,0,btc,0.0,0.0,0.0,75
0,[],4,[],2019-05-25 21:33:44,0.0,0,0,7686249,2019-05-25 21:33:44,,133656.37989170782,0.0,0,,33439209.5909442,0.0,0.0,81
0,[],20,[],2019-01-25 09:30:31,0.0,0,0,6495923,2019-01-25 09:30:31,btc,0.0,0.0,0,btc,0.0,0.0,0.0,81
1,[],4,[],2019-06-02 23:51:12,68767.13080629,0.00012238,0.000000010697260276000001,7728516,2019-06-02 23:51:12,btc,55.874525490138616,0.0,0.00012238,btc,123153.27951088,0.3624476,0.5799512135240158,82
1,[],21,[],2019-06-02 23:51:13,86312.80743402,0.0001197499999999999969633665553,0.00000001046737145,7728517,2019-06-02 23:51:13,btc,17.164028325918697,55412.23021678,0.000119749999999999996963366555302599181231926195323467254638671875,btc,104125.15169890001,6.77345378,7.61421468956099,82
0,[],17,[],2019-03-25 22:42:34,0.0,0,0,7038780,2019-03-25 22:42:34,btc,0.0445064681804024,0.0,0,btc,995513.18476001,0.0,0.0,84
0.0000000001161485,[],4,[],2019-05-20 13:09:39,216715621.0206096,1.161485e-18,9.0533806701e-23,7657228,2019-05-20 13:09:39,ltc,1.6511566870244727,0.0,0.00000001,ltc,471032407.9048656,0.0,2.5171194308112273e-10,85
,[],22,[],2018-11-20 23:09:34,3408.1,0.0000001,0.0000000000041895,4862324,2018-11-20 23:09:34,BTC,0.04624735,0.0,,BTC,4990.0,0.0,0.00033081,86
1,[],22,[],2019-06-02 23:51:16,138656.0,0.00000002,0.000000000001748204,7728518,2019-06-02 23:51:16,BTC,1.46121046,0.0,0.00000002,BTC,345305.21403508773,0.001865,0.00214656,87
1,[],27,[],2019-06-02 23:51:21,128632.0,0.00000008,0.000000000006992816,7728519,2019-06-02 23:51:21,btc,5.094676018036,82360.0,0.00000008,btc,61516.67341,0.0098832,0.00262364,87
,[],2,[],2018-11-20 23:10:47,0.0,0,0,4862359,2018-11-20 23:10:47,,0.0,0.0,,,0.0,0.0,0.0,88
1,[],11,[],2019-06-02 23:51:23,157245.13763404,0.00007804000000000000498122376679788203546195290982723236083984375,0.000000006821492008000001,7728520,2019-06-02 23:51:23,btc,167.44090281645458,742.09999999,0.00007804000000000000498122376679788203546195290982723236083984375,btc,201134.61163851,0.0,1.8791064217623492,89
0,[],2,[],2019-01-20 23:31:45,0.0,0,0,6477083,2019-01-20 23:31:45,,0.0,0.0,0,,0.0,0.0,0.0,91
1,[],12,[],2019-06-02 23:51:25,393526.95756065997,0.00000037,0.000000000032341774000000005,7728521,2019-06-02 23:51:25,btc,88.57945637984399,0.0,0.00000037,btc,157535.614995,0.0005132299,0.0248308635999553,91
1,[],22,[],2019-06-02 23:53:29,75910.55,0.0000002,0.000000000017482040000000002,7728522,2019-06-02 23:53:29,BTC,0.497,0.0,0.0000002,"BTC,LTC",6.95,0.0,0.00165931,91
0,[],17,[],2019-05-03 01:12:26,0.0,0,0,7559096,2019-05-03 01:12:26,btc,0.0,0.0,0,btc,0.0,0.0,0.0,91
1,[],22,[],2019-04-09 20:17:52,374949.73333333334,0.00000015,0.000000000007771935,7235704,2019-04-09 20:17:52,BTC,6.87372503,0.0,0.00000015,"BTC,LTC",159980.01196797504,1.1e-05,0.80510266,95
0.000000000131053,[],4,[],2019-06-02 23:53:30,543158063.5500628,2.883166e-17,2.520181166932e-21,7728523,2019-06-02 23:53:30,ltc,11.302481329962797,0.0,0.00000022,ltc,152784712.34913436,0.0,8.66823866112722e-10,96
0,[],12,[],2019-06-02 23:53:31,0.0,0,0,7728524,2019-06-02 23:53:31,btc,22.31415682046953,0.0,0,btc,9676394.04695305,1.998002e-05,0.0,96
0,[],17,[],2019-05-03 01:12:32,0.0,0,0,7559100,2019-05-03 01:12:32,btc,0.0,0.0,0,btc,0.0,0.0,0.0,96
1,[],4,[],2019-04-14 03:32:46,1039404.33283278,0.00000038,0.000000000019245518,7293458,2019-04-14 03:32:46,btc,4.170086055365747,0.0,0.00000038,btc,3097704.34561074,0.06260606,0.1859928211030784,99
0,[],2,[],2019-01-20 23:23:55,0.0,0,0,6476914,2019-01-20 23:23:55,,0.0,0.0,0,,0.0,0.0,0.0,100
1,[],4,[],2019-06-02 23:55:32,241299.96120637,0.00001676,0.0000000014649949520000001,7728525,2019-06-02 23:55:32,btc,7.455384702921179,0.0,0.00001676,btc,159312.41929138,0.27584591,0.3487385555799427,100
1,[],22,[],2019-06-02 23:55:35,150000.0,0.00000002,0.000000000001748204,7728526,2019-06-02 23:55:35,BTC,24.83526409,0.0,0.00000002,BTC,11187.719,0.0,0.0017,101
1,[],4,[],2019-06-02 23:55:35,518410.36727697,0.00000163,0.000000000142478626,7728527,2019-06-02 23:55:35,btc,549.1751316574673,0.0,0.00000163,btc,669875.5049252,0.01850334,0.1472738270380242,103
1,[],12,[],2019-06-02 23:55:38,176388295.39494184,0.000000004,0.00000000000034964080000000007,7728528,2019-06-02 23:55:38,btc,2445.3281463220032,0.0,0.000000004,btc,70595347.88182141,0.001819661103,0.23373760257976736,105
0,[],27,[],2019-06-02 23:55:44,0.0,0,0,7728529,2019-06-02 23:55:44,,0.395465268,1636344.0,0,btc,2221497.8,0.01636344,0.0,105
1,[],22,[],2019-04-21 00:17:26,21333.0,0.00000001,0.000000000000532493,7385819,2019-04-21 00:17:26,BTC,51.38182867,0.0,0.00000001,BTC,470435.0,0.0,0.00021333,107
1,[],26,[],2019-04-21 00:17:26,0.0,0.00000000,0,7385820,2019-04-21 00:17:26,btc,0.0,0.0,0.00000000,btc,0.0,0.0,0.0,107
1,[],5,[],2019-06-02 23:55:45,0.0,0,0,7728530,2019-06-02 23:55:45,btc,0.0,0.0,0,btc,0.0,0.0,0.0,112
0,[],22,[],2019-06-02 23:55:47,0.0,0,0,7728531,2019-06-02 23:55:47,,6.79500102,0.0,0,,3375892.0833333335,0.0,0.0,112
1,[],27,[],2019-06-02 23:55:53,10001.0,0.00000001,0.000000000000874102,7728532,2019-06-02 23:55:53,btc,1.15032588,0.0,0.00000001,"btc,eth",1818.0,0.0,1.00000309015e-08,112
1,[],4,[],2019-06-02 23:55:54,263838.8503976,0.00000099,0.000000000086536098,7728533,2019-06-02 23:55:54,btc,5.7524952939394325,0.0,0.00000099,btc,607758.83482218,0.05756442,0.162843967496959,113
1,[],5,[],2019-06-02 23:55:55,0.0,0,0,7728534,2019-06-02 23:55:55,btc,0.0,0.0,0,btc,0.0,0.0,0.0,113
1,[],17,[],2019-04-26 02:17:47,162738.278,0.00000004,0.0000000000021069000000000002,7461287,2019-04-26 02:17:47,btc,1.3331140273775473,0.0,0.00000004,btc,51796.221,0.0,0.00230953112,116
1,[],27,[],2019-05-22 05:13:01,210000.0,0.00000001,0.00000000000079145,7666372,2019-05-22 05:13:01,btc,3919.0005001478,0.0,0.00000001,btc,128660.871,0.0,0.0021,116
1,[],4,[],2019-05-21 22:31:11,138169.03963019,0.00000701,0.000000000558364025,7664793,2019-05-21 22:31:11,btc,150.95388250938234,0.0,0.00000701,btc,344631.17141974,0.07552974,0.4288357684941946,120
1,[],7,[],2019-05-21 22:31:12,3901.07750076,0.000010679999999999999389654892212320191902108490467071533203125,0.0000000008506887,7664794,2019-05-21 22:31:12,btc,231188.94669936574,0.0,0.000010679999999999999389654892212320191902108490467071533203125,btc,4133.83151364,0.0,0.0113888422364489,120
1,[],20,[],2019-04-07 18:42:29,1914137.0852,0.000000035,0.0000000000017871910000000002,7211992,2019-04-07 18:42:29,btc,32.2497668025648,25528.85,0.000000035,btc,1001975.4986,0.00089350975,0.0152723574729,125
0,[],22,[],2019-06-02 23:57:58,10000.0,0,0,7728535,2019-06-02 23:57:58,,0.032061,0.0,0,,299316.7611111111,0.0,0.0001,126
1,[],4,[],2019-06-02 23:57:59,152545.83413727,0.00000681,0.0000000005952634620000001,7728536,2019-06-02 23:57:59,btc,3.460247425081519,0.0,0.00000681,btc,171098.15796852,0.29113545,0.4210899938451776,131
0,[],2,[],2019-01-20 23:25:46,0.0,0,0,6476969,2019-01-20 23:25:46,,0.0,0.0,0,,0.0,0.0,0.0,131
1,[],17,[],2019-05-03 01:13:10,10000.0,0.00000001,0.000000000000548003,7559115,2019-05-03 01:13:10,btc,0.0953976503951408,0.0,0.00000001,btc,5037.62507334,0.0,0.0001,131
1,[],4,[],2019-06-01 22:22:37,4877.33287432,0.00010000,0.000000008588780000000001,7724055,2019-06-01 22:22:37,btc,5.03221070889025,0.0,0.00010000,btc,202.13055914,0.0,0.0067319517514342,135
1,[],3,[],2019-06-03 00:00:00,529157.22392675,0.00000001,0.0000000000008741020000000001,7728537,2019-06-03 00:00:00,btc,0.2222048335022723,1672649.79937,0.00000001,btc,1905502.4316845,0.0,0.0052915722392675,136
1,[],4,[],2019-06-03 00:00:01,2170353.86568318,0.00000181,0.000000000158212462,7728538,2019-06-03 00:00:01,btc,109.28640915164694,0.0,0.00000181,btc,535028.83792675,0.01920737,0.4789015898622107,137
1,[],12,[],2019-06-03 00:00:02,88707.23223289,0.000001799999999999999918546601286595265634105089702643454074859619140625,0.00000000015733836,7728539,2019-06-03 00:00:02,btc,57.89254003132392,0.0,0.000001799999999999999918546601286595265634105089702643454074859619140625,btc,60822.49064291,7.952048e-05,0.0183182999999286,137
1,[],4,[],2019-06-03 00:00:04,134443.2343279,0.00001828,0.000000001597858456,7728540,2019-06-03 00:00:04,btc,8.814022689277223,0.0,0.00001828,btc,128800.47627273,0.60590963,1.315303651646833,142
1,[],5,[],2019-06-03 00:00:06,0.0,0,0,7728541,2019-06-03 00:00:06,btc,0.0,0.04189075,0,btc,0.0,0.0,0.0,142
1,[],20,[],2019-06-03 00:02:08,209040.9661,0.000015001,0.0000000013112404102000002,7728542,2019-06-03 00:02:08,btc,1.6055051421113,127.773,0.000015001,btc,9745.0633,0.0027035747,0.019167254183,142
1,[],22,[],2019-06-03 00:02:12,11028.645,0.00001000,0.000000000874102,7728543,2019-06-03 00:02:12,BTC,3.00455459,0.0,0.00001000,BTC,1114.1498755539799,0.0,0.00745365,142
0.0,[],25,[],2019-06-03 00:04:28,0.0,0,0,7728544,2019-06-03 00:04:28,,0.0,0.0,0.0,btc,0.0,0.0,0.0,142
0,[],28,[],2019-06-03 00:05:17,0.0,0,0,7728545,2019-06-03 00:05:17,,0.0,0.0,0,,0.0,0.0,0.0,142
1,[],17,[],2019-05-03 01:13:16,32967.38636364,0.00000088,0.000000000048224264,7559122,2019-05-03 01:13:16,btc,20.06976206696776,0.0,0.00000088,btc,2746.079105,0.0,0.0105613000000032,142
0,[],22,[],2019-06-03 00:05:20,0.0,0,0,7728546,2019-06-03 00:05:20,,64.98620993,0.0,0,,787027072.3,0.0,0.0,143
0,[],22,[],2019-02-25 15:42:22,0.0,0,0,6783783,2019-02-25 15:42:22,,4.2131946,0.0,0,,2322156.0,0.0,0.0,146
,[],22,[],2018-11-20 23:01:11,0.0,0,0,4862114,2018-11-20 23:01:11,,2.56807021,0.0,,,61828.4988236,0.0,0.0,147
1,[],12,[],2019-04-21 06:38:04,193091.5971266,0.00000071,0.000000000037635183,7388679,2019-04-21 06:38:04,btc,2.301232411611175,0.0,0.00000071,btc,9957.48302385,0.00023528,0.0313308199999888,148
1,[],4,[],2019-03-19 21:31:25,255810.0415942,0.00000029,0.000000000011615747,6982695,2019-03-19 21:31:25,btc,218.94922712414143,0.0,0.00000029,btc,793529.37642722,0.00117,0.0608347789473395,152
0,[],22,[],2019-03-19 21:31:27,0.0,0,0,6982696,2019-03-19 21:31:27,,0.0,0.0,0,,0.0,0.0,0.0,152
1,[],5,[],2019-04-26 09:36:59,0.0,0,0,7465040,2019-04-26 09:36:59,btc,0.0,0.0,0,btc,0.0,0.0,0.0,153
,[],16,[],2019-01-11 15:38:59,0.0,0,0,6366141,2019-01-11 15:38:59,btc,0.0,0.0,,btc,0.0,0.0,0.0,155
0,[],23,[],2019-01-20 23:24:29,0.0,0,0,6476932,2019-01-20 23:24:29,,0.0,0.0,0,,0.0,0.0,0.0,156
0,[],22,[],2019-06-03 00:05:24,0.0,0,0,7728547,2019-06-03 00:05:24,,7.44455324,0.0,0,,5955762.942592593,0.0,0.0,156
1,[],22,[],2019-06-03 00:05:27,6996.0,0.00000001,0.000000000000874102,7728548,2019-06-03 00:05:27,BTC,1.7543039,0.0,0.00000001,BTC,57.0,0.0,6.996e-05,157
0,[],22,[],2019-05-21 23:40:32,0.0,0,0,7665049,2019-05-21 23:40:32,,50234.60468402,0.0,0,,54786159.03179465,0.0,0.0,158
,[],17,[],2018-11-20 22:56:10,0.0,0,0,4861976,2018-11-20 22:56:10,btc,1.1265625,0.0,,btc,1000.0,0.0,0.0,159
,[],20,[],2018-11-20 22:56:12,0.0,0,0,4861977,2018-11-20 22:56:12,btc,11912.7940471,0.0,,btc,34413894.3617,0.0,0.0,159
1,[],12,[],2019-05-24 02:51:20,9178.522006449999,0.00000191999999999999982841307998027158276954651228152215480804443359375,0.000000000151222656,7676256,2019-05-24 02:51:20,btc,149.80414728631675,0.0,0.00000191999999999999982841307998027158276954651228152215480804443359375,btc,1115.7451448499999,0.01783167678326,0.0120075778999181,168
1,[],17,[],2019-05-03 01:13:36,42852.0,0.00000002,0.000000000001096006,7559132,2019-05-03 01:13:36,btc,0.04279856251542,0.0,0.00000002,btc,274.46171372,0.0,0.00052852,168
1,[],22,[],2019-05-17 03:01:52,10.0,0.00000001,0.000000000000778341,7642059,2019-05-17 03:01:52,BTC,41.95893009,0.0,0.00000001,BTC,1753972.7737547632,0.0,1e-07,169
1,[],22,[],2019-05-30 08:38:18,202834.0,0.00000002,0.0000000000017416160000000001,7711049,2019-05-30 08:38:18,BTC,27.87002826,0.0,0.00000002,BTC,462189.5410507793,0.0,0.00211768,171
1,[],22,[],2019-05-29 08:05:18,349870.0,0.00000002,0.000000000001705894,7705265,2019-05-29 08:05:18,BTC,24.05907723,0.0,0.00000002,"BTC,LTC",1224285.4355616204,0.0,0.0039847,173
1,[],5,[],2019-06-02 23:21:01,0.0,0,0,7728400,2019-06-02 23:21:01,btc,0.0,0.00019774,0,btc,0.0,0.0,0.0,175
1,[],22,[],2019-06-03 00:05:31,90671.0,0.00000001,0.000000000000874102,7728549,2019-06-03 00:05:31,BTC,394.35459412,0.0,0.00000001,BTC,136275.61833431243,0.0,0.00090671,176
1,[],7,[],2019-06-03 00:05:33,0.0,0,0,7728550,2019-06-03 00:05:33,btc,522272.5206434946,0.0,0,btc,21545846.91829112,0.0,0.0,178
0,[],22,[],2019-06-03 00:05:36,0.0,0,0,7728551,2019-06-03 00:05:36,,1.00242428,0.0,0,,57512.0,0.0,0.0,178
0,[],2,[],2019-01-20 23:28:34,0.0,0,0,6477001,2019-01-20 23:28:34,,0.0,0.0,0,,0.0,0.0,0.0,178
0,[],23,[],2019-01-20 23:25:08,0.0,0,0,6476952,2019-01-20 23:25:08,,0.0,0.0,0,,0.0,0.0,0.0,179
1,[],5,[],2019-06-03 00:05:37,0.0,0,0,7728552,2019-06-03 00:05:37,btc,0.0,0.00985807,0,btc,0.0,0.0,0.0,179
0,[],22,[],2019-06-03 00:05:40,0.0,0,0,7728553,2019-06-03 00:05:40,,5.3132485,0.0,0,,13258002.811946675,0.0,0.0,179
1,[],22,[],2019-06-03 00:07:44,681354.6642749348,0.00000107,0.000000000093528914,7728554,2019-06-03 00:07:44,BTC,39.19148122,0.0,0.00000107,"BTC,LTC",146551.3481957358,0.00069375,0.58080083,180
1,[],26,[],2019-06-03 00:07:44,0.0,0.00000010,0.000000000008741020000000001,7728555,2019-06-03 00:07:44,btc,0.0,0.0,0.00000010,btc,0.0,0.0,0.0,180
1,[],17,[],2019-05-03 01:13:56,20504.725000000002,0.0000001,0.00000000000548003,7559141,2019-05-03 01:13:56,btc,5.2010695838400265,0.0,0.0000001,btc,5033.45945,0.0,0.0011504725,180
,[],7,[],2018-11-20 22:58:01,562227.975654,0.00000085,0.000000000036176765,4862015,2018-11-20 22:58:01,btc,21836.6059674,2491.87645172,,btc,749999.041456,0.00211021,0.127565380455,183
,[],5,[],2019-01-10 08:11:41,0.0,0,0,6347036,2019-01-10 08:11:41,btc,82.15055501,0.00261,,btc,1.19002445,0.0,0.0,187
,[],17,[],2018-11-16 20:58:10,4062536.27273,0.00000001,0.000000000000550501,4708775,2018-11-16 20:58:10,btc,3.36492563466,0.195460381006,,"btc,eth",110697919.549,0.0,0.0157628953496,187
1,[],24,[],2019-05-22 21:04:52,0.0,0.000000000014,0.0000000000000010960978,7670219,2019-05-22 21:04:52,btc,0.0,0.0,0.000000000014,btc,0.0,0.0,0.0,187
0,[],22,[],2019-04-25 02:54:07,0.0,0,0,7447896,2019-04-25 02:54:07,,7.54794454,0.0,0,,76361.7243344055,0.0,0.0,191
0,[],22,[],2019-06-03 00:07:48,0.0,0,0,7728556,2019-06-03 00:07:48,,0.0,0.0,0,,0.0,0.0,0.0,197
0,[],23,[],2019-01-20 23:31:41,0.0,0,0,6477079,2019-01-20 23:31:41,,0.0,0.0,0,,0.0,0.0,0.0,199
0,[],22,[],2019-06-03 00:07:51,0.0,0,0,7728557,2019-06-03 00:07:51,,10.92270994,0.0,0,,98749032.0,0.0,0.0,199
1,[],26,[],2019-06-03 00:07:51,0.0,0.00000000,0,7728558,2019-06-03 00:07:51,btc,0.0,0.0,0.00000000,btc,0.0,0.0,0.0,199
0,[],2,[],2019-01-20 23:30:49,0.0,0,0,6477059,2019-01-20 23:30:49,,0.0,0.0,0,,0.0,0.0,0.0,201
1,[],4,[],2019-01-25 15:51:35,2084389.58565343,0.00000936,0.000000000333526752,6499557,2019-01-25 15:51:35,btc,2.0092503037378524,0.0,0.00000936,btc,160195.80207885,0.19272417,1.242687955921835,211
1,[],7,[],2019-06-03 00:07:55,1170169467.890069,0.00000025,0.00000000002185255,7728559,2019-06-03 00:07:55,btc,15201832.875541028,0.0,0.00000025,btc,6666446.4161087,0.0,11.967969486923074,212
1,[],12,[],2019-01-25 02:44:32,207462.42853209,0.000001080000000000000035831255497387193287295303889550268650054931640625,0.000000000038610756000000006,6493050,2019-01-25 02:44:32,btc,85023.03793723314,0.0,0.000001080000000000000035831255497387193287295303889550268650054931640625,btc,43675.73520027,0.000146250909087,0.0348620860622024,213
1,[],5,[],2019-05-30 00:07:46,0.0,0,0,7709357,2019-05-30 00:07:46,btc,0.0,0.06425239,0,btc,0.0,0.0,0.0,213
1,[],24,[],2019-05-30 00:07:46,0.0,0.000000399202,0.0000000000344859829346,7709358,2019-05-30 00:07:46,btc,0.0,0.0,0.000000399202,btc,0.0,0.0,0.0,213
1,[],26,[],2019-05-30 00:07:47,0.0,0.00000040,0.000000000034554919999999996,7709359,2019-05-30 00:07:47,btc,0.0,0.0,0.00000040,btc,0.0,0.0,0.0,213
0,[],22,[],2019-06-03 00:07:58,0.0,0,0,7728560,2019-06-03 00:07:58,,9.61445386,0.0,0,,3661587.094064925,0.0,0.0,216
0.000000000131053,[],27,[],2019-06-03 00:08:06,1000.0,1.31053e-18,1.1455368940600002e-22,7728561,2019-06-03 00:08:06,ltc,88.91609335917752,1000.0,0.00000001,"btc,ltc",391269.407688,1e-05,1.31053e-15,216
1,[],22,[],2019-06-03 00:08:10,729602.9655172414,0.00000029,0.000000000025348958,7728562,2019-06-03 00:08:10,BTC,12056.47739965,0.0,0.00000029,BTC,522489.689054774,0.00159565,0.05692037,217
1,[],7,[],2019-06-03 00:08:11,0.0,0,0,7728563,2019-06-03 00:08:11,btc,1234864.1040716618,0.0,0,btc,164001712.13147992,0.0,0.0,219
0,[],27,[],2019-06-03 00:08:18,0.0,0,0,7728564,2019-06-03 00:08:18,,261.4083746267132,0.0,0,btc,15454258.74381025,0.0,0.0,219
0,[],28,[],2019-06-03 00:09:27,0.0,0,0,7728565,2019-06-03 00:09:27,,0.0,21635.493,0,,0.0,0.0,0.0,219
1,[],22,[],2019-05-23 16:41:05,172069.0,0.00000004,0.0000000000031167080000000004,7674065,2019-05-23 16:41:05,BTC,56.76466137,0.0,0.00000004,BTC,127061.6482738741,0.0,0.00393676,221
1,[],24,[],2019-05-23 16:41:05,0.0,0.000000010000,0.0000000000007791770000000001,7674066,2019-05-23 16:41:05,btc,0.0,0.0,0.000000010000,btc,0.0,0.0,0.0,221
1,[],20,[],2019-06-03 00:09:29,10911898.4776,0.000000002,0.0000000000001748204,7728566,2019-06-03 00:09:29,btc,100052.6720247987,5342013.6799,0.000000002,btc,45043451.0108,0.0080286071023,0.0109423422127,224
0,[],22,[],2019-06-03 00:09:32,0.0,0,0,7728567,2019-06-03 00:09:32,,0.0,0.0,0,,0.0,0.0,0.0,224
1,[],26,[],2019-06-03 00:09:32,0.0,0.00000025,0.000000000021852550000000003,7728568,2019-06-03 00:09:32,btc,0.0,0.0,0.00000025,btc,0.0,0.0,0.0,231
1,[],26,[],2019-06-03 00:09:32,0.0,0.00000006,0.000000000005244612,7728569,2019-06-03 00:09:32,btc,0.0,0.0,0.00000006,btc,0.0,0.0,0.0,234
0.000000000309015,[],27,[],2019-06-03 00:09:38,100.0,3.09015e-18,2.7011062953e-22,7728570,2019-06-03 00:09:38,eth,0.01134836604,0.0,0.00000001,"btc,eth",11462.996,0.0,3.09015e-16,234
1,[],4,[],2019-05-22 17:06:12,91780.56053785,0.00000078,0.000000000061977552,7669277,2019-05-22 17:06:12,btc,5.573372450018177,0.0,0.00000078,btc,729173.93529783,0.0,0.0307060663355679,236
1,[],24,[],2019-05-22 17:06:12,0.0,0.000000010000,0.000000000000794584,7669278,2019-05-22 17:06:12,btc,0.0,0.0,0.000000010000,btc,0.0,0.0,0.0,236
1,[],5,[],2019-06-03 00:09:39,0.0,0,0,7728571,2019-06-03 00:09:39,btc,0.0,0.20142604,0,btc,0.0,0.0,0.0,237
1,[],20,[],2019-06-03 00:09:41,117852040.2703,0.00000004,0.000000000003496408,7728572,2019-06-03 00:09:41,btc,522.7788504002422,12291731.2711,0.00000004,btc,43768517.2554,0.5348274267126,0.4205631210798,237
1,[],22,[],2019-06-03 00:09:44,288100.0,0.00000003,0.000000000002622306,7728573,2019-06-03 00:09:44,BTC,1.20267422,0.0,0.00000003,"BTC,LTC",17930.94871794872,0.0,0.007541,237
1,[],4,[],2019-06-03 00:09:45,27152308.95214227,0.00000011,0.000000000009615122000000001,7728574,2019-06-03 00:09:45,btc,2.836981438973546,0.0,0.00000011,btc,9930565.68295113,0.08033418,0.5536570517086093,238
1,[],5,[],2019-06-03 00:09:47,0.0,0,0,7728575,2019-06-03 00:09:47,btc,0.0,0.00040801,0,btc,0.0,0.0,0.0,238
0,[],22,[],2019-03-12 16:49:32,0.0,0,0,6914458,2019-03-12 16:49:32,,0.40415746,0.0,0,,526736.5639027493,0.0,0.0,249
0,[],22,[],2019-05-28 23:53:45,0.0,0,0,7703643,2019-05-28 23:53:45,,13.44714864,0.0,0,,43777534.3426455,0.0,0.0,252
0,[],28,[],2019-06-03 00:10:40,0.0,0,0,7728576,2019-06-03 00:10:40,,0.0,1131297.223,0,,0.0,0.0,0.0,256
1,[],22,[],2019-06-03 00:10:43,1021960.0,0.00000001,0.000000000000874102,7728577,2019-06-03 00:10:43,BTC,31464.5506333,0.0,0.00000001,BTC,584951.6675322719,0.0,0.0102196,258
1,[],22,[],2019-05-19 18:12:02,400.0,0.00000001,0.0000000000007957800000000001,7653905,2019-05-19 18:12:02,BTC,2.415167,0.0,0.00000001,BTC,157.0,0.0,4e-06,259
1,[],5,[],2019-06-03 00:10:45,0.0,0,0,7728578,2019-06-03 00:10:45,btc,0.0,0.05951501,0,btc,0.0,0.0,0.0,264
1,[],20,[],2019-06-03 00:10:47,957524.993,0.000000154,0.000000000013461170800000002,7728579,2019-06-03 00:10:47,btc,0.9760774832195,0.0,0.000000154,btc,51736.5911,0.0,0.0078437773862,264
0,[],22,[],2019-04-12 17:57:27,0.0,0,0,7278186,2019-04-12 17:57:27,,66.37522201,0.0,0,,677842.4169881374,0.0,0.0,271
0,[],22,[],2019-05-29 08:10:20,0.0,0,0,7705301,2019-05-29 08:10:20,,33050470.74998113,0.0,0,,14361377780.7,0.0,0.0,272
0,[],28,[],2019-05-29 08:10:54,0.0,0,0,7705302,2019-05-29 08:10:54,,0.0,22189957216.5758,0,,0.0,0.0,0.0,272
1,[],22,[],2019-05-23 07:12:29,219930.0,0.00000004,0.000000000003048688,7671985,2019-05-23 07:12:29,BTC,426.77835217,0.0,0.00000004,BTC,248664.3325962929,0.0,0.00739728,281
1,[],22,[],2019-06-03 00:10:51,993660.6833333333,0.00000004,0.000000000003496408,7728580,2019-06-03 00:10:51,BTC,31.67142321,0.0,0.00000004,"BTC,LTC",1530788.8319583754,0.00199833,0.0404901,286
0,[],22,[],2019-06-03 00:10:55,0.0,0,0,7728581,2019-06-03 00:10:55,,7337904.96568486,0.0,0,,2004620112.6797826,0.0,0.0,294
