pairValue,buyBook,exchangeId,sellBook,updated,buyTotal,satoshiPrice,usdPrice,exchangeLogId,created,bestPair,sellTotalBtc,volume,pairPrice,activePairs,sellTotal,volumeBtc,buyTotalBtc,coinId
1,[],3,[],2019-02-05 13:20:30,122.019557584521,0.01238497000000000035357938799052135436795651912689208984375,0.00000042858436384400003,6590117,2019-02-05 13:20:30,btc,107.06402192834639,0.0,0.01238497000000000035357938799052135436795651912689208984375,btc,21.808765410182,0.0,0.28675534863787333,1
1,[],4,[],2019-02-05 13:20:31,120230.55689682,0.01259304,0.000000435784667808,6590118,2019-02-05 13:20:31,btc,0.8733798125236371,0.0,0.01259304,btc,66.73404845,1.54902518,2.5651336539194274,1
1,[],5,[],2019-02-05 13:20:33,0.24867875,0.01220100,0.0000004222180452,6590119,2019-02-05 13:20:33,btc,14578.05699038,0.42113348,0.01220100,btc,35555556.13598365,0.0,1.59793065,1
1,[],10,[],2019-02-05 13:20:35,414938.33042432,0.01220031,0.000000422194167612,6590120,2019-02-05 13:20:35,btc,6532.113953632459,1360.63092391,0.01220031,btc,951.02390265,0.0,4.026541227451517,1
1,[],12,[],2019-02-05 13:20:38,10429.20876796,0.012439999999999999669153538661703350953757762908935546875,0.000000430488688,6590121,2019-02-05 13:20:38,btc,0.440245634854,0.0,0.012439999999999999669153538661703350953757762908935546875,btc,29.01053753,0.8022505585706,0.2633970663547,1
1,[],20,[],2019-02-05 13:20:39,1149.1772,0.01200001,0.000000415262746052,6590122,2019-02-05 13:20:39,btc,0.0580330504203,0.0,0.01200001,btc,2.5989,0.0,0.0843085388377,1
1,[],21,[],2019-02-05 13:20:40,2538.72309819,0.01244799000000000079035888945,0.000000430765183548,6590123,2019-02-05 13:20:40,btc,20.64433451512255,3728.15503814,0.01244799000000000079035888944645193987525999546051025390625,"btc,eth",2254.38348452,44.60736386549015,24.145338774313434,1
1,[],22,[],2019-02-05 13:20:49,0.0263776,0.01350000,0.0000004671702,6590124,2019-02-05 13:20:49,BTC,0.31397231,0.0,0.01350000,BTC,0.10124366666666666,0.0,0.00034472,1
1,[],24,[],2019-02-05 13:20:49,0.0,0.000000000000,0,6590125,2019-02-05 13:20:49,btc,0.0,0.0,0.000000000000,btc,0.0,0.0,0.0,1
0.0,[],25,[],2019-02-05 13:20:50,0.0,0,0,6590126,2019-02-05 13:20:50,btc,24.253399997176246,900.20093534,0.0,btc,1871.1975966,11.2003,0.0,1
1,[],26,[],2019-02-05 13:21:00,0.0,0,0,6590127,2019-02-05 13:21:00,,0.0,0.0,0,,0.0,0.0,0.0,1
1,[],28,[],2019-02-05 13:21:01,987.9,0.01131000,0.000000391384812,6590128,2019-02-05 13:21:01,btc,0.162839806,8387.05,0.01131000,btc,8.9,0.0,0.024551096,1
0,[],2,[],2019-01-20 23:28:45,0.0,0,0,6477011,2019-01-20 23:28:45,,0.0,0.0,0,,0.0,0.0,0.0,1
1,[],5,[],2019-02-05 13:21:03,2.073e-05,0.00000072,0.000000000024915744000000002,6590129,2019-02-05 13:21:03,btc,0.16002432,0.00679607,0.00000072,btc,7.025e-05,0.0,0.45748693,2
0,[],22,[],2019-02-05 13:21:05,0.0,0,0,6590130,2019-02-05 13:21:05,,0.0,0.0,0,,0.0,0.0,0.0,2
1,[],5,[],2019-02-05 13:21:07,1.25e-06,0.00000016,0.000000000005536832,6590131,2019-02-05 13:21:07,btc,3.48421904,1.24576836,0.00000016,btc,2.204e-05,0.0,3.03614016,3
1,[],12,[],2019-02-05 13:21:08,12336520.63171415,0.000000167,0.0000000000057790684,6590132,2019-02-05 13:21:08,btc,921361.5190513063,0.0,0.000000167,btc,8097602.88531698,0.04646716577882151,0.522108556683181,3
0,[],28,[],2019-02-05 13:21:10,0.0,0,0,6590133,2019-02-05 13:21:10,,0.0,0.0,0,,0.0,0.0,0.0,3
0,[],2,[],2019-01-20 23:31:32,0.0,0,0,6477077,2019-01-20 23:31:32,,0.0,0.0,0,,0.0,0.0,0.0,4
1,[],4,[],2019-02-05 13:21:10,359751.31010758,0.00000031,0.000000000010727612000000001,6590134,2019-02-05 13:21:10,btc,0.3276323584871961,0.0,0.00000031,btc,333552.98563692,0.00022455,0.0400242231999018,4
1,[],12,[],2019-02-05 13:21:12,1437531.5219999999,0.00000005,0.00000000000173026,6590135,2019-02-05 13:21:12,btc,11013878.263129916,0.0,0.00000005,btc,932226.39031991,0.0018816659240752,0.02941814044,5
0,[],2,[],2019-01-20 23:31:51,0.0,0,0,6477087,2019-01-20 23:31:51,,0.0,0.0,0,,0.0,0.0,0.0,6
1,[],11,[],2019-02-05 13:21:13,11214209.4999525,0.00000002,0.000000000000692104,6590136,2019-02-05 13:21:13,btc,9433.354220784096,37900.0,0.00000002,btc,41584268.85169307,0.0,0.18784467499905,6
1,[],3,[],2019-02-05 13:21:14,1069.652384675756,0.000150559999999999995050348200464895853656344115734100341796875,0.0000000052101589119999995,6590137,2019-02-05 13:21:14,btc,28.510202753279106,0.0,0.000150559999999999995050348200464895853656344115734100341796875,btc,234.145665820227,0.0,0.030997767816609203,7
1,[],4,[],2019-02-05 13:21:15,22151.01220204,0.00020120,0.00000000696256624,6590138,2019-02-05 13:21:15,btc,5.9759281416723065,0.0,0.00020120,btc,25443.25207497,3.08516675,3.7985860573709775,7
1,[],5,[],2019-02-05 13:21:16,0.00659836,0.00019233,0.000000006655618116,6590139,2019-02-05 13:21:16,btc,1.15951355,0.47266264,0.00019233,btc,0.01230643,0.0,1.49444162,7
1,[],20,[],2019-02-05 13:08:35,66461509.91,0.000000001,0.0000000000000346232,6589782,2019-02-05 13:08:35,btc,116.1315013062774,0.0,0.000000001,btc,28812144.5195,0.0,0.06646150991,8
0,[],2,[],2019-01-20 23:22:42,0.0,0,0,6476876,2019-01-20 23:22:42,,0.0,0.0,0,,0.0,0.0,0.0,9
0,[],23,[],2019-01-20 23:22:48,0.0,0,0,6476878,2019-01-20 23:22:48,,0.0,0.0,0,,0.0,0.0,0.0,9
1,[],1,[],2019-02-05 13:21:17,1621250.75,0.00000191999999999999982841307998027158276954651228152215480804443359375,0.000000000066441984,6590140,2019-02-05 13:21:17,btc,2.4256148743,15280556.48,0.00000191999999999999982841307998027158276954651228152215480804443359375,btc,1239530.6199999999,29.58870633,3.0567086563,9
1,[],4,[],2019-02-05 13:21:18,343889.7615515,0.00000189,0.000000000065403828,6590141,2019-02-05 13:21:18,btc,0.8554886014152188,0.0,0.00000189,btc,423712.32426207,1.67397611,0.6169711799660812,9
1,[],28,[],2019-02-05 13:21:19,34500.0,0.00000165,0.00000000005709858,6590142,2019-02-05 13:21:19,btc,2708.7727197804,1655508.0,0.00000165,btc,15427.14,0.0,0.02854,9
1,[],4,[],2019-02-04 22:10:59,7341799.37826053,0.00000002,0.000000000000693444,6584299,2019-02-04 22:10:59,btc,0.1999615409270056,0.0,0.00000002,btc,4135980.29534268,0.00062922,0.0786653918652106,10
0,[],2,[],2019-01-20 23:23:08,0.0,0,0,6476890,2019-01-20 23:23:08,,0.0,0.0,0,,0.0,0.0,0.0,12
1,[],4,[],2019-02-05 13:21:20,2806269.05736078,0.00000149,0.000000000051561748,6590143,2019-02-05 13:21:20,btc,0.9585086862295719,0.0,0.00000149,btc,609073.50361041,3.86561515,3.829706892399667,12
1,[],5,[],2019-02-05 13:21:21,2.211e-05,0.00000144,0.000000000049831488000000003,6590144,2019-02-05 13:21:21,btc,0.49897447,1.38582645,0.00000144,btc,0.00012248,0.0,0.14238564,12
0.0,[],25,[],2019-02-05 13:21:23,0.0,0,0,6590145,2019-02-05 13:21:23,,0.0,0.0,0.0,btc,0.0,0.0,0.0,12
1,[],4,[],2019-02-05 13:21:24,1243569.32055582,0.00000606,0.000000000209707512,6590146,2019-02-05 13:21:24,btc,0.3206381521133597,0.0,0.00000606,btc,49485.55294055,0.46450289,0.9694189557892205,13
1,[],10,[],2019-02-05 13:21:26,594094.56732947,0.00000613,0.000000000212129876,6590147,2019-02-05 13:21:26,btc,666809.6245309834,8194.85133558,0.00000613,btc,735190.07870296,0.0,0.8388402862173965,13
1,[],21,[],2019-02-05 13:21:27,1162914.65320798,0.000006100000000000000041600837358,0.00000000021109172,6590148,2019-02-05 13:21:27,btc,4.057471542100565,666103.53016964,0.0000061000000000000000416008373582688051328659639693796634674072265625,btc,592509.63990498,4.08553032,6.052600343106523,13
1,[],4,[],2019-02-05 13:21:28,1140427.29824206,0.00000174,0.000000000060213048,6590149,2019-02-05 13:21:28,btc,0.1876940536787366,0.0,0.00000174,btc,74996.85033833,0.13254761,0.4397814591056001,14
1,[],12,[],2019-02-05 13:21:28,89593.88167709,0.000001230000000000000081983031474663903281907550990581512451171875,0.000000000042564396000000004,6590150,2019-02-05 13:21:28,btc,1.7638904531737392,0.0,0.000001230000000000000081983031474663903281907550990581512451171875,btc,28150.00592497,0.0157544511143507,0.0110835900000107,14
0,[],17,[],2019-02-05 13:21:30,0.0,0,0,6590151,2019-02-05 13:21:30,btc,0.0,0.0,0,btc,0.0,0.0,0.0,14
1,[],26,[],2019-02-05 13:21:30,0.0,0.00000049,0.000000000016956548,6590152,2019-02-05 13:21:30,btc,0.0,0.0,0.00000049,btc,0.0,0.0,0.0,14
,[],12,[],2018-12-01 15:15:48,204241.84496,0.00000489,0.000000000202473384,5260204,2018-12-01 15:15:48,btc,49.5475654835,0.0,,btc,35763.2193806,0.0163153972027625,0.0203389899998,15
0,[],4,[],2019-02-05 13:21:31,0.0,0,0,6590153,2019-02-05 13:21:31,,0.0,0.0,0,,0.0,0.0,0.0,15
0,[],2,[],2019-01-20 23:23:38,0.0,0,0,6476906,2019-01-20 23:23:38,,0.0,0.0,0,,0.0,0.0,0.0,18
1,[],4,[],2019-02-05 13:21:32,26834.11572341,0.00001861,0.000000000644002772,6590154,2019-02-05 13:21:32,btc,2.222683878567722,0.0,0.00001861,btc,7796.07032399,0.01644868,0.1129770353904019,18
1,[],10,[],2019-02-05 13:21:34,788015.26230245,0.00001703,0.0000000005893265560000001,6590155,2019-02-05 13:21:34,btc,15.5990792168083,3116.47944085,0.00001703,btc,13089.39062594,0.0,0.2868583797591523,18
1,[],12,[],2019-02-05 13:21:35,201109.83315113,0.00001701000000000000146431478054154240453499369323253631591796875,0.000000000588634452,6590156,2019-02-05 13:21:35,btc,0.1856924512466319,0.0,0.00001701000000000000146431478054154240453499369323253631591796875,btc,1708.32700711,0.0005030595725961,0.0219819211470697,18
0,[],17,[],2019-02-05 13:21:36,0.0,0,0,6590157,2019-02-05 13:21:36,btc,0.0,0.0,0,btc,0.0,0.0,0.0,18
0,[],2,[],2019-01-20 23:24:19,0.0,0,0,6476924,2019-01-20 23:24:19,,0.0,0.0,0,,0.0,0.0,0.0,19
1,[],3,[],2019-02-05 13:21:37,119350.26552247752,0.000028500000000000001569057384021022016895585693418979644775390625,0.0000000009862482,6590158,2019-02-05 13:21:37,btc,0.45783891620815237,5453.76866043,0.000028500000000000001569057384021022016895585693418979644775390625,btc,5309.527474885226,0.0,0.1014113716932348,19
1,[],4,[],2019-02-05 13:21:37,262497.44718684,0.00002830,0.00000000097932716,6590159,2019-02-05 13:21:37,btc,0.3660222754528875,0.0,0.00002830,btc,11011.91550525,2.47835455,2.7342023940444653,19
1,[],5,[],2019-02-05 13:21:39,0.00020455,0.00002560,0.00000000088589312,6590160,2019-02-05 13:21:39,btc,0.27478893,0.01620571,0.00002560,btc,0.00308247,0.0,0.18157003,19
1,[],12,[],2019-02-05 13:21:40,135096.66237226,0.00002392000000000000137397038191267029105802066624164581298828125,0.000000000827756384,6590161,2019-02-05 13:21:40,btc,1.9958159431343807,0.0,0.00002392000000000000137397038191267029105802066624164581298828125,btc,511.40206383,0.00028897,0.0335699939444592,19
0,[],27,[],2019-02-05 13:21:42,0.0,0,0,6590162,2019-02-05 13:21:42,,0.0,0.0,0,btc,0.0,0.0,0.0,19
1,[],4,[],2019-02-05 13:21:42,8039346.97209016,0.00000013,0.000000000004498676,6590163,2019-02-05 13:21:42,btc,0.8115519375916198,0.0,0.00000013,btc,1594753.31171721,0.00011984,0.255413087491571,20
1,[],4,[],2019-02-05 13:21:43,122562117.80022223,0.00000002,0.000000000000692104,6590164,2019-02-05 13:21:43,btc,0.6356172807258483,0.0,0.00000002,btc,15848246.40329118,0.00729487,1.4608199402142852,21
1,[],12,[],2019-02-05 13:21:44,19029287.0,0.00000002,0.000000000000692104,6590165,2019-02-05 13:21:44,btc,669.5303074747565,0.0,0.00000002,btc,8580551.70429836,0.0,0.25352031,21
0,[],17,[],2019-02-05 13:21:45,0.0,0,0,6590166,2019-02-05 13:21:45,btc,0.0,0.0,0,btc,0.0,0.0,0.0,21
1,[],12,[],2019-02-05 13:21:47,2125414449.5458817,0.0000000002,0.00000000000000692104,6590167,2019-02-05 13:21:47,btc,1729404717684.5413,0.0,0.0000000002,btc,4131290000.3768377,0.010762503717482625,0.21440542315598685,23
0,[],27,[],2019-02-05 13:21:48,0.0,0,0,6590168,2019-02-05 13:21:48,,0.735147,0.0,0,eth,812759.0,0.0,0.0,23
1,[],4,[],2019-02-05 13:21:49,436129.85498446,0.00000080,0.00000000002768416,6590169,2019-02-05 13:21:49,btc,0.079280820470194,0.0,0.00000080,btc,72593.67220237,0.0098821,0.2390563031684783,24
1,[],22,[],2019-02-05 13:21:52,11.76,0.00000100,0.0000000000346052,6590170,2019-02-05 13:21:52,BTC,7.415e-05,0.0,0.00000100,BTC,23.919354838709676,0.0,1.176e-05,24
0.0,[],25,[],2019-02-05 13:21:53,0.0,0,0,6590171,2019-02-05 13:21:53,,0.0,0.0,0.0,btc,0.0,0.0,0.0,24
1,[],4,[],2019-02-05 13:17:01,27843665.95956765,0.00000687,0.000000000237737037,6590010,2019-02-05 13:17:01,btc,0.4689058048046134,0.0,0.00000687,btc,39487.34452394,0.05499356,0.4802361740216283,26
1,[],10,[],2019-02-05 13:17:03,731063.84399312,0.00000589,0.00000000020382403900000004,6590011,2019-02-05 13:17:03,btc,25.976245685482837,13.78445605,0.00000589,btc,13184.776304,0.0,0.2083750833237135,26
0,[],2,[],2019-01-20 23:25:56,0.0,0,0,6476976,2019-01-20 23:25:56,,0.0,0.0,0,,0.0,0.0,0.0,26
1,[],3,[],2019-02-05 13:21:54,6680436.13527176,0.00000002,0.000000000000692104,6590172,2019-02-05 13:21:54,btc,2.5129598956170263,296216.510427,0.00000002,btc,16144663.1649197,0.0,0.0781452423169209,27
1,[],5,[],2019-02-05 13:21:55,1e-08,0.00000001,0.000000000000346052,6590173,2019-02-05 13:21:55,btc,1.14841107,0.00033139,0.00000001,btc,4.362e-05,0.0,0.12820773,27
1,[],11,[],2019-02-05 13:21:56,10065216.691211501,0.00000005,0.00000000000173026,6590174,2019-02-05 13:21:56,btc,370.63310344475406,550157.720616,0.00000005,btc,8170877.7193934005,0.0,0.4661316134459823,27
1,[],4,[],2019-02-05 13:21:57,552117853.6519768,0.00000003,0.000000000001038156,6590175,2019-02-05 13:21:57,btc,4.238273260684252,0.0,0.00000003,"btc,ltc",122359658.43363534,1.51734987,6.13798335688988,29
1,[],7,[],2019-02-05 13:21:58,39702964.77554605,0.00000003,0.000000000001038156,6590176,2019-02-05 13:21:58,btc,44465206.17268725,886333.834098,0.00000003,btc,39855943.63295754,0.0,0.7234505371161843,29
1,[],4,[],2019-02-05 13:21:58,1386274.77775127,0.00000028,0.000000000009689456,6590177,2019-02-05 13:21:58,btc,0.2583912362425746,0.0,0.00000028,btc,556772.82994333,0.00943994,0.0853805093702466,30
0,[],17,[],2019-02-05 13:22:00,0.0,0,0,6590178,2019-02-05 13:22:00,btc,0.0,0.0,0,btc,0.0,0.0,0.0,30
1,[],4,[],2019-02-05 13:22:00,2138089.46891396,0.00006881,0.000000002381183812,6590179,2019-02-05 13:22:00,btc,1.499338376562133,0.0,0.00006881,btc,17975.41390484,0.98384922,2.167418427903401,31
1,[],21,[],2019-02-05 13:22:01,53024.91114097,0.00007022000000000000192578591962,0.000000002429977144,6590180,2019-02-05 13:22:01,btc,4.393844833260119,252955.70860578,0.000070220000000000001925785919620892627790453843772411346435546875,btc,54598.69919805,17.36485378,3.325915618343223,31
0,[],2,[],2019-01-20 23:28:43,0.0,0,0,6477009,2019-01-20 23:28:43,,0.0,0.0,0,,0.0,0.0,0.0,32
1,[],4,[],2019-02-05 13:17:10,162683549.23757258,0.00000005,0.000000000001730255,6590018,2019-02-05 13:17:10,btc,0.886551032111391,0.0,0.00000005,"btc,ltc",20486732.12820293,0.99611259,3.3380141431695227,33
1,[],12,[],2019-02-05 13:17:11,17391944.0,0.00000005,0.000000000001730255,6590019,2019-02-05 13:17:11,btc,17261782.286287714,0.0,0.00000005,btc,89745931.85514468,0.0122409547852146,0.6311047,33
1,[],4,[],2019-02-05 13:22:02,115745898.97610582,0.00000002,0.000000000000692104,6590181,2019-02-05 13:22:02,btc,0.7816753217724846,0.0,0.00000002,btc,26055844.05908282,2.48770128,1.2074094938305373,34
1,[],5,[],2019-02-05 13:22:03,1e-08,0.00000001,0.000000000000346052,6590182,2019-02-05 13:22:03,btc,3.8027768,0.84166711,0.00000001,btc,1.394e-05,0.0,0.72264361,34
0.0000000000984737,[],4,[],2019-02-05 13:22:04,1161341009.3483331,2.954211e-18,1.022310624972e-22,6590183,2019-02-05 13:22:04,ltc,7.977736559786458e-09,0.0,0.00000003,ltc,1590377371.533352,0.0,2.3399874070078807e-09,36
1,[],5,[],2019-02-05 13:22:05,0.0,0,0,6590184,2019-02-05 13:22:05,btc,204.66919608,0.0,0,btc,1.295e-05,0.0,0.0,36
0,[],17,[],2019-02-05 13:22:07,0.0,0,0,6590185,2019-02-05 13:22:07,btc,0.07494043759654305,0.0,0,btc,4134847.20243647,0.0,0.0,36
0.0000000000984737,[],27,[],2019-02-05 13:22:09,1000000.0,1.9694739999999998e-18,6.81540416648e-23,6590186,2019-02-05 13:22:09,ltc,447.7307979714,0.0,0.00000002,"ltc,eth",3711879.16,0.0,1.969474e-12,36
1,[],4,[],2019-02-05 13:22:10,397199.08454234,0.00000142,0.000000000049139384,6590187,2019-02-05 13:22:10,btc,0.3881572588305064,0.0,0.00000142,btc,208479.97895025,0.10601272,0.3413737163961218,37
1,[],12,[],2019-02-05 13:22:11,364084.37886943,0.000001410000000000000052661867921965921368609997443854808807373046875,0.000000000048793332000000004,6590188,2019-02-05 13:22:11,btc,1339.0064756225624,0.0,0.000001410000000000000052661867921965921368609997443854808807373046875,btc,875869.02533094,0.4780914283449995,0.2177894500000015,37
1,[],17,[],2019-02-05 13:22:12,1752.74075282,0.00000025,0.0000000000086513,6590189,2019-02-05 13:22:12,btc,0.05548492396531755,0.0,0.00000025,btc,1387.19918473,0.0,0.00043818518820499993,37
1,[],27,[],2019-02-05 13:22:14,16943.0,0.0000005,0.0000000000173026,6590190,2019-02-05 13:22:14,btc,43.30929497030353,0.0,0.0000005,btc,29579.81438508,0.0,0.00566124,37
1,[],5,[],2019-02-05 13:22:16,1.628e-05,0.00000105,0.000000000036335460000000004,6590191,2019-02-05 13:22:16,btc,0.10612491,0.02299423,0.00000105,btc,0.00011869,0.0,0.03917413,42
1,[],12,[],2019-02-05 13:22:17,150546.22867832,0.000001129999999999999980629101885287735029805844533257186412811279296875,0.000000000039103876,6590192,2019-02-05 13:22:17,btc,85.07007229816169,0.0,0.000001129999999999999980629101885287735029805844533257186412811279296875,btc,98029.87222977,0.0154874754353375,0.0523612599999937,42
0,[],27,[],2019-02-05 13:22:19,0.0,0,0,6590193,2019-02-05 13:22:19,,0.00315028,0.0,0,"btc,eth",11.007,0.0,0.0,42
1,[],5,[],2019-02-05 13:22:21,3e-08,0.00000002,0.000000000000692104,6590194,2019-02-05 13:22:21,btc,6.10740073,0.0,0.00000002,btc,1.425e-05,0.0,0.52728241,43
1,[],12,[],2019-02-05 13:22:22,6502141.0,0.00000002,0.000000000000692104,6590195,2019-02-05 13:22:22,btc,20007456.464672454,0.0,0.00000002,btc,38833161.74765234,0.0,0.06502156,43
0,[],17,[],2019-02-05 13:22:23,0.0,0,0,6590196,2019-02-05 13:22:23,btc,0.0,0.0,0,btc,0.0,0.0,0.0,43
1,[],12,[],2019-02-05 13:22:25,836503.0,0.00000006,0.000000000002076312,6590197,2019-02-05 13:22:25,btc,11115166.023806298,0.0,0.00000006,btc,1013734.37862139,0.0015412902996983,0.02384088,44
1,[],4,[],2019-02-05 13:22:26,234631898.33245036,0.00000002,0.000000000000692104,6590198,2019-02-05 13:22:26,btc,0.1889900938469734,0.0,0.00000002,"btc,ltc",8495519.51947867,0.00485018,0.5349265788713798,49
0.0000000000984737,[],4,[],2019-02-05 13:22:26,4933068352.008763,1.9694739999999998e-18,6.81540416648e-23,6590199,2019-02-05 13:22:26,ltc,4.64517350397981,0.0,0.00000002,ltc,1723745475.8975837,0.0,5.293815497818596e-09,52
0,[],22,[],2019-02-05 13:22:29,0.0,0,0,6590200,2019-02-05 13:22:29,,3693.1548887,0.0,0,,247203597.90882352,0.0,0.0,57
0,[],27,[],2019-02-05 13:22:31,0.0,0,0,6590201,2019-02-05 13:22:31,,0.0,0.0,0,"btc,eth",0.0,0.0,0.0,57
0.0000000000984737,[],4,[],2019-02-05 13:22:32,1615676428.9059076,4.923685e-18,1.70385104162e-22,6590202,2019-02-05 13:22:32,ltc,3.2880747413329243,0.0,0.00000005,ltc,1101366584.3093684,0.0001346,5.207538330369758e-09,58
1,[],12,[],2019-02-05 13:22:34,2154409107.805957,0.0000000006,0.00000000000002076312,6590203,2019-02-05 13:22:34,btc,625182683193.9402,0.0,0.0000000006,btc,3372699904.563536,0.00647635294325679,0.7931151810783392,58
0,[],17,[],2019-02-05 13:22:35,0.0,0,0,6590204,2019-02-05 13:22:35,btc,1e+24,0.0,0,btc,41616695.95832568,0.0,0.0,58
0.0000000001236401,[],22,[],2019-02-05 13:22:38,137438.0,1.2364010000000001e-18,4.2785903885200003e-23,6590205,2019-02-05 13:22:38,XMR,69.8835922,0.0,0.00000001,XMR,9887963.0,0.0,0.00137438,58
1,[],26,[],2019-02-05 13:22:43,0.0,0.00000800,0.0000000002768416,6590208,2019-02-05 13:22:43,btc,0.0,0.0,0.00000800,btc,0.0,0.0,0.0,61
1,[],27,[],2019-02-05 13:22:45,100.0,0.00000032,0.000000000011073664,6590209,2019-02-05 13:22:45,btc,0.077778,4.0,0.00000032,"btc,eth",154.84,0.0024,3.1e-05,61
1,[],28,[],2019-02-05 13:22:49,6884.304,0.0000006,0.00000000002076312,6590210,2019-02-05 13:22:49,btc,2.064613633700105,327.0,0.0000006,btc,11345.10450005,0.0,0.00216611304,61
1,[],5,[],2019-02-05 13:22:39,7.53e-06,0.00000062,0.000000000021455224000000002,6590206,2019-02-05 13:22:39,btc,0.28647153,0.0038262,0.00000062,btc,0.00013379,0.0,0.0460496,61
1,[],22,[],2019-02-05 13:22:43,5111.5,0.00000011,0.000000000003806572,6590207,2019-02-05 13:22:43,BTC,1002.29606732,0.0,0.00000011,BTC,15028.700278135757,0.0,0.00051178,61
1,[],4,[],2019-02-05 13:17:51,1111198.41861914,0.00000186,0.00000000006436548600000001,6590043,2019-02-05 13:17:51,btc,0.7597263805615248,0.0,0.00000186,btc,229863.69178534,0.24458246,0.9864810772665262,67
0.0,[],25,[],2019-02-05 13:17:53,0.0,0,0,6590044,2019-02-05 13:17:53,,0.0,0.0,0.0,btc,0.0,0.0,0.0,67
1,[],12,[],2019-02-05 13:22:51,2640395.64844444,0.00000016,0.000000000005536832,6590211,2019-02-05 13:22:51,btc,11115995.664972806,0.0,0.00000016,btc,2483468.00415139,0.0136589401998028,0.0854437940411108,71
,[],5,[],2018-11-20 23:02:39,1.5e-07,0.00000005,0.000000000002128045,4862160,2018-11-20 23:02:39,btc,2.84511358,0.0,,btc,0.00036572,0.0,0.07381892,74
1,[],5,[],2019-01-25 15:53:51,3.303e-05,0.00000156,0.000000000055588884,6499610,2019-01-25 15:53:51,btc,1.42844212,0.0,0.00000156,btc,0.00015937,0.0,0.49487621,75
1,[],4,[],2019-02-05 13:17:56,71007797.82492337,0.00000001,0.00000000000034605100000000005,6590046,2019-02-05 13:17:56,btc,0.8140611123105091,0.0,0.00000001,btc,15190754.69973608,0.00234377,0.7100779782492337,81
0,[],20,[],2019-01-25 09:30:31,0.0,0,0,6495923,2019-01-25 09:30:31,btc,0.0,0.0,0,btc,0.0,0.0,0.0,81
1,[],4,[],2019-02-05 13:22:52,23823.62618171,0.00007041,0.000000002436552132,6590212,2019-02-05 13:22:52,btc,0.6410128555571082,0.0,0.00007041,btc,6178.89447149,0.02300985,0.0899862310786287,82
1,[],21,[],2019-02-05 13:22:52,82496.32286408,0.00007579999999999999932276395498,0.00000000262307416,6590213,2019-02-05 13:22:52,btc,3.4637226658706592,3359.11419433,0.000075799999999999999322763954978654510341584682464599609375,btc,39498.6566625,0.25354167,4.144444059448357,82
0,[],17,[],2019-02-05 13:22:54,0.0,0,0,6590214,2019-02-05 13:22:54,btc,0.0447233088476774,0.0,0,btc,999127.19588126,0.0,0.0,84
0.0000000000984737,[],4,[],2019-02-05 13:22:55,334289271.1267253,1.1816844e-17,4.089242499888e-22,6590215,2019-02-05 13:22:55,ltc,0.19569063225743633,0.0,0.00000012,ltc,69171241.62753846,0.0001,1.3200756653534316e-09,85
,[],22,[],2018-11-20 23:09:34,3408.1,0.0000001,0.0000000000041895,4862324,2018-11-20 23:09:34,BTC,0.04624735,0.0,,BTC,4990.0,0.0,0.00033081,86
0,[],22,[],2019-02-05 13:22:57,0.0,0,0,6590216,2019-02-05 13:22:57,,2.07810912,0.0,0,,154826.94736842104,0.0,0.0,87
0,[],27,[],2019-02-05 13:23:00,0.0,0,0,6590217,2019-02-05 13:23:00,,0.0,0.0,0,btc,0.0,0.0,0.0,87
,[],2,[],2018-11-20 23:10:47,0.0,0,0,4862359,2018-11-20 23:10:47,,0.0,0.0,,,0.0,0.0,0.0,88
1,[],11,[],2019-02-05 13:18:06,101115.2250774,0.00018000000000000001133641791550843436198192648589611053466796875,0.000000006228918000000001,6590052,2019-02-05 13:18:06,btc,245.62143480511165,950.80722619,0.00018000000000000001133641791550843436198192648589611053466796875,btc,183338.4845067,0.0,7.352753241407874,89
0,[],2,[],2019-01-20 23:31:45,0.0,0,0,6477083,2019-01-20 23:31:45,,0.0,0.0,0,,0.0,0.0,0.0,91
1,[],12,[],2019-02-05 13:10:37,462520.45038522,0.00000340999999999999996215809157373843873983787489123642444610595703125,0.000000000118065112,6589868,2019-02-05 13:10:37,btc,1115.4422137368856,0.0,0.00000340999999999999996215809157373843873983787489123642444610595703125,btc,36137.4763252,0.0037090213339079,0.119561534199892,91
0,[],17,[],2019-02-05 13:10:39,0.0,0,0,6589869,2019-02-05 13:10:39,btc,0.0,0.0,0,btc,0.0,0.0,0.0,91
0.0000000000983556,[],22,[],2019-02-05 13:10:43,29102392.0,5.9013360000000005e-18,2.0432313659520001e-22,6589870,2019-02-05 13:10:43,LTC,8.80623359,0.0,0.00000006,LTC,76324729.6,3.442446e-14,1.20422058,95
0.0000000000984737,[],4,[],2019-02-05 13:23:01,132080577.85461871,9.4534752e-17,3.2713939999104e-21,6590218,2019-02-05 13:23:01,ltc,0.9044921186370575,0.0,0.00000096,ltc,45929069.23076312,0.24674381,6.652788987014086e-10,96
1,[],12,[],2019-02-05 13:23:02,1914.0,0.00000001,0.000000000000346052,6590219,2019-02-05 13:23:02,btc,255063.41890503562,0.0,0.00000001,btc,8793732.33297676,0.00222514,1.914e-05,96
0,[],17,[],2019-02-05 13:23:04,0.0,0,0,6590220,2019-02-05 13:23:04,btc,0.0,0.0,0,btc,0.0,0.0,0.0,96
1,[],4,[],2019-02-05 13:18:11,1469027.76001049,0.00000030,0.00000000001038153,6590056,2019-02-05 13:18:11,btc,0.1810714979358251,0.0,0.00000030,btc,359314.40605785,0.09857453,0.1221906987893692,99
1,[],4,[],2019-02-05 13:18:12,66221.57135054,0.00004300,0.0000000014880193000000002,6590057,2019-02-05 13:18:12,btc,1.5516044825448603,0.0,0.00004300,btc,32755.67152748,0.63205013,2.5949662331305734,100
0,[],2,[],2019-01-20 23:23:55,0.0,0,0,6476914,2019-01-20 23:23:55,,0.0,0.0,0,,0.0,0.0,0.0,100
1,[],22,[],2019-02-05 13:23:07,50000.0,0.00000001,0.000000000000346052,6590221,2019-02-05 13:23:07,BTC,23.50383609,0.0,0.00000001,BTC,11277.22,0.0,0.0005,101
1,[],4,[],2019-02-05 13:23:08,162809.42548717,0.00000100,0.0000000000346052,6590222,2019-02-05 13:23:08,btc,0.3902796871154189,0.0,0.00000100,btc,145698.15920697,0.02507649,0.1117505895697746,103
1,[],12,[],2019-02-05 13:23:10,87086466.5303887,0.000000016,0.0000000000005536832,6590223,2019-02-05 13:23:10,btc,138278909.95967224,0.0,0.000000016,btc,132257282.64584698,0.12308485935834164,0.6500128654862192,105
1,[],27,[],2019-02-05 13:23:12,10159100.89,0.00000001,0.000000000000346052,6590224,2019-02-05 13:23:12,btc,0.620832568896094,2305.0,0.00000001,btc,708411.74181977,2.305e-05,0.1015910089,105
0,[],22,[],2019-02-05 13:23:15,0.0,0,0,6590225,2019-02-05 13:23:15,,1.07253299,0.0,0,,94300.0,0.0,0.0,107
1,[],26,[],2019-02-05 13:23:15,0.0,0.00000000,0,6590226,2019-02-05 13:23:15,btc,0.0,0.0,0.00000000,btc,0.0,0.0,0.0,107
1,[],5,[],2019-02-05 13:23:16,3e-08,0.00000002,0.000000000000692104,6590227,2019-02-05 13:23:16,btc,2.88724277,0.00523712,0.00000002,btc,1.649e-05,0.0,0.1259179,112
1,[],22,[],2019-02-05 13:23:19,2229188.0,0.00000002,0.000000000000692104,6590228,2019-02-05 13:23:19,BTC,2.81683288,0.0,0.00000002,BTC,808529.0833333334,0.0,0.02960411,112
0.00000000031023990000000003,[],27,[],2019-02-05 13:23:22,500000.0,3.1023990000000003e-18,1.0735913787480001e-22,6590229,2019-02-05 13:23:22,eth,1.25132491849924,0.0,0.00000001,"btc,eth",1327.641654,0.0,1.5511995e-12,112
1,[],4,[],2019-02-05 13:23:22,502886.81458697,0.00000428,0.000000000148110256,6590230,2019-02-05 13:23:22,btc,0.4343782671732963,0.0,0.00000428,btc,78053.4049501,0.17759339,0.3961527366750167,113
1,[],5,[],2019-02-05 13:23:24,2.56e-05,0.00000392,0.000000000135652384,6590231,2019-02-05 13:23:24,btc,2.30856435,0.00023234,0.00000392,btc,0.00357506,0.0,0.2048707,113
1,[],17,[],2019-02-05 13:23:25,174538.724,0.00000004,0.000000000001384208,6590232,2019-02-05 13:23:25,btc,1.3368030274079008,0.0,0.00000004,btc,51896.221,0.0,0.00308154896,116
0,[],27,[],2019-02-05 13:23:27,0.0,0,0,6590233,2019-02-05 13:23:27,,0.0,0.0,0,btc,0.0,0.0,0.0,116
1,[],4,[],2019-02-05 13:23:28,39684.95501617,0.00002526,0.000000000874127352,6590234,2019-02-05 13:23:28,btc,0.5082510946294732,0.0,0.00002526,btc,16493.2454971,0.48113237,0.7667460509013886,120
1,[],7,[],2019-02-05 13:23:29,15073.84603212,0.00001809000000000000128838779922535451305520837195217609405517578125,0.0000000006260080680000001,6590235,2019-02-05 13:23:29,btc,88979.21777331653,0.0,0.00001809000000000000128838779922535451305520837195217609405517578125,btc,29509.26481199,0.0,0.1350045355123294,120
1,[],20,[],2019-02-05 13:12:55,1617028.1906,0.000000014,0.0000000000004847248,6589890,2019-02-05 13:12:55,btc,33.7487591931607,0.0,0.000000014,btc,1063782.1766,0.0,0.0089722132172,125
1,[],22,[],2019-02-05 13:23:32,3053.0,0.00000001,0.000000000000346052,6590236,2019-02-05 13:23:32,BTC,0.01444889,0.0,0.00000001,BTC,296264.5111111111,0.0,3.053e-05,126
1,[],4,[],2019-02-05 13:18:36,93902.11831965,0.00001649,0.0000000005706380990000001,6590069,2019-02-05 13:18:36,btc,0.4778223560315492,0.0,0.00001649,btc,24189.17374329,0.34373494,0.6510003775055728,131
0,[],17,[],2019-02-05 13:18:37,0.0,0,0,6590070,2019-02-05 13:18:37,btc,0.0009561751951600001,0.0,0,btc,35.42829368,0.0,0.0,131
0,[],2,[],2019-01-20 23:25:46,0.0,0,0,6476969,2019-01-20 23:25:46,,0.0,0.0,0,,0.0,0.0,0.0,131
1,[],4,[],2019-02-05 13:23:33,4607.45578474,0.00016000,0.0000000055368320000000004,6590237,2019-02-05 13:23:33,btc,1.640809490640845,0.0,0.00016000,btc,302.35845559,0.0,0.0113649887169841,135
1,[],3,[],2019-02-05 13:23:34,1986659.05174229,0.00000007,0.000000000002422364,6590238,2019-02-05 13:23:34,btc,0.14260144672320418,72463.2284975,0.00000007,btc,434893.26562585,0.0,0.078018311446039,136
1,[],4,[],2019-02-05 13:23:35,137561.78964844,0.00000181,0.000000000062635412,6590239,2019-02-05 13:23:35,btc,0.0937377965415193,0.0,0.00000181,btc,41085.78277784,0.02324086,0.2084077759955628,137
1,[],12,[],2019-02-05 13:23:36,337228.8238665,0.000001700000000000000028950908510794182149084008415229618549346923828125,0.00000000005882884000000001,6590240,2019-02-05 13:23:36,btc,11982.945155008989,0.0,0.000001700000000000000028950908510794182149084008415229618549346923828125,btc,157428.09369316,0.0064566973532467,0.09352640433502821,137
1,[],5,[],2019-02-05 13:23:38,0.00162527,0.00004464,0.000000001544776128,6590241,2019-02-05 13:23:38,btc,3.79141488,4.1202783,0.00004464,btc,0.00313451,0.0,1.94458539,142
1,[],17,[],2019-02-05 13:23:39,12500.0,0.0000001,0.00000000000346052,6590242,2019-02-05 13:23:39,btc,20.261021579003557,0.0,0.0000001,btc,5931.99821453,0.0,0.00125,142
1,[],20,[],2019-02-05 13:23:41,150077.7119,0.00004104,0.000000001420197408,6590243,2019-02-05 13:23:41,btc,2.510449995,7031.3679,0.00004104,btc,5016.0999,0.302199795547,0.2641231015488,142
1,[],22,[],2019-02-05 13:23:44,962.0,0.00001800,0.0000000006228936,6590244,2019-02-05 13:23:44,BTC,3.00449528,0.0,0.00001800,BTC,899.098,0.0,0.0001637,142
0.0,[],25,[],2019-02-05 13:23:46,0.0,0,0,6590245,2019-02-05 13:23:46,,0.0,0.0,0.0,btc,0.0,0.0,0.0,142
1,[],28,[],2019-02-05 13:23:51,78705.0,0.00002600,0.0000000008997352000000001,6590246,2019-02-05 13:23:51,btc,0.0404216555,1492.001,0.00002600,btc,805.999,0.0,0.0350237,142
0,[],22,[],2019-02-05 13:23:54,0.0,0,0,6590247,2019-02-05 13:23:54,,60.27052098,0.0,0,,806457049.8,0.0,0.0,143
1,[],21,[],2019-02-05 13:23:55,29025097.25480898,0.00000026,0.000000000008997352,6590248,2019-02-05 13:23:55,btc,54.555613580686185,3143519.04807563,0.00000026,btc,95330654.67703038,0.831108,3.749745086100286,145
0,[],22,[],2019-02-05 10:14:16,0.0,0,0,6588926,2019-02-05 10:14:16,,3.05486829,0.0,0,,1890927.5,0.0,0.0,146
,[],22,[],2018-11-20 23:01:11,0.0,0,0,4862114,2018-11-20 23:01:11,,2.56807021,0.0,,,61828.4988236,0.0,0.0,147
1,[],12,[],2019-02-05 13:23:56,8688894.58742534,0.00000336999999999999992161651973798797143899719230830669403076171875,0.000000000116619524,6590249,2019-02-05 13:23:56,btc,16.515058294309178,0.0,0.00000336999999999999992161651973798797143899719230830669403076171875,btc,114562.21522138,0.01663999621762,0.1276151099996721,148
1,[],4,[],2019-02-05 13:23:57,316723.27323502,0.00000040,0.00000000001384208,6590250,2019-02-05 13:23:57,btc,0.920430054305082,0.0,0.00000040,btc,819142.75577741,0.0,0.0708327082527071,152
0,[],22,[],2019-02-05 13:24:00,0.0,0,0,6590251,2019-02-05 13:24:00,,0.0,0.0,0,,0.0,0.0,0.0,152
1,[],5,[],2019-02-05 13:24:01,0.0,0,0,6590252,2019-02-05 13:24:01,btc,4.41744381,0.0,0,btc,0.00161275,0.0,0.0,153
,[],16,[],2019-01-11 15:38:59,0.0,0,0,6366141,2019-01-11 15:38:59,btc,0.0,0.0,,btc,0.0,0.0,0.0,155
0,[],22,[],2019-02-05 13:24:04,0.0,0,0,6590253,2019-02-05 13:24:04,,6.73312347,0.0,0,,4564272.742592593,0.0,0.0,156
0,[],23,[],2019-01-20 23:24:29,0.0,0,0,6476932,2019-01-20 23:24:29,,0.0,0.0,0,,0.0,0.0,0.0,156
1,[],22,[],2019-02-05 13:24:08,7906.0,0.00000801,0.000000000277187652,6590254,2019-02-05 13:24:08,BTC,43.78801181,0.0,0.00000801,BTC,1067.5805334758436,0.0,0.00743836,157
0,[],22,[],2019-02-05 13:19:03,0.0,0,0,6590085,2019-02-05 13:19:03,,50175.6753658,0.0,0,,54007107.04179466,0.0,0.0,158
,[],17,[],2018-11-20 22:56:10,0.0,0,0,4861976,2018-11-20 22:56:10,btc,1.1265625,0.0,,btc,1000.0,0.0,0.0,159
,[],20,[],2018-11-20 22:56:12,0.0,0,0,4861977,2018-11-20 22:56:12,btc,11912.7940471,0.0,,btc,34413894.3617,0.0,0.0,159
1,[],12,[],2019-02-05 13:24:10,198005.37333333,0.000007900000000000000595422149085589325068212929181754589080810546875,0.00000000027338108000000005,6590255,2019-02-05 13:24:10,btc,6.686319328172223,0.0,0.000007900000000000000595422149085589325068212929181754589080810546875,btc,14825.29828389,0.0065978149097304,0.0846993507999995,168
1,[],17,[],2019-02-05 13:24:11,29784.95,0.000001,0.0000000000346052,6590256,2019-02-05 13:24:11,btc,0.03026736251542,0.0,0.000001,btc,144.46171372,0.0,0.00716147,168
0,[],22,[],2019-02-05 13:24:14,0.0,0,0,6590257,2019-02-05 13:24:14,,1.14491527,0.0,0,,677302.1900917594,0.0,0.0,169
1,[],22,[],2019-02-05 13:24:17,200406.64375,0.00000032,0.000000000011073664,6590258,2019-02-05 13:24:17,BTC,10.32478236,0.0,0.00000032,BTC,114617.99185158996,0.0007135,0.02453933,171
1,[],22,[],2019-02-05 13:24:20,243145.52380952382,0.0000003,0.00000000001038156,6590259,2019-02-05 13:24:20,BTC,2.66686514,0.0,0.0000003,BTC,218459.91098947864,0.00661402,0.02285534,173
1,[],5,[],2019-02-05 13:24:22,2.182e-05,0.00000314,0.000000000108660328,6590260,2019-02-05 13:24:22,btc,0.3604673,0.11547184,0.00000314,btc,0.00030267,0.0,0.71009654,175
1,[],22,[],2019-02-05 13:24:25,52249.25714285715,0.0000005,0.0000000000173026,6590261,2019-02-05 13:24:25,BTC,0.63358303,0.0,0.0000005,BTC,155090.40184992214,0.0,0.01803557,176
1,[],7,[],2019-02-05 13:24:29,0.0,0,0,6590262,2019-02-05 13:24:29,btc,233187.8026514405,0.0,0,btc,115099540.36229606,0.0,0.0,178
0,[],22,[],2019-02-05 13:24:36,0.0,0,0,6590263,2019-02-05 13:24:36,,1.00242428,0.0,0,,57512.0,0.0,0.0,178
0,[],2,[],2019-01-20 23:28:34,0.0,0,0,6477001,2019-01-20 23:28:34,,0.0,0.0,0,,0.0,0.0,0.0,178
1,[],5,[],2019-02-05 13:24:37,3e-08,0.00000002,0.000000000000692104,6590264,2019-02-05 13:24:37,btc,17.01068072,0.04589336,0.00000002,btc,2.088e-05,0.0,1.26103492,179
1,[],22,[],2019-02-05 13:24:41,8340773.0,0.00000002,0.000000000000692104,6590265,2019-02-05 13:24:41,BTC,5.51393082,0.0,0.00000002,"BTC,LTC",18589483.068656635,7.517482258e-13,0.3940753,179
0,[],23,[],2019-01-20 23:25:08,0.0,0,0,6476952,2019-01-20 23:25:08,,0.0,0.0,0,,0.0,0.0,0.0,179
1,[],17,[],2019-02-05 13:24:42,10504.725,0.0000001,0.00000000000346052,6590266,2019-02-05 13:24:42,btc,5.206166879877304,0.0,0.0000001,btc,6755.0074587,0.0,0.0010504725,180
1,[],22,[],2019-02-05 13:24:46,39521.94545454546,0.00000011,0.000000000003806572,6590267,2019-02-05 13:24:46,BTC,0.09620963,0.0,0.00000011,"BTC,LTC",16840.39315481,3.08e-06,0.00413387,180
1,[],26,[],2019-02-05 13:24:46,0.0,0.00000010,0.00000000000346052,6590268,2019-02-05 13:24:46,btc,0.0,0.0,0.00000010,btc,0.0,0.0,0.0,180
,[],7,[],2018-11-20 22:58:01,562227.975654,0.00000085,0.000000000036176765,4862015,2018-11-20 22:58:01,btc,21836.6059674,2491.87645172,,btc,749999.041456,0.00211021,0.127565380455,183
,[],5,[],2019-01-10 08:11:41,0.0,0,0,6347036,2019-01-10 08:11:41,btc,82.15055501,0.00261,,btc,1.19002445,0.0,0.0,187
1,[],24,[],2019-02-05 13:24:47,0.0,0.000000000001,3.46052e-17,6590269,2019-02-05 13:24:47,btc,0.0,0.0,0.000000000001,btc,0.0,0.0,0.0,187
,[],17,[],2018-11-16 20:58:10,4062536.27273,0.00000001,0.000000000000550501,4708775,2018-11-16 20:58:10,btc,3.36492563466,0.195460381006,,"btc,eth",110697919.549,0.0,0.0157628953496,187
0,[],22,[],2019-02-05 13:24:49,0.0,0,0,6590270,2019-02-05 13:24:49,,1.19382741,0.0,0,,13380.036201072173,0.0,0.0,191
0,[],22,[],2019-02-05 13:19:21,0.0,0,0,6590094,2019-02-05 13:19:21,,0.0,0.0,0,,0.0,0.0,0.0,197
0,[],23,[],2019-01-20 23:31:41,0.0,0,0,6477079,2019-01-20 23:31:41,,0.0,0.0,0,,0.0,0.0,0.0,199
1,[],26,[],2019-02-05 13:19:22,0.0,0.00000000,0,6590095,2019-02-05 13:19:22,btc,0.0,612856.0,0.00000000,btc,0.0,0.0,0.0,199
0,[],17,[],2019-01-30 16:32:01,0.0,0,0,6540827,2019-01-30 16:32:01,btc,6.802544163788159,0.0,0,btc,105897.55575295,0.0,0.0,200
0,[],2,[],2019-01-20 23:30:49,0.0,0,0,6477059,2019-01-20 23:30:49,,0.0,0.0,0,,0.0,0.0,0.0,201
1,[],4,[],2019-01-25 15:51:35,2084389.58565343,0.00000936,0.000000000333526752,6499557,2019-01-25 15:51:35,btc,2.0092503037378524,0.0,0.00000936,btc,160195.80207885,0.19272417,1.242687955921835,211
1,[],7,[],2019-02-05 13:19:26,16158410.47036588,0.00000145999999999999999745971430986646311112053808756172657012939453125,0.000000000050523446,6590096,2019-02-05 13:19:26,btc,16567795.479188962,639811.291991,0.00000145999999999999999745971430986646311112053808756172657012939453125,btc,12779169.59878374,0.90069579,8.06916721504996,212
1,[],12,[],2019-01-25 02:44:32,207462.42853209,0.000001080000000000000035831255497387193287295303889550268650054931640625,0.000000000038610756000000006,6493050,2019-01-25 02:44:32,btc,85023.03793723314,0.0,0.000001080000000000000035831255497387193287295303889550268650054931640625,btc,43675.73520027,0.000146250909087,0.0348620860622024,213
1,[],5,[],2019-02-05 13:19:27,5.01e-06,0.00000035,0.000000000012111785,6590097,2019-02-05 13:19:27,btc,1.10552021,0.15791335,0.00000035,btc,3.209e-05,0.0,0.20886699,213
1,[],24,[],2019-02-05 13:19:28,0.0,0.000000050000,0.000000000001730255,6590098,2019-02-05 13:19:28,btc,0.0,0.0,0.000000050000,btc,0.0,0.0,0.0,213
1,[],26,[],2019-02-05 13:19:28,0.0,0.00000009,0.0000000000031144590000000003,6590099,2019-02-05 13:19:28,btc,0.0,0.0,0.00000009,btc,0.0,0.0,0.0,213
1,[],22,[],2019-02-05 13:19:36,298200.0,0.00000003,0.000000000001038153,6590100,2019-02-05 13:19:36,BTC,70.20492877,0.0,0.00000003,BTC,291693.63137942314,0.0,0.007318,216
1,[],27,[],2019-02-05 13:19:38,5054765.0,0.00000016,0.000000000005536816000000001,6590101,2019-02-05 13:19:38,btc,313.98413255276,18000.0,0.00000016,"btc,ltc",287278.49411,0.00666,0.0516927,216
1,[],22,[],2019-02-05 13:24:54,249182.48250399102,0.00000233,0.000000000080630116,6590271,2019-02-05 13:24:54,BTC,12677.87066174,0.0,0.00000233,BTC,474696.0974116507,0.00556705,0.31647277,217
1,[],7,[],2019-02-05 13:24:55,0.0,0,0,6590272,2019-02-05 13:24:55,btc,77970.02600413912,0.0,0,btc,134531561.1214003,0.0,0.0,219
0,[],27,[],2019-02-05 13:24:57,0.0,0,0,6590273,2019-02-05 13:24:57,,5.3418937883169715,0.0,0,btc,1605140.99226592,0.0,0.0,219
0.0000000000000055,[],28,[],2019-02-05 13:25:02,205554034.567,6.1325e-18,2.12216389e-22,6590274,2019-02-05 13:25:02,doge,88554.0318717675,6508.0,0.00111500,"btc,doge",4969437.84751,0.0,2.9397062286559605e-11,219
1,[],22,[],2019-02-05 13:19:55,217031.0,0.00000056,0.000000000019378856,6590106,2019-02-05 13:19:55,BTC,2.99954627,0.0,0.00000056,BTC,32610.55212317522,0.00289422,0.02772918,221
1,[],24,[],2019-02-05 13:19:55,0.0,0.000000550000,0.000000000019032805,6590107,2019-02-05 13:19:55,btc,0.0,0.0,0.000000550000,btc,0.0,0.0,0.0,221
1,[],20,[],2019-02-05 13:19:57,5894274.5651,0.00000001,0.00000000000034605100000000005,6590108,2019-02-05 13:19:57,btc,5.7520228082726,611522.1002,0.00000001,btc,7586743.179,0.0067509902978,0.0159918955314,224
0,[],22,[],2019-02-05 13:19:59,0.0,0,0,6590109,2019-02-05 13:19:59,,0.0,0.0,0,,0.0,0.0,0.0,224
1,[],26,[],2019-02-05 13:25:02,0.0,0.00000022,0.000000000007613144,6590275,2019-02-05 13:25:02,btc,0.0,0.0,0.00000022,btc,0.0,0.0,0.0,231
1,[],26,[],2019-02-05 13:25:02,0.0,0.00000005,0.00000000000173026,6590276,2019-02-05 13:25:02,btc,0.0,0.0,0.00000005,btc,0.0,0.0,0.0,234
0,[],27,[],2019-02-05 13:25:05,0.0,0,0,6590277,2019-02-05 13:25:05,,0.0113483662182,0.0,0,"btc,eth",11462.99618,0.0,0.0,234
0,[],22,[],2019-02-05 13:14:48,0.0,0,0,6589948,2019-02-05 13:14:48,,2.72844891,0.0,0,,96633768.31349206,0.0,0.0,235
1,[],4,[],2019-02-05 13:25:06,821928.27093796,0.00000061,0.000000000021109172,6590278,2019-02-05 13:25:06,btc,0.1408770854555208,0.0,0.00000061,btc,130312.36666117,0.03888985,0.1726808813550672,236
1,[],24,[],2019-02-05 13:25:06,0.0,0.000000010000,0.000000000000346052,6590279,2019-02-05 13:25:06,btc,0.0,0.0,0.000000010000,btc,0.0,0.0,0.0,236
1,[],20,[],2019-02-05 13:25:07,20465650.9774,0.000000058,0.0000000000020071016,6590280,2019-02-05 13:25:07,btc,16.3019993381558,12312094.06,0.000000058,btc,26802716.407,0.7432590329858,0.3628105898515,237
1,[],22,[],2019-02-05 13:25:11,10000.0,0.00000001,0.000000000000346052,6590281,2019-02-05 13:25:11,BTC,0.04083605,0.0,0.00000001,BTC,4179.0,0.0,0.0001,237
1,[],4,[],2019-02-05 13:25:12,3844912.21464769,0.00000033,0.000000000011419716,6590282,2019-02-05 13:25:12,btc,0.5462352608322679,0.0,0.00000033,btc,1395948.92659224,0.50679309,1.164394477187558,238
1,[],5,[],2019-02-05 13:25:13,3.92e-06,0.00000032,0.000000000011073664,6590283,2019-02-05 13:25:13,btc,0.72602916,0.00712251,0.00000032,btc,2.957e-05,0.0,0.31233635,238
1,[],22,[],2019-02-05 13:25:16,171072.33333333334,0.00000003,0.000000000001038156,6590284,2019-02-05 13:25:16,BTC,15.41409429,0.0,0.00000003,BTC,305045.3139027493,0.00086735,0.00513217,249
0.0000000000984737,[],22,[],2019-02-05 13:25:20,1311049.0,2.954211e-18,1.022310624972e-22,6590285,2019-02-05 13:25:20,LTC,0.44674863,0.0,0.00000003,LTC,14147150.89,0.0,0.03833449,252
1,[],28,[],2019-02-05 13:15:12,2320788.578,0.00000009,0.0000000000031160880000000004,6589957,2019-02-05 13:15:12,btc,164692.29902255893,13989.8,0.00000009,btc,674053.1485,0.0,0.07894288099,256
1,[],22,[],2019-02-05 13:25:23,116442.0,0.00000001,0.000000000000346052,6590286,2019-02-05 13:25:23,BTC,30.20656659,0.0,0.00000001,BTC,456125.98909895687,1.1e-05,0.00116442,258
1,[],22,[],2019-01-26 20:58:41,368451.0,0.00000001,0.000000000000356135,6510120,2019-01-26 20:58:41,BTC,2.642917,0.0,0.00000001,"BTC,LTC",1862.0,0.0,0.02488451,259
1,[],22,[],2019-02-05 13:25:26,19934.094285714287,0.00000700,0.0000000002422364,6590287,2019-02-05 13:25:26,BTC,4.70995114,0.0,0.00000700,BTC,8478.439143195397,0.0,0.089659,262
1,[],5,[],2019-02-05 13:25:27,5.888e-05,0.00000316,0.000000000109352432,6590288,2019-02-05 13:25:27,btc,0.89397685,0.00937535,0.00000316,btc,0.00053329,0.0,0.21520474,264
1,[],20,[],2019-02-05 13:25:29,1167118.7123,0.00000257,0.000000000088935364,6590289,2019-02-05 13:25:29,btc,4.9956018400233,207.7,0.00000257,btc,94832.344,0.000623971931,0.0239886680304,264
1,[],22,[],2019-02-05 13:25:33,127217.0,0.00000002,0.000000000000692104,6590290,2019-02-05 13:25:33,BTC,8.52098902,0.0,0.00000002,BTC,337937.0984647885,8.8e-05,0.00204671,271
0,[],22,[],2019-02-05 13:25:36,0.0,0,0,6590291,2019-02-05 13:25:36,,369.26513139,0.0,0,,14581807828.9,0.0,0.0,272
0.0000000000000055,[],28,[],2019-02-05 13:25:40,254269668996.792,6.6e-21,2.2839432e-25,6590292,2019-02-05 13:25:40,doge,299028345.1856907,1098670003.0,0.00000120,doge,158440537338.041,0.0,8.950905489650234e-10,272
0,[],22,[],2019-02-05 13:25:43,0.0,0,0,6590293,2019-02-05 13:25:43,,0.0,0.0,0,,0.0,0.0,0.0,281
