pairValue,buyBook,exchangeId,sellBook,updated,buyTotal,satoshiPrice,usdPrice,exchangeLogId,created,bestPair,sellTotalBtc,volume,pairPrice,activePairs,sellTotal,volumeBtc,buyTotalBtc,coinId
1,[],3,[],2019-02-23 02:00:33,30550.36345538876,0.0127677399999999996449417949406779371201992034912109375,0.0000005072852921319999,6763161,2019-02-23 02:00:33,btc,61.133113304022764,1.89322748613,0.0127677399999999996449417949406779371201992034912109375,btc,26.719461322607,0.0,0.1928471676834446,1
1,[],4,[],2019-02-23 02:00:34,120061.71005316,0.01300338,0.000000516647693484,6763162,2019-02-23 02:00:34,btc,9.223439661094405,0.0,0.01300338,btc,260.85641021,0.61623057,1.2102901320973058,1
1,[],5,[],2019-02-23 02:00:36,0.0,0,0,6763163,2019-02-23 02:00:36,btc,0.0,0.02033749,0,btc,0.0,0.0,0.0,1
1,[],10,[],2019-02-23 02:00:39,414393.41790829,0.01171721,0.000000465545844278,6763164,2019-02-23 02:00:39,btc,6523.200395401213,1441.67159248,0.01171721,btc,1081.54190649,0.0,5.579033965229551,1
1,[],12,[],2019-02-23 02:00:45,10457.15710455,0.01291999999999999919342297260982377338223159313201904296875,0.0000005133348559999999,6763165,2019-02-23 02:00:45,btc,0.2115728992629,0.0,0.01291999999999999919342297260982377338223159313201904296875,btc,8.71117052,0.2180653827137,0.6243491063343,1
1,[],20,[],2019-02-23 02:00:48,1151.7988,0.010600002,0.0000004211571594636,6763166,2019-02-23 02:00:48,btc,0.0589710786722,0.315,0.010600002,btc,2.6451,0.003339,0.1034005472903,1
1,[],21,[],2019-02-23 02:00:49,2376.67641726,0.01291106000000000024463542303,0.000000512979653708,6763167,2019-02-23 02:00:49,btc,22.190351291162198,8226.436256089999,0.01291106000000000024463542303010399336926639080047607421875,"btc,eth",2299.83634366,101.96919521905318,22.01511459749647,1
1,[],22,[],2019-02-23 02:00:54,0.0163776,0.01300000,0.0000005165134,6763168,2019-02-23 02:00:54,BTC,0.31423927,0.0,0.01300000,BTC,0.11751954901960784,0.0,0.00020972,1
1,[],24,[],2019-02-23 02:00:55,0.0,0.000000000000,0,6763169,2019-02-23 02:00:55,btc,0.0,0.0,0.000000000000,btc,0.0,0.0,0.0,1
0.0,[],25,[],2019-02-23 02:00:56,0.0,0,0,6763170,2019-02-23 02:00:56,btc,16.413599998270715,309.57743669,0.0,btc,1243.11150952,4.04,0.0,1
1,[],26,[],2019-02-23 02:01:06,0.0,0,0,6763171,2019-02-23 02:01:06,,0.0,0.0,0,,0.0,0.0,0.0,1
1,[],28,[],2019-02-23 02:01:12,993.21,0.01323000,0.000000525651714,6763172,2019-02-23 02:01:12,btc,0.162839806,17589.4,0.01323000,btc,8.9,0.0,0.090071836,1
0,[],2,[],2019-01-20 23:28:45,0.0,0,0,6477011,2019-01-20 23:28:45,,0.0,0.0,0,,0.0,0.0,0.0,1
1,[],5,[],2019-02-23 02:01:13,0.0,0,0,6763173,2019-02-23 02:01:13,btc,0.0,0.01035771,0,btc,0.0,0.0,0.0,2
0.00000000012860659999999998,[],22,[],2019-02-23 02:01:16,1148.0,1.4146725999999998e-16,5.6207488808679996e-21,6763174,2019-02-23 02:01:16,XMR,21.01373823,0.0,0.00000110,XMR,14319.12581,0.0,0.00087635,2
1,[],5,[],2019-02-23 02:01:18,0.0,0,0,6763175,2019-02-23 02:01:18,btc,0.0,0.0367705,0,btc,0.0,0.0,0.0,3
1,[],12,[],2019-02-23 02:01:19,11987417.45501,0.000000172,0.0000000000068338696,6763176,2019-02-23 02:01:19,btc,924396.5001666638,0.0,0.000000172,btc,8137292.23302204,0.07120166874927378,0.47086014411602,3
0,[],28,[],2019-02-23 02:01:24,0.0,0,0,6763177,2019-02-23 02:01:24,,0.0,0.0,0,,0.0,0.0,0.0,3
0,[],2,[],2019-01-20 23:31:32,0.0,0,0,6477077,2019-01-20 23:31:32,,0.0,0.0,0,,0.0,0.0,0.0,4
1,[],4,[],2019-02-22 15:52:28,400439.70738348,0.00000032,0.000000000012596480000000001,6759744,2019-02-22 15:52:28,btc,31.576426407239886,0.0,0.00000032,btc,685876.08766458,0.0,0.0547125982053145,4
1,[],12,[],2019-02-22 14:50:14,1367032.5219999999,0.00000003,0.000000000001190475,6759350,2019-02-22 14:50:14,btc,11013869.583570713,0.0,0.00000003,btc,1211697.32371984,0.00024567976024,0.02065290044,5
0,[],2,[],2019-01-20 23:31:51,0.0,0,0,6477087,2019-01-20 23:31:51,,0.0,0.0,0,,0.0,0.0,0.0,6
1,[],11,[],2019-02-23 02:01:26,3301329.5,0.00000002,0.000000000000794636,6763178,2019-02-23 02:01:26,btc,9432.834995181234,61187.0,0.00000002,btc,41406686.95347657,0.0,0.033501425,6
1,[],3,[],2019-02-23 02:01:27,1091.956916111364,0.00015101000000000000598847360588905530676129274070262908935546875,0.000000005999899118,6763179,2019-02-23 02:01:27,btc,27.605796873748474,0.0,0.00015101000000000000598847360588905530676129274070262908935546875,btc,249.144760639695,0.0,0.03419747781770456,7
1,[],4,[],2019-02-23 02:01:28,356650.21352393,0.00024302,0.000000009655622036,6763180,2019-02-23 02:01:28,btc,15.660571661744466,0.0,0.00024302,btc,50689.82524177,3.77048457,6.46780382376153,7
1,[],5,[],2019-02-23 02:01:28,0.0,0,0,6763181,2019-02-23 02:01:28,btc,0.0,0.86367245,0,btc,0.0,0.0,0.0,7
1,[],20,[],2019-02-20 02:16:17,39399275.8418,0.000000001,0.0000000000000390183,6728586,2019-02-20 02:16:17,btc,116.9737569154545,525.0,0.000000001,btc,56932965.8895,5.25e-07,0.0393992758418,8
0,[],2,[],2019-01-20 23:22:42,0.0,0,0,6476876,2019-01-20 23:22:42,,0.0,0.0,0,,0.0,0.0,0.0,9
0,[],23,[],2019-01-20 23:22:48,0.0,0,0,6476878,2019-01-20 23:22:48,,0.0,0.0,0,,0.0,0.0,0.0,9
1,[],4,[],2019-02-23 02:01:30,1967229.89142567,0.00000173,0.000000000068736014,6763182,2019-02-23 02:01:30,btc,4.056871151757947,0.0,0.00000173,btc,2060594.43831836,2.18821476,0.7546869543982275,9
1,[],28,[],2019-02-23 02:01:36,43948.0,0.00000175,0.00000000006953065,6763183,2019-02-23 02:01:36,btc,2708.763440957195,3690253.0,0.00000175,btc,12613.2201,0.0,0.044282,9
1,[],1,[],2019-02-17 23:31:42,1822507.21,0.00000181000000000000003456111265232042484285557293333113193511962890625,0.000000000066086901,6701244,2019-02-17 23:31:42,btc,3.6990969245,17153386.5,0.00000181000000000000003456111265232042484285557293333113193511962890625,btc,1997391.71,31.11772986,3.2610482446,9
1,[],4,[],2019-02-17 11:22:43,4341674.27126056,0.00000002,0.0000000000007272960000000001,6696112,2019-02-17 11:22:43,btc,0.1997230937751353,0.0,0.00000002,btc,4109766.79808031,0.00215132,0.0479381022052112,10
0,[],2,[],2019-01-20 23:23:08,0.0,0,0,6476890,2019-01-20 23:23:08,,0.0,0.0,0,,0.0,0.0,0.0,12
1,[],4,[],2019-02-23 02:01:37,2594109.59029255,0.00000145,0.000000000057611109999999996,6763184,2019-02-23 02:01:37,btc,16.424446634415684,0.0,0.00000145,btc,7343253.94168563,2.23683327,2.463451199725016,12
1,[],5,[],2019-02-23 02:01:38,0.0,0,0,6763185,2019-02-23 02:01:38,btc,0.0,0.81125556,0,btc,0.0,0.0,0.0,12
0.0,[],25,[],2019-02-23 02:01:39,0.0,0,0,6763186,2019-02-23 02:01:39,,0.0,0.0,0.0,btc,0.0,0.0,0.0,12
1,[],10,[],2019-02-22 22:03:09,487662.45142447,0.00000578,0.00000000022923075399999998,6762029,2019-02-22 22:03:09,btc,666802.5519920025,23155.0440649,0.00000578,btc,727017.28591317,0.0,0.315768840178396,13
1,[],4,[],2019-02-23 02:01:40,1283969.4393412,0.00000581,0.000000000230841758,6763187,2019-02-23 02:01:40,btc,3.0545790265945967,0.0,0.00000581,btc,415761.70791424,0.5054953,1.192006729940313,13
1,[],21,[],2019-02-23 02:01:43,371300.58684941,0.000005830000000000000085582582687,0.000000000231636394,6763188,2019-02-23 02:01:43,btc,6.025480446693792,657079.10222898,0.00000583000000000000008558258268731577800281229428946971893310546875,btc,941698.01475821,3.81751291,1.9523436921395614,13
1,[],4,[],2019-02-23 02:01:45,669131.65932335,0.00000130,0.00000000005165134,6763189,2019-02-23 02:01:45,btc,10.507411595098146,0.0,0.00000130,btc,869947.93335437,0.04614403,0.130981436424312,14
1,[],12,[],2019-02-23 02:01:47,116494.91304348,0.00000110999999999999996035831596741250137938550324179232120513916015625,0.000000000044102298,6763190,2019-02-23 02:01:47,btc,5.287049052395067,0.0,0.00000110999999999999996035831596741250137938550324179232120513916015625,btc,29521.78078516,0.00419528,0.0211640100000004,14
0,[],17,[],2019-02-23 02:01:49,0.0,0,0,6763191,2019-02-23 02:01:49,btc,0.0,0.0,0,btc,0.0,0.0,0.0,14
1,[],26,[],2019-02-23 02:01:49,0.0,0.00000050,0.0000000000198659,6763192,2019-02-23 02:01:49,btc,0.0,0.0,0.00000050,btc,0.0,0.0,0.0,14
,[],12,[],2018-12-01 15:15:48,204241.84496,0.00000489,0.000000000202473384,5260204,2018-12-01 15:15:48,btc,49.5475654835,0.0,,btc,35763.2193806,0.0163153972027625,0.0203389899998,15
0,[],4,[],2019-02-23 02:01:50,0.0,0,0,6763193,2019-02-23 02:01:50,,0.0,0.0,0,,0.0,0.0,0.0,15
0,[],17,[],2019-02-23 01:12:48,0.0,0,0,6763024,2019-02-23 01:12:48,btc,0.0,0.0,0,btc,0.0,0.0,0.0,18
0,[],2,[],2019-01-20 23:23:38,0.0,0,0,6476906,2019-01-20 23:23:38,,0.0,0.0,0,,0.0,0.0,0.0,18
1,[],4,[],2019-02-23 02:01:51,26853.46884545,0.00001810,0.00000000071914558,6763194,2019-02-23 02:01:51,btc,1.2015351851992997,0.0,0.00001810,btc,6524.10722775,0.02306682,0.0990665672954976,18
1,[],10,[],2019-02-23 02:01:54,785978.39420245,0.00001825,0.00000000072510535,6763195,2019-02-23 02:01:54,btc,15.54266062573034,14397.3420287,0.00001825,btc,10850.37807742,0.0,0.1871974982948559,18
1,[],12,[],2019-02-23 02:01:55,199505.8377874,0.0000180099999999999986662058137909525612485595047473907470703125,0.0000000007155697179999999,6763196,2019-02-23 02:01:55,btc,21.98687538552757,0.0,0.0000180099999999999986662058137909525612485595047473907470703125,btc,2122.34859459,0.0050434165239819,0.040150445615814996,18
0,[],2,[],2019-01-20 23:24:19,0.0,0,0,6476924,2019-01-20 23:24:19,,0.0,0.0,0,,0.0,0.0,0.0,19
1,[],3,[],2019-02-23 02:01:56,120776.3141567528,0.00002203999999999999904500003200524815838434733450412750244140625,0.0000000008756888719999999,6763197,2019-02-23 02:01:56,btc,0.6147384866190773,2307.43892689,0.00002203999999999999904500003200524815838434733450412750244140625,btc,11521.704524858205,0.0,0.07966178993169826,19
1,[],4,[],2019-02-23 02:01:57,631639.56157688,0.00002152,0.000000000855028336,6763198,2019-02-23 02:01:57,btc,2.574125658736803,0.0,0.00002152,btc,77250.57009525,1.65480649,2.5631078701904784,19
1,[],5,[],2019-02-23 02:01:58,0.0,0,0,6763199,2019-02-23 02:01:58,btc,0.0,0.00924847,0,btc,0.0,0.0,0.0,19
1,[],12,[],2019-02-23 02:01:59,137033.81018232,0.00001798999999999999885769326468665241236521978862583637237548828125,0.000000000714775082,6763200,2019-02-23 02:01:59,btc,1.2838429892818644,0.0,0.00001798999999999999885769326468665241236521978862583637237548828125,btc,442.16286621,0.00810448,0.0446649100000708,19
0,[],27,[],2019-02-23 02:02:02,0.0,0,0,6763201,2019-02-23 02:02:02,,0.0,0.0,0,btc,0.0,0.0,0.0,19
1,[],4,[],2019-02-23 02:02:03,8071160.95424551,0.00000013,0.000000000005165134,6763202,2019-02-23 02:02:03,btc,7.376065179582633,0.0,0.00000013,btc,2843149.4360639,0.0,0.2585325451781454,20
0,[],17,[],2019-02-23 01:12:59,0.0,0,0,6763033,2019-02-23 01:12:59,btc,0.0,0.0,0,btc,0.0,0.0,0.0,21
1,[],4,[],2019-02-23 02:02:04,104150384.86437024,0.00000002,0.0000000000007946359999999999,6763203,2019-02-23 02:02:04,btc,359.51289750582265,0.0,0.00000002,btc,55731908.51417261,0.003234,1.1707481411680452,21
1,[],12,[],2019-02-23 02:02:05,18647376.0,0.00000002,0.000000000000794636,6763204,2019-02-23 02:02:05,btc,670.3899289734848,0.0,0.00000002,btc,8544410.32857329,4e-08,0.24518776,21
1,[],12,[],2019-02-23 02:02:18,3629489463.6808996,0.0000000002,0.000000000000007946360000000001,6763205,2019-02-23 02:02:18,btc,875865842009.7913,0.0,0.0000000002,btc,4721039627.785662,0.040857479427572035,0.42199900848299043,23
0.00000000037194779999999996,[],27,[],2019-02-23 02:02:20,2000.0,3.719478e-18,1.4778155600039998e-22,6763206,2019-02-23 02:02:20,eth,1.3429826565934113,0.0,0.00000001,eth,1964879.85514486,0.0,7.438956e-15,23
1,[],4,[],2019-02-23 02:02:21,282971.78375397,0.00000060,0.00000000002383908,6763207,2019-02-23 02:02:21,btc,8.38602965801476,0.0,0.00000060,btc,1478082.01201659,0.00049644,0.1389791626811561,24
1,[],22,[],2019-02-23 02:02:24,11.76,0.00000100,0.0000000000397318,6763208,2019-02-23 02:02:24,BTC,7.415e-05,0.0,0.00000100,BTC,23.919354838709676,0.0,1.176e-05,24
0.0,[],25,[],2019-02-23 02:02:26,0.0,0,0,6763209,2019-02-23 02:02:26,,0.0,0.0,0.0,btc,0.0,0.0,0.0,24
0,[],2,[],2019-01-20 23:25:56,0.0,0,0,6476976,2019-01-20 23:25:56,,0.0,0.0,0,,0.0,0.0,0.0,26
1,[],4,[],2019-02-23 02:02:27,26867669.20687433,0.00000612,0.000000000243158616,6763210,2019-02-23 02:02:27,btc,120.05804877806898,0.0,0.00000612,btc,238746.44332818,0.05831314,0.4926717282692344,26
1,[],10,[],2019-02-23 02:02:30,693048.47421827,0.000006,0.0000000002383908,6763211,2019-02-23 02:02:30,btc,25.92896843819888,6276.47871129,0.000006,btc,14577.86340564,0.0,0.2418927022174015,26
1,[],3,[],2019-02-23 02:02:31,10723900.20213569,0.00000002,0.000000000000794636,6763212,2019-02-23 02:02:31,btc,2.895679868727829,160678.919958,0.00000002,btc,18576434.11801327,0.0,0.14412548702135689,27
1,[],5,[],2019-02-23 02:02:32,0.0,0,0,6763213,2019-02-23 02:02:32,btc,0.0,0.03869042,0,btc,0.0,0.0,0.0,27
1,[],11,[],2019-02-23 02:02:34,9657302.940399151,0.00000005,0.00000000000198659,6763214,2019-02-23 02:02:34,btc,67506.53137702076,146281.413934,0.00000005,btc,8171781.9763934,0.0,0.450973774642923,27
1,[],4,[],2019-02-23 02:02:35,1402122541.7497604,0.00000002,0.0000000000007946359999999999,6763215,2019-02-23 02:02:35,btc,9.799909615437631,0.0,0.00000002,"btc,ltc",489142174.20441073,0.38012418,9.163121847834764,29
1,[],7,[],2019-02-23 02:02:36,35120999.95936194,0.00000002,0.000000000000794636,6763216,2019-02-23 02:02:36,btc,44465227.33450094,2635734.28889,0.00000002,btc,60096955.44776538,0.02773688,0.3522099995936194,29
0,[],17,[],2019-02-23 01:00:26,0.0,0,0,6762846,2019-02-23 01:00:26,btc,0.0,0.0,0,btc,0.0,0.0,0.0,30
1,[],4,[],2019-02-23 02:02:38,1396669.24194601,0.00000030,0.00000000001191954,6763217,2019-02-23 02:02:38,btc,2.3129339759616894,0.0,0.00000030,btc,1512642.98552845,0.0111413,0.0963596288206183,30
1,[],4,[],2019-02-23 02:02:50,1133123.95498755,0.00005701,0.000000002265109918,6763218,2019-02-23 02:02:50,btc,5.375478888661467,0.0,0.00005701,btc,63613.31201909,0.86723348,1.4982262579785641,31
1,[],21,[],2019-02-23 02:02:51,59884.69463216,0.00005750000000000000173906028467,0.0000000022845785,6763219,2019-02-23 02:02:51,btc,2.781810313656045,111957.5920171,0.000057500000000000001739060284666749112147954292595386505126953125,btc,43510.60361975,6.60310525,2.99635938620392,31
0,[],2,[],2019-01-20 23:28:43,0.0,0,0,6477009,2019-01-20 23:28:43,,0.0,0.0,0,,0.0,0.0,0.0,32
1,[],4,[],2019-02-23 02:02:52,363669714.5720844,0.00000004,0.0000000000015892719999999999,6763220,2019-02-23 02:02:52,btc,10.098659337045515,0.0,0.00000004,"btc,ltc",175391156.02777022,0.27371091,8.411121969701464,33
1,[],12,[],2019-02-23 02:02:53,16183046.379,0.00000005,0.00000000000198659,6763221,2019-02-23 02:02:53,btc,35620494.431488216,0.0,0.00000005,btc,89073840.35064909,0.0039957798002002,0.53802002895,33
1,[],4,[],2019-02-23 02:02:54,129369094.18272509,0.00000001,0.00000000000039731799999999997,6763222,2019-02-23 02:02:54,btc,4.400039240178576,0.0,0.00000001,btc,99825775.62114432,0.00516679,1.2936909418272509,34
1,[],5,[],2019-02-23 02:02:55,0.0,0,0,6763223,2019-02-23 02:02:55,btc,0.0,0.5199041,0,btc,0.0,0.0,0.0,34
0.0000000001240274,[],4,[],2019-02-23 02:02:56,1260228265.9913146,2.480548e-18,9.85566370264e-23,6763224,2019-02-23 02:02:56,ltc,2.6778770891949672e-08,0.0,0.00000002,ltc,3189479803.662659,0.0,2.151601272185474e-09,36
1,[],5,[],2019-02-23 02:02:57,0.0,0,0,6763225,2019-02-23 02:02:57,btc,0.0,0.0,0,btc,0.0,0.0,0.0,36
0,[],17,[],2019-02-23 02:03:09,0.0,0,0,6763226,2019-02-23 02:03:09,btc,0.0746458232965017,0.0,0,btc,4103573.70243647,0.0,0.0,36
0.00000000037194779999999996,[],27,[],2019-02-23 02:03:13,2000.0,3.719478e-18,1.4778155600039998e-22,6763227,2019-02-23 02:03:13,eth,114.2235941557863,0.0,0.00000001,"ltc,eth",4163566.4875004,0.0,7.438956e-15,36
1,[],4,[],2019-02-23 02:03:13,274171.98395253,0.00000076,0.000000000030196168,6763228,2019-02-23 02:03:13,btc,19772.482431005024,0.0,0.00000076,btc,562936.28881929,0.01162836,0.1272520434733633,37
1,[],12,[],2019-02-23 02:03:15,477304.92757706,0.00000074,0.000000000029401532,6763229,2019-02-23 02:03:15,btc,1347.084755733593,0.0,0.00000074,btc,872215.60112331,0.1246717240289953,0.1206468900000047,37
1,[],17,[],2019-02-23 02:03:16,1752.74075282,0.00000025,0.00000000000993295,6763230,2019-02-23 02:03:16,btc,0.05548492400275573,0.0,0.00000025,btc,1387.19918473,0.0,0.00043818518820499993,37
1,[],27,[],2019-02-23 02:03:20,14685.567,0.00000045,0.00000000001787931,6763231,2019-02-23 02:03:20,btc,25.83024737411233,0.0,0.00000045,btc,6763.38138508,0.0,0.00480032515,37
1,[],5,[],2019-02-23 02:03:21,0.0,0,0,6763232,2019-02-23 02:03:21,btc,0.0,0.00686877,0,btc,0.0,0.0,0.0,42
1,[],12,[],2019-02-23 02:03:22,136814.60073692,0.00000095,0.00000000003774521,6763233,2019-02-23 02:03:22,btc,94.69851448254802,0.0,0.00000095,btc,101595.06450592,0.0273675554475741,0.0423273579650309,42
0.00000000037194779999999996,[],27,[],2019-02-23 02:03:24,2000.0,3.719478e-18,1.4778155600039998e-22,6763234,2019-02-23 02:03:24,eth,0.00315028,0.0,0.00000001,"btc,eth",11.007,0.0,7.438956e-15,42
1,[],5,[],2019-02-23 02:03:25,0.0,0,0,6763235,2019-02-23 02:03:25,btc,0.0,2e-06,0,btc,0.0,0.0,0.0,43
1,[],12,[],2019-02-23 02:03:27,3659302.0,0.00000001,0.000000000000397318,6763236,2019-02-23 02:03:27,btc,20003931.28669576,0.0,0.00000001,btc,39482700.26613386,0.00100013994006,0.036593020000000004,43
0,[],17,[],2019-02-23 02:03:29,0.0,0,0,6763237,2019-02-23 02:03:29,btc,0.0,0.0,0,btc,0.0,0.0,0.0,43
1,[],12,[],2019-02-23 02:03:30,679556.0,0.00000005,0.00000000000198659,6763238,2019-02-23 02:03:30,btc,11115177.726965867,0.0,0.00000005,btc,1082596.39762234,0.0007437,0.01729668,44
1,[],4,[],2019-02-23 02:03:31,304154790.4440582,0.00000002,0.0000000000007946359999999999,6763239,2019-02-23 02:03:31,btc,474.5713450006918,0.0,0.00000002,"btc,ltc",12283111.22500239,0.00016452,0.2176383338130491,49
0,[],4,[],2019-02-23 02:03:32,0.0,0,0,6763240,2019-02-23 02:03:32,,25.469936314621048,0.0,0,,10724285300.576591,0.0,0.0,52
0.00000000012860659999999998,[],22,[],2019-02-23 02:03:35,80945862.0,1.2860659999999999e-18,5.10977170988e-23,6763241,2019-02-23 02:03:35,XMR,4366.33224183,0.0,0.00000001,XMR,248874057.67882353,0.0,0.80945862,57
0.00000000037194779999999996,[],27,[],2019-02-23 02:03:37,2000.0,3.719478e-18,1.4778155600039998e-22,6763242,2019-02-23 02:03:37,eth,0.0,0.0,0.00000001,"btc,eth",0.0,0.0,7.438956e-15,57
0,[],17,[],2019-02-23 01:15:54,0.0,0,0,6763071,2019-02-23 01:15:54,btc,1e+24,0.0,0,btc,41481695.95832568,0.0,0.0,58
0.0000000001240274,[],4,[],2019-02-23 02:03:37,855382054.6642373,3.720822e-18,1.478349555396e-22,6763243,2019-02-23 02:03:37,ltc,18.810559559942636,0.0,0.00000003,ltc,3900067296.256049,0.0,1.9789041000220356e-09,58
1,[],12,[],2019-02-23 02:03:39,1653319242.843957,0.0000000004,0.000000000000015892720000000002,6763244,2019-02-23 02:03:39,btc,224005479468.1584,0.0,0.0000000004,btc,3710644647.404072,0.08638244297523746,0.5367079570011392,58
0.00000000012860659999999998,[],22,[],2019-02-23 02:03:48,137438.0,1.2860659999999999e-18,5.10977170988e-23,6763245,2019-02-23 02:03:48,XMR,69.8835922,0.0,0.00000001,XMR,9887963.0,0.0,0.00137438,58
1,[],5,[],2019-02-23 02:03:49,0.0,0,0,6763246,2019-02-23 02:03:49,btc,0.0,0.00836271,0,btc,0.0,0.0,0.0,61
1,[],22,[],2019-02-23 02:03:53,5149.5,0.00000011,0.000000000004370498,6763247,2019-02-23 02:03:53,BTC,1002.29597012,0.0,0.00000011,BTC,14947.700278135757,0.0,0.00051596,61
1,[],26,[],2019-02-23 02:03:53,0.0,0.00000800,0.0000000003178544,6763248,2019-02-23 02:03:53,btc,0.0,0.0,0.00000800,btc,0.0,0.0,0.0,61
1,[],27,[],2019-02-23 02:03:55,2493.55,0.00000045,0.00000000001787931,6763249,2019-02-23 02:03:55,btc,2.9490818105130616,0.0,0.00000045,"btc,eth",19198.38399471,0.0,0.00021559750364508843,61
1,[],28,[],2019-02-23 02:04:01,13882.304,0.0000005,0.0000000000198659,6763250,2019-02-23 02:04:01,btc,2.056328285685105,748.0,0.0000005,btc,9746.52450005,0.0,0.00566491304,61
1,[],4,[],2019-02-23 02:04:02,1458606.10336305,0.00000289,0.000000000114824902,6763251,2019-02-23 02:04:02,btc,11.286529164760617,0.0,0.00000289,btc,799017.47692138,0.13143557,1.3985884492624543,67
0.0,[],25,[],2019-02-23 02:04:03,0.0,0,0,6763252,2019-02-23 02:04:03,,0.0,0.0,0.0,btc,0.0,0.0,0.0,67
1,[],12,[],2019-02-23 02:04:04,3007483.07181384,0.00000022,0.000000000008740996,6763253,2019-02-23 02:04:04,btc,11115998.397943739,0.0,0.00000022,btc,2040186.93646717,0.00029649075,0.106120736441109,71
,[],5,[],2018-11-20 23:02:39,1.5e-07,0.00000005,0.000000000002128045,4862160,2018-11-20 23:02:39,btc,2.84511358,0.0,,btc,0.00036572,0.0,0.07381892,74
1,[],5,[],2019-02-23 02:04:06,0.0,0,0,6763254,2019-02-23 02:04:06,btc,0.0,0.0,0,btc,0.0,0.0,0.0,75
0,[],20,[],2019-01-25 09:30:31,0.0,0,0,6495923,2019-01-25 09:30:31,btc,0.0,0.0,0,btc,0.0,0.0,0.0,81
1,[],4,[],2019-02-23 02:04:07,17233280.92031862,0.00000001,0.00000000000039731799999999997,6763255,2019-02-23 02:04:07,btc,11394.388595673243,0.0,0.00000001,btc,34744270.17624532,0.0,0.1723328092031862,81
1,[],4,[],2019-02-23 02:04:12,33659.32248859,0.00007611,0.000000003023987298,6763256,2019-02-23 02:04:12,btc,17.763273603589305,0.0,0.00007611,btc,12629.05777887,0.00229338,0.5374060160375411,82
1,[],21,[],2019-02-23 02:04:13,1067885.63426665,0.00007896000000000000294906460363,0.000000003137222928,6763257,2019-02-23 02:04:13,btc,2.2201328899160084,7710.93560236,0.000078960000000000002949064603630091596642159856855869293212890625,btc,23331.78797775,0.59503419,2.4944855554383167,82
0,[],17,[],2019-02-23 02:04:14,0.0,0,0,6763258,2019-02-23 02:04:14,btc,0.0447233088476774,0.0,0,btc,999127.19588126,0.0,0.0,84
0.0000000001240274,[],4,[],2019-02-23 02:04:15,175777987.7071371,4.961096e-18,1.971132740528e-22,6763259,2019-02-23 02:04:15,ltc,1.7830422709503977,0.0,0.00000004,ltc,405760228.6887127,0.0,4.857157067140306e-10,85
,[],22,[],2018-11-20 23:09:34,3408.1,0.0000001,0.0000000000041895,4862324,2018-11-20 23:09:34,BTC,0.04624735,0.0,,BTC,4990.0,0.0,0.00033081,86
0,[],22,[],2019-02-22 12:52:35,0.0,0,0,6758847,2019-02-22 12:52:35,,2.0760781,0.0,0,,140622.94736842104,0.0,0.0,87
0,[],27,[],2019-02-22 12:52:37,0.0,0,0,6758848,2019-02-22 12:52:37,,0.0,0.0,0,btc,0.0,0.0,0.0,87
,[],2,[],2018-11-20 23:10:47,0.0,0,0,4862359,2018-11-20 23:10:47,,0.0,0.0,,,0.0,0.0,0.0,88
1,[],11,[],2019-02-23 02:04:17,93243.11852049,0.000147070000000000013218315331187113770283758640289306640625,0.0000000058433558260000004,6763260,2019-02-23 02:04:17,btc,608.6040783011427,2824.74881636,0.000147070000000000013218315331187113770283758640289306640625,btc,95350.42704236,0.0,6.317671221281066,89
0,[],2,[],2019-01-20 23:31:45,0.0,0,0,6477083,2019-01-20 23:31:45,,0.0,0.0,0,,0.0,0.0,0.0,91
0,[],17,[],2019-02-23 01:04:14,0.0,0,0,6762890,2019-02-23 01:04:14,btc,0.0,0.0,0,btc,0.0,0.0,0.0,91
1,[],12,[],2019-02-23 02:04:18,428015.46017599,0.000001399999999999999936647356556240762159859514213167130947113037109375,0.000000000055624519999999996,6763261,2019-02-23 02:04:18,btc,4.317590379016679,0.0,0.000001399999999999999936647356556240762159859514213167130947113037109375,btc,57588.79173553,0.0066045472277721,0.039964139093814396,91
0,[],22,[],2019-02-23 02:04:26,0.0,0,0,6763262,2019-02-23 02:04:26,,3.1e-06,0.0,0,,2.0,0.0,0.0,91
0.0000000001240274,[],22,[],2019-02-23 02:04:30,3401520.0,4.961096e-18,1.971132740528e-22,6763263,2019-02-23 02:04:30,LTC,8.54674091,0.0,0.00000004,LTC,72080461.1,5.2091508e-13,0.1008108,95
0.0000000001240274,[],4,[],2019-02-23 02:04:32,628380845.2599044,7.441644000000001e-17,2.9566991107920003e-21,6763264,2019-02-23 02:04:32,ltc,12.436992816904182,0.0,0.0000006,ltc,149038320.57376164,0.0,1.2158179985236774e-09,96
0,[],12,[],2019-02-23 02:04:33,0.0,0,0,6763265,2019-02-23 02:04:33,btc,255075.88356527587,0.0,0,btc,8563182.84546427,0.00244017,0.0,96
0,[],17,[],2019-02-23 01:04:36,0.0,0,0,6762895,2019-02-23 01:04:36,btc,0.0,0.0,0,btc,0.0,0.0,0.0,96
1,[],4,[],2019-02-23 02:04:34,1394100.10405389,0.00000032,0.000000000012714175999999999,6763266,2019-02-23 02:04:34,btc,3.246314359543412,0.0,0.00000032,btc,2497164.97627935,0.01600846,0.1213570441978588,99
1,[],4,[],2019-02-23 02:04:36,1299084.92063668,0.00004985,0.00000000198063023,6763267,2019-02-23 02:04:36,btc,12.639100944236006,0.0,0.00004985,btc,163721.7146941,6.26550303,1.9247638960222677,100
0,[],2,[],2019-01-20 23:23:55,0.0,0,0,6476914,2019-01-20 23:23:55,,0.0,0.0,0,,0.0,0.0,0.0,100
1,[],22,[],2019-02-23 02:04:39,50000.0,0.00000001,0.00000000000039731799999999997,6763268,2019-02-23 02:04:39,BTC,23.49896609,0.0,0.00000001,BTC,10277.22,0.0,0.0005,101
1,[],4,[],2019-02-23 02:04:40,459682.87549592,0.00000090,0.00000000003575862,6763269,2019-02-23 02:04:40,btc,256.3137600052796,0.0,0.00000090,btc,482019.92559841,0.01831184,0.2322213907771963,103
1,[],12,[],2019-02-23 02:04:42,53032423.17286972,0.000000013,0.0000000000005165134,6763270,2019-02-23 02:04:42,btc,137279450.70770222,0.0,0.000000013,btc,117785812.87786502,0.01025692503244248,0.15143444124730637,105
1,[],27,[],2019-02-23 02:04:44,397342.89,0.00000001,0.00000000000039731799999999997,6763271,2019-02-23 02:04:44,btc,0.2136902355560939,0.0,0.00000001,btc,379815.05581977,0.0,0.0039734289,105
1,[],22,[],2019-02-23 02:04:49,9328.0,0.00000001,0.00000000000039731799999999997,6763272,2019-02-23 02:04:49,BTC,51.10837004,0.0,0.00000001,BTC,470435.0,0.0,9.328e-05,107
1,[],26,[],2019-02-23 02:04:49,0.0,0.00000000,0,6763273,2019-02-23 02:04:49,btc,0.0,0.0,0.00000000,btc,0.0,0.0,0.0,107
1,[],5,[],2019-02-23 02:04:50,0.0,0,0,6763274,2019-02-23 02:04:50,btc,0.0,0.00121459,0,btc,0.0,0.0,0.0,112
1,[],22,[],2019-02-23 02:04:53,1966.0,0.00000001,0.00000000000039731799999999997,6763275,2019-02-23 02:04:53,BTC,2.81183288,0.0,0.00000001,BTC,808524.0833333334,0.0,1.966e-05,112
0.00000000037194779999999996,[],27,[],2019-02-23 02:04:56,2000.0,3.719478e-18,1.4778155600039998e-22,6763276,2019-02-23 02:04:56,eth,1.35132491849924,0.0,0.00000001,"btc,eth",1328.641654,0.0,7.438956e-15,112
1,[],4,[],2019-02-23 02:04:57,449374.41870695,0.00000317,0.000000000125949806,6763277,2019-02-23 02:04:57,btc,5.704870760691339,0.0,0.00000317,btc,340070.57737126,0.01860972,0.1912886377240527,113
1,[],5,[],2019-02-23 02:04:58,0.0,0,0,6763278,2019-02-23 02:04:58,btc,0.0,0.0,0,btc,0.0,0.0,0.0,113
0,[],27,[],2019-02-23 02:05:11,0.0,0,0,6763279,2019-02-23 02:05:11,,0.0,0.0,0,btc,0.0,0.0,0.0,116
1,[],17,[],2019-02-23 01:05:05,152738.278,0.00000004,0.000000000001582764,6762909,2019-02-23 01:05:05,btc,1.336803027532135,0.0,0.00000004,btc,51896.221,0.0,0.0022095311199999998,116
1,[],4,[],2019-02-23 02:05:12,67734.93399657,0.00002890,0.00000000114824902,6763280,2019-02-23 02:05:12,btc,28.384208185834407,0.0,0.00002890,btc,55870.60288062,0.42044224,0.7934283567825207,120
1,[],7,[],2019-02-23 02:05:13,211380.27100576,0.00002648000000000000058049919038349884203853434883058071136474609375,0.000000001052098064,6763281,2019-02-23 02:05:13,btc,115647.29753752526,1114.09992218,0.00002648000000000000058049919038349884203853434883058071136474609375,btc,38273.88698286,0.03303505,0.06469802213128789,120
1,[],20,[],2019-02-23 02:05:23,1185235.5618,0.000000012,0.0000000000004767816,6763282,2019-02-23 02:05:23,btc,31.9235181096527,20451.4779,0.000000012,btc,1129871.1271,0.0002454177348,0.0034733279724,125
1,[],22,[],2019-02-23 02:05:27,3053.0,0.00000001,0.00000000000039731799999999997,6763283,2019-02-23 02:05:27,BTC,0.01444887,0.0,0.00000001,BTC,296263.5111111111,0.0,3.053e-05,126
1,[],4,[],2019-02-23 02:05:29,105972.09471577,0.00001479,0.000000000587633322,6763284,2019-02-23 02:05:29,btc,23.960028502427836,0.0,0.00001479,btc,120933.89862154,0.20567706,0.5795815056961856,131
0,[],17,[],2019-02-23 02:05:31,0.0,0,0,6763285,2019-02-23 02:05:31,btc,0.0009561751951600001,0.0,0,btc,35.42829368,0.0,0.0,131
0,[],2,[],2019-01-20 23:25:46,0.0,0,0,6476969,2019-01-20 23:25:46,,0.0,0.0,0,,0.0,0.0,0.0,131
1,[],4,[],2019-02-23 01:17:39,4552.82079601,0.00016880,0.00000000667870704,6763111,2019-02-23 01:17:39,btc,1.6462887882650394,0.0,0.00016880,btc,334.27808618,0.0,0.0083235416866413,135
1,[],3,[],2019-02-23 02:05:33,1512642.49571841,0.00000005,0.00000000000198659,6763286,2019-02-23 02:05:33,btc,0.1364717413247742,17900.0,0.00000005,btc,602822.99008313,0.0,0.0557254579470342,136
1,[],4,[],2019-02-23 02:05:33,267944.9038438,0.00000170,0.00000000006754406,6763287,2019-02-23 02:05:33,btc,38.87556339248036,0.0,0.00000170,btc,632571.25999839,0.10179019,0.0786557411949652,137
1,[],12,[],2019-02-23 02:05:35,326710.15845139,0.000001579999999999999907326193003542780246561960666440427303314208984375,0.00000000006277624399999999,6763288,2019-02-23 02:05:35,btc,11807.600182587119,0.0,0.000001579999999999999907326193003542780246561960666440427303314208984375,btc,124451.38316351,0.000806803116884,0.0736066099999614,137
1,[],4,[],2019-02-23 02:05:36,231548.06525695,0.00004605,0.00000000182964939,6763289,2019-02-23 02:05:36,btc,28.506272020599976,0.0,0.00004605,btc,42892.11452685,0.4445132,1.198349062603979,142
1,[],5,[],2019-02-23 02:05:37,0.0,0,0,6763290,2019-02-23 02:05:37,btc,0.0,0.15829575,0,btc,0.0,0.0,0.0,142
1,[],20,[],2019-02-23 02:05:49,133455.6001,0.000045043,0.0000000017896394674,6763291,2019-02-23 02:05:49,btc,0.5019588885584,40.1643,0.000045043,btc,3876.6846,0.00181140993,0.2398886620837,142
1,[],22,[],2019-02-23 02:05:53,1660.2794996606253,0.00004651,0.000000001847926018,6763292,2019-02-23 02:05:53,BTC,3.00424677,0.0,0.00004651,BTC,896.9785515239478,0.0,0.00506652,142
0.0,[],25,[],2019-02-23 02:05:54,0.0,0,0,6763293,2019-02-23 02:05:54,,0.0,0.0,0.0,btc,0.0,0.0,0.0,142
1,[],28,[],2019-02-23 02:06:00,76883.0,0.00004500,0.000000001787931,6763294,2019-02-23 02:06:00,btc,0.059933722,1223.0,0.00004500,btc,406.4319,0.0,0.0388422,142
1,[],17,[],2019-02-23 01:17:45,22967.386363640002,0.00000088,0.000000000034817904,6763117,2019-02-23 01:17:45,btc,20.0699133484,0.0,0.00000088,btc,405.079105,0.0,0.0104613000000032,142
0,[],22,[],2019-02-23 02:06:03,0.0,0,0,6763295,2019-02-23 02:06:03,,61.28465123,0.0,0,,749385405.3,0.0,0.0,143
1,[],21,[],2019-02-23 02:06:04,24270314.96898432,0.00000025,0.00000000000993295,6763296,2019-02-23 02:06:04,btc,41.30637403903205,15639215.08479239,0.00000025,btc,84845564.57958694,3.97311602,3.8635075279626907,145
0,[],22,[],2019-02-23 02:06:07,0.0,0,0,6763297,2019-02-23 02:06:07,,4.24946284,0.0,0,,1812156.0,0.0,0.0,146
,[],22,[],2018-11-20 23:01:11,0.0,0,0,4862114,2018-11-20 23:01:11,,2.56807021,0.0,,,61828.4988236,0.0,0.0,147
1,[],12,[],2019-02-23 02:06:08,109304.11000625,0.00000251000000000000010876390933722834830632564262486994266510009765625,0.000000000099726818,6763298,2019-02-23 02:06:08,btc,16.288810601324528,0.0,0.00000251000000000000010876390933722834830632564262486994266510009765625,btc,117006.71783468,0.0002216633766176,0.0189653099999905,148
1,[],4,[],2019-02-23 02:06:10,240513.36796929,0.00000028,0.000000000011124904,6763299,2019-02-23 02:06:10,btc,219.93936991323284,0.0,0.00000028,btc,793660.54846363,0.000319,0.0564957890840236,152
0,[],22,[],2019-02-23 02:06:12,0.0,0,0,6763300,2019-02-23 02:06:12,,0.0,0.0,0,,0.0,0.0,0.0,152
1,[],5,[],2019-02-23 02:06:13,0.0,0,0,6763301,2019-02-23 02:06:13,btc,0.0,1e-06,0,btc,0.0,0.0,0.0,153
,[],16,[],2019-01-11 15:38:59,0.0,0,0,6366141,2019-01-11 15:38:59,btc,0.0,0.0,,btc,0.0,0.0,0.0,155
0,[],22,[],2019-02-23 02:06:16,0.0,0,0,6763302,2019-02-23 02:06:16,,6.74608761,0.0,0,,4644402.242592593,0.0,0.0,156
0,[],23,[],2019-01-20 23:24:29,0.0,0,0,6476932,2019-01-20 23:24:29,,0.0,0.0,0,,0.0,0.0,0.0,156
1,[],22,[],2019-02-23 02:06:21,7073.8,0.00005300,0.0000000021057854,6763303,2019-02-23 02:06:21,BTC,1.80343699,0.0,0.00005300,BTC,899.6422341958436,0.0,0.00104336,157
0,[],22,[],2019-02-23 02:06:23,0.0,0,0,6763304,2019-02-23 02:06:23,,50175.68008609,0.0,0,,54479136.04179466,0.0,0.0,158
,[],17,[],2018-11-20 22:56:10,0.0,0,0,4861976,2018-11-20 22:56:10,btc,1.1265625,0.0,,btc,1000.0,0.0,0.0,159
,[],20,[],2018-11-20 22:56:12,0.0,0,0,4861977,2018-11-20 22:56:12,btc,11912.7940471,0.0,,btc,34413894.3617,0.0,0.0,159
1,[],12,[],2019-02-23 02:06:24,183143.22998617,0.0000071999999999999996741864051463810625364203588105738162994384765625,0.00000000028606896,6763305,2019-02-23 02:06:24,btc,6.659836841851603,0.0,0.0000071999999999999996741864051463810625364203588105738162994384765625,btc,14779.86789902,0.0016760082799687,0.10014258411050149,168
1,[],17,[],2019-02-23 02:06:27,29784.95,0.000001,0.0000000000397318,6763306,2019-02-23 02:06:27,btc,0.03026736251542,0.0,0.000001,btc,144.46171372,0.0,0.00716147,168
0,[],22,[],2019-02-23 02:06:30,0.0,0,0,6763307,2019-02-23 02:06:30,,1.14714792,0.0,0,,798972.8900917594,0.0,0.0,169
1,[],22,[],2019-02-23 02:06:34,165000.0,0.00000018,0.000000000007151724,6763308,2019-02-23 02:06:34,BTC,13.25618116,0.0,0.00000018,BTC,151849.17566629834,0.0,0.0198,171
1,[],22,[],2019-02-23 02:06:43,136688.125,0.0000001,0.00000000000397318,6763309,2019-02-23 02:06:43,BTC,2.66806542,0.0,0.0000001,BTC,280140.683281622,9.1e-06,0.00903395,173
1,[],5,[],2019-02-23 02:06:44,0.0,0,0,6763310,2019-02-23 02:06:44,btc,0.0,0.50376293,0,btc,0.0,0.0,0.0,175
1,[],22,[],2019-02-23 02:06:53,62834.0,0.0000004,0.00000000001589272,6763311,2019-02-23 02:06:53,BTC,0.5289391,0.0,0.0000004,BTC,142708.91384013777,0.0,0.0120216,176
1,[],7,[],2019-02-23 02:06:54,0.0,0,0,6763312,2019-02-23 02:06:54,btc,410932.427678026,0.0,0,btc,117633836.32502417,0.0,0.0,178
0,[],22,[],2019-02-23 02:06:56,0.0,0,0,6763313,2019-02-23 02:06:56,,1.00242428,0.0,0,,57512.0,0.0,0.0,178
0,[],2,[],2019-01-20 23:28:34,0.0,0,0,6477001,2019-01-20 23:28:34,,0.0,0.0,0,,0.0,0.0,0.0,178
1,[],5,[],2019-02-23 02:06:57,0.0,0,0,6763314,2019-02-23 02:06:57,btc,0.0,0.1962999,0,btc,0.0,0.0,0.0,179
1,[],22,[],2019-02-23 02:07:02,7050947.0,0.00000002,0.0000000000007946359999999999,6763315,2019-02-23 02:07:02,BTC,5.58753834,0.0,0.00000002,"BTC,LTC",18659977.468656633,0.00434874,0.37595966,179
0,[],23,[],2019-01-20 23:25:08,0.0,0,0,6476952,2019-01-20 23:25:08,,0.0,0.0,0,,0.0,0.0,0.0,179
1,[],17,[],2019-02-23 02:07:04,10504.725,0.0000001,0.00000000000397318,6763316,2019-02-23 02:07:04,btc,5.2010695838170005,0.0,0.0000001,btc,4994.45945,0.0,0.0010504725,180
0.0000000001240274,[],22,[],2019-02-23 02:07:07,128605.4,1.2402740000000002e-17,4.92783185132e-22,6763317,2019-02-23 02:07:07,LTC,0.20657494,0.0,0.0000001,LTC,63942.53639408681,0.0,0.00130544,180
1,[],26,[],2019-02-23 02:07:07,0.0,0.00000100,0.0000000000397318,6763318,2019-02-23 02:07:07,btc,0.0,10.0,0.00000100,btc,0.0,0.0,0.0,180
,[],7,[],2018-11-20 22:58:01,562227.975654,0.00000085,0.000000000036176765,4862015,2018-11-20 22:58:01,btc,21836.6059674,2491.87645172,,btc,749999.041456,0.00211021,0.127565380455,183
,[],5,[],2019-01-10 08:11:41,0.0,0,0,6347036,2019-01-10 08:11:41,btc,82.15055501,0.00261,,btc,1.19002445,0.0,0.0,187
1,[],24,[],2019-02-23 02:07:08,0.0,0.000000000001,3.9731799999999997e-17,6763319,2019-02-23 02:07:08,btc,0.0,0.0,0.000000000001,btc,0.0,0.0,0.0,187
,[],17,[],2018-11-16 20:58:10,4062536.27273,0.00000001,0.000000000000550501,4708775,2018-11-16 20:58:10,btc,3.36492563466,0.195460381006,,"btc,eth",110697919.549,0.0,0.0157628953496,187
0,[],22,[],2019-02-23 02:07:10,0.0,0,0,6763320,2019-02-23 02:07:10,,1.19374396,0.0,0,,16308.869534405507,0.0,0.0,191
0,[],22,[],2019-02-23 02:07:15,0.0,0,0,6763321,2019-02-23 02:07:15,,0.0,0.0,0,,0.0,0.0,0.0,197
0,[],23,[],2019-01-20 23:31:41,0.0,0,0,6477079,2019-01-20 23:31:41,,0.0,0.0,0,,0.0,0.0,0.0,199
0,[],22,[],2019-02-23 02:07:19,0.0,0,0,6763322,2019-02-23 02:07:19,,5.17330081,0.0,0,,21824453.0,0.0,0.0,199
1,[],26,[],2019-02-23 02:07:19,0.0,0.00000000,0,6763323,2019-02-23 02:07:19,btc,0.0,0.0,0.00000000,btc,0.0,0.0,0.0,199
0,[],17,[],2019-01-30 16:32:01,0.0,0,0,6540827,2019-01-30 16:32:01,btc,6.802544163788159,0.0,0,btc,105897.55575295,0.0,0.0,200
0,[],2,[],2019-01-20 23:30:49,0.0,0,0,6477059,2019-01-20 23:30:49,,0.0,0.0,0,,0.0,0.0,0.0,201
1,[],4,[],2019-01-25 15:51:35,2084389.58565343,0.00000936,0.000000000333526752,6499557,2019-01-25 15:51:35,btc,2.0092503037378524,0.0,0.00000936,btc,160195.80207885,0.19272417,1.242687955921835,211
1,[],7,[],2019-02-23 02:07:22,4259761.4067135295,0.000001399999999999999936647356556240762159859514213167130947113037109375,0.000000000055624519999999996,6763324,2019-02-23 02:07:22,btc,15475872.125325333,942665.79226,0.000001399999999999999936647356556240762159859514213167130947113037109375,btc,11857135.08904645,0.0,3.269863924773574,212
1,[],5,[],2019-02-23 02:07:24,0.0,0,0,6763325,2019-02-23 02:07:24,btc,0.0,0.21069296,0,btc,0.0,0.0,0.0,213
1,[],24,[],2019-02-23 02:07:24,0.0,0.000000150000,0.00000000000595977,6763326,2019-02-23 02:07:24,btc,0.0,0.0,0.000000150000,btc,0.0,0.0,0.0,213
1,[],26,[],2019-02-23 02:07:24,0.0,0.00000009,0.000000000003575862,6763327,2019-02-23 02:07:24,btc,0.0,0.0,0.00000009,btc,0.0,0.0,0.0,213
1,[],12,[],2019-01-25 02:44:32,207462.42853209,0.000001080000000000000035831255497387193287295303889550268650054931640625,0.000000000038610756000000006,6493050,2019-01-25 02:44:32,btc,85023.03793723314,0.0,0.000001080000000000000035831255497387193287295303889550268650054931640625,btc,43675.73520027,0.000146250909087,0.0348620860622024,213
1,[],22,[],2019-02-23 02:07:28,119971.0,0.00000001,0.00000000000039731799999999997,6763328,2019-02-23 02:07:28,BTC,2.19671377,0.0,0.00000001,BTC,271112.59081706154,2.9e-07,0.00119971,216
1,[],27,[],2019-02-23 02:07:31,1237748.0,0.00000008,0.0000000000031785439999999998,6763329,2019-02-23 02:07:31,btc,355.93415909338,998.0,0.00000008,"btc,ltc",219465.505,7.984e-05,0.03407226000006201,216
1,[],22,[],2019-02-23 02:07:35,288754.46502592077,0.00000233,0.000000000092575094,6763330,2019-02-23 02:07:35,BTC,15623.57073442,0.0,0.00000233,BTC,369528.8329432193,0.02216445,0.4352448,217
1,[],7,[],2019-02-23 02:07:36,0.0,0,0,6763331,2019-02-23 02:07:36,btc,77969.61377456698,0.0,0,btc,137043486.5550253,0.0,0.0,219
0,[],27,[],2019-02-23 02:07:38,0.0,0,0,6763332,2019-02-23 02:07:38,,0.0740438339680921,0.0,0,btc,1536429.20709513,0.0,0.0,219
0.0000000000000052,[],28,[],2019-02-23 02:07:40,168116952.092,4.316468e-18,1.715010432824e-22,6763333,2019-02-23 02:07:40,doge,83869.8037917675,14155.0,0.00083009,"btc,doge",4822403.34751,0.0,1.135960775406288e-11,219
1,[],22,[],2019-02-23 02:07:44,196135.6,0.00000012,0.000000000004767816,6763334,2019-02-23 02:07:44,BTC,3.00139081,0.0,0.00000012,BTC,106418.27041875875,0.0,0.02066356,221
1,[],24,[],2019-02-23 02:07:44,0.0,0.000000200000,0.00000000000794636,6763335,2019-02-23 02:07:44,btc,0.0,0.0,0.000000200000,btc,0.0,0.0,0.0,221
1,[],20,[],2019-02-23 02:07:46,43228436.1239,0.000000001,0.000000000000039731799999999996,6763336,2019-02-23 02:07:46,btc,47.9982308957227,99600.0,0.000000001,btc,11214728.0749,0.0002988,0.0432284361239,224
0,[],22,[],2019-02-23 02:07:49,0.0,0,0,6763337,2019-02-23 02:07:49,,0.0,0.0,0,,0.0,0.0,0.0,224
1,[],26,[],2019-02-23 02:07:49,0.0,0.00000036,0.000000000014303448,6763338,2019-02-23 02:07:49,btc,0.0,0.0,0.00000036,btc,0.0,0.0,0.0,231
1,[],26,[],2019-02-23 02:07:50,0.0,0.00000006,0.000000000002383908,6763339,2019-02-23 02:07:50,btc,0.0,0.0,0.00000006,btc,0.0,0.0,0.0,234
0.00000000037194779999999996,[],27,[],2019-02-23 02:07:52,2000.0,3.719478e-18,1.4778155600039998e-22,6763340,2019-02-23 02:07:52,eth,0.0113483662182,0.0,0.00000001,"btc,eth",11462.99618,0.0,7.438956e-15,234
1,[],4,[],2019-02-23 02:07:53,1100511.09912843,0.00000086,0.000000000034169348,6763341,2019-02-23 02:07:53,btc,4.398974196392117,0.0,0.00000086,btc,1013686.04391837,0.11056851,0.4257390041301716,236
1,[],24,[],2019-02-23 02:07:53,0.0,0.000000300000,0.00000000001191954,6763342,2019-02-23 02:07:53,btc,0.0,0.0,0.000000300000,btc,0.0,0.0,0.0,236
1,[],20,[],2019-02-23 02:07:55,65677285.0642,0.000000064,0.0000000000025428351999999998,6763343,2019-02-23 02:07:55,btc,10.1246019201452,23675755.5625,0.000000064,btc,45481000.2642,1.566393614615,0.3735169488053,237
1,[],22,[],2019-02-23 02:08:00,116403.0,0.00000004,0.0000000000015892719999999999,6763344,2019-02-23 02:08:00,BTC,0.0405823,0.0,0.00000004,"BTC,LTC",3164.0,0.0,0.00482009,237
1,[],4,[],2019-02-23 02:08:01,9534735.84646699,0.00000033,0.000000000013111494,6763345,2019-02-23 02:08:01,btc,5.913218276566033,0.0,0.00000033,btc,9053307.36064275,0.61382435,2.2671375290434486,238
1,[],5,[],2019-02-23 02:08:02,0.0,0,0,6763346,2019-02-23 02:08:02,btc,0.0,0.1052373,0,btc,0.0,0.0,0.0,238
0,[],22,[],2019-02-23 02:08:06,0.0,0,0,6763347,2019-02-23 02:08:06,,27.41701007,0.0,0,,370860.0639027493,0.0,0.0,249
0.0000000001240274,[],22,[],2019-02-23 02:08:09,7121097.666666667,3.720822e-18,1.478349555396e-22,6763348,2019-02-23 02:08:09,LTC,0.54180351,0.0,0.00000003,LTC,14549981.09,0.0,0.21263595,252
1,[],28,[],2019-02-23 02:08:11,4765956.698,0.00000011,0.000000000004370498,6763349,2019-02-23 02:08:11,btc,164693.70381948538,227543.121,0.00000011,btc,1067575.2421,0.0,0.3074811375,256
1,[],22,[],2019-02-23 02:08:15,2433447.6666666665,0.00000003,0.000000000001191954,6763350,2019-02-23 02:08:15,BTC,31.42327216,0.0,0.00000003,BTC,516927.80769145646,0.00045,0.05185815,258
1,[],22,[],2019-02-23 02:08:24,48751.0,0.00000001,0.00000000000039731799999999997,6763351,2019-02-23 02:08:24,BTC,2.4175745,0.0,0.00000001,BTC,1762.0,0.0,0.00048751,259
1,[],5,[],2019-02-23 02:08:26,0.0,0,0,6763352,2019-02-23 02:08:26,btc,0.0,0.27532558,0,btc,0.0,0.0,0.0,264
1,[],20,[],2019-02-23 02:08:27,1215821.9436,0.000001601,0.0000000000636106118,6763353,2019-02-23 02:08:27,btc,7.6892453305386,37476.484,0.000001601,btc,109601.3774,0.125808556788,0.0195179496461,264
1,[],22,[],2019-02-23 02:08:31,25664.0,0.00000001,0.00000000000039731799999999997,6763354,2019-02-23 02:08:31,BTC,8.4442135,0.0,0.00000001,BTC,427909.69136002666,6.25e-05,0.00025664,271
0,[],22,[],2019-02-23 02:08:34,0.0,0,0,6763355,2019-02-23 02:08:34,,259.46097823,0.0,0,,14408785027.9,0.0,0.0,272
0.0000000000000052,[],28,[],2019-02-23 02:08:36,221382122614.654,4.16e-21,1.65284288e-25,6763356,2019-02-23 02:08:36,doge,10954413.321521673,21259568268.428,0.0000008,doge,207813334967.16354,0.0,5.775582890538666e-10,272
1,[],22,[],2019-02-23 02:08:41,114058.74,0.00000207,0.000000000082244826,6763357,2019-02-23 02:08:41,BTC,74.40468881,0.0,0.00000207,"BTC,LTC",10860.487639773188,0.02638503,0.04325372,281
1,[],22,[],2019-02-23 02:08:44,58579.0,0.00000002,0.0000000000007946359999999999,6763358,2019-02-23 02:08:44,BTC,1.33236055,0.0,0.00000002,BTC,142018.04598459575,5.03e-05,0.00096388,286
0,[],22,[],2019-02-22 20:00:43,0.0,0,0,6761229,2019-02-22 20:00:43,,43634.52003953,0.0,0,,419068796.0,0.0,0.0,294
