pairValue,buyBook,exchangeId,sellBook,updated,buyTotal,satoshiPrice,usdPrice,exchangeLogId,created,bestPair,sellTotalBtc,volume,pairPrice,activePairs,sellTotal,volumeBtc,buyTotalBtc,coinId
1,[],3,[],2019-02-28 03:15:32,30550.077520692084,0.01264557000000000007433609283680198132060468196868896484375,0.000000482332389168,6807671,2019-02-28 03:15:32,btc,61.03900676800396,0.0,0.01264557000000000007433609283680198132060468196868896484375,btc,19.502120093059002,0.0,0.43200388470240814,1
1,[],4,[],2019-02-28 03:15:33,303084.11555715,0.01279112,0.000000487884015488,6807672,2019-02-28 03:15:33,btc,9.179588844197674,0.0,0.01279112,btc,260.64865322,0.63576527,2.761512680070821,1
1,[],5,[],2019-02-28 03:15:38,0.0,0,0,6807673,2019-02-28 03:15:38,btc,0.0,0.12654508,0,btc,0.0,0.0,0.0,1
1,[],10,[],2019-02-28 03:15:41,414608.97867408,0.01073709,0.00000040953838161599995,6807674,2019-02-28 03:15:41,btc,6521.007837810924,1487.39938236,0.01073709,btc,993.10743114,0.0,5.266362013265641,1
1,[],12,[],2019-02-28 03:15:43,10438.70164928,0.0126800000000000002986499936241671093739569187164306640625,0.000000483645632,6807675,2019-02-28 03:15:43,btc,0.4853670916083,0.0,0.0126800000000000002986499936241671093739569187164306640625,btc,29.12644735,0.2900386084974,0.3774322275036,1
1,[],20,[],2019-02-28 03:15:45,1149.9854,0.01051,0.000000400876624,6807676,2019-02-28 03:15:45,btc,0.0662082325693,0.0878,0.01051,btc,3.0133,0.00097879,0.0869079356215,1
1,[],21,[],2019-02-28 03:15:46,1500.69921999,0.01267953999999999956105334320,0.000000483628086496,6807677,2019-02-28 03:15:46,btc,18.613426570635028,2301.44593657,0.0126795399999999995610533432000011089257895946502685546875,"btc,eth",1706.21674217,25.73764077395645,17.504304632262336,1
1,[],22,[],2019-02-28 03:15:53,0.006382215384615385,0.01300000,0.0000004958512,6807678,2019-02-28 03:15:53,BTC,0.31423927,0.0,0.01300000,BTC,0.11751954901960784,0.00012994,7.978e-05,1
1,[],24,[],2019-02-28 03:15:54,0.0,0.000000000000,0,6807679,2019-02-28 03:15:54,btc,0.0,0.0,0.000000000000,btc,0.0,0.0,0.0,1
0.0,[],25,[],2019-02-28 03:15:55,0.0,0,0,6807680,2019-02-28 03:15:55,btc,27.87869999739969,3722.48692419,0.0,btc,2140.69064941,48.0185,0.0,1
1,[],26,[],2019-02-28 03:15:56,0.0,0,0,6807681,2019-02-28 03:15:56,,0.0,0.0,0,,0.0,0.0,0.0,1
1,[],28,[],2019-02-28 03:16:06,993.142,0.01323000,0.000000504623952,6807682,2019-02-28 03:16:06,btc,0.162839806,3834.1,0.01323000,btc,8.9,0.0,0.089302756,1
0,[],2,[],2019-01-20 23:28:45,0.0,0,0,6477011,2019-01-20 23:28:45,,0.0,0.0,0,,0.0,0.0,0.0,1
1,[],5,[],2019-02-28 03:16:08,0.0,0,0,6807683,2019-02-28 03:16:08,btc,0.0,0.00611788,0,btc,0.0,0.0,0.0,2
0.00000000012690969999999999,[],22,[],2019-02-28 03:16:12,1148.0,1.3960067e-16,5.324704595408e-21,6807684,2019-02-28 03:16:12,XMR,21.01373823,0.0,0.00000110,XMR,14319.12581,0.0,0.00087635,2
1,[],5,[],2019-02-28 03:16:14,0.0,0,0,6807685,2019-02-28 03:16:14,btc,0.0,0.78876878,0,btc,0.0,0.0,0.0,3
1,[],12,[],2019-02-28 03:16:15,13163330.37285,0.000000176,0.000000000006713062399999999,6807686,2019-02-28 03:16:15,btc,924396.2408219663,0.0,0.000000176,btc,8153670.59785583,0.03494152423950362,0.6502927424659,3
0,[],28,[],2019-02-28 03:16:17,0.0,0,0,6807687,2019-02-28 03:16:17,,0.0,0.0,0,,0.0,0.0,0.0,3
0,[],2,[],2019-01-20 23:31:32,0.0,0,0,6477077,2019-01-20 23:31:32,,0.0,0.0,0,,0.0,0.0,0.0,4
1,[],4,[],2019-02-28 03:16:18,411618.65443734,0.00000033,0.000000000012586991999999999,6807688,2019-02-28 03:16:18,btc,32.00332084987005,0.0,0.00000033,btc,713718.98823302,0.0,0.0584717308328429,4
1,[],12,[],2019-02-22 14:50:14,1367032.5219999999,0.00000003,0.000000000001190475,6759350,2019-02-22 14:50:14,btc,11013869.583570713,0.0,0.00000003,btc,1211697.32371984,0.00024567976024,0.02065290044,5
0,[],2,[],2019-01-20 23:31:51,0.0,0,0,6477087,2019-01-20 23:31:51,,0.0,0.0,0,,0.0,0.0,0.0,6
1,[],11,[],2019-02-28 03:16:20,7077329.5,0.00000002,0.000000000000762848,6807689,2019-02-28 03:16:20,btc,9432.763145092815,235187.0,0.00000002,btc,41598830.57452957,0.0,0.099021425,6
1,[],3,[],2019-02-28 03:16:22,1085.537475048359,0.0001510600000000000072038208731584063571062870323657989501953125,0.000000005761790944,6807690,2019-02-28 03:16:22,btc,26.3363151709563,0.0,0.0001510600000000000072038208731584063571062870323657989501953125,btc,247.537822229004,0.0,0.03339742781632559,7
1,[],4,[],2019-02-28 03:16:24,103335.48735786,0.00023551,0.000000008982916624,6807691,2019-02-28 03:16:24,btc,10.781892226847543,0.0,0.00023551,btc,35431.01881037,1.78496879,6.436878246455341,7
1,[],5,[],2019-02-28 03:16:26,0.0,0,0,6807692,2019-02-28 03:16:26,btc,0.0,0.72302392,0,btc,0.0,0.0,0.0,7
1,[],20,[],2019-02-20 02:16:17,39399275.8418,0.000000001,0.0000000000000390183,6728586,2019-02-20 02:16:17,btc,116.9737569154545,525.0,0.000000001,btc,56932965.8895,5.25e-07,0.0393992758418,8
0,[],2,[],2019-01-20 23:22:42,0.0,0,0,6476876,2019-01-20 23:22:42,,0.0,0.0,0,,0.0,0.0,0.0,9
0,[],23,[],2019-01-20 23:22:48,0.0,0,0,6476878,2019-01-20 23:22:48,,0.0,0.0,0,,0.0,0.0,0.0,9
1,[],4,[],2019-02-28 03:16:29,1950978.58936197,0.00000177,0.000000000067512048,6807693,2019-02-28 03:16:29,btc,6.974250316718484,0.0,0.00000177,btc,2786255.24980254,2.66410724,0.7028447884413611,9
1,[],28,[],2019-02-28 03:16:31,58847.853,0.00000181,0.00000000006903774399999999,6807694,2019-02-28 03:16:31,btc,2708.762682539512,910396.51,0.00000181,btc,12195.0788,0.0,0.07114681393,9
1,[],1,[],2019-02-17 23:31:42,1822507.21,0.00000181000000000000003456111265232042484285557293333113193511962890625,0.000000000066086901,6701244,2019-02-17 23:31:42,btc,3.6990969245,17153386.5,0.00000181000000000000003456111265232042484285557293333113193511962890625,btc,1997391.71,31.11772986,3.2610482446,9
1,[],4,[],2019-02-17 11:22:43,4341674.27126056,0.00000002,0.0000000000007272960000000001,6696112,2019-02-17 11:22:43,btc,0.1997230937751353,0.0,0.00000002,btc,4109766.79808031,0.00215132,0.0479381022052112,10
0,[],2,[],2019-01-20 23:23:08,0.0,0,0,6476890,2019-01-20 23:23:08,,0.0,0.0,0,,0.0,0.0,0.0,12
1,[],4,[],2019-02-28 03:16:32,3588210.98637175,0.00000117,0.000000000044626608,6807695,2019-02-28 03:16:32,btc,9.808007026929877,0.0,0.00000117,btc,5152214.79434471,3.09206522,1.816731597870248,12
1,[],5,[],2019-02-28 03:16:33,0.0,0,0,6807696,2019-02-28 03:16:33,btc,0.0,0.53228144,0,btc,0.0,0.0,0.0,12
0.0,[],25,[],2019-02-28 03:16:34,0.0,0,0,6807697,2019-02-28 03:16:34,,0.0,0.0,0.0,btc,0.0,0.0,0.0,12
1,[],4,[],2019-02-28 03:16:35,32959154.23664189,0.00000559,0.000000000213216016,6807698,2019-02-28 03:16:35,btc,3.037658207826056,0.0,0.00000559,btc,420730.8933014,0.61272691,0.8610759583252858,13
1,[],10,[],2019-02-28 03:16:38,471253.25940964,0.0000054,0.00000000020596895999999998,6807699,2019-02-28 03:16:38,btc,666802.5670466247,8617.77815437,0.0000054,btc,737514.18091947,0.0,0.2601566178235118,13
1,[],21,[],2019-02-28 03:16:39,898463.96079209,0.000005730000000000000195986889912,0.000000000218555952,6807700,2019-02-28 03:16:39,btc,6.035020018241151,468999.43645763,0.0000057300000000000001959868899115146945177912130020558834075927734375,btc,954898.2432872,2.68410138,4.787940672544382,13
1,[],4,[],2019-02-28 03:16:41,681474.80122963,0.00000127,0.000000000048440848,6807701,2019-02-28 03:16:41,btc,11.141299842614833,0.0,0.00000127,btc,899247.41801089,0.0162365,0.1231300547453202,14
1,[],12,[],2019-02-28 03:16:42,217265.91304348,0.000001120000000000000076372827333137660588135986472479999065399169921875,0.000000000042719488000000004,6807702,2019-02-28 03:16:42,btc,5.29429948623878,0.0,0.000001120000000000000076372827333137660588135986472479999065399169921875,btc,33863.19873547,0.0,0.0232142600000004,14
0,[],17,[],2019-02-28 03:16:44,0.0,0,0,6807703,2019-02-28 03:16:44,btc,0.0,0.0,0,btc,0.0,0.0,0.0,14
1,[],26,[],2019-02-28 03:16:44,0.0,0.00000050,0.0000000000190712,6807704,2019-02-28 03:16:44,btc,0.0,0.0,0.00000050,btc,0.0,0.0,0.0,14
0,[],4,[],2019-02-28 03:16:45,0.0,0,0,6807705,2019-02-28 03:16:45,,0.0,0.0,0,,0.0,0.0,0.0,15
,[],12,[],2018-12-01 15:15:48,204241.84496,0.00000489,0.000000000202473384,5260204,2018-12-01 15:15:48,btc,49.5475654835,0.0,,btc,35763.2193806,0.0163153972027625,0.0203389899998,15
0,[],2,[],2019-01-20 23:23:38,0.0,0,0,6476906,2019-01-20 23:23:38,,0.0,0.0,0,,0.0,0.0,0.0,18
1,[],4,[],2019-02-28 03:16:46,26070.86698863,0.00001783,0.0000000006800789919999999,6807706,2019-02-28 03:16:46,btc,1.2185902686530607,0.0,0.00001783,btc,8711.24219154,0.02847227,0.0850916243068765,18
1,[],10,[],2019-02-28 03:16:49,782789.05974433,0.000018,0.0000000006865632,6807707,2019-02-28 03:16:49,btc,16.631510566425256,6002.51609667,0.000018,btc,14799.1934472,0.0,0.1309821155182657,18
1,[],12,[],2019-02-28 03:16:50,193876.8147039,0.00001894000000000000162050060870111423128037131391465663909912109375,0.000000000722417056,6807708,2019-02-28 03:16:50,btc,23.630657209518542,0.0,0.00001894000000000000162050060870111423128037131391465663909912109375,btc,1872.30828082,2.0457831796e-06,0.0395087587241102,18
0,[],17,[],2019-02-28 03:17:01,0.0,0,0,6807709,2019-02-28 03:17:01,btc,0.0,0.0,0,btc,0.0,0.0,0.0,18
0,[],2,[],2019-01-20 23:24:19,0.0,0,0,6476924,2019-01-20 23:24:19,,0.0,0.0,0,,0.0,0.0,0.0,19
1,[],3,[],2019-02-28 03:17:02,118406.7192931374,0.000020020000000000001444573627384926339800585992634296417236328125,0.000000000763610848,6807710,2019-02-28 03:17:02,btc,0.5452047668341213,0.0,0.000020020000000000001444573627384926339800585992634296417236328125,btc,9078.168872553742,0.0,0.03196826859881744,19
1,[],4,[],2019-02-28 03:17:03,466056.10481448,0.00001926,0.000000000734622624,6807711,2019-02-28 03:17:03,btc,2.1361807297133506,0.0,0.00001926,btc,75493.47290469,0.34964863,2.2729770451333087,19
1,[],5,[],2019-02-28 03:17:04,0.0,0,0,6807712,2019-02-28 03:17:04,btc,0.0,0.00419605,0,btc,0.0,0.0,0.0,19
1,[],12,[],2019-02-28 03:17:06,135323.0525421,0.00001889999999999999861534372147531257724040187895298004150390625,0.0000000007208913599999999,6807713,2019-02-28 03:17:06,btc,6.897479267021116,0.0,0.00001889999999999999861534372147531257724040187895298004150390625,btc,396.76220934,0.0009196403598136,0.1095124119260355,19
0,[],27,[],2019-02-28 03:17:08,0.0,0,0,6807714,2019-02-28 03:17:08,,0.0,0.0,0,btc,0.0,0.0,0.0,19
1,[],4,[],2019-02-28 03:17:10,2817409.12717412,0.00000013,0.0000000000049585119999999996,6807715,2019-02-28 03:17:10,btc,7.3747741764341495,0.0,0.00000013,btc,2840199.57892104,0.00049398,0.0813360639981472,20
1,[],4,[],2019-02-28 03:17:11,104036087.13737024,0.00000002,0.000000000000762848,6807716,2019-02-28 03:17:11,btc,1807.0292539368747,0.0,0.00000002,btc,54965235.06172668,0.00031635,1.1684621866280451,21
1,[],12,[],2019-02-28 03:17:12,18207001.0,0.00000002,0.000000000000762848,6807717,2019-02-28 03:17:12,btc,670.3733702334847,0.0,0.00000002,btc,8127598.32857329,0.00302662,0.23638026,21
0,[],17,[],2019-02-28 03:17:24,0.0,0,0,6807718,2019-02-28 03:17:24,btc,0.0,0.0,0,btc,0.0,0.0,0.0,21
1,[],12,[],2019-02-28 03:17:26,3052575181.6808996,0.0000000002,0.00000000000000762848,6807719,2019-02-28 03:17:26,btc,875865843192.3102,0.0,0.0000000002,btc,4950680293.020418,0.0267686412,0.3167863155829904,23
0.00000000035515270000000004,[],27,[],2019-02-28 03:17:28,2000.0,3.551527e-18,1.354637634448e-22,6807720,2019-02-28 03:17:28,eth,1.3829826565934114,0.0,0.00000001,eth,2164879.85514486,0.0,7.103054e-15,23
1,[],4,[],2019-02-28 03:17:29,483839.76027692,0.00000057,0.000000000021741168,6807721,2019-02-28 03:17:29,btc,8.859088136461354,0.0,0.00000057,btc,1515253.75573735,0.00340779,0.1571380664934735,24
1,[],22,[],2019-02-28 03:17:32,11.76,0.00000100,0.0000000000381424,6807722,2019-02-28 03:17:32,BTC,7.415e-05,0.0,0.00000100,BTC,23.919354838709676,0.0,1.176e-05,24
0.0,[],25,[],2019-02-28 03:17:34,0.0,0,0,6807723,2019-02-28 03:17:34,,0.0,0.0,0.0,btc,0.0,0.0,0.0,24
1,[],4,[],2019-02-28 03:17:35,28275035.97303443,0.00000632,0.000000000241059968,6807724,2019-02-28 03:17:35,btc,167.5231079608231,0.0,0.00000632,btc,265125.60699405,0.24161129,0.4351632922207907,26
1,[],10,[],2019-02-28 03:17:37,694359.08522783,0.0000064,0.00000000024411135999999996,6807725,2019-02-28 03:17:37,btc,26.12693953688841,5051.29956715,0.0000064,btc,14188.3211924,0.0,0.2412501787959464,26
0,[],2,[],2019-01-20 23:25:56,0.0,0,0,6476976,2019-01-20 23:25:56,,0.0,0.0,0,,0.0,0.0,0.0,26
1,[],3,[],2019-02-28 03:17:38,6199961.70213569,0.00000001,0.000000000000381424,6807726,2019-02-28 03:17:38,btc,2.2663380247489533,1605.0,0.00000001,btc,17671163.51502257,0.0,0.061999617021356895,27
1,[],5,[],2019-02-28 03:17:40,0.0,0,0,6807727,2019-02-28 03:17:40,btc,0.0,0.0,0,btc,0.0,0.0,0.0,27
1,[],11,[],2019-02-28 03:17:42,9491944.20350207,0.00000005,0.0000000000019071199999999997,6807728,2019-02-28 03:17:42,btc,67506.40605986067,169525.403564,0.00000005,btc,8002256.57282965,0.0,0.44249750446473557,27
1,[],4,[],2019-02-28 03:17:43,1519241031.7166939,0.00000002,0.000000000000762848,6807729,2019-02-28 03:17:43,btc,6.222289515259797,0.0,0.00000002,"btc,ltc",370206072.0283194,0.52821712,12.273689699751646,29
1,[],7,[],2019-02-28 03:17:44,47476687.7215207,0.00000002,0.000000000000762848,6807730,2019-02-28 03:17:44,btc,44462590.771117434,333.66666667,0.00000002,btc,47196622.9549268,1.001e-05,0.6189312873043272,29
1,[],4,[],2019-02-28 03:17:46,1432267.00099258,0.00000027,0.000000000010298448,6807731,2019-02-28 03:17:46,btc,2.327110685947971,0.0,0.00000027,btc,1553712.26915765,0.01041307,0.0948883817360513,30
0,[],17,[],2019-02-28 03:17:48,0.0,0,0,6807732,2019-02-28 03:17:48,btc,0.0,0.0,0,btc,0.0,0.0,0.0,30
1,[],4,[],2019-02-28 03:17:49,1114333.77888943,0.00005011,0.000000001911315664,6807733,2019-02-28 03:17:49,btc,5.914923145167111,0.0,0.00005011,btc,71170.23631011,0.65699998,0.9530461082601753,31
1,[],21,[],2019-02-28 03:17:50,55223.16496064,0.00005099999999999999959797783444,0.0000000019452624,6807734,2019-02-28 03:17:50,btc,2.027205609863265,68717.46865175,0.0000509999999999999995979778344423749558700365014374256134033203125,btc,36837.6338843,3.59846715,1.7956401609086932,31
0,[],2,[],2019-01-20 23:28:43,0.0,0,0,6477009,2019-01-20 23:28:43,,0.0,0.0,0,,0.0,0.0,0.0,32
1,[],4,[],2019-02-28 03:17:51,390903895.1894225,0.00000004,0.000000000001525696,6807735,2019-02-28 03:17:51,btc,12.31464748868862,0.0,0.00000004,"btc,ltc",215376951.33317032,0.84539106,8.95288433897442,33
1,[],12,[],2019-02-28 03:17:52,16704898.0,0.00000004,0.000000000001525696,6807736,2019-02-28 03:17:52,btc,35630554.41743353,0.0,0.00000004,btc,90511306.77328537,0.0081503719480515,0.53848935,33
1,[],4,[],2019-02-28 03:17:53,122479834.15862755,0.00000001,0.000000000000381424,6807737,2019-02-28 03:17:53,btc,4.032492861739446,0.0,0.00000001,btc,101103752.8746267,0.01130848,1.2247983415862755,34
1,[],5,[],2019-02-28 03:17:54,0.0,0,0,6807738,2019-02-28 03:17:54,btc,0.0,0.06223435,0,btc,0.0,0.0,0.0,34
0.0000000001189228,[],4,[],2019-02-28 03:17:55,2583498397.923871,2.378456e-18,9.07200201344e-23,6807739,2019-02-28 03:17:55,ltc,3.73802485447435e-08,0.0,0.00000002,ltc,5519034299.465887,0.0,4.2805478330191965e-09,36
1,[],5,[],2019-02-28 03:17:56,0.0,0,0,6807740,2019-02-28 03:17:56,btc,0.0,0.0,0,btc,0.0,0.0,0.0,36
0,[],17,[],2019-02-28 03:17:58,0.0,0,0,6807741,2019-02-28 03:17:58,btc,0.0746458282190513,0.0,0,btc,4105386.20243647,0.0,0.0,36
0.00000000035515270000000004,[],27,[],2019-02-28 03:18:01,1000000.0,3.551527e-18,1.354637634448e-22,6807742,2019-02-28 03:18:01,eth,222.5997971062634,0.0,0.00000001,"ltc,eth",11163566.48751039,0.0,1.193952598e-12,36
1,[],4,[],2019-02-28 02:16:51,292414.23711234,0.00000064,0.000000000024511488,6807356,2019-02-28 02:16:51,btc,19772.49183199284,0.0,0.00000064,btc,559237.55312924,0.13584447,0.137769739366374,37
1,[],12,[],2019-02-28 02:16:52,617338.63102233,0.00000063,0.000000000024128496000000003,6807357,2019-02-28 02:16:52,btc,1345.899275139365,0.0,0.00000063,btc,993363.22718213,0.1013501451577211,0.1995308000000017,37
1,[],17,[],2019-02-28 02:16:54,1752.74075282,0.00000025,0.000000000009574799999999999,6807358,2019-02-28 02:16:54,btc,0.05548492399458621,0.0,0.00000025,btc,1387.19918473,0.0,0.00043818518820499993,37
1,[],27,[],2019-02-28 02:16:57,14685.567,0.00000045,0.00000000001723464,6807359,2019-02-28 02:16:57,btc,25.82160393111233,0.0,0.00000045,btc,6804.86438508,0.0,0.00480032515,37
1,[],5,[],2019-02-28 03:18:03,0.0,0,0,6807743,2019-02-28 03:18:03,btc,0.0,0.02560745,0,btc,0.0,0.0,0.0,42
1,[],12,[],2019-02-28 03:18:04,254463.79936153,0.00000093,0.000000000035472431999999996,6807744,2019-02-28 03:18:04,btc,94.68699893264797,0.0,0.00000093,btc,100574.43562287,0.0184088319467085,0.0599652500000007,42
0.00000000035515270000000004,[],27,[],2019-02-28 03:18:07,2000.0,3.551527e-18,1.354637634448e-22,6807745,2019-02-28 03:18:07,eth,0.00315028,0.0,0.00000001,"btc,eth",11.007,0.0,7.103054e-15,42
0,[],17,[],2019-02-28 02:17:18,0.0,0,0,6807365,2019-02-28 02:17:18,btc,0.0,0.0,0,btc,0.0,0.0,0.0,43
1,[],5,[],2019-02-28 03:18:09,0.0,0,0,6807746,2019-02-28 03:18:09,btc,0.0,0.06480184,0,btc,0.0,0.0,0.0,43
1,[],12,[],2019-02-28 03:18:10,1793301.0,0.00000001,0.000000000000381424,6807747,2019-02-28 03:18:10,btc,3569.7554861545354,0.0,0.00000001,btc,12101070.57282716,3.3e-07,0.01793301,43
1,[],12,[],2019-02-28 03:18:17,643581.0,0.00000005,0.0000000000019071199999999997,6807748,2019-02-28 03:18:17,btc,11116042.727795307,0.0,0.00000005,btc,1102349.40161834,0.0005419945254745,0.01572551,44
1,[],4,[],2019-02-28 03:18:18,290707803.15448976,0.00000002,0.000000000000762848,6807749,2019-02-28 03:18:18,btc,473.6088411117811,0.0,0.00000002,"btc,ltc",12274494.40365541,0.00433559,0.19762581467278742,49
0.0000000001189228,[],4,[],2019-02-28 03:18:19,60288226.56753344,1.189228e-18,4.53600100672e-23,6807750,2019-02-28 03:18:19,ltc,25.475336667381196,0.0,0.00000001,ltc,10233699170.368313,0.0,7.169644710445465e-11,52
0.00000000012690969999999999,[],22,[],2019-02-28 03:18:23,80845862.0,1.269097e-18,4.8406405412799996e-23,6807751,2019-02-28 03:18:23,XMR,4366.96996713,0.0,0.00000001,XMR,255350310.67882353,0.0,0.80845862,57
0.00000000035515270000000004,[],27,[],2019-02-28 03:18:26,2000.0,3.551527e-18,1.354637634448e-22,6807752,2019-02-28 03:18:26,eth,0.0,0.0,0.00000001,"btc,eth",0.0,0.0,7.103054e-15,57
0.0000000001189228,[],4,[],2019-02-28 03:18:27,847866716.1654807,4.756912e-18,1.814400402688e-22,6807753,2019-02-28 03:18:27,ltc,18.80745131218102,0.0,0.00000004,ltc,3928584922.7100945,0.0001,1.8923059835074993e-09,58
1,[],12,[],2019-02-28 03:18:28,1620639618.843957,0.0000000004,0.00000000000001525696,6807754,2019-02-28 03:18:28,btc,224005479720.36902,0.0,0.0000000004,btc,3752982794.971504,0.02514235499730272,0.5233970654011392,58
0,[],17,[],2019-02-28 03:18:30,0.0,0,0,6807755,2019-02-28 03:18:30,btc,1e+24,0.0,0,btc,49306342.21952568,0.0,0.0,58
0.00000000012690969999999999,[],22,[],2019-02-28 03:18:34,137438.0,1.269097e-18,4.8406405412799996e-23,6807756,2019-02-28 03:18:34,XMR,69.8835922,0.0,0.00000001,XMR,9887963.0,0.0,0.00137438,58
1,[],5,[],2019-02-28 03:18:35,0.0,0,0,6807757,2019-02-28 03:18:35,btc,0.0,0.82223676,0,btc,0.0,0.0,0.0,61
1,[],22,[],2019-02-28 03:18:39,5149.5,0.00000011,0.000000000004195664,6807758,2019-02-28 03:18:39,BTC,1002.29597012,0.0,0.00000011,BTC,14947.700278135757,0.0,0.00051596,61
1,[],26,[],2019-02-28 03:18:39,0.0,0.00000800,0.0000000003051392,6807759,2019-02-28 03:18:39,btc,0.0,0.0,0.00000800,btc,0.0,0.0,0.0,61
1,[],27,[],2019-02-28 03:18:42,2360.118,0.00000045,0.00000000001716408,6807760,2019-02-28 03:18:42,btc,7.76187700961638,283.432,0.00000045,"btc,eth",20332.11257617,4.93243172814e-13,0.0001995975033921285,61
1,[],28,[],2019-02-28 03:18:44,13880.304,0.0000005,0.0000000000190712,6807761,2019-02-28 03:18:44,btc,2.056291378300105,246.0,0.0000005,btc,9710.59500005,0.0,0.00566391304,61
1,[],4,[],2019-02-28 03:18:45,1409767.93428721,0.00000282,0.000000000107561568,6807762,2019-02-28 03:18:45,btc,11.17808104466762,0.0,0.00000282,btc,780687.79887705,0.12854729,1.2920560868476407,67
0.0,[],25,[],2019-02-28 03:18:46,0.0,0,0,6807763,2019-02-28 03:18:46,,0.0,0.0,0.0,btc,0.0,0.0,0.0,67
1,[],12,[],2019-02-28 03:18:48,1650069.88566667,0.00000019,0.000000000007247056,6807764,2019-02-28 03:18:48,btc,11115999.002078427,0.0,0.00000019,btc,2186167.03113194,0.0063829897655,0.059601346441112,71
,[],5,[],2018-11-20 23:02:39,1.5e-07,0.00000005,0.000000000002128045,4862160,2018-11-20 23:02:39,btc,2.84511358,0.0,,btc,0.00036572,0.0,0.07381892,74
1,[],5,[],2019-02-28 03:18:50,0.0,0,0,6807765,2019-02-28 03:18:50,btc,0.0,0.0,0,btc,0.0,0.0,0.0,75
0,[],20,[],2019-01-25 09:30:31,0.0,0,0,6495923,2019-01-25 09:30:31,btc,0.0,0.0,0,btc,0.0,0.0,0.0,81
1,[],4,[],2019-02-28 03:18:51,16180270.251575,0.00000001,0.000000000000381424,6807766,2019-02-28 03:18:51,btc,11388.6318068588,0.0,0.00000001,btc,34456445.8995017,0.0,0.16180270251575,81
1,[],4,[],2019-02-28 03:18:53,28689.05876536,0.00007572,0.000000002888142528,6807767,2019-02-28 03:18:53,btc,17.74389345832859,0.0,0.00007572,btc,12622.59918212,0.02324844,0.1392542398162091,82
1,[],21,[],2019-02-28 03:18:54,27237.76566113,0.00007414000000000000505182701227,0.000000002827877536,6807768,2019-02-28 03:18:54,btc,2.1933313068550597,12615.59463919,0.000074140000000000005051827012270138084204518236219882965087890625,btc,23687.18313448,0.94603404,1.1196119153677542,82
0,[],17,[],2019-02-28 03:19:06,0.0,0,0,6807769,2019-02-28 03:19:06,btc,0.0447233088476774,0.0,0,btc,999127.19588126,0.0,0.0,84
0.0000000001189228,[],4,[],2019-02-28 03:19:07,124320938.89519013,3.567684e-18,1.360800302016e-22,6807770,2019-02-28 03:19:07,ltc,1.7828321456656044,0.0,0.00000003,ltc,399012139.7017532,0.0,2.363675946214135e-10,85
,[],22,[],2018-11-20 23:09:34,3408.1,0.0000001,0.0000000000041895,4862324,2018-11-20 23:09:34,BTC,0.04624735,0.0,,BTC,4990.0,0.0,0.00033081,86
0,[],22,[],2019-02-22 12:52:35,0.0,0,0,6758847,2019-02-22 12:52:35,,2.0760781,0.0,0,,140622.94736842104,0.0,0.0,87
0,[],27,[],2019-02-22 12:52:37,0.0,0,0,6758848,2019-02-22 12:52:37,,0.0,0.0,0,btc,0.0,0.0,0.0,87
,[],2,[],2018-11-20 23:10:47,0.0,0,0,4862359,2018-11-20 23:10:47,,0.0,0.0,,,0.0,0.0,0.0,88
1,[],11,[],2019-02-28 03:19:09,89200.05547026,0.00013751999999999999792742177984194995588040910661220550537109375,0.000000005245342848,6807771,2019-02-28 03:19:09,btc,609.4613525554016,904.5,0.00013751999999999999792742177984194995588040910661220550537109375,btc,97589.78206309,0.0,5.709736148201606,89
0,[],2,[],2019-01-20 23:31:45,0.0,0,0,6477083,2019-01-20 23:31:45,,0.0,0.0,0,,0.0,0.0,0.0,91
0,[],17,[],2019-02-28 01:27:05,0.0,0,0,6807202,2019-02-28 01:27:05,btc,0.0,0.0,0,btc,0.0,0.0,0.0,91
1,[],12,[],2019-02-28 03:19:11,466614.97178541,0.00000146999999999999990171598886201653755279039614833891391754150390625,0.000000000056069327999999993,6807772,2019-02-28 03:19:11,btc,4.357314148601069,0.0,0.00000146999999999999990171598886201653755279039614833891391754150390625,btc,58490.08192172,0.0250441608458027,0.0795594519938109,91
0,[],22,[],2019-02-28 03:19:24,0.0,0,0,6807773,2019-02-28 03:19:24,,3e-06,0.0,0,,1.0,0.0,0.0,91
0.0000000001189228,[],22,[],2019-02-28 03:19:28,1830000.0,5.94614e-18,2.26800050336e-22,6807774,2019-02-28 03:19:28,LTC,8.53161599,0.0,0.00000005,LTC,71994962.1,0.0,0.0915,95
0,[],17,[],2019-02-28 02:18:42,0.0,0,0,6807393,2019-02-28 02:18:42,btc,0.0,0.0,0,btc,0.0,0.0,0.0,96
0.0000000001189228,[],4,[],2019-02-28 03:19:30,646276991.0126505,7.3732136e-17,2.8123206241664e-21,6807775,2019-02-28 03:19:30,ltc,11.885841615749689,0.0,0.00000062,ltc,136576642.02965617,0.0,1.8318428297100407e-09,96
0,[],12,[],2019-02-28 03:19:30,0.0,0,0,6807776,2019-02-28 03:19:30,btc,255078.11232262466,0.0,0,btc,8739617.62268705,6.99300699e-08,0.0,96
1,[],4,[],2019-02-28 03:19:43,1378854.17323796,0.00000030,0.00000000001144272,6807777,2019-02-28 03:19:43,btc,3.0028722297876387,0.0,0.00000030,btc,2418602.64989218,0.00475168,0.1070621973061229,99
0,[],2,[],2019-01-20 23:23:55,0.0,0,0,6476914,2019-01-20 23:23:55,,0.0,0.0,0,,0.0,0.0,0.0,100
1,[],4,[],2019-02-28 03:19:45,130871.98135492,0.00004619,0.000000001761797456,6807778,2019-02-28 03:19:45,btc,12.02496683288006,0.0,0.00004619,btc,162486.95615488,4.05994065,2.34422238649314,100
1,[],22,[],2019-02-28 03:19:48,50000.0,0.00000001,0.000000000000381424,6807779,2019-02-28 03:19:48,BTC,23.49896609,0.0,0.00000001,BTC,10277.22,0.0,0.0005,101
1,[],4,[],2019-02-28 03:19:50,487662.75606283,0.00000093,0.000000000035472431999999996,6807780,2019-02-28 03:19:50,btc,256.2995478326882,0.0,0.00000093,btc,487493.2706824,0.01082837,0.2536422847220935,103
1,[],12,[],2019-02-28 03:19:53,62240733.9,0.00000001,0.000000000000381424,6807781,2019-02-28 03:19:53,btc,137278920.68421587,0.0,0.00000001,btc,121738868.5115887,0.10776822865049786,0.210706355,105
1,[],27,[],2019-02-28 03:19:55,81803.89,0.00000001,0.000000000000381424,6807782,2019-02-28 03:19:55,btc,36.58422120075966,44007.0,0.00000001,btc,531915.56793212,0.00044007,0.0008180389,105
1,[],22,[],2019-02-28 03:20:10,9328.0,0.00000001,0.000000000000381424,6807783,2019-02-28 03:20:10,BTC,51.10837004,0.0,0.00000001,BTC,470435.0,0.0,9.328e-05,107
1,[],26,[],2019-02-28 03:20:11,0.0,0.00000000,0,6807784,2019-02-28 03:20:11,btc,0.0,0.0,0.00000000,btc,0.0,0.0,0.0,107
1,[],5,[],2019-02-28 03:20:13,0.0,0,0,6807785,2019-02-28 03:20:13,btc,0.0,0.00114593,0,btc,0.0,0.0,0.0,112
1,[],22,[],2019-02-28 03:20:16,1966.0,0.00000001,0.000000000000381424,6807786,2019-02-28 03:20:16,BTC,2.81183288,0.0,0.00000001,BTC,808524.0833333334,0.0,1.966e-05,112
0.00000000035515270000000004,[],27,[],2019-02-28 03:20:19,2000.0,3.551527e-18,1.354637634448e-22,6807787,2019-02-28 03:20:19,eth,1.35132491849924,0.0,0.00000001,"btc,eth",1328.641654,0.0,7.103054e-15,112
1,[],4,[],2019-02-28 03:20:21,361610.65837466,0.00000290,0.00000000011061296,6807788,2019-02-28 03:20:21,btc,84.98536376672965,0.0,0.00000290,btc,325776.10375226,0.16362962,0.1281507728651582,113
1,[],5,[],2019-02-28 03:20:23,0.0,0,0,6807789,2019-02-28 03:20:23,btc,0.0,0.090641,0,btc,0.0,0.0,0.0,113
1,[],17,[],2019-02-28 02:27:40,152738.278,0.00000004,0.0000000000015297400000000001,6807596,2019-02-28 02:27:40,btc,1.33680302678,0.0,0.00000004,btc,50696.221,0.0,0.0022095311199999998,116
0,[],27,[],2019-02-28 03:20:26,0.0,0,0,6807790,2019-02-28 03:20:26,,0.0,0.0,0,btc,0.0,0.0,0.0,116
1,[],4,[],2019-02-28 03:20:29,293115.23046182,0.00002465,0.0000000009402101599999999,6807791,2019-02-28 03:20:29,btc,30.211092864330094,0.0,0.00002465,btc,97113.79953446,0.73305109,2.0687361688710717,120
1,[],7,[],2019-02-28 03:20:30,15438.64809363,0.00001690000000000000082342986595929090753998025320470333099365234375,0.00000000064460656,6807792,2019-02-28 03:20:30,btc,115647.69889758078,420.81548425,0.00001690000000000000082342986595929090753998025320470333099365234375,btc,56413.38758969,0.00957024,0.0505049371797044,120
1,[],20,[],2019-02-28 03:20:34,1494281.3309,0.000000043,0.0000000000016401232,6807793,2019-02-28 03:20:34,btc,32.291781375822,6420.1655,0.000000043,btc,945722.5393,0.000447009085,0.0100113441862,125
1,[],22,[],2019-02-28 03:20:38,3053.0,0.00000001,0.000000000000381424,6807794,2019-02-28 03:20:38,BTC,0.01444887,0.0,0.00000001,BTC,296263.5111111111,0.0,3.053e-05,126
0,[],17,[],2019-02-28 02:28:05,0.0,0,0,6807603,2019-02-28 02:28:05,btc,0.0009561751951600001,0.0,0,btc,35.42829368,0.0,0.0,131
0,[],2,[],2019-01-20 23:25:46,0.0,0,0,6476969,2019-01-20 23:25:46,,0.0,0.0,0,,0.0,0.0,0.0,131
1,[],4,[],2019-02-28 03:20:39,2646088.70158076,0.00001376,0.000000000524839424,6807795,2019-02-28 03:20:39,btc,6.55145168919788,0.0,0.00001376,btc,126370.26699033,0.10055758,0.5903878067933734,131
1,[],4,[],2019-02-28 02:28:07,4555.78762212,0.00016001,0.000000006119342435,6807604,2019-02-28 02:28:07,btc,1.6201363980600025,0.0,0.00016001,btc,238.12730989,0.00152457,0.0082138372195995,135
1,[],3,[],2019-02-28 02:19:25,1051183.88776843,0.00000004,0.000000000001531968,6807414,2019-02-28 02:19:25,btc,0.6347130129087458,6859.27908333,0.00000004,btc,2354905.75112032,0.0,0.0335850781737019,136
1,[],4,[],2019-02-28 02:28:08,266314.27430746,0.00000162,0.00000000006195447,6807605,2019-02-28 02:28:08,btc,38.98537229604388,0.0,0.00000162,btc,580259.51839349,0.04797594,0.0802974075278955,137
1,[],12,[],2019-02-28 02:28:09,325087.26212643,0.00000172999999999999995347796898081949024117420776747167110443115234375,0.000000000066161255,6807606,2019-02-28 02:28:09,btc,11807.598310782412,0.0,0.00000172999999999999995347796898081949024117420776747167110443115234375,btc,123583.78364659,0.0380617428841968,0.07265950895579419,137
1,[],4,[],2019-02-28 02:28:10,112527.81393949,0.00003112,0.00000000119013772,6807607,2019-02-28 02:28:10,btc,28.982699869162303,0.0,0.00003112,btc,43224.11560352,0.11540004,0.4372605509182714,142
1,[],5,[],2019-02-28 02:28:11,0.0,0,0,6807608,2019-02-28 02:28:11,btc,0.0,0.66503423,0,btc,0.0,0.0,0.0,142
1,[],20,[],2019-02-28 02:28:14,132983.4368,0.00002512,0.00000000096067672,6807609,2019-02-28 02:28:14,btc,0.2960116415556,85.3112,0.00002512,btc,1211.4375,0.0028431616712,0.2264655211907,142
1,[],22,[],2019-02-28 02:28:17,1685.8988921568628,0.00004000,0.00000000152974,6807610,2019-02-28 02:28:17,BTC,3.00385504,0.0,0.00004000,BTC,891.218,0.0,0.00174536,142
0.0,[],25,[],2019-02-28 02:28:19,0.0,0,0,6807611,2019-02-28 02:28:19,,0.0,0.0,0.0,btc,0.0,0.0,0.0,142
0,[],28,[],2019-02-28 02:28:20,0.0,0,0,6807612,2019-02-28 02:28:20,,0.0,0.0,0,,0.0,0.0,0.0,142
1,[],17,[],2019-02-28 02:19:31,22967.386363640002,0.00000088,0.000000000033703296,6807419,2019-02-28 02:19:31,btc,20.0699133484,0.0,0.00000088,btc,405.079105,0.0,0.0104613000000032,142
0,[],22,[],2019-02-28 02:28:23,0.0,0,0,6807613,2019-02-28 02:28:23,,60.80280694,0.0,0,,704341446.3,0.0,0.0,143
0,[],22,[],2019-02-25 15:42:22,0.0,0,0,6783783,2019-02-25 15:42:22,,4.2131946,0.0,0,,2322156.0,0.0,0.0,146
,[],22,[],2018-11-20 23:01:11,0.0,0,0,4862114,2018-11-20 23:01:11,,2.56807021,0.0,,,61828.4988236,0.0,0.0,147
1,[],12,[],2019-02-28 02:28:25,219989.09674206,0.00000250000000000000020450763478507827386465578456409275531768798828125,0.00000000009560875000000001,6807614,2019-02-28 02:28:25,btc,16.613702172891543,0.0,0.00000250000000000000020450763478507827386465578456409275531768798828125,btc,117011.24335616,0.0072386131968238,0.0278041199999996,148
1,[],4,[],2019-02-28 02:28:26,245619.74504268,0.00000032,0.00000000001223792,6807615,2019-02-28 02:28:26,btc,219.96749410271795,0.0,0.00000032,btc,800822.7951546,0.0,0.0582338765710576,152
0,[],22,[],2019-02-28 02:28:29,0.0,0,0,6807616,2019-02-28 02:28:29,,0.0,0.0,0,,0.0,0.0,0.0,152
1,[],5,[],2019-02-28 02:28:30,0.0,0,0,6807617,2019-02-28 02:28:30,btc,0.0,0.0,0,btc,0.0,0.0,0.0,153
,[],16,[],2019-01-11 15:38:59,0.0,0,0,6366141,2019-01-11 15:38:59,btc,0.0,0.0,,btc,0.0,0.0,0.0,155
0,[],22,[],2019-02-28 02:28:33,0.0,0,0,6807618,2019-02-28 02:28:33,,6.74829967,0.0,0,,4646626.747643097,0.0,0.0,156
0,[],23,[],2019-01-20 23:24:29,0.0,0,0,6476932,2019-01-20 23:24:29,,0.0,0.0,0,,0.0,0.0,0.0,156
1,[],22,[],2019-02-28 02:28:42,7073.8,0.00005300,0.0000000020269054999999998,6807619,2019-02-28 02:28:42,BTC,1.80343699,0.0,0.00005300,BTC,899.6422341958436,0.0,0.00104336,157
0,[],22,[],2019-02-28 02:28:45,0.0,0,0,6807620,2019-02-28 02:28:45,,50175.68008609,0.0,0,,54479136.04179466,0.0,0.0,158
,[],17,[],2018-11-20 22:56:10,0.0,0,0,4861976,2018-11-20 22:56:10,btc,1.1265625,0.0,,btc,1000.0,0.0,0.0,159
,[],20,[],2018-11-20 22:56:12,0.0,0,0,4861977,2018-11-20 22:56:12,btc,11912.7940471,0.0,,btc,34413894.3617,0.0,0.0,159
1,[],12,[],2019-02-28 02:28:47,181380.20825958,0.00000802999999999999935075371826354029280992108397185802459716796875,0.000000000307095305,6807621,2019-02-28 02:28:47,btc,6.6430313712526035,0.0,0.00000802999999999999935075371826354029280992108397185802459716796875,btc,13705.27413222,0.0012781134,0.0910821527826388,168
1,[],17,[],2019-02-28 02:20:28,29784.95,0.000001,0.000000000038299199999999997,6807433,2019-02-28 02:20:28,btc,0.03026736251542,0.0,0.000001,btc,144.46171372,0.0,0.00716147,168
0,[],22,[],2019-02-28 02:29:01,0.0,0,0,6807622,2019-02-28 02:29:01,,1.1339604,0.0,0,,520283.17470714403,0.0,0.0,169
1,[],22,[],2019-02-28 02:29:14,203600.0,0.00000002,0.00000000000076487,6807623,2019-02-28 02:29:14,BTC,13.2501524,0.0,0.00000002,BTC,144336.2939341018,0.0,0.002072,171
1,[],22,[],2019-02-28 02:20:37,1206014.0,0.00000006,0.0000000000022979520000000003,6807436,2019-02-28 02:20:37,BTC,2.19732001,0.0,0.00000006,BTC,241503.87773641286,2.4e-06,0.01966189,173
1,[],5,[],2019-02-28 02:29:16,0.0,0,0,6807624,2019-02-28 02:29:16,btc,0.0,0.16660249,0,btc,0.0,0.0,0.0,175
1,[],22,[],2019-02-28 02:29:19,45904.0,0.0000003,0.00000000001147305,6807625,2019-02-28 02:29:19,BTC,0.52955903,0.0,0.0000003,BTC,143368.41384013777,0.0,0.0052148,176
1,[],7,[],2019-02-28 02:29:20,0.0,0,0,6807626,2019-02-28 02:29:20,btc,410932.5273358376,0.0,0,btc,117801559.31901672,0.0,0.0,178
0,[],22,[],2019-02-28 02:29:23,0.0,0,0,6807627,2019-02-28 02:29:23,,1.00242428,0.0,0,,57512.0,0.0,0.0,178
0,[],2,[],2019-01-20 23:28:34,0.0,0,0,6477001,2019-01-20 23:28:34,,0.0,0.0,0,,0.0,0.0,0.0,178
1,[],5,[],2019-02-28 02:29:24,0.0,0,0,6807628,2019-02-28 02:29:24,btc,0.0,0.035768,0,btc,0.0,0.0,0.0,179
1,[],22,[],2019-02-28 02:29:29,6961684.0,0.00000002,0.00000000000076487,6807629,2019-02-28 02:29:29,BTC,5.6311133,0.0,0.00000002,"BTC,LTC",17083809.756535422,0.00255564,0.3741744,179
0,[],23,[],2019-01-20 23:25:08,0.0,0,0,6476952,2019-01-20 23:25:08,,0.0,0.0,0,,0.0,0.0,0.0,179
1,[],17,[],2019-02-28 02:29:31,10504.725,0.0000001,0.00000000000382435,6807630,2019-02-28 02:29:31,btc,5.2010695838170005,0.0,0.0000001,btc,4994.45945,0.0,0.0010504725,180
1,[],22,[],2019-02-28 02:29:34,134055.4,0.00000155,0.000000000059277425,6807631,2019-02-28 02:29:34,BTC,0.22074727,0.0,0.00000155,"BTC,LTC",70950.16940664877,0.00122356,0.00274294,180
1,[],26,[],2019-02-28 02:29:35,0.0,0.00000160,0.0000000000611896,6807632,2019-02-28 02:29:35,btc,0.0,0.0,0.00000160,btc,0.0,0.0,0.0,180
,[],7,[],2018-11-20 22:58:01,562227.975654,0.00000085,0.000000000036176765,4862015,2018-11-20 22:58:01,btc,21836.6059674,2491.87645172,,btc,749999.041456,0.00211021,0.127565380455,183
,[],5,[],2019-01-10 08:11:41,0.0,0,0,6347036,2019-01-10 08:11:41,btc,82.15055501,0.00261,,btc,1.19002445,0.0,0.0,187
1,[],24,[],2019-02-28 02:29:35,0.0,0.000000000001,3.82435e-17,6807633,2019-02-28 02:29:35,btc,0.0,0.0,0.000000000001,btc,0.0,0.0,0.0,187
,[],17,[],2018-11-16 20:58:10,4062536.27273,0.00000001,0.000000000000550501,4708775,2018-11-16 20:58:10,btc,3.36492563466,0.195460381006,,"btc,eth",110697919.549,0.0,0.0157628953496,187
0,[],22,[],2019-02-27 04:05:17,0.0,0,0,6799309,2019-02-27 04:05:17,,1.19374396,0.0,0,,16308.869534405507,0.0,0.0,191
0,[],22,[],2019-02-28 02:21:17,0.0,0,0,6807446,2019-02-28 02:21:17,,0.0,0.0,0,,0.0,0.0,0.0,197
0,[],23,[],2019-01-20 23:31:41,0.0,0,0,6477079,2019-01-20 23:31:41,,0.0,0.0,0,,0.0,0.0,0.0,199
0,[],22,[],2019-02-28 02:29:38,0.0,0,0,6807634,2019-02-28 02:29:38,,5.19477622,0.0,0,,21058553.0,0.0,0.0,199
1,[],26,[],2019-02-28 02:29:38,0.0,0.00000000,0,6807635,2019-02-28 02:29:38,btc,0.0,0.0,0.00000000,btc,0.0,0.0,0.0,199
0,[],17,[],2019-01-30 16:32:01,0.0,0,0,6540827,2019-01-30 16:32:01,btc,6.802544163788159,0.0,0,btc,105897.55575295,0.0,0.0,200
0,[],2,[],2019-01-20 23:30:49,0.0,0,0,6477059,2019-01-20 23:30:49,,0.0,0.0,0,,0.0,0.0,0.0,201
1,[],4,[],2019-01-25 15:51:35,2084389.58565343,0.00000936,0.000000000333526752,6499557,2019-01-25 15:51:35,btc,2.0092503037378524,0.0,0.00000936,btc,160195.80207885,0.19272417,1.242687955921835,211
1,[],7,[],2019-02-28 02:29:41,2796111.4661506,0.0000013299999999999999715787242504649867669286322779953479766845703125,0.000000000050863855,6807636,2019-02-28 02:29:41,btc,15476657.005470553,1066144.66365,0.0000013299999999999999715787242504649867669286322779953479766845703125,btc,14045295.10522494,0.0,2.909182180836816,212
1,[],5,[],2019-02-28 02:29:44,0.0,0,0,6807637,2019-02-28 02:29:44,btc,0.0,0.16302708,0,btc,0.0,0.0,0.0,213
1,[],24,[],2019-02-28 02:29:44,0.0,0.000000110000,0.000000000004206785,6807638,2019-02-28 02:29:44,btc,0.0,0.0,0.000000110000,btc,0.0,0.0,0.0,213
1,[],26,[],2019-02-28 02:29:44,0.0,0.00000010,0.00000000000382435,6807639,2019-02-28 02:29:44,btc,0.0,0.0,0.00000010,btc,0.0,0.0,0.0,213
1,[],12,[],2019-01-25 02:44:32,207462.42853209,0.000001080000000000000035831255497387193287295303889550268650054931640625,0.000000000038610756000000006,6493050,2019-01-25 02:44:32,btc,85023.03793723314,0.0,0.000001080000000000000035831255497387193287295303889550268650054931640625,btc,43675.73520027,0.000146250909087,0.0348620860622024,213
1,[],22,[],2019-02-28 02:29:48,29544.0,0.00000002,0.00000000000076487,6807640,2019-02-28 02:29:48,BTC,2.22899412,0.0,0.00000002,BTC,531026.3963726171,0.000868,0.00030003,216
1,[],27,[],2019-02-28 02:29:51,6248602.0,0.00000003,0.000000000001147305,6807641,2019-02-28 02:29:51,btc,316.32805111644,2699.005988,0.00000003,"btc,ltc",235048.901,0.00032388,0.033772040012003283,216
1,[],22,[],2019-02-28 02:29:56,242622.002186885,0.00000225,0.000000000086047875,6807642,2019-02-28 02:29:56,BTC,12673.560865,0.0,0.00000225,BTC,386939.86950989376,0.02498666,0.34210727,217
1,[],7,[],2019-02-28 02:29:58,0.0,0,0,6807643,2019-02-28 02:29:58,btc,77969.77488735563,0.0,0,btc,137043486.5550253,0.0,0.0,219
0,[],27,[],2019-02-28 02:30:01,0.0,0,0,6807644,2019-02-28 02:30:01,,0.0740438339680921,0.0,0,btc,1536429.20709513,0.0,0.0,219
0.0000000000000051,[],28,[],2019-02-28 02:30:04,167609414.732,2.295459e-18,8.77863862665e-23,6807645,2019-02-28 02:30:04,doge,83883.3352434475,11217.768,0.00045009,"btc,doge",4823713.77951,0.0,9.099263409183433e-12,219
1,[],22,[],2019-02-28 02:30:08,340665.0,0.00000003,0.000000000001147305,6807646,2019-02-28 02:30:08,BTC,2.94533216,0.0,0.00000003,BTC,114179.27041875875,0.0,0.00940665,221
1,[],24,[],2019-02-28 02:30:09,0.0,0.000000200000,0.0000000000076487,6807647,2019-02-28 02:30:09,btc,0.0,0.0,0.000000200000,btc,0.0,0.0,0.0,221
1,[],20,[],2019-02-28 02:30:11,40748456.2707,0.000000001,0.0000000000000382435,6807648,2019-02-28 02:30:11,btc,48.2375264230632,50000.0,0.000000001,btc,13394908.9689,0.0001,0.0407484562707,224
0,[],22,[],2019-02-28 02:30:13,0.0,0,0,6807649,2019-02-28 02:30:13,,0.0,0.0,0,,0.0,0.0,0.0,224
1,[],26,[],2019-02-28 02:30:13,0.0,0.00000035,0.000000000013385225,6807650,2019-02-28 02:30:13,btc,0.0,0.0,0.00000035,btc,0.0,0.0,0.0,231
1,[],26,[],2019-02-28 02:30:14,0.0,0.00000006,0.00000000000229461,6807651,2019-02-28 02:30:14,btc,0.0,100.0,0.00000006,btc,0.0,0.0,0.0,234
0.00000000035794510000000003,[],27,[],2019-02-28 02:30:17,2000.0,3.579451e-18,1.368907343185e-22,6807652,2019-02-28 02:30:17,eth,0.0113483662182,0.0,0.00000001,"btc,eth",11462.99618,0.0,7.158902e-15,234
1,[],4,[],2019-02-28 02:30:18,940943.98390782,0.00000072,0.00000000002753532,6807653,2019-02-28 02:30:18,btc,4.358570430721886,0.0,0.00000072,btc,1093538.38353645,0.03522394,0.2431731747126073,236
1,[],24,[],2019-02-28 02:30:18,0.0,0.000000300000,0.00000000001147305,6807654,2019-02-28 02:30:18,btc,0.0,0.0,0.000000300000,btc,0.0,0.0,0.0,236
1,[],20,[],2019-02-28 02:30:20,151840842.1913,0.000000056,0.000000000002141636,6807655,2019-02-28 02:30:20,btc,10.8046612279065,49045174.3644,0.000000056,btc,43940843.53,3.157656876639,0.5409528770079,237
0.0000000001190802,[],22,[],2019-02-28 02:30:25,14400.0,1.190802e-17,4.5540436287e-22,6807656,2019-02-28 02:30:25,LTC,0.0413973,0.0,0.0000001,LTC,7239.0,0.0,0.00144,237
1,[],4,[],2019-02-28 02:30:27,7778294.62638527,0.00000034,0.00000000001300279,6807657,2019-02-28 02:30:27,btc,6.248223025609836,0.0,0.00000034,btc,9756005.39395997,0.17582774,1.757001044885927,238
1,[],5,[],2019-02-28 02:30:29,0.0,0,0,6807658,2019-02-28 02:30:29,btc,0.0,0.02037488,0,btc,0.0,0.0,0.0,238
0,[],22,[],2019-02-28 02:30:33,0.0,0,0,6807659,2019-02-28 02:30:33,,0.41356282,0.0,0,,316008.5639027493,0.0,0.0,249
0.0000000001190802,[],22,[],2019-02-28 02:30:36,7121097.666666667,3.572406e-18,1.36621308861e-22,6807660,2019-02-28 02:30:36,LTC,0.52329319,0.0,0.00000003,LTC,18903494.09,3.587033811768e-12,0.21263595,252
1,[],28,[],2019-02-28 02:22:21,4567665.434,0.00000022,0.000000000008425824,6807474,2019-02-28 02:22:21,btc,164706.69072751133,13389.99,0.00000022,btc,2053675.0669,0.0,0.38159691954,256
1,[],22,[],2019-02-28 02:30:40,1145354.0,0.00000002,0.00000000000076487,6807661,2019-02-28 02:30:40,BTC,31.47160001,0.0,0.00000002,BTC,670687.0957866946,2.8e-05,0.01233444,258
1,[],22,[],2019-02-28 02:30:44,48751.0,0.00000001,0.000000000000382435,6807662,2019-02-28 02:30:44,BTC,2.4175745,0.0,0.00000001,BTC,1762.0,0.0,0.00048751,259
1,[],5,[],2019-02-28 02:30:46,0.0,0,0,6807663,2019-02-28 02:30:46,btc,0.0,0.05256647,0,btc,0.0,0.0,0.0,264
1,[],20,[],2019-02-28 02:30:47,1222091.8798,0.000002205,0.0000000000843269175,6807664,2019-02-28 02:30:47,btc,7.210552943923,102242.8779,0.000002205,btc,84171.0432,0.3229568268952,0.0225344220217,264
0,[],22,[],2019-02-28 02:30:50,0.0,0,0,6807665,2019-02-28 02:30:50,,8.33272543,0.0,0,,413548.34411321935,0.0,0.0,271
0,[],22,[],2019-02-28 02:30:53,0.0,0,0,6807666,2019-02-28 02:30:53,,271.16935057,0.0,0,,14411474420.692,0.0,0.0,272
0,[],28,[],2019-02-28 02:30:54,0.0,0,0,6807667,2019-02-28 02:30:54,,0.0,0.0,0,,0.0,0.0,0.0,272
1,[],22,[],2019-02-28 02:31:13,116889.74,0.00000360,0.0000000001376766,6807668,2019-02-28 02:31:13,BTC,74.32244185,0.0,0.00000360,"BTC,LTC",8380.527743939856,0.0,0.04953697,281
1,[],22,[],2019-02-28 02:31:18,863814.5,0.00000002,0.00000000000076487,6807669,2019-02-28 02:31:18,BTC,1.33224124,0.0,0.00000002,BTC,134474.99887885063,0.00040847,0.01714417,286
0,[],22,[],2019-02-28 02:31:21,0.0,0,0,6807670,2019-02-28 02:31:21,,43634.55501853,0.0,0,,422566696.0,0.0,0.0,294
