pairValue,buyBook,exchangeId,sellBook,updated,buyTotal,satoshiPrice,usdPrice,exchangeLogId,created,bestPair,sellTotalBtc,volume,pairPrice,activePairs,sellTotal,volumeBtc,buyTotalBtc,coinId
1,[],3,[],2019-03-01 07:30:09,30518.95425126086,0.01248984000000000031682656498333017225377261638641357421875,0.00000047812356504,6817077,2019-03-01 07:30:09,btc,61.08537354195271,0.0400073,0.01248984000000000031682656498333017225377261638641357421875,btc,23.308913763759,0.0,0.04337306135093997,1
1,[],4,[],2019-03-01 07:30:10,208053.07369608,0.01260465,0.00000048251860665,6817078,2019-03-01 07:30:10,btc,9.21581738583113,0.0,0.01260465,btc,262.10516861,0.90916683,2.950386047229438,1
1,[],5,[],2019-03-01 07:30:13,0.0,0,0,6817079,2019-03-01 07:30:13,btc,0.0,0.04549203,0,btc,0.0,0.0,0.0,1
1,[],10,[],2019-03-01 07:30:15,414794.26152914,0.01032831,0.00000039537803511,6817080,2019-03-01 07:30:15,btc,6520.70676722273,1830.50963506,0.01032831,btc,966.64238158,0.0,5.611891599849055,1
1,[],12,[],2019-03-01 07:30:18,10442.70854344,0.01247000000000000018152146452621309435926377773284912109375,0.00000047736407,6817081,2019-03-01 07:30:18,btc,0.5019688463541,0.0,0.01247000000000000018152146452621309435926377773284912109375,btc,30.56922616,0.3456247240943,0.4094432514577,1
1,[],20,[],2019-03-01 07:30:20,1151.2708,0.01151,0.00000044061431,6817082,2019-03-01 07:30:20,btc,0.0662082325693,0.0466,0.01151,btc,3.0133,0.000489766,0.0922628576215,1
1,[],21,[],2019-03-01 07:30:21,2078.82508842,0.01248821999999999952934981451,0.00000047806154982,6817083,2019-03-01 07:30:21,btc,15.334875323702088,1492.8741081,0.01248821999999999952934981450880513875745236873626708984375,"btc,eth",1595.3487927200001,17.786588299682467,23.082890948373205,1
1,[],22,[],2019-03-01 07:30:53,0.006382215384615385,0.01300000,0.000000497653,6817084,2019-03-01 07:30:53,BTC,0.31439419,0.0,0.01300000,BTC,0.12751438772928525,0.0,7.978e-05,1
1,[],24,[],2019-03-01 07:30:54,0.0,0.000000000000,0,6817085,2019-03-01 07:30:54,btc,0.0,0.0,0.000000000000,btc,0.0,0.0,0.0,1
0.0,[],25,[],2019-03-01 07:30:55,0.0,0,0,6817086,2019-03-01 07:30:55,btc,26.898699998042396,862.57632208,0.0,btc,2095.5267194,10.9529,0.0,1
1,[],26,[],2019-03-01 07:30:56,0.0,0,0,6817087,2019-03-01 07:30:56,,0.0,0.0,0,,0.0,0.0,0.0,1
1,[],28,[],2019-03-01 07:30:57,993.142,0.01323000,0.00000050645763,6817088,2019-03-01 07:30:57,btc,0.162839806,18439.5,0.01323000,btc,8.9,0.0,0.089302756,1
0,[],2,[],2019-01-20 23:28:45,0.0,0,0,6477011,2019-01-20 23:28:45,,0.0,0.0,0,,0.0,0.0,0.0,1
1,[],5,[],2019-03-01 07:30:59,0.0,0,0,6817089,2019-03-01 07:30:59,btc,0.0,0.02252734,0,btc,0.0,0.0,0.0,2
0.0000000001239392,[],22,[],2019-03-01 07:31:26,1148.0,1.3633312e-16,5.21896816672e-21,6817090,2019-03-01 07:31:26,XMR,21.01373823,0.0,0.00000110,XMR,14319.12581,0.0,0.00087635,2
1,[],5,[],2019-03-01 07:31:27,0.0,0,0,6817091,2019-03-01 07:31:27,btc,0.0,0.0405416,0,btc,0.0,0.0,0.0,3
1,[],12,[],2019-03-01 07:31:28,13200234.46986,0.000000174,0.000000000006660894,6817092,2019-03-01 07:31:28,btc,924396.5574140374,0.0,0.000000174,btc,8246595.60325583,0.02988922381952211,0.65637374539678,3
0,[],28,[],2019-03-01 07:31:29,0.0,0,0,6817093,2019-03-01 07:31:29,,0.0,0.0,0,,0.0,0.0,0.0,3
0,[],2,[],2019-01-20 23:31:32,0.0,0,0,6477077,2019-01-20 23:31:32,,0.0,0.0,0,,0.0,0.0,0.0,4
1,[],4,[],2019-03-01 07:31:30,394515.51681416,0.00000033,0.00000000001263273,6817094,2019-03-01 07:31:30,btc,31.98462224995629,0.0,0.00000033,btc,710602.55491406,0.0,0.0533407895458889,4
1,[],12,[],2019-03-01 07:31:31,1365307.18866667,0.00000003,0.00000000000114843,6817095,2019-03-01 07:31:31,btc,11013925.630790796,0.0,0.00000003,btc,1265766.42361994,0.0032488055644356,0.0204712504400001,5
0,[],2,[],2019-01-20 23:31:51,0.0,0,0,6477087,2019-01-20 23:31:51,,0.0,0.0,0,,0.0,0.0,0.0,6
1,[],11,[],2019-03-01 07:31:33,6434308.5,0.00000002,0.00000000000076562,6817096,2019-03-01 07:31:33,btc,9568.047454252814,663111.0,0.00000002,btc,41614050.07452957,0.0,0.086161005,6
1,[],3,[],2019-03-01 07:31:33,1078.300764522044,0.0001510600000000000072038208731584063571062870323657989501953125,0.00000000578272786,6817097,2019-03-01 07:31:33,btc,26.3363151709563,0.0,0.0001510600000000000072038208731584063571062870323657989501953125,btc,247.537822229004,0.0,0.03284743781632565,7
1,[],4,[],2019-03-01 07:31:34,88889.87734993,0.00022007,0.000000008424499669999999,6817098,2019-03-01 07:31:34,btc,10.287058234747622,0.0,0.00022007,btc,34639.22219089,3.89945118,4.516294821284314,7
1,[],5,[],2019-03-01 07:31:35,0.0,0,0,6817099,2019-03-01 07:31:35,btc,0.0,0.82581812,0,btc,0.0,0.0,0.0,7
1,[],20,[],2019-02-20 02:16:17,39399275.8418,0.000000001,0.0000000000000390183,6728586,2019-02-20 02:16:17,btc,116.9737569154545,525.0,0.000000001,btc,56932965.8895,5.25e-07,0.0393992758418,8
1,[],4,[],2019-03-01 07:31:36,1863414.54095851,0.00000170,0.0000000000650777,6817100,2019-03-01 07:31:36,btc,7.274629534197948,0.0,0.00000170,btc,2991929.25183837,1.77251227,0.5130031425227373,9
0,[],2,[],2019-01-20 23:22:42,0.0,0,0,6476876,2019-01-20 23:22:42,,0.0,0.0,0,,0.0,0.0,0.0,9
1,[],28,[],2019-03-01 07:31:38,77443.22,0.00000181,0.00000000006928861,6817101,2019-03-01 07:31:38,btc,2708.763406715895,3452985.76,0.00000181,btc,12476.4655,0.0,0.08566102433,9
0,[],23,[],2019-01-20 23:22:48,0.0,0,0,6476878,2019-01-20 23:22:48,,0.0,0.0,0,,0.0,0.0,0.0,9
1,[],1,[],2019-02-17 23:31:42,1822507.21,0.00000181000000000000003456111265232042484285557293333113193511962890625,0.000000000066086901,6701244,2019-02-17 23:31:42,btc,3.6990969245,17153386.5,0.00000181000000000000003456111265232042484285557293333113193511962890625,btc,1997391.71,31.11772986,3.2610482446,9
1,[],4,[],2019-02-17 11:22:43,4341674.27126056,0.00000002,0.0000000000007272960000000001,6696112,2019-02-17 11:22:43,btc,0.1997230937751353,0.0,0.00000002,btc,4109766.79808031,0.00215132,0.0479381022052112,10
1,[],4,[],2019-03-01 07:31:38,4052965.26571515,0.00000119,0.00000000004555439,6817102,2019-03-01 07:31:38,btc,10.223806972764296,0.0,0.00000119,btc,5874412.92180281,2.89038412,2.053717191091868,12
1,[],5,[],2019-03-01 07:31:40,0.0,0,0,6817103,2019-03-01 07:31:40,btc,0.0,0.12464313,0,btc,0.0,0.0,0.0,12
0.0,[],25,[],2019-03-01 07:31:42,0.0,0,0,6817104,2019-03-01 07:31:42,,0.0,0.0,0.0,btc,0.0,0.0,0.0,12
0,[],2,[],2019-01-20 23:23:08,0.0,0,0,6476890,2019-01-20 23:23:08,,0.0,0.0,0,,0.0,0.0,0.0,12
1,[],10,[],2019-03-01 06:39:20,400916.01378868,0.00000559,0.000000000213875636,6816783,2019-03-01 06:39:20,btc,666802.6102779524,5422.35695853,0.00000559,btc,744836.3633745,0.0,0.2582442798563469,13
1,[],4,[],2019-03-01 07:31:43,31947613.3226628,0.00000547,0.00000000020939707,6817105,2019-03-01 07:31:43,btc,3.0109491965202912,0.0,0.00000547,btc,420293.26504629,0.25580903,0.7715580300148742,13
1,[],21,[],2019-03-01 07:31:46,838743.69419025,0.000005640000000000000210647471688,0.00000000021590484,6817106,2019-03-01 07:31:46,btc,5.971206372186196,263539.97079679,0.0000056400000000000002106474716878636854744399897754192352294921875,btc,946622.30342061,1.50684592,4.439955095950234,13
1,[],4,[],2019-03-01 07:31:47,697431.72600285,0.00000139,0.00000000005321059,6817107,2019-03-01 07:31:47,btc,142.19902954897285,0.0,0.00000139,btc,866781.74494378,0.12757337,0.1442957422972326,14
1,[],12,[],2019-03-01 07:31:47,217163.80378557,0.000001250000000000000102253817392539136932327892282046377658843994140625,0.000000000047851250000000006,6817108,2019-03-01 07:31:47,btc,5.286809659989185,0.0,0.000001250000000000000102253817392539136932327892282046377658843994140625,btc,29319.10027682,0.0023432528671912,0.0253102999998918,14
0,[],17,[],2019-03-01 07:31:59,0.0,0,0,6817109,2019-03-01 07:31:59,btc,0.0,0.0,0,btc,0.0,0.0,0.0,14
1,[],26,[],2019-03-01 07:31:59,0.0,0.00000050,0.0000000000191405,6817110,2019-03-01 07:31:59,btc,0.0,0.0,0.00000050,btc,0.0,0.0,0.0,14
0,[],4,[],2019-03-01 07:32:00,0.0,0,0,6817111,2019-03-01 07:32:00,,0.0,0.0,0,,0.0,0.0,0.0,15
,[],12,[],2018-12-01 15:15:48,204241.84496,0.00000489,0.000000000202473384,5260204,2018-12-01 15:15:48,btc,49.5475654835,0.0,,btc,35763.2193806,0.0163153972027625,0.0203389899998,15
1,[],4,[],2019-03-01 07:32:02,26031.51216584,0.00001786,0.00000000068369866,6817112,2019-03-01 07:32:02,btc,1.2238531752888273,0.0,0.00001786,btc,9007.41982134,0.01718025,0.0845313453231973,18
1,[],10,[],2019-03-01 07:32:04,782816.72884913,0.00001846,0.00000000070666726,6817113,2019-03-01 07:32:04,btc,25.793957178712162,55899.4306768,0.00001846,btc,14110.21984579,0.0,0.131624492045527,18
1,[],12,[],2019-03-01 07:32:05,193603.62334807,0.0000174999999999999984669381281054967303134617395699024200439453125,0.0000000006699174999999999,6817114,2019-03-01 07:32:05,btc,23.630507007204987,0.0,0.0000174999999999999984669381281054967303134617395699024200439453125,btc,1864.03352308,2.608453e-05,0.033888100594168004,18
0,[],17,[],2019-03-01 07:32:07,0.0,0,0,6817115,2019-03-01 07:32:07,btc,0.0,0.0,0,btc,0.0,0.0,0.0,18
0,[],2,[],2019-01-20 23:23:38,0.0,0,0,6476906,2019-01-20 23:23:38,,0.0,0.0,0,,0.0,0.0,0.0,18
1,[],3,[],2019-03-01 07:32:07,118503.18839381494,0.0000200099999999999998462514583241755872222711332142353057861328125,0.0000000007660028099999999,6817116,2019-03-01 07:32:07,btc,0.5275616020984184,94.50998943,0.0000200099999999999998462514583241755872222711332142353057861328125,btc,9003.874034863742,0.0,0.03365696266917482,19
1,[],4,[],2019-03-01 07:32:08,528911.39564533,0.00001947,0.00000000074533107,6817117,2019-03-01 07:32:08,btc,1.8998425779748558,0.0,0.00001947,btc,65965.44058335,0.3624208,2.4948709848450292,19
1,[],5,[],2019-03-01 07:32:09,0.0,0,0,6817118,2019-03-01 07:32:09,btc,0.0,0.0,0,btc,0.0,0.0,0.0,19
1,[],12,[],2019-03-01 07:32:10,135318.64358423,0.00001983000000000000156963851638547424727221368812024593353271484375,0.0000000007591122300000001,6817119,2019-03-01 07:32:10,btc,6.89919064118313,0.0,0.00001983000000000000156963851638547424727221368812024593353271484375,btc,467.01038266,0.0002886132405072,0.10935489000018139,19
0,[],27,[],2019-03-01 07:32:12,0.0,0,0,6817120,2019-03-01 07:32:12,,0.0,0.0,0,btc,0.0,0.0,0.0,19
0,[],2,[],2019-01-20 23:24:19,0.0,0,0,6476924,2019-01-20 23:24:19,,0.0,0.0,0,,0.0,0.0,0.0,19
1,[],4,[],2019-03-01 07:32:14,2815062.46050745,0.00000013,0.00000000000497653,6817121,2019-03-01 07:32:14,btc,7.374235915885102,0.0,0.00000013,btc,2837033.34039723,0.00030506,0.0810309973314801,20
1,[],4,[],2019-03-01 07:32:15,104036087.13737024,0.00000002,0.00000000000076562,6817122,2019-03-01 07:32:15,btc,1802.8304645723547,0.0,0.00000002,btc,55009746.91106001,0.0,1.1684621866280451,21
1,[],12,[],2019-03-01 07:32:16,18207001.0,0.00000002,0.00000000000076562,6817123,2019-03-01 07:32:16,btc,670.3733702334847,0.0,0.00000002,btc,8127598.32857329,0.0,0.23638026,21
0,[],17,[],2019-03-01 07:12:44,0.0,0,0,6816999,2019-03-01 07:12:44,btc,0.0,0.0,0,btc,0.0,0.0,0.0,21
1,[],12,[],2019-03-01 07:32:27,3092378089.531895,0.0000000002,0.0000000000000076562,6817124,2019-03-01 07:32:27,btc,875865855491.6422,0.0,0.0000000002,btc,4946565922.174264,0.01769082050269732,0.3247478971531895,23
0.0000000003550473,[],27,[],2019-03-01 07:32:29,2000.0,3.550473e-18,1.3591565691299999e-22,6817125,2019-03-01 07:32:29,eth,1.3829826565934114,0.0,0.00000001,eth,2164879.85514486,0.0,7.1009459999999995e-15,23
1,[],4,[],2019-03-01 07:32:30,476134.16611916,0.00000053,0.00000000002028893,6817126,2019-03-01 07:32:30,btc,8.87384152576593,0.0,0.00000053,btc,1529270.67105574,0.00363919,0.1523048318619393,24
1,[],22,[],2019-03-01 07:32:54,11.76,0.00000100,0.000000000038281,6817127,2019-03-01 07:32:54,BTC,7.415e-05,0.0,0.00000100,BTC,23.919354838709676,0.0,1.176e-05,24
0.0,[],25,[],2019-03-01 07:32:56,0.0,0,0,6817128,2019-03-01 07:32:56,,0.0,0.0,0.0,btc,0.0,0.0,0.0,24
1,[],4,[],2019-03-01 07:32:57,22720654.43225946,0.00000665,0.00000000025456865,6817129,2019-03-01 07:32:57,btc,165.80154768457604,0.0,0.00000665,btc,240090.91152099,0.19132076,0.5159848947441755,26
1,[],10,[],2019-03-01 07:32:59,691126.43052741,0.00000603,0.00000000023083443,6817130,2019-03-01 07:32:59,btc,26.125981337620267,4148.53522551,0.00000603,btc,14054.67408507,0.0,0.2398199360174543,26
0,[],2,[],2019-01-20 23:25:56,0.0,0,0,6476976,2019-01-20 23:25:56,,0.0,0.0,0,,0.0,0.0,0.0,26
1,[],3,[],2019-03-01 07:33:00,5548600.57033568,0.00000001,0.00000000000038281,6817131,2019-03-01 07:33:00,btc,2.260630144543312,752854.484124,0.00000001,btc,17277334.4432405,0.0,0.0554860057033568,27
1,[],5,[],2019-03-01 07:33:01,0.0,0,0,6817132,2019-03-01 07:33:01,btc,0.0,0.00376492,0,btc,0.0,0.0,0.0,27
1,[],11,[],2019-03-01 07:33:03,9491944.20350207,0.00000005,0.00000000000191405,6817133,2019-03-01 07:33:03,btc,67506.40605986067,169525.403564,0.00000005,btc,8002256.57282965,0.0,0.44249750446473557,27
1,[],4,[],2019-03-01 07:33:04,1495959068.0575862,0.00000002,0.00000000000076562,6817134,2019-03-01 07:33:04,btc,3.125016363439092,0.0,0.00000002,"btc,ltc",234867415.5273119,0.20583361,12.245498614581086,29
1,[],7,[],2019-03-01 07:33:04,35449167.85047081,0.00000002,0.00000000000076562,6817135,2019-03-01 07:33:04,btc,44462590.70615976,420573.711741,0.00000002,btc,47355870.75980134,0.0,0.3545016735097031,29
1,[],4,[],2019-03-01 07:33:05,1402062.72527437,0.00000026,0.00000000000995306,6817136,2019-03-01 07:33:05,btc,2.3398909784265784,0.0,0.00000026,btc,1563536.49738999,0.0,0.0868713082385395,30
0,[],17,[],2019-03-01 07:33:07,0.0,0,0,6817137,2019-03-01 07:33:07,btc,0.0,0.0,0,btc,0.0,0.0,0.0,30
1,[],4,[],2019-03-01 07:33:08,115695.10660656,0.00004907,0.00000000187844867,6817138,2019-03-01 07:33:08,btc,5.888221615707735,0.0,0.00004907,btc,71118.91699073,0.69189123,0.838614364464198,31
1,[],21,[],2019-03-01 07:33:09,77710.55277898,0.00004898999999999999681961002085,0.00000000187538619,6817139,2019-03-01 07:33:09,btc,2.9652533802932384,80751.4618215,0.0000489899999999999968196100208484011773180100135505199432373046875,btc,53745.37459279,3.9325144,2.8303904308350316,31
0,[],2,[],2019-01-20 23:28:43,0.0,0,0,6477009,2019-01-20 23:28:43,,0.0,0.0,0,,0.0,0.0,0.0,32
1,[],4,[],2019-03-01 07:33:10,376913156.95457834,0.00000004,0.00000000000153124,6817140,2019-03-01 07:33:10,btc,10.950130021139758,0.0,0.00000004,"btc,ltc",196403631.46481523,0.64304927,8.452818624993391,33
1,[],12,[],2019-03-01 07:33:11,17080239.0,0.00000004,0.00000000000153124,6817141,2019-03-01 07:33:11,btc,35630710.94193809,0.0,0.00000004,btc,90551041.47158708,0.001403195084915,0.54894666,33
1,[],4,[],2019-03-01 07:33:11,118730811.13262756,0.00000001,0.00000000000038281,6817142,2019-03-01 07:33:11,btc,4.034490960038147,0.0,0.00000001,btc,101865297.40916172,0.04836365,1.1873081113262756,34
1,[],5,[],2019-03-01 07:33:12,0.0,0,0,6817143,2019-03-01 07:33:12,btc,0.0,0.12320244,0,btc,0.0,0.0,0.0,34
0.0000000001203104,[],4,[],2019-03-01 07:33:13,2493515127.5842943,2.406208e-18,9.2112048448e-23,6817144,2019-03-01 07:33:13,ltc,4.759090488266767e-08,0.0,0.00000002,ltc,5616530316.901298,0.0,4.1121776712389634e-09,36
1,[],5,[],2019-03-01 07:33:15,0.0,0,0,6817145,2019-03-01 07:33:15,btc,0.0,0.0,0,btc,0.0,0.0,0.0,36
0,[],17,[],2019-03-01 07:33:17,0.0,0,0,6817146,2019-03-01 07:33:17,btc,0.07464582821759042,0.0,0,btc,4105386.20243647,0.0,0.0,36
0.0000000003550473,[],27,[],2019-03-01 07:33:19,1000000.0,3.550473e-18,1.3591565691299999e-22,6817147,2019-03-01 07:33:19,eth,222.5997971062634,0.0,0.00000001,"ltc,eth",11163566.48751039,0.0,1.207798738e-12,36
1,[],4,[],2019-03-01 07:33:20,271596.41964262,0.00000061,0.00000000002335141,6817148,2019-03-01 07:33:20,btc,19772.498442843615,0.0,0.00000061,btc,570353.39849556,0.00883569,0.1271379467599123,37
1,[],12,[],2019-03-01 07:33:21,523862.0312553,0.00000063,0.00000000002411703,6817149,2019-03-01 07:33:21,btc,1345.9453805852347,0.0,0.00000063,btc,1063025.1829542,0.1679022032700309,0.1438692300000012,37
1,[],27,[],2019-03-01 07:33:23,14685.567,0.00000045,0.00000000001722645,6817150,2019-03-01 07:33:23,btc,25.82160105111233,0.0,0.00000045,btc,6804.86438508,0.0,0.00480032515,37
1,[],17,[],2019-03-01 06:22:12,1752.74075282,0.00000025,0.000000000009563724999999999,6816718,2019-03-01 06:22:12,btc,0.055484923777095005,0.0,0.00000025,btc,1319.19918473,0.0,0.00043818518820499993,37
1,[],5,[],2019-03-01 07:33:25,0.0,0,0,6817151,2019-03-01 07:33:25,btc,0.0,0.0573912,0,btc,0.0,0.0,0.0,42
1,[],12,[],2019-03-01 07:33:26,253856.56994226,0.00000099,0.00000000003789819,6817152,2019-03-01 07:33:26,btc,94.68545909311855,0.0,0.00000099,btc,99003.86753291,0.0654119038436939,0.0597348477094424,42
0.0000000003550473,[],27,[],2019-03-01 07:33:29,2000.0,3.550473e-18,1.3591565691299999e-22,6817153,2019-03-01 07:33:29,eth,0.00315028,0.0,0.00000001,"btc,eth",11.007,0.0,7.1009459999999995e-15,42
0,[],17,[],2019-03-01 06:43:35,0.0,0,0,6816833,2019-03-01 06:43:35,btc,0.0,0.0,0,btc,0.0,0.0,0.0,43
1,[],5,[],2019-03-01 07:33:31,0.0,0,0,6817154,2019-03-01 07:33:31,btc,0.0,0.11011863,0,btc,0.0,0.0,0.0,43
1,[],12,[],2019-03-01 07:33:32,1079271.0,0.00000001,0.00000000000038281,6817155,2019-03-01 07:33:32,btc,3569.6294398386112,0.0,0.00000001,btc,12100869.77662336,2.057942058e-06,0.01079271,43
1,[],12,[],2019-03-01 07:33:44,682462.0,0.00000005,0.00000000000191405,6817156,2019-03-01 07:33:44,btc,11116042.727856407,0.0,0.00000005,btc,1102952.40161834,6e-07,0.01625956,44
1,[],4,[],2019-03-01 07:33:44,290685695.5103865,0.00000002,0.00000000000076562,6817157,2019-03-01 07:33:44,btc,473.58425505980375,0.0,0.00000002,"btc,ltc",12093553.90365541,0.00011437,0.19751143868316995,49
0.0000000001203104,[],4,[],2019-03-01 07:33:46,167185258.31692627,1.203104e-18,4.6056024224e-23,6817158,2019-03-01 07:33:46,ltc,25.56813391760514,0.0,0.00000001,ltc,10247137716.60818,0.0,2.0114125302212725e-10,52
0.0000000001239392,[],22,[],2019-03-01 07:34:28,80845862.0,1.239392e-18,4.7445165151999997e-23,6817159,2019-03-01 07:34:28,XMR,4366.96996713,0.0,0.00000001,XMR,255350310.67882353,0.0,0.80845862,57
0.0000000003550473,[],27,[],2019-03-01 07:34:31,2000.0,3.550473e-18,1.3591565691299999e-22,6817160,2019-03-01 07:34:31,eth,0.0,0.0,0.00000001,"btc,eth",0.0,0.0,7.1009459999999995e-15,57
0.0000000001203104,[],4,[],2019-03-01 07:34:32,1147829523.5194829,4.812416e-18,1.84224096896e-22,6817161,2019-03-01 07:34:32,ltc,18.80718475182287,0.0,0.00000004,ltc,3900570703.1800942,0.00026681,3.162829615640699e-09,58
1,[],12,[],2019-03-01 07:34:33,1618394538.843957,0.0000000004,0.0000000000000153124,6817162,2019-03-01 07:34:33,btc,224005480238.07794,0.0,0.0000000004,btc,3778436044.3672786,0.00127306656195301,0.5225036198011391,58
0,[],17,[],2019-03-01 07:34:44,0.0,0,0,6817163,2019-03-01 07:34:44,btc,1e+24,0.0,0,btc,49226522.0897055,0.0,0.0,58
0.0000000001239392,[],22,[],2019-03-01 07:35:39,137438.0,1.239392e-18,4.7445165151999997e-23,6817164,2019-03-01 07:35:39,XMR,69.8835922,0.0,0.00000001,XMR,9887963.0,0.0,0.00137438,58
1,[],5,[],2019-03-01 07:35:44,0.0,0,0,6817165,2019-03-01 07:35:44,btc,0.0,0.00699053,0,btc,0.0,0.0,0.0,61
1,[],22,[],2019-03-01 07:36:25,13788.5,0.00000012,0.00000000000459372,6817166,2019-03-01 07:36:25,BTC,1002.29597012,0.0,0.00000012,BTC,14947.700278135757,0.0,0.00155365,61
1,[],26,[],2019-03-01 07:36:25,0.0,0.00000800,0.000000000306248,6817167,2019-03-01 07:36:25,btc,0.0,0.0,0.00000800,btc,0.0,0.0,0.0,61
1,[],27,[],2019-03-01 07:36:27,2360.118,0.00000045,0.00000000001722645,6817168,2019-03-01 07:36:27,btc,7.76205105961638,0.0,0.00000045,"btc,eth",20757.11257617,0.0,0.00019959750339112182,61
1,[],28,[],2019-03-01 07:36:29,13880.304,0.0000005,0.0000000000191405,6817169,2019-03-01 07:36:29,btc,2.056312978300105,695.0,0.0000005,btc,9730.59500005,0.0,0.00566391304,61
1,[],4,[],2019-03-01 07:36:31,1482230.62071203,0.00000281,0.00000000010756961,6817170,2019-03-01 07:36:31,btc,11.232559479685836,0.0,0.00000281,btc,794519.66570866,0.04811228,1.5399026569773828,67
0.0,[],25,[],2019-03-01 07:36:32,0.0,0,0,6817171,2019-03-01 07:36:32,,0.0,0.0,0.0,btc,0.0,0.0,0.0,67
1,[],12,[],2019-03-01 07:36:34,1645456.87146449,0.00000021,0.00000000000803901,6817172,2019-03-01 07:36:34,btc,11115998.999382414,0.0,0.00000021,btc,2174331.81088909,0.0057501967370332,0.0594025164411107,71
,[],5,[],2018-11-20 23:02:39,1.5e-07,0.00000005,0.000000000002128045,4862160,2018-11-20 23:02:39,btc,2.84511358,0.0,,btc,0.00036572,0.0,0.07381892,74
1,[],5,[],2019-03-01 07:36:35,0.0,0,0,6817173,2019-03-01 07:36:35,btc,0.0,0.00020977,0,btc,0.0,0.0,0.0,75
1,[],4,[],2019-03-01 07:36:36,16180270.251575,0.00000001,0.00000000000038281,6817174,2019-03-01 07:36:36,btc,11388.6318068588,0.0,0.00000001,btc,34456445.8995017,0.0,0.16180270251575,81
0,[],20,[],2019-01-25 09:30:31,0.0,0,0,6495923,2019-01-25 09:30:31,btc,0.0,0.0,0,btc,0.0,0.0,0.0,81
1,[],4,[],2019-03-01 07:36:38,28650.24227121,0.00007536,0.00000000288485616,6817175,2019-03-01 07:36:38,btc,17.732228983214338,0.0,0.00007536,btc,12478.21269938,0.01749695,0.1364567600796789,82
1,[],21,[],2019-03-01 07:36:39,30491.46774305,0.00007300999999999999384801135927,0.0000000027948958099999997,6817176,2019-03-01 07:36:39,btc,2.1108880527196914,2209.62955204,0.000073009999999999993848011359265370856519439257681369781494140625,btc,23159.01244057,0.16211337,1.359364464333533,82
0,[],17,[],2019-03-01 07:36:51,0.0,0,0,6817177,2019-03-01 07:36:51,btc,0.0447233088476774,0.0,0,btc,999127.19588126,0.0,0.0,84
0.0000000001203104,[],4,[],2019-03-01 07:36:52,121829570.012268,3.609312e-18,1.38168072672e-22,6817178,2019-03-01 07:36:52,ltc,1.7828321832623732,0.0,0.00000003,ltc,398859001.8016317,0.0,2.4970059610918017e-10,85
,[],22,[],2018-11-20 23:09:34,3408.1,0.0000001,0.0000000000041895,4862324,2018-11-20 23:09:34,BTC,0.04624735,0.0,,BTC,4990.0,0.0,0.00033081,86
0,[],22,[],2019-02-22 12:52:35,0.0,0,0,6758847,2019-02-22 12:52:35,,2.0760781,0.0,0,,140622.94736842104,0.0,0.0,87
0,[],27,[],2019-02-22 12:52:37,0.0,0,0,6758848,2019-02-22 12:52:37,,0.0,0.0,0,btc,0.0,0.0,0.0,87
,[],2,[],2018-11-20 23:10:47,0.0,0,0,4862359,2018-11-20 23:10:47,,0.0,0.0,,,0.0,0.0,0.0,88
1,[],11,[],2019-03-01 07:36:55,91498.77867928,0.00014013999999999999655948823562567895351094193756580352783203125,0.00000000536469934,6817179,2019-03-01 07:36:55,btc,609.3330212325966,1476.56297642,0.00014013999999999999655948823562567895351094193756580352783203125,btc,96694.75343641,0.0,6.0226192540060035,89
0,[],17,[],2019-03-01 07:16:21,0.0,0,0,6817050,2019-03-01 07:16:21,btc,0.0,0.0,0,btc,0.0,0.0,0.0,91
0,[],2,[],2019-01-20 23:31:45,0.0,0,0,6477083,2019-01-20 23:31:45,,0.0,0.0,0,,0.0,0.0,0.0,91
1,[],12,[],2019-03-01 07:36:56,465989.39068710996,0.0000015000000000000000380012861456169304119612206704914569854736328125,0.0000000000574215,6817180,2019-03-01 07:36:56,btc,4.361406729491633,0.0,0.0000015000000000000000380012861456169304119612206704914569854736328125,btc,59997.60192172,1.8761606004e-05,0.0786829519938166,91
0,[],22,[],2019-03-01 07:37:32,0.0,0,0,6817181,2019-03-01 07:37:32,,3e-06,0.0,0,,1.0,0.0,0.0,91
0.0000000001203104,[],22,[],2019-03-01 07:39:20,1520600.0,7.218624e-18,2.76336145344e-22,6817182,2019-03-01 07:39:20,LTC,8.53161599,0.0,0.00000006,LTC,71994962.1,0.0,0.091236,95
0,[],17,[],2019-03-01 06:47:12,0.0,0,0,6816863,2019-03-01 06:47:12,btc,0.0,0.0,0,btc,0.0,0.0,0.0,96
0.0000000001203104,[],4,[],2019-03-01 07:39:21,647047615.8538733,7.4592448e-17,2.855473501888e-21,6817183,2019-03-01 07:39:21,ltc,11.885879531472298,0.0,0.00000062,ltc,136634025.5430487,0.0,1.903570001487631e-09,96
0,[],12,[],2019-03-01 07:39:23,0.0,0,0,6817184,2019-03-01 07:39:23,btc,255079.4668798279,0.0,0,btc,8740691.94636337,0.0023627672327673,0.0,96
1,[],4,[],2019-03-01 07:39:35,1352186.92369522,0.00000029,0.00000000001110149,6817185,2019-03-01 07:39:35,btc,2.84656938696426,0.0,0.00000029,btc,2360810.05983309,0.00568526,0.0983291769371138,99
0,[],2,[],2019-01-20 23:23:55,0.0,0,0,6476914,2019-01-20 23:23:55,,0.0,0.0,0,,0.0,0.0,0.0,100
1,[],4,[],2019-03-01 07:39:36,341715.75369064,0.00004276,0.00000000163689556,6817186,2019-03-01 07:39:36,btc,12.310372192828817,0.0,0.00004276,btc,171913.05465856,2.98383248,2.616815254119312,100
1,[],22,[],2019-03-01 07:40:16,50000.0,0.00000001,0.00000000000038281,6817187,2019-03-01 07:40:16,BTC,23.49896609,0.0,0.00000001,BTC,10277.22,0.0,0.0005,101
1,[],4,[],2019-03-01 07:40:17,485424.47418486,0.00000087,0.00000000003330447,6817188,2019-03-01 07:40:17,btc,256.3008435066461,0.0,0.00000087,btc,490332.77154567,0.0078567,0.2508111097865095,103
1,[],12,[],2019-03-01 07:40:19,69361180.9,0.00000001,0.00000000000038281,6817189,2019-03-01 07:40:19,btc,137278952.43823978,0.0,0.00000001,btc,126241043.38341384,0.00944466450549471,0.275438629,105
1,[],27,[],2019-03-01 07:40:21,462856.89,0.00000001,0.00000000000038281,6817190,2019-03-01 07:40:21,btc,36.58422120075966,0.0,0.00000001,btc,531915.56793212,0.0,0.0046285689,105
1,[],22,[],2019-03-01 07:41:09,9328.0,0.00000001,0.00000000000038281,6817191,2019-03-01 07:41:09,BTC,51.10837004,0.0,0.00000001,BTC,470435.0,0.0,9.328e-05,107
1,[],26,[],2019-03-01 07:41:09,0.0,0.00000000,0,6817192,2019-03-01 07:41:09,btc,0.0,0.0,0.00000000,btc,0.0,0.0,0.0,107
1,[],5,[],2019-03-01 07:41:10,0.0,0,0,6817193,2019-03-01 07:41:10,btc,0.0,0.10002853,0,btc,0.0,0.0,0.0,112
1,[],22,[],2019-03-01 07:41:46,1966.0,0.00000001,0.00000000000038281,6817194,2019-03-01 07:41:46,BTC,2.81183288,0.0,0.00000001,BTC,808524.0833333334,0.0,1.966e-05,112
0.0000000003550473,[],27,[],2019-03-01 07:41:49,2000.0,3.550473e-18,1.3591565691299999e-22,6817195,2019-03-01 07:41:49,eth,1.35132491849924,0.0,0.00000001,"btc,eth",1328.641654,0.0,7.1009459999999995e-15,112
1,[],4,[],2019-03-01 07:41:50,1072432.11140341,0.00000244,0.00000000009340564,6817196,2019-03-01 07:41:50,btc,85.08204366040887,0.0,0.00000244,btc,323777.93151143,0.17877346,0.8304635713788598,113
1,[],5,[],2019-03-01 07:41:52,0.0,0,0,6817197,2019-03-01 07:41:52,btc,0.0,0.01971054,0,btc,0.0,0.0,0.0,113
1,[],17,[],2019-03-01 07:42:06,152738.278,0.00000004,0.00000000000153124,6817198,2019-03-01 07:42:06,btc,1.33680302678,0.0,0.00000004,btc,50696.221,0.0,0.0022095311199999998,116
0,[],27,[],2019-03-01 07:42:09,0.0,0,0,6817199,2019-03-01 07:42:09,,0.0,0.0,0,btc,0.0,0.0,0.0,116
1,[],4,[],2019-03-01 07:42:10,110399.84490584,0.00002851,0.00000000109139131,6817200,2019-03-01 07:42:10,btc,28.37403053467307,0.0,0.00002851,btc,50876.34102151,8.16511742,1.6021206009824924,120
1,[],7,[],2019-03-01 07:42:11,21463.06198653,0.000016120000000000001515176872857182388543151319026947021484375,0.0000000006170897200000001,6817201,2019-03-01 07:42:11,btc,115647.69770559459,465.70650007,0.000016120000000000001515176872857182388543151319026947021484375,btc,56099.14806546,0.0128911,0.0569329315504632,120
1,[],20,[],2019-03-01 07:42:15,1488671.4309,0.000000039,0.000000000001492959,6817202,2019-03-01 07:42:15,btc,32.2920319419844,5609.9,0.000000039,btc,949484.1857,0.0002350657806,0.0097762784056,125
1,[],22,[],2019-03-01 07:42:45,3053.0,0.00000001,0.00000000000038281,6817203,2019-03-01 07:42:45,BTC,0.01444887,0.0,0.00000001,BTC,296263.5111111111,0.0,3.053e-05,126
0,[],2,[],2019-01-20 23:25:46,0.0,0,0,6476969,2019-01-20 23:25:46,,0.0,0.0,0,,0.0,0.0,0.0,131
1,[],4,[],2019-03-01 07:42:46,2661691.99800708,0.00001314,0.00000000050301234,6817204,2019-03-01 07:42:46,btc,6.410342520415117,0.0,0.00001314,btc,121857.07160695,0.43937454,0.4246759891553067,131
0,[],17,[],2019-03-01 07:42:48,0.0,0,0,6817205,2019-03-01 07:42:48,btc,0.0009561751951600001,0.0,0,btc,35.42829368,0.0,0.0,131
1,[],4,[],2019-03-01 07:42:49,4555.78610398,0.00016001,0.00000000612534281,6817206,2019-03-01 07:42:49,btc,1.6201345793482491,0.0,0.00016001,btc,238.12730989,0.0,0.0082138372017141,135
1,[],3,[],2019-03-01 00:42:21,1024913.8877684299,0.00000004,0.000000000001529156,6814825,2019-03-01 00:42:21,btc,0.6351930129087457,0.0,0.00000004,btc,2364505.75112032,0.0,0.033059678173701895,136
1,[],4,[],2019-03-01 07:42:50,269098.40116797,0.00000165,0.00000000006316365,6817207,2019-03-01 07:42:50,btc,38.97644152122902,0.0,0.00000165,btc,581888.40392234,0.01148473,0.0852131109030762,137
1,[],12,[],2019-03-01 07:42:52,322470.63362077,0.00000172999999999999995347796898081949024117420776747167110443115234375,0.00000000006622613,6817208,2019-03-01 07:42:52,btc,11807.602111703887,0.0,0.00000172999999999999995347796898081949024117420776747167110443115234375,btc,125501.09394387,0.0036790602025037,0.0678435201641475,137
1,[],17,[],2019-03-01 07:20:13,22967.386363640002,0.00000088,0.000000000033668624000000006,6817072,2019-03-01 07:20:13,btc,20.0699133484,0.0,0.00000088,btc,405.079105,0.0,0.0104613000000032,142
1,[],4,[],2019-03-01 07:42:54,98249.37172449,0.00002701,0.00000000103396981,6817209,2019-03-01 07:42:54,btc,28.67043617421174,0.0,0.00002701,btc,39721.0565575,0.14838886,0.3338648322046038,142
1,[],5,[],2019-03-01 07:42:55,0.0,0,0,6817210,2019-03-01 07:42:55,btc,0.0,0.25618022,0,btc,0.0,0.0,0.0,142
1,[],20,[],2019-03-01 07:43:08,133992.8754,0.00002552,0.00000000097693112,6817211,2019-03-01 07:43:08,btc,0.2958179848109,0.0,0.00002552,btc,1211.4375,0.0,0.2522291248407,142
1,[],22,[],2019-03-01 07:43:50,1685.8988921568628,0.00004000,0.00000000153124,6817212,2019-03-01 07:43:50,BTC,3.00385504,0.0,0.00004000,BTC,891.218,0.0,0.00174536,142
0.0,[],25,[],2019-03-01 07:43:52,0.0,0,0,6817213,2019-03-01 07:43:52,,0.0,0.0,0.0,btc,0.0,0.0,0.0,142
1,[],28,[],2019-03-01 07:43:55,76600.0,0.00004400,0.000000001684364,6817214,2019-03-01 07:43:55,btc,0.0639742472,397.0,0.00004400,btc,500.6113,0.0,0.0261072,142
0,[],22,[],2019-03-01 07:45:29,0.0,0,0,6817215,2019-03-01 07:45:29,,60.72280694,0.0,0,,696341446.3,0.0,0.0,143
0,[],22,[],2019-02-25 15:42:22,0.0,0,0,6783783,2019-02-25 15:42:22,,4.2131946,0.0,0,,2322156.0,0.0,0.0,146
,[],22,[],2018-11-20 23:01:11,0.0,0,0,4862114,2018-11-20 23:01:11,,2.56807021,0.0,,,61828.4988236,0.0,0.0,147
1,[],12,[],2019-03-01 07:45:30,218123.12732919,0.00000250000000000000020450763478507827386465578456409275531768798828125,0.00000000009570250000000001,6817216,2019-03-01 07:45:30,btc,16.614089708526308,0.0,0.00000250000000000000020450763478507827386465578456409275531768798828125,btc,117097.25034917,0.0002208916083837,0.0247527799999959,148
1,[],4,[],2019-03-01 07:45:31,245964.57263514,0.00000032,0.00000000001224992,6817217,2019-03-01 07:45:31,btc,219.96754745565943,0.0,0.00000032,btc,800822.7951546,0.00038709,0.058333876572871,152
0,[],22,[],2019-03-01 07:45:45,0.0,0,0,6817218,2019-03-01 07:45:45,,0.0,0.0,0,,0.0,0.0,0.0,152
1,[],5,[],2019-03-01 07:45:46,0.0,0,0,6817219,2019-03-01 07:45:46,btc,0.0,0.0,0,btc,0.0,0.0,0.0,153
,[],16,[],2019-01-11 15:38:59,0.0,0,0,6366141,2019-01-11 15:38:59,btc,0.0,0.0,,btc,0.0,0.0,0.0,155
0,[],23,[],2019-01-20 23:24:29,0.0,0,0,6476932,2019-01-20 23:24:29,,0.0,0.0,0,,0.0,0.0,0.0,156
0,[],22,[],2019-03-01 07:46:23,0.0,0,0,6817220,2019-03-01 07:46:23,,6.74608751,0.0,0,,4644392.242592593,0.0,0.0,156
1,[],22,[],2019-03-01 07:47:12,7073.8,0.00005300,0.000000002028893,6817221,2019-03-01 07:47:12,BTC,1.80343699,0.0,0.00005300,BTC,899.6422341958436,0.0,0.00104336,157
0,[],22,[],2019-03-01 07:49:39,0.0,0,0,6817222,2019-03-01 07:49:39,,0.0,0.0,0,,0.0,0.0,0.0,158
,[],17,[],2018-11-20 22:56:10,0.0,0,0,4861976,2018-11-20 22:56:10,btc,1.1265625,0.0,,btc,1000.0,0.0,0.0,159
,[],20,[],2018-11-20 22:56:12,0.0,0,0,4861977,2018-11-20 22:56:12,btc,11912.7940471,0.0,,btc,34413894.3617,0.0,0.0,159
1,[],12,[],2019-03-01 07:49:40,182111.67475205,0.000007220000000000000329731901504981550488082575611770153045654296875,0.00000000027638882000000003,6817223,2019-03-01 07:49:40,btc,6.643501278446935,0.0,0.000007220000000000000329731901504981550488082575611770153045654296875,btc,13786.68413222,0.0085478517971432,0.0952106912770918,168
1,[],17,[],2019-03-01 07:49:52,29784.95,0.000001,0.000000000038281,6817224,2019-03-01 07:49:52,btc,0.03026736251542,0.0,0.000001,btc,144.46171372,0.0,0.00716147,168
0,[],22,[],2019-03-01 07:50:18,0.0,0,0,6817225,2019-03-01 07:50:18,,1.1341504,0.0,0,,539283.174707144,0.0,0.0,169
1,[],22,[],2019-03-01 07:52:59,0.0,0.00000002,0.00000000000076562,6817226,2019-03-01 07:52:59,BTC,2.25,0.0,0.00000002,BTC,300.0,0.0,0.0,171
1,[],22,[],2019-03-01 07:53:38,1404714.0,0.00000003,0.00000000000114843,6817227,2019-03-01 07:53:38,BTC,2.1976194,0.0,0.00000003,BTC,242703.64055692567,0.0,0.02490464,173
1,[],5,[],2019-03-01 07:53:40,0.0,0,0,6817228,2019-03-01 07:53:40,btc,0.0,0.00026094,0,btc,0.0,0.0,0.0,175
1,[],22,[],2019-03-01 07:54:08,45904.0,0.0000003,0.0000000000114843,6817229,2019-03-01 07:54:08,BTC,0.52955903,0.0,0.0000003,BTC,143368.41384013777,0.0,0.0052148,176
0,[],2,[],2019-01-20 23:28:34,0.0,0,0,6477001,2019-01-20 23:28:34,,0.0,0.0,0,,0.0,0.0,0.0,178
1,[],7,[],2019-03-01 07:54:10,0.0,0,0,6817230,2019-03-01 07:54:10,btc,410932.5273358376,0.0,0,btc,117801559.31901672,0.0,0.0,178
0,[],22,[],2019-03-01 07:54:40,0.0,0,0,6817231,2019-03-01 07:54:40,,1.00242428,0.0,0,,57512.0,0.0,0.0,178
0,[],23,[],2019-01-20 23:25:08,0.0,0,0,6476952,2019-01-20 23:25:08,,0.0,0.0,0,,0.0,0.0,0.0,179
1,[],5,[],2019-03-01 07:54:41,0.0,0,0,6817232,2019-03-01 07:54:41,btc,0.0,0.18178102,0,btc,0.0,0.0,0.0,179
1,[],22,[],2019-03-01 07:55:37,6949180.5,0.00000002,0.00000000000076562,6817233,2019-03-01 07:55:37,BTC,5.63117792,0.0,0.00000002,"BTC,LTC",17085963.756535422,0.00025007,0.37392433,179
1,[],22,[],2019-03-01 06:57:29,144605.4,0.0000008,0.00000000003060832,6816912,2019-03-01 06:57:29,BTC,0.23429477,0.0,0.0000008,"BTC,LTC",79532.6274345668,0.00509801,0.00810544,180
1,[],26,[],2019-03-01 06:57:29,0.0,0.00000160,0.00000000006121664,6816913,2019-03-01 06:57:29,btc,0.0,0.0,0.00000160,btc,0.0,0.0,0.0,180
1,[],17,[],2019-03-01 07:55:49,10504.725,0.0000001,0.0000000000038281,6817234,2019-03-01 07:55:49,btc,5.2010695838170005,0.0,0.0000001,btc,4994.45945,0.0,0.0010504725,180
,[],7,[],2018-11-20 22:58:01,562227.975654,0.00000085,0.000000000036176765,4862015,2018-11-20 22:58:01,btc,21836.6059674,2491.87645172,,btc,749999.041456,0.00211021,0.127565380455,183
,[],5,[],2019-01-10 08:11:41,0.0,0,0,6347036,2019-01-10 08:11:41,btc,82.15055501,0.00261,,btc,1.19002445,0.0,0.0,187
,[],17,[],2018-11-16 20:58:10,4062536.27273,0.00000001,0.000000000000550501,4708775,2018-11-16 20:58:10,btc,3.36492563466,0.195460381006,,"btc,eth",110697919.549,0.0,0.0157628953496,187
1,[],24,[],2019-03-01 07:56:23,0.0,0.000000000001,3.8281e-17,6817237,2019-03-01 07:56:23,btc,0.0,0.0,0.000000000001,btc,0.0,0.0,0.0,187
0,[],22,[],2019-02-27 04:05:17,0.0,0,0,6799309,2019-02-27 04:05:17,,1.19374396,0.0,0,,16308.869534405507,0.0,0.0,191
0,[],22,[],2019-03-01 00:51:27,0.0,0,0,6814858,2019-03-01 00:51:27,,0.0,0.0,0,,0.0,0.0,0.0,197
0,[],23,[],2019-01-20 23:31:41,0.0,0,0,6477079,2019-01-20 23:31:41,,0.0,0.0,0,,0.0,0.0,0.0,199
0,[],22,[],2019-03-01 06:57:54,0.0,0,0,6816915,2019-03-01 06:57:54,,5.19477622,0.0,0,,21058553.0,0.0,0.0,199
1,[],26,[],2019-03-01 06:57:54,0.0,0.00000000,0,6816916,2019-03-01 06:57:54,btc,0.0,0.0,0.00000000,btc,0.0,0.0,0.0,199
0,[],17,[],2019-01-30 16:32:01,0.0,0,0,6540827,2019-01-30 16:32:01,btc,6.802544163788159,0.0,0,btc,105897.55575295,0.0,0.0,200
0,[],2,[],2019-01-20 23:30:49,0.0,0,0,6477059,2019-01-20 23:30:49,,0.0,0.0,0,,0.0,0.0,0.0,201
1,[],4,[],2019-01-25 15:51:35,2084389.58565343,0.00000936,0.000000000333526752,6499557,2019-01-25 15:51:35,btc,2.0092503037378524,0.0,0.00000936,btc,160195.80207885,0.19272417,1.242687955921835,211
1,[],7,[],2019-03-01 06:57:57,2714620.2242142297,0.00000137999999999999991637657063836552850943917292170226573944091796875,0.000000000052799351999999995,6816917,2019-03-01 06:57:57,btc,15476835.05448192,1680088.92442,0.00000137999999999999991637657063836552850943917292170226573944091796875,btc,12235207.34525419,0.0,2.8211424609170472,212
1,[],12,[],2019-01-25 02:44:32,207462.42853209,0.000001080000000000000035831255497387193287295303889550268650054931640625,0.000000000038610756000000006,6493050,2019-01-25 02:44:32,btc,85023.03793723314,0.0,0.000001080000000000000035831255497387193287295303889550268650054931640625,btc,43675.73520027,0.000146250909087,0.0348620860622024,213
1,[],5,[],2019-03-01 06:57:59,0.0,0,0,6816918,2019-03-01 06:57:59,btc,0.0,0.23236089,0,btc,0.0,0.0,0.0,213
1,[],24,[],2019-03-01 06:57:59,0.0,0.000000110000,0.000000000004208644,6816919,2019-03-01 06:57:59,btc,0.0,0.0,0.000000110000,btc,0.0,0.0,0.0,213
1,[],26,[],2019-03-01 06:57:59,0.0,0.00000010,0.00000000000382604,6816920,2019-03-01 06:57:59,btc,0.0,0.0,0.00000010,btc,0.0,0.0,0.0,213
1,[],22,[],2019-03-01 06:58:55,29544.0,0.00000002,0.000000000000765208,6816921,2019-03-01 06:58:55,BTC,2.22730776,0.0,0.00000002,BTC,474814.3963726171,0.00168636,0.00030003,216
1,[],27,[],2019-03-01 07:00:56,1183602.0,0.00000003,0.000000000001147812,6816922,2019-03-01 07:00:56,btc,1.0474907271,0.0,0.00000003,btc,214000.775,0.0,0.03377204,216
1,[],22,[],2019-03-01 07:01:28,219258.2070459645,0.00000212,0.000000000081112048,6816923,2019-03-01 07:01:28,BTC,12673.42442997,0.0,0.00000212,BTC,379134.550184714,0.03509214,0.29163717,217
1,[],7,[],2019-03-01 07:01:29,0.0,0,0,6816924,2019-03-01 07:01:29,btc,77969.77488735563,0.0,0,btc,137043486.5550253,0.0,0.0,219
0,[],27,[],2019-03-01 07:01:31,0.0,0,0,6816925,2019-03-01 07:01:31,,0.0740438339680921,0.0,0,btc,1536429.20709513,0.0,0.0,219
0.0000000000000051,[],28,[],2019-03-01 07:01:37,167533953.514,2.305047e-18,8.81920202388e-23,6816926,2019-03-01 07:01:37,doge,83967.83243907319,14278.0,0.00045197,"btc,doge",4844846.53751,0.0,8.92607691757437e-12,219
1,[],22,[],2019-03-01 07:02:28,273664.6666666667,0.00000003,0.000000000001147812,6816927,2019-03-01 07:02:28,BTC,2.94533216,0.0,0.00000003,BTC,114179.27041875875,0.00107001,0.00739664,221
1,[],24,[],2019-03-01 07:02:29,0.0,0.000000200000,0.00000000000765208,6816928,2019-03-01 07:02:29,btc,0.0,0.0,0.000000200000,btc,0.0,0.0,0.0,221
1,[],20,[],2019-03-01 07:02:31,40748456.2707,0.000000001,0.0000000000000382604,6816929,2019-03-01 07:02:31,btc,48.2358421027092,51498.1409,0.000000001,btc,13271748.7919,0.0001029962818,0.0407484562707,224
0,[],22,[],2019-03-01 07:03:06,0.0,0,0,6816930,2019-03-01 07:03:06,,0.0,0.0,0,,0.0,0.0,0.0,224
1,[],26,[],2019-03-01 07:03:07,0.0,0.00000035,0.00000000001339114,6816931,2019-03-01 07:03:07,btc,0.0,0.0,0.00000035,btc,0.0,0.0,0.0,231
1,[],26,[],2019-03-01 07:03:07,0.0,0.00000006,0.000000000002295624,6816932,2019-03-01 07:03:07,btc,0.0,0.0,0.00000006,btc,0.0,0.0,0.0,234
0.0000000003562794,[],27,[],2019-03-01 07:03:09,2000.0,3.562794e-18,1.363139235576e-22,6816933,2019-03-01 07:03:09,eth,0.0113483662182,0.0,0.00000001,"btc,eth",11462.99618,0.0,7.125588e-15,234
1,[],4,[],2019-03-01 07:03:11,1019602.74182962,0.00000077,0.000000000029460508000000003,6816934,2019-03-01 07:03:11,btc,4.49522274698962,0.0,0.00000077,btc,1205263.5950458,0.06921331,0.3249891724894548,236
1,[],24,[],2019-03-01 07:03:12,0.0,0.000000300000,0.00000000001147812,6816935,2019-03-01 07:03:12,btc,0.0,0.0,0.000000300000,btc,0.0,0.0,0.0,236
1,[],20,[],2019-03-01 07:03:14,151419820.284,0.000000062,0.0000000000023721448,6816936,2019-03-01 07:03:14,btc,10.9790841792623,15789249.5792,0.000000062,btc,44724878.1982,0.9644464686085,0.5535893758245,237
0.0000000001200152,[],22,[],2019-03-01 07:03:50,14400.0,1.200152e-17,4.5918295580800005e-22,6816937,2019-03-01 07:03:50,LTC,0.0413973,0.0,0.0000001,LTC,7239.0,0.0,0.00144,237
1,[],4,[],2019-03-01 07:03:52,7248653.66675415,0.00000033,0.000000000012625932,6816938,2019-03-01 07:03:52,btc,6.642459924897046,0.0,0.00000033,btc,9981985.73215365,0.2014885,1.5822054764027198,238
1,[],5,[],2019-03-01 07:03:54,0.0,0,0,6816939,2019-03-01 07:03:54,btc,0.0,0.0007334,0,btc,0.0,0.0,0.0,238
0,[],22,[],2019-03-01 07:04:23,0.0,0,0,6816940,2019-03-01 07:04:23,,0.41356282,0.0,0,,316008.5639027493,0.0,0.0,249
0.0000000001200152,[],22,[],2019-03-01 07:05:09,68439265.66666667,4.8006080000000004e-18,1.8367318232320001e-22,6816941,2019-03-01 07:05:09,LTC,0.44397201,0.0,0.00000004,LTC,12964244.09,1.238028197044e-11,1.753945,252
1,[],28,[],2019-03-01 07:05:17,2056410.488,0.00000027,0.000000000010330308,6816942,2019-03-01 07:05:17,btc,164725.64615711872,321747.09947072,0.00000027,btc,2333134.9654,0.0,0.3053048504,256
1,[],22,[],2019-03-01 07:05:51,1053354.0,0.00000001,0.000000000000382604,6816943,2019-03-01 07:05:51,BTC,31.47160001,0.0,0.00000001,BTC,670687.0957866946,0.0002009,0.01053354,258
1,[],22,[],2019-03-01 07:06:26,48751.0,0.00000001,0.000000000000382604,6816944,2019-03-01 07:06:26,BTC,2.4175745,0.0,0.00000001,BTC,1762.0,0.0,0.00048751,259
1,[],5,[],2019-03-01 07:06:29,0.0,0,0,6816945,2019-03-01 07:06:29,btc,0.0,0.15375978,0,btc,0.0,0.0,0.0,264
1,[],20,[],2019-03-01 07:06:31,1302217.7993,0.000002052,0.0000000000785103408,6816946,2019-03-01 07:06:31,btc,7.4534199298648,140395.4652,0.000002052,btc,103002.905,0.4635800735739,0.0205308397116,264
0,[],22,[],2019-03-01 07:07:03,0.0,0,0,6816947,2019-03-01 07:07:03,,8.33272543,0.0,0,,413548.34411321935,0.0,0.0,271
0,[],22,[],2019-03-01 07:07:30,0.0,0,0,6816948,2019-03-01 07:07:30,,271.16935057,0.0,0,,14411474420.692,0.0,0.0,272
0.0000000000000051,[],28,[],2019-03-01 07:07:37,230323555380.905,4.794e-21,1.834203576e-25,6816949,2019-03-01 07:07:37,doge,35427097.08568848,107967579288.9669,0.00000094,doge,188135251761.0366,0.0,6.508739636993025e-10,272
1,[],22,[],2019-03-01 07:08:28,116360.72913043479,0.00000500,0.000000000191302,6816950,2019-03-01 07:08:28,BTC,74.20234185,0.0,0.00000500,"BTC,LTC",8368.517743939856,5.544e-05,0.05178872,281
1,[],22,[],2019-03-01 07:08:59,838814.5,0.00000002,0.000000000000765208,6816951,2019-03-01 07:08:59,BTC,1.332275,0.0,0.00000002,BTC,135600.33221218394,0.0005,0.01664417,286
0,[],22,[],2019-03-01 07:09:16,0.0,0,0,6816952,2019-03-01 07:09:16,,43635.94989914,0.0,0,,388269283.0,0.0,0.0,294
