pairValue,buyBook,exchangeId,sellBook,updated,buyTotal,satoshiPrice,usdPrice,exchangeLogId,created,bestPair,sellTotalBtc,volume,pairPrice,activePairs,sellTotal,volumeBtc,buyTotalBtc,coinId
1,[],3,[],2019-03-11 06:24:18,30538.82238758276,0.012535839999999999483382140397225157357752323150634765625,0.0000004869321402880001,6899819,2019-03-11 06:24:18,btc,61.10875199918401,0.0,0.012535839999999999483382140397225157357752323150634765625,btc,24.940154000765002,0.0,0.23186375696290967,1
1,[],4,[],2019-03-11 06:24:20,207753.12578344,0.01289365,0.00000050083062568,6899820,2019-03-11 06:24:20,btc,10.347924750489453,0.0,0.01289365,btc,356.13574024,0.54980546,1.11875483811336,1
1,[],5,[],2019-03-11 06:24:24,0.0,0,0,6899821,2019-03-11 06:24:24,btc,0.0,0.03006783,0,btc,0.0,0.0,0.0,1
1,[],10,[],2019-03-11 06:24:29,413936.51563959,0.0105278,0.00000040893344096,6899822,2019-03-11 06:24:29,btc,6521.97062876555,1109.05667398,0.0105278,btc,1079.07980442,0.0,5.166136648652647,1
1,[],12,[],2019-03-11 06:24:31,102.08449723,0.012510000000000000286437540353290387429296970367431640625,0.0000004859284320000001,6899823,2019-03-11 06:24:31,btc,0.2718833105013,0.0,0.012510000000000000286437540353290387429296970367431640625,btc,20.35625615,0.2342110058475,0.2917326498385,1
1,[],20,[],2019-03-11 06:24:34,1152.4813,0.01050023,0.000000407862533936,6899824,2019-03-11 06:24:34,btc,0.0577064822783,0.0,0.01050023,btc,2.5549,0.0,0.0960557666086,1
1,[],21,[],2019-03-11 06:24:35,1729.742306,0.01256612000000000006760814131,0.0000004881083123840001,6899825,2019-03-11 06:24:35,btc,28.950413028859987,1852.01659425,0.01256612000000000006760814130757353268563747406005859375,"btc,eth",2815.93709078,22.829237135349818,18.118650429678347,1
1,[],22,[],2019-03-11 06:24:40,0.0059712,0.01250000,0.00000048554,6899826,2019-03-11 06:24:40,BTC,0.31439419,0.0,0.01250000,BTC,0.12751438772928525,0.0,7.464e-05,1
1,[],24,[],2019-03-11 06:24:40,0.0,0.000000000000,0,6899827,2019-03-11 06:24:40,btc,0.0,0.0,0.000000000000,btc,0.0,0.0,0.0,1
0.0,[],25,[],2019-03-11 06:24:41,0.0,0,0,6899828,2019-03-11 06:24:41,btc,17.269199998645053,593.09723342,0.0,btc,1340.44097419,7.4525,0.0,1
1,[],26,[],2019-03-11 06:24:51,0.0,0,0,6899829,2019-03-11 06:24:51,,0.0,0.0,0,,0.0,0.0,0.0,1
1,[],28,[],2019-03-11 06:25:06,992.9,0.01231000,0.0000004781597920000001,6899830,2019-03-11 06:25:06,btc,0.147901439075,17806.7549,0.01231000,btc,7.9421,0.0,0.086101096,1
0,[],2,[],2019-01-20 23:28:45,0.0,0,0,6477011,2019-01-20 23:28:45,,0.0,0.0,0,,0.0,0.0,0.0,1
1,[],5,[],2019-03-11 06:25:08,0.0,0,0,6899831,2019-03-11 06:25:08,btc,0.0,0.01585957,0,btc,0.0,0.0,0.0,2
0,[],22,[],2019-03-11 06:25:10,0.0,0,0,6899832,2019-03-11 06:25:10,,0.0,0.0,0,,0.0,0.0,0.0,2
1,[],5,[],2019-03-11 06:25:12,0.0,0,0,6899833,2019-03-11 06:25:12,btc,0.0,0.0263147,0,btc,0.0,0.0,0.0,3
1,[],12,[],2019-03-11 06:25:13,1915704.8180608,0.000000177,0.0000000000068752464000000006,6899834,2019-03-11 06:25:13,btc,22810.309662683198,0.0,0.000000177,btc,1026630.1968032001,0.03642203430780891,0.2776733270431816,3
0,[],28,[],2019-03-11 06:25:24,0.0,0,0,6899835,2019-03-11 06:25:24,,0.0,0.0,0,,0.0,0.0,0.0,3
0,[],2,[],2019-01-20 23:31:32,0.0,0,0,6477077,2019-01-20 23:31:32,,0.0,0.0,0,,0.0,0.0,0.0,4
1,[],4,[],2019-03-09 19:03:36,394362.28616607,0.00000032,0.000000000012569280000000001,6889097,2019-03-09 19:03:36,btc,32.15548375957025,0.0,0.00000032,btc,707361.31512647,0.00109114,0.0476374485302292,4
1,[],12,[],2019-03-11 06:25:26,462807.0,0.00000002,0.0000000000007768640000000001,6899836,2019-03-11 06:25:26,btc,1111742.15054847,0.0,0.00000002,btc,695663.0,0.0,0.0067158800000000005,5
0,[],2,[],2019-01-20 23:31:51,0.0,0,0,6477087,2019-01-20 23:31:51,,0.0,0.0,0,,0.0,0.0,0.0,6
1,[],11,[],2019-03-11 06:25:28,4682639.79472,0.00000002,0.0000000000007768640000000001,6899837,2019-03-11 06:25:28,btc,9568.121453241885,132928.0,0.00000002,btc,42508801.853213936,0.0,0.0605917392522,6
1,[],3,[],2019-03-11 06:25:29,1103.957662265928,0.00015606999999999998803533463043180518070585094392299652099609375,0.000000006062258224,6899838,2019-03-11 06:25:29,btc,29.634085403952064,0.0,0.00015606999999999998803533463043180518070585094392299652099609375,btc,239.122414578101,0.0,0.03686898708328366,7
1,[],4,[],2019-03-11 06:25:31,98459.4389852,0.00024167,0.000000009387236144,6899839,2019-03-11 06:25:31,btc,10.19767036921212,0.0,0.00024167,btc,34138.95523568,5.69070451,6.626785317734821,7
1,[],5,[],2019-03-11 06:25:32,0.0,0,0,6899840,2019-03-11 06:25:32,btc,0.0,1.01169566,0,btc,0.0,0.0,0.0,7
1,[],20,[],2019-02-20 02:16:17,39399275.8418,0.000000001,0.0000000000000390183,6728586,2019-02-20 02:16:17,btc,116.9737569154545,525.0,0.000000001,btc,56932965.8895,5.25e-07,0.0393992758418,8
0,[],2,[],2019-01-20 23:22:42,0.0,0,0,6476876,2019-01-20 23:22:42,,0.0,0.0,0,,0.0,0.0,0.0,9
0,[],23,[],2019-01-20 23:22:48,0.0,0,0,6476878,2019-01-20 23:22:48,,0.0,0.0,0,,0.0,0.0,0.0,9
1,[],4,[],2019-03-11 06:25:35,1074093.70472401,0.00000146,0.000000000056711072,6899841,2019-03-11 06:25:35,btc,5.288671099074797,0.0,0.00000146,btc,2808182.8591651,0.99408713,0.7278054887759494,9
1,[],28,[],2019-03-11 06:25:44,37353.0,0.00000165,0.00000000006409128000000001,6899842,2019-03-11 06:25:44,btc,2708.782203270583,3489234.08,0.00000165,btc,24261.1497,0.0,0.0328195,9
1,[],1,[],2019-02-17 23:31:42,1822507.21,0.00000181000000000000003456111265232042484285557293333113193511962890625,0.000000000066086901,6701244,2019-02-17 23:31:42,btc,3.6990969245,17153386.5,0.00000181000000000000003456111265232042484285557293333113193511962890625,btc,1997391.71,31.11772986,3.2610482446,9
1,[],4,[],2019-02-17 11:22:43,4341674.27126056,0.00000002,0.0000000000007272960000000001,6696112,2019-02-17 11:22:43,btc,0.1997230937751353,0.0,0.00000002,btc,4109766.79808031,0.00215132,0.0479381022052112,10
0,[],2,[],2019-01-20 23:23:08,0.0,0,0,6476890,2019-01-20 23:23:08,,0.0,0.0,0,,0.0,0.0,0.0,12
1,[],4,[],2019-03-11 06:25:45,5579636.75021761,0.00000119,0.000000000046223408000000006,6899843,2019-03-11 06:25:45,btc,7.884739546050323,0.0,0.00000119,btc,4538389.99561732,1.0553347,3.048639337283527,12
1,[],5,[],2019-03-11 06:25:47,0.0,0,0,6899844,2019-03-11 06:25:47,btc,0.0,0.26800909,0,btc,0.0,0.0,0.0,12
0.0,[],25,[],2019-03-11 06:25:49,0.0,0,0,6899845,2019-03-11 06:25:49,,0.0,0.0,0.0,btc,0.0,0.0,0.0,12
1,[],4,[],2019-03-11 06:25:50,32045355.88776214,0.00000585,0.00000000022723272000000002,6899846,2019-03-11 06:25:50,btc,2.4485217901608416,0.0,0.00000585,btc,332672.39070235,0.67089207,1.367926881157878,13
1,[],10,[],2019-03-11 06:25:53,392802.88029982,0.00000587,0.00000000022800958400000001,6899847,2019-03-11 06:25:53,btc,666801.3084991894,9261.23290923,0.00000587,btc,714889.63156561,0.0,0.2360722140719336,13
1,[],21,[],2019-03-11 06:25:55,782424.72465895,0.000005789999999999999621524537224,0.000000000224902128,6899848,2019-03-11 06:25:55,btc,4.833997561779613,724108.04524924,0.0000057899999999999996215245372244151411678103613667190074920654296875,btc,740891.6668450501,4.36570759,4.204490805153536,13
1,[],4,[],2019-03-11 06:25:56,733562.96295595,0.00000131,0.000000000050884592000000004,6899849,2019-03-11 06:25:56,btc,6.072343331633243,0.0,0.00000131,btc,865654.40415746,0.01006057,0.1519958719144255,14
1,[],12,[],2019-03-11 06:25:58,269832.0,0.000001300000000000000047051663780439678674838432925753295421600341796875,0.000000000050496160000000006,6899850,2019-03-11 06:25:58,btc,0.10492670433133519,0.0,0.000001300000000000000047051663780439678674838432925753295421600341796875,btc,8934.3277928,6e-06,0.03003009,14
0,[],17,[],2019-03-11 06:26:00,0.0,0,0,6899851,2019-03-11 06:26:00,btc,0.0,0.0,0,btc,0.0,0.0,0.0,14
1,[],26,[],2019-03-11 06:26:00,0.0,0.00000050,0.000000000019421600000000002,6899852,2019-03-11 06:26:00,btc,0.0,0.0,0.00000050,btc,0.0,0.0,0.0,14
0,[],4,[],2019-03-11 06:26:01,0.0,0,0,6899853,2019-03-11 06:26:01,,0.0,0.0,0,,0.0,0.0,0.0,15
,[],12,[],2018-12-01 15:15:48,204241.84496,0.00000489,0.000000000202473384,5260204,2018-12-01 15:15:48,btc,49.5475654835,0.0,,btc,35763.2193806,0.0163153972027625,0.0203389899998,15
0,[],2,[],2019-01-20 23:23:38,0.0,0,0,6476906,2019-01-20 23:23:38,,0.0,0.0,0,,0.0,0.0,0.0,18
1,[],4,[],2019-03-11 06:26:03,38179.75076713,0.00001719,0.000000000667714608,6899854,2019-03-11 06:26:03,btc,4.172630079843619,0.0,0.00001719,btc,17712.66225673,0.05084268,0.1741186798537663,18
1,[],10,[],2019-03-11 06:26:05,791988.9760353,0.00001712,0.000000000664995584,6899855,2019-03-11 06:26:05,btc,15.403631394798484,1653.68935869,0.00001712,btc,13120.34629746,0.0,0.266231750530232,18
1,[],12,[],2019-03-11 06:26:07,367481.94594141,0.0000168400000000000013978922186463904608899611048400402069091796875,0.0000000006541194880000001,6899856,2019-03-11 06:26:07,btc,33214.72594863764,0.0,0.0000168400000000000013978922186463904608899611048400402069091796875,btc,757.46073379,0.0164353004174544,0.0425974252617677,18
0,[],17,[],2019-03-11 06:26:09,0.0,0,0,6899857,2019-03-11 06:26:09,btc,0.0,0.0,0,btc,0.0,0.0,0.0,18
0,[],2,[],2019-01-20 23:24:19,0.0,0,0,6476924,2019-01-20 23:24:19,,0.0,0.0,0,,0.0,0.0,0.0,19
1,[],3,[],2019-03-11 06:26:09,117265.71156546578,0.00001821000000000000013946309385115540635524666868150234222412109375,0.0000000007073346720000001,6899858,2019-03-11 06:26:09,btc,0.5175964884863844,0.0,0.00001821000000000000013946309385115540635524666868150234222412109375,btc,9394.208834904759,0.0,0.015544745898759876,19
1,[],4,[],2019-03-11 06:26:10,239450.04174505,0.00002021,0.000000000785021072,6899859,2019-03-11 06:26:10,btc,2.9508257185906777,0.0,0.00002021,btc,89501.87309077,0.40634969,2.5509520261100618,19
1,[],5,[],2019-03-11 06:26:12,0.0,0,0,6899860,2019-03-11 06:26:12,btc,0.0,0.0,0,btc,0.0,0.0,0.0,19
1,[],12,[],2019-03-11 06:26:13,231949.02161404,0.00001662999999999999832631276952543686320495908148586750030517578125,0.000000000645962416,6899861,2019-03-11 06:26:13,btc,0.1902658635542926,0.0,0.00001662999999999999832631276952543686320495908148586750030517578125,btc,363.56600524,8.47152848e-05,0.0317075899998612,19
0,[],27,[],2019-03-11 06:26:15,0.0,0,0,6899862,2019-03-11 06:26:15,,0.0,0.0,0,btc,0.0,0.0,0.0,19
1,[],4,[],2019-03-11 06:26:16,2768884.31543344,0.00000012,0.000000000004661184,6899863,2019-03-11 06:26:16,btc,7.383042289760813,0.0,0.00000012,btc,2876583.25385408,0.00047882,0.0766387845231281,20
1,[],4,[],2019-03-11 06:26:17,103616191.22647026,0.00000002,0.0000000000007768640000000001,6899864,2019-03-11 06:26:17,btc,1858.133179109871,0.0,0.00000002,btc,54105420.3328267,0.00399204,1.1590642676500456,21
1,[],12,[],2019-03-11 06:26:19,1409508.0,0.00000001,0.00000000000038843200000000004,6899865,2019-03-11 06:26:19,btc,1247.52230269002,0.0,0.00000001,btc,2699011.000999,0.0004999795204796,0.014095080000000001,21
0,[],17,[],2019-03-11 05:28:49,0.0,0,0,6899666,2019-03-11 05:28:49,btc,0.0,0.0,0,btc,0.0,0.0,0.0,21
1,[],12,[],2019-03-11 06:26:20,2437792830.0,0.0000000001,0.000000000000003884320000000001,6899866,2019-03-11 06:26:20,btc,1933667.3246490196,0.0,0.0000000001,btc,1678057180.1112778,0.002032949386113892,0.243779283,23
0,[],27,[],2019-03-11 06:26:22,0.0,0,0,6899867,2019-03-11 06:26:22,,13.821146136593411,0.0,0,eth,4599354.35514486,0.0,0.0,23
1,[],4,[],2019-03-11 06:26:24,574545.59347452,0.00000044,0.000000000017091008,6899868,2019-03-11 06:26:24,btc,9.639131889949619,0.0,0.00000044,btc,1623725.61204122,0.01345783,0.1498253084165938,24
1,[],22,[],2019-03-11 06:26:27,11.76,0.00000100,0.000000000038843200000000004,6899869,2019-03-11 06:26:27,BTC,7.415e-05,0.0,0.00000100,BTC,23.919354838709676,0.0,1.176e-05,24
0.0,[],25,[],2019-03-11 06:26:29,0.0,0,0,6899870,2019-03-11 06:26:29,,0.0,0.0,0.0,btc,0.0,0.0,0.0,24
1,[],4,[],2019-03-11 06:26:30,26580946.28781615,0.00000630,0.00000000024471216000000003,6899871,2019-03-11 06:26:30,btc,134.74228799916847,0.0,0.00000630,btc,255631.15297583,0.1208299,0.4610253602994121,26
1,[],10,[],2019-03-11 06:26:32,686097.89861326,0.00000601,0.00000000023344763200000003,6899872,2019-03-11 06:26:32,btc,26.12760827306202,4281.4074193,0.00000601,btc,14082.23878667,0.0,0.2137617411445378,26
0,[],2,[],2019-01-20 23:25:56,0.0,0,0,6476976,2019-01-20 23:25:56,,0.0,0.0,0,,0.0,0.0,0.0,26
1,[],3,[],2019-03-11 06:26:33,8416712.19501412,0.00000001,0.00000000000038843200000000004,6899873,2019-03-11 06:26:33,btc,2.3356190357598656,813573.89088,0.00000001,btc,18120215.39510336,0.0,0.0841671219501412,27
1,[],5,[],2019-03-11 06:26:34,0.0,0,0,6899874,2019-03-11 06:26:34,btc,0.0,0.00013641,0,btc,0.0,0.0,0.0,27
1,[],11,[],2019-03-11 06:26:35,9469667.88103613,0.00000005,0.00000000000194216,6899875,2019-03-11 06:26:35,btc,67506.32843704063,170.63047893,0.00000005,btc,7972152.75036371,0.0,0.4413054133414386,27
1,[],4,[],2019-03-11 06:26:36,2239083310.7819858,0.00000001,0.00000000000038843200000000004,6899876,2019-03-11 06:26:36,btc,2.9840197374080994,0.0,0.00000001,"btc,ltc",213211543.18968713,0.49594875,10.39924699865498,29
1,[],7,[],2019-03-11 06:26:39,35581800.51580551,0.00000001,0.00000000000038843200000000004,6899877,2019-03-11 06:26:39,btc,44461616.56203213,116758.954964,0.00000001,btc,46661429.28416243,0.00233518,0.3558180051580551,29
1,[],4,[],2019-03-11 06:26:39,2405990.64878297,0.00000023,0.000000000008933936,6899878,2019-03-11 06:26:39,btc,2.6670493458646205,0.0,0.00000023,btc,2008454.78110775,0.00991988,0.1154622918872071,30
0,[],17,[],2019-03-11 06:26:41,0.0,0,0,6899879,2019-03-11 06:26:41,btc,0.0,0.0,0,btc,0.0,0.0,0.0,30
1,[],4,[],2019-03-11 06:26:42,190698.28595604,0.00005792,0.000000002249798144,6899880,2019-03-11 06:26:42,btc,10.18579927034537,0.0,0.00005792,btc,123850.48487688,1.25260377,2.347407222456861,31
1,[],21,[],2019-03-11 06:26:42,74555.52212715,0.00005767999999999999662754143759,0.000000002240475776,6899881,2019-03-11 06:26:42,btc,5.490443869270789,181560.02777875,0.0000576799999999999966275414375882490958247217349708080291748046875,btc,84876.63921511,10.55349518,3.9840624159472533,31
0,[],2,[],2019-01-20 23:28:43,0.0,0,0,6477009,2019-01-20 23:28:43,,0.0,0.0,0,,0.0,0.0,0.0,32
1,[],4,[],2019-03-11 06:26:44,420257760.4873283,0.00000004,0.0000000000015537280000000001,6899882,2019-03-11 06:26:44,btc,9.475823214198277,0.0,0.00000004,"btc,ltc",183163604.19545215,0.1844386,10.062926463562722,33
1,[],12,[],2019-03-11 06:26:45,26214249.961,0.00000004,0.0000000000015537280000000001,6899883,2019-03-11 06:26:45,btc,2222943.145604511,0.0,0.00000004,btc,16016029.812187761,0.018037492367632,0.6153533087999999,33
1,[],4,[],2019-03-11 06:26:45,112116183.21442524,0.00000001,0.00000000000038843200000000004,6899884,2019-03-11 06:26:45,btc,3.4252480287971157,0.0,0.00000001,btc,97192568.96861184,0.04700236,1.1211618321442525,34
1,[],5,[],2019-03-11 06:26:47,0.0,0,0,6899885,2019-03-11 06:26:47,btc,0.0,0.05057416,0,btc,0.0,0.0,0.0,34
0.00000000014217560000000001,[],4,[],2019-03-11 06:26:48,3506140144.0370126,1.4217560000000001e-18,5.52255526592e-23,6899886,2019-03-11 06:26:48,ltc,4.370060574133837e-08,0.0,0.00000001,ltc,5982368747.775504,0.0,4.984875786625488e-09,36
1,[],5,[],2019-03-11 06:26:49,0.0,0,0,6899887,2019-03-11 06:26:49,btc,0.0,1e-06,0,btc,0.0,0.0,0.0,36
0,[],17,[],2019-03-11 06:26:51,0.0,0,0,6899888,2019-03-11 06:26:51,btc,0.07464582807119853,0.0,0,btc,4105386.20243647,0.0,0.0,36
0.0000000003444854,[],27,[],2019-03-11 06:26:53,1088163.16325,3.444854e-18,1.338091528928e-22,6899889,2019-03-11 06:26:53,eth,222.5593908357632,1836.83675,0.00000001,"ltc,eth",11165406.63658689,6.328196798e-15,1.6753906415744156e-12,36
1,[],17,[],2019-03-11 03:24:27,1752.74075282,0.00000025,0.000000000009821,6899128,2019-03-11 03:24:27,btc,0.055484923777095005,0.0,0.00000025,btc,1319.19918473,0.0,0.00043818518820499993,37
1,[],4,[],2019-03-11 05:29:30,243004.35922485,0.00000058,0.000000000022657062,6899690,2019-03-11 05:29:30,btc,19772.483177845028,0.0,0.00000058,btc,568826.65399596,0.00676198,0.1042110755220653,37
1,[],12,[],2019-03-11 05:29:32,373511.35601394,0.0000006,0.00000000002343834,6899691,2019-03-11 05:29:32,btc,9.739399300666703,0.0,0.0000006,btc,298448.15002447,0.0336768182070589,0.0984165699999881,37
1,[],27,[],2019-03-11 05:29:34,14685.567,0.00000045,0.000000000017578755,6899692,2019-03-11 05:29:34,btc,24.25536383611233,0.0,0.00000045,btc,6518.38138508,0.0,0.00480032515,37
1,[],5,[],2019-03-11 06:26:55,0.0,0,0,6899890,2019-03-11 06:26:55,btc,0.0,0.07525053,0,btc,0.0,0.0,0.0,42
1,[],12,[],2019-03-11 06:26:56,258465.12310454,0.000001,0.0000000000388432,6899891,2019-03-11 06:26:56,btc,5.342867720020216,0.0,0.000001,btc,34823.72034191,0.0319584035086314,0.022865375942011098,42
0.0000000003444854,[],27,[],2019-03-11 06:26:58,2000.0,3.444854e-18,1.338091528928e-22,6899892,2019-03-11 06:26:58,eth,0.00315028,0.0,0.00000001,"btc,eth",11.007,0.0,6.889708e-15,42
1,[],5,[],2019-03-11 06:27:00,0.0,0,0,6899893,2019-03-11 06:27:00,btc,0.0,0.0,0,btc,0.0,0.0,0.0,43
1,[],12,[],2019-03-11 06:27:01,1721333.0,0.00000001,0.00000000000038843200000000004,6899894,2019-03-11 06:27:01,btc,25640.863720205263,0.0,0.00000001,btc,4605098.76323677,1.58241758242e-05,0.01721333,43
0,[],17,[],2019-03-10 23:34:35,0.0,0,0,6898122,2019-03-10 23:34:35,btc,0.0,0.0,0,btc,0.0,0.0,0.0,43
1,[],12,[],2019-03-05 01:54:08,639326.02,0.00000004,0.000000000001486676,6845775,2019-03-05 01:54:08,btc,11116042.728239931,0.0,0.00000004,btc,1103841.4595604,0.0003330765234764,0.014975410599999999,44
1,[],4,[],2019-03-11 06:27:13,301158269.98946136,0.00000003,0.000000000001165296,6899895,2019-03-11 06:27:13,btc,430473.76045334205,0.0,0.00000003,"btc,ltc",16714120.06425326,0.03441236,0.301763333264193,49
0.00000000014217560000000001,[],4,[],2019-03-11 06:27:14,604487175.3427517,1.4217560000000001e-18,5.52255526592e-23,6899896,2019-03-11 06:27:14,ltc,25.866299555344675,0.0,0.00000001,ltc,10685734372.473389,0.0,8.594332684666094e-10,52
0.00000000012384859999999998,[],22,[],2019-03-11 06:27:17,80645562.0,1.2384859999999999e-18,4.81067593952e-23,6899897,2019-03-11 06:27:17,XMR,4368.67077283,0.0,0.00000001,XMR,279827473.5359664,1.9815775999999999e-13,0.80645562,57
0.0000000003444854,[],27,[],2019-03-11 06:27:19,2000.0,3.444854e-18,1.338091528928e-22,6899898,2019-03-11 06:27:19,eth,0.0,0.0,0.00000001,"btc,eth",0.0,0.0,6.889708e-15,57
0,[],17,[],2019-03-11 04:38:58,0.0,0,0,6899531,2019-03-11 04:38:58,btc,1e+24,0.0,0,btc,49306342.21952568,0.0,0.0,58
0.00000000014217560000000001,[],4,[],2019-03-11 06:27:20,483217789.30196166,2.8435120000000002e-18,1.104511053184e-22,6899899,2019-03-11 06:27:20,ltc,18.657416283238874,0.0,0.00000002,ltc,4766809919.700396,0.0,8.517718334879608e-10,58
1,[],12,[],2019-03-11 06:27:22,1207451755.0,0.0000000003,0.00000000000001165296,6899900,2019-03-11 06:27:22,btc,2911918.864402248,0.0,0.0000000003,btc,1813766985.965035,0.028700927459540473,0.3099566504,58
0.00000000012384859999999998,[],22,[],2019-03-11 06:27:36,137438.0,1.2384859999999999e-18,4.81067593952e-23,6899901,2019-03-11 06:27:36,XMR,69.8835922,0.0,0.00000001,XMR,9887963.0,0.0,0.00137438,58
1,[],5,[],2019-03-11 06:27:39,0.0,0,0,6899902,2019-03-11 06:27:39,btc,0.0,0.00249189,0,btc,0.0,0.0,0.0,61
1,[],22,[],2019-03-11 06:27:42,13757.0,0.00000012,0.000000000004661184,6899903,2019-03-11 06:27:42,BTC,1002.2960049,0.0,0.00000012,BTC,14976.68361146909,0.0,0.00154987,61
1,[],26,[],2019-03-11 06:27:42,0.0,0.00000800,0.00000000031074560000000003,6899904,2019-03-11 06:27:42,btc,0.0,0.0,0.00000800,btc,0.0,0.0,0.0,61
1,[],27,[],2019-03-11 06:27:45,4411.22008,0.00000047,0.000000000018256304000000002,6899905,2019-03-11 06:27:45,btc,2.8990263703141324,0.0,0.00000047,"btc,eth",19485.01257617,0.0,0.0012437599594975297,61
1,[],28,[],2019-03-11 06:27:53,13880.304,0.0000005,0.000000000019421600000000002,6899906,2019-03-11 06:27:53,btc,2.056312978300105,684.0,0.0000005,btc,9730.59500005,0.0,0.00566391304,61
1,[],4,[],2019-03-11 06:27:55,1298019.41498452,0.00000212,0.000000000082347584,6899907,2019-03-11 06:27:55,btc,9.120387024818271,0.0,0.00000212,btc,783675.74445466,0.10445548,0.9934812208625422,67
0.0,[],25,[],2019-03-11 06:27:56,0.0,0,0,6899908,2019-03-11 06:27:56,,0.0,0.0,0.0,btc,0.0,0.0,0.0,67
1,[],12,[],2019-03-11 06:27:57,307117.15587839,0.00000028,0.000000000010876096000000002,6899909,2019-03-11 06:27:57,btc,1111115.6531618147,0.0,0.00000028,btc,1112100.63976992,0.0014542520183,0.0645911076163958,71
,[],5,[],2018-11-20 23:02:39,1.5e-07,0.00000005,0.000000000002128045,4862160,2018-11-20 23:02:39,btc,2.84511358,0.0,,btc,0.00036572,0.0,0.07381892,74
1,[],5,[],2019-03-11 06:27:58,0.0,0,0,6899910,2019-03-11 06:27:58,btc,0.0,0.0,0,btc,0.0,0.0,0.0,75
0,[],20,[],2019-01-25 09:30:31,0.0,0,0,6495923,2019-01-25 09:30:31,btc,0.0,0.0,0,btc,0.0,0.0,0.0,81
1,[],4,[],2019-03-11 06:27:59,13132756.89824166,0.00000001,0.00000000000038843200000000004,6899911,2019-03-11 06:27:59,btc,11388.985544584346,0.0,0.00000001,btc,40019471.49932191,0.0,0.1313275689824166,81
1,[],4,[],2019-03-11 06:28:01,23955.45176874,0.00007729,0.0000000030021909280000003,6899912,2019-03-11 06:28:01,btc,18.114945271261213,0.0,0.00007729,btc,12237.14960989,0.02263307,0.0984920966377615,82
1,[],21,[],2019-03-11 06:28:03,760278.4332296,0.00007449999999999999482878931811,0.0000000028938184,6899913,2019-03-11 06:28:03,btc,3.7936303848118893,2513.3501777,0.00007449999999999999482878931811313805155805312097072601318359375,btc,45748.89597769,0.18726942,2.541039462064944,82
0,[],17,[],2019-03-11 05:30:41,0.0,0,0,6899717,2019-03-11 05:30:41,btc,0.0447233088476774,0.0,0,btc,999127.19588126,0.0,0.0,84
0.00000000014217560000000001,[],4,[],2019-03-11 06:28:05,187598171.774698,4.265268e-18,1.6567665797760003e-22,6899914,2019-03-11 06:28:05,ltc,1.6956428749137518,0.0,0.00000003,ltc,387059182.6420486,0.0,4.3226968569298864e-10,85
,[],22,[],2018-11-20 23:09:34,3408.1,0.0000001,0.0000000000041895,4862324,2018-11-20 23:09:34,BTC,0.04624735,0.0,,BTC,4990.0,0.0,0.00033081,86
1,[],22,[],2019-03-11 06:28:09,123370.0,0.00000005,0.0000000000019421600000000003,6899915,2019-03-11 06:28:09,BTC,2.07770893,0.0,0.00000005,BTC,161168.94736842104,0.00046487,0.0019285,87
0,[],27,[],2019-03-11 06:28:11,0.0,0,0,6899916,2019-03-11 06:28:11,,0.0,0.0,0,btc,0.0,0.0,0.0,87
,[],2,[],2018-11-20 23:10:47,0.0,0,0,4862359,2018-11-20 23:10:47,,0.0,0.0,,,0.0,0.0,0.0,88
1,[],11,[],2019-03-11 06:28:12,96348.19672193,0.00014999999999999998685946966947568625982967205345630645751953125,0.0000000058264799999999995,6899917,2019-03-11 06:28:12,btc,611.5433738980812,125.9,0.00014999999999999998685946966947568625982967205345630645751953125,btc,97911.70407624,0.0,6.768019741233519,89
0,[],2,[],2019-01-20 23:31:45,0.0,0,0,6477083,2019-01-20 23:31:45,,0.0,0.0,0,,0.0,0.0,0.0,91
0,[],17,[],2019-03-11 01:25:14,0.0,0,0,6898573,2019-03-11 01:25:14,btc,0.0,0.0,0,btc,0.0,0.0,0.0,91
1,[],12,[],2019-03-11 06:28:14,298036.57977109,0.00000099,0.000000000038454768000000006,6899918,2019-03-11 06:28:14,btc,61.0963454306795,0.0,0.00000099,btc,118702.01772213,0.0034755863921569,0.0708925676999651,91
1,[],22,[],2019-03-11 06:28:28,65900.0,0.00000001,0.00000000000038843200000000004,6899919,2019-03-11 06:28:28,BTC,3e-06,0.0,0.00000001,BTC,1.0,0.0,0.000659,91
0,[],22,[],2019-03-11 06:28:32,0.0,0,0,6899920,2019-03-11 06:28:32,,7.50307462,0.0,0,,70597140.95714286,0.0,0.0,95
0,[],17,[],2019-03-11 05:31:14,0.0,0,0,6899727,2019-03-11 05:31:14,btc,0.0,0.0,0,btc,0.0,0.0,0.0,96
0.00000000014217560000000001,[],4,[],2019-03-11 06:28:33,634515213.0316336,7.3931312e-17,2.8717287382784005e-21,6899921,2019-03-11 06:28:33,ltc,11.893811333543223,0.0,0.00000052,ltc,136343529.56165135,0.0,1.6042998352087822e-09,96
0,[],12,[],2019-03-11 06:28:34,0.0,0,0,6899922,2019-03-11 06:28:34,btc,10.18951405004995,0.0,0,btc,3026256.004995,4.995005e-08,0.0,96
1,[],4,[],2019-03-11 06:28:36,1583322.41795458,0.00000020,0.000000000007768640000000001,6899923,2019-03-11 06:28:36,btc,2.426845501278306,0.0,0.00000020,btc,2549872.80768548,0.01557791,0.1215649298897058,99
0,[],2,[],2019-01-20 23:23:55,0.0,0,0,6476914,2019-01-20 23:23:55,,0.0,0.0,0,,0.0,0.0,0.0,100
1,[],4,[],2019-03-11 06:28:37,275061.71135566,0.00003636,0.000000001412338752,6899924,2019-03-11 06:28:37,btc,11.696527321522968,0.0,0.00003636,btc,171996.93633415,1.45042413,1.2188849334645089,100
1,[],22,[],2019-03-11 06:28:40,50000.0,0.00000001,0.00000000000038843200000000004,6899925,2019-03-11 06:28:40,BTC,23.49896609,0.0,0.00000001,BTC,10277.22,0.0,0.0005,101
1,[],4,[],2019-03-11 06:28:42,2353307.31141525,0.00000087,0.000000000033793584,6899926,2019-03-11 06:28:42,btc,308.06204397284654,0.0,0.00000087,btc,496353.6422822,0.01209951,0.2195438437153384,103
1,[],12,[],2019-03-11 06:28:44,23305964.14812108,0.000000008,0.00000000000031074560000000005,6899927,2019-03-11 06:28:44,btc,3859732.682438593,0.0,0.000000008,btc,72507244.26477812,0.01250591601191062,0.06070862718496864,105
1,[],27,[],2019-03-11 06:28:47,223920.39,0.00000001,0.00000000000038843200000000004,6899928,2019-03-11 06:28:47,btc,36.60591030491341,0.0,0.00000001,btc,1301440.23571724,0.0,0.0022392039,105
1,[],22,[],2019-03-11 06:28:51,9328.0,0.00000001,0.00000000000038843200000000004,6899929,2019-03-11 06:28:51,BTC,51.10837004,0.0,0.00000001,BTC,470435.0,0.0,9.328e-05,107
1,[],26,[],2019-03-11 06:28:51,0.0,0.00000000,0,6899930,2019-03-11 06:28:51,btc,0.0,0.0,0.00000000,btc,0.0,0.0,0.0,107
1,[],5,[],2019-03-11 06:28:52,0.0,0,0,6899931,2019-03-11 06:28:52,btc,0.0,0.00042649,0,btc,0.0,0.0,0.0,112
1,[],22,[],2019-03-11 06:28:56,1966.0,0.00000001,0.00000000000038843200000000004,6899932,2019-03-11 06:28:56,BTC,2.7975128,0.0,0.00000001,BTC,826524.0833333334,0.0,1.966e-05,112
0.0000000003444854,[],27,[],2019-03-11 06:28:58,2000.0,3.444854e-18,1.338091528928e-22,6899933,2019-03-11 06:28:58,eth,1.24996908,0.0,0.00000001,"btc,eth",1289.0,0.0,6.889708e-15,112
1,[],4,[],2019-03-11 06:28:59,1302414.97756206,0.00000192,0.000000000074578944,6899934,2019-03-11 06:28:59,btc,6.420729558669962,0.0,0.00000192,btc,365711.44090923,0.01195628,0.9971838545684056,113
1,[],5,[],2019-03-11 06:29:01,0.0,0,0,6899935,2019-03-11 06:29:01,btc,0.0,0.0,0,btc,0.0,0.0,0.0,113
1,[],17,[],2019-03-11 05:31:43,152738.278,0.00000004,0.000000000001562556,6899741,2019-03-11 05:31:43,btc,1.336803027480064,0.0,0.00000004,btc,51896.221,0.0,0.0022095311199999998,116
0,[],27,[],2019-03-11 06:29:04,0.0,0,0,6899936,2019-03-11 06:29:04,,0.0,0.0,0,btc,0.0,0.0,0.0,116
1,[],4,[],2019-03-11 06:29:05,98895.94480402,0.00002541,0.000000000987005712,6899937,2019-03-11 06:29:05,btc,29.571628118726775,0.0,0.00002541,btc,75112.86250583,1.77824112,1.2902042811308332,120
1,[],7,[],2019-03-11 06:29:06,21008.34518103,0.00002127000000000000133506920796389039196583325974643230438232421875,0.0000000008261948640000001,6899938,2019-03-11 06:29:06,btc,115648.89480684382,0.0,0.00002127000000000000133506920796389039196583325974643230438232421875,btc,36709.119221220004,0.0,0.054281901272430204,120
1,[],20,[],2019-03-11 06:29:09,2942632.5356,0.000000034,0.0000000000013206688000000002,6899939,2019-03-11 06:29:09,btc,33.6158441131568,6915.5,0.000000034,btc,1013150.979,0.000235127,0.0385763494906,125
1,[],22,[],2019-03-11 06:29:27,3053.0,0.00000001,0.00000000000038843200000000004,6899940,2019-03-11 06:29:27,BTC,0.01444887,0.0,0.00000001,BTC,296263.5111111111,0.0,3.053e-05,126
0,[],2,[],2019-01-20 23:25:46,0.0,0,0,6476969,2019-01-20 23:25:46,,0.0,0.0,0,,0.0,0.0,0.0,131
1,[],4,[],2019-03-11 06:29:28,138505.42340271,0.00001332,0.000000000517391424,6899941,2019-03-11 06:29:28,btc,3.6613879646153684,0.0,0.00001332,btc,120282.4750946,0.1993468,0.560519274247595,131
0,[],17,[],2019-03-11 06:29:30,0.0,0,0,6899942,2019-03-11 06:29:30,btc,0.0009561751951600001,0.0,0,btc,35.42829368,0.0,0.0,131
1,[],4,[],2019-03-11 06:29:33,4546.82762074,0.00016000,0.000000006214912000000001,6899943,2019-03-11 06:29:33,btc,1.619108914740819,0.0,0.00016000,btc,239.25503526,0.0,0.0067461669217919,135
1,[],3,[],2019-03-07 00:20:44,877702.73244099,0.00000004,0.00000000000154846,6863392,2019-03-07 00:20:44,btc,0.119366241821405,0.0,0.00000004,btc,760637.99421222,0.0,0.023771231960604298,136
1,[],4,[],2019-03-11 06:29:35,262338.5152958,0.00000154,0.00000000005981852800000001,6899944,2019-03-11 06:29:35,btc,38.56774867176647,0.0,0.00000154,btc,526200.33015527,0.01079245,0.048417027875924,137
1,[],12,[],2019-03-11 06:29:36,179104.12394622,0.000001489999999999999921986774779891771203210737439803779125213623046875,0.000000000057876368,6899945,2019-03-11 06:29:36,btc,5.044167901695443,0.0,0.000001489999999999999921986774779891771203210737439803779125213623046875,btc,4386.40265462,0.0002401133566514,0.0067093599999878,137
1,[],4,[],2019-03-11 06:29:37,12289.57067583,0.00003301,0.0000000012822140320000001,6899946,2019-03-11 06:29:37,btc,28.8480279047473,0.0,0.00003301,btc,53287.24184813,0.12343433,0.2727578345919122,142
1,[],5,[],2019-03-11 06:29:39,0.0,0,0,6899947,2019-03-11 06:29:39,btc,0.0,0.13276526,0,btc,0.0,0.0,0.0,142
1,[],17,[],2019-03-11 06:29:41,22967.386363640002,0.00000088,0.000000000034182016000000006,6899948,2019-03-11 06:29:41,btc,20.069913352701523,0.0,0.00000088,btc,2746.079105,0.0,0.0104613000000032,142
1,[],20,[],2019-03-11 06:29:43,139541.6371,0.00003301,0.0000000012822140320000001,6899949,2019-03-11 06:29:43,btc,0.3361559661272,71.7722,0.00003301,btc,2245.1771,0.002402302744,0.3036732957629,142
1,[],22,[],2019-03-11 06:29:47,1470.8988921568628,0.00004000,0.0000000015537280000000002,6899950,2019-03-11 06:29:47,BTC,3.00385504,0.0,0.00004000,BTC,891.218,0.0,0.0012358,142
0.0,[],25,[],2019-03-11 06:29:48,0.0,0,0,6899951,2019-03-11 06:29:48,,0.0,0.0,0.0,btc,0.0,0.0,0.0,142
1,[],28,[],2019-03-11 06:30:00,76677.664,0.00002270,0.0000000008817406400000001,6899952,2019-03-11 06:30:00,btc,0.067100461059305,863.0,0.00002270,btc,552.61077999,0.0,0.01662216,142
0,[],22,[],2019-03-11 06:30:05,0.0,0,0,6899953,2019-03-11 06:30:05,,65.61831169,0.0,0,,1037691921.3,0.0,0.0,143
0,[],22,[],2019-02-25 15:42:22,0.0,0,0,6783783,2019-02-25 15:42:22,,4.2131946,0.0,0,,2322156.0,0.0,0.0,146
,[],22,[],2018-11-20 23:01:11,0.0,0,0,4862114,2018-11-20 23:01:11,,2.56807021,0.0,,,61828.4988236,0.0,0.0,147
1,[],12,[],2019-03-11 06:30:06,336179.6706727,0.00000225000000000000005700192921842539561794183100573718547821044921875,0.0000000000873972,6899954,2019-03-11 06:30:06,btc,7.9003923115852155,0.0,0.00000225000000000000005700192921842539561794183100573718547821044921875,btc,91393.32942272,5.63436564e-06,0.0280230899999592,148
1,[],4,[],2019-03-11 06:30:07,251436.93238136,0.00000029,0.000000000011264528,6899955,2019-03-11 06:30:07,btc,219.9988894398137,0.0,0.00000029,btc,841123.35189129,0.0,0.059760223645077,152
0,[],22,[],2019-03-11 06:30:21,0.0,0,0,6899956,2019-03-11 06:30:21,,0.0,0.0,0,,0.0,0.0,0.0,152
1,[],5,[],2019-03-11 06:30:22,0.0,0,0,6899957,2019-03-11 06:30:22,btc,0.0,1.368e-05,0,btc,0.0,0.0,0.0,153
,[],16,[],2019-01-11 15:38:59,0.0,0,0,6366141,2019-01-11 15:38:59,btc,0.0,0.0,,btc,0.0,0.0,0.0,155
0,[],23,[],2019-01-20 23:24:29,0.0,0,0,6476932,2019-01-20 23:24:29,,0.0,0.0,0,,0.0,0.0,0.0,156
0,[],22,[],2019-03-11 06:30:26,0.0,0,0,6899958,2019-03-11 06:30:26,,6.7463781,0.0,0,,4673397.242592593,0.0,0.0,156
1,[],22,[],2019-03-11 06:30:30,7073.8,0.00005300,0.0000000020586896,6899959,2019-03-11 06:30:30,BTC,1.79802465,0.0,0.00005300,BTC,802.6461988741639,0.0,0.00104336,157
0,[],22,[],2019-03-11 06:30:33,0.0,0,0,6899960,2019-03-11 06:30:33,,50175.67608608,0.0,0,,54079135.04179466,0.0,0.0,158
,[],17,[],2018-11-20 22:56:10,0.0,0,0,4861976,2018-11-20 22:56:10,btc,1.1265625,0.0,,btc,1000.0,0.0,0.0,159
,[],20,[],2018-11-20 22:56:12,0.0,0,0,4861977,2018-11-20 22:56:12,btc,11912.7940471,0.0,,btc,34413894.3617,0.0,0.0,159
1,[],12,[],2019-03-11 06:30:34,212130.16902206,0.0000075399999999999998070315289366849498264855355955660343170166015625,0.000000000292877728,6899961,2019-03-11 06:30:34,btc,0.7779062891285925,0.0,0.0000075399999999999998070315289366849498264855355955660343170166015625,btc,8529.67256727,0.0027301515718955,0.0975862588023101,168
1,[],17,[],2019-03-11 06:30:35,29784.95,0.000001,0.0000000000388432,6899962,2019-03-11 06:30:35,btc,0.03026736251542,0.0,0.000001,btc,144.46171372,0.0,0.00716147,168
0,[],22,[],2019-03-11 06:30:38,0.0,0,0,6899963,2019-03-11 06:30:38,,1.1339604,0.0,0,,520283.17470714403,0.0,0.0,169
1,[],22,[],2019-03-11 06:30:42,221317.33333333334,0.00000012,0.000000000004661184,6899964,2019-03-11 06:30:42,BTC,14.35073706,0.0,0.00000012,BTC,157609.90863998415,4.952e-05,0.00287108,171
1,[],22,[],2019-03-11 06:30:46,858931.3333333334,0.00000006,0.000000000002330592,6899965,2019-03-11 06:30:46,BTC,2.20853299,0.0,0.00000006,"BTC,LTC",292567.8262710095,0.00794641,0.02349012,173
1,[],5,[],2019-03-05 01:59:40,0.0,0,0,6845846,2019-03-05 01:59:40,btc,0.0,0.00384852,0,btc,0.0,0.0,0.0,175
1,[],22,[],2019-03-11 06:30:50,35500.0,0.00000012,0.000000000004661184,6899966,2019-03-11 06:30:50,BTC,0.54559973,0.0,0.00000012,BTC,137776.41444619838,0.0,0.00206,176
0,[],22,[],2019-03-11 06:31:37,0.0,0,0,6899968,2019-03-11 06:31:37,,1.00242438,0.0,0,,57522.0,0.0,0.0,178
0,[],2,[],2019-01-20 23:28:34,0.0,0,0,6477001,2019-01-20 23:28:34,,0.0,0.0,0,,0.0,0.0,0.0,178
1,[],7,[],2019-03-11 06:31:34,0.0,0,0,6899967,2019-03-11 06:31:34,btc,408082.77813733305,102742.257742,0,btc,115560988.86088651,0.00102742,0.0,178
1,[],5,[],2019-03-11 06:31:39,0.0,0,0,6899969,2019-03-11 06:31:39,btc,0.0,0.0267988,0,btc,0.0,0.0,0.0,179
1,[],22,[],2019-03-11 06:31:44,6867106.0,0.00000002,0.0000000000007768640000000001,6899970,2019-03-11 06:31:44,BTC,5.65174896,0.0,0.00000002,"BTC,LTC",17774331.756535422,0.00017439,0.37228284,179
0,[],23,[],2019-01-20 23:25:08,0.0,0,0,6476952,2019-01-20 23:25:08,,0.0,0.0,0,,0.0,0.0,0.0,179
1,[],17,[],2019-03-11 06:31:56,10504.725,0.0000001,0.00000000000388432,6899971,2019-03-11 06:31:56,btc,5.2010695838170005,0.0,0.0000001,btc,4994.45945,0.0,0.0010504725,180
1,[],22,[],2019-03-11 06:32:00,667666.7090909091,0.00000178,0.00000000006914089600000001,6899972,2019-03-11 06:32:00,BTC,0.20952313,0.0,0.00000178,"BTC,LTC",59060.756131308655,0.0,0.57462798,180
1,[],26,[],2019-03-11 06:32:00,0.0,0.00000125,0.000000000048554000000000005,6899973,2019-03-11 06:32:00,btc,0.0,100.0,0.00000125,btc,0.0,0.0,0.0,180
,[],7,[],2018-11-20 22:58:01,562227.975654,0.00000085,0.000000000036176765,4862015,2018-11-20 22:58:01,btc,21836.6059674,2491.87645172,,btc,749999.041456,0.00211021,0.127565380455,183
1,[],24,[],2019-03-11 06:32:00,0.0,0.000000000001,3.88432e-17,6899974,2019-03-11 06:32:00,btc,0.0,0.0,0.000000000001,btc,0.0,0.0,0.0,187
,[],5,[],2019-01-10 08:11:41,0.0,0,0,6347036,2019-01-10 08:11:41,btc,82.15055501,0.00261,,btc,1.19002445,0.0,0.0,187
,[],17,[],2018-11-16 20:58:10,4062536.27273,0.00000001,0.000000000000550501,4708775,2018-11-16 20:58:10,btc,3.36492563466,0.195460381006,,"btc,eth",110697919.549,0.0,0.0157628953496,187
0,[],22,[],2019-03-11 06:32:13,0.0,0,0,6899975,2019-03-11 06:32:13,,7.54797454,0.0,0,,79361.7243344055,0.0,0.0,191
0,[],22,[],2019-03-11 06:32:18,0.0,0,0,6899976,2019-03-11 06:32:18,,0.0,0.0,0,,0.0,0.0,0.0,197
0,[],22,[],2019-03-11 06:32:35,0.0,0,0,6899977,2019-03-11 06:32:35,,5.19076992,0.0,0,,21057923.0,0.0,0.0,199
1,[],26,[],2019-03-11 06:32:35,0.0,0.00000000,0,6899978,2019-03-11 06:32:35,btc,0.0,130347.0,0.00000000,btc,0.0,0.0,0.0,199
0,[],23,[],2019-01-20 23:31:41,0.0,0,0,6477079,2019-01-20 23:31:41,,0.0,0.0,0,,0.0,0.0,0.0,199
0,[],17,[],2019-01-30 16:32:01,0.0,0,0,6540827,2019-01-30 16:32:01,btc,6.802544163788159,0.0,0,btc,105897.55575295,0.0,0.0,200
0,[],2,[],2019-01-20 23:30:49,0.0,0,0,6477059,2019-01-20 23:30:49,,0.0,0.0,0,,0.0,0.0,0.0,201
1,[],4,[],2019-01-25 15:51:35,2084389.58565343,0.00000936,0.000000000333526752,6499557,2019-01-25 15:51:35,btc,2.0092503037378524,0.0,0.00000936,btc,160195.80207885,0.19272417,1.242687955921835,211
1,[],7,[],2019-03-11 06:33:19,3136279.69712528,0.000001,0.0000000000388432,6899979,2019-03-11 06:33:19,btc,15476651.85007285,241847.464646,0.000001,btc,12236753.30954059,0.0,1.5298432939405313,212
1,[],5,[],2019-03-11 06:33:21,0.0,0,0,6899980,2019-03-11 06:33:21,btc,0.0,0.30359442,0,btc,0.0,0.0,0.0,213
1,[],24,[],2019-03-11 06:33:21,0.0,0.000000120000,0.000000000004661184,6899981,2019-03-11 06:33:21,btc,0.0,0.0,0.000000120000,btc,0.0,0.0,0.0,213
1,[],26,[],2019-03-11 06:33:21,0.0,0.00000010,0.0000000000038843200000000006,6899982,2019-03-11 06:33:21,btc,0.0,0.0,0.00000010,btc,0.0,0.0,0.0,213
1,[],12,[],2019-01-25 02:44:32,207462.42853209,0.000001080000000000000035831255497387193287295303889550268650054931640625,0.000000000038610756000000006,6493050,2019-01-25 02:44:32,btc,85023.03793723314,0.0,0.000001080000000000000035831255497387193287295303889550268650054931640625,btc,43675.73520027,0.000146250909087,0.0348620860622024,213
1,[],22,[],2019-03-11 06:33:26,25000.0,0.00000001,0.00000000000038843200000000004,6899983,2019-03-11 06:33:26,BTC,2.28075238,0.0,0.00000001,BTC,675986.3963726171,0.0,0.00025,216
1,[],27,[],2019-03-11 06:33:28,1298122.0,0.00000003,0.000000000001165296,6899984,2019-03-11 06:33:28,btc,317.9840526547724,10.0,0.00000003,"btc,ltc",240753.990324,8e-07,0.03375764000025592,216
1,[],22,[],2019-03-11 06:33:31,164250.9463963639,0.00000167,0.000000000064868144,6899985,2019-03-11 06:33:31,BTC,12673.60277337,0.0,0.00000167,BTC,431325.68473871966,0.02807785,0.1721655,217
1,[],7,[],2019-03-11 06:33:32,0.0,0,0,6899986,2019-03-11 06:33:32,btc,77971.81411323446,0.0,0,btc,135963412.7426053,0.0,0.0,219
0,[],27,[],2019-03-11 06:33:34,0.0,0,0,6899987,2019-03-11 06:33:34,,0.0404796,0.0,0,btc,2057905.0,0.0,0.0,219
0.000000000000005,[],28,[],2019-03-11 06:33:49,168493275.591,8.75e-18,3.39878e-22,6899988,2019-03-11 06:33:49,doge,85122.4333648375,65644.4,0.00175000,"btc,doge",3763918.34751,0.0,1.59960888766935e-11,219
1,[],22,[],2019-03-11 06:33:53,438339.0,0.00000007,0.000000000002719024,6899989,2019-03-11 06:33:53,BTC,18.06840771,0.0,0.00000007,BTC,94482.24541875876,0.00101604,0.02057961,221
1,[],24,[],2019-03-11 06:33:53,0.0,0.000000200000,0.000000000007768640000000001,6899990,2019-03-11 06:33:53,btc,0.0,0.0,0.000000200000,btc,0.0,0.0,0.0,221
1,[],20,[],2019-03-11 06:33:55,39105329.5253,0.000000001,0.0000000000000388432,6899991,2019-03-11 06:33:55,btc,48.4442602981303,876385.0963,0.000000001,btc,16017729.9079,0.0017527701926,0.0391053295253,224
0,[],22,[],2019-03-11 06:33:58,0.0,0,0,6899992,2019-03-11 06:33:58,,0.0,0.0,0,,0.0,0.0,0.0,224
1,[],26,[],2019-03-11 06:33:58,0.0,0.00000035,0.00000000001359512,6899993,2019-03-11 06:33:58,btc,0.0,0.0,0.00000035,btc,0.0,0.0,0.0,231
1,[],26,[],2019-03-11 06:33:58,0.0,0.00000005,0.0000000000019421600000000003,6899994,2019-03-11 06:33:58,btc,0.0,100.0,0.00000005,btc,0.0,0.0,0.0,234
0.0000000003444854,[],27,[],2019-03-11 06:34:00,2000.0,3.444854e-18,1.338091528928e-22,6899995,2019-03-11 06:34:00,eth,0.01134836604,0.0,0.00000001,"btc,eth",11462.996,0.0,6.889708e-15,234
1,[],4,[],2019-03-11 06:34:02,758095.51346389,0.00000072,0.000000000027967104000000003,6899996,2019-03-11 06:34:02,btc,4.403104735822578,0.0,0.00000072,btc,1244602.87513038,0.04746716,0.1827731635854899,236
1,[],24,[],2019-03-11 06:34:02,0.0,0.000000500000,0.000000000019421600000000002,6899997,2019-03-11 06:34:02,btc,0.0,0.0,0.000000500000,btc,0.0,0.0,0.0,236
1,[],20,[],2019-03-11 06:34:04,198153119.0818,0.000000054,0.0000000000020975328000000003,6899998,2019-03-11 06:34:04,btc,13.0280935064239,11900654.5634,0.000000054,btc,37597536.1856,0.6658660932294,0.2731197352473,237
0.00000000014217560000000001,[],22,[],2019-03-11 06:34:07,751594.9,2.4169852e-17,9.388343952064e-22,6899999,2019-03-11 06:34:07,LTC,0.0405823,0.0,0.00000017,LTC,3164.0,0.0,0.12541949,237
1,[],4,[],2019-03-11 06:34:09,8652988.10693356,0.00000034,0.000000000013206688000000001,6900000,2019-03-11 06:34:09,btc,8.5877797564218,0.0,0.00000034,btc,11256785.84215344,0.48963816,2.181253873791738,238
1,[],5,[],2019-03-11 06:34:11,0.0,0,0,6900001,2019-03-11 06:34:11,btc,0.0,0.01277119,0,btc,0.0,0.0,0.0,238
0,[],22,[],2019-03-11 06:34:13,0.0,0,0,6900002,2019-03-11 06:34:13,,0.40415746,0.0,0,,526736.5639027493,0.0,0.0,249
0.00000000014217560000000001,[],22,[],2019-03-11 06:34:16,49087200.666666664,5.6870240000000005e-18,2.209022106368e-22,6900003,2019-03-11 06:34:16,LTC,0.90188236,0.0,0.00000004,LTC,17061399.253636364,0.0,1.18162413,252
1,[],28,[],2019-03-11 06:34:28,2789501.713,0.00000037,0.000000000014371984000000001,6900004,2019-03-11 06:34:28,btc,164793.7723562698,191805.6625,0.00000037,btc,3190357.5553,0.0,0.57437034182,256
1,[],22,[],2019-03-11 06:36:31,0.0,0.00000005,0.0000000000019421600000000003,6900005,2019-03-11 06:36:31,BTC,1.23962107,0.0,0.00000005,BTC,14600.954888103652,5.52e-05,0.0,258
1,[],22,[],2019-03-11 06:36:34,47146.0,0.00000001,0.00000000000038843200000000004,6900006,2019-03-11 06:36:34,BTC,2.415167,0.0,0.00000001,BTC,157.0,1.605e-05,0.00047146,259
1,[],5,[],2019-03-11 06:36:37,0.0,0,0,6900007,2019-03-11 06:36:37,btc,0.0,0.25210778,0,btc,0.0,0.0,0.0,264
1,[],20,[],2019-03-11 06:36:38,1296189.7982,0.00000174,0.000000000067587168,6900008,2019-03-11 06:36:38,btc,7.4596773056366,139132.9568,0.00000174,btc,102546.939,0.2628627767546,0.0265473109466,264
0,[],22,[],2019-03-11 06:36:41,0.0,0,0,6900009,2019-03-11 06:36:41,,8.75643939,0.0,0,,466495.2241309945,0.0,0.0,271
0,[],22,[],2019-03-11 06:36:44,0.0,0,0,6900010,2019-03-11 06:36:44,,266.97821834,0.0,0,,14010417297.692,0.0,0.0,272
0.000000000000005,[],28,[],2019-03-11 06:36:53,233857356712.905,5.05e-21,1.9615816e-25,6900011,2019-03-11 06:36:53,doge,38477357.61269374,12240955805.0804,0.00000101,doge,240844391316.4739,0.0,6.740052249454133e-10,272
1,[],22,[],2019-03-11 06:37:15,162217.74,0.0000007,0.00000000002719024,6900012,2019-03-11 06:37:15,BTC,235.00293226,0.0,0.0000007,"BTC,LTC",43712.40111909193,0.01690074,0.05630412,281
1,[],22,[],2019-03-11 06:37:19,864189.0,0.00000004,0.0000000000015537280000000001,6900013,2019-03-11 06:37:19,BTC,1.32311306,0.0,0.00000004,BTC,269048.9219001663,8.842e-05,0.02567163,286
0,[],22,[],2019-03-11 06:37:22,0.0,0,0,6900014,2019-03-11 06:37:22,,43638.82491513,0.0,0,,700126356.0,0.0,0.0,294
