pairValue,buyBook,exchangeId,sellBook,updated,buyTotal,satoshiPrice,usdPrice,exchangeLogId,created,bestPair,sellTotalBtc,volume,pairPrice,activePairs,sellTotal,volumeBtc,buyTotalBtc,coinId
1,[],3,[],2019-05-14 11:30:08,30854.43234002837,0.010393039999999999223323499109028489328920841217041015625,0.0000008407886215679999,7627896,2019-05-14 11:30:08,btc,1.8834725103058716,55.8439055625,0.010393039999999999223323499109028489328920841217041015625,btc,21.310912487493002,0.0,0.249892756629563,1
1,[],4,[],2019-05-14 11:30:09,251068.02796618,0.01012664,0.000000819237074688,7627897,2019-05-14 11:30:09,btc,7.660903022882071,0.0,0.01012664,btc,327.9334924,2.65126675,0.3223682913913005,1
1,[],5,[],2019-05-14 11:30:12,0.0,0,0,7627898,2019-05-14 11:30:12,btc,0.0,0.0306699,0,btc,0.0,0.0,0.0,1
1,[],10,[],2019-05-14 11:30:14,256835.24783566,0.00781142,0.000000631937628864,7627899,2019-05-14 11:30:14,btc,6521.939385234207,1709.572169,0.00781142,btc,1181.61293877,0.0,2.647043505460177,1
1,[],12,[],2019-05-14 11:30:17,81.64627213,0.01043000000000000003497202527569243102334439754486083984375,0.000000843778656,7627900,2019-05-14 11:30:17,btc,0.1746234018936,0.0,0.01043000000000000003497202527569243102334439754486083984375,btc,10.86638952,0.456217544882,0.38733531602619997,1
1,[],20,[],2019-05-14 11:30:18,969.1581,0.01025,0.0000008292168,7627901,2019-05-14 11:30:18,btc,0.2299417315517,5.9067,0.01025,btc,17.4153,0.0630474656033,0.1119655034339,1
1,[],21,[],2019-05-14 11:30:20,1871.23296484,0.01027874999999999969246822218,0.000000831542652,7627902,2019-05-14 11:30:20,btc,9.86470153144556,12106.69456442,0.0102787499999999996924682221788316383026540279388427734375,"btc,eth",1226.56979803,120.99890932581823,10.698729263370696,1
0,[],22,[],2019-05-14 11:30:23,0.0,0,0,7627903,2019-05-14 11:30:23,,0.31629903,0.0,0,,0.2505752479991019,0.0,0.0,1
1,[],24,[],2019-05-14 11:30:24,0.0,0.000000000000,0,7627904,2019-05-14 11:30:24,btc,0.0,0.0,0.000000000000,btc,0.0,0.0,0.0,1
0.0,[],25,[],2019-05-14 11:30:25,0.0,0,0,7627905,2019-05-14 11:30:25,btc,35.38499999875821,8050.11320637,0.0,btc,3369.51016293,83.4185,0.0,1
1,[],26,[],2019-05-14 11:30:27,0.0,0,0,7627906,2019-05-14 11:30:27,,0.0,0.0,0,,0.0,0.0,0.0,1
1,[],28,[],2019-05-14 11:31:24,986.4,0.00031124,0.000000025179067008,7627907,2019-05-14 11:31:24,btc,0.160832048,354600.55,0.00031124,btc,8.7307,0.0,0.015586096,1
0,[],2,[],2019-01-20 23:28:45,0.0,0,0,6477011,2019-01-20 23:28:45,,0.0,0.0,0,,0.0,0.0,0.0,1
1,[],5,[],2019-05-14 11:31:26,0.0,0,0,7627908,2019-05-14 11:31:26,btc,0.0,0.00065507,0,btc,0.0,0.0,0.0,2
0,[],22,[],2019-05-14 11:31:28,0.0,0,0,7627909,2019-05-14 11:31:28,,0.0,0.0,0,,0.0,0.0,0.0,2
1,[],5,[],2019-05-14 11:31:30,0.0,0,0,7627910,2019-05-14 11:31:30,btc,0.0,0.18328765,0,btc,0.0,0.0,0.0,3
1,[],12,[],2019-05-14 11:31:31,3701276.84383774,0.000000121,0.000000000009788803200000001,7627911,2019-05-14 11:31:31,btc,11597.3853790799,0.0,0.000000121,btc,3386653.41428051,0.03624149795793053,0.3028112471043665,3
0,[],28,[],2019-05-14 11:31:33,0.0,0,0,7627912,2019-05-14 11:31:33,,0.0,0.0,0,,0.0,0.0,0.0,3
0,[],2,[],2019-01-20 23:31:32,0.0,0,0,6477077,2019-01-20 23:31:32,,0.0,0.0,0,,0.0,0.0,0.0,4
1,[],4,[],2019-04-26 19:14:12,610911.70993152,0.00000026,0.000000000013566046,7471614,2019-04-26 19:14:12,btc,31.457742656463164,0.0,0.00000026,btc,718733.71307795,0.00142695,0.0638464483338706,4
0,[],12,[],2019-04-25 23:08:22,0.0,0,0,7459310,2019-04-25 23:08:22,btc,1111851.94727753,0.0,0,btc,953412.0,0.0,0.0,5
0,[],2,[],2019-01-20 23:31:51,0.0,0,0,6477087,2019-01-20 23:31:51,,0.0,0.0,0,,0.0,0.0,0.0,6
1,[],11,[],2019-05-12 00:02:31,5042415.307535999,0.00000001,0.00000000000072476,7617400,2019-05-12 00:02:31,btc,9576.518911699495,10000.0,0.00000001,btc,47478529.75253575,0.0,0.05042415307536,6
1,[],3,[],2019-05-14 11:31:33,11630.690483046987,0.0001299100000000000081079587488375182147137820720672607421875,0.000000010509615072000002,7627913,2019-05-14 11:31:33,btc,23.082836389712877,31.4440262926,0.0001299100000000000081079587488375182147137820720672607421875,btc,296.917848843276,0.0,0.03453469963203462,7
1,[],4,[],2019-05-14 11:31:34,42528.87183642,0.00011601,0.000000009385116192,7627914,2019-05-14 11:31:34,btc,8.498257252670028,0.0,0.00011601,btc,42339.69663412,4.32442597,2.0209915913723444,7
1,[],5,[],2019-05-14 11:31:35,0.0,0,0,7627915,2019-05-14 11:31:35,btc,0.0,0.85072721,0,btc,0.0,0.0,0.0,7
1,[],20,[],2019-04-07 22:06:50,3201475.0482,0.000000001,0.000000000000051590000000000004,7213932,2019-04-07 22:06:50,btc,30.8005781811902,0.0,0.000000001,btc,23077405.3926,0.0,0.0032014750482,8
0,[],2,[],2019-01-20 23:22:42,0.0,0,0,6476876,2019-01-20 23:22:42,,0.0,0.0,0,,0.0,0.0,0.0,9
0,[],23,[],2019-01-20 23:22:48,0.0,0,0,6476878,2019-01-20 23:22:48,,0.0,0.0,0,,0.0,0.0,0.0,9
1,[],4,[],2019-05-14 11:31:38,21086914.32395729,0.00000051,0.000000000041258592,7627916,2019-05-14 11:31:38,btc,3.5472121796423717,0.0,0.00000051,btc,2945328.83060535,1.94539113,0.7981511320438154,9
1,[],28,[],2019-05-14 11:31:57,18055.0,0.00000021,0.000000000016988832000000002,7627917,2019-05-14 11:31:57,btc,2708.775351212764,3594499.0,0.00000021,btc,25886.1492,0.0,0.00186155,9
1,[],1,[],2019-02-17 23:31:42,1822507.21,0.00000181000000000000003456111265232042484285557293333113193511962890625,0.000000000066086901,6701244,2019-02-17 23:31:42,btc,3.6990969245,17153386.5,0.00000181000000000000003456111265232042484285557293333113193511962890625,btc,1997391.71,31.11772986,3.2610482446,9
1,[],4,[],2019-02-17 11:22:43,4341674.27126056,0.00000002,0.0000000000007272960000000001,6696112,2019-02-17 11:22:43,btc,0.1997230937751353,0.0,0.00000002,btc,4109766.79808031,0.00215132,0.0479381022052112,10
0,[],2,[],2019-01-20 23:23:08,0.0,0,0,6476890,2019-01-20 23:23:08,,0.0,0.0,0,,0.0,0.0,0.0,12
1,[],4,[],2019-05-14 11:31:59,7138371.79423819,0.00000093,0.000000000075236256,7627918,2019-05-14 11:31:59,btc,5.644259886877555,0.0,0.00000093,btc,3950482.52458546,3.03885812,3.2915330355261596,12
1,[],5,[],2019-05-14 11:32:00,0.0,0,0,7627919,2019-05-14 11:32:00,btc,0.0,0.05732488,0,btc,0.0,0.0,0.0,12
0.0,[],25,[],2019-05-14 11:32:02,0.0,0,0,7627920,2019-05-14 11:32:02,,0.0,0.0,0.0,btc,0.0,0.0,0.0,12
1,[],10,[],2019-05-14 10:18:10,647305.85413628,0.00000672,0.0000000005383183679999999,7627632,2019-05-14 10:18:10,btc,666793.1626414396,30893.9385884,0.00000672,btc,702359.92203161,0.0,0.262678684155521,13
1,[],4,[],2019-05-14 11:32:03,1012468.87576929,0.00000701,0.000000000567103392,7627921,2019-05-14 11:32:03,btc,3.2505100481096885,0.0,0.00000701,btc,298354.81172581,4.09421516,1.5895996750012171,13
1,[],21,[],2019-05-14 11:32:07,1148240.75193521,0.000007099999999999999784590712371,0.00000000057438432,7627922,2019-05-14 11:32:07,btc,3.666024245684933,7332240.18568491,0.00000709999999999999978459071237057997905139927752315998077392578125,btc,452817.13442743,52.91578872,6.906122841887817,13
1,[],4,[],2019-05-14 11:32:08,949469.42752251,0.00000141,0.000000000114067872,7627923,2019-05-14 11:32:08,btc,756.1006648951237,0.0,0.00000141,btc,1294871.81365893,0.26116193,0.2500634063332978,14
1,[],12,[],2019-05-14 11:32:09,155321.86944477,0.00000084,0.00000000006795532800000001,7627924,2019-05-14 11:32:09,btc,13.62264443340683,0.0,0.00000084,btc,30462.53626621,0.0022150784715312,0.0141140099999846,14
1,[],26,[],2019-05-14 11:34:09,0.0,0.00000050,0.0000000000404496,7627925,2019-05-14 11:34:09,btc,0.0,0.0,0.00000050,btc,0.0,0.0,0.0,14
0,[],17,[],2019-05-03 00:53:32,0.0,0,0,7558876,2019-05-03 00:53:32,btc,0.0,0.0,0,btc,0.0,0.0,0.0,14
0,[],4,[],2019-05-14 11:34:10,0.0,0,0,7627926,2019-05-14 11:34:10,,0.0,0.0,0,,0.0,0.0,0.0,15
,[],12,[],2018-12-01 15:15:48,204241.84496,0.00000489,0.000000000202473384,5260204,2018-12-01 15:15:48,btc,49.5475654835,0.0,,btc,35763.2193806,0.0163153972027625,0.0203389899998,15
0,[],2,[],2019-01-20 23:23:38,0.0,0,0,6476906,2019-01-20 23:23:38,,0.0,0.0,0,,0.0,0.0,0.0,18
1,[],4,[],2019-05-14 11:34:11,606458.37991566,0.00001086,0.000000000878565312,7627927,2019-05-14 11:34:11,btc,1.1070460292877646,0.0,0.00001086,btc,14135.70539952,0.04438232,0.0789846805532129,18
1,[],10,[],2019-05-14 11:34:13,334217.40707927,0.00001498,0.000000001211870016,7627928,2019-05-14 11:34:13,btc,15.410935896518724,2660.48699199,0.00001498,btc,10034.13614971,0.0,0.4876723317412624,18
1,[],12,[],2019-05-14 11:34:14,222476.55850304,0.000010629999999999999868373519451569819693759200163185596466064453125,0.0000000008599584960000001,7627929,2019-05-14 11:34:14,btc,33215.12374500617,0.0,0.000010629999999999999868373519451569819693759200163185596466064453125,btc,1443.898991,0.0119267289233047,0.0157494039839742,18
0,[],17,[],2019-05-03 00:53:39,0.0,0,0,7558882,2019-05-03 00:53:39,btc,0.0,0.0,0,btc,0.0,0.0,0.0,18
1,[],3,[],2019-05-14 10:53:06,155735.03434079923,0.00001249000000000000069476542574609112534744781441986560821533203125,0.0000000010001454930000001,7627790,2019-05-14 10:53:06,btc,0.19022168171011636,165.194884594,0.00001249000000000000069476542574609112534744781441986560821533203125,btc,3942.542953961255,0.0,0.048532089678134396,19
1,[],4,[],2019-05-14 10:53:08,200701.15264101,0.00001222,0.000000000978525054,7627791,2019-05-14 10:53:08,btc,4.6074617318825135,0.0,0.00001222,btc,135863.96551593,0.55285383,0.9975077456308784,19
1,[],5,[],2019-05-14 10:53:09,0.0,0,0,7627792,2019-05-14 10:53:09,btc,0.0,0.00013547,0,btc,0.0,0.0,0.0,19
1,[],12,[],2019-05-14 10:53:10,205653.027786,0.000010040000000000000435055637348913393225302570499479770660400390625,0.000000000803960028,7627793,2019-05-14 10:53:10,btc,0.3003622745329491,0.0,0.000010040000000000000435055637348913393225302570499479770660400390625,btc,3065.34453584,0.0,0.081415819999737,19
1,[],27,[],2019-05-14 10:53:14,100.0,0.0000001,0.00000000000800757,7627794,2019-05-14 10:53:14,btc,0.0,0.0,0.0000001,btc,0.0,0.0,1e-05,19
0,[],2,[],2019-01-20 23:24:19,0.0,0,0,6476924,2019-01-20 23:24:19,,0.0,0.0,0,,0.0,0.0,0.0,19
1,[],4,[],2019-05-14 10:53:15,1333878.57391266,0.00000009,0.000000000007206813,7627795,2019-05-14 10:53:15,btc,5.273110437230553,0.0,0.00000009,btc,2259170.28595418,0.0,0.0457385352282092,20
1,[],4,[],2019-05-14 10:53:16,71588067.21851692,0.00000001,0.000000000000800757,7627796,2019-05-14 10:53:16,btc,39323.849444646024,0.0,0.00000001,btc,58327451.60171665,0.01509273,0.7158806721851692,21
1,[],12,[],2019-05-14 10:53:17,5098087.0,0.00000001,0.000000000000800757,7627797,2019-05-14 10:53:17,btc,2895.6606994458243,0.0,0.00000001,btc,7179937.54845151,1.998002e-08,0.050980870000000005,21
0,[],17,[],2019-05-03 00:53:51,0.0,0,0,7558891,2019-05-03 00:53:51,btc,0.0,0.0,0,btc,0.0,0.0,0.0,21
1,[],12,[],2019-05-14 10:55:18,7764491136.316,0.0000000005,0.00000000000004003785,7627798,2019-05-14 10:55:18,btc,311118500827.3711,0.0,0.0000000005,btc,3532595993.862542,0.08174026239470529,1.8840542841580001,23
0.0000000002564745,[],27,[],2019-05-14 10:55:27,48311581.0,5.12949e-18,4.10747502393e-22,7627799,2019-05-14 10:55:27,eth,1194.0547707051815,2218365147.746263,0.00000002,eth,43570274.52422128,1.7068622761957035e-08,1.26682965799845e-10,23
1,[],4,[],2019-05-14 10:55:28,751802.35249903,0.00000026,0.000000000020819682,7627800,2019-05-14 10:55:28,btc,14.454941463683179,0.0,0.00000026,btc,2048129.53827729,0.0094727,0.0193170166628378,24
1,[],22,[],2019-05-14 10:55:31,21.76,0.00000100,0.0000000000800757,7627801,2019-05-14 10:55:31,BTC,7.415e-05,0.0,0.00000100,BTC,23.919354838709676,0.0,1.186e-05,24
0.0,[],25,[],2019-05-14 10:55:33,0.0,0,0,7627802,2019-05-14 10:55:33,,0.0,0.0,0.0,btc,0.0,0.0,0.0,24
1,[],4,[],2019-05-14 10:55:34,26947226.42642326,0.00000347,0.000000000277862679,7627803,2019-05-14 10:55:34,btc,11.316768487325923,0.0,0.00000347,btc,362878.19457276,0.1478603,0.3718262089573814,26
1,[],10,[],2019-05-14 10:55:36,161107.80667254,0.00000836,0.000000000669432852,7627804,2019-05-14 10:55:36,btc,25.346737587415042,2309.5674381,0.00000836,btc,18265.93132041,0.0,0.0871571785319074,26
0,[],2,[],2019-01-20 23:25:56,0.0,0,0,6476976,2019-01-20 23:25:56,,0.0,0.0,0,,0.0,0.0,0.0,26
1,[],11,[],2019-04-30 04:16:17,7094566.83690364,0.00000006,0.000000000003115554,7518027,2019-04-30 04:16:17,btc,67504.138725751,6116.07566417,0.00000006,btc,6591680.7351637,0.0,0.38529422037817224,27
1,[],5,[],2019-04-26 09:47:06,0.0,0,0,7465326,2019-04-26 09:47:06,btc,0.0,0.0,0,btc,0.0,0.0,0.0,27
1,[],3,[],2019-04-28 02:38:55,141621.60361514,0.00000001,0.0000000000005253330000000001,7491060,2019-04-28 02:38:55,btc,2.501704004580372,921815.184511,0.00000001,btc,21091882.2176418,0.0,0.0014162160361513999,27
1,[],4,[],2019-05-14 10:55:37,1280518197.12907,0.00000001,0.000000000000800757,7627805,2019-05-14 10:55:37,btc,4.26780822898105,0.0,0.00000001,"btc,ltc",274010095.8364494,0.1505843,8.786891998226812,29
1,[],7,[],2019-05-14 10:55:44,113331245.61148065,0.00000001,0.000000000000800757,7627806,2019-05-14 10:55:44,btc,46550610.570206225,2196.11144664,0.00000001,btc,42539464.89006518,0.0,1.1333124561148065,29
1,[],4,[],2019-05-14 10:55:45,1765298.09286615,0.00000007,0.000000000005605299,7627807,2019-05-14 10:55:45,btc,2.675696179994406,0.0,0.00000007,btc,2048166.55635047,0.00214379,0.034494038252826,30
0,[],17,[],2019-05-03 01:11:25,0.0,0,0,7559066,2019-05-03 01:11:25,btc,0.0,0.0,0,btc,0.0,0.0,0.0,30
1,[],4,[],2019-05-14 10:57:46,1151713.32352852,0.00004231,0.000000003388002867,7627808,2019-05-14 10:57:46,btc,5.94170040126683,0.0,0.00004231,btc,60239.82920615,1.15253369,0.6516238868571568,31
1,[],21,[],2019-05-14 10:57:48,62272.08817734,0.00004169999999999999716008419748,0.00000000333915669,7627809,2019-05-14 10:57:48,btc,5.567462234117815,194694.19344014,0.000041699999999999997160084197478369105738238431513309478759765625,btc,109174.21402983,8.49983775,2.222043836131922,31
0,[],2,[],2019-01-20 23:28:43,0.0,0,0,6477009,2019-01-20 23:28:43,,0.0,0.0,0,,0.0,0.0,0.0,32
0,[],4,[],2019-05-14 10:57:50,0.0,0,0,7627810,2019-05-14 10:57:50,,0.0,0.0,0,,0.0,0.0,0.0,33
1,[],12,[],2019-03-30 07:55:10,40641173.964,0.00000003,0.000000000001228359,7108785,2019-03-30 07:55:10,btc,4233210.82356125,0.0,0.00000003,btc,28378394.68333462,0.0126927883965248,0.90752895892,33
0,[],4,[],2019-05-14 10:57:52,0.0,0,0,7627811,2019-05-14 10:57:52,,3.1120439554646384,0.0,0,,140080915.16010293,0.0,0.0,34
1,[],5,[],2019-05-14 10:57:54,0.0,0,0,7627812,2019-05-14 10:57:54,btc,0.0,0.03242498,0,btc,0.0,0.0,0.0,34
0.000000000133684,[],4,[],2019-05-02 18:17:45,3384239970.6360936,1.3368400000000002e-18,7.293946092400001e-23,7556428,2019-05-02 18:17:45,ltc,5.381102735485169e-08,0.0,0.00000001,ltc,6862894551.7408495,0.0,4.524187362345155e-09,36
1,[],5,[],2019-05-02 18:17:46,0.0,0,0,7556429,2019-05-02 18:17:46,btc,0.0,0.0,0,btc,0.0,0.0,0.0,36
0.0000000002926451,[],17,[],2019-05-02 18:17:47,200000.0,2.9264510000000002e-18,1.596703856561e-22,7556430,2019-05-02 18:17:47,eth,0.20942468735267253,0.0,0.00000001,"btc,eth",1018272.20243647,0.0,5.852902e-13,36
0.000000000133684,[],27,[],2019-05-02 18:17:55,7883196.008,1.3368400000000002e-18,7.293946092400001e-23,7556431,2019-05-02 18:17:55,ltc,25567.4086131264,0.0,0.00000001,"ltc,eth",21753551.64,0.0,1.0538571751334722e-11,36
1,[],4,[],2019-05-14 10:57:55,198559.38308012,0.00000016,0.000000000012812112,7627813,2019-05-14 10:57:55,btc,19772.657440695573,0.0,0.00000016,btc,805126.36310902,0.01083074,0.0065043799126635,37
1,[],12,[],2019-05-14 10:57:56,1852161.0,0.0000002,0.00000000001601514,7627814,2019-05-14 10:57:56,btc,19604.288575344155,0.0,0.0000002,btc,391812.19080182,0.028646881098902,0.19483562,37
1,[],27,[],2019-05-14 11:00:00,1600.0,0.00000015,0.000000000012011355,7627815,2019-05-14 11:00:00,btc,24.12547123602533,0.0,0.00000015,btc,5824.04443503,0.0,3e-05,37
1,[],17,[],2019-05-03 01:11:36,211752.74075282,0.00000025,0.000000000013700074999999998,7559074,2019-05-03 01:11:36,btc,0.055484923955058496,0.0,0.00000025,"btc,eth",1387.19918473,0.0,0.0005381851887916605,37
1,[],5,[],2019-05-14 11:00:01,0.0,0,0,7627816,2019-05-14 11:00:01,btc,0.0,0.20514092,0,btc,0.0,0.0,0.0,42
1,[],12,[],2019-05-14 11:00:02,346198.71670447,0.000001799999999999999918546601286595265634105089702643454074859619140625,0.00000000014413626,7627817,2019-05-14 11:00:02,btc,2227606.2637705025,0.0,0.000001799999999999999918546601286595265634105089702643454074859619140625,btc,99872.58396323,0.1210490812583297,0.058658329803026696,42
1,[],27,[],2019-05-14 11:00:16,506.0,0.00000002,0.000000000001601514,7627818,2019-05-14 11:00:16,btc,1.1837845831768,0.0027843,0.00000002,"btc,eth",1283.4448157,7e-08,3.0000003989717323e-06,42
1,[],12,[],2019-03-13 09:13:29,1112112.0,0.00000001,0.000000000000386531,6919902,2019-03-13 09:13:29,btc,29058.00478931866,0.0,0.00000001,btc,5967681.93306694,9.99000999e-07,0.01112112,43
1,[],5,[],2019-04-26 22:38:52,0.0,0,0,7474154,2019-04-26 22:38:52,btc,0.0,0.02638891,0,btc,0.0,0.0,0.0,43
0,[],17,[],2019-04-26 22:38:53,0.0,0,0,7474155,2019-04-26 22:38:53,btc,0.0,0.0,0,btc,0.0,0.0,0.0,43
1,[],12,[],2019-03-05 01:54:08,639326.02,0.00000004,0.000000000001486676,6845775,2019-03-05 01:54:08,btc,11116042.728239931,0.0,0.00000004,btc,1103841.4595604,0.0003330765234764,0.014975410599999999,44
1,[],4,[],2019-05-14 11:00:17,118543300.40770312,0.00000001,0.000000000000800757,7627819,2019-05-14 11:00:17,btc,1345.9361779549904,0.0,0.00000001,"btc,ltc",22888017.43269211,0.00162751,0.17926571181453474,49
0.0000000001121163,[],4,[],2019-05-14 11:00:17,125676506.70943065,8.1844899e-17,6.5537875788543004e-21,7627820,2019-05-14 11:00:17,ltc,21867.971560991384,0.0,0.00000073,ltc,108786105.3315996,0.00960731,2.042111076790494e-09,52
0,[],22,[],2019-05-14 11:00:20,0.0,0,0,7627821,2019-05-14 11:00:20,,10289.59427673,0.0,0,,308568058.4566013,0.0,0.0,57
0,[],27,[],2019-05-14 11:00:36,0.0,0,0,7627822,2019-05-14 11:00:36,,0.0,0.0,0,"btc,eth",0.0,0.0,0.0,57
0.0000000001121163,[],4,[],2019-05-14 11:00:38,813708518.5561304,1.121163e-18,8.97779120391e-23,7627823,2019-05-14 11:00:38,ltc,19.11066012022002,0.0,0.00000001,ltc,6162865566.935694,0.0,9.122998837899469e-10,58
1,[],12,[],2019-05-14 11:00:39,1484997847.0,0.0000000001,0.000000000000008007570000000001,7627824,2019-05-14 11:00:39,btc,118396233.30920902,0.0,0.0000000001,btc,4649108313.660349,0.011777884287312686,0.1484997847,58
0.0000000001026034,[],22,[],2019-05-14 11:02:42,126877.0,1.026034e-18,8.21603907738e-23,7627825,2019-05-14 11:02:42,XMR,69.17853806,0.0,0.00000001,XMR,9877401.6,1.0717951164e-14,0.00126877,58
1,[],17,[],2019-05-03 01:12:09,1200000.0,0.0000000001,0.00000000000000548003,7559085,2019-05-03 01:12:09,btc,1e+24,0.0,0.0000000001,"btc,eth",39516342.31952568,0.0,0.00010000000058666061,58
1,[],5,[],2019-05-14 11:02:44,0.0,0,0,7627826,2019-05-14 11:02:44,btc,0.0,0.03175774,0,btc,0.0,0.0,0.0,61
1,[],22,[],2019-05-14 11:02:47,13613.833333333334,0.00000012,0.000000000009609083999999999,7627827,2019-05-14 11:02:47,BTC,1002.33190883,0.0,0.00000012,BTC,15392.180177125656,0.0,0.00153269,61
1,[],26,[],2019-05-14 11:02:47,0.0,0.00000050,0.00000000004003785,7627828,2019-05-14 11:02:47,btc,0.0,0.0,0.00000050,btc,0.0,0.0,0.0,61
1,[],27,[],2019-05-14 11:02:53,101000.0,0.00000001,0.000000000000800757,7627829,2019-05-14 11:02:53,btc,1.9482732497246655,0.0,0.00000001,"btc,eth",13266.51663696,0.0,1.00000002564745e-05,61
1,[],28,[],2019-05-14 11:03:05,1039.304,0.00000008,0.000000000006406056,7627830,2019-05-14 11:03:05,btc,2.056501795415105,752.0,0.00000008,btc,10022.46650005,0.0,2.439304e-05,61
1,[],4,[],2019-05-14 11:03:07,1206650.85306021,0.00000096,0.00000000007687267199999999,7627831,2019-05-14 11:03:07,btc,2.1673964994350747,0.0,0.00000096,btc,722947.79024724,0.07854097,0.7718921989495978,67
0.0,[],25,[],2019-05-14 11:03:08,0.0,0,0,7627832,2019-05-14 11:03:08,,0.0,0.0,0.0,btc,0.0,0.0,0.0,67
1,[],12,[],2019-05-14 11:03:11,1456703.0,0.00000007,0.000000000005605299,7627833,2019-05-14 11:03:11,btc,55556353.347196236,0.0,0.00000007,btc,1440046.655369,0.0004356344055963,0.02152467,71
,[],5,[],2018-11-20 23:02:39,1.5e-07,0.00000005,0.000000000002128045,4862160,2018-11-20 23:02:39,btc,2.84511358,0.0,,btc,0.00036572,0.0,0.07381892,74
1,[],5,[],2019-05-14 11:03:13,0.0,0,0,7627834,2019-05-14 11:03:13,btc,0.0,0.02176539,0,btc,0.0,0.0,0.0,75
0,[],4,[],2019-05-14 11:03:13,0.0,0,0,7627835,2019-05-14 11:03:13,,133652.3012899294,0.0,0,,33334499.19946143,0.0087177,0.0,81
0,[],20,[],2019-01-25 09:30:31,0.0,0,0,6495923,2019-01-25 09:30:31,btc,0.0,0.0,0,btc,0.0,0.0,0.0,81
1,[],4,[],2019-05-14 11:03:18,24504.74162428,0.00006093,0.000000004879012401,7627836,2019-05-14 11:03:18,btc,18.95805711556905,0.0,0.00006093,btc,31905.64461264,0.8386568,0.2440564606984182,82
1,[],21,[],2019-05-14 11:03:19,312112.62982449,0.00005845999999999999932392621971,0.000000004681225422,7627837,2019-05-14 11:03:19,btc,4.225906464380431,39737.98812337,0.0000584599999999999993239262197075589710948406718671321868896484375,btc,58475.51223465,2.34475593,1.9875002903206798,82
0,[],17,[],2019-03-25 22:42:34,0.0,0,0,7038780,2019-03-25 22:42:34,btc,0.0445064681804024,0.0,0,btc,995513.18476001,0.0,0.0,84
0.00000000013644,[],4,[],2019-05-01 19:17:39,299701867.376,1.3644e-18,7.259508504e-23,7542161,2019-05-01 19:17:39,ltc,1.6769037726995486,0.0,0.00000001,ltc,427823536.87452894,0.00010978,4.089132278478144e-10,85
,[],22,[],2018-11-20 23:09:34,3408.1,0.0000001,0.0000000000041895,4862324,2018-11-20 23:09:34,BTC,0.04624735,0.0,,BTC,4990.0,0.0,0.00033081,86
1,[],22,[],2019-05-14 11:03:22,85999.0,0.00000001,0.000000000000800757,7627838,2019-05-14 11:03:22,BTC,3.66445213,0.0,0.00000001,BTC,336978.29736842104,0.0,0.00085999,87
0,[],27,[],2019-05-14 11:03:29,0.0,0,0,7627839,2019-05-14 11:03:29,,4.961702540736,24.0,0,btc,19924.62841,4.8e-07,0.0,87
,[],2,[],2018-11-20 23:10:47,0.0,0,0,4862359,2018-11-20 23:10:47,,0.0,0.0,,,0.0,0.0,0.0,88
1,[],11,[],2019-05-14 11:03:32,66637.98015149,0.000121360000000000003571483386810569982117158360779285430908203125,0.000000009717986952,7627840,2019-05-14 11:03:32,btc,175.16359164583073,2426.11048816,0.000121360000000000003571483386810569982117158360779285430908203125,btc,182596.74238096,0.0,2.915317852045011,89
0,[],2,[],2019-01-20 23:31:45,0.0,0,0,6477083,2019-01-20 23:31:45,,0.0,0.0,0,,0.0,0.0,0.0,91
1,[],12,[],2019-05-14 10:32:19,459397.57658533,0.00000042,0.000000000033644897999999997,7627692,2019-05-14 10:32:19,btc,89.86879622473423,0.0,0.00000042,btc,186103.70122992,0.0002974817123855,0.050202476099985203,91
1,[],22,[],2019-05-14 10:34:24,75900.55,0.0000002,0.00000000001602138,7627693,2019-05-14 10:34:24,BTC,0.495,0.0,0.0000002,"BTC,LTC",4.95,5.279e-05,0.00165911,91
0,[],17,[],2019-05-03 01:12:26,0.0,0,0,7559096,2019-05-03 01:12:26,btc,0.0,0.0,0,btc,0.0,0.0,0.0,91
1,[],22,[],2019-04-09 20:17:52,374949.73333333334,0.00000015,0.000000000007771935,7235704,2019-04-09 20:17:52,BTC,6.87372503,0.0,0.00000015,"BTC,LTC",159980.01196797504,1.1e-05,0.80510266,95
0.0000000001121163,[],4,[],2019-05-14 11:03:34,545041363.1306089,8.072373600000001e-17,6.4640096668152e-21,7627841,2019-05-14 11:03:34,ltc,11.247469829420492,0.0,0.00000072,ltc,125487564.52605528,0.10736007,1.107709081784823e-09,96
0,[],12,[],2019-05-14 11:03:35,0.0,0,0,7627842,2019-05-14 11:03:35,btc,25054.270418736472,0.0,0,btc,7550281.46658341,0.0,0.0,96
0,[],17,[],2019-05-03 01:12:32,0.0,0,0,7559100,2019-05-03 01:12:32,btc,0.0,0.0,0,btc,0.0,0.0,0.0,96
1,[],4,[],2019-04-14 03:32:46,1039404.33283278,0.00000038,0.000000000019245518,7293458,2019-04-14 03:32:46,btc,4.170086055365747,0.0,0.00000038,btc,3097704.34561074,0.06260606,0.1859928211030784,99
1,[],4,[],2019-05-14 11:05:36,402363.10489653,0.00002801,0.000000002242920357,7627843,2019-05-14 11:05:36,btc,7.115226709394696,0.0,0.00002801,btc,125141.19761334,0.45146536,0.7586843263638686,100
0,[],2,[],2019-01-20 23:23:55,0.0,0,0,6476914,2019-01-20 23:23:55,,0.0,0.0,0,,0.0,0.0,0.0,100
1,[],22,[],2019-05-14 11:05:41,130000.0,0.00000001,0.000000000000800757,7627844,2019-05-14 11:05:41,BTC,24.83526409,0.0,0.00000001,BTC,11187.719,0.0,0.0013,101
1,[],4,[],2019-05-14 11:05:42,512075.3647598,0.00000376,0.000000000301084632,7627845,2019-05-14 11:05:42,btc,256.0706105945712,0.0,0.00000376,btc,509528.31601393,2.35761326,0.2665755221832674,103
1,[],12,[],2019-05-14 11:05:45,92941522.76392001,0.000000006,0.0000000000004804542,7627846,2019-05-14 11:05:45,btc,468538266.76604617,0.0,0.000000006,btc,95830367.28521597,0.01338280409990069,0.24848842696776005,105
0,[],27,[],2019-05-14 11:05:51,0.0,0,0,7627847,2019-05-14 11:05:51,,0.0580079451331397,110.0,0,btc,588498.63747933,1.1e-06,0.0,105
1,[],22,[],2019-04-21 00:17:26,21333.0,0.00000001,0.000000000000532493,7385819,2019-04-21 00:17:26,BTC,51.38182867,0.0,0.00000001,BTC,470435.0,0.0,0.00021333,107
1,[],26,[],2019-04-21 00:17:26,0.0,0.00000000,0,7385820,2019-04-21 00:17:26,btc,0.0,0.0,0.00000000,btc,0.0,0.0,0.0,107
1,[],5,[],2019-05-14 11:05:53,0.0,0,0,7627848,2019-05-14 11:05:53,btc,0.0,0.0,0,btc,0.0,0.0,0.0,112
1,[],22,[],2019-05-14 11:05:56,79003.0,0.00000001,0.000000000000800757,7627849,2019-05-14 11:05:56,BTC,2.79232726,0.0,0.00000001,BTC,1380942.0833333333,0.0,0.00079003,112
1,[],27,[],2019-05-14 11:06:07,1.0,0.00000001,0.000000000000800757,7627850,2019-05-14 11:06:07,btc,1.25032588,0.0,0.00000001,"btc,eth",1819.0,0.0,1e-08,112
1,[],4,[],2019-05-14 11:06:07,349614.07600416,0.00000161,0.000000000128921877,7627851,2019-05-14 11:06:07,btc,4.7176794226973,0.0,0.00000161,btc,514754.78855433,0.08478952,0.1764148646425617,113
1,[],5,[],2019-05-14 11:06:08,0.0,0,0,7627852,2019-05-14 11:06:08,btc,0.0,0.0,0,btc,0.0,0.0,0.0,113
1,[],17,[],2019-04-26 02:17:47,162738.278,0.00000004,0.0000000000021069000000000002,7461287,2019-04-26 02:17:47,btc,1.3331140273775473,0.0,0.00000004,btc,51796.221,0.0,0.00230953112,116
0,[],27,[],2019-04-26 02:19:51,0.0,0,0,7461288,2019-04-26 02:19:51,,0.0,0.0,0,,0.0,0.0,0.0,116
1,[],4,[],2019-05-07 20:09:28,131822.85721655,0.00001022,0.00000000060230548,7572994,2019-05-07 20:09:28,btc,132.18460413545117,0.0,0.00001022,btc,268070.13193351,0.06918336,1.0489745103085106,120
1,[],7,[],2019-05-07 20:09:30,9501.79941055,0.000011699999999999999788190263583231853772304020822048187255859375,0.0000000006895277999999999,7572995,2019-05-07 20:09:30,btc,231185.88817567716,62.23644451,0.000011699999999999999788190263583231853772304020822048187255859375,btc,4076.97424313,0.00072692,0.018013380795019,120
1,[],20,[],2019-04-07 18:42:29,1914137.0852,0.000000035,0.0000000000017871910000000002,7211992,2019-04-07 18:42:29,btc,32.2497668025648,25528.85,0.000000035,btc,1001975.4986,0.00089350975,0.0152723574729,125
1,[],22,[],2019-05-14 11:06:12,10000.0,0.00000001,0.000000000000800757,7627853,2019-05-14 11:06:12,BTC,0.032061,0.0,0.00000001,BTC,299316.7611111111,0.0,0.0001,126
1,[],4,[],2019-05-14 11:06:13,1929538.82643847,0.00000651,0.000000000521292807,7627854,2019-05-14 11:06:13,btc,3.31589731418842,0.0,0.00000651,btc,159373.22634062,0.19516273,0.8532836835466429,131
0,[],2,[],2019-01-20 23:25:46,0.0,0,0,6476969,2019-01-20 23:25:46,,0.0,0.0,0,,0.0,0.0,0.0,131
1,[],17,[],2019-05-03 01:13:10,10000.0,0.00000001,0.000000000000548003,7559115,2019-05-03 01:13:10,btc,0.0953976503951408,0.0,0.00000001,btc,5037.62507334,0.0,0.0001,131
1,[],4,[],2019-05-14 11:08:14,4738.28364623,0.00010335,0.000000008275823595,7627855,2019-05-14 11:08:14,btc,5.036279442141634,0.0,0.00010335,btc,209.8410079,0.00688728,0.0096956928692921,135
1,[],3,[],2019-05-14 11:08:14,229965.7525,0.00000002,0.000000000001601514,7627856,2019-05-14 11:08:14,btc,0.20777108262735938,250145.657254,0.00000002,btc,1674357.25372,0.0,0.002491607525,136
1,[],4,[],2019-05-14 11:08:15,2650290.50351179,0.00000181,0.000000000144937017,7627857,2019-05-14 11:08:15,btc,318.77459611181047,0.0,0.00000181,btc,532443.85055754,0.02062886,0.5670611106725845,137
1,[],12,[],2019-05-14 11:08:16,324516.9253632,0.000001870000000000000095373470405946125794116596807725727558135986328125,0.000000000149741559,7627858,2019-05-14 11:08:16,btc,48551.27905693156,0.0,0.000001870000000000000095373470405946125794116596807725727558135986328125,btc,62376.65209715,0.00020229779221,0.0237113657271202,137
1,[],4,[],2019-05-14 11:08:17,51042.89923285,0.00002712,0.000000002171652984,7627859,2019-05-14 11:08:17,btc,6.03959231647294,0.0,0.00002712,btc,86953.50904153,0.60915516,0.1473631481985649,142
1,[],5,[],2019-05-14 11:08:19,0.0,0,0,7627860,2019-05-14 11:08:19,btc,0.0,0.04203837,0,btc,0.0,0.0,0.0,142
1,[],22,[],2019-05-14 11:10:25,1370.0,0.00000200,0.0000000001601514,7627861,2019-05-14 11:10:25,BTC,3.2756588,0.0,0.00000200,BTC,1135.5948275773155,0.0,0.0003632,142
0.0,[],25,[],2019-05-14 11:10:28,0.0,0,0,7627862,2019-05-14 11:10:28,,0.0,0.0,0.0,btc,0.0,0.0,0.0,142
1,[],28,[],2019-05-14 11:11:26,79102.0,0.00003311,0.000000002651306427,7627863,2019-05-14 11:11:26,btc,0.0555251924,223237.9674,0.00003311,btc,438.37303,0.0,0.07347342,142
1,[],20,[],2019-05-14 10:41:12,162671.7798,0.00002856,0.000000002287853064,7627714,2019-05-14 10:41:12,btc,1.7315124941173,0.02,0.00002856,btc,8790.68,5.714e-07,0.046341156488,142
1,[],17,[],2019-05-03 01:13:16,32967.38636364,0.00000088,0.000000000048224264,7559122,2019-05-03 01:13:16,btc,20.06976206696776,0.0,0.00000088,btc,2746.079105,0.0,0.0105613000000032,142
0,[],22,[],2019-05-14 11:11:30,0.0,0,0,7627864,2019-05-14 11:11:30,,64.21505383,0.0,0,,691775795.8,0.0,0.0,143
0,[],22,[],2019-02-25 15:42:22,0.0,0,0,6783783,2019-02-25 15:42:22,,4.2131946,0.0,0,,2322156.0,0.0,0.0,146
,[],22,[],2018-11-20 23:01:11,0.0,0,0,4862114,2018-11-20 23:01:11,,2.56807021,0.0,,,61828.4988236,0.0,0.0,147
1,[],12,[],2019-04-21 06:38:04,193091.5971266,0.00000071,0.000000000037635183,7388679,2019-04-21 06:38:04,btc,2.301232411611175,0.0,0.00000071,btc,9957.48302385,0.00023528,0.0313308199999888,148
1,[],4,[],2019-03-19 21:31:25,255810.0415942,0.00000029,0.000000000011615747,6982695,2019-03-19 21:31:25,btc,218.94922712414143,0.0,0.00000029,btc,793529.37642722,0.00117,0.0608347789473395,152
0,[],22,[],2019-03-19 21:31:27,0.0,0,0,6982696,2019-03-19 21:31:27,,0.0,0.0,0,,0.0,0.0,0.0,152
1,[],5,[],2019-04-26 09:36:59,0.0,0,0,7465040,2019-04-26 09:36:59,btc,0.0,0.0,0,btc,0.0,0.0,0.0,153
,[],16,[],2019-01-11 15:38:59,0.0,0,0,6366141,2019-01-11 15:38:59,btc,0.0,0.0,,btc,0.0,0.0,0.0,155
0,[],22,[],2019-05-11 16:24:45,0.0,0,0,7616280,2019-05-11 16:24:45,,6.80191271,0.0,0,,4673448.342592592,0.0,0.0,156
0,[],23,[],2019-01-20 23:24:29,0.0,0,0,6476932,2019-01-20 23:24:29,,0.0,0.0,0,,0.0,0.0,0.0,156
1,[],22,[],2019-05-14 11:11:34,7066.0,0.00000800,0.0000000006406056,7627865,2019-05-14 11:11:34,BTC,1.79802465,0.0,0.00000800,BTC,802.6461988741639,0.0,0.00062996,157
0,[],22,[],2019-05-07 22:25:46,0.0,0,0,7574238,2019-05-07 22:25:46,,50234.60468402,0.0,0,,54786159.03179465,0.0,0.0,158
,[],17,[],2018-11-20 22:56:10,0.0,0,0,4861976,2018-11-20 22:56:10,btc,1.1265625,0.0,,btc,1000.0,0.0,0.0,159
,[],20,[],2018-11-20 22:56:12,0.0,0,0,4861977,2018-11-20 22:56:12,btc,11912.7940471,0.0,,btc,34413894.3617,0.0,0.0,159
1,[],12,[],2019-05-14 11:11:35,267163.05505464,0.000003019999999999999884515121395534009707262157462537288665771484375,0.00000000024182861399999997,7627866,2019-05-14 11:11:35,btc,26.154585399449356,0.0,0.000003019999999999999884515121395534009707262157462537288665771484375,btc,13168.42635479,0.0025210297151824,0.0488981328999258,168
1,[],17,[],2019-05-03 01:13:36,42852.0,0.00000002,0.000000000001096006,7559132,2019-05-03 01:13:36,btc,0.04279856251542,0.0,0.00000002,btc,274.46171372,0.0,0.00052852,168
1,[],22,[],2019-05-07 03:57:18,743122.0,0.00000001,0.000000000000593596,7562020,2019-05-07 03:57:18,BTC,41.40912107,0.0,0.00000001,BTC,1593401.2737547632,0.00342649,0.00743122,169
1,[],22,[],2019-05-14 11:13:39,303135.0,0.00000009,0.000000000007206813,7627867,2019-05-14 11:13:39,BTC,27.8591798,0.0,0.00000009,BTC,435261.0737821733,0.00021035,0.00657675,171
1,[],22,[],2019-05-14 10:43:34,225172.0,0.00000009,0.0000000000072096209999999995,7627722,2019-05-14 10:43:34,BTC,10824.11794416,0.0,0.00000009,"BTC,LTC",805286.68184906,0.00553653,0.00885945,173
1,[],5,[],2019-05-06 19:49:32,0.0,0,0,7559281,2019-05-06 19:49:32,btc,0.0,0.00023336,0,btc,0.0,0.0,0.0,175
1,[],22,[],2019-05-14 11:13:42,90671.0,0.00000001,0.000000000000800757,7627868,2019-05-14 11:13:42,BTC,394.35459412,0.0,0.00000001,BTC,136275.61833431243,0.0,0.00090671,176
1,[],7,[],2019-05-14 11:13:46,0.0,0,0,7627869,2019-05-14 11:13:46,btc,520274.28919346945,0.0,0,btc,27934007.27789555,0.0,0.0,178
0,[],22,[],2019-05-14 11:13:49,0.0,0,0,7627870,2019-05-14 11:13:49,,1.00242428,0.0,0,,57512.0,0.0,0.0,178
0,[],2,[],2019-01-20 23:28:34,0.0,0,0,6477001,2019-01-20 23:28:34,,0.0,0.0,0,,0.0,0.0,0.0,178
1,[],5,[],2019-05-14 11:13:50,0.0,0,0,7627871,2019-05-14 11:13:50,btc,0.0,0.0645799,0,btc,0.0,0.0,0.0,179
1,[],22,[],2019-05-14 11:13:54,2000676.0,0.00000001,0.000000000000800757,7627872,2019-05-14 11:13:54,BTC,5.32298207,0.0,0.00000001,BTC,13978945.311946675,1e-06,0.02000676,179
0,[],23,[],2019-01-20 23:25:08,0.0,0,0,6476952,2019-01-20 23:25:08,,0.0,0.0,0,,0.0,0.0,0.0,179
1,[],22,[],2019-05-14 11:16:00,665532.982953083,0.00000117,0.000000000093688569,7627873,2019-05-14 11:16:00,BTC,41.99927617,0.0,0.00000117,"BTC,LTC",66018.9051697834,0.00047806,0.56532963,180
1,[],26,[],2019-05-14 11:16:00,0.0,0.00000250,0.00000000020018925,7627874,2019-05-14 11:16:00,btc,0.0,0.0,0.00000250,btc,0.0,0.0,0.0,180
1,[],17,[],2019-05-03 01:13:56,20504.725000000002,0.0000001,0.00000000000548003,7559141,2019-05-03 01:13:56,btc,5.2010695838400265,0.0,0.0000001,btc,5033.45945,0.0,0.0011504725,180
,[],7,[],2018-11-20 22:58:01,562227.975654,0.00000085,0.000000000036176765,4862015,2018-11-20 22:58:01,btc,21836.6059674,2491.87645172,,btc,749999.041456,0.00211021,0.127565380455,183
,[],5,[],2019-01-10 08:11:41,0.0,0,0,6347036,2019-01-10 08:11:41,btc,82.15055501,0.00261,,btc,1.19002445,0.0,0.0,187
1,[],24,[],2019-04-30 17:34:05,0.0,0.000000000014,7.396256000000001e-16,7526291,2019-04-30 17:34:05,btc,0.0,0.0,0.000000000014,btc,0.0,0.0,0.0,187
,[],17,[],2018-11-16 20:58:10,4062536.27273,0.00000001,0.000000000000550501,4708775,2018-11-16 20:58:10,btc,3.36492563466,0.195460381006,,"btc,eth",110697919.549,0.0,0.0157628953496,187
0,[],22,[],2019-04-25 02:54:07,0.0,0,0,7447896,2019-04-25 02:54:07,,7.54794454,0.0,0,,76361.7243344055,0.0,0.0,191
0,[],22,[],2019-05-14 11:16:05,0.0,0,0,7627875,2019-05-14 11:16:05,,0.0,0.0,0,,0.0,0.0,0.0,197
0,[],23,[],2019-01-20 23:31:41,0.0,0,0,6477079,2019-01-20 23:31:41,,0.0,0.0,0,,0.0,0.0,0.0,199
0.0000000001121163,[],22,[],2019-05-14 11:16:09,53056789.0,2.242326e-18,1.795558240782e-22,7627876,2019-05-14 11:16:09,LTC,7.57515936,0.0,0.00000002,LTC,34526499.0,0.0,0.60713197,199
1,[],26,[],2019-05-14 11:16:09,0.0,0.00000000,0,7627877,2019-05-14 11:16:09,btc,0.0,0.0,0.00000000,btc,0.0,0.0,0.0,199
0,[],2,[],2019-01-20 23:30:49,0.0,0,0,6477059,2019-01-20 23:30:49,,0.0,0.0,0,,0.0,0.0,0.0,201
1,[],4,[],2019-01-25 15:51:35,2084389.58565343,0.00000936,0.000000000333526752,6499557,2019-01-25 15:51:35,btc,2.0092503037378524,0.0,0.00000936,btc,160195.80207885,0.19272417,1.242687955921835,211
1,[],7,[],2019-05-14 11:16:14,14098370.284508679,0.00000083,0.000000000066462831,7627878,2019-05-14 11:16:14,btc,15200776.257078322,77903.6631164,0.00000083,btc,11754491.39718073,0.0,1.26436266438735,212
1,[],5,[],2019-05-07 13:02:51,0.0,0,0,7566706,2019-05-07 13:02:51,btc,0.0,0.43032184,0,btc,0.0,0.0,0.0,213
1,[],24,[],2019-05-07 13:02:52,0.0,0.000000050000,0.000000000002968865,7566707,2019-05-07 13:02:52,btc,0.0,0.0,0.000000050000,btc,0.0,0.0,0.0,213
1,[],26,[],2019-05-07 13:02:52,0.0,0.00000040,0.00000000002375092,7566708,2019-05-07 13:02:52,btc,0.0,0.0,0.00000040,btc,0.0,0.0,0.0,213
1,[],12,[],2019-01-25 02:44:32,207462.42853209,0.000001080000000000000035831255497387193287295303889550268650054931640625,0.000000000038610756000000006,6493050,2019-01-25 02:44:32,btc,85023.03793723314,0.0,0.000001080000000000000035831255497387193287295303889550268650054931640625,btc,43675.73520027,0.000146250909087,0.0348620860622024,213
0,[],22,[],2019-05-14 11:16:17,0.0,0,0,7627879,2019-05-14 11:16:17,,9.58264616,0.0,0,,2560817.094064925,0.0,0.0,216
0,[],27,[],2019-05-14 11:16:29,0.0,0,0,7627880,2019-05-14 11:16:29,,65.71768540867708,0.0,0,"btc,ltc",240810.447308,0.0,0.0,216
1,[],22,[],2019-05-14 11:16:33,1013854.3845638939,0.00000075,0.000000000060056775,7627881,2019-05-14 11:16:33,BTC,12054.94645513,0.0,0.00000075,BTC,441142.11935225356,0.01004242,0.13160377,217
1,[],7,[],2019-05-14 11:16:34,0.0,0,0,7627882,2019-05-14 11:16:34,btc,122413.67975462937,1000.0,0,btc,137781098.61523312,1e-05,0.0,219
0,[],27,[],2019-05-14 11:16:41,0.0,0,0,7627883,2019-05-14 11:16:41,,0.06997067,0.0,0,btc,1753528.0,0.0,0.0,219
0.00000000000000355,[],28,[],2019-05-14 11:17:24,475599792.392,2.3075e-18,1.8477467775e-22,7627884,2019-05-14 11:17:24,doge,3571086.3904998554,41992.209,0.00065000,"btc,doge",46853905.214,0.0,1.9371579484632872e-11,219
1,[],22,[],2019-05-14 10:46:45,372950.0,0.00000004,0.000000000003204276,7627740,2019-05-14 10:46:45,BTC,56.7649867,0.0,0.00000004,BTC,131552.84827387411,8.8e-06,0.011972,221
1,[],24,[],2019-05-14 10:46:45,0.0,0.000000010000,0.000000000000801069,7627741,2019-05-14 10:46:45,btc,0.0,0.0,0.000000010000,btc,0.0,0.0,0.0,221
1,[],20,[],2019-05-14 11:17:26,7919428.5971,0.000000009,0.0000000000007206813,7627885,2019-05-14 11:17:26,btc,100081.15422324731,1143393.7158,0.000000009,btc,27604156.5398,0.0141373308738,0.0251742442985,224
0,[],22,[],2019-05-14 11:17:28,0.0,0,0,7627886,2019-05-14 11:17:28,,0.0,0.0,0,,0.0,0.0,0.0,224
1,[],26,[],2019-05-14 11:17:29,0.0,0.00000026,0.000000000020819682,7627887,2019-05-14 11:17:29,btc,0.0,0.0,0.00000026,btc,0.0,0.0,0.0,231
1,[],26,[],2019-05-14 10:46:51,0.0,0.00000005,0.000000000004005345,7627745,2019-05-14 10:46:51,btc,0.0,0.0,0.00000005,btc,0.0,0.0,0.0,234
0,[],27,[],2019-05-14 10:46:57,0.0,0,0,7627746,2019-05-14 10:46:57,,0.01134836604,0.0,0,"btc,eth",11462.996,0.0,0.0,234
1,[],4,[],2019-04-29 21:02:20,217188.93193785,0.00000080,0.00000000004151584,7514327,2019-04-29 21:02:20,btc,5.239800103892936,0.0,0.00000080,btc,797346.30008933,0.0,0.0590549781555679,236
1,[],24,[],2019-04-29 21:02:20,0.0,0.000000100000,0.00000000000518948,7514328,2019-04-29 21:02:20,btc,0.0,0.0,0.000000100000,btc,0.0,0.0,0.0,236
1,[],5,[],2019-05-06 20:53:15,0.0,0,0,7559637,2019-05-06 20:53:15,btc,0.0,0.20253514,0,btc,0.0,0.0,0.0,237
1,[],20,[],2019-05-06 20:53:18,38173217.6136,0.000000083,0.0000000000047460728,7559638,2019-05-06 20:53:18,btc,21342.514614200165,8832375.7238,0.000000083,btc,27701499.3386,0.7554403456107,1.3621107610479,237
1,[],22,[],2019-05-06 20:53:20,343938.0,0.00000009,0.000000000005146344,7559639,2019-05-06 20:53:20,BTC,1.20267422,0.0,0.00000009,BTC,17930.94871794872,0.0,0.01017442,237
1,[],4,[],2019-05-14 11:17:30,10448793.92692747,0.00000013,0.000000000010409841,7627888,2019-05-14 11:17:30,btc,2.5857029315351707,0.0,0.00000013,btc,8222598.8827615,0.1645335,0.7845677006046593,238
1,[],5,[],2019-05-14 11:17:31,0.0,0,0,7627889,2019-05-14 11:17:31,btc,0.0,0.01398335,0,btc,0.0,0.0,0.0,238
0,[],22,[],2019-03-12 16:49:32,0.0,0,0,6914458,2019-03-12 16:49:32,,0.40415746,0.0,0,,526736.5639027493,0.0,0.0,249
0,[],22,[],2019-05-14 07:08:36,0.0,0,0,7627081,2019-05-14 07:08:36,,4.50924384,0.0,0,,38675894.69978836,0.0,0.0,252
1,[],28,[],2019-05-14 10:47:02,5004346.0,0.00000007,0.000000000005607483,7627749,2019-05-14 10:47:02,btc,43893.06999561579,273350.652,0.00000007,btc,2999769.8072,0.0,0.05015322,256
1,[],22,[],2019-05-14 11:17:35,1088993.5,0.00000002,0.000000000001601514,7627890,2019-05-14 11:17:35,BTC,21.86085896,0.0,0.00000002,BTC,501508.63333384093,0.0,0.01124633,258
1,[],22,[],2019-03-13 00:07:30,47146.0,0.00000001,0.000000000000387233,6917028,2019-03-13 00:07:30,BTC,2.415167,0.0,0.00000001,BTC,157.0,0.0,0.00047146,259
1,[],5,[],2019-05-14 11:17:37,0.0,0,0,7627891,2019-05-14 11:17:37,btc,0.0,0.21693295,0,btc,0.0,0.0,0.0,264
1,[],20,[],2019-05-14 11:17:39,1323934.8211,0.00000065,0.000000000052049205,7627892,2019-05-14 11:17:39,btc,5.0491829025034,121537.4603,0.00000065,btc,98221.2273,0.105361606082,0.0387285907863,264
0,[],22,[],2019-04-12 17:57:27,0.0,0,0,7278186,2019-04-12 17:57:27,,66.37522201,0.0,0,,677842.4169881374,0.0,0.0,271
0,[],22,[],2019-05-14 04:03:16,0.0,0,0,7626753,2019-05-14 04:03:16,,33050467.4724609,0.0,0,,14361462970.7,0.0,0.0,272
0.00000000000000356,[],28,[],2019-05-14 04:03:45,310879238682.584,2.1004e-21,1.6586942816000001e-25,7626754,2019-05-14 04:03:45,doge,25516528.6710473,1372178409.39,0.00000059,doge,363399960660.476,0.0,2.23620560165344e-10,272
1,[],22,[],2019-05-14 11:17:43,120051.0,0.00000003,0.0000000000024022709999999998,7627893,2019-05-14 11:17:43,BTC,427.3537226,0.0,0.00000003,BTC,252696.24053280082,0.00052139,0.00340091,281
1,[],22,[],2019-05-14 11:17:47,411322.43333333335,0.00000003,0.0000000000024022709999999998,7627894,2019-05-14 11:17:47,BTC,1.51996448,0.0,0.00000003,"BTC,LTC",533789.7155881717,0.00979706,0.01514807,286
0,[],22,[],2019-05-14 11:17:51,0.0,0,0,7627895,2019-05-14 11:17:51,,7337884.04871657,0.0,0,,1337070379.7797825,0.0,0.0,294
