pairValue,buyBook,exchangeId,sellBook,updated,buyTotal,satoshiPrice,usdPrice,exchangeLogId,created,bestPair,sellTotalBtc,volume,pairPrice,activePairs,sellTotal,volumeBtc,buyTotalBtc,coinId
1,[],3,[],2019-02-25 13:45:45,30537.92055719186,0.012558750000000000468514116391816060058772563934326171875,0.000000477962163375,6782983,2019-02-25 13:45:45,btc,61.11774759670515,0.17163166,0.012558750000000000468514116391816060058772563934326171875,btc,25.705180397907,0.0,0.2802210741624998,1
1,[],4,[],2019-02-25 13:45:46,302963.71738872,0.01260273,0.000000479635958613,6782984,2019-02-25 13:45:46,btc,9.212556743892923,0.0,0.01260273,btc,263.64175811,1.38162727,1.2697117777288804,1
1,[],5,[],2019-02-25 13:45:47,0.0,0,0,6782985,2019-02-25 13:45:47,btc,0.0,0.57686119,0,btc,0.0,0.0,0.0,1
1,[],10,[],2019-02-25 13:45:50,414672.51482971,0.01167429,0.000000444301296249,6782986,2019-02-25 13:45:50,btc,6523.07980199978,1515.98482896,0.01167429,btc,1076.47342445,0.0,5.544399539473809,1
1,[],12,[],2019-02-25 13:45:52,10428.01219156,0.0127899999999999992861265951660243445076048374176025390625,0.000000486763099,6782987,2019-02-25 13:45:52,btc,0.3466865800188,0.0,0.0127899999999999992861265951660243445076048374176025390625,btc,18.5264129,0.1512349012491,0.25175954512,1
1,[],20,[],2019-02-25 13:45:54,1150.428,0.010500214,0.0000003996181944334,6782988,2019-02-25 13:45:54,btc,0.0610059426969,0.0472,0.010500214,btc,2.7408,0.0006372098648,0.0915544251227,1
1,[],21,[],2019-02-25 13:45:55,2840.72797574,0.01261471999999999940578199187,0.000000480092275232,6782989,2019-02-25 13:45:55,btc,24.304607952062156,3309.2476731499996,0.0126147199999999994057819918680252158083021640777587890625,"btc,eth",2523.0733,35.71970737623811,26.60803001151508,1
1,[],22,[],2019-02-25 13:45:59,0.0163776,0.01300000,0.0000004947553,6782990,2019-02-25 13:45:59,BTC,0.31423927,0.0,0.01300000,BTC,0.11751954901960784,0.0,0.00020972,1
1,[],24,[],2019-02-25 13:45:59,0.0,0.000000000000,0,6782991,2019-02-25 13:45:59,btc,0.0,0.0,0.000000000000,btc,0.0,0.0,0.0,1
0.0,[],25,[],2019-02-25 13:46:00,0.0,0,0,6782992,2019-02-25 13:46:00,btc,15.699399997575183,321.17605145,0.0,btc,1209.06028883,4.095,0.0,1
1,[],26,[],2019-02-25 13:46:01,0.0,0,0,6782993,2019-02-25 13:46:01,,0.0,0.0,0,,0.0,0.0,0.0,1
1,[],28,[],2019-02-25 13:46:07,993.21,0.01323000,0.000000503508663,6782994,2019-02-25 13:46:07,btc,0.162839806,18651.45,0.01323000,btc,8.9,0.0,0.090071836,1
0,[],2,[],2019-01-20 23:28:45,0.0,0,0,6477011,2019-01-20 23:28:45,,0.0,0.0,0,,0.0,0.0,0.0,1
1,[],5,[],2019-02-25 13:46:07,0.0,0,0,6782995,2019-02-25 13:46:07,btc,0.0,0.01186209,0,btc,0.0,0.0,0.0,2
0.00000000012655380000000001,[],22,[],2019-02-25 13:46:11,1148.0,1.3920918000000002e-16,5.2980368933580004e-21,6782996,2019-02-25 13:46:11,XMR,21.01373823,0.0,0.00000110,XMR,14319.12581,0.0,0.00087635,2
1,[],5,[],2019-02-25 13:46:12,0.0,0,0,6782997,2019-02-25 13:46:12,btc,0.0,0.02782645,0,btc,0.0,0.0,0.0,3
1,[],12,[],2019-02-25 13:46:13,13459367.9648,0.000000173,0.0000000000065840513,6782998,2019-02-25 13:46:13,btc,924396.4739083052,0.0,0.000000173,btc,7846323.76578565,0.2259807454965701,0.6962079074809,3
0,[],28,[],2019-02-25 13:46:19,0.0,0,0,6782999,2019-02-25 13:46:19,,0.0,0.0,0,,0.0,0.0,0.0,3
0,[],2,[],2019-01-20 23:31:32,0.0,0,0,6477077,2019-01-20 23:31:32,,0.0,0.0,0,,0.0,0.0,0.0,4
1,[],4,[],2019-02-25 13:46:19,416190.15977175,0.00000032,0.000000000012178592,6783000,2019-02-25 13:46:19,btc,31.60158132384581,0.0,0.00000032,btc,688680.6997793,0.00021762,0.0598506125398541,4
1,[],12,[],2019-02-22 14:50:14,1367032.5219999999,0.00000003,0.000000000001190475,6759350,2019-02-22 14:50:14,btc,11013869.583570713,0.0,0.00000003,btc,1211697.32371984,0.00024567976024,0.02065290044,5
1,[],11,[],2019-02-25 13:46:21,3351329.5,0.00000002,0.000000000000761162,6783001,2019-02-25 13:46:21,btc,9432.728435181234,61187.0,0.00000002,btc,41462686.95347657,0.0,0.034501425,6
0,[],2,[],2019-01-20 23:31:51,0.0,0,0,6477087,2019-01-20 23:31:51,,0.0,0.0,0,,0.0,0.0,0.0,6
1,[],3,[],2019-02-25 13:46:22,1091.857220066689,0.00015102999999999999563259078794175138682476244866847991943359375,0.0000000057479148429999995,6783002,2019-02-25 13:46:22,btc,27.605796873748474,0.0,0.00015102999999999999563259078794175138682476244866847991943359375,btc,249.144760639695,0.0,0.03419745781762677,7
1,[],4,[],2019-02-25 13:46:23,93582.2152805,0.00023751,0.000000009039179331,6783003,2019-02-25 13:46:23,btc,12.880820793402625,0.0,0.00023751,btc,41635.88050361,3.14806897,4.6985514986303665,7
1,[],5,[],2019-02-25 13:46:24,0.0,0,0,6783004,2019-02-25 13:46:24,btc,0.0,1.07977796,0,btc,0.0,0.0,0.0,7
1,[],20,[],2019-02-20 02:16:17,39399275.8418,0.000000001,0.0000000000000390183,6728586,2019-02-20 02:16:17,btc,116.9737569154545,525.0,0.000000001,btc,56932965.8895,5.25e-07,0.0393992758418,8
1,[],4,[],2019-02-25 13:46:26,2169631.79730259,0.00000196,0.000000000074593876,6783005,2019-02-25 13:46:26,btc,5.648538538004304,0.0,0.00000196,btc,2087693.55320723,6.61796887,1.1585810774528298,9
1,[],28,[],2019-02-25 13:46:31,50365.0,0.00000185,0.000000000070407485,6783006,2019-02-25 13:46:31,btc,2708.76220322,3719443.81,0.00000185,btc,11979.68,0.0,0.05600435,9
0,[],2,[],2019-01-20 23:22:42,0.0,0,0,6476876,2019-01-20 23:22:42,,0.0,0.0,0,,0.0,0.0,0.0,9
0,[],23,[],2019-01-20 23:22:48,0.0,0,0,6476878,2019-01-20 23:22:48,,0.0,0.0,0,,0.0,0.0,0.0,9
1,[],1,[],2019-02-17 23:31:42,1822507.21,0.00000181000000000000003456111265232042484285557293333113193511962890625,0.000000000066086901,6701244,2019-02-17 23:31:42,btc,3.6990969245,17153386.5,0.00000181000000000000003456111265232042484285557293333113193511962890625,btc,1997391.71,31.11772986,3.2610482446,9
1,[],4,[],2019-02-17 11:22:43,4341674.27126056,0.00000002,0.0000000000007272960000000001,6696112,2019-02-17 11:22:43,btc,0.1997230937751353,0.0,0.00000002,btc,4109766.79808031,0.00215132,0.0479381022052112,10
0,[],2,[],2019-01-20 23:23:08,0.0,0,0,6476890,2019-01-20 23:23:08,,0.0,0.0,0,,0.0,0.0,0.0,12
1,[],4,[],2019-02-25 13:37:29,3283217.71990701,0.00000126,0.00000000004786425,6782823,2019-02-25 13:37:29,btc,12.181668813443624,0.0,0.00000126,btc,6344188.85390836,2.26331377,1.459974147032328,12
1,[],5,[],2019-02-25 13:37:30,0.0,0,0,6782824,2019-02-25 13:37:30,btc,0.0,0.32212929,0,btc,0.0,0.0,0.0,12
0.0,[],25,[],2019-02-25 13:37:31,0.0,0,0,6782825,2019-02-25 13:37:31,,0.0,0.0,0.0,btc,0.0,0.0,0.0,12
1,[],4,[],2019-02-25 13:46:32,1213917.08660938,0.00000552,0.000000000210080712,6783007,2019-02-25 13:46:32,btc,3.181863695017401,0.0,0.00000552,btc,447055.285881,0.2203974,0.6958783446305152,13
1,[],10,[],2019-02-25 13:46:34,472242.93449942,0.00000528,0.000000000200946768,6783008,2019-02-25 13:46:34,btc,666802.605542483,9280.7277382,0.00000528,btc,745135.79500729,0.0,0.2755721298744565,13
1,[],21,[],2019-02-25 13:46:36,587701.43704143,0.000005499999999999999856993733449,0.00000000020931955,6783009,2019-02-25 13:46:36,btc,5.437045985413031,450432.95506091,0.000005499999999999999856993733449161965154416975565254688262939453125,btc,868964.5572200901,2.50573193,2.986060170426693,13
1,[],4,[],2019-02-25 13:46:36,649482.9286595,0.00000118,0.000000000044908558,6783010,2019-02-25 13:46:36,btc,9.14820378691503,0.0,0.00000118,btc,879403.85739838,0.04046317,0.1059662903604304,14
1,[],12,[],2019-02-25 13:46:38,117246.91304348,0.000001129999999999999980629101885287735029805844533257186412811279296875,0.000000000043005653,6783011,2019-02-25 13:46:38,btc,5.294347024597786,0.0,0.000001129999999999999980629101885287735029805844533257186412811279296875,btc,33866.19873547,1.36863137e-06,0.0222175200000004,14
0,[],17,[],2019-02-25 13:46:49,0.0,0,0,6783012,2019-02-25 13:46:49,btc,0.0,0.0,0,btc,0.0,0.0,0.0,14
1,[],26,[],2019-02-25 13:46:49,0.0,0.00000050,0.00000000001902905,6783013,2019-02-25 13:46:49,btc,0.0,0.0,0.00000050,btc,0.0,0.0,0.0,14
0,[],4,[],2019-02-25 13:46:50,0.0,0,0,6783014,2019-02-25 13:46:50,,0.0,0.0,0,,0.0,0.0,0.0,15
,[],12,[],2018-12-01 15:15:48,204241.84496,0.00000489,0.000000000202473384,5260204,2018-12-01 15:15:48,btc,49.5475654835,0.0,,btc,35763.2193806,0.0163153972027625,0.0203389899998,15
0,[],2,[],2019-01-20 23:23:38,0.0,0,0,6476906,2019-01-20 23:23:38,,0.0,0.0,0,,0.0,0.0,0.0,18
1,[],4,[],2019-02-25 13:37:44,26053.53504472,0.00001780,0.0000000006761775,6782833,2019-02-25 13:37:44,btc,1.2219473685312991,0.0,0.00001780,btc,9001.88761107,0.1052635,0.0847725843200986,18
1,[],10,[],2019-02-25 13:37:46,783951.06759003,0.00001745,0.0000000006628818750000001,6782834,2019-02-25 13:37:46,btc,19.97070060475149,11118.7564522,0.00001745,btc,19935.84434936,0.0,0.14727431609344,18
1,[],12,[],2019-02-25 13:37:47,199125.95176566,0.0000187000000000000005302182304323110884070047177374362945556640625,0.00000000071036625,6782835,2019-02-25 13:37:47,btc,23.668467077077974,0.0,0.0000187000000000000005302182304323110884070047177374362945556640625,btc,1890.19919731,0.0109796821162022,0.0331212323862776,18
0,[],17,[],2019-02-25 13:31:31,0.0,0,0,6782656,2019-02-25 13:31:31,btc,0.0,0.0,0,btc,0.0,0.0,0.0,18
1,[],3,[],2019-02-25 13:46:51,120776.3141567528,0.00002203999999999999904500003200524815838434733450412750244140625,0.000000000838800524,6783015,2019-02-25 13:46:51,btc,0.5962511256677082,50.2732512556,0.00002203999999999999904500003200524815838434733450412750244140625,btc,11434.512809434738,0.0,0.07966178993169826,19
1,[],4,[],2019-02-25 13:46:52,376811.34073753,0.00002002,0.000000000761923162,6783016,2019-02-25 13:46:52,btc,2.20224474724627,0.0,0.00002002,btc,70986.68971148,0.97422581,2.2771377066854317,19
1,[],5,[],2019-02-25 13:46:53,0.0,0,0,6783017,2019-02-25 13:46:53,btc,0.0,0.00016416,0,btc,0.0,0.0,0.0,19
1,[],12,[],2019-02-25 13:46:54,134072.16435061,0.00001841999999999999982291075395490764776695868931710720062255859375,0.000000000701030202,6783018,2019-02-25 13:46:54,btc,1.357893348895956,0.0,0.00001841999999999999982291075395490764776695868931710720062255859375,btc,382.27457877,0.0,0.10445279000009619,19
0,[],27,[],2019-02-25 13:46:55,0.0,0,0,6783019,2019-02-25 13:46:55,,0.0,0.0,0,btc,0.0,0.0,0.0,19
0,[],2,[],2019-01-20 23:24:19,0.0,0,0,6476924,2019-01-20 23:24:19,,0.0,0.0,0,,0.0,0.0,0.0,19
1,[],4,[],2019-02-25 13:46:56,8069160.95424551,0.00000013,0.000000000004947553,6783020,2019-02-25 13:46:56,btc,7.376194659582633,0.0,0.00000013,btc,2844149.4360639,0.00013,0.2582725451781454,20
1,[],4,[],2019-02-25 13:46:57,104107556.68237025,0.00000002,0.000000000000761162,6783021,2019-02-25 13:46:57,btc,1800.1490522679403,0.0,0.00000002,btc,55255944.17817261,0.02286247,1.1698915775280452,21
1,[],12,[],2019-02-25 13:46:58,18647376.0,0.00000002,0.000000000000761162,6783022,2019-02-25 13:46:58,btc,670.3899289734848,0.0,0.00000002,btc,8544410.32857329,0.0,0.24518776,21
0,[],17,[],2019-02-25 13:38:07,0.0,0,0,6782844,2019-02-25 13:38:07,btc,0.0,0.0,0,btc,0.0,0.0,0.0,21
1,[],12,[],2019-02-25 13:47:10,3359272702.6808996,0.0000000002,0.00000000000000761162,6783023,2019-02-25 13:47:10,btc,875865842724.4619,0.0,0.0000000002,btc,4914463734.552888,0.029898595785415524,0.3781380127829904,23
0.00000000036413200000000003,[],27,[],2019-02-25 13:47:12,2000.0,3.64132e-18,1.38581720692e-22,6783024,2019-02-25 13:47:12,eth,1.3429826565934113,0.0,0.00000001,eth,1964879.85514486,0.0,7.28264e-15,23
1,[],4,[],2019-02-25 13:47:12,422714.64425178,0.00000059,0.000000000022454279,6783025,2019-02-25 13:47:12,btc,8.337202354650074,0.0,0.00000059,btc,1473850.11457057,0.00402149,0.1403697011991167,24
1,[],22,[],2019-02-25 13:47:16,11.76,0.00000100,0.0000000000380581,6783026,2019-02-25 13:47:16,BTC,7.415e-05,0.0,0.00000100,BTC,23.919354838709676,0.0,1.176e-05,24
0.0,[],25,[],2019-02-25 13:47:17,0.0,0,0,6783027,2019-02-25 13:47:17,,0.0,0.0,0.0,btc,0.0,0.0,0.0,24
1,[],4,[],2019-02-25 13:47:18,28280716.80526576,0.00000658,0.000000000250422298,6783028,2019-02-25 13:47:18,btc,167.69243328941513,0.0,0.00000658,btc,270068.7971848,0.12570408,0.471678338431034,26
1,[],10,[],2019-02-25 13:47:20,700728.24130405,0.00000645,0.000000000245474745,6783029,2019-02-25 13:47:20,btc,26.12557284852163,6053.00230437,0.00000645,btc,14071.92039774,0.0,0.2648833572417038,26
0,[],2,[],2019-01-20 23:25:56,0.0,0,0,6476976,2019-01-20 23:25:56,,0.0,0.0,0,,0.0,0.0,0.0,26
1,[],3,[],2019-02-25 13:47:20,6199666.70213569,0.00000001,0.000000000000380581,6783030,2019-02-25 13:47:20,btc,2.305344452908978,185.0,0.00000001,btc,17468726.40982035,0.0,0.061996667021356894,27
1,[],5,[],2019-02-25 13:47:21,0.0,0,0,6783031,2019-02-25 13:47:21,btc,0.0,0.00241175,0,btc,0.0,0.0,0.0,27
1,[],11,[],2019-02-25 13:47:23,9661469.607065821,0.00000005,0.000000000001902905,6783032,2019-02-25 13:47:23,btc,67506.53157702075,146281.413934,0.00000005,btc,8171781.9763934,0.0,0.4509737746429231,27
1,[],4,[],2019-02-25 13:47:24,1466520335.5477905,0.00000002,0.000000000000761162,6783033,2019-02-25 13:47:24,btc,2.452300824873592,0.0,0.00000002,"btc,ltc",355868624.5591335,0.31747112,11.234924242940965,29
1,[],7,[],2019-02-25 13:47:50,51950151.257984236,0.00000002,0.000000000000761162,6783034,2019-02-25 13:47:50,btc,44463896.84219534,36880.8433666,0.00000002,btc,60163094.1478531,0.0,0.7086609276639676,29
1,[],4,[],2019-02-25 13:47:51,1436760.1456282,0.00000029,0.000000000011036849,6783035,2019-02-25 13:47:51,btc,2.3338061544023123,0.0,0.00000029,btc,1568781.55724863,0.00047136,0.0997635166031418,30
0,[],17,[],2019-02-25 13:48:02,0.0,0,0,6783036,2019-02-25 13:48:02,btc,0.0,0.0,0,btc,0.0,0.0,0.0,30
1,[],4,[],2019-02-25 13:48:03,1112139.23034608,0.00005300,0.0000000020170793,6783037,2019-02-25 13:48:03,btc,4.975092900349056,0.0,0.00005300,btc,64630.0347268,0.79996993,0.8661818664364668,31
1,[],21,[],2019-02-25 13:48:04,36071.94906272,0.00005255999999999999821448382065,0.0000000020003337359999998,6783038,2019-02-25 13:48:04,btc,1.829931364732969,174704.23208024,0.000052559999999999998214483820646591993863694369792938232421875,btc,31920.36382585,9.67857714,1.6320693273526299,31
0,[],2,[],2019-01-20 23:28:43,0.0,0,0,6477009,2019-01-20 23:28:43,,0.0,0.0,0,,0.0,0.0,0.0,32
1,[],4,[],2019-02-25 13:40:21,330215118.0709717,0.00000004,0.0000000000015195,6782856,2019-02-25 13:40:21,btc,9.69157828246671,0.0,0.00000004,"btc,ltc",172591071.29382262,1.05976717,7.087664638367491,33
1,[],12,[],2019-02-25 13:40:22,17115827.941,0.00000005,0.000000000001899375,6782857,2019-02-25 13:40:22,btc,35620536.73161869,0.0,0.00000005,btc,89098352.50249718,0.0476983684715294,0.55995093705,33
1,[],4,[],2019-02-25 13:48:05,126182741.37162755,0.00000001,0.000000000000380581,6783039,2019-02-25 13:48:05,btc,4.1458950606891305,0.0,0.00000001,btc,98212550.66418318,0.03986463,1.2618274137162755,34
1,[],5,[],2019-02-25 13:48:06,0.0,0,0,6783040,2019-02-25 13:48:06,btc,0.0,0.33097105,0,btc,0.0,0.0,0.0,34
0.0000000001179589,[],4,[],2019-02-25 13:48:06,2683589512.07125,3.538767e-18,1.346787483627e-22,6783041,2019-02-25 13:48:06,ltc,2.5808765601967364e-08,0.0,0.00000003,ltc,2907042752.5602064,0.0,4.75030523405809e-09,36
1,[],5,[],2019-02-25 13:48:07,0.0,0,0,6783042,2019-02-25 13:48:07,btc,0.0,0.0,0,btc,0.0,0.0,0.0,36
0.00000000036413200000000003,[],27,[],2019-02-25 13:48:10,1000000.0,3.64132e-18,1.38581720692e-22,6783043,2019-02-25 13:48:10,eth,114.12865132688529,0.0,0.00000001,"ltc,eth",4157587.7875004,0.0,1.184512462e-12,36
0,[],17,[],2019-02-25 13:32:09,0.0,0,0,6782687,2019-02-25 13:32:09,btc,0.07464582834233796,0.0,0,btc,4105386.20243647,0.0,0.0,36
1,[],4,[],2019-02-25 13:48:11,631407.31153865,0.00000058,0.000000000022073698,6783044,2019-02-25 13:48:11,btc,19772.506170512344,0.0,0.00000058,btc,583748.94255653,0.01754003,0.1325582754607664,37
1,[],12,[],2019-02-25 13:48:12,460430.41820059,0.0000006,0.000000000022834859999999998,6783045,2019-02-25 13:48:12,btc,1346.9695984147784,0.0,0.0000006,btc,886439.23828994,0.1218853777797931,0.0964131850000008,37
1,[],17,[],2019-02-25 13:48:24,1752.74075282,0.00000025,0.000000000009514525,6783046,2019-02-25 13:48:24,btc,0.055484923777095005,0.0,0.00000025,btc,1319.19918473,0.0,0.00043818518820499993,37
1,[],27,[],2019-02-25 13:48:26,14685.567,0.00000045,0.000000000017126145,6783047,2019-02-25 13:48:26,btc,25.81968438349233,0.0,0.00000045,btc,6791.34738508,0.0,0.00480032515,37
1,[],5,[],2019-02-25 13:48:27,0.0,0,0,6783048,2019-02-25 13:48:27,btc,0.0,0.01819447,0,btc,0.0,0.0,0.0,42
1,[],12,[],2019-02-25 13:48:28,137047.30272164,0.00000096,0.000000000036535775999999995,6783049,2019-02-25 13:48:28,btc,94.69906985918388,0.0,0.00000096,btc,109858.16798842,0.0033452992838429,0.0425816579649599,42
0.00000000036413200000000003,[],27,[],2019-02-25 13:48:31,2000.0,3.64132e-18,1.38581720692e-22,6783050,2019-02-25 13:48:31,eth,0.00315028,0.0,0.00000001,"btc,eth",11.007,0.0,7.28264e-15,42
1,[],5,[],2019-02-25 13:48:32,0.0,0,0,6783051,2019-02-25 13:48:32,btc,0.0,0.01394032,0,btc,0.0,0.0,0.0,43
1,[],12,[],2019-02-25 13:48:32,1781593.0,0.00000001,0.000000000000380581,6783052,2019-02-25 13:48:32,btc,3569.5040086325275,0.0,0.00000001,btc,12096736.97242756,0.007009705954046,0.01781593,43
0,[],17,[],2019-02-25 13:48:34,0.0,0,0,6783053,2019-02-25 13:48:34,btc,0.0,0.0,0,btc,0.0,0.0,0.0,43
1,[],12,[],2019-02-25 13:40:50,667590.0,0.00000005,0.000000000001899375,6782871,2019-02-25 13:40:50,btc,11115177.731082477,0.0,0.00000005,btc,1111219.40161834,0.00033193976024,0.01669856,44
1,[],4,[],2019-02-25 13:48:35,303371082.7733453,0.00000002,0.000000000000761162,6783054,2019-02-25 13:48:35,btc,473.5701783716173,0.0,0.00000002,"btc,ltc",11771025.63216906,0.02347148,0.19406406666096,49
0,[],4,[],2019-02-25 13:48:36,0.0,0,0,6783055,2019-02-25 13:48:36,,25.475336661198586,0.0,0,,10686886357.282566,0.0,0.0,52
0.00000000012655380000000001,[],22,[],2019-02-25 13:48:39,80845862.0,1.265538e-18,4.81639717578e-23,6783056,2019-02-25 13:48:39,XMR,4366.96886723,0.0,0.00000001,XMR,255240311.67882353,0.0,0.80845862,57
0.00000000036413200000000003,[],27,[],2019-02-25 13:48:42,2000.0,3.64132e-18,1.38581720692e-22,6783057,2019-02-25 13:48:42,eth,0.0,0.0,0.00000001,"btc,eth",0.0,0.0,7.28264e-15,57
0.0000000001179589,[],4,[],2019-02-25 13:48:42,1119863635.8186316,3.538767e-18,1.346787483627e-22,6783058,2019-02-25 13:48:42,ltc,18.811299054426943,0.0,0.00000003,ltc,4033262291.139836,0.0,2.808916047346221e-09,58
1,[],12,[],2019-02-25 13:48:44,1605587717.843957,0.0000000004,0.00000000000001522324,6783059,2019-02-25 13:48:44,btc,224005479621.07178,0.0,0.0000000004,btc,3773193055.4867916,0.04102362708233821,0.5176153479011392,58
0.00000000012655380000000001,[],22,[],2019-02-25 13:48:48,137438.0,1.265538e-18,4.81639717578e-23,6783060,2019-02-25 13:48:48,XMR,69.8835922,0.0,0.00000001,XMR,9887963.0,0.0,0.00137438,58
0,[],17,[],2019-02-25 13:41:02,0.0,0,0,6782878,2019-02-25 13:41:02,btc,1e+24,0.0,0,btc,49226522.0897055,0.0,0.0,58
1,[],5,[],2019-02-25 13:48:48,0.0,0,0,6783061,2019-02-25 13:48:48,btc,0.0,0.00224882,0,btc,0.0,0.0,0.0,61
1,[],22,[],2019-02-25 13:48:52,5149.5,0.00000011,0.000000000004186391,6783062,2019-02-25 13:48:52,BTC,1002.29597012,0.0,0.00000011,BTC,14947.700278135757,0.0,0.00051596,61
1,[],26,[],2019-02-25 13:48:52,0.0,0.00000800,0.0000000003044648,6783063,2019-02-25 13:48:52,btc,0.0,0.0,0.00000800,btc,0.0,0.0,0.0,61
1,[],27,[],2019-02-25 13:48:54,2493.55,0.00000045,0.000000000017126145,6783064,2019-02-25 13:48:54,btc,7.845304881030758,0.0,0.00000045,"btc,eth",20831.38399471,0.0,0.0002155975035684936,61
1,[],28,[],2019-02-25 13:48:56,13882.304,0.0000005,0.00000000001902905,6783065,2019-02-25 13:48:56,btc,2.056328285685105,739.0,0.0000005,btc,9746.52450005,0.0,0.00566491304,61
1,[],4,[],2019-02-25 13:48:56,1473113.30971713,0.00000281,0.000000000106943261,6783066,2019-02-25 13:48:56,btc,11.307282491057155,0.0,0.00000281,btc,795565.44164542,0.14745816,1.4576833348883091,67
0.0,[],25,[],2019-02-25 13:48:57,0.0,0,0,6783067,2019-02-25 13:48:57,,0.0,0.0,0.0,btc,0.0,0.0,0.0,67
1,[],12,[],2019-02-25 13:48:58,2980618.47390196,0.00000018,0.000000000006850458,6783068,2019-02-25 13:48:58,btc,11115998.227040788,0.0,0.00000018,btc,2113893.87289304,0.00058992942058,0.1011600264411115,71
,[],5,[],2018-11-20 23:02:39,1.5e-07,0.00000005,0.000000000002128045,4862160,2018-11-20 23:02:39,btc,2.84511358,0.0,,btc,0.00036572,0.0,0.07381892,74
1,[],5,[],2019-02-25 13:48:59,0.0,0,0,6783069,2019-02-25 13:48:59,btc,0.0,0.0,0,btc,0.0,0.0,0.0,75
1,[],4,[],2019-02-25 13:49:00,17233280.92031862,0.00000001,0.000000000000380581,6783070,2019-02-25 13:49:00,btc,11388.638595673243,0.0,0.00000001,btc,34444270.17624532,0.0,0.1723328092031862,81
0,[],20,[],2019-01-25 09:30:31,0.0,0,0,6495923,2019-01-25 09:30:31,btc,0.0,0.0,0,btc,0.0,0.0,0.0,81
1,[],4,[],2019-02-25 13:49:02,28612.0508632,0.00007601,0.000000002892796181,6783071,2019-02-25 13:49:02,btc,17.769508941894873,0.0,0.00007601,btc,12690.86813294,0.01258319,0.1383845114066145,82
1,[],21,[],2019-02-25 13:49:02,63339.70299934,0.00007616999999999999747431200792,0.0000000028988854769999998,6783072,2019-02-25 13:49:02,btc,2.380308121171762,11132.01337135,0.00007616999999999999747431200791680794282001443207263946533203125,btc,25332.24325714,0.8459925,1.935320545948783,82
0,[],17,[],2019-02-25 13:49:14,0.0,0,0,6783073,2019-02-25 13:49:14,btc,0.0447233088476774,0.0,0,btc,999127.19588126,0.0,0.0,84
0.0000000001179589,[],4,[],2019-02-25 13:49:14,147129917.14880705,4.718356e-18,1.795716644836e-22,6783074,2019-02-25 13:49:14,ltc,1.7828321071505717,0.0,0.00000004,ltc,405219422.5503519,0.0,3.68997436869627e-10,85
,[],22,[],2018-11-20 23:09:34,3408.1,0.0000001,0.0000000000041895,4862324,2018-11-20 23:09:34,BTC,0.04624735,0.0,,BTC,4990.0,0.0,0.00033081,86
0,[],22,[],2019-02-22 12:52:35,0.0,0,0,6758847,2019-02-22 12:52:35,,2.0760781,0.0,0,,140622.94736842104,0.0,0.0,87
0,[],27,[],2019-02-22 12:52:37,0.0,0,0,6758848,2019-02-22 12:52:37,,0.0,0.0,0,btc,0.0,0.0,0.0,87
,[],2,[],2018-11-20 23:10:47,0.0,0,0,4862359,2018-11-20 23:10:47,,0.0,0.0,,,0.0,0.0,0.0,88
1,[],11,[],2019-02-25 13:49:16,92148.52920781,0.000147820000000000004343470028089768675272352993488311767578125,0.000000005625748342,6783075,2019-02-25 13:49:16,btc,609.0188164809114,217.282,0.000147820000000000004343470028089768675272352993488311767578125,btc,94912.36866055,0.0,6.147070311280826,89
0,[],2,[],2019-01-20 23:31:45,0.0,0,0,6477083,2019-01-20 23:31:45,,0.0,0.0,0,,0.0,0.0,0.0,91
1,[],12,[],2019-02-25 13:49:17,490127.45207674,0.000001430000000000000072932653839841155019030338735319674015045166015625,0.000000000054423083,6783076,2019-02-25 13:49:17,btc,4.3296898616292925,0.0,0.000001430000000000000072932653839841155019030338735319674015045166015625,btc,57069.47114169,0.0011464684161345,0.0988100553938198,91
0,[],17,[],2019-02-25 13:16:39,0.0,0,0,6782337,2019-02-25 13:16:39,btc,0.0,0.0,0,btc,0.0,0.0,0.0,91
0,[],22,[],2019-02-25 13:33:00,0.0,0,0,6782714,2019-02-25 13:33:00,,3.1e-06,0.0,0,,2.0,0.0,0.0,91
0.0000000001177936,[],22,[],2019-02-25 13:41:29,2791021.0,4.7117439999999994e-18,1.789873752e-22,6782893,2019-02-25 13:41:29,LTC,8.53161599,0.0,0.00000004,LTC,71994962.1,0.0,0.09164084,95
0.0000000001177936,[],4,[],2019-02-25 13:41:30,646735236.3344063,7.538790399999999e-17,2.8637980032e-21,6782894,2019-02-25 13:41:30,ltc,11.9093730872854,0.0,0.00000064,ltc,136747582.56847835,0.0,2.343758794918321e-09,96
0,[],12,[],2019-02-25 13:41:31,0.0,0,0,6782895,2019-02-25 13:41:31,btc,255075.89680584957,0.0,0,btc,8739504.11519454,1.6883116883e-06,0.0,96
0,[],17,[],2019-02-25 13:33:08,0.0,0,0,6782718,2019-02-25 13:33:08,btc,0.0,0.0,0,btc,0.0,0.0,0.0,96
1,[],4,[],2019-02-25 13:41:43,1523180.70852478,0.00000032,0.000000000012156,6782896,2019-02-25 13:41:43,btc,3.0577272670335605,0.0,0.00000032,btc,2473907.18197683,0.01281804,0.1335908646270195,99
0,[],2,[],2019-01-20 23:23:55,0.0,0,0,6476914,2019-01-20 23:23:55,,0.0,0.0,0,,0.0,0.0,0.0,100
1,[],4,[],2019-02-25 13:41:44,113806.82773732,0.00003902,0.00000000148227225,6782897,2019-02-25 13:41:44,btc,14.079653622899718,0.0,0.00003902,btc,204084.15579537,3.63104643,1.6040167895111397,100
1,[],22,[],2019-02-25 13:41:50,50000.0,0.00000001,0.000000000000379875,6782898,2019-02-25 13:41:50,BTC,23.49896609,0.0,0.00000001,BTC,10277.22,0.0,0.0005,101
1,[],4,[],2019-02-25 13:41:51,485198.33773566,0.00000087,0.000000000033049125000000004,6782899,2019-02-25 13:41:51,btc,256.3037011259839,0.0,0.00000087,btc,488572.2363371,0.00455441,0.2519273651346539,103
1,[],12,[],2019-02-25 13:41:54,59053584.76471429,0.000000011,0.0000000000004178625,6782900,2019-02-25 13:41:54,btc,137279276.52601784,0.0,0.000000011,btc,127138953.71426626,0.02519891559454398,0.1867545514118572,105
1,[],27,[],2019-02-25 13:41:56,125810.89,0.00000001,0.000000000000379875,6782901,2019-02-25 13:41:56,btc,26.557578245556094,0.0,0.00000001,btc,574707.68391977,0.0,0.0012581089,105
1,[],22,[],2019-02-25 13:42:04,9328.0,0.00000001,0.000000000000379875,6782902,2019-02-25 13:42:04,BTC,51.10837004,0.0,0.00000001,BTC,470435.0,0.0,9.328e-05,107
1,[],26,[],2019-02-25 13:42:04,0.0,0.00000000,0,6782903,2019-02-25 13:42:04,btc,0.0,0.0,0.00000000,btc,0.0,0.0,0.0,107
1,[],5,[],2019-02-25 13:42:05,0.0,0,0,6782904,2019-02-25 13:42:05,btc,0.0,0.02899769,0,btc,0.0,0.0,0.0,112
1,[],22,[],2019-02-25 13:42:08,1966.0,0.00000001,0.000000000000379875,6782905,2019-02-25 13:42:08,BTC,2.81183288,0.0,0.00000001,BTC,808524.0833333334,0.0,1.966e-05,112
0.00000000036416200000000003,[],27,[],2019-02-25 13:42:11,2000.0,3.64162e-18,1.3833603975e-22,6782906,2019-02-25 13:42:11,eth,1.35132491849924,0.0,0.00000001,"btc,eth",1328.641654,0.0,7.28324e-15,112
1,[],4,[],2019-02-25 13:33:31,372022.20451356,0.00000307,0.000000000116602591,6782730,2019-02-25 13:33:31,btc,5.930688049916982,0.0,0.00000307,btc,349763.78380019,0.10787327,0.16535197165052,113
1,[],5,[],2019-02-25 13:33:32,0.0,0,0,6782731,2019-02-25 13:33:32,btc,0.0,0.0,0,btc,0.0,0.0,0.0,113
1,[],17,[],2019-02-25 13:17:33,152738.278,0.00000004,0.000000000001521496,6782356,2019-02-25 13:17:33,btc,1.33680302678,0.0,0.00000004,btc,50696.221,0.0,0.0022095311199999998,116
0,[],27,[],2019-02-25 13:42:23,0.0,0,0,6782907,2019-02-25 13:42:23,,0.0,0.0,0,btc,0.0,0.0,0.0,116
1,[],4,[],2019-02-25 13:42:25,395583.33228053,0.00001992,0.000000000756711,6782908,2019-02-25 13:42:25,btc,29.177106176609023,0.0,0.00001992,btc,87929.92510236,4.67755758,1.1669836357926866,120
1,[],7,[],2019-02-25 13:42:26,211376.62802608,0.00001718999999999999974092772248024374448505113832652568817138671875,0.000000000653005125,6782909,2019-02-25 13:42:26,btc,115646.96819187702,374.90588636,0.00001718999999999999974092772248024374448505113832652568817138671875,btc,37562.0788171,0.00807393,0.0654351980094303,120
1,[],20,[],2019-02-25 11:49:22,1174803.0618,0.000000012,0.0000000000004555152,6781404,2019-02-25 11:49:22,btc,31.9233496174687,531.0,0.000000012,btc,1120134.1111,6.63e-06,0.0033481379724,125
1,[],22,[],2019-02-25 13:42:31,3053.0,0.00000001,0.000000000000379875,6782910,2019-02-25 13:42:31,BTC,0.01444887,0.0,0.00000001,BTC,296263.5111111111,0.0,3.053e-05,126
0,[],17,[],2019-02-25 13:17:46,0.0,0,0,6782362,2019-02-25 13:17:46,btc,0.0009561751951600001,0.0,0,btc,35.42829368,0.0,0.0,131
0,[],2,[],2019-01-20 23:25:46,0.0,0,0,6476969,2019-01-20 23:25:46,,0.0,0.0,0,,0.0,0.0,0.0,131
1,[],4,[],2019-02-25 13:42:32,105970.88034305,0.00001403,0.000000000532964625,6782911,2019-02-25 13:42:32,btc,21.26271206761216,0.0,0.00001403,btc,132776.8882053,0.20816298,0.5743966165461278,131
1,[],4,[],2019-02-25 13:42:34,4558.89120715,0.00016001,0.000000006078379875,6782912,2019-02-25 13:42:34,btc,1.6432535935776713,0.0,0.00016001,btc,320.0767349,0.00108275,0.0087097550464543,135
1,[],3,[],2019-02-25 13:42:34,1505486.23351843,0.00000005,0.000000000001899375,6782913,2019-02-25 13:42:34,btc,0.6500565778453614,80765.0241667,0.00000005,btc,2285516.6947442,0.0,0.0553995273370352,136
1,[],4,[],2019-02-25 13:42:36,260676.42234124,0.00000154,0.00000000005850075,6782914,2019-02-25 13:42:36,btc,38.675269035218626,0.0,0.00000154,btc,654173.35294719,0.04221924,0.0732979809971137,137
1,[],12,[],2019-02-25 13:42:38,296699.60246454,0.000001570000000000000003069918451392705804892102605663239955902099609375,0.000000000059640375,6782915,2019-02-25 13:42:38,btc,11807.598273378691,0.0,0.000001570000000000000003069918451392705804892102605663239955902099609375,btc,123762.06109106,0.0067304974983355,0.0232668200000105,137
1,[],17,[],2019-02-25 13:17:52,22967.386363640002,0.00000088,0.000000000033472912,6782369,2019-02-25 13:17:52,btc,20.06991335294018,0.0,0.00000088,btc,2746.079105,0.0,0.0104613000000032,142
1,[],4,[],2019-02-25 13:42:39,210080.01718604,0.00004101,0.0000000015578673750000001,6782916,2019-02-25 13:42:39,btc,29.12015038867935,0.0,0.00004101,btc,43855.23406825,0.6583465,0.7439280681915361,142
1,[],5,[],2019-02-25 13:42:40,0.0,0,0,6782917,2019-02-25 13:42:40,btc,0.0,0.51047319,0,btc,0.0,0.0,0.0,142
1,[],20,[],2019-02-25 13:42:42,133310.9826,0.000045043,0.0000000017110709625,6782918,2019-02-25 13:42:42,btc,0.4934565146914,0.0,0.000045043,btc,3751.6313,0.0,0.2356579130972,142
1,[],22,[],2019-02-25 13:42:45,1685.8988921568628,0.00004000,0.0000000015195,6782919,2019-02-25 13:42:45,BTC,3.00385504,0.0,0.00004000,BTC,891.218,0.0,0.00174536,142
0.0,[],25,[],2019-02-25 13:42:46,0.0,0,0,6782920,2019-02-25 13:42:46,,0.0,0.0,0.0,btc,0.0,0.0,0.0,142
1,[],28,[],2019-02-25 13:42:48,76772.0,0.00004500,0.0000000017094375,6782921,2019-02-25 13:42:48,btc,0.0866109227,769.0,0.00004500,btc,790.5355,0.0,0.0338472,142
0,[],22,[],2019-02-25 13:42:56,0.0,0,0,6782922,2019-02-25 13:42:56,,61.23499952,0.0,0,,744420234.3,0.0,0.0,143
1,[],21,[],2019-02-25 13:42:56,25369383.11740641,0.00000024,0.000000000009117,6782923,2019-02-25 13:42:56,btc,55.858720743759676,13426047.97584804,0.00000024,btc,103264726.60133167,3.31566888,3.757958778757992,145
0,[],22,[],2019-02-25 13:42:59,0.0,0,0,6782924,2019-02-25 13:42:59,,4.22772384,0.0,0,,1620056.0,0.0,0.0,146
,[],22,[],2018-11-20 23:01:11,0.0,0,0,4862114,2018-11-20 23:01:11,,2.56807021,0.0,,,61828.4988236,0.0,0.0,147
1,[],12,[],2019-02-25 13:43:00,114494.89515166,0.00000252000000000000001302018388937842274799550068564713001251220703125,0.0000000000957285,6782925,2019-02-25 13:43:00,btc,16.285194998366094,0.0,0.00000252000000000000001302018388937842274799550068564713001251220703125,btc,116871.95764188,0.0006826757029434,0.0270103200000002,148
1,[],4,[],2019-02-25 13:43:02,252234.27003873,0.00000038,0.00000000001443525,6782926,2019-02-25 13:43:02,btc,219.96506728648566,0.0,0.00000038,btc,790884.43190714,0.00152788,0.0607342055190162,152
0,[],22,[],2019-02-25 13:43:05,0.0,0,0,6782927,2019-02-25 13:43:05,,0.0,0.0,0,,0.0,0.0,0.0,152
1,[],5,[],2019-02-25 13:43:06,0.0,0,0,6782928,2019-02-25 13:43:06,btc,0.0,0.0,0,btc,0.0,0.0,0.0,153
,[],16,[],2019-01-11 15:38:59,0.0,0,0,6366141,2019-01-11 15:38:59,btc,0.0,0.0,,btc,0.0,0.0,0.0,155
0,[],23,[],2019-01-20 23:24:29,0.0,0,0,6476932,2019-01-20 23:24:29,,0.0,0.0,0,,0.0,0.0,0.0,156
0,[],22,[],2019-02-25 13:43:09,0.0,0,0,6782929,2019-02-25 13:43:09,,6.74832201,0.0,0,,4646626.742592593,0.0,0.0,156
1,[],22,[],2019-02-25 13:43:13,7073.8,0.00005300,0.0000000020133375,6782930,2019-02-25 13:43:13,BTC,1.80343699,0.0,0.00005300,BTC,899.6422341958436,0.0,0.00104336,157
0,[],22,[],2019-02-25 13:43:16,0.0,0,0,6782931,2019-02-25 13:43:16,,50175.68008609,0.0,0,,54479136.04179466,0.0,0.0,158
,[],17,[],2018-11-20 22:56:10,0.0,0,0,4861976,2018-11-20 22:56:10,btc,1.1265625,0.0,,btc,1000.0,0.0,0.0,159
,[],20,[],2018-11-20 22:56:12,0.0,0,0,4861977,2018-11-20 22:56:12,btc,11912.7940471,0.0,,btc,34413894.3617,0.0,0.0,159
1,[],12,[],2019-02-25 13:43:17,182344.15798953,0.00000768999999999999921790859447323640551985590718686580657958984375,0.00000000029212387499999996,6782932,2019-02-25 13:43:17,btc,6.6414278943412715,0.0,0.00000768999999999999921790859447323640551985590718686580657958984375,btc,13529.55286293,0.0031292682573758,0.0958957336241586,168
1,[],17,[],2019-02-25 13:43:19,29784.95,0.000001,0.0000000000379875,6782933,2019-02-25 13:43:19,btc,0.03026736251542,0.0,0.000001,btc,144.46171372,0.0,0.00716147,168
1,[],22,[],2019-02-25 13:43:22,262482.0,0.00000001,0.000000000000379875,6782934,2019-02-25 13:43:22,BTC,1.14695792,0.0,0.00000001,BTC,779972.8900917594,0.0,0.00262482,169
1,[],22,[],2019-02-25 13:43:26,234995.5,0.00000018,0.00000000000683775,6782935,2019-02-25 13:43:26,BTC,13.2557958,0.0,0.00000018,BTC,151006.2939341018,1.6e-05,0.00829919,171
1,[],22,[],2019-02-25 13:43:29,41597.0,0.00000008,0.000000000003039,6782936,2019-02-25 13:43:29,BTC,2.2001943,0.0,0.00000008,BTC,241326.1533991682,3.738e-05,0.00096143,173
1,[],5,[],2019-02-25 13:43:30,0.0,0,0,6782937,2019-02-25 13:43:30,btc,0.0,0.25701857,0,btc,0.0,0.0,0.0,175
1,[],22,[],2019-02-25 13:43:34,45904.0,0.0000003,0.000000000011396250000000001,6782938,2019-02-25 13:43:34,BTC,0.52955903,0.0,0.0000003,BTC,143368.41384013777,0.0,0.0052148,176
0,[],2,[],2019-01-20 23:28:34,0.0,0,0,6477001,2019-01-20 23:28:34,,0.0,0.0,0,,0.0,0.0,0.0,178
1,[],7,[],2019-02-25 13:43:36,0.0,0,0,6782939,2019-02-25 13:43:36,btc,410932.5281358376,10000.0,0,btc,117881559.31901672,0.0001,0.0,178
0,[],22,[],2019-02-25 13:43:38,0.0,0,0,6782940,2019-02-25 13:43:38,,1.00242428,0.0,0,,57512.0,0.0,0.0,178
0,[],23,[],2019-01-20 23:25:08,0.0,0,0,6476952,2019-01-20 23:25:08,,0.0,0.0,0,,0.0,0.0,0.0,179
1,[],5,[],2019-02-25 13:43:40,0.0,0,0,6782941,2019-02-25 13:43:40,btc,0.0,0.04980788,0,btc,0.0,0.0,0.0,179
1,[],22,[],2019-02-25 13:43:44,7061490.0,0.00000003,0.000000000001139625,6782942,2019-02-25 13:43:44,BTC,5.63524981,0.0,0.00000003,"BTC,LTC",17162072.301989965,0.00227333,0.38172614,179
1,[],17,[],2019-02-25 13:19:09,10504.725,0.0000001,0.00000000000380374,6782394,2019-02-25 13:19:09,btc,5.2010695838170005,0.0,0.0000001,btc,4994.45945,0.0,0.0010504725,180
0.0000000001177936,[],22,[],2019-02-25 13:43:58,128605.4,1.1779359999999999e-17,4.47468438e-22,6782943,2019-02-25 13:43:58,LTC,0.19838285,0.0,0.0000001,LTC,59391.081085161226,0.0,0.00130544,180
1,[],26,[],2019-02-25 13:43:58,0.0,0.00000100,0.0000000000379875,6782944,2019-02-25 13:43:58,btc,0.0,0.0,0.00000100,btc,0.0,0.0,0.0,180
,[],7,[],2018-11-20 22:58:01,562227.975654,0.00000085,0.000000000036176765,4862015,2018-11-20 22:58:01,btc,21836.6059674,2491.87645172,,btc,749999.041456,0.00211021,0.127565380455,183
,[],5,[],2019-01-10 08:11:41,0.0,0,0,6347036,2019-01-10 08:11:41,btc,82.15055501,0.00261,,btc,1.19002445,0.0,0.0,187
,[],17,[],2018-11-16 20:58:10,4062536.27273,0.00000001,0.000000000000550501,4708775,2018-11-16 20:58:10,btc,3.36492563466,0.195460381006,,"btc,eth",110697919.549,0.0,0.0157628953496,187
1,[],24,[],2019-02-25 13:43:59,0.0,0.000000000001,3.79875e-17,6782945,2019-02-25 13:43:59,btc,0.0,0.0,0.000000000001,btc,0.0,0.0,0.0,187
0,[],22,[],2019-02-25 10:59:45,0.0,0,0,6781186,2019-02-25 10:59:45,,1.19374396,0.0,0,,16308.869534405507,0.0,0.0,191
0,[],22,[],2019-02-25 13:44:04,0.0,0,0,6782946,2019-02-25 13:44:04,,0.0,0.0,0,,0.0,0.0,0.0,197
0,[],23,[],2019-01-20 23:31:41,0.0,0,0,6477079,2019-01-20 23:31:41,,0.0,0.0,0,,0.0,0.0,0.0,199
0,[],22,[],2019-02-25 13:44:07,0.0,0,0,6782947,2019-02-25 13:44:07,,5.19477622,0.0,0,,21058553.0,0.0,0.0,199
1,[],26,[],2019-02-25 13:44:07,0.0,0.00000000,0,6782948,2019-02-25 13:44:07,btc,0.0,0.0,0.00000000,btc,0.0,0.0,0.0,199
0,[],17,[],2019-01-30 16:32:01,0.0,0,0,6540827,2019-01-30 16:32:01,btc,6.802544163788159,0.0,0,btc,105897.55575295,0.0,0.0,200
0,[],2,[],2019-01-20 23:30:49,0.0,0,0,6477059,2019-01-20 23:30:49,,0.0,0.0,0,,0.0,0.0,0.0,201
1,[],4,[],2019-01-25 15:51:35,2084389.58565343,0.00000936,0.000000000333526752,6499557,2019-01-25 15:51:35,btc,2.0092503037378524,0.0,0.00000936,btc,160195.80207885,0.19272417,1.242687955921835,211
1,[],7,[],2019-02-25 13:44:11,4188009.82022726,0.000001300000000000000047051663780439678674838432925753295421600341796875,0.00000000004938375,6782949,2019-02-25 13:44:11,btc,15476655.314612124,222097.692981,0.000001300000000000000047051663780439678674838432925753295421600341796875,btc,13136010.37661519,0.0,3.149492867001217,212
1,[],12,[],2019-01-25 02:44:32,207462.42853209,0.000001080000000000000035831255497387193287295303889550268650054931640625,0.000000000038610756000000006,6493050,2019-01-25 02:44:32,btc,85023.03793723314,0.0,0.000001080000000000000035831255497387193287295303889550268650054931640625,btc,43675.73520027,0.000146250909087,0.0348620860622024,213
1,[],5,[],2019-02-25 13:44:11,0.0,0,0,6782950,2019-02-25 13:44:11,btc,0.0,0.33320494,0,btc,0.0,0.0,0.0,213
1,[],24,[],2019-02-25 13:44:12,0.0,0.000000100000,0.00000000000379875,6782951,2019-02-25 13:44:12,btc,0.0,0.0,0.000000100000,btc,0.0,0.0,0.0,213
1,[],26,[],2019-02-25 13:44:12,0.0,0.00000009,0.000000000003418875,6782952,2019-02-25 13:44:12,btc,0.0,0.0,0.00000009,btc,0.0,0.0,0.0,213
1,[],22,[],2019-02-25 13:44:15,104891.0,0.00000001,0.000000000000379875,6782953,2019-02-25 13:44:15,BTC,2.22001282,0.0,0.00000001,BTC,449232.1963726171,9.6e-07,0.00104891,216
1,[],27,[],2019-02-25 13:44:17,18192752.005988,0.00000008,0.000000000003039,6782954,2019-02-25 13:44:17,btc,311.82570671644,1502.004,0.00000008,"btc,ltc",218487.901,0.0001641200009423488,0.034105550439266955,216
1,[],22,[],2019-02-25 13:44:21,251736.4667325441,0.00000215,0.000000000081673125,6782955,2019-02-25 13:44:21,BTC,12673.59507053,0.0,0.00000215,BTC,379782.3367062892,0.02362449,0.35683514,217
1,[],7,[],2019-02-25 13:44:22,0.0,0,0,6782956,2019-02-25 13:44:22,btc,77969.77488735563,0.0,0,btc,137043486.5550253,0.0,0.0,219
0,[],27,[],2019-02-25 13:44:24,0.0,0,0,6782957,2019-02-25 13:44:24,,0.0740438339680921,0.0,0,btc,1536429.20709513,0.0,0.0,219
0.0000000000000052,[],28,[],2019-02-25 13:44:27,168412474.765,5.200052e-18,1.9753697535e-22,6782958,2019-02-25 13:44:27,doge,83883.3352434475,15127.0,0.00100001,"btc,doge",4823713.77951,0.0,1.1290192399190953e-11,219
1,[],22,[],2019-02-25 13:44:30,40054.0,0.00000001,0.000000000000379875,6782959,2019-02-25 13:44:30,BTC,3.01221816,0.0,0.00000001,BTC,128214.27041875875,0.02783493,0.00040054,221
1,[],24,[],2019-02-25 13:44:30,0.0,0.000000200000,0.0000000000075975,6782960,2019-02-25 13:44:30,btc,0.0,0.0,0.000000200000,btc,0.0,0.0,0.0,221
1,[],20,[],2019-02-25 13:44:35,43232886.7222,0.000000002,0.000000000000075975,6782961,2019-02-25 13:44:35,btc,47.9800128556934,2552901.5541,0.000000002,btc,10711620.9379,0.0064171437441,0.0435228867221,224
0,[],22,[],2019-02-25 13:44:38,0.0,0,0,6782962,2019-02-25 13:44:38,,0.0,0.0,0,,0.0,0.0,0.0,224
1,[],26,[],2019-02-25 13:44:38,0.0,0.00000035,0.000000000013295625,6782963,2019-02-25 13:44:38,btc,0.0,0.0,0.00000035,btc,0.0,0.0,0.0,231
1,[],26,[],2019-02-25 13:44:38,0.0,0.00000006,0.00000000000227925,6782964,2019-02-25 13:44:38,btc,0.0,0.0,0.00000006,btc,0.0,0.0,0.0,234
0.00000000036416200000000003,[],27,[],2019-02-25 13:44:41,2000.0,3.64162e-18,1.3833603975e-22,6782965,2019-02-25 13:44:41,eth,0.0113483662182,0.0,0.00000001,"btc,eth",11462.99618,0.0,7.28324e-15,234
1,[],4,[],2019-02-25 13:44:42,1034777.94248818,0.00000081,0.000000000030769875,6782966,2019-02-25 13:44:42,btc,4.450339290968623,0.0,0.00000081,btc,1056784.7206138,0.07571991,0.4030457788119112,236
1,[],24,[],2019-02-25 13:44:42,0.0,0.000000300000,0.000000000011396250000000001,6782967,2019-02-25 13:44:42,btc,0.0,0.0,0.000000300000,btc,0.0,0.0,0.0,236
1,[],20,[],2019-02-25 13:44:44,78971260.9396,0.000000056,0.0000000000021273,6782968,2019-02-25 13:44:44,btc,10.1291531269863,29267752.8063,0.000000056,btc,45556167.961,1.7200622801776,0.2580539366026,237
0.0000000001177936,[],22,[],2019-02-25 13:44:47,14400.0,1.1779359999999999e-17,4.47468438e-22,6782969,2019-02-25 13:44:47,LTC,0.0405823,0.0,0.0000001,LTC,3164.0,0.0,0.00144,237
1,[],4,[],2019-02-25 13:44:48,6625518.65771787,0.00000032,0.000000000012156,6782970,2019-02-25 13:44:48,btc,5.9012993173504515,0.0,0.00000032,btc,9356984.13900331,0.30454101,1.378055886167188,238
1,[],5,[],2019-02-25 13:44:49,0.0,0,0,6782971,2019-02-25 13:44:49,btc,0.0,0.06424611,0,btc,0.0,0.0,0.0,238
0,[],22,[],2019-02-25 13:35:52,0.0,0,0,6782787,2019-02-25 13:35:52,,0.41356282,0.0,0,,316008.5639027493,0.0,0.0,249
0.0000000001177936,[],22,[],2019-02-25 13:44:53,7121097.666666667,3.5338079999999996e-18,1.342405314e-22,6782972,2019-02-25 13:44:53,LTC,0.57139631,0.0,0.00000003,LTC,19992183.09,3.97487435584e-13,0.21263595,252
1,[],28,[],2019-02-25 13:44:55,3686992.592,0.00000016,0.000000000006078,6782973,2019-02-25 13:44:55,btc,164693.66689272915,315906.166,0.00000016,btc,850950.6814,0.0,0.22391721114,256
1,[],22,[],2019-02-25 13:44:59,1057264.0,0.00000001,0.000000000000379875,6782974,2019-02-25 13:44:59,BTC,31.43607366,0.0,0.00000001,BTC,552637.8076914564,4.5e-06,0.01057264,258
1,[],22,[],2019-02-25 13:20:22,48751.0,0.00000001,0.000000000000380374,6782422,2019-02-25 13:20:22,BTC,2.4175745,0.0,0.00000001,BTC,1762.0,0.0,0.00048751,259
1,[],20,[],2019-02-25 13:45:02,1223817.1859,0.000002025,0.0000000000769246875,6782976,2019-02-25 13:45:02,btc,7.3625914749268,114433.1447,0.000002025,btc,99533.3074,0.3417169137794,0.0228829660606,264
1,[],5,[],2019-02-25 13:45:00,0.0,0,0,6782975,2019-02-25 13:45:00,btc,0.0,0.26533623,0,btc,0.0,0.0,0.0,264
1,[],22,[],2019-02-25 13:45:06,11914.0,0.00000001,0.000000000000379875,6782977,2019-02-25 13:45:06,BTC,8.44955368,0.0,0.00000001,BTC,428471.6907878143,6.25e-05,0.00011914,271
0,[],22,[],2019-02-25 13:45:09,0.0,0,0,6782978,2019-02-25 13:45:09,,259.53594233,0.0,0,,14416281437.9,0.0,0.0,272
0.0000000000000052,[],28,[],2019-02-25 13:45:11,227043237874.369,4.212e-21,1.6000335000000001e-25,6782979,2019-02-25 13:45:11,doge,21967182.233013984,61570797095.144,0.00000081,doge,221932665436.8808,0.0,6.01651515183586e-10,272
1,[],22,[],2019-02-25 13:45:16,114058.77979057592,0.00001910,0.00000000072556125,6782980,2019-02-25 13:45:16,BTC,74.36202932,0.0,0.00001910,"BTC,LTC",10370.487639773188,1.032e-05,0.04325448,281
1,[],22,[],2019-02-25 13:45:19,882681.5,0.00000002,0.00000000000075975,6782981,2019-02-25 13:45:19,BTC,1.33136171,0.0,0.00000002,BTC,128490.66554551729,0.00079361,0.01752151,286
0,[],22,[],2019-02-25 13:45:22,0.0,0,0,6782982,2019-02-25 13:45:22,,43634.52001853,0.0,0,,419066696.0,0.0,0.0,294
