pairValue,buyBook,exchangeId,sellBook,updated,buyTotal,satoshiPrice,usdPrice,exchangeLogId,created,bestPair,sellTotalBtc,volume,pairPrice,activePairs,sellTotal,volumeBtc,buyTotalBtc,coinId
1,[],5,[],2019-02-27 21:28:07,0.0,0,0,6806084,2019-02-27 21:28:07,btc,0.0,0.12654508,0,btc,0.0,0.0,0.0,1
1,[],3,[],2019-02-27 22:12:41,30541.710375961884,0.01265630000000000053572701830262303701601922512054443359375,0.00000047593003646000006,6806130,2019-02-27 22:12:41,btc,61.13897820186061,0.0,0.01265630000000000053572701830262303701601922512054443359375,btc,27.257587093059,0.0,0.3274572257507544,1
1,[],4,[],2019-02-27 22:12:42,303087.44540282,0.01265993,0.000000476066539706,6806131,2019-02-27 22:12:42,btc,9.15762839561074,0.0,0.01265993,btc,258.98594987,0.60844943,2.8031882144001377,1
1,[],10,[],2019-02-27 22:14:45,414613.33806523,0.01073201,0.00000040356865044200004,6806132,2019-02-27 22:14:45,btc,6521.00751987318,1812.59237419,0.01073201,btc,993.10743114,0.0,5.322487693223365,1
1,[],12,[],2019-02-27 22:14:47,10432.3106433,0.01257999999999999916899806606807032949291169643402099609375,0.000000473060836,6806133,2019-02-27 22:14:47,btc,0.529023568821,0.0,0.01257999999999999916899806606807032949291169643402099609375,btc,32.50661825,0.3548345064385,0.29623014901850003,1
1,[],20,[],2019-02-27 22:14:49,1150.0464,0.01051,0.000000395220142,6806134,2019-02-27 22:14:49,btc,0.0662082325693,0.0268,0.01051,btc,3.0133,0.00033768,0.0875490456215,1
0,[],21,[],2019-02-27 22:14:50,0.0,0,0,6806135,2019-02-27 22:14:50,,0.0,2570.9009760500003,0,"btc,eth",0.0,29.304972851625884,0.0,1
1,[],22,[],2019-02-27 22:15:07,0.006382215384615385,0.01300000,0.0000004888546,6806136,2019-02-27 22:15:07,BTC,0.31423927,0.0,0.01300000,BTC,0.11751954901960784,0.00012994,7.978e-05,1
1,[],24,[],2019-02-27 22:15:07,0.0,0.000000000000,0,6806137,2019-02-27 22:15:07,btc,0.0,0.0,0.000000000000,btc,0.0,0.0,0.0,1
0.0,[],25,[],2019-02-27 22:15:08,0.0,0,0,6806138,2019-02-27 22:15:08,btc,28.47959999739278,4499.00634841,0.0,btc,2191.25519728,57.9485,0.0,1
1,[],26,[],2019-02-27 22:15:09,0.0,0,0,6806139,2019-02-27 22:15:09,,0.0,0.0,0,,0.0,0.0,0.0,1
1,[],28,[],2019-02-27 22:15:16,993.142,0.01323000,0.000000497503566,6806140,2019-02-27 22:15:16,btc,0.162839806,7695.75,0.01323000,btc,8.9,0.0,0.089302756,1
0,[],2,[],2019-01-20 23:28:45,0.0,0,0,6477011,2019-01-20 23:28:45,,0.0,0.0,0,,0.0,0.0,0.0,1
1,[],5,[],2019-02-27 22:15:20,0.0,0,0,6806141,2019-02-27 22:15:20,btc,0.0,0.00034086,0,btc,0.0,0.0,0.0,2
0.0000000001269666,[],22,[],2019-02-27 22:15:23,1148.0,1.3966326000000001e-16,5.2519251616920005e-21,6806142,2019-02-27 22:15:23,XMR,21.01373823,0.0,0.00000110,XMR,14319.12581,0.0,0.00087635,2
1,[],5,[],2019-02-27 22:15:24,0.0,0,0,6806143,2019-02-27 22:15:24,btc,0.0,0.51306156,0,btc,0.0,0.0,0.0,3
1,[],12,[],2019-02-27 22:15:25,13510522.26245,0.000000176,0.0000000000066183392,6806144,2019-02-27 22:15:25,btc,924396.2426732801,0.0,0.000000176,btc,8157814.68945583,0.04099932804197786,0.7007416330355,3
0,[],28,[],2019-02-27 22:15:31,0.0,0,0,6806145,2019-02-27 22:15:31,,0.0,0.0,0,,0.0,0.0,0.0,3
0,[],2,[],2019-01-20 23:31:32,0.0,0,0,6477077,2019-01-20 23:31:32,,0.0,0.0,0,,0.0,0.0,0.0,4
1,[],4,[],2019-02-27 22:15:32,411618.65443734,0.00000033,0.000000000012409386,6806146,2019-02-27 22:15:32,btc,32.00332084987005,0.0,0.00000033,btc,713718.98823302,0.00075548,0.0584717308328429,4
1,[],12,[],2019-02-22 14:50:14,1367032.5219999999,0.00000003,0.000000000001190475,6759350,2019-02-22 14:50:14,btc,11013869.583570713,0.0,0.00000003,btc,1211697.32371984,0.00024567976024,0.02065290044,5
0,[],2,[],2019-01-20 23:31:51,0.0,0,0,6477087,2019-01-20 23:31:51,,0.0,0.0,0,,0.0,0.0,0.0,6
1,[],11,[],2019-02-27 22:15:34,4272596.5,0.00000001,0.000000000000376042,6806147,2019-02-27 22:15:34,btc,9432.764648832814,160000.0,0.00000001,btc,41674017.57452957,0.0,0.042725965,6
1,[],3,[],2019-02-27 22:15:35,1085.537475048359,0.0001510600000000000072038208731584063571062870323657989501953125,0.0000000056804904520000005,6806148,2019-02-27 22:15:35,btc,26.3363151709563,0.0,0.0001510600000000000072038208731584063571062870323657989501953125,btc,247.537822229004,0.0,0.03339742781632559,7
1,[],4,[],2019-02-27 22:15:36,102123.92364408,0.00023511,0.000000008841123462,6806149,2019-02-27 22:15:36,btc,10.801186889137192,0.0,0.00023511,btc,35498.79370381,1.84057771,6.155552274846839,7
1,[],5,[],2019-02-27 22:15:37,0.0,0,0,6806150,2019-02-27 22:15:37,btc,0.0,0.71251508,0,btc,0.0,0.0,0.0,7
1,[],20,[],2019-02-20 02:16:17,39399275.8418,0.000000001,0.0000000000000390183,6728586,2019-02-20 02:16:17,btc,116.9737569154545,525.0,0.000000001,btc,56932965.8895,5.25e-07,0.0393992758418,8
0,[],2,[],2019-01-20 23:22:42,0.0,0,0,6476876,2019-01-20 23:22:42,,0.0,0.0,0,,0.0,0.0,0.0,9
0,[],23,[],2019-01-20 23:22:48,0.0,0,0,6476878,2019-01-20 23:22:48,,0.0,0.0,0,,0.0,0.0,0.0,9
1,[],4,[],2019-02-27 22:15:38,1940609.25166995,0.00000179,0.00000000006731151800000001,6806151,2019-02-27 22:15:38,btc,6.758605302769396,0.0,0.00000179,btc,2675683.07936275,2.7703986,0.7072789599559729,9
1,[],28,[],2019-02-27 22:15:44,58847.853,0.00000181,0.00000000006806360200000001,6806152,2019-02-27 22:15:44,btc,2708.762682539512,1579379.51,0.00000181,btc,12195.0788,0.0,0.07114681393,9
1,[],1,[],2019-02-17 23:31:42,1822507.21,0.00000181000000000000003456111265232042484285557293333113193511962890625,0.000000000066086901,6701244,2019-02-17 23:31:42,btc,3.6990969245,17153386.5,0.00000181000000000000003456111265232042484285557293333113193511962890625,btc,1997391.71,31.11772986,3.2610482446,9
1,[],4,[],2019-02-17 11:22:43,4341674.27126056,0.00000002,0.0000000000007272960000000001,6696112,2019-02-17 11:22:43,btc,0.1997230937751353,0.0,0.00000002,btc,4109766.79808031,0.00215132,0.0479381022052112,10
0,[],2,[],2019-01-20 23:23:08,0.0,0,0,6476890,2019-01-20 23:23:08,,0.0,0.0,0,,0.0,0.0,0.0,12
1,[],4,[],2019-02-27 22:15:45,4039263.6058081,0.00000123,0.000000000046253166,6806153,2019-02-27 22:15:45,btc,9.814432069215124,0.0,0.00000123,btc,5123160.82699107,2.10010744,2.3810133813104066,12
1,[],5,[],2019-02-27 22:15:46,0.0,0,0,6806154,2019-02-27 22:15:46,btc,0.0,0.59914969,0,btc,0.0,0.0,0.0,12
0.0,[],25,[],2019-02-27 22:15:47,0.0,0,0,6806155,2019-02-27 22:15:47,,0.0,0.0,0.0,btc,0.0,0.0,0.0,12
1,[],10,[],2019-02-27 21:28:55,470609.41254853,0.00000529,0.000000000198298824,6806110,2019-02-27 21:28:55,btc,666802.5825624836,9670.1611007,0.00000529,btc,740662.96869896,0.0,0.256668586280285,13
1,[],4,[],2019-02-27 22:15:48,32962329.43125707,0.00000550,0.0000000002068231,6806156,2019-02-27 22:15:48,btc,3.0222244250997745,0.0,0.00000550,btc,421136.89107144,0.62469117,0.8775233954864315,13
1,[],21,[],2019-02-27 22:15:51,922963.3119679,0.000005630000000000000306391197136,0.00000000021171164600000002,6806157,2019-02-27 22:15:51,btc,6.174222256179431,502668.74961415,0.000005630000000000000306391197135713611032770131714642047882080078125,btc,978507.85613787,2.8664326,4.886070015869538,13
1,[],4,[],2019-02-27 22:15:53,698056.58318529,0.00000127,0.000000000047757334000000004,6806158,2019-02-27 22:15:53,btc,11.141037962127422,0.0,0.00000127,btc,899067.6578986,0.02111179,0.1445351397300258,14
1,[],12,[],2019-02-27 22:15:54,217265.91304348,0.000001120000000000000076372827333137660588135986472479999065399169921875,0.000000000042116704,6806159,2019-02-27 22:15:54,btc,5.294295777879774,0.0,0.000001120000000000000076372827333137660588135986472479999065399169921875,btc,33863.19873547,0.0,0.0232142600000004,14
1,[],26,[],2019-02-27 22:15:55,0.0,0.00000050,0.0000000000188021,6806160,2019-02-27 22:15:55,btc,0.0,0.0,0.00000050,btc,0.0,0.0,0.0,14
0,[],17,[],2019-02-27 20:19:12,0.0,0,0,6805415,2019-02-27 20:19:12,btc,0.0,0.0,0,btc,0.0,0.0,0.0,14
0,[],4,[],2019-02-27 22:15:56,0.0,0,0,6806161,2019-02-27 22:15:56,,0.0,0.0,0,,0.0,0.0,0.0,15
,[],12,[],2018-12-01 15:15:48,204241.84496,0.00000489,0.000000000202473384,5260204,2018-12-01 15:15:48,btc,49.5475654835,0.0,,btc,35763.2193806,0.0163153972027625,0.0203389899998,15
0,[],2,[],2019-01-20 23:23:38,0.0,0,0,6476906,2019-01-20 23:23:38,,0.0,0.0,0,,0.0,0.0,0.0,18
1,[],4,[],2019-02-27 22:15:58,26031.41469284,0.00001852,0.0000000006964297840000001,6806162,2019-02-27 22:15:58,btc,1.2183116171333197,0.0,0.00001852,btc,8697.58435497,0.01839691,0.0845975297800057,18
1,[],10,[],2019-02-27 22:16:00,782789.05974433,0.000018,0.0000000006768756000000001,6806163,2019-02-27 22:16:00,btc,16.631510566425256,7562.01129832,0.000018,btc,14799.1934472,0.0,0.1309821155182657,18
1,[],12,[],2019-02-27 22:16:01,193477.21834729,0.00001894000000000000162050060870111423128037131391465663909912109375,0.0000000007122235480000001,6806164,2019-02-27 22:16:01,btc,23.63066605060251,0.0,0.00001894000000000000162050060870111423128037131391465663909912109375,btc,1872.34034875,0.0003212066139979,0.03291127154476,18
0,[],17,[],2019-02-27 21:21:44,0.0,0,0,6805928,2019-02-27 21:21:44,btc,0.0,0.0,0,btc,0.0,0.0,0.0,18
0,[],2,[],2019-01-20 23:24:19,0.0,0,0,6476924,2019-01-20 23:24:19,,0.0,0.0,0,,0.0,0.0,0.0,19
1,[],3,[],2019-02-27 22:16:03,118406.7192931374,0.000020020000000000001444573627384926339800585992634296417236328125,0.000000000752836084,6806165,2019-02-27 22:16:03,btc,0.5286560728341213,0.0,0.000020020000000000001444573627384926339800585992634296417236328125,btc,9053.568872553742,0.0,0.03196826859881744,19
1,[],4,[],2019-02-27 22:16:04,468899.25714757,0.00001990,0.00000000074832358,6806166,2019-02-27 22:16:04,btc,2.1764961670852707,0.0,0.00001990,btc,75693.02726675,0.43178074,2.33062936466599,19
1,[],5,[],2019-02-27 22:16:06,0.0,0,0,6806167,2019-02-27 22:16:06,btc,0.0,0.00419604,0,btc,0.0,0.0,0.0,19
1,[],12,[],2019-02-27 22:16:08,135330.676224,0.0000193800000000000007959084780129188629871350713074207305908203125,0.0000000007287693960000001,6806168,2019-02-27 22:16:08,btc,6.897479812920021,0.0,0.0000193800000000000007959084780129188629871350713074207305908203125,btc,396.76220934,0.0009196403598136,0.1097066599998765,19
0,[],27,[],2019-02-27 22:16:10,0.0,0,0,6806169,2019-02-27 22:16:10,,0.0,0.0,0,btc,0.0,0.0,0.0,19
1,[],4,[],2019-02-27 22:16:11,2817409.12717412,0.00000013,0.000000000004888546,6806170,2019-02-27 22:16:11,btc,7.374816604530555,0.0,0.00000013,btc,2840199.57892104,0.00075541,0.0813360639981472,20
1,[],4,[],2019-02-27 22:16:12,104036087.13737024,0.00000002,0.000000000000752084,6806171,2019-02-27 22:16:12,btc,1807.0294652933148,0.0,0.00000002,btc,54972280.27639335,0.000105,1.1684621866280451,21
1,[],12,[],2019-02-27 22:16:13,18207001.0,0.00000002,0.000000000000752084,6806172,2019-02-27 22:16:13,btc,670.3733702334847,0.0,0.00000002,btc,8127598.32857329,0.0088075,0.23638026,21
0,[],17,[],2019-02-27 22:16:25,0.0,0,0,6806173,2019-02-27 22:16:25,btc,0.0,0.0,0,btc,0.0,0.0,0.0,21
1,[],12,[],2019-02-27 22:16:26,3085889779.6808996,0.0000000002,0.000000000000007520840000000001,6806174,2019-02-27 22:16:26,btc,875865843154.9019,0.0,0.0000000002,btc,4897285268.020418,0.0266585602,0.32344923518299046,23
0.00000000034885659999999997,[],27,[],2019-02-27 22:16:28,2000.0,3.488566e-18,1.311847335772e-22,6806175,2019-02-27 22:16:28,eth,1.3829826565934114,0.0,0.00000001,eth,2164879.85514486,0.0,6.977132e-15,23
1,[],4,[],2019-02-27 22:16:30,485978.41156043,0.00000057,0.000000000021434394,6806176,2019-02-27 22:16:30,btc,8.859088136461354,0.0,0.00000057,btc,1515253.75573735,0.00420093,0.158185091489898,24
1,[],22,[],2019-02-27 22:16:33,11.76,0.00000100,0.0000000000376042,6806177,2019-02-27 22:16:33,BTC,7.415e-05,0.0,0.00000100,BTC,23.919354838709676,0.0,1.176e-05,24
0.0,[],25,[],2019-02-27 22:16:35,0.0,0,0,6806178,2019-02-27 22:16:35,,0.0,0.0,0.0,btc,0.0,0.0,0.0,24
1,[],4,[],2019-02-27 22:16:37,28270220.72395443,0.00000502,0.000000000188773084,6806179,2019-02-27 22:16:37,btc,156.4301820474473,0.0,0.00000502,btc,266224.04353394,0.20594337,0.4082395310424796,26
1,[],10,[],2019-02-27 22:16:39,694175.25406131,0.0000064,0.00000000024066688,6806180,2019-02-27 22:16:39,btc,26.126941201243394,4939.97821915,0.0000064,btc,14188.3211924,0.0,0.2402340068117428,26
0,[],2,[],2019-01-20 23:25:56,0.0,0,0,6476976,2019-01-20 23:25:56,,0.0,0.0,0,,0.0,0.0,0.0,26
1,[],3,[],2019-02-27 22:16:40,6199961.70213569,0.00000001,0.000000000000376042,6806181,2019-02-27 22:16:40,btc,2.2663380247489533,1605.0,0.00000001,btc,17671163.51502257,0.0,0.061999617021356895,27
1,[],5,[],2019-02-27 22:16:41,0.0,0,0,6806182,2019-02-27 22:16:41,btc,0.0,0.0,0,btc,0.0,0.0,0.0,27
1,[],11,[],2019-02-27 22:16:42,9491944.20350207,0.00000005,0.00000000000188021,6806183,2019-02-27 22:16:42,btc,67506.40605986067,169525.403564,0.00000005,btc,8002256.57282965,0.0,0.44249750446473557,27
1,[],4,[],2019-02-27 22:16:43,1523674190.6607041,0.00000002,0.000000000000752084,6806184,2019-02-27 22:16:43,btc,6.262255624616325,0.0,0.00000002,"btc,ltc",373874020.16405,0.43091016,12.415577264178857,29
1,[],7,[],2019-02-27 22:16:44,47476687.7215207,0.00000002,0.000000000000752084,6806185,2019-02-27 22:16:44,btc,44462590.771117434,333.66666667,0.00000002,btc,47196622.9549268,1.001e-05,0.6189312873043272,29
1,[],4,[],2019-02-27 22:16:45,1434151.94597482,0.00000027,0.000000000010153134,6806186,2019-02-27 22:16:45,btc,2.3247634281922727,0.0,0.00000027,btc,1546396.61653939,0.00990413,0.0953973168812561,30
0,[],17,[],2019-02-27 22:16:57,0.0,0,0,6806187,2019-02-27 22:16:57,btc,0.0,0.0,0,btc,0.0,0.0,0.0,30
1,[],4,[],2019-02-27 22:16:57,1112986.51458666,0.00005016,0.000000001886226672,6806188,2019-02-27 22:16:57,btc,6.329844716493167,0.0,0.00005016,btc,76242.98544155,0.66150467,0.9169345184760975,31
1,[],21,[],2019-02-27 22:16:58,54297.47788297,0.00005115000000000000324401963625,0.0000000019234548300000002,6806189,2019-02-27 22:16:58,btc,1.5360007674988954,75358.05833608,0.0000511500000000000032440196362504281069050193764269351959228515625,btc,27375.86849184,3.94456985,1.78190319167697,31
0,[],2,[],2019-01-20 23:28:43,0.0,0,0,6477009,2019-01-20 23:28:43,,0.0,0.0,0,,0.0,0.0,0.0,32
1,[],4,[],2019-02-27 22:16:59,387188614.49962115,0.00000004,0.000000000001504168,6806190,2019-02-27 22:16:59,btc,12.35078784283093,0.0,0.00000004,"btc,ltc",215130847.94570386,0.90672124,8.883931125423548,33
1,[],12,[],2019-02-27 22:17:00,16707974.0,0.00000004,0.000000000001504168,6806191,2019-02-27 22:17:00,btc,35630551.7868374,0.0,0.00000004,btc,90513855.399659,0.0073280506293705,0.53861069,33
1,[],4,[],2019-02-27 22:17:00,124479834.15862755,0.00000001,0.000000000000376042,6806192,2019-02-27 22:17:00,btc,4.0330488897394465,0.0,0.00000001,btc,101128752.8746267,0.01411042,1.2447983415862756,34
1,[],5,[],2019-02-27 22:17:02,0.0,0,0,6806193,2019-02-27 22:17:02,btc,0.0,0.03162276,0,btc,0.0,0.0,0.0,34
0,[],17,[],2019-02-27 21:14:14,0.0,0,0,6805765,2019-02-27 21:14:14,btc,0.0746458232965017,0.0,0,btc,4103573.70243647,0.0,0.0,36
0.00000000011726000000000002,[],4,[],2019-02-27 22:17:03,2583498397.923871,2.3452e-18,8.818936984000001e-23,6806194,2019-02-27 22:17:03,ltc,3.671767271712418e-08,0.0,0.00000002,ltc,5463187286.696258,0.0,4.220696442564681e-09,36
1,[],5,[],2019-02-27 22:17:04,0.0,0,0,6806195,2019-02-27 22:17:04,btc,0.0,0.0,0,btc,0.0,0.0,0.0,36
0.00000000034885659999999997,[],27,[],2019-02-27 22:17:07,1000000.0,3.488566e-18,1.311847335772e-22,6806196,2019-02-27 22:17:07,eth,222.5997971062634,0.0,0.00000001,"ltc,eth",11163566.48751039,0.0,1.1772319320000001e-12,36
1,[],17,[],2019-02-27 21:14:20,1752.74075282,0.00000025,0.000000000009345375,6805769,2019-02-27 21:14:20,btc,0.055484923777095005,0.0,0.00000025,btc,1319.19918473,0.0,0.00043818518820499993,37
1,[],4,[],2019-02-27 22:17:08,234281.09193781,0.00000059,0.000000000022186478000000002,6806197,2019-02-27 22:17:08,btc,19772.493596745928,0.0,0.00000059,btc,568821.24017792,0.13059592,0.1014605114941062,37
1,[],12,[],2019-02-27 22:17:09,486609.83453016,0.00000062,0.000000000023314604,6806198,2019-02-27 22:17:09,btc,1344.7855579302905,0.0,0.00000062,btc,970899.03013154,0.1476804422450466,0.1247110490322511,37
1,[],27,[],2019-02-27 22:17:22,14685.567,0.00000045,0.00000000001692189,6806199,2019-02-27 22:17:22,btc,25.82160393111233,0.0,0.00000045,btc,6804.86438508,0.0,0.00480032515,37
1,[],5,[],2019-02-27 22:17:23,0.0,0,0,6806200,2019-02-27 22:17:23,btc,0.0,0.04835958,0,btc,0.0,0.0,0.0,42
1,[],12,[],2019-02-27 22:17:24,240599.79936153,0.00000092,0.000000000034595864,6806201,2019-02-27 22:17:24,btc,94.68672767102356,0.0,0.00000092,btc,100363.90930708,1.31468531506e-05,0.0470717300000007,42
0.00000000034885659999999997,[],27,[],2019-02-27 22:17:26,2000.0,3.488566e-18,1.311847335772e-22,6806202,2019-02-27 22:17:26,eth,0.00315028,0.0,0.00000001,"btc,eth",11.007,0.0,6.977132e-15,42
1,[],5,[],2019-02-27 22:17:27,0.0,0,0,6806203,2019-02-27 22:17:27,btc,0.0,0.06480484,0,btc,0.0,0.0,0.0,43
1,[],12,[],2019-02-27 22:17:28,1793295.0,0.00000001,0.000000000000376042,6806204,2019-02-27 22:17:28,btc,3569.7540853045352,0.0,0.00000001,btc,12101070.57282716,2.328001998e-06,0.01793295,43
0,[],17,[],2019-02-27 22:17:30,0.0,0,0,6806205,2019-02-27 22:17:30,btc,0.0,0.0,0,btc,0.0,0.0,0.0,43
1,[],12,[],2019-02-27 22:17:31,650546.0,0.00000004,0.000000000001504168,6806206,2019-02-27 22:17:31,btc,11116042.727795307,0.0,0.00000004,btc,1102349.40161834,0.000238368201798,0.01600376,44
1,[],4,[],2019-02-27 22:17:32,290751803.15448976,0.00000002,0.000000000000752084,6806207,2019-02-27 22:17:32,btc,473.6051082207515,0.0,0.00000002,"btc,ltc",12165789.70365541,0.00345559,0.19850581466034575,49
0.00000000011726000000000002,[],4,[],2019-02-27 22:17:33,23879925.19445344,1.1726e-18,4.4094684920000006e-23,6806208,2019-02-27 22:17:33,ltc,25.475336666617363,0.0,0.00000001,ltc,10233699170.368313,0.0,2.8001600283016105e-11,52
0.0000000001269666,[],22,[],2019-02-27 22:17:37,80845862.0,1.2696660000000001e-18,4.77447741972e-23,6806209,2019-02-27 22:17:37,XMR,4366.96996713,0.0,0.00000001,XMR,255350310.67882353,0.0,0.80845862,57
0.00000000034885659999999997,[],27,[],2019-02-27 22:17:39,2000.0,3.488566e-18,1.311847335772e-22,6806210,2019-02-27 22:17:39,eth,0.0,0.0,0.00000001,"btc,eth",0.0,0.0,6.977132e-15,57
0.00000000011726000000000002,[],4,[],2019-02-27 22:17:40,1055152976.1428936,3.5178e-18,1.3228405476e-22,6806211,2019-02-27 22:17:40,ltc,18.8074510071397,0.0,0.00000003,ltc,4095460622.6891255,0.0001,2.549973408220357e-09,58
1,[],12,[],2019-02-27 22:17:40,1618378568.843957,0.0000000004,0.000000000000015041680000000002,6806212,2019-02-27 22:17:40,btc,224005479720.36697,0.0,0.0000000004,btc,3751979047.4550204,0.1344387525516484,0.5225093120011391,58
0,[],17,[],2019-02-27 22:17:52,0.0,0,0,6806213,2019-02-27 22:17:52,btc,1e+24,0.0,0,btc,49226522.0897055,0.0,0.0,58
0.0000000001269666,[],22,[],2019-02-27 22:17:55,137438.0,1.2696660000000001e-18,4.77447741972e-23,6806214,2019-02-27 22:17:55,XMR,69.8835922,0.0,0.00000001,XMR,9887963.0,0.0,0.00137438,58
1,[],5,[],2019-02-27 22:17:58,0.0,0,0,6806215,2019-02-27 22:17:58,btc,0.0,0.82223676,0,btc,0.0,0.0,0.0,61
1,[],22,[],2019-02-27 22:18:02,5149.5,0.00000011,0.000000000004136462,6806216,2019-02-27 22:18:02,BTC,1002.29597012,0.0,0.00000011,BTC,14947.700278135757,0.0,0.00051596,61
1,[],26,[],2019-02-27 22:18:03,0.0,0.00000800,0.0000000003008336,6806217,2019-02-27 22:18:03,btc,0.0,0.0,0.00000800,btc,0.0,0.0,0.0,61
1,[],27,[],2019-02-27 22:18:05,4096.686,0.00000055,0.000000000020682310000000002,6806218,2019-02-27 22:18:05,btc,7.78549260961638,283.432,0.00000055,"btc,eth",20547.11257617,4.84499023212e-13,0.0002655975062296498,61
1,[],28,[],2019-02-27 22:18:11,13880.304,0.0000005,0.0000000000188021,6806219,2019-02-27 22:18:11,btc,2.056291378300105,361.0,0.0000005,btc,9710.59500005,0.0,0.00566391304,61
1,[],4,[],2019-02-27 22:18:13,1409341.14401881,0.00000280,0.00000000010529176,6806220,2019-02-27 22:18:13,btc,11.197685523352973,0.0,0.00000280,btc,787360.08846243,0.18344975,1.2909286953101942,67
0.0,[],25,[],2019-02-27 22:18:14,0.0,0,0,6806221,2019-02-27 22:18:14,,0.0,0.0,0.0,btc,0.0,0.0,0.0,67
1,[],12,[],2019-02-27 22:18:16,1642787.44122222,0.00000018,0.0000000000067687560000000004,6806222,2019-02-27 22:18:16,btc,11115998.999947704,0.0,0.00000018,btc,2176132.02014294,0.0065677868683948,0.0587808464411112,71
,[],5,[],2018-11-20 23:02:39,1.5e-07,0.00000005,0.000000000002128045,4862160,2018-11-20 23:02:39,btc,2.84511358,0.0,,btc,0.00036572,0.0,0.07381892,74
1,[],5,[],2019-02-27 22:18:18,0.0,0,0,6806223,2019-02-27 22:18:18,btc,0.0,0.0,0,btc,0.0,0.0,0.0,75
0,[],20,[],2019-01-25 09:30:31,0.0,0,0,6495923,2019-01-25 09:30:31,btc,0.0,0.0,0,btc,0.0,0.0,0.0,81
1,[],4,[],2019-02-27 17:45:25,16180270.251575,0.00000001,0.000000000000381135,6804209,2019-02-27 17:45:25,btc,11388.6318068588,0.0,0.00000001,btc,34456445.8995017,0.0,0.16180270251575,81
1,[],4,[],2019-02-27 22:18:20,28688.96587992,0.00007572,0.0000000028473900240000003,6806224,2019-02-27 22:18:20,btc,17.74283835396066,0.0,0.00007572,btc,12609.10626039,0.02324844,0.1392541335052598,82
1,[],21,[],2019-02-27 22:18:20,38496.78167274,0.00007449999999999999482878931811,0.0000000028015129,6806225,2019-02-27 22:18:20,btc,2.29476035515069,10033.38958751,0.00007449999999999999482878931811313805155805312097072601318359375,btc,25065.45110769,0.75404223,1.9528748569670147,82
0,[],17,[],2019-02-27 19:19:18,0.0,0,0,6805098,2019-02-27 19:19:18,btc,0.0447233088476774,0.0,0,btc,999127.19588126,0.0,0.0,84
0.00000000011726000000000002,[],4,[],2019-02-27 22:18:22,124320938.89519013,3.5178e-18,1.3228405476e-22,6806226,2019-02-27 22:18:22,ltc,1.7828321006250192,0.0,0.00000003,ltc,398989431.81102496,0.0,2.330626603587113e-10,85
,[],22,[],2018-11-20 23:09:34,3408.1,0.0000001,0.0000000000041895,4862324,2018-11-20 23:09:34,BTC,0.04624735,0.0,,BTC,4990.0,0.0,0.00033081,86
0,[],22,[],2019-02-22 12:52:35,0.0,0,0,6758847,2019-02-22 12:52:35,,2.0760781,0.0,0,,140622.94736842104,0.0,0.0,87
0,[],27,[],2019-02-22 12:52:37,0.0,0,0,6758848,2019-02-22 12:52:37,,0.0,0.0,0,btc,0.0,0.0,0.0,87
,[],2,[],2018-11-20 23:10:47,0.0,0,0,4862359,2018-11-20 23:10:47,,0.0,0.0,,,0.0,0.0,0.0,88
1,[],11,[],2019-02-27 22:18:24,90039.77989195,0.00014001000000000000966261792800793273272574879229068756103515625,0.000000005264964042000001,6806227,2019-02-27 22:18:24,btc,609.4613525554016,1947.33840007,0.00014001000000000000966261792800793273272574879229068756103515625,btc,97589.78206309,0.0,5.825076673201063,89
0,[],2,[],2019-01-20 23:31:45,0.0,0,0,6477083,2019-01-20 23:31:45,,0.0,0.0,0,,0.0,0.0,0.0,91
0,[],17,[],2019-02-27 20:28:18,0.0,0,0,6805656,2019-02-27 20:28:18,btc,0.0,0.0,0,btc,0.0,0.0,0.0,91
1,[],12,[],2019-02-27 22:18:25,466573.56253808,0.000001520000000000000058272072063492164062381561961956322193145751953125,0.000000000057158384000000004,6806228,2019-02-27 22:18:25,btc,4.357368152145195,0.0,0.000001520000000000000058272072063492164062381561961956322193145751953125,btc,58490.08192172,0.0250461550458027,0.0795593319938238,91
0,[],22,[],2019-02-27 22:18:28,0.0,0,0,6806229,2019-02-27 22:18:28,,3.1e-06,0.0,0,,2.0,0.0,0.0,91
0.00000000011726000000000002,[],22,[],2019-02-27 22:18:38,1830000.0,5.863e-18,2.2047342460000003e-22,6806230,2019-02-27 22:18:38,LTC,8.53161599,0.0,0.00000005,LTC,71994962.1,0.0,0.0915,95
0.00000000011726000000000002,[],4,[],2019-02-27 22:18:39,646276991.0126505,7.270120000000001e-17,2.7338704650400003e-21,6806231,2019-02-27 22:18:39,ltc,11.88584161487299,0.0,0.00000062,ltc,136576642.02965617,0.0,1.8062296734671516e-09,96
0,[],12,[],2019-02-27 22:18:40,0.0,0,0,6806232,2019-02-27 22:18:40,btc,255078.11232237465,0.0,0,btc,8739592.62268705,6.99300699e-08,0.0,96
0,[],17,[],2019-02-27 22:18:42,0.0,0,0,6806233,2019-02-27 22:18:42,btc,0.0,0.0,0,btc,0.0,0.0,0.0,96
1,[],4,[],2019-02-27 22:18:42,1374026.91377129,0.00000030,0.00000000001128126,6806234,2019-02-27 22:18:42,btc,3.0126132697876384,0.0,0.00000030,btc,2424244.64989218,0.00488343,0.1056140194661219,99
0,[],2,[],2019-01-20 23:23:55,0.0,0,0,6476914,2019-01-20 23:23:55,,0.0,0.0,0,,0.0,0.0,0.0,100
1,[],4,[],2019-02-27 22:18:43,142817.96027323,0.00004620,0.00000000173731404,6806235,2019-02-27 22:18:43,btc,12.081541936888565,0.0,0.00004620,btc,163306.48448727,4.18540037,2.766392241029145,100
1,[],22,[],2019-02-27 22:18:47,50000.0,0.00000001,0.000000000000376042,6806236,2019-02-27 22:18:47,BTC,23.49896609,0.0,0.00000001,BTC,10277.22,0.0,0.0005,101
1,[],4,[],2019-02-27 22:18:49,487849.3638554,0.00000095,0.00000000003572399,6806237,2019-02-27 22:18:49,btc,256.296452525013,0.0,0.00000095,btc,484231.77561415,0.01308135,0.2538141759557048,103
1,[],12,[],2019-02-27 22:18:51,62491467.15945605,0.000000011,0.0000000000004136462,6806238,2019-02-27 22:18:51,btc,137278920.9151474,0.0,0.000000011,btc,121445077.73936091,0.10353953867875564,0.21329762785401654,105
1,[],27,[],2019-02-27 22:18:53,81803.89,0.00000001,0.000000000000376042,6806239,2019-02-27 22:18:53,btc,36.58422120075966,44007.0,0.00000001,btc,531915.56793212,0.00044007,0.0008180389,105
1,[],22,[],2019-02-27 22:18:57,9328.0,0.00000001,0.000000000000376042,6806240,2019-02-27 22:18:57,BTC,51.10837004,0.0,0.00000001,BTC,470435.0,0.0,9.328e-05,107
1,[],26,[],2019-02-27 22:18:57,0.0,0.00000000,0,6806241,2019-02-27 22:18:57,btc,0.0,0.0,0.00000000,btc,0.0,0.0,0.0,107
1,[],5,[],2019-02-27 22:18:59,0.0,0,0,6806242,2019-02-27 22:18:59,btc,0.0,0.00114553,0,btc,0.0,0.0,0.0,112
1,[],22,[],2019-02-27 22:19:02,1966.0,0.00000001,0.000000000000376042,6806243,2019-02-27 22:19:02,BTC,2.81183288,0.0,0.00000001,BTC,808524.0833333334,0.0,1.966e-05,112
0.00000000034885659999999997,[],27,[],2019-02-27 22:19:04,2000.0,3.488566e-18,1.311847335772e-22,6806244,2019-02-27 22:19:04,eth,1.35132491849924,0.0,0.00000001,"btc,eth",1328.641654,0.0,6.977132e-15,112
1,[],4,[],2019-02-27 22:19:06,461814.2159348,0.00000268,0.00000000010077925600000001,6806245,2019-02-27 22:19:06,btc,84.99944350603876,0.0,0.00000268,btc,327979.79739353,0.19487237,0.1801658446393522,113
1,[],5,[],2019-02-27 22:19:07,0.0,0,0,6806246,2019-02-27 22:19:07,btc,0.0,0.09871395,0,btc,0.0,0.0,0.0,113
1,[],17,[],2019-02-27 20:22:27,152738.278,0.00000004,0.000000000001523636,6805504,2019-02-27 20:22:27,btc,1.3368030274973473,0.0,0.00000004,btc,51896.221,0.0,0.0022095311199999998,116
0,[],27,[],2019-02-27 22:19:20,0.0,0,0,6806247,2019-02-27 22:19:20,,0.0,0.0,0,btc,0.0,0.0,0.0,116
1,[],4,[],2019-02-27 22:19:22,293902.02982204,0.00002378,0.000000000894227876,6806248,2019-02-27 22:19:22,btc,29.81834695909963,0.0,0.00002378,btc,92980.14064451,2.57179389,2.007341221645808,120
1,[],7,[],2019-02-27 22:19:24,15834.8139721,0.0000176800000000000001316828590613994265368091873824596405029296875,0.000000000664842256,6806249,2019-02-27 22:19:24,btc,115647.74535981324,443.62910268,0.0000176800000000000001316828590613994265368091873824596405029296875,btc,56556.595408,0.01024837,0.0531560091229056,120
1,[],20,[],2019-02-27 22:19:27,1504281.7809,0.000000043,0.0000000000016169806,6806250,2019-02-27 22:19:27,btc,32.2905633481174,16860.1226,0.000000043,btc,940087.816,0.001166299082,0.0103513594862,125
1,[],22,[],2019-02-27 22:19:31,3053.0,0.00000001,0.000000000000376042,6806251,2019-02-27 22:19:31,BTC,0.01444887,0.0,0.00000001,BTC,296263.5111111111,0.0,3.053e-05,126
0,[],2,[],2019-01-20 23:25:46,0.0,0,0,6476969,2019-01-20 23:25:46,,0.0,0.0,0,,0.0,0.0,0.0,131
1,[],4,[],2019-02-27 22:19:32,2646845.64029668,0.00001376,0.0000000005174337920000001,6806252,2019-02-27 22:19:32,btc,7.777566510630564,0.0,0.00001376,btc,126077.954565,0.10250903,0.6008525607573741,131
0,[],17,[],2019-02-27 21:24:42,0.0,0,0,6806010,2019-02-27 21:24:42,btc,0.0009561751951600001,0.0,0,btc,35.42829368,0.0,0.0,131
1,[],4,[],2019-02-27 22:19:44,4555.7864833,0.00016001,0.000000006017048042,6806253,2019-02-27 22:19:44,btc,1.6201332736064775,0.0,0.00016001,btc,238.12730989,0.00152457,0.0082138371863535,135
1,[],3,[],2019-02-27 22:19:45,1051183.88776843,0.00000004,0.000000000001504168,6806254,2019-02-27 22:19:45,btc,0.6347130129087458,6859.27908333,0.00000004,btc,2354905.75112032,0.0,0.0335850781737019,136
1,[],4,[],2019-02-27 22:19:46,266093.70624904,0.00000170,0.00000000006392714,6806255,2019-02-27 22:19:46,btc,38.98458592325007,0.0,0.00000170,btc,579834.36277993,0.05435446,0.0803854760646784,137
1,[],12,[],2019-02-27 22:19:47,325295.46714722,0.000001749999999999999973748754898694723891594549058936536312103271484375,0.00000000006580735,6806256,2019-02-27 22:19:47,btc,11807.598292856695,0.0,0.000001749999999999999973748754898694723891594549058936536312103271484375,btc,123583.78364659,0.0377291010441968,0.0729945389558003,137
1,[],4,[],2019-02-27 22:19:48,112483.62518032,0.00003103,0.000000001166858326,6806257,2019-02-27 22:19:48,btc,28.99529445013083,0.0,0.00003103,btc,43478.11039007,0.17747264,0.4371006177076278,142
1,[],5,[],2019-02-27 22:19:49,0.0,0,0,6806258,2019-02-27 22:19:49,btc,0.0,0.5428166,0,btc,0.0,0.0,0.0,142
1,[],17,[],2019-02-27 22:19:51,22967.386363640002,0.00000088,0.000000000033091696,6806259,2019-02-27 22:19:51,btc,20.0699133484,0.0,0.00000088,btc,405.079105,0.0,0.0104613000000032,142
1,[],20,[],2019-02-27 22:19:53,132983.4368,0.00002512,0.000000000944617504,6806260,2019-02-27 22:19:53,btc,0.3038927968858,85.3112,0.00002512,btc,1336.4908,0.0028431616712,0.2264655211907,142
1,[],22,[],2019-02-27 22:19:56,1685.8988921568628,0.00004000,0.000000001504168,6806261,2019-02-27 22:19:56,BTC,3.00385504,0.0,0.00004000,BTC,891.218,0.0,0.00174536,142
0.0,[],25,[],2019-02-27 22:19:58,0.0,0,0,6806262,2019-02-27 22:19:58,,0.0,0.0,0.0,btc,0.0,0.0,0.0,142
0,[],28,[],2019-02-27 22:22:02,0.0,0,0,6806263,2019-02-27 22:22:02,,0.0,0.0,0,,0.0,0.0,0.0,142
0,[],22,[],2019-02-27 22:22:05,0.0,0,0,6806264,2019-02-27 22:22:05,,60.80280694,0.0,0,,704341446.3,0.0,0.0,143
0,[],22,[],2019-02-25 15:42:22,0.0,0,0,6783783,2019-02-25 15:42:22,,4.2131946,0.0,0,,2322156.0,0.0,0.0,146
,[],22,[],2018-11-20 23:01:11,0.0,0,0,4862114,2018-11-20 23:01:11,,2.56807021,0.0,,,61828.4988236,0.0,0.0,147
1,[],12,[],2019-02-27 22:22:07,220038.00314466,0.00000250000000000000020450763478507827386465578456409275531768798828125,0.00000000009401050000000001,6806265,2019-02-27 22:22:07,btc,16.613426977752695,0.0,0.00000250000000000000020450763478507827386465578456409275531768798828125,btc,116969.24335616,0.0072886131968238,0.0279166200000094,148
1,[],4,[],2019-02-27 22:22:09,249085.26225639,0.00000032,0.000000000012033344,6806266,2019-02-27 22:22:09,btc,219.9677766355062,0.0,0.00000032,btc,800822.7951546,0.0,0.0593538765629442,152
0,[],22,[],2019-02-27 22:22:12,0.0,0,0,6806267,2019-02-27 22:22:12,,0.0,0.0,0,,0.0,0.0,0.0,152
1,[],5,[],2019-02-27 22:22:14,0.0,0,0,6806268,2019-02-27 22:22:14,btc,0.0,0.0,0,btc,0.0,0.0,0.0,153
,[],16,[],2019-01-11 15:38:59,0.0,0,0,6366141,2019-01-11 15:38:59,btc,0.0,0.0,,btc,0.0,0.0,0.0,155
0,[],23,[],2019-01-20 23:24:29,0.0,0,0,6476932,2019-01-20 23:24:29,,0.0,0.0,0,,0.0,0.0,0.0,156
0,[],22,[],2019-02-27 22:22:17,0.0,0,0,6806269,2019-02-27 22:22:17,,6.74829967,0.0,0,,4646626.747643097,0.0,0.0,156
1,[],22,[],2019-02-27 22:22:20,7073.8,0.00005300,0.0000000019930226000000002,6806270,2019-02-27 22:22:20,BTC,1.80343699,0.0,0.00005300,BTC,899.6422341958436,0.0,0.00104336,157
0,[],22,[],2019-02-27 22:22:23,0.0,0,0,6806271,2019-02-27 22:22:23,,50175.68008609,0.0,0,,54479136.04179466,0.0,0.0,158
,[],17,[],2018-11-20 22:56:10,0.0,0,0,4861976,2018-11-20 22:56:10,btc,1.1265625,0.0,,btc,1000.0,0.0,0.0,159
,[],20,[],2018-11-20 22:56:12,0.0,0,0,4861977,2018-11-20 22:56:12,btc,11912.7940471,0.0,,btc,34413894.3617,0.0,0.0,159
1,[],12,[],2019-02-27 22:22:25,181360.42282052,0.00000802999999999999935075371826354029280992108397185802459716796875,0.000000000301961726,6806272,2019-02-27 22:22:25,btc,6.643045826375642,0.0,0.00000802999999999999935075371826354029280992108397185802459716796875,btc,13705.27413222,0.0013643478,0.0909207539143112,168
1,[],17,[],2019-02-27 21:25:21,29784.95,0.000001,0.0000000000374402,6806031,2019-02-27 21:25:21,btc,0.03026736251542,0.0,0.000001,btc,144.46171372,0.0,0.00716147,168
0,[],22,[],2019-02-27 22:22:40,0.0,0,0,6806273,2019-02-27 22:22:40,,1.1339604,0.0,0,,520283.17470714403,0.0,0.0,169
1,[],22,[],2019-02-27 22:22:43,203600.0,0.00000002,0.000000000000752084,6806274,2019-02-27 22:22:43,BTC,13.2501524,0.0,0.00000002,BTC,144336.2939341018,0.0,0.002072,171
1,[],22,[],2019-02-27 22:22:48,471833.75,0.00000004,0.000000000001504168,6806275,2019-02-27 22:22:48,BTC,2.19732001,0.0,0.00000004,BTC,241503.87773641286,2.4e-06,0.01711843,173
1,[],5,[],2019-02-27 22:22:49,0.0,0,0,6806276,2019-02-27 22:22:49,btc,0.0,0.16224126,0,btc,0.0,0.0,0.0,175
1,[],22,[],2019-02-27 22:22:55,45904.0,0.0000003,0.00000000001128126,6806277,2019-02-27 22:22:55,BTC,0.52955903,0.0,0.0000003,BTC,143368.41384013777,0.0,0.0052148,176
1,[],7,[],2019-02-27 22:22:57,0.0,0,0,6806278,2019-02-27 22:22:57,btc,410932.5281358376,0.0,0,btc,117881559.31901672,0.0,0.0,178
0,[],22,[],2019-02-27 22:23:00,0.0,0,0,6806279,2019-02-27 22:23:00,,1.00242428,0.0,0,,57512.0,0.0,0.0,178
0,[],2,[],2019-01-20 23:28:34,0.0,0,0,6477001,2019-01-20 23:28:34,,0.0,0.0,0,,0.0,0.0,0.0,178
1,[],5,[],2019-02-27 22:23:02,0.0,0,0,6806280,2019-02-27 22:23:02,btc,0.0,0.03580672,0,btc,0.0,0.0,0.0,179
1,[],22,[],2019-02-27 22:23:06,7046871.666666667,0.00000003,0.000000000001128126,6806281,2019-02-27 22:23:06,BTC,5.63366894,0.0,0.00000003,"BTC,LTC",17147700.756535422,7.41e-06,0.38128759,179
0,[],23,[],2019-01-20 23:25:08,0.0,0,0,6476952,2019-01-20 23:25:08,,0.0,0.0,0,,0.0,0.0,0.0,179
1,[],22,[],2019-02-27 22:23:21,134055.4,0.00000155,0.00000000005828651,6806282,2019-02-27 22:23:21,BTC,0.22074727,0.0,0.00000155,"BTC,LTC",70950.16940664877,0.00122356,0.00274294,180
1,[],26,[],2019-02-27 22:23:22,0.0,0.00000160,0.00000000006016672,6806283,2019-02-27 22:23:22,btc,0.0,0.0,0.00000160,btc,0.0,0.0,0.0,180
1,[],17,[],2019-02-27 21:25:48,10504.725,0.0000001,0.00000000000374402,6806041,2019-02-27 21:25:48,btc,5.201069583844323,0.0,0.0000001,btc,5033.45945,0.0,0.0010504725,180
,[],7,[],2018-11-20 22:58:01,562227.975654,0.00000085,0.000000000036176765,4862015,2018-11-20 22:58:01,btc,21836.6059674,2491.87645172,,btc,749999.041456,0.00211021,0.127565380455,183
1,[],24,[],2019-02-27 22:23:22,0.0,0.000000000001,3.76042e-17,6806284,2019-02-27 22:23:22,btc,0.0,0.0,0.000000000001,btc,0.0,0.0,0.0,187
,[],5,[],2019-01-10 08:11:41,0.0,0,0,6347036,2019-01-10 08:11:41,btc,82.15055501,0.00261,,btc,1.19002445,0.0,0.0,187
,[],17,[],2018-11-16 20:58:10,4062536.27273,0.00000001,0.000000000000550501,4708775,2018-11-16 20:58:10,btc,3.36492563466,0.195460381006,,"btc,eth",110697919.549,0.0,0.0157628953496,187
0,[],22,[],2019-02-27 04:05:17,0.0,0,0,6799309,2019-02-27 04:05:17,,1.19374396,0.0,0,,16308.869534405507,0.0,0.0,191
0,[],22,[],2019-02-27 22:23:28,0.0,0,0,6806285,2019-02-27 22:23:28,,0.0,0.0,0,,0.0,0.0,0.0,197
0,[],22,[],2019-02-27 22:23:30,0.0,0,0,6806286,2019-02-27 22:23:30,,5.19477622,0.0,0,,21058553.0,0.0,0.0,199
1,[],26,[],2019-02-27 22:23:31,0.0,0.00000000,0,6806287,2019-02-27 22:23:31,btc,0.0,0.0,0.00000000,btc,0.0,0.0,0.0,199
0,[],23,[],2019-01-20 23:31:41,0.0,0,0,6477079,2019-01-20 23:31:41,,0.0,0.0,0,,0.0,0.0,0.0,199
0,[],17,[],2019-01-30 16:32:01,0.0,0,0,6540827,2019-01-30 16:32:01,btc,6.802544163788159,0.0,0,btc,105897.55575295,0.0,0.0,200
0,[],2,[],2019-01-20 23:30:49,0.0,0,0,6477059,2019-01-20 23:30:49,,0.0,0.0,0,,0.0,0.0,0.0,201
1,[],4,[],2019-01-25 15:51:35,2084389.58565343,0.00000936,0.000000000333526752,6499557,2019-01-25 15:51:35,btc,2.0092503037378524,0.0,0.00000936,btc,160195.80207885,0.19272417,1.242687955921835,211
1,[],7,[],2019-02-27 22:23:33,3129377.70738739,0.000001390000000000000032391082004090687718189656152389943599700927734375,0.000000000052269838,6806288,2019-02-27 22:23:33,btc,15476655.18694294,541218.741342,0.000001390000000000000032391082004090687718189656152389943599700927734375,btc,12792151.31678933,0.0,3.331653830899561,212
1,[],5,[],2019-02-27 22:23:35,0.0,0,0,6806289,2019-02-27 22:23:35,btc,0.0,0.17760368,0,btc,0.0,0.0,0.0,213
1,[],24,[],2019-02-27 22:23:35,0.0,0.000000110000,0.000000000004136462,6806290,2019-02-27 22:23:35,btc,0.0,0.0,0.000000110000,btc,0.0,0.0,0.0,213
1,[],26,[],2019-02-27 22:23:35,0.0,0.00000010,0.00000000000376042,6806291,2019-02-27 22:23:35,btc,0.0,0.0,0.00000010,btc,0.0,0.0,0.0,213
1,[],12,[],2019-01-25 02:44:32,207462.42853209,0.000001080000000000000035831255497387193287295303889550268650054931640625,0.000000000038610756000000006,6493050,2019-01-25 02:44:32,btc,85023.03793723314,0.0,0.000001080000000000000035831255497387193287295303889550268650054931640625,btc,43675.73520027,0.000146250909087,0.0348620860622024,213
1,[],22,[],2019-02-27 22:23:39,29544.0,0.00000002,0.000000000000752084,6806292,2019-02-27 22:23:39,BTC,2.22899412,0.0,0.00000002,BTC,531026.3963726171,0.000868,0.00030003,216
1,[],27,[],2019-02-27 22:23:41,6248602.0,0.00000003,0.000000000001128126,6806293,2019-02-27 22:23:41,btc,316.32785311644,2699.005988,0.00000003,"btc,ltc",233248.901,0.00032388,0.033772040011819805,216
1,[],22,[],2019-02-27 22:23:44,245147.002186885,0.00000225,0.00000000008460945,6806294,2019-02-27 22:23:44,BTC,12673.660745,0.0,0.00000225,BTC,386939.86950989376,0.01930316,0.34778904,217
1,[],7,[],2019-02-27 22:23:45,0.0,0,0,6806295,2019-02-27 22:23:45,btc,77969.77488735563,0.0,0,btc,137043486.5550253,0.0,0.0,219
0,[],27,[],2019-02-27 22:23:47,0.0,0,0,6806296,2019-02-27 22:23:47,,0.0740438339680921,0.0,0,btc,1536429.20709513,0.0,0.0,219
0.0000000000000052,[],28,[],2019-02-27 22:23:53,167609414.732,2.3404680000000002e-18,8.80114267656e-23,6806297,2019-02-27 22:23:53,doge,83883.3352434475,13167.768,0.00045009,"btc,doge",4823713.77951,0.0,9.277680338775264e-12,219
1,[],22,[],2019-02-27 22:23:58,240665.0,0.00000002,0.000000000000752084,6806298,2019-02-27 22:23:58,BTC,3.01323916,0.0,0.00000002,BTC,129679.27041875875,0.0,0.00440665,221
1,[],24,[],2019-02-27 22:23:58,0.0,0.000000200000,0.00000000000752084,6806299,2019-02-27 22:23:58,btc,0.0,0.0,0.000000200000,btc,0.0,0.0,0.0,221
1,[],20,[],2019-02-27 22:24:00,40748456.2707,0.000000001,0.0000000000000376042,6806300,2019-02-27 22:24:00,btc,48.2376264230632,0.0,0.000000001,btc,13444908.9689,0.0,0.0407484562707,224
0,[],22,[],2019-02-27 22:24:04,0.0,0,0,6806301,2019-02-27 22:24:04,,0.0,0.0,0,,0.0,0.0,0.0,224
1,[],26,[],2019-02-27 22:24:04,0.0,0.00000035,0.00000000001316147,6806302,2019-02-27 22:24:04,btc,0.0,0.0,0.00000035,btc,0.0,0.0,0.0,231
1,[],26,[],2019-02-27 22:24:04,0.0,0.00000006,0.000000000002256252,6806303,2019-02-27 22:24:04,btc,0.0,100.0,0.00000006,btc,0.0,0.0,0.0,234
0.00000000034885659999999997,[],27,[],2019-02-27 22:24:07,2000.0,3.488566e-18,1.311847335772e-22,6806304,2019-02-27 22:24:07,eth,0.0113483662182,0.0,0.00000001,"btc,eth",11462.99618,0.0,6.977132e-15,234
1,[],4,[],2019-02-27 22:24:09,952963.15720288,0.00000074,0.000000000027827108,6806305,2019-02-27 22:24:09,btc,4.379096571280406,0.0,0.00000074,btc,1088014.09992008,0.03441857,0.2566731943942727,236
1,[],24,[],2019-02-27 22:24:09,0.0,0.000000300000,0.00000000001128126,6806306,2019-02-27 22:24:09,btc,0.0,0.0,0.000000300000,btc,0.0,0.0,0.0,236
1,[],20,[],2019-02-27 22:24:11,151076599.1425,0.000000055,0.000000000002068231,6806307,2019-02-27 22:24:11,btc,10.7791708431169,35189125.2353,0.000000055,btc,43608129.8532,2.3308059678746,0.4990135832973,237
0.00000000011726000000000002,[],22,[],2019-02-27 22:24:14,14400.0,1.1726e-17,4.409468492000001e-22,6806308,2019-02-27 22:24:14,LTC,0.0405823,0.0,0.0000001,LTC,3164.0,0.0,0.00144,237
1,[],4,[],2019-02-27 22:24:15,7261304.26197515,0.00000034,0.000000000012785428000000001,6806309,2019-02-27 22:24:15,btc,6.250069012991781,0.0,0.00000034,btc,9757077.83816496,0.20444082,1.6003382836024862,238
1,[],5,[],2019-02-27 22:24:16,0.0,0,0,6806310,2019-02-27 22:24:16,btc,0.0,0.02037579,0,btc,0.0,0.0,0.0,238
0,[],22,[],2019-02-27 22:24:19,0.0,0,0,6806311,2019-02-27 22:24:19,,0.41356282,0.0,0,,316008.5639027493,0.0,0.0,249
0.00000000011726000000000002,[],22,[],2019-02-27 22:24:23,7121097.666666667,3.5178e-18,1.3228405476e-22,6806312,2019-02-27 22:24:23,LTC,0.52329319,0.0,0.00000003,LTC,18903494.09,3.5322042184e-12,0.21263595,252
1,[],28,[],2019-02-27 22:24:29,4567665.434,0.00000022,0.000000000008272924,6806313,2019-02-27 22:24:29,btc,164706.69072751133,101977.443,0.00000022,btc,2053675.0669,0.0,0.38159691954,256
1,[],22,[],2019-02-27 22:24:34,1065354.0,0.00000002,0.000000000000752084,6806314,2019-02-27 22:24:34,BTC,31.47160001,0.0,0.00000002,BTC,670687.0957866946,2.8e-05,0.01073444,258
1,[],22,[],2019-02-27 22:24:37,48751.0,0.00000001,0.000000000000376042,6806315,2019-02-27 22:24:37,BTC,2.4175745,0.0,0.00000001,BTC,1762.0,0.0,0.00048751,259
1,[],5,[],2019-02-27 22:24:38,0.0,0,0,6806316,2019-02-27 22:24:38,btc,0.0,0.37328115,0,btc,0.0,0.0,0.0,264
1,[],20,[],2019-02-27 22:24:40,1224680.3902,0.000002272,0.0000000000854367424,6806317,2019-02-27 22:24:40,btc,7.210552943923,102242.8779,0.000002272,btc,84171.0432,0.3229568268952,0.0285667274133,264
0,[],22,[],2019-02-27 22:24:43,0.0,0,0,6806318,2019-02-27 22:24:43,,8.41634118,0.0,0,,425811.7936449571,0.0,0.0,271
0,[],22,[],2019-02-27 22:24:46,0.0,0,0,6806319,2019-02-27 22:24:46,,259.44095859,0.0,0,,14406783063.9,0.0,0.0,272
0.0000000000000052,[],28,[],2019-02-27 22:24:50,233252947588.701,4.472e-21,1.681659824e-25,6806320,2019-02-27 22:24:50,doge,21988806.506650273,12176898551.0,0.00000086,doge,240100718135.9798,0.0,6.600472104192652e-10,272
1,[],22,[],2019-02-27 22:24:55,116489.74,0.00000360,0.00000000013537512,6806321,2019-02-27 22:24:55,BTC,74.32244185,0.0,0.00000360,"BTC,LTC",8380.527743939856,0.0,0.04833697,281
1,[],22,[],2019-02-27 22:24:59,944798.3333333334,0.00000003,0.000000000001128126,6806322,2019-02-27 22:24:59,BTC,1.33224124,0.0,0.00000003,BTC,134474.99887885063,0.00012047,0.02807971,286
0,[],22,[],2019-02-27 22:25:05,0.0,0,0,6806323,2019-02-27 22:25:05,,43634.51001853,0.0,0,,418066696.0,0.0,0.0,294
