pairValue,buyBook,exchangeId,sellBook,updated,buyTotal,satoshiPrice,usdPrice,exchangeLogId,created,bestPair,sellTotalBtc,volume,pairPrice,activePairs,sellTotal,volumeBtc,buyTotalBtc,coinId
1,[],3,[],2019-02-19 13:02:32,30563.686982949126,0.01306019999999999924022997532802037312649190425872802734375,0.00000051078834006,6720292,2019-02-19 13:02:32,btc,107.08172161066035,4.4479,0.01306019999999999924022997532802037312649190425872802734375,btc,22.601860150807,0.0,0.370166320868986,1
1,[],4,[],2019-02-19 13:02:33,86.34787984,0.01335062,0.000000522146753386,6720293,2019-02-19 13:02:33,btc,0.771788224644666,0.0,0.01335062,btc,53.73843144,1.27879311,1.0490065224887095,1
1,[],5,[],2019-02-19 13:02:35,0.0,0,0,6720294,2019-02-19 13:02:35,btc,0.0,0.19923838,0,btc,0.0,0.0,0.0,1
1,[],10,[],2019-02-19 13:02:37,414189.29758328,0.01168912,0.00000045716498993600004,6720295,2019-02-19 13:02:37,btc,6521.058674785685,1735.1435873,0.01168912,btc,919.8187641,0.0,4.9396860697962754,1
1,[],12,[],2019-02-19 13:02:40,10450.92101677,0.0131100000000000001254552017826426890678703784942626953125,0.000000512736033,6720296,2019-02-19 13:02:40,btc,0.3440546017396,0.0,0.0131100000000000001254552017826426890678703784942626953125,btc,19.104596830000002,0.226915691782,0.5362734495566,1
1,[],20,[],2019-02-19 13:02:42,1151.1263,0.010500214,0.0000004106665196042,6720297,2019-02-19 13:02:42,btc,0.0588401269655,0.0098,0.010500214,btc,2.6354,0.0001029020776,0.0961852616737,1
1,[],21,[],2019-02-19 13:02:43,2476.29298862,0.01313592000000000058201887754,0.000000513749771976,6720298,2019-02-19 13:02:43,btc,24.77586476210521,3673.0062968599996,0.01313592000000000058201887753739356412552297115325927734375,"btc,eth",2361.83118663,41.435536388248735,24.464228496407603,1
1,[],22,[],2019-02-19 13:04:55,0.0163776,0.01300000,0.0000005084339,6720299,2019-02-19 13:04:55,BTC,0.31423927,0.0,0.01300000,BTC,0.11751954901960784,0.0,0.00020972,1
1,[],24,[],2019-02-19 13:04:55,0.0,0.000000000000,0,6720300,2019-02-19 13:04:55,btc,0.0,0.0,0.000000000000,btc,0.0,0.0,0.0,1
0.0,[],25,[],2019-02-19 13:04:56,0.0,0,0,6720301,2019-02-19 13:04:56,btc,27.36319999707212,490.48198272,0.0,btc,2037.40616025,6.5443,0.0,1
1,[],26,[],2019-02-19 13:05:06,0.0,0,0,6720302,2019-02-19 13:05:06,,0.0,0.0,0,,0.0,0.0,0.0,1
1,[],28,[],2019-02-19 13:05:21,992.968,0.01231000,0.000000481447793,6720303,2019-02-19 13:05:21,btc,0.162839806,17767.4,0.01231000,btc,8.9,0.0,0.086870176,1
0,[],2,[],2019-01-20 23:28:45,0.0,0,0,6477011,2019-01-20 23:28:45,,0.0,0.0,0,,0.0,0.0,0.0,1
1,[],5,[],2019-02-19 13:05:22,0.0,0,0,6720304,2019-02-19 13:05:22,btc,0.0,0.00331667,0,btc,0.0,0.0,0.0,2
0,[],22,[],2019-02-19 13:05:47,0.0,0,0,6720305,2019-02-19 13:05:47,,0.0,0.0,0,,0.0,0.0,0.0,2
1,[],5,[],2019-02-19 13:05:48,0.0,0,0,6720306,2019-02-19 13:05:48,btc,0.0,0.02674076,0,btc,0.0,0.0,0.0,3
1,[],12,[],2019-02-19 13:05:49,12322345.55447912,0.000000171,0.0000000000066878613000000005,6720307,2019-02-19 13:05:49,btc,924398.304459019,0.0,0.000000171,btc,9028319.8619564,0.03585006583258613,0.5204895955388736,3
0,[],28,[],2019-02-19 13:05:54,0.0,0,0,6720308,2019-02-19 13:05:54,,0.0,0.0,0,,0.0,0.0,0.0,3
0,[],2,[],2019-01-20 23:31:32,0.0,0,0,6477077,2019-01-20 23:31:32,,0.0,0.0,0,,0.0,0.0,0.0,4
1,[],4,[],2019-02-19 13:05:55,401180.44810418,0.00000032,0.000000000012515296000000001,6720309,2019-02-19 13:05:55,btc,0.384841883779883,0.0,0.00000032,btc,337830.34099658,0.0,0.0549125981999035,4
1,[],12,[],2019-02-19 13:05:56,1351022.18866667,0.00000003,0.000000000001173309,6720310,2019-02-19 13:05:56,btc,11113878.272371836,0.0,0.00000003,btc,1233939.19484872,0.00039417,0.0216563404400001,5
0,[],2,[],2019-01-20 23:31:51,0.0,0,0,6477087,2019-01-20 23:31:51,,0.0,0.0,0,,0.0,0.0,0.0,6
1,[],11,[],2019-02-19 13:05:59,1381209.5,0.00000002,0.0000000000007822060000000001,6720311,2019-02-19 13:05:59,btc,9433.323849840637,10000.0,0.00000002,btc,40361378.15478057,0.0,0.019133885,6
1,[],3,[],2019-02-19 13:05:59,1098.344051741364,0.00015441000000000000731692484379209417966194450855255126953125,0.000000006039021423000001,6720312,2019-02-19 13:05:59,btc,27.605796873748474,0.0,0.00015441000000000000731692484379209417966194450855255126953125,btc,249.144760639695,0.0,0.03519746278206536,7
1,[],4,[],2019-02-19 13:06:00,15178.57190226,0.00021619,0.000000008455255757000001,6720313,2019-02-19 13:06:00,btc,2.8300941123647805,0.0,0.00021619,btc,11506.85698644,4.92958241,2.958874821432987,7
1,[],5,[],2019-02-19 13:06:01,0.0,0,0,6720314,2019-02-19 13:06:01,btc,0.0,0.33564647,0,btc,0.0,0.0,0.0,7
1,[],20,[],2019-02-19 06:57:36,39399800.8418,0.000000001,0.0000000000000389284,6716631,2019-02-19 06:57:36,btc,116.9737581404545,0.0,0.000000001,btc,56932990.8895,0.0,0.0393998008418,8
1,[],4,[],2019-02-19 13:06:03,273832.55853002,0.00000179,0.000000000070007437,6720315,2019-02-19 13:06:03,btc,1.750285556313454,0.0,0.00000179,btc,953352.79711619,2.34678026,0.4609034343805354,9
1,[],28,[],2019-02-19 13:06:08,43300.0,0.00000166,0.000000000064923098,6720316,2019-02-19 13:06:08,btc,2709.147620057195,3655191.0,0.00000166,btc,204959.7701,0.0,0.043148,9
0,[],2,[],2019-01-20 23:22:42,0.0,0,0,6476876,2019-01-20 23:22:42,,0.0,0.0,0,,0.0,0.0,0.0,9
0,[],23,[],2019-01-20 23:22:48,0.0,0,0,6476878,2019-01-20 23:22:48,,0.0,0.0,0,,0.0,0.0,0.0,9
1,[],1,[],2019-02-17 23:31:42,1822507.21,0.00000181000000000000003456111265232042484285557293333113193511962890625,0.000000000066086901,6701244,2019-02-17 23:31:42,btc,3.6990969245,17153386.5,0.00000181000000000000003456111265232042484285557293333113193511962890625,btc,1997391.71,31.11772986,3.2610482446,9
1,[],4,[],2019-02-17 11:22:43,4341674.27126056,0.00000002,0.0000000000007272960000000001,6696112,2019-02-17 11:22:43,btc,0.1997230937751353,0.0,0.00000002,btc,4109766.79808031,0.00215132,0.0479381022052112,10
1,[],4,[],2019-02-19 13:06:09,1834984.70945552,0.00000150,0.00000000005866545,6720317,2019-02-19 13:06:09,btc,4.224102427830295,0.0,0.00000150,btc,2473022.37552494,6.76072923,2.6465976421366793,12
1,[],5,[],2019-02-19 13:06:10,0.0,0,0,6720318,2019-02-19 13:06:10,btc,0.0,1.07333169,0,btc,0.0,0.0,0.0,12
0.0,[],25,[],2019-02-19 13:06:11,0.0,0,0,6720319,2019-02-19 13:06:11,,0.0,0.0,0.0,btc,0.0,0.0,0.0,12
0,[],2,[],2019-01-20 23:23:08,0.0,0,0,6476890,2019-01-20 23:23:08,,0.0,0.0,0,,0.0,0.0,0.0,12
1,[],4,[],2019-02-19 13:06:12,1310040.49958593,0.00000585,0.000000000228795255,6720320,2019-02-19 13:06:12,btc,0.4445753568359277,0.0,0.00000585,btc,69868.41565244,1.21672795,1.3411882148034144,13
1,[],21,[],2019-02-19 13:06:16,1061851.41000292,0.000005920000000000000070922000911,0.000000000231532976,6720321,2019-02-19 13:06:16,btc,4.403378699257233,1079893.72464851,0.0000059200000000000000709220009109667870461635175161063671112060546875,btc,671024.25931579,6.39310359,2.8845180968291433,13
1,[],10,[],2019-02-19 11:27:24,458405.39003721,0.00000578,0.00000000022476223599999998,6719427,2019-02-19 11:27:24,btc,666802.4634362992,6745.26335095,0.00000578,btc,723070.98673931,0.0,0.3903858456607146,13
1,[],4,[],2019-02-19 13:06:16,1050078.15658,0.00000148,0.000000000057883244,6720322,2019-02-19 13:06:16,btc,0.1271507031274296,0.0,0.00000148,btc,62699.21040833,0.09890266,0.4868047858822905,14
1,[],12,[],2019-02-19 13:06:17,85879.87493497,0.000001579999999999999907326193003542780246561960666440427303314208984375,0.000000000061794274,6720323,2019-02-19 13:06:17,btc,5.307966667665282,0.0,0.000001579999999999999907326193003542780246561960666440427303314208984375,btc,31643.6391554,0.001555564204422,0.0097973380442292,14
0,[],17,[],2019-02-19 13:06:19,0.0,0,0,6720324,2019-02-19 13:06:19,btc,0.0,0.0,0,btc,0.0,0.0,0.0,14
1,[],26,[],2019-02-19 13:06:19,0.0,0.00000050,0.00000000001955515,6720325,2019-02-19 13:06:19,btc,0.0,0.0,0.00000050,btc,0.0,0.0,0.0,14
0,[],4,[],2019-02-19 13:06:20,0.0,0,0,6720326,2019-02-19 13:06:20,,0.0,0.0,0,,0.0,0.0,0.0,15
,[],12,[],2018-12-01 15:15:48,204241.84496,0.00000489,0.000000000202473384,5260204,2018-12-01 15:15:48,btc,49.5475654835,0.0,,btc,35763.2193806,0.0163153972027625,0.0203389899998,15
1,[],4,[],2019-02-19 13:06:21,26922.72276361,0.00001832,0.0000000007165006960000001,6720327,2019-02-19 13:06:21,btc,1.2098429315492698,0.0,0.00001832,btc,6792.34512706,0.03566049,0.0996309233693053,18
1,[],10,[],2019-02-19 13:06:23,784489.04678941,0.00001901,0.000000000743486803,6720328,2019-02-19 13:06:23,btc,15.522732785479489,11627.6823598,0.00001901,btc,9884.71118817,0.0,0.2231950396534095,18
1,[],12,[],2019-02-19 13:06:24,204581.18044318,0.00001855000000000000027230821764145929364531184546649456024169921875,0.0000000007254960650000001,6720329,2019-02-19 13:06:24,btc,21.90984697195737,0.0,0.00001855000000000000027230821764145929364531184546649456024169921875,btc,1745.36187689,0.0013819508347088,0.0363570446272096,18
0,[],2,[],2019-01-20 23:23:38,0.0,0,0,6476906,2019-01-20 23:23:38,,0.0,0.0,0,,0.0,0.0,0.0,18
0,[],17,[],2019-02-19 12:18:02,0.0,0,0,6719944,2019-02-19 12:18:02,btc,0.0,0.0,0,btc,0.0,0.0,0.0,18
1,[],3,[],2019-02-19 13:06:37,121670.63139160197,0.000022799999999999998544740476003056528497836552560329437255859375,0.00000000089171484,6720330,2019-02-19 13:06:37,btc,0.5191085811163887,2159.2204961,0.000022799999999999998544740476003056528497836552560329437255859375,btc,7772.0849361608725,0.0,0.10018893011315032,19
1,[],4,[],2019-02-19 13:06:37,324769.29957984,0.00002281,0.0000000008921059430000001,6720331,2019-02-19 13:06:37,btc,0.38744349589203,0.0,0.00002281,btc,15222.28312932,0.62058878,3.6773819019234595,19
1,[],5,[],2019-02-19 13:06:39,0.0,0,0,6720332,2019-02-19 13:06:39,btc,0.0,0.01739742,0,btc,0.0,0.0,0.0,19
1,[],12,[],2019-02-19 13:06:40,134812.50639048,0.000022690000000000001291987350438006387776113115251064300537109375,0.0000000008874127070000001,6720333,2019-02-19 13:06:40,btc,0.0291788367813548,0.0,0.000022690000000000001291987350438006387776113115251064300537109375,btc,280.66393647,0.0003454945055518,0.0326788799999912,19
0,[],27,[],2019-02-19 13:06:43,0.0,0,0,6720334,2019-02-19 13:06:43,,0.0,0.0,0,btc,0.0,0.0,0.0,19
0,[],2,[],2019-01-20 23:24:19,0.0,0,0,6476924,2019-01-20 23:24:19,,0.0,0.0,0,,0.0,0.0,0.0,19
1,[],4,[],2019-02-19 13:06:44,8074365.41899576,0.00000014,0.000000000005475442000000001,6720335,2019-02-19 13:06:44,btc,0.7489880752473539,0.0,0.00000014,btc,1600922.19540293,0.001,0.2590475804948392,20
1,[],4,[],2019-02-19 13:06:45,109972799.95820357,0.00000002,0.0000000000007822060000000001,6720336,2019-02-19 13:06:45,btc,0.4047937008108997,0.0,0.00000002,btc,11907646.42013239,0.01908485,1.2372964430447118,21
1,[],12,[],2019-02-19 13:06:46,18489644.0,0.00000002,0.0000000000007822060000000001,6720337,2019-02-19 13:06:46,btc,669.7770903015066,0.0,0.00000002,btc,8570706.26263923,0.0003005102427813,0.24203316,21
0,[],17,[],2019-02-19 13:06:47,0.0,0,0,6720338,2019-02-19 13:06:47,btc,0.0,0.0,0,btc,0.0,0.0,0.0,21
1,[],12,[],2019-02-19 13:06:48,3360072333.043896,0.0000000002,0.000000000000007822060000000002,6720339,2019-02-19 13:06:48,btc,880865841726.6708,0.0,0.0000000002,btc,4743345378.976475,0.012580741474925081,0.3861909568555898,23
0,[],27,[],2019-02-19 13:06:50,0.0,0,0,6720340,2019-02-19 13:06:50,,1.3429826565934113,0.0,0,eth,1964879.85514486,0.0,0.0,23
1,[],4,[],2019-02-19 13:06:51,313788.06650383,0.00000063,0.000000000024639489,6720341,2019-02-19 13:06:51,btc,0.1765010192188742,0.0,0.00000063,btc,183562.3273368,0.0091407,0.1585156056858332,24
1,[],22,[],2019-02-19 13:07:49,11.76,0.00000100,0.0000000000391103,6720342,2019-02-19 13:07:49,BTC,7.415e-05,0.0,0.00000100,BTC,23.919354838709676,0.0,1.176e-05,24
0.0,[],25,[],2019-02-19 13:07:50,0.0,0,0,6720343,2019-02-19 13:07:50,,0.0,0.0,0.0,btc,0.0,0.0,0.0,24
1,[],4,[],2019-02-19 13:07:51,26859191.84604506,0.00000597,0.00000000023348849100000003,6720344,2019-02-19 13:07:51,btc,0.5363580444270605,0.0,0.00000597,btc,46559.13575553,0.10603513,0.4350436795387963,26
1,[],10,[],2019-02-19 13:07:53,683124.19163166,0.0000054,0.00000000021119562,6720345,2019-02-19 13:07:53,btc,25.927272136924913,0.0,0.0000054,btc,14351.41452713,0.0,0.2138635226438311,26
0,[],2,[],2019-01-20 23:25:56,0.0,0,0,6476976,2019-01-20 23:25:56,,0.0,0.0,0,,0.0,0.0,0.0,26
1,[],3,[],2019-02-19 13:07:55,5972327.70213569,0.00000001,0.00000000000039110300000000004,6720346,2019-02-19 13:07:55,btc,2.7764441329339813,0.0,0.00000001,btc,17925315.03207521,0.0,0.059723277021356894,27
1,[],5,[],2019-02-19 13:07:56,0.0,0,0,6720347,2019-02-19 13:07:56,btc,0.0,1.951e-05,0,btc,0.0,0.0,0.0,27
1,[],11,[],2019-02-19 13:07:58,9803584.35433359,0.00000005,0.000000000001955515,6720348,2019-02-19 13:07:58,btc,67506.53097482225,8080.0,0.00000005,btc,8171781.9463934,0.0,0.458287845339645,27
1,[],4,[],2019-02-19 13:07:59,560184761.5249115,0.00000002,0.0000000000007822060000000001,6720349,2019-02-19 13:07:59,btc,0.22122364156417798,0.0,0.00000002,"btc,ltc",44079130.90231315,0.14550476,7.020122941978898,29
1,[],7,[],2019-02-19 13:08:01,35485942.39607132,0.00000001,0.00000000000039110300000000004,6720350,2019-02-19 13:08:01,btc,44465227.34046182,2938458.78169,0.00000001,btc,58739454.99097204,0.05890676,0.35485942396071324,29
1,[],4,[],2019-02-19 13:08:02,1499090.43853166,0.00000028,0.000000000010950884000000001,6720351,2019-02-19 13:08:02,btc,0.2106457937054556,0.0,0.00000028,btc,447664.40249777,0.00577674,0.1214215193539246,30
0,[],17,[],2019-02-19 13:08:14,0.0,0,0,6720352,2019-02-19 13:08:14,btc,0.0,0.0,0,btc,0.0,0.0,0.0,30
1,[],4,[],2019-02-19 13:08:14,1130117.54480394,0.00006035,0.000000002360306605,6720353,2019-02-19 13:08:14,btc,1.845330469864703,0.0,0.00006035,btc,27961.50882749,1.92198543,1.6939936144336132,31
1,[],21,[],2019-02-19 13:08:15,50550.00717243,0.00006018000000000000318479617678,0.0000000023536578540000002,6720354,2019-02-19 13:08:15,btc,2.4467260905869908,102077.58594395,0.0000601800000000000031847961767805799127017962746322154998779296875,btc,37507.97121013,6.2484663,2.740433858539177,31
0,[],2,[],2019-01-20 23:28:43,0.0,0,0,6477009,2019-01-20 23:28:43,,0.0,0.0,0,,0.0,0.0,0.0,32
1,[],4,[],2019-02-19 13:08:16,135779595.1110846,0.00000004,0.0000000000015644120000000001,6720355,2019-02-19 13:08:16,btc,3.815562679063233,0.0,0.00000004,"btc,ltc",80228816.43612085,0.37748223,2.2879965561363838,33
1,[],12,[],2019-02-19 13:08:17,15385371.225,0.00000005,0.000000000001955515,6720356,2019-02-19 13:08:17,btc,35620106.54015018,0.0,0.00000005,btc,88814494.07592382,0.013959960739261,0.51011341125,33
1,[],4,[],2019-02-19 13:08:18,133886735.72663936,0.00000001,0.00000000000039110300000000004,6720357,2019-02-19 13:08:18,btc,0.893431353068849,0.0,0.00000001,btc,37385774.53889838,0.02489359,1.3388673572663936,34
1,[],5,[],2019-02-19 13:08:19,0.0,0,0,6720358,2019-02-19 13:08:19,btc,0.0,0.33039475,0,btc,0.0,0.0,0.0,34
0.0000000001230163,[],4,[],2019-02-19 13:08:20,1029493987.2590978,2.460326e-18,9.62240879578e-23,6720359,2019-02-19 13:08:20,ltc,9.37539533913424e-09,0.0,0.00000002,ltc,1843358430.6031163,0.0,2.0577064790010652e-09,36
1,[],5,[],2019-02-19 13:08:20,0.0,0,0,6720360,2019-02-19 13:08:20,btc,0.0,0.0,0,btc,0.0,0.0,0.0,36
0,[],27,[],2019-02-19 13:08:33,0.0,0,0,6720361,2019-02-19 13:08:33,,113.82128944818679,0.0,0,"ltc,eth",3757762.7424504,0.0,0.0,36
0,[],17,[],2019-02-19 12:27:29,0.0,0,0,6720158,2019-02-19 12:27:29,btc,0.07464582851571323,0.0,0,btc,4105386.20243647,0.0,0.0,36
1,[],4,[],2019-02-19 13:08:34,473209.9506796,0.00000088,0.000000000034417064,6720362,2019-02-19 13:08:34,btc,0.2966453325281093,0.0,0.00000088,btc,215102.70150805,0.11630758,0.1609597085739736,37
1,[],12,[],2019-02-19 13:08:35,521461.33176053,0.00000078,0.000000000030506034000000005,6720363,2019-02-19 13:08:35,btc,1364.2344275326107,0.0,0.00000078,btc,860182.32021349,0.266927974782592,0.1601197073799999,37
1,[],17,[],2019-02-19 13:08:37,1752.74075282,0.00000025,0.000000000009777575,6720364,2019-02-19 13:08:37,btc,0.055484924005096324,0.0,0.00000025,btc,1387.19918473,0.0,0.00043818518820499993,37
1,[],27,[],2019-02-19 13:08:39,14752.0,0.00000045,0.000000000017599635000000002,6720365,2019-02-19 13:08:39,btc,26.25770832162233,0.0,0.00000045,btc,6830.24738508,0.0,0.00483022,37
1,[],5,[],2019-02-19 13:08:40,0.0,0,0,6720366,2019-02-19 13:08:40,btc,0.0,0.09939286,0,btc,0.0,0.0,0.0,42
1,[],12,[],2019-02-19 13:08:41,134576.54310838,0.0000008,0.00000000003128824,6720367,2019-02-19 13:08:41,btc,94.67942138227565,0.0,0.0000008,btc,90409.29317003,0.001846208391606,0.041596309999996,42
0,[],27,[],2019-02-19 13:08:43,0.0,0,0,6720368,2019-02-19 13:08:43,,0.00315028,0.0,0,"btc,eth",11.007,0.0,0.0,42
1,[],5,[],2019-02-19 13:08:44,0.0,0,0,6720369,2019-02-19 13:08:44,btc,0.0,0.0,0,btc,0.0,0.0,0.0,43
1,[],12,[],2019-02-19 13:08:45,4098291.0,0.00000002,0.0000000000007822060000000001,6720370,2019-02-19 13:08:45,btc,20007435.274506606,0.0,0.00000002,btc,38974229.21618381,4.805002997e-05,0.04098297,43
0,[],17,[],2019-02-19 12:19:21,0.0,0,0,6719980,2019-02-19 12:19:21,btc,0.0,0.0,0,btc,0.0,0.0,0.0,43
1,[],12,[],2019-02-19 13:08:47,671731.0,0.00000005,0.000000000001955515,6720371,2019-02-19 13:08:47,btc,11115167.675810482,0.0,0.00000005,btc,1069843.31470526,0.00114266,0.0169033,44
1,[],4,[],2019-02-19 13:08:48,324833398.3445787,0.00000002,0.0000000000007822060000000001,6720372,2019-02-19 13:08:48,btc,0.18822660696019478,0.0,0.00000002,"btc,ltc",4537751.25245401,0.00309342,0.42363633372278003,49
0.0000000001230163,[],4,[],2019-02-19 13:08:49,32811799.89,1.230163e-18,4.81120439789e-23,6720373,2019-02-19 13:08:49,ltc,4.645173508239325,0.0,0.00000001,ltc,3579357652.409339,0.0,4.036386218808207e-11,52
0,[],22,[],2019-02-19 13:09:29,0.0,0,0,6720374,2019-02-19 13:09:29,,4368.07440295,0.0,0,,262751443.67882353,0.0,0.0,57
0,[],27,[],2019-02-19 13:09:32,0.0,0,0,6720375,2019-02-19 13:09:32,,0.0,0.0,0,"btc,eth",0.0,0.0,0.0,57
0.0000000001230163,[],4,[],2019-02-19 13:09:32,825514649.1437339,4.920652e-18,1.924481759156e-22,6720376,2019-02-19 13:09:32,ltc,3.272209004798144,0.0,0.00000004,ltc,1294773799.9375272,0.0,2.0437141661517688e-09,58
1,[],12,[],2019-02-19 13:09:33,1653993030.843957,0.0000000004,0.000000000000015644120000000003,6720377,2019-02-19 13:09:33,btc,224005479821.40594,0.0,0.0000000004,btc,3728960375.236065,0.1210014399790083,0.5367816197011391,58
0,[],17,[],2019-02-19 13:09:35,0.0,0,0,6720378,2019-02-19 13:09:35,btc,1e+24,0.0,0,btc,41401875.8285055,0.0,0.0,58
0.00000000013174450000000001,[],22,[],2019-02-19 13:10:26,137438.0,1.3174450000000002e-18,5.152566918350001e-23,6720379,2019-02-19 13:10:26,XMR,69.8835922,0.0,0.00000001,XMR,9887963.0,0.0,0.00137438,58
1,[],5,[],2019-02-19 13:10:28,0.0,0,0,6720380,2019-02-19 13:10:28,btc,0.0,0.00557888,0,btc,0.0,0.0,0.0,61
1,[],22,[],2019-02-19 13:10:58,5149.5,0.00000011,0.000000000004302133,6720381,2019-02-19 13:10:58,BTC,1002.29597012,0.0,0.00000011,BTC,14947.700278135757,0.0,0.00051596,61
1,[],26,[],2019-02-19 13:10:58,0.0,0.00000800,0.0000000003128824,6720382,2019-02-19 13:10:58,btc,0.0,0.0,0.00000800,btc,0.0,0.0,0.0,61
1,[],27,[],2019-02-19 13:11:00,5582.64,0.00000045,0.000000000017599635000000002,6720383,2019-02-19 13:11:00,btc,2.935325846318174,0.0,0.00000045,"btc,eth",18504.38399471,0.0,0.0009709972051590607,61
1,[],28,[],2019-02-19 13:11:06,13882.304,0.0000005,0.00000000001955515,6720384,2019-02-19 13:11:06,btc,2.062488404235105,756.0,0.0000005,btc,15611.87550005,0.0,0.00566491304,61
1,[],4,[],2019-02-19 13:11:07,365182.75776665,0.00000362,0.000000000141579286,6720385,2019-02-19 13:11:07,btc,1.0604441022233588,0.0,0.00000362,btc,245169.71777911,0.36273424,0.8182088389745054,67
0.0,[],25,[],2019-02-19 13:11:08,0.0,0,0,6720386,2019-02-19 13:11:08,,0.0,0.0,0.0,btc,0.0,0.0,0.0,67
1,[],12,[],2019-02-19 13:11:10,3106453.03879459,0.00000017,0.000000000006648751,6720387,2019-02-19 13:11:10,btc,11116609.957624111,0.0,0.00000017,btc,1883651.71212085,0.0133785869519081,0.1147417264411123,71
,[],5,[],2018-11-20 23:02:39,1.5e-07,0.00000005,0.000000000002128045,4862160,2018-11-20 23:02:39,btc,2.84511358,0.0,,btc,0.00036572,0.0,0.07381892,74
1,[],5,[],2019-02-19 13:11:11,0.0,0,0,6720388,2019-02-19 13:11:11,btc,0.0,0.0,0,btc,0.0,0.0,0.0,75
1,[],4,[],2019-02-19 13:11:12,17976001.10892337,0.00000001,0.00000000000039110300000000004,6720389,2019-02-19 13:11:12,btc,0.8634517537739842,0.0,0.00000001,btc,15391342.79181637,0.0,0.1797600110892337,81
0,[],20,[],2019-01-25 09:30:31,0.0,0,0,6495923,2019-01-25 09:30:31,btc,0.0,0.0,0,btc,0.0,0.0,0.0,81
1,[],4,[],2019-02-19 13:11:14,33815.52924824,0.00007730,0.0000000030232261900000003,6720390,2019-02-19 13:11:14,btc,1.309651873496266,0.0,0.00007730,btc,11117.15364092,0.01491801,0.5469544783214434,82
1,[],21,[],2019-02-19 13:11:14,168908.93952127,0.00008284999999999999450387561106,0.000000003240288355,6720391,2019-02-19 13:11:14,btc,2.6309709704692668,7540.78552073,0.000082849999999999994503875611062682082774699665606021881103515625,btc,25247.1101525,0.62097575,3.3907881138771128,82
0,[],17,[],2019-02-19 12:29:46,0.0,0,0,6720188,2019-02-19 12:29:46,btc,0.0447233088476774,0.0,0,btc,999127.19588126,0.0,0.0,84
0.0000000001230163,[],4,[],2019-02-19 13:11:27,168824931.44782954,7.380978e-18,2.886722638734e-22,6720392,2019-02-19 13:11:27,ltc,0.19541526448302773,0.0,0.00000006,ltc,108112871.67515346,0.0,5.753821047135188e-10,85
,[],22,[],2018-11-20 23:09:34,3408.1,0.0000001,0.0000000000041895,4862324,2018-11-20 23:09:34,BTC,0.04624735,0.0,,BTC,4990.0,0.0,0.00033081,86
0,[],22,[],2019-02-19 13:12:06,0.0,0,0,6720393,2019-02-19 13:12:06,,2.0760781,0.0,0,,140622.94736842104,0.0,0.0,87
0,[],27,[],2019-02-19 13:12:08,0.0,0,0,6720394,2019-02-19 13:12:08,,0.0,0.0,0,btc,0.0,0.0,0.0,87
,[],2,[],2018-11-20 23:10:47,0.0,0,0,4862359,2018-11-20 23:10:47,,0.0,0.0,,,0.0,0.0,0.0,88
1,[],11,[],2019-02-19 13:12:10,97090.17112723,0.0001450000000000000008500145032286354762618429958820343017578125,0.0000000056709935,6720395,2019-02-19 13:12:10,btc,610.2107325129828,828.48989621,0.0001450000000000000008500145032286354762618429958820343017578125,btc,94899.42397335,0.0,6.583962105568485,89
0,[],2,[],2019-01-20 23:31:45,0.0,0,0,6477083,2019-01-20 23:31:45,,0.0,0.0,0,,0.0,0.0,0.0,91
1,[],12,[],2019-02-19 13:12:11,435739.75596808,0.000001870000000000000095373470405946125794116596807725727558135986328125,0.00000000007313626100000001,6720396,2019-02-19 13:12:11,btc,15.377751132948164,0.0,0.000001870000000000000095373470405946125794116596807725727558135986328125,btc,50150.88834005,0.007769290211378,0.0627925765999869,91
0,[],17,[],2019-02-19 12:30:04,0.0,0,0,6720194,2019-02-19 12:30:04,btc,0.0,0.0,0,btc,0.0,0.0,0.0,91
0.0000000001230163,[],22,[],2019-02-19 13:12:52,3506520.0,4.920652e-18,1.924481759156e-22,6720397,2019-02-19 13:12:52,LTC,9.13211897,0.0,0.00000004,LTC,72065348.1,2.4603259999999997e-14,0.1050108,95
0.0000000001230163,[],4,[],2019-02-19 13:12:54,135032367.11567372,9.5952714e-17,3.7527394303542e-21,6720398,2019-02-19 13:12:54,ltc,0.6426186841355461,0.0,0.00000078,ltc,37207569.18879285,0.00798995,1.1110636626545265e-09,96
1,[],12,[],2019-02-19 13:12:55,257598.0,0.00000001,0.00000000000039110300000000004,6720399,2019-02-19 13:12:55,btc,255075.83076766485,0.0,0.00000001,btc,8791477.79451522,0.0003665585014986,0.00257598,96
0,[],17,[],2019-02-19 12:30:25,0.0,0,0,6720198,2019-02-19 12:30:25,btc,0.0,0.0,0,btc,0.0,0.0,0.0,96
1,[],4,[],2019-02-19 13:13:07,1782366.60330353,0.00000035,0.000000000013688605000000001,6720400,2019-02-19 13:13:07,btc,0.5916687619654377,0.0,0.00000035,btc,939499.80004618,1.44378037,0.251515031677767,99
0,[],2,[],2019-01-20 23:23:55,0.0,0,0,6476914,2019-01-20 23:23:55,,0.0,0.0,0,,0.0,0.0,0.0,100
1,[],4,[],2019-02-19 13:13:07,190944.87305308,0.00003839,0.0000000015014444170000002,6720401,2019-02-19 13:13:07,btc,1.2662510398359512,0.0,0.00003839,btc,29044.00960833,0.70337875,0.9974167501790737,100
1,[],22,[],2019-02-19 13:13:35,50000.0,0.00000001,0.00000000000039110300000000004,6720402,2019-02-19 13:13:35,BTC,23.49896609,0.0,0.00000001,BTC,10277.22,0.0,0.0005,101
1,[],4,[],2019-02-19 13:13:36,441422.38655626,0.00000087,0.000000000034025961000000006,6720403,2019-02-19 13:13:36,btc,0.4001162636852761,0.0,0.00000087,btc,162038.90296563,0.02263208,0.2304967266953749,103
1,[],12,[],2019-02-19 13:13:38,58154683.0,0.000000015,0.0000000000005866545,6720404,2019-02-19 13:13:38,btc,137279442.54147893,0.0,0.000000015,btc,120397938.53350368,0.04036080087770805,0.21491936,105
1,[],27,[],2019-02-19 13:13:41,397342.89,0.00000001,0.00000000000039110300000000004,6720405,2019-02-19 13:13:41,btc,0.2583299431492299,0.0,0.00000001,btc,303168.20460553,0.0,0.0039734289,105
1,[],22,[],2019-02-19 13:14:13,9328.0,0.00000001,0.00000000000039110300000000004,6720406,2019-02-19 13:14:13,BTC,51.10825004,0.0,0.00000001,BTC,468935.0,0.0,9.328e-05,107
1,[],26,[],2019-02-19 13:14:13,0.0,0.00000000,0,6720407,2019-02-19 13:14:13,btc,0.0,0.0,0.00000000,btc,0.0,0.0,0.0,107
1,[],5,[],2019-02-19 13:14:14,0.0,0,0,6720408,2019-02-19 13:14:14,btc,0.0,0.01142071,0,btc,0.0,0.0,0.0,112
1,[],22,[],2019-02-19 13:14:48,1966.0,0.00000001,0.00000000000039110300000000004,6720409,2019-02-19 13:14:48,BTC,2.81183288,0.0,0.00000001,BTC,808524.0833333334,0.0,1.966e-05,112
0,[],27,[],2019-02-19 13:14:51,0.0,0,0,6720410,2019-02-19 13:14:51,,1.35132491849924,0.0,0,"btc,eth",1328.641654,0.0,0.0,112
1,[],4,[],2019-02-19 13:14:51,467748.61298723,0.00000332,0.000000000129846196,6720411,2019-02-19 13:14:51,btc,0.3137733949505551,0.0,0.00000332,btc,77382.60294715,0.3596185,0.2455312076636228,113
1,[],5,[],2019-02-19 13:14:52,0.0,0,0,6720412,2019-02-19 13:14:52,btc,0.0,0.0,0,btc,0.0,0.0,0.0,113
1,[],17,[],2019-02-19 13:14:55,152738.278,0.00000004,0.0000000000015644120000000001,6720413,2019-02-19 13:14:55,btc,1.3368030275406007,0.0,0.00000004,btc,51896.221,0.0,0.0022095311199999998,116
0,[],27,[],2019-02-19 13:14:57,0.0,0,0,6720414,2019-02-19 13:14:57,,0.0,0.0,0,btc,0.0,0.0,0.0,116
1,[],4,[],2019-02-19 13:14:57,27416.54021484,0.00003130,0.00000000122415239,6720415,2019-02-19 13:14:57,btc,1.0234762853438384,0.0,0.00003130,btc,30100.74526176,0.62144659,0.6897999469882705,120
1,[],7,[],2019-02-19 13:14:59,18194.54117396,0.0000295399999999999983879735154790324713758309371769428253173828125,0.000000001155318262,6720416,2019-02-19 13:14:59,btc,115649.95170080179,41.62128753,0.0000295399999999999983879735154790324713758309371769428253173828125,btc,27838.97300772,0.00125102,0.0760109850999129,120
1,[],20,[],2019-02-19 13:15:02,1073509.3397,0.000000017,0.0000000000006648751000000001,6720417,2019-02-19 13:15:02,btc,31.909191296025,3076.05,0.000000017,btc,1141578.7853,5.229285e-05,0.0050788561674,125
1,[],22,[],2019-02-19 13:15:44,3053.0,0.00000001,0.00000000000039110300000000004,6720418,2019-02-19 13:15:44,BTC,0.01444887,0.0,0.00000001,BTC,296263.5111111111,0.0,3.053e-05,126
1,[],4,[],2019-02-19 13:15:44,118594.62837412,0.00001623,0.0000000006347601690000001,6720419,2019-02-19 13:15:44,btc,0.775150547685103,0.0,0.00001623,btc,38338.13792395,0.28272967,0.9126351299463291,131
0,[],17,[],2019-02-19 13:15:46,0.0,0,0,6720420,2019-02-19 13:15:46,btc,0.0009561751951600001,0.0,0,btc,35.42829368,0.0,0.0,131
0,[],2,[],2019-01-20 23:25:46,0.0,0,0,6476969,2019-01-20 23:25:46,,0.0,0.0,0,,0.0,0.0,0.0,131
1,[],4,[],2019-02-19 13:15:46,4559.17374968,0.00016274,0.000000006364810222,6720421,2019-02-19 13:15:46,btc,1.647401424516374,0.0,0.00016274,btc,334.44418488,0.0,0.0093096643187847,135
1,[],3,[],2019-02-19 13:15:47,1701123.63905174,0.00000005,0.000000000001955515,6720422,2019-02-19 13:15:47,btc,0.1307779625138315,36152.0,0.00000005,btc,549674.90940695,0.0,0.0617199017803675,136
1,[],4,[],2019-02-19 13:15:48,49352.63672327,0.00000170,0.00000000006648751,6720423,2019-02-19 13:15:48,btc,0.1190586654481817,0.0,0.00000170,btc,57096.03747274,0.08229235,0.0517891842323749,137
1,[],12,[],2019-02-19 13:15:50,295651.59076041,0.0000016899999999999999129363971450690229403335251845419406890869140625,0.000000000066096407,6720424,2019-02-19 13:15:50,btc,11807.70109438942,0.0,0.0000016899999999999999129363971450690229403335251845419406890869140625,btc,158020.15676263,0.0003808199994118,0.025292110000034798,137
1,[],4,[],2019-02-19 13:15:50,211753.7366244,0.00005010,0.00000000195942603,6720425,2019-02-19 13:15:50,btc,0.9127444563878082,0.0,0.00005010,btc,14135.56596243,1.40230775,0.519757459353492,142
1,[],5,[],2019-02-19 13:15:51,0.0,0,0,6720426,2019-02-19 13:15:51,btc,0.0,0.71557336,0,btc,0.0,0.0,0.0,142
1,[],17,[],2019-02-19 13:16:03,22967.386363640002,0.00000088,0.00000000003441706400000001,6720427,2019-02-19 13:16:03,btc,20.0699133484,0.0,0.00000088,btc,405.079105,0.0,0.0104613000000032,142
1,[],20,[],2019-02-19 13:16:04,134205.1086,0.00003389,0.000000001325448067,6720428,2019-02-19 13:16:04,btc,0.3875779098072,5089.7983,0.00003389,btc,3688.6846,0.389674957848,0.2609401769574,142
1,[],22,[],2019-02-19 13:16:26,1835.7342692793673,0.00005011,0.0000000019598171330000002,6720429,2019-02-19 13:16:26,BTC,3.0070065,0.0,0.00005011,BTC,896.9784641392417,0.0,0.01140906,142
0.0,[],25,[],2019-02-19 13:16:27,0.0,0,0,6720430,2019-02-19 13:16:27,,0.0,0.0,0.0,btc,0.0,0.0,0.0,142
1,[],28,[],2019-02-19 13:16:33,77743.0,0.00004500,0.0000000017599635,6720431,2019-02-19 13:16:33,btc,0.057100837,474.0,0.00004500,btc,356.4989,0.0,0.0519372,142
0,[],22,[],2019-02-19 13:16:44,0.0,0,0,6720432,2019-02-19 13:16:44,,67.24443376,0.0,0,,817363658.3,0.0,0.0,143
1,[],21,[],2019-02-19 13:16:45,32266572.450149,0.00000025,0.000000000009777575,6720433,2019-02-19 13:16:45,btc,60.3940203175589,23404243.17461793,0.00000025,btc,103612676.76721533,5.98466805,4.519338869836223,145
0,[],22,[],2019-02-19 13:16:56,0.0,0,0,6720434,2019-02-19 13:16:56,,4.24946284,0.0,0,,1812156.0,0.0,0.0,146
,[],22,[],2018-11-20 23:01:11,0.0,0,0,4862114,2018-11-20 23:01:11,,2.56807021,0.0,,,61828.4988236,0.0,0.0,147
1,[],12,[],2019-02-19 13:16:57,8679741.7976922,0.00000282000000000000010532373584393184273721999488770961761474609375,0.00000000011029104600000001,6720435,2019-02-19 13:16:57,btc,16.564554168628437,0.0,0.00000282000000000000010532373584393184273721999488770961761474609375,btc,118287.3460165,0.0009649296703456,0.10814078799999,148
1,[],4,[],2019-02-19 13:16:58,247751.67438999,0.00000030,0.000000000011733090000000001,6720436,2019-02-19 13:16:58,btc,0.7781387152518712,0.0,0.00000030,btc,593167.18068715,0.00020876,0.0586340587886126,152
0,[],22,[],2019-02-19 13:17:16,0.0,0,0,6720437,2019-02-19 13:17:16,,0.0,0.0,0,,0.0,0.0,0.0,152
1,[],5,[],2019-02-19 13:17:17,0.0,0,0,6720438,2019-02-19 13:17:17,btc,0.0,0.0,0,btc,0.0,0.0,0.0,153
,[],16,[],2019-01-11 15:38:59,0.0,0,0,6366141,2019-01-11 15:38:59,btc,0.0,0.0,,btc,0.0,0.0,0.0,155
0,[],23,[],2019-01-20 23:24:29,0.0,0,0,6476932,2019-01-20 23:24:29,,0.0,0.0,0,,0.0,0.0,0.0,156
0,[],22,[],2019-02-19 13:18:04,0.0,0,0,6720439,2019-02-19 13:18:04,,6.74608761,0.0,0,,4644402.242592593,0.0,0.0,156
1,[],22,[],2019-02-19 13:18:48,7073.8,0.00005300,0.0000000020728459000000003,6720440,2019-02-19 13:18:48,BTC,43.78801181,0.0,0.00005300,BTC,1067.5805334758436,0.0,0.00104336,157
0,[],22,[],2019-02-19 13:19:04,0.0,0,0,6720441,2019-02-19 13:19:04,,50175.68008609,0.0,0,,54479136.04179466,0.0,0.0,158
,[],17,[],2018-11-20 22:56:10,0.0,0,0,4861976,2018-11-20 22:56:10,btc,1.1265625,0.0,,btc,1000.0,0.0,0.0,159
,[],20,[],2018-11-20 22:56:12,0.0,0,0,4861977,2018-11-20 22:56:12,btc,11912.7940471,0.0,,btc,34413894.3617,0.0,0.0,159
1,[],12,[],2019-02-19 13:19:05,188212.9433726,0.00000740000000000000030041073795228356857478502206504344940185546875,0.00000000028941622000000004,6720442,2019-02-19 13:19:05,btc,6.657399340691165,0.0,0.00000740000000000000030041073795228356857478502206504344940185546875,btc,14477.21569509,0.001303287,0.0932401614999915,168
1,[],17,[],2019-02-19 13:19:17,29784.95,0.000001,0.0000000000391103,6720443,2019-02-19 13:19:17,btc,0.03026736251542,0.0,0.000001,btc,144.46171372,0.0,0.00716147,168
1,[],22,[],2019-02-19 13:19:55,1000.0,0.00000001,0.00000000000039110300000000004,6720444,2019-02-19 13:19:55,BTC,1.14655792,0.0,0.00000001,BTC,759972.8900917594,1e-06,1e-05,169
1,[],22,[],2019-02-19 13:20:38,179295.22727272726,0.00000022,0.000000000008604266,6720445,2019-02-19 13:20:38,BTC,13.2934994,0.0,0.00000022,BTC,167909.3849585259,0.0,0.02507459,171
1,[],22,[],2019-02-19 13:22:26,133596.6,0.00000005,0.000000000001955515,6720446,2019-02-19 13:22:26,BTC,2.66399572,0.0,0.00000005,BTC,270115.98850797466,0.00230997,0.00533987,173
1,[],5,[],2019-02-19 13:22:27,0.0,0,0,6720447,2019-02-19 13:22:27,btc,0.0,0.19155307,0,btc,0.0,0.0,0.0,175
1,[],22,[],2019-02-19 13:22:48,37430.0,0.0000003,0.000000000011733090000000001,6720448,2019-02-19 13:22:48,BTC,0.53059598,0.0,0.0000003,BTC,143403.40970790636,0.0,0.0032426,176
1,[],7,[],2019-02-19 13:22:50,0.0,0,0,6720449,2019-02-19 13:22:50,btc,410918.63489866455,0.0,0,btc,115828955.16222881,0.0,0.0,178
0,[],22,[],2019-02-19 13:23:04,0.0,0,0,6720450,2019-02-19 13:23:04,,1.00242428,0.0,0,,57512.0,0.0,0.0,178
0,[],2,[],2019-01-20 23:28:34,0.0,0,0,6477001,2019-01-20 23:28:34,,0.0,0.0,0,,0.0,0.0,0.0,178
0,[],23,[],2019-01-20 23:25:08,0.0,0,0,6476952,2019-01-20 23:25:08,,0.0,0.0,0,,0.0,0.0,0.0,179
1,[],5,[],2019-02-19 13:23:05,0.0,0,0,6720451,2019-02-19 13:23:05,btc,0.0,0.95219171,0,btc,0.0,0.0,0.0,179
1,[],22,[],2019-02-19 13:23:29,7859285.0,0.00000002,0.0000000000007822060000000001,6720452,2019-02-19 13:23:29,BTC,5.49491223,0.0,0.00000002,"BTC,LTC",17558294.468656633,0.0,0.38444554,179
1,[],17,[],2019-02-19 13:23:41,10504.725,0.0000001,0.00000000000391103,6720453,2019-02-19 13:23:41,btc,5.2010695838170005,0.0,0.0000001,btc,4994.45945,0.0,0.0010504725,180
1,[],22,[],2019-02-19 13:24:43,128933.32,0.00000025,0.000000000009777575,6720454,2019-02-19 13:24:43,BTC,0.19887369,0.0,0.00000025,"BTC,LTC",57140.89735553546,0.0003,0.00134617,180
1,[],26,[],2019-02-19 13:24:43,0.0,0.00000100,0.0000000000391103,6720455,2019-02-19 13:24:43,btc,0.0,0.0,0.00000100,btc,0.0,0.0,0.0,180
,[],7,[],2018-11-20 22:58:01,562227.975654,0.00000085,0.000000000036176765,4862015,2018-11-20 22:58:01,btc,21836.6059674,2491.87645172,,btc,749999.041456,0.00211021,0.127565380455,183
,[],5,[],2019-01-10 08:11:41,0.0,0,0,6347036,2019-01-10 08:11:41,btc,82.15055501,0.00261,,btc,1.19002445,0.0,0.0,187
,[],17,[],2018-11-16 20:58:10,4062536.27273,0.00000001,0.000000000000550501,4708775,2018-11-16 20:58:10,btc,3.36492563466,0.195460381006,,"btc,eth",110697919.549,0.0,0.0157628953496,187
1,[],24,[],2019-02-19 13:24:43,0.0,0.000000000001,3.9110300000000004e-17,6720456,2019-02-19 13:24:43,btc,0.0,0.0,0.000000000001,btc,0.0,0.0,0.0,187
0,[],22,[],2019-02-19 13:25:20,0.0,0,0,6720457,2019-02-19 13:25:20,,1.19374426,0.0,0,,16338.869534405507,0.0,0.0,191
0,[],22,[],2019-02-19 13:26:40,0.0,0,0,6720458,2019-02-19 13:26:40,,0.0,0.0,0,,0.0,0.0,0.0,197
0,[],23,[],2019-01-20 23:31:41,0.0,0,0,6477079,2019-01-20 23:31:41,,0.0,0.0,0,,0.0,0.0,0.0,199
0,[],22,[],2019-02-19 13:26:56,0.0,0,0,6720459,2019-02-19 13:26:56,,5.17330081,0.0,0,,21824453.0,0.0,0.0,199
1,[],26,[],2019-02-19 13:26:56,0.0,0.00000000,0,6720460,2019-02-19 13:26:56,btc,0.0,607104.0,0.00000000,btc,0.0,0.0,0.0,199
0,[],17,[],2019-01-30 16:32:01,0.0,0,0,6540827,2019-01-30 16:32:01,btc,6.802544163788159,0.0,0,btc,105897.55575295,0.0,0.0,200
0,[],2,[],2019-01-20 23:30:49,0.0,0,0,6477059,2019-01-20 23:30:49,,0.0,0.0,0,,0.0,0.0,0.0,201
1,[],4,[],2019-01-25 15:51:35,2084389.58565343,0.00000936,0.000000000333526752,6499557,2019-01-25 15:51:35,btc,2.0092503037378524,0.0,0.00000936,btc,160195.80207885,0.19272417,1.242687955921835,211
1,[],7,[],2019-02-19 13:26:59,4929435.99864607,0.00000137999999999999991637657063836552850943917292170226573944091796875,0.000000000053972214,6720461,2019-02-19 13:26:59,btc,15475875.670621125,1194166.74975,0.00000137999999999999991637657063836552850943917292170226573944091796875,btc,12587840.98236787,0.0,3.3954117703711066,212
1,[],12,[],2019-01-25 02:44:32,207462.42853209,0.000001080000000000000035831255497387193287295303889550268650054931640625,0.000000000038610756000000006,6493050,2019-01-25 02:44:32,btc,85023.03793723314,0.0,0.000001080000000000000035831255497387193287295303889550268650054931640625,btc,43675.73520027,0.000146250909087,0.0348620860622024,213
1,[],5,[],2019-02-19 13:27:00,0.0,0,0,6720462,2019-02-19 13:27:00,btc,0.0,0.08355867,0,btc,0.0,0.0,0.0,213
1,[],24,[],2019-02-19 13:27:00,0.0,0.000000050000,0.000000000001955515,6720463,2019-02-19 13:27:00,btc,0.0,20.0,0.000000050000,btc,0.0,1.76e-05,0.0,213
1,[],26,[],2019-02-19 13:27:00,0.0,0.00000009,0.0000000000035199270000000002,6720464,2019-02-19 13:27:00,btc,0.0,0.0,0.00000009,btc,0.0,0.0,0.0,213
0,[],22,[],2019-02-19 13:27:26,0.0,0,0,6720465,2019-02-19 13:27:26,,2.19551377,0.0,0,,211112.59081706151,0.0,0.0,216
1,[],27,[],2019-02-19 13:27:28,5201657.5615,0.00000004,0.0000000000015644120000000001,6720466,2019-02-19 13:27:28,btc,362.0745472606,2500.0,0.00000004,"btc,ltc",264161.775,0.00015,0.05463726246,216
1,[],22,[],2019-02-19 13:28:14,185150.4215558848,0.00000194,0.000000000075873982,6720467,2019-02-19 13:28:14,BTC,12676.77407115,0.0,0.00000194,BTC,399121.58148959326,0.01762492,0.20771683,217
1,[],7,[],2019-02-19 13:28:15,0.0,0,0,6720468,2019-02-19 13:28:15,btc,77969.6156418105,0.0,0,btc,137055636.5050253,0.0,0.0,219
0,[],27,[],2019-02-19 13:28:17,0.0,0,0,6720469,2019-02-19 13:28:17,,5.341833788316972,0.0,0,btc,1599140.99226595,0.0,0.0,219
0.0000000000000053,[],28,[],2019-02-19 13:28:19,168163313.092,4.399477e-18,1.7206486531310003e-22,6720470,2019-02-19 13:28:19,doge,84047.8870939895,14072.0,0.00083009,"btc,doge",4762557.44411,0.0,1.1688635191466321e-11,219
1,[],22,[],2019-02-19 13:28:50,245477.6,0.00000019,0.000000000007430957,6720471,2019-02-19 13:28:50,BTC,2.99419401,0.0,0.00000019,BTC,90971.18152986986,0.0,0.02663551,221
1,[],24,[],2019-02-19 13:28:50,0.0,0.000000180000,0.0000000000070398540000000004,6720472,2019-02-19 13:28:50,btc,0.0,0.0,0.000000180000,btc,0.0,0.0,0.0,221
1,[],20,[],2019-02-19 13:28:53,41161710.8437,0.000000002,0.0000000000000782206,6720473,2019-02-19 13:28:53,btc,47.9786214075211,0.0,0.000000002,btc,10194573.1132,0.0,0.0417908661075,224
0,[],22,[],2019-02-19 13:30:29,0.0,0,0,6720474,2019-02-19 13:30:29,,0.0,0.0,0,,0.0,0.0,0.0,224
1,[],26,[],2019-02-19 13:30:30,0.0,0.00000034,0.000000000013297502000000001,6720475,2019-02-19 13:30:30,btc,0.0,0.0,0.00000034,btc,0.0,0.0,0.0,231
1,[],26,[],2019-02-19 13:30:30,0.0,0.00000006,0.000000000002346618,6720476,2019-02-19 13:30:30,btc,0.0,0.0,0.00000006,btc,0.0,0.0,0.0,234
0,[],27,[],2019-02-19 13:30:32,0.0,0,0,6720477,2019-02-19 13:30:32,,0.0113483662182,0.0,0,"btc,eth",11462.99618,0.0,0.0,234
0,[],22,[],2019-02-19 13:30:51,0.0,0,0,6720478,2019-02-19 13:30:51,,4.08286522,0.0,0,,104073927.81349206,0.0,0.0,235
1,[],4,[],2019-02-19 13:30:52,870928.43028919,0.00000082,0.000000000032070446000000004,6720479,2019-02-19 13:30:52,btc,0.3261696973200508,0.0,0.00000082,btc,258203.93103642,0.0227956,0.2498475730789029,236
1,[],24,[],2019-02-19 13:30:52,0.0,0.000000020010,0.0000000000007825971030000001,6720480,2019-02-19 13:30:52,btc,0.0,0.0,0.000000020010,btc,0.0,0.0,0.0,236
1,[],20,[],2019-02-19 13:30:53,66622529.934,0.000000068,0.0000000000026595004000000004,6720481,2019-02-19 13:30:53,btc,16.8280250802701,35362015.6212,0.000000068,btc,41540094.2943,2.6490303893462,0.428191220205,237
1,[],22,[],2019-02-19 13:31:33,116403.0,0.00000004,0.0000000000015644120000000001,6720482,2019-02-19 13:31:33,BTC,0.0405823,0.0,0.00000004,"BTC,LTC",3164.0,0.0,0.00482009,237
1,[],4,[],2019-02-19 13:31:34,4762348.09386592,0.00000034,0.000000000013297502000000001,6720483,2019-02-19 13:31:34,btc,0.4505052943505257,0.0,0.00000034,btc,1157802.44921591,0.32635592,1.512542156358301,238
1,[],5,[],2019-02-19 13:31:35,0.0,0,0,6720484,2019-02-19 13:31:35,btc,0.0,0.06114932,0,btc,0.0,0.0,0.0,238
0,[],22,[],2019-02-19 13:32:23,0.0,0,0,6720485,2019-02-19 13:32:23,,27.41701007,0.0,0,,370860.0639027493,0.0,0.0,249
0.0000000001230163,[],22,[],2019-02-19 13:33:05,7021097.666666667,3.690489e-18,1.443361319367e-22,6720486,2019-02-19 13:33:05,LTC,0.56670218,0.0,0.00000003,LTC,15147487.09,0.0,0.20963595,252
1,[],28,[],2019-02-19 13:33:07,4391956.698,0.0000001,0.00000000000391103,6720487,2019-02-19 13:33:07,btc,164693.70277468514,69611.4,0.0000001,btc,1125305.4751,0.0,0.2663411375,256
1,[],22,[],2019-02-19 13:35:05,1483373.6666666667,0.00000003,0.000000000001173309,6720488,2019-02-19 13:35:05,BTC,31.40136043,0.0,0.00000003,BTC,455878.3791200279,0.000345,0.04335593,258
1,[],22,[],2019-02-19 13:37:19,49651.0,0.00000002,0.0000000000007822060000000001,6720489,2019-02-19 13:37:19,BTC,1.307792,0.0,0.00000002,BTC,1739.5775,0.0,0.00050551,259
1,[],22,[],2019-02-19 13:38:01,10700.566111111111,0.00001800,0.0000000007039854,6720490,2019-02-19 13:38:01,BTC,1292.99475,0.0,0.00001800,"BTC,LTC",4497.297188473189,0.01577885,0.01226404,262
1,[],5,[],2019-02-19 13:38:02,0.0,0,0,6720491,2019-02-19 13:38:02,btc,0.0,0.0754676,0,btc,0.0,0.0,0.0,264
1,[],20,[],2019-02-19 13:38:04,1241460.4268,0.0000026,0.00000000010168678,6720492,2019-02-19 13:38:04,btc,8.6272157839506,18672.1709,0.0000026,btc,151616.2182,0.06862247536,0.024509551847,264
1,[],22,[],2019-02-19 13:38:20,45414.0,0.00000001,0.00000000000039110300000000004,6720493,2019-02-19 13:38:20,BTC,8.43553312,0.0,0.00000001,BTC,415509.1485028838,0.00029151,0.00045414,271
0,[],22,[],2019-02-19 13:38:29,0.0,0,0,6720494,2019-02-19 13:38:29,,385.44178703,0.0,0,,15173097515.9,0.0,0.0,272
0.0000000000000053,[],28,[],2019-02-19 13:38:31,212363939445.506,4.2400000000000005e-21,1.6582767200000002e-25,6720495,2019-02-19 13:38:31,doge,441774430.8922171,53878050880.1766,0.0000008,doge,224703231844.7649,0.0,5.705969203731709e-10,272
1,[],22,[],2019-02-19 13:40:18,22260.05699800399,0.00000650,0.00000000025421695000000004,6720496,2019-02-19 13:40:18,BTC,74.23005231,0.0,0.00000650,"BTC,LTC",4515.887704275736,0.09002133,0.09357958,281
