pairValue,buyBook,exchangeId,sellBook,updated,buyTotal,satoshiPrice,usdPrice,exchangeLogId,created,bestPair,sellTotalBtc,volume,pairPrice,activePairs,sellTotal,volumeBtc,buyTotalBtc,coinId
1,[],3,[],2019-02-06 17:58:06,114.733614591721,0.0124377900000000006508482641720547690056264400482177734375,0.000000422970680751,6605369,2019-02-06 17:58:06,btc,107.0880339365583,1.46965321,0.0124377900000000006508482641720547690056264400482177734375,btc,23.620702120472,0.0,0.319136585165735,1
1,[],4,[],2019-02-06 17:58:07,120134.52234938,0.01265525,0.000000430365821225,6605370,2019-02-06 17:58:07,btc,0.9794183233040465,0.0,0.01265525,btc,74.60769516,1.13511846,1.3608378532533916,1
1,[],5,[],2019-02-06 17:58:08,0.21772679,0.01225000,0.000000416584525,6605371,2019-02-06 17:58:08,btc,14578.03169626,0.01089093,0.01225000,btc,35555556.12589175,0.0,1.44502866,1
1,[],10,[],2019-02-06 17:58:10,414791.03025754,0.01150888,0.000000391381331272,6605372,2019-02-06 17:58:10,btc,6533.555503545017,1680.70477451,0.01150888,btc,1070.59215507,0.0,4.387951679358838,1
1,[],12,[],2019-02-06 17:58:12,10435.22380671,0.01247999999999999977406961448878064402379095554351806640625,0.000000424406112,6605373,2019-02-06 17:58:12,btc,0.4922704892362,0.0,0.01247999999999999977406961448878064402379095554351806640625,btc,33.09592262,1.3468795364231,0.3382295598481,1
1,[],20,[],2019-02-06 17:58:15,1149.1772,0.01200001,0.00000040808314006900004,6605374,2019-02-06 17:58:15,btc,0.0580330504203,0.0,0.01200001,btc,2.5989,0.0,0.0843085388377,1
1,[],21,[],2019-02-06 17:58:16,2546.90062067,0.01250827000000000015222934024,0.00000042536748706300003,6605375,2019-02-06 17:58:16,btc,18.625551383014855,2534.82994725,0.01250827000000000015222934024450296419672667980194091796875,"btc,eth",2086.1377879,29.932750796353684,25.527502109549598,1
1,[],22,[],2019-02-06 17:58:20,0.0263776,0.01350000,0.00000045909315,6605376,2019-02-06 17:58:20,BTC,0.31397231,0.0,0.01350000,BTC,0.10124366666666666,0.0,0.00034472,1
1,[],24,[],2019-02-06 17:58:24,0.0,0.000000000000,0,6605377,2019-02-06 17:58:24,btc,0.0,0.0,0.000000000000,btc,0.0,0.0,0.0,1
0.0,[],25,[],2019-02-06 17:58:25,0.0,0,0,6605378,2019-02-06 17:58:25,btc,21.508799998140073,1013.14960247,0.0,btc,1664.34780246,12.9165,0.0,1
1,[],26,[],2019-02-06 17:58:35,0.0,0,0,6605379,2019-02-06 17:58:35,,0.0,0.0,0,,0.0,0.0,0.0,1
1,[],28,[],2019-02-06 17:58:36,987.9,0.01131000,0.000000384618039,6605380,2019-02-06 17:58:36,btc,0.162839806,17690.0,0.01131000,btc,8.9,0.0,0.024551096,1
0,[],2,[],2019-01-20 23:28:45,0.0,0,0,6477011,2019-01-20 23:28:45,,0.0,0.0,0,,0.0,0.0,0.0,1
1,[],5,[],2019-02-06 17:58:38,2.144e-05,0.00000074,0.000000000025165106,6605381,2019-02-06 17:58:38,btc,0.14796278,0.0288488,0.00000074,btc,7.133e-05,0.0,0.45731026,2
1,[],22,[],2019-02-06 17:58:42,1648.0,0.0000004,0.00000000001360276,6605382,2019-02-06 17:58:42,BTC,4.22135011,0.0,0.0000004,"BTC,XMR",14604.712016896552,0.0,0.00107635,2
1,[],5,[],2019-02-06 17:58:44,1.25e-06,0.00000016,0.000000000005441104,6605383,2019-02-06 17:58:44,btc,3.47571423,0.00834709,0.00000016,btc,2.204e-05,0.0,2.92289444,3
1,[],12,[],2019-02-06 17:58:45,12275846.1649652,0.000000168,0.0000000000057131592,6605384,2019-02-06 17:58:45,btc,921361.5174849483,0.0,0.000000168,btc,8050784.68970557,0.06017828726016212,0.5119883248097908,3
0,[],28,[],2019-02-06 17:58:46,0.0,0,0,6605385,2019-02-06 17:58:46,,0.0,0.0,0,,0.0,0.0,0.0,3
0,[],2,[],2019-01-20 23:31:32,0.0,0,0,6477077,2019-01-20 23:31:32,,0.0,0.0,0,,0.0,0.0,0.0,4
1,[],4,[],2019-02-06 17:25:55,521345.42775463,0.00000034,0.000000000011580638,6604890,2019-02-06 17:25:55,btc,0.35948582186403,0.0,0.00000034,btc,344082.23008056,0.00108,0.0861462231998988,4
1,[],12,[],2019-02-06 17:43:51,1519183.5219999999,0.00000004,0.000000000001361944,6605019,2019-02-06 17:43:51,btc,11013878.268140282,0.0,0.00000004,btc,964899.39031991,0.0009933149650351,0.02495011044,5
0,[],2,[],2019-01-20 23:31:51,0.0,0,0,6477087,2019-01-20 23:31:51,,0.0,0.0,0,,0.0,0.0,0.0,6
1,[],11,[],2019-02-06 17:58:47,10373109.4999525,0.00000002,0.000000000000680138,6605386,2019-02-06 17:58:47,btc,9433.361385814096,149561.333333,0.00000002,btc,41479182.18502707,0.0,0.17113367499905,6
1,[],3,[],2019-02-06 17:58:48,1066.558051320279,0.000150559999999999995050348200464895853656344115734100341796875,0.000000005120078864,6605387,2019-02-06 17:58:48,btc,27.600142753279105,0.0,0.000150559999999999995050348200464895853656344115734100341796875,btc,234.145665820227,0.0,0.03053197781660925,7
1,[],4,[],2019-02-06 17:58:49,21179.22463586,0.00019349,0.000000006579995081000001,6605388,2019-02-06 17:58:49,btc,2.1373493783447453,0.0,0.00019349,btc,10051.57381778,1.77174738,3.4329771636251567,7
1,[],5,[],2019-02-06 17:58:50,0.0059036,0.00019310,0.00000000656673239,6605389,2019-02-06 17:58:50,btc,1.53088138,0.27974232,0.00019310,btc,0.01189309,0.0,1.54904289,7
1,[],20,[],2019-02-06 17:53:09,66461509.91,0.000000001,0.000000000000034018000000000003,6605228,2019-02-06 17:53:09,btc,116.1315013062774,0.0,0.000000001,btc,28812144.5195,0.0,0.06646150991,8
0,[],2,[],2019-01-20 23:22:42,0.0,0,0,6476876,2019-01-20 23:22:42,,0.0,0.0,0,,0.0,0.0,0.0,9
1,[],1,[],2019-02-06 17:58:51,1718114.48,0.0000018599999999999999793589590402209665853661135770380496978759765625,0.000000000063252834,6605390,2019-02-06 17:58:51,btc,1.6188893546999998,10261174.64,0.0000018599999999999999793589590402209665853661135770380496978759765625,btc,855231.7,19.33899989,3.1441348018,9
0,[],23,[],2019-01-20 23:22:48,0.0,0,0,6476878,2019-01-20 23:22:48,,0.0,0.0,0,,0.0,0.0,0.0,9
1,[],4,[],2019-02-06 17:58:51,424375.81053981,0.00000183,0.000000000062232627,6605391,2019-02-06 17:58:51,btc,0.9542819218230542,0.0,0.00000183,btc,489087.19436317,1.49962142,0.7371973949754306,9
1,[],28,[],2019-02-06 17:58:56,34500.0,0.00000165,0.000000000056111385000000005,6605392,2019-02-06 17:58:56,btc,2708.7727397804,3654988.0,0.00000165,btc,15437.14,0.0,0.02854,9
1,[],4,[],2019-02-04 22:10:59,7341799.37826053,0.00000002,0.000000000000693444,6584299,2019-02-04 22:10:59,btc,0.1999615409270056,0.0,0.00000002,btc,4135980.29534268,0.00062922,0.0786653918652106,10
1,[],4,[],2019-02-06 17:58:57,2520261.99190221,0.00000150,0.00000000005101035,6605393,2019-02-06 17:58:57,btc,0.9992741793672849,0.0,0.00000150,btc,624052.64139077,2.08840588,3.533779965494964,12
1,[],5,[],2019-02-06 17:58:58,2.809e-05,0.00000148,0.000000000050330212,6605394,2019-02-06 17:58:58,btc,0.6040772,0.82659272,0.00000148,btc,0.00011607,0.0,0.10641531,12
0.0,[],25,[],2019-02-06 17:58:59,0.0,0,0,6605395,2019-02-06 17:58:59,,0.0,0.0,0.0,btc,0.0,0.0,0.0,12
0,[],2,[],2019-01-20 23:23:08,0.0,0,0,6476890,2019-01-20 23:23:08,,0.0,0.0,0,,0.0,0.0,0.0,12
1,[],4,[],2019-02-06 17:59:00,1256988.88627953,0.00000591,0.000000000200980779,6605396,2019-02-06 17:59:00,btc,0.459064757306905,0.0,0.00000591,btc,72103.90839826,0.66888124,0.9682898984664502,13
1,[],21,[],2019-02-06 17:59:03,1468310.88499131,0.000006000000000000000152005144582,0.0000000002040414,6605397,2019-02-06 17:59:03,btc,3.94706844909744,1095148.5763521,0.00000600000000000000015200514458246772164784488268196582794189453125,btc,576069.17656741,6.65697147,7.4756385623835,13
1,[],10,[],2019-02-06 16:55:26,675668.96750908,0.00000595,0.00000000020272126,6604243,2019-02-06 16:55:26,btc,666810.6136134516,14801.3545933,0.00000595,btc,755874.18150022,0.0,0.8293692674867259,13
1,[],4,[],2019-02-06 17:59:04,1213516.20319831,0.00000164,0.000000000055771316,6605398,2019-02-06 17:59:04,btc,0.1081275073360845,0.0,0.00000164,btc,48929.21530589,0.01458174,0.5323652878198832,14
1,[],12,[],2019-02-06 17:59:05,108126.91935484,0.00000154999999999999998279913253351747215447176131419837474822998046875,0.000000000052710695,6605399,2019-02-06 17:59:05,btc,1.7638904531737392,0.0,0.00000154999999999999998279913253351747215447176131419837474822998046875,btc,28150.00592497,0.0,0.035688840000002,14
0,[],17,[],2019-02-06 17:59:07,0.0,0,0,6605400,2019-02-06 17:59:07,btc,0.0,0.0,0,btc,0.0,0.0,0.0,14
1,[],26,[],2019-02-06 17:59:07,0.0,0.00000049,0.000000000016663381,6605401,2019-02-06 17:59:07,btc,0.0,0.0,0.00000049,btc,0.0,0.0,0.0,14
0,[],4,[],2019-02-06 17:59:08,0.0,0,0,6605402,2019-02-06 17:59:08,,0.0,0.0,0,,0.0,0.0,0.0,15
,[],12,[],2018-12-01 15:15:48,204241.84496,0.00000489,0.000000000202473384,5260204,2018-12-01 15:15:48,btc,49.5475654835,0.0,,btc,35763.2193806,0.0163153972027625,0.0203389899998,15
0,[],2,[],2019-01-20 23:23:38,0.0,0,0,6476906,2019-01-20 23:23:38,,0.0,0.0,0,,0.0,0.0,0.0,18
1,[],4,[],2019-02-06 17:53:25,24284.69560264,0.00001793,0.0000000006099427400000001,6605242,2019-02-06 17:53:25,btc,2.233522488471762,0.0,0.00001793,btc,8356.46896848,0.03742549,0.0680417916425832,18
1,[],10,[],2019-02-06 17:53:27,789539.30861413,0.00001704,0.00000000057966672,6605243,2019-02-06 17:53:27,btc,15.593535959474673,6940.45324343,0.00001704,btc,12814.01441693,0.0,0.2917813290960014,18
1,[],12,[],2019-02-06 17:53:28,201095.78220311,0.0000171300000000000003153900751673432978350319899618625640869140625,0.0000000005827283400000001,6605244,2019-02-06 17:53:28,btc,0.1856891512466319,0.0,0.0000171300000000000003153900751673432978350319899618625640869140625,btc,1708.32700711,0.000155701,0.0218607219189507,18
0,[],17,[],2019-02-06 17:53:30,0.0,0,0,6605245,2019-02-06 17:53:30,btc,0.0,0.0,0,btc,0.0,0.0,0.0,18
1,[],3,[],2019-02-06 17:59:09,130275.02288207685,0.00002500000000000000119804340059648239957823534496128559112548828125,0.0000000008501725,6605403,2019-02-06 17:59:09,btc,0.45108056351261505,315.251484691,0.00002500000000000000119804340059648239957823534496128559112548828125,btc,5278.103086604395,0.0,0.23926239673177593,19
1,[],4,[],2019-02-06 17:59:10,245951.29303012,0.00002533,0.000000000861394777,6605404,2019-02-06 17:59:10,btc,0.5977447516802217,0.0,0.00002533,btc,19064.83754862,0.80912576,2.646482345055748,19
1,[],5,[],2019-02-06 17:59:12,0.00012272,0.00002500,0.0000000008501725,6605405,2019-02-06 17:59:12,btc,0.2663245,0.01720507,0.00002500,btc,0.00295646,0.0,0.15962834,19
1,[],12,[],2019-02-06 17:59:13,134781.38917858,0.0000249300000000000001741835842228312003499013371765613555908203125,0.000000000847792017,6605406,2019-02-06 17:59:13,btc,0.0294860300696215,0.0,0.0000249300000000000001741835842228312003499013371765613555908203125,btc,302.41205384,0.0004408937062934,0.0318561722219994,19
0,[],27,[],2019-02-06 17:59:15,0.0,0,0,6605407,2019-02-06 17:59:15,,0.0,0.0,0,btc,0.0,0.0,0.0,19
0,[],2,[],2019-01-20 23:24:19,0.0,0,0,6476924,2019-01-20 23:24:19,,0.0,0.0,0,,0.0,0.0,0.0,19
1,[],4,[],2019-02-06 17:59:16,8042346.97209016,0.00000013,0.000000000004420897,6605408,2019-02-06 17:59:16,btc,0.8115322781103699,0.0,0.00000013,btc,1594753.31171721,0.0,0.255683087491571,20
1,[],4,[],2019-02-06 17:59:17,122285094.60142225,0.00000002,0.000000000000680138,6605409,2019-02-06 17:59:17,btc,0.6469242428439943,0.0,0.00000002,btc,16574868.27295158,0.00762426,1.4552794762382855,21
1,[],12,[],2019-02-06 17:59:18,19032664.0,0.00000002,0.000000000000680138,6605410,2019-02-06 17:59:18,btc,669.7788089732579,0.0,0.00000002,btc,8561851.65434831,0.0015174614985015,0.25358563,21
0,[],17,[],2019-02-06 17:59:20,0.0,0,0,6605411,2019-02-06 17:59:20,btc,0.0,0.0,0,btc,0.0,0.0,0.0,21
1,[],12,[],2019-02-06 17:59:21,2180241526.531895,0.0000000002,0.000000000000006801380000000001,6605412,2019-02-06 17:59:21,btc,1729404717696.543,0.0,0.0000000002,btc,4274404189.9292827,0.005678734173627275,0.22020584145318953,23
0,[],27,[],2019-02-06 17:59:23,0.0,0,0,6605413,2019-02-06 17:59:23,,0.424699,0.0,0,eth,424699.0,0.0,0.0,23
1,[],4,[],2019-02-06 17:59:24,381838.44923537,0.00000077,0.000000000026185313,6605414,2019-02-06 17:59:24,btc,0.0769716430618843,0.0,0.00000077,btc,69367.03797619,0.02583896,0.1907385673281924,24
1,[],22,[],2019-02-06 17:59:30,11.76,0.00000100,0.0000000000340069,6605415,2019-02-06 17:59:30,BTC,7.415e-05,0.0,0.00000100,BTC,23.919354838709676,0.0,1.176e-05,24
0.0,[],25,[],2019-02-06 17:59:31,0.0,0,0,6605416,2019-02-06 17:59:31,,0.0,0.0,0.0,btc,0.0,0.0,0.0,24
1,[],4,[],2019-02-06 17:59:32,27840069.67879131,0.00000639,0.000000000217304091,6605417,2019-02-06 17:59:32,btc,0.4439269608935923,0.0,0.00000639,btc,39610.49840569,0.12293948,0.4555028102755478,26
1,[],10,[],2019-02-06 17:59:34,731402.69972007,0.00000617,0.000000000209822573,6605418,2019-02-06 17:59:34,btc,25.97397337482487,0.0,0.00000617,btc,12935.18441082,0.0,0.2105269502068188,26
0,[],2,[],2019-01-20 23:25:56,0.0,0,0,6476976,2019-01-20 23:25:56,,0.0,0.0,0,,0.0,0.0,0.0,26
1,[],3,[],2019-02-06 17:59:34,5781332.03135917,0.00000002,0.000000000000680138,6605419,2019-02-06 17:59:34,btc,2.512979286177026,173023.241659,0.00000002,btc,16145309.5169197,0.0,0.0601668602386691,27
1,[],5,[],2019-02-06 17:59:35,3e-08,0.00000002,0.000000000000680138,6605420,2019-02-06 17:59:35,btc,1.51475804,0.00025563,0.00000002,btc,4.69e-05,0.0,0.11673357,27
1,[],11,[],2019-02-06 17:59:37,10064996.7912115,0.00000005,0.000000000001700345,6605421,2019-02-06 17:59:37,btc,370.63310344475406,219.9,0.00000005,btc,8170877.7193934005,0.0,0.4661206184459823,27
1,[],4,[],2019-02-06 17:59:38,613568359.8291192,0.00000002,0.000000000000680138,6605422,2019-02-06 17:59:38,btc,0.22145003959199502,0.0,0.00000002,"btc,ltc",29209192.37287371,0.5346815,7.406418732695742,29
1,[],7,[],2019-02-06 17:59:39,37384644.47280131,0.00000003,0.000000000001020207,6605423,2019-02-06 17:59:39,btc,44465205.86989717,2305697.62642,0.00000003,btc,44169250.83147212,0.07008881,0.6539831358260497,29
1,[],4,[],2019-02-06 17:59:40,1560111.01667977,0.00000032,0.000000000010882208,6605424,2019-02-06 17:59:40,btc,0.2669010819007053,0.0,0.00000032,btc,558380.02004131,0.0060978,0.1290973681465511,30
0,[],17,[],2019-02-06 17:59:41,0.0,0,0,6605425,2019-02-06 17:59:41,btc,0.0,0.0,0,btc,0.0,0.0,0.0,30
1,[],4,[],2019-02-06 17:59:42,1140051.21168926,0.00006607,0.000000002246835883,6605426,2019-02-06 17:59:42,btc,0.9115197691774122,0.0,0.00006607,btc,11661.32227696,1.05205898,2.2888102897865426,31
1,[],21,[],2019-02-06 17:59:42,87932.11058523,0.00006632000000000000199638916509,0.0000000022553376080000002,6605427,2019-02-06 17:59:42,btc,3.981879407517354,256719.03693508,0.00006632000000000000199638916509314867653301917016506195068359375,btc,54499.78636402,17.53943574,5.490827725598654,31
0,[],2,[],2019-01-20 23:28:43,0.0,0,0,6477009,2019-01-20 23:28:43,,0.0,0.0,0,,0.0,0.0,0.0,32
1,[],4,[],2019-02-06 17:59:43,153945167.23728713,0.00000005,0.000000000001700345,6605428,2019-02-06 17:59:43,btc,2.131286528351954,0.0,0.00000005,"btc,ltc",42769727.77569525,1.01964307,2.8924467627282637,33
1,[],12,[],2019-02-06 17:59:44,16846189.0,0.00000005,0.000000000001700345,6605429,2019-02-06 17:59:44,btc,17261782.285014592,0.0,0.00000005,btc,89758648.78921059,0.0221697597402608,0.61153793,33
1,[],4,[],2019-02-06 17:59:45,126591376.50715794,0.00000001,0.000000000000340069,6605430,2019-02-06 17:59:45,btc,0.8348042795235266,0.0,0.00000001,btc,29463844.36180159,0.06837461,1.2659137650715793,34
1,[],5,[],2019-02-06 17:59:46,3e-08,0.00000002,0.000000000000680138,6605431,2019-02-06 17:59:46,btc,3.68862087,0.15949277,0.00000002,btc,1.394e-05,0.0,1.08715746,34
0.00000000009619950000000001,[],4,[],2019-02-06 17:59:47,1305745473.9746666,2.8859850000000003e-18,9.81434032965e-23,6605432,2019-02-06 17:59:47,ltc,7.60336453875553e-09,0.0,0.00000003,ltc,1573267837.499955,0.0,2.4526771963797065e-09,36
1,[],5,[],2019-02-06 17:59:48,0.0,0,0,6605433,2019-02-06 17:59:48,btc,193.19395139,0.0,0,btc,1.295e-05,0.0,0.0,36
0,[],17,[],2019-02-06 17:59:50,0.0,0,0,6605434,2019-02-06 17:59:50,btc,0.14185270828341182,0.0,0,btc,10826074.27743647,0.0,0.0,36
0.00000000009619950000000001,[],27,[],2019-02-06 17:59:52,1000000.0,1.92399e-18,6.542893553100001e-23,6605435,2019-02-06 17:59:52,ltc,324.61081866962513,0.0,0.00000002,"ltc,eth",3711879.4828999,0.0,1.92399e-12,36
1,[],4,[],2019-02-06 17:59:53,311860.51670324,0.00000136,0.000000000046249384,6605436,2019-02-06 17:59:53,btc,0.4227965772957937,0.0,0.00000136,btc,232713.91475441,0.07083336,0.2262926411321056,37
1,[],12,[],2019-02-06 17:59:54,417490.98351591,0.00000137999999999999991637657063836552850943917292170226573944091796875,0.000000000046929522,6605437,2019-02-06 17:59:54,btc,1337.9305325867826,0.0,0.00000137999999999999991637657063836552850943917292170226573944091796875,btc,873367.62199578,0.1880974547043803,0.2773169400000074,37
1,[],17,[],2019-02-06 17:59:56,1752.74075282,0.00000025,0.000000000008501725,6605438,2019-02-06 17:59:56,btc,0.05548492396255415,0.0,0.00000025,btc,1387.19918473,0.0,0.00043818518820499993,37
1,[],27,[],2019-02-06 17:59:58,16833.0,0.00000052,0.000000000017683588,6605439,2019-02-06 17:59:58,btc,32.34621317030353,0.0,0.00000052,btc,19579.81438508,0.0,0.00570484,37
1,[],5,[],2019-02-06 17:59:59,1.533e-05,0.00000092,0.000000000031286348,6605440,2019-02-06 17:59:59,btc,0.11138943,0.04089581,0.00000092,btc,0.00010927,0.0,0.03986115,42
1,[],12,[],2019-02-06 18:00:00,143928.48234811,0.000001080000000000000035831255497387193287295303889550268650054931640625,0.000000000036727452,6605441,2019-02-06 18:00:00,btc,85.07082325740558,0.0,0.000001080000000000000035831255497387193287295303889550268650054931640625,btc,99933.32972253,0.0143544276263317,0.048015669999998,42
0,[],27,[],2019-02-06 18:00:02,0.0,0,0,6605442,2019-02-06 18:00:02,,0.00315028,0.0,0,"btc,eth",11.007,0.0,0.0,42
1,[],5,[],2019-02-06 18:00:04,6e-08,0.00000003,0.000000000001020207,6605443,2019-02-06 18:00:04,btc,6.02533621,0.01668796,0.00000003,btc,1.425e-05,0.0,0.52794241,43
1,[],12,[],2019-02-06 18:00:05,6517326.0,0.00000002,0.000000000000680138,6605444,2019-02-06 18:00:05,btc,20007456.46470839,0.0,0.00000002,btc,38833959.74965034,5.253994006e-05,0.06532537000000001,43
0,[],17,[],2019-02-06 18:00:08,0.0,0,0,6605445,2019-02-06 18:00:08,btc,0.0,0.0,0,btc,0.0,0.0,0.0,43
1,[],12,[],2019-02-06 17:54:17,858364.0,0.00000006,0.00000000000204108,6605282,2019-02-06 17:54:17,btc,11115166.927108493,0.0,0.00000006,btc,1000632.78321678,0.0035743544955036,0.0251377,44
1,[],4,[],2019-02-06 18:00:09,224622416.8481139,0.00000002,0.000000000000680138,6605446,2019-02-06 18:00:09,btc,0.18630422215030912,0.0,0.00000002,"btc,ltc",4445557.01947867,0.00020073,0.43472384286254345,49
0.00000000009623110000000001,[],4,[],2019-02-06 17:54:19,4640683774.300897,1.924622e-18,6.547179119600001e-23,6605284,2019-02-06 17:54:19,ltc,4.645173503880065,0.0,0.00000002,ltc,1719588967.8399172,0.0,4.771273463123145e-09,52
0,[],22,[],2019-02-06 18:00:19,0.0,0,0,6605447,2019-02-06 18:00:19,,3693.16111,0.0,0,,247825727.90882352,0.0,0.0,57
0,[],27,[],2019-02-06 18:00:21,0.0,0,0,6605448,2019-02-06 18:00:21,,0.0,0.0,0,"btc,eth",0.0,0.0,0.0,57
0.00000000009619950000000001,[],4,[],2019-02-06 18:00:22,1603102678.6729076,4.8099750000000005e-18,1.6357233882750002e-22,6605449,2019-02-06 18:00:22,ltc,3.281629826958929,0.0,0.00000005,ltc,1134883294.23994,0.00644491,5.028256515339468e-09,58
1,[],12,[],2019-02-06 18:00:23,2110819694.175957,0.0000000006,0.00000000000002040414,6605450,2019-02-06 18:00:23,btc,625181485532.8535,0.0,0.0000000006,btc,3388440858.423676,0.021579075155744264,0.7742201537003391,58
0,[],17,[],2019-02-06 18:00:24,0.0,0,0,6605451,2019-02-06 18:00:24,btc,1e+24,0.0,0,btc,41616695.95832568,0.0,0.0,58
0.0000000001244226,[],22,[],2019-02-06 18:00:28,137438.0,1.2442260000000001e-18,4.23122691594e-23,6605452,2019-02-06 18:00:28,XMR,69.8835922,0.0,0.00000001,XMR,9887963.0,0.0,0.00137438,58
1,[],5,[],2019-02-06 18:00:29,5.81e-06,0.00000060,0.00000000002040414,6605453,2019-02-06 18:00:29,btc,0.287359,0.00115808,0.00000060,btc,0.00013875,0.0,0.04465424,61
1,[],22,[],2019-02-06 18:00:34,5111.5,0.00000011,0.000000000003740759,6605454,2019-02-06 18:00:34,BTC,1002.29606732,0.0,0.00000011,BTC,15028.700278135757,0.0,0.00051178,61
1,[],26,[],2019-02-06 18:00:34,0.0,0.00000800,0.0000000002720552,6605455,2019-02-06 18:00:34,btc,0.0,0.0,0.00000800,btc,0.0,0.0,0.0,61
1,[],27,[],2019-02-06 18:00:36,100.0,0.00000032,0.000000000010882208,6605456,2019-02-06 18:00:36,btc,0.077778,0.0,0.00000032,"btc,eth",154.84,0.0,3.1e-05,61
1,[],28,[],2019-02-06 18:00:38,6884.304,0.0000006,0.00000000002040414,6605457,2019-02-06 18:00:38,btc,2.059333633700105,687.0,0.0000006,btc,10745.10450005,0.0,0.00216611304,61
1,[],4,[],2019-02-06 17:54:29,716706.2471413,0.00000186,0.00000000006327348000000001,6605290,2019-02-06 17:54:29,btc,0.7572193127306436,0.0,0.00000186,btc,230382.23031708,0.15612296,0.7687123302367926,67
0.0,[],25,[],2019-02-06 17:54:30,0.0,0,0,6605291,2019-02-06 17:54:30,,0.0,0.0,0.0,btc,0.0,0.0,0.0,67
1,[],12,[],2019-02-06 18:00:39,2517155.94915873,0.00000023,0.000000000007821587,6605458,2019-02-06 18:00:39,btc,11115995.617490482,0.0,0.00000023,btc,2249461.76483515,0.0536893851704141,0.0768585564411114,71
,[],5,[],2018-11-20 23:02:39,1.5e-07,0.00000005,0.000000000002128045,4862160,2018-11-20 23:02:39,btc,2.84511358,0.0,,btc,0.00036572,0.0,0.07381892,74
1,[],5,[],2019-01-25 15:53:51,3.303e-05,0.00000156,0.000000000055588884,6499610,2019-01-25 15:53:51,btc,1.42844212,0.0,0.00000156,btc,0.00015937,0.0,0.49487621,75
0,[],20,[],2019-01-25 09:30:31,0.0,0,0,6495923,2019-01-25 09:30:31,btc,0.0,0.0,0,btc,0.0,0.0,0.0,81
1,[],4,[],2019-02-06 17:54:32,61335380.82492337,0.00000001,0.00000000000034018,6605293,2019-02-06 17:54:32,btc,0.7643178127338421,0.0,0.00000001,btc,14463797.09306941,0.00040318,0.6133538082492337,81
1,[],4,[],2019-02-06 18:00:41,23851.01327202,0.00007300,0.0000000024825037,6605459,2019-02-06 18:00:41,btc,0.7935506093838486,0.0,0.00007300,btc,7280.91845533,0.0399057,0.0913533253171853,82
1,[],21,[],2019-02-06 18:00:42,78348.10693122,0.00007522000000000000148776824194,0.000000002557999018,6605460,2019-02-06 18:00:42,btc,3.352705512840637,2965.0007546,0.00007522000000000000148776824193674883645144291222095489501953125,btc,38261.42154405,0.22303002,3.8360545315108925,82
0,[],17,[],2019-02-06 18:00:44,0.0,0,0,6605461,2019-02-06 18:00:44,btc,0.0447233088476774,0.0,0,btc,999127.19588126,0.0,0.0,84
0.0000000000961605,[],4,[],2019-02-06 17:47:55,336505194.589725,1.153926e-17,3.92895648036e-22,6605105,2019-02-06 17:47:55,ltc,0.19569063221384259,0.0,0.00000012,ltc,68208459.78010434,0.0,1.3103476695469928e-09,85
,[],22,[],2018-11-20 23:09:34,3408.1,0.0000001,0.0000000000041895,4862324,2018-11-20 23:09:34,BTC,0.04624735,0.0,,BTC,4990.0,0.0,0.00033081,86
1,[],22,[],2019-02-06 17:47:59,740.0,0.00000005,0.00000000000170243,6605106,2019-02-06 17:47:59,BTC,2.07746772,0.0,0.00000005,BTC,141362.94736842104,0.0006732,3.7e-05,87
0,[],27,[],2019-02-06 17:48:01,0.0,0,0,6605107,2019-02-06 17:48:01,,0.0,0.0,0,btc,0.0,0.0,0.0,87
,[],2,[],2018-11-20 23:10:47,0.0,0,0,4862359,2018-11-20 23:10:47,,0.0,0.0,,,0.0,0.0,0.0,88
1,[],11,[],2019-02-06 18:00:46,96813.83286192,0.000177159999999999991093790896456994232721626758575439453125,0.000000006024662404,6605462,2019-02-06 18:00:46,btc,246.23859909264687,1180.29495,0.000177159999999999991093790896456994232721626758575439453125,btc,185999.74437053,0.0,6.679069079387604,89
0,[],2,[],2019-01-20 23:31:45,0.0,0,0,6477083,2019-01-20 23:31:45,,0.0,0.0,0,,0.0,0.0,0.0,91
1,[],12,[],2019-02-06 17:54:37,446048.22161929,0.00000376999999999999990351576446834247491324276779778301715850830078125,0.00000000012824786,6605296,2019-02-06 17:54:37,btc,1115.5076585756083,0.0,0.00000376999999999999990351576446834247491324276779778301715850830078125,btc,40215.41598806,0.0087407532138107,0.08695230539997681,91
0,[],17,[],2019-02-06 17:54:38,0.0,0,0,6605297,2019-02-06 17:54:38,btc,0.0,0.0,0,btc,0.0,0.0,0.0,91
0.00000000009619950000000001,[],22,[],2019-02-06 18:00:49,28845304.0,5.7719700000000006e-18,1.96286806593e-22,6605463,2019-02-06 18:00:49,LTC,8.80758359,0.0,0.00000006,LTC,76429729.6,0.0,1.18962528,95
0.00000000009619950000000001,[],4,[],2019-02-06 18:00:51,131079415.73863801,9.235152000000001e-17,3.140588905488e-21,6605464,2019-02-06 18:00:51,ltc,0.8768068939171892,0.0,0.00000096,ltc,45106804.59481928,0.0076948,6.071618870913066e-10,96
0,[],12,[],2019-02-06 18:00:52,0.0,0,0,6605465,2019-02-06 18:00:52,btc,255063.47424991563,0.0,0,btc,8855339.33497476,1.998002e-08,0.0,96
0,[],17,[],2019-02-06 18:00:54,0.0,0,0,6605466,2019-02-06 18:00:54,btc,0.0,0.0,0,btc,0.0,0.0,0.0,96
1,[],4,[],2019-02-06 18:00:54,1459033.72395575,0.00000029,0.000000000009862001,6605467,2019-02-06 18:00:54,btc,0.1843610856505991,0.0,0.00000029,btc,373670.35838424,0.09162584,0.1198669661493678,99
0,[],2,[],2019-01-20 23:23:55,0.0,0,0,6476914,2019-01-20 23:23:55,,0.0,0.0,0,,0.0,0.0,0.0,100
1,[],4,[],2019-02-06 18:00:55,85510.46571074,0.00004400,0.0000000014963036,6605468,2019-02-06 18:00:55,btc,0.8101247575915529,0.0,0.00004400,btc,16537.51540177,1.6955835,3.0826563764637376,100
1,[],22,[],2019-02-06 17:48:19,50000.0,0.00000001,0.000000000000340486,6605117,2019-02-06 17:48:19,BTC,23.50383609,0.0,0.00000001,BTC,11277.22,0.0,0.0005,101
1,[],4,[],2019-02-06 18:00:56,155745.12250225,0.00000101,0.000000000034346969000000004,6605469,2019-02-06 18:00:56,btc,0.3973057200689561,0.0,0.00000101,btc,146579.54667072,0.02208185,0.1047405350298151,103
1,[],12,[],2019-02-06 18:00:58,65617838.5303887,0.000000017,0.0000000000005781173,6605470,2019-02-06 18:00:58,btc,138278919.81395984,0.0,0.000000017,btc,129242645.75573711,0.10605784467007912,0.4149398454862192,105
1,[],27,[],2019-02-06 18:01:00,10161405.89,0.00000001,0.000000000000340069,6605471,2019-02-06 18:01:00,btc,0.620832568896094,0.0,0.00000001,btc,708411.74181977,0.0,0.1016140589,105
0,[],22,[],2019-02-06 18:01:04,0.0,0,0,6605472,2019-02-06 18:01:04,,1.07253299,0.0,0,,94300.0,0.0,0.0,107
1,[],26,[],2019-02-06 18:01:04,0.0,0.00000000,0,6605473,2019-02-06 18:01:04,btc,0.0,0.0,0.00000000,btc,0.0,0.0,0.0,107
1,[],5,[],2019-02-06 18:01:06,3e-08,0.00000002,0.000000000000680138,6605474,2019-02-06 18:01:06,btc,2.84562815,0.03156459,0.00000002,btc,1.649e-05,0.0,0.11260749,112
1,[],22,[],2019-02-06 18:01:10,16966.0,0.00000001,0.000000000000340069,6605475,2019-02-06 18:01:10,BTC,2.85883288,0.0,0.00000001,BTC,1508529.0833333333,0.0,0.00016966,112
0.0000000003056851,[],27,[],2019-02-06 18:01:12,500000.0,3.056851e-18,1.0395402627190001e-22,6605476,2019-02-06 18:01:12,eth,1.25132491849924,0.0,0.00000001,"btc,eth",1327.641654,0.0,1.5284255e-12,112
1,[],4,[],2019-02-06 18:01:13,474597.58075786,0.00000432,0.000000000146909808,6605477,2019-02-06 18:01:13,btc,0.4214647873643399,0.0,0.00000432,btc,69015.31255364,0.21472129,0.3172455363181754,113
1,[],5,[],2019-02-06 18:01:14,1.994e-05,0.00000380,0.00000000012922622000000002,6605478,2019-02-06 18:01:14,btc,1.0216216,0.00458907,0.00000380,btc,0.00231697,0.0,0.20253071,113
1,[],17,[],2019-02-06 18:01:15,174538.724,0.00000004,0.000000000001360276,6605479,2019-02-06 18:01:15,btc,1.3368030273986822,0.0,0.00000004,btc,51896.221,0.0,0.00308154896,116
0,[],27,[],2019-02-06 18:01:17,0.0,0,0,6605480,2019-02-06 18:01:17,,0.0,0.0,0,btc,0.0,0.0,0.0,116
1,[],4,[],2019-02-06 18:01:18,41370.05320462,0.00002519,0.000000000856633811,6605481,2019-02-06 18:01:18,btc,0.4568455500304909,0.0,0.00002519,btc,14150.80117215,1.1014262,0.772919489190739,120
1,[],7,[],2019-02-06 18:01:20,14737.26928562,0.00001796000000000000083899033553880286717685521580278873443603515625,0.000000000610763924,6605482,2019-02-06 18:01:20,btc,88979.71736537344,0.0,0.00001796000000000000083899033553880286717685521580278873443603515625,btc,29745.76044848,0.0,0.126791607758893,120
1,[],20,[],2019-02-06 18:01:21,1604208.7556,0.000000017,0.0000000000005781173,6605483,2019-02-06 18:01:21,btc,33.7483191531607,4967.2538,0.000000017,btc,1052781.1766,8.44433146e-05,0.0089331837021,125
1,[],22,[],2019-02-06 18:01:30,3053.0,0.00000001,0.000000000000340069,6605484,2019-02-06 18:01:30,BTC,0.01444889,0.0,0.00000001,BTC,296264.5111111111,0.0,3.053e-05,126
1,[],4,[],2019-02-06 17:55:17,148231.09448927,0.00001701,0.00000000057864618,6605319,2019-02-06 17:55:17,btc,0.4823444980189017,0.0,0.00001701,btc,24056.04679475,0.42936948,0.7821978289171913,131
0,[],17,[],2019-02-06 17:55:18,0.0,0,0,6605320,2019-02-06 17:55:18,btc,0.0009561751951600001,0.0,0,btc,35.42829368,0.0,0.0,131
0,[],2,[],2019-01-20 23:25:46,0.0,0,0,6476969,2019-01-20 23:25:46,,0.0,0.0,0,,0.0,0.0,0.0,131
1,[],4,[],2019-02-06 18:01:31,4689.80069326,0.00016053,0.000000005459127657,6605485,2019-02-06 18:01:31,btc,1.639625761058344,0.0,0.00016053,btc,296.13066201,0.00107493,0.0202827112860172,135
1,[],3,[],2019-02-06 18:01:32,1828639.52562326,0.00000005,0.000000000001700345,6605486,2019-02-06 18:01:32,btc,0.13675498614007028,56743.9785,0.00000005,btc,454847.23069646,0.0,0.0672995111089435,136
1,[],4,[],2019-02-06 18:01:33,83468.68151688,0.00000175,0.000000000059512075,6605487,2019-02-06 18:01:33,btc,0.0719486040560101,0.0,0.00000175,btc,33293.17450382,0.0261732,0.111557461004282,137
1,[],12,[],2019-02-06 18:01:35,314837.5313715,0.00000172000000000000004922169442866941579950434970669448375701904296875,0.000000000058491868,6605488,2019-02-06 18:01:35,btc,11982.945921476005,0.0,0.00000172000000000000004922169442866941579950434970669448375701904296875,btc,157805.09669016,0.0008062547958682,0.0573574543350937,137
1,[],5,[],2019-02-06 18:01:36,0.00174294,0.00004715,0.0000000016034253350000001,6605489,2019-02-06 18:01:36,btc,3.84048649,3.15959519,0.00004715,btc,0.00284613,0.0,1.69750553,142
1,[],17,[],2019-02-06 18:01:38,12500.0,0.0000001,0.00000000000340069,6605490,2019-02-06 18:01:38,btc,20.261021578946686,0.0,0.0000001,btc,5931.99821453,0.0,0.00125,142
1,[],20,[],2019-02-06 18:01:40,149884.9393,0.000040555,0.0000000013791498295000001,6605491,2019-02-06 18:01:40,btc,3.117606365767,50.0,0.000040555,btc,6014.3882,0.002030798544,0.2560331045843,142
1,[],22,[],2019-02-06 18:01:43,960.0,0.00000025,0.000000000008501725,6605492,2019-02-06 18:01:43,BTC,3.00445079,0.0,0.00000025,BTC,898.098,0.0,0.0001282,142
0.0,[],25,[],2019-02-06 18:01:45,0.0,0,0,6605493,2019-02-06 18:01:45,,0.0,0.0,0.0,btc,0.0,0.0,0.0,142
1,[],28,[],2019-02-06 18:01:46,79265.0,0.00004400,0.0000000014963036,6605494,2019-02-06 18:01:46,btc,0.04594154168,1059.0,0.00004400,btc,931.772,0.0,0.0585837,142
0,[],22,[],2019-02-06 18:01:49,0.0,0,0,6605495,2019-02-06 18:01:49,,60.29951435,0.0,0,,812190579.8,0.0,0.0,143
1,[],21,[],2019-02-06 18:01:49,31465732.47739769,0.00000026,0.000000000008841794,6605496,2019-02-06 18:01:49,btc,53.1950448376961,2006696.40530418,0.00000026,btc,92773142.04029933,0.53500986,4.4444280098533815,145
0,[],22,[],2019-02-06 17:03:42,0.0,0,0,6604502,2019-02-06 17:03:42,,3.33248929,0.0,0,,1970827.5,0.0,0.0,146
,[],22,[],2018-11-20 23:01:11,0.0,0,0,4862114,2018-11-20 23:01:11,,2.56807021,0.0,,,61828.4988236,0.0,0.0,147
1,[],12,[],2019-02-06 18:01:51,8687450.81011196,0.000003530000000000000083782807080989840642359922640025615692138671875,0.000000000120044357,6605497,2019-02-06 18:01:51,btc,16.529801124308406,0.0,0.000003530000000000000083782807080989840642359922640025615692138671875,btc,115886.52191469,0.0019105766932716,0.1229348399996581,148
1,[],4,[],2019-02-06 18:01:52,308508.84203134,0.00000028,0.000000000009521932,6605498,2019-02-06 18:01:52,btc,0.9213102108322636,0.0,0.00000028,btc,819380.83819925,0.0,0.0682596103656023,152
0,[],22,[],2019-02-06 18:01:54,0.0,0,0,6605499,2019-02-06 18:01:54,,0.0,0.0,0,,0.0,0.0,0.0,152
1,[],5,[],2019-02-06 17:49:24,0.0,0,0,6605151,2019-02-06 17:49:24,btc,4.42293222,0.0,0,btc,0.00161275,0.0,0.0,153
,[],16,[],2019-01-11 15:38:59,0.0,0,0,6366141,2019-01-11 15:38:59,btc,0.0,0.0,,btc,0.0,0.0,0.0,155
0,[],22,[],2019-02-06 17:55:34,0.0,0,0,6605329,2019-02-06 17:55:34,,6.74512347,0.0,0,,4576272.742592593,0.0,0.0,156
0,[],23,[],2019-01-20 23:24:29,0.0,0,0,6476932,2019-01-20 23:24:29,,0.0,0.0,0,,0.0,0.0,0.0,156
1,[],22,[],2019-02-06 18:01:58,7906.0,0.00000801,0.000000000272395269,6605500,2019-02-06 18:01:58,BTC,43.78801181,0.0,0.00000801,BTC,1067.5805334758436,0.0,0.00743836,157
0,[],22,[],2019-02-06 18:02:00,0.0,0,0,6605501,2019-02-06 18:02:00,,50175.6753658,0.0,0,,54007107.04179466,0.0,0.0,158
,[],17,[],2018-11-20 22:56:10,0.0,0,0,4861976,2018-11-20 22:56:10,btc,1.1265625,0.0,,btc,1000.0,0.0,0.0,159
,[],20,[],2018-11-20 22:56:12,0.0,0,0,4861977,2018-11-20 22:56:12,btc,11912.7940471,0.0,,btc,34413894.3617,0.0,0.0,159
1,[],12,[],2019-02-06 17:55:39,194204.88512823,0.000007999999999999999637984894607090069484911509789526462554931640625,0.000000000272144,6605331,2019-02-06 17:55:39,btc,6.685353996985237,0.0,0.000007999999999999999637984894607090069484911509789526462554931640625,btc,14688.476489,0.0035992385360665,0.0906917676999756,168
1,[],17,[],2019-02-06 17:55:41,29784.95,0.000001,0.000000000034018,6605332,2019-02-06 17:55:41,btc,0.03026736251542,0.0,0.000001,btc,144.46171372,0.0,0.00716147,168
0,[],22,[],2019-02-06 12:36:32,0.0,0,0,6600935,2019-02-06 12:36:32,,1.14688224,0.0,0,,677302.5900917595,0.0,0.0,169
1,[],22,[],2019-02-06 18:02:04,198500.0,0.00000024,0.000000000008161656,6605502,2019-02-06 18:02:04,BTC,10.32415467,0.0,0.00000024,BTC,117437.65064678027,0.00591933,0.02314,171
1,[],22,[],2019-02-06 18:02:07,255092.31547619047,0.00000024,0.000000000008161656,6605503,2019-02-06 18:02:07,BTC,2.65408775,0.0,0.00000024,BTC,232816.1714708451,0.0,0.02462075,173
1,[],5,[],2019-02-06 17:55:46,2.04e-05,0.00000314,0.00000000010681652000000001,6605334,2019-02-06 17:55:46,btc,0.34388407,0.03900782,0.00000314,btc,0.00028384,0.0,0.70575146,175
1,[],22,[],2019-02-06 18:02:11,52249.25714285715,0.0000005,0.00000000001700345,6605504,2019-02-06 18:02:11,BTC,0.63358303,0.0,0.0000005,BTC,155090.40184992214,0.0,0.01803557,176
1,[],7,[],2019-02-06 18:02:12,0.0,0,0,6605505,2019-02-06 18:02:12,btc,233187.7209713411,0.0,0,btc,115003345.8074238,0.0,0.0,178
0,[],22,[],2019-02-06 18:02:14,0.0,0,0,6605506,2019-02-06 18:02:14,,1.00242428,0.0,0,,57512.0,0.0,0.0,178
0,[],2,[],2019-01-20 23:28:34,0.0,0,0,6477001,2019-01-20 23:28:34,,0.0,0.0,0,,0.0,0.0,0.0,178
0,[],23,[],2019-01-20 23:25:08,0.0,0,0,6476952,2019-01-20 23:25:08,,0.0,0.0,0,,0.0,0.0,0.0,179
1,[],5,[],2019-02-06 18:02:16,3e-08,0.00000002,0.000000000000680138,6605507,2019-02-06 18:02:16,btc,17.15992313,0.03330146,0.00000002,btc,2.088e-05,0.0,1.03414086,179
1,[],22,[],2019-02-06 18:02:20,8340773.0,0.00000002,0.000000000000680138,6605508,2019-02-06 18:02:20,BTC,5.51808792,0.0,0.00000002,"BTC,LTC",18728053.068656635,0.0,0.3940753,179
1,[],17,[],2019-02-06 18:02:22,10504.725,0.0000001,0.00000000000340069,6605509,2019-02-06 18:02:22,btc,5.206166879876947,0.0,0.0000001,btc,6755.0074587,0.0,0.0010504725,180
1,[],22,[],2019-02-06 18:02:26,39271.94545454546,0.00000011,0.000000000003740759,6605510,2019-02-06 18:02:26,BTC,0.09643603,0.0,0.00000011,"BTC,LTC",17090.39315481,0.0,0.00410637,180
1,[],26,[],2019-02-06 18:02:26,0.0,0.00000010,0.00000000000340069,6605511,2019-02-06 18:02:26,btc,0.0,0.0,0.00000010,btc,0.0,0.0,0.0,180
,[],7,[],2018-11-20 22:58:01,562227.975654,0.00000085,0.000000000036176765,4862015,2018-11-20 22:58:01,btc,21836.6059674,2491.87645172,,btc,749999.041456,0.00211021,0.127565380455,183
,[],5,[],2019-01-10 08:11:41,0.0,0,0,6347036,2019-01-10 08:11:41,btc,82.15055501,0.00261,,btc,1.19002445,0.0,0.0,187
,[],17,[],2018-11-16 20:58:10,4062536.27273,0.00000001,0.000000000000550501,4708775,2018-11-16 20:58:10,btc,3.36492563466,0.195460381006,,"btc,eth",110697919.549,0.0,0.0157628953496,187
1,[],24,[],2019-02-06 18:02:26,0.0,0.000000000001,3.40069e-17,6605512,2019-02-06 18:02:26,btc,0.0,0.0,0.000000000001,btc,0.0,0.0,0.0,187
0,[],22,[],2019-02-06 17:56:22,0.0,0,0,6605344,2019-02-06 17:56:22,,1.19383767,0.0,0,,14406.036201072173,0.0,0.0,191
0,[],22,[],2019-02-06 18:02:31,0.0,0,0,6605513,2019-02-06 18:02:31,,0.0,0.0,0,,0.0,0.0,0.0,197
0,[],23,[],2019-01-20 23:31:41,0.0,0,0,6477079,2019-01-20 23:31:41,,0.0,0.0,0,,0.0,0.0,0.0,199
1,[],26,[],2019-02-06 18:02:31,0.0,0.00000000,0,6605514,2019-02-06 18:02:31,btc,0.0,803944.0,0.00000000,btc,0.0,0.0,0.0,199
0,[],17,[],2019-01-30 16:32:01,0.0,0,0,6540827,2019-01-30 16:32:01,btc,6.802544163788159,0.0,0,btc,105897.55575295,0.0,0.0,200
0,[],2,[],2019-01-20 23:30:49,0.0,0,0,6477059,2019-01-20 23:30:49,,0.0,0.0,0,,0.0,0.0,0.0,201
1,[],4,[],2019-01-25 15:51:35,2084389.58565343,0.00000936,0.000000000333526752,6499557,2019-01-25 15:51:35,btc,2.0092503037378524,0.0,0.00000936,btc,160195.80207885,0.19272417,1.242687955921835,211
1,[],7,[],2019-02-06 18:02:34,12073406.43823918,0.00000145999999999999999745971430986646311112053808756172657012939453125,0.000000000049650074,6605515,2019-02-06 18:02:34,btc,16567788.692273872,1578994.92362,0.00000145999999999999999745971430986646311112053808756172657012939453125,btc,10388982.39273842,2.35978322,4.3408464362480705,212
1,[],12,[],2019-01-25 02:44:32,207462.42853209,0.000001080000000000000035831255497387193287295303889550268650054931640625,0.000000000038610756000000006,6493050,2019-01-25 02:44:32,btc,85023.03793723314,0.0,0.000001080000000000000035831255497387193287295303889550268650054931640625,btc,43675.73520027,0.000146250909087,0.0348620860622024,213
1,[],5,[],2019-02-06 18:02:36,4.66e-06,0.00000034,0.000000000011562346,6605516,2019-02-06 18:02:36,btc,1.17936099,0.14579186,0.00000034,btc,3.118e-05,0.0,0.34049617,213
1,[],24,[],2019-02-06 18:02:36,0.0,0.000000050000,0.000000000001700345,6605517,2019-02-06 18:02:36,btc,0.0,0.0,0.000000050000,btc,0.0,0.0,0.0,213
1,[],26,[],2019-02-06 18:02:36,0.0,0.00000009,0.000000000003060621,6605518,2019-02-06 18:02:36,btc,0.0,0.0,0.00000009,btc,0.0,0.0,0.0,213
1,[],22,[],2019-02-06 18:02:40,298200.0,0.00000003,0.000000000001020207,6605519,2019-02-06 18:02:40,BTC,70.20553958,0.0,0.00000003,BTC,305800.83137942315,0.0,0.007318,216
1,[],27,[],2019-02-06 18:02:43,5049502.0,0.00000002,0.000000000000680138,6605520,2019-02-06 18:02:43,btc,313.98510194952,2533.0,0.00000002,"btc,ltc",290108.48811,0.00037995,0.05099104,216
1,[],22,[],2019-02-06 18:02:46,272933.8247499803,0.00000236,0.000000000080256284,6605521,2019-02-06 18:02:46,BTC,12677.45227006,0.0,0.00000236,BTC,442408.51533573447,0.27772405,0.37332174,217
1,[],7,[],2019-02-06 18:02:47,0.0,0,0,6605522,2019-02-06 18:02:47,btc,77970.02600413912,0.0,0,btc,134531561.1214003,0.0,0.0,219
0,[],27,[],2019-02-06 18:02:49,0.0,0,0,6605523,2019-02-06 18:02:49,,5.3418937883169715,0.0,0,btc,1605140.99226592,0.0,0.0,219
0.0000000000000054,[],28,[],2019-02-06 18:02:51,204335180.397,6.0210000000000005e-18,2.0475554490000002e-22,6605524,2019-02-06 18:02:51,doge,88554.0318717675,14065.0,0.00111500,"btc,doge",4969437.84751,0.0,2.1525007900920894e-11,219
1,[],22,[],2019-02-06 17:50:56,217087.0,0.00000085,0.000000000028941310000000002,6605182,2019-02-06 17:50:56,BTC,3.08097265,0.0,0.00000085,BTC,30759.82953748975,0.02879034,0.02868137,221
1,[],24,[],2019-02-06 17:50:56,0.0,0.000000600000,0.00000000002042916,6605183,2019-02-06 17:50:56,btc,0.0,27703.36235,0.000000600000,btc,0.0,0.10480794,0.0,221
1,[],20,[],2019-02-06 18:02:53,6308636.1943,0.000000007,0.0000000000002380483,6605525,2019-02-06 18:02:53,btc,5.9928636975851,493004.9269,0.000000007,btc,7567448.6845,0.00436735888,0.0150812378152,224
0,[],22,[],2019-02-06 18:02:56,0.0,0,0,6605526,2019-02-06 18:02:56,,0.0,0.0,0,,0.0,0.0,0.0,224
1,[],26,[],2019-02-06 18:02:56,0.0,0.00000022,0.000000000007481518,6605527,2019-02-06 18:02:56,btc,0.0,0.0,0.00000022,btc,0.0,0.0,0.0,231
1,[],26,[],2019-02-06 18:02:56,0.0,0.00000005,0.000000000001700345,6605528,2019-02-06 18:02:56,btc,0.0,100.0,0.00000005,btc,0.0,0.0,0.0,234
0,[],27,[],2019-02-06 18:02:58,0.0,0,0,6605529,2019-02-06 18:02:58,,0.0113483662182,0.0,0,"btc,eth",11462.99618,0.0,0.0,234
0,[],22,[],2019-02-06 17:56:55,0.0,0,0,6605357,2019-02-06 17:56:55,,3.02439477,0.0,0,,99242433.81349206,0.0,0.0,235
1,[],4,[],2019-02-06 18:02:59,1086512.30832162,0.00000058,0.000000000019724002,6605530,2019-02-06 18:02:59,btc,0.132116804783569,0.0,0.00000058,btc,119631.2942416,0.05983684,0.191766294802507,236
1,[],24,[],2019-02-06 18:03:00,0.0,0.000000010000,0.000000000000340069,6605531,2019-02-06 18:03:00,btc,0.0,0.0,0.000000010000,btc,0.0,0.0,0.0,236
1,[],20,[],2019-02-06 18:03:01,20788487.3922,0.000000062,0.0000000000021084278,6605532,2019-02-06 18:03:01,btc,16.3036695113375,23442656.7753,0.000000062,btc,26792944.3428,1.3887934981908,0.3985873120053,237
1,[],22,[],2019-02-06 18:03:05,10000.0,0.00000001,0.000000000000340069,6605533,2019-02-06 18:03:05,BTC,0.04083605,0.0,0.00000001,BTC,4179.0,0.0,0.0001,237
1,[],4,[],2019-02-06 18:03:06,4517862.42278318,0.00000034,0.000000000011562346,6605534,2019-02-06 18:03:06,btc,0.5073574166780817,0.0,0.00000034,btc,1274583.54006383,0.07620293,1.4199751229180757,238
1,[],5,[],2019-02-06 18:03:07,4.25e-06,0.00000033,0.000000000011222277,6605535,2019-02-06 18:03:07,btc,0.72747035,0.00383786,0.00000033,btc,2.957e-05,0.0,0.28835805,238
1,[],22,[],2019-02-06 17:57:09,118965.33333333333,0.00000003,0.00000000000102054,6605358,2019-02-06 17:57:09,BTC,15.41456983,0.0,0.00000003,BTC,316933.8139027493,0.00155424,0.00356896,249
0.00000000009623110000000001,[],22,[],2019-02-06 17:57:13,1258373.0,2.886933e-18,9.820768679400002e-23,6605359,2019-02-06 17:57:13,LTC,4.03395063,0.0,0.00000003,LTC,14505871.09,1.52072082708e-13,0.03675421,252
1,[],28,[],2019-02-06 17:57:15,2372141.346,0.0000001,0.0000000000034018000000000003,6605360,2019-02-06 17:57:15,btc,164692.29897186894,11116.54,0.0000001,btc,672457.1485,0.0,0.0835146423,256
1,[],22,[],2019-02-06 17:57:19,117807.0,0.00000002,0.00000000000068036,6605361,2019-02-06 17:57:19,BTC,30.2066262,0.0,0.00000002,BTC,458846.02135702135,0.0,0.00119172,258
1,[],22,[],2019-01-26 20:58:41,368451.0,0.00000001,0.000000000000356135,6510120,2019-01-26 20:58:41,BTC,2.642917,0.0,0.00000001,"BTC,LTC",1862.0,0.0,0.02488451,259
1,[],22,[],2019-02-06 17:57:22,5373.601333333333,0.00000750,0.000000000255135,6605362,2019-02-06 17:57:22,BTC,111115.78354377,0.0,0.00000750,BTC,5791.542661517651,0.0,0.03436991,262
1,[],5,[],2019-02-06 17:57:24,6.114e-05,0.00000252,0.00000000008572536000000001,6605363,2019-02-06 17:57:24,btc,0.90277002,0.05300592,0.00000252,btc,0.00053344,0.0,0.2301933,264
1,[],20,[],2019-02-06 17:57:26,1167371.6102,0.00000256,0.00000000008708608,6605364,2019-02-06 17:57:26,btc,5.0453492669491,7868.9163,0.00000256,btc,95818.9408,0.0326902441624,0.0240676679774,264
1,[],22,[],2019-02-06 17:57:36,121796.0,0.00000002,0.00000000000068036,6605365,2019-02-06 17:57:36,BTC,8.46981963,0.0,0.00000002,BTC,344316.64326478855,7.2e-05,0.00193829,271
0,[],22,[],2019-02-06 17:57:39,0.0,0,0,6605366,2019-02-06 17:57:39,,369.95049049,0.0,0,,14650343738.9,0.0,0.0,272
0.0000000000000054,[],28,[],2019-02-06 17:57:41,230635833975.892,5.9400000000000005e-21,2.0206692000000003e-25,6605367,2019-02-06 17:57:41,doge,298872192.9379233,24819897747.07,0.00000110,doge,222956400912.4423,0.0,7.496973256271389e-10,272
1,[],22,[],2019-02-06 17:57:46,10026.0,0.00001100,0.00000000037419800000000005,6605368,2019-02-06 17:57:46,BTC,272.18304426,0.0,0.00001100,BTC,1402.389,0.0104074,0.000346,281
