pairValue,buyBook,exchangeId,sellBook,updated,buyTotal,satoshiPrice,usdPrice,exchangeLogId,created,bestPair,sellTotalBtc,volume,pairPrice,activePairs,sellTotal,volumeBtc,buyTotalBtc,coinId
1,[],3,[],2019-02-23 00:58:11,30547.36031641156,0.01276076999999999940504924467177261249162256717681884765625,0.000000504932184207,6762789,2019-02-23 00:58:11,btc,61.108403863638905,1.89322748613,0.01276076999999999940504924467177261249162256717681884765625,btc,24.837888635807,0.0,0.15484862309119168,1
1,[],4,[],2019-02-23 00:58:12,120061.71005316,0.01300338,0.000000514532043558,6762790,2019-02-23 00:58:12,btc,9.238950110397326,0.0,0.01300338,btc,262.04920698,0.60557386,1.2102901320973058,1
1,[],5,[],2019-02-23 00:58:15,0.0,0,0,6762791,2019-02-23 00:58:15,btc,0.0,0.02033749,0,btc,0.0,0.0,0.0,1
1,[],10,[],2019-02-23 00:58:17,414393.28973245,0.01171721,0.000000463639454211,6762792,2019-02-23 00:58:17,btc,6523.200387655769,1443.47559248,0.01171721,btc,1081.54190649,0.0,5.577558581196211,1
1,[],12,[],2019-02-23 00:58:19,10454.67401083,0.01290999999999999960087482264725622371770441532135009765625,0.000000510837081,6762793,2019-02-23 00:58:19,btc,0.2649339375388,0.0,0.01290999999999999960087482264725622371770441532135009765625,btc,12.76686312,0.1358382752133,0.5926234947835,1
1,[],20,[],2019-02-23 00:58:21,1151.7988,0.010600002,0.0000004194325391382,6762794,2019-02-23 00:58:21,btc,0.0589710786722,0.315,0.010600002,btc,2.6451,0.003339,0.1034005472903,1
1,[],21,[],2019-02-23 00:58:22,2523.29301959,0.01291864000000000033130387322,0.000000511178958024,6762795,2019-02-23 00:58:22,btc,21.89994219790419,8176.78300966,0.01291864000000000033130387322444221354089677333831787109375,"btc,eth",2231.40511165,102.1014920611947,23.856504419982915,1
1,[],22,[],2019-02-23 00:58:27,0.0163776,0.01300000,0.0000005143983,6762796,2019-02-23 00:58:27,BTC,0.31423927,0.0,0.01300000,BTC,0.11751954901960784,0.0,0.00020972,1
1,[],24,[],2019-02-23 00:58:27,0.0,0.000000000000,0,6762797,2019-02-23 00:58:27,btc,0.0,0.0,0.000000000000,btc,0.0,0.0,0.0,1
0.0,[],25,[],2019-02-23 00:58:28,0.0,0,0,6762798,2019-02-23 00:58:28,btc,16.413599998270715,310.64886526,0.0,btc,1243.11150952,4.055,0.0,1
1,[],26,[],2019-02-23 00:58:38,0.0,0,0,6762799,2019-02-23 00:58:38,,0.0,0.0,0,,0.0,0.0,0.0,1
1,[],28,[],2019-02-23 00:58:44,993.21,0.01323000,0.000000523499193,6762800,2019-02-23 00:58:44,btc,0.162839806,17538.3,0.01323000,btc,8.9,0.0,0.090071836,1
0,[],2,[],2019-01-20 23:28:45,0.0,0,0,6477011,2019-01-20 23:28:45,,0.0,0.0,0,,0.0,0.0,0.0,1
1,[],5,[],2019-02-23 00:58:44,0.0,0,0,6762801,2019-02-23 00:58:44,btc,0.0,0.01035771,0,btc,0.0,0.0,0.0,2
0.0000000001284665,[],22,[],2019-02-23 00:58:48,1148.0,1.4131315e-16,5.591634163665e-21,6762802,2019-02-23 00:58:48,XMR,21.01373823,0.0,0.00000110,XMR,14319.12581,0.0,0.00087635,2
1,[],5,[],2019-02-23 00:58:49,0.0,0,0,6762803,2019-02-23 00:58:49,btc,0.0,0.03336854,0,btc,0.0,0.0,0.0,3
1,[],12,[],2019-02-23 00:58:50,11967424.40181,0.000000172,0.0000000000068058852,6762804,2019-02-23 00:58:50,btc,924396.5001645639,0.0,0.000000172,btc,8137280.23302204,0.07125656385416777,0.46754383096562,3
0,[],28,[],2019-02-23 00:58:57,0.0,0,0,6762805,2019-02-23 00:58:57,,0.0,0.0,0,,0.0,0.0,0.0,3
0,[],2,[],2019-01-20 23:31:32,0.0,0,0,6477077,2019-01-20 23:31:32,,0.0,0.0,0,,0.0,0.0,0.0,4
1,[],4,[],2019-02-22 15:52:28,400439.70738348,0.00000032,0.000000000012596480000000001,6759744,2019-02-22 15:52:28,btc,31.576426407239886,0.0,0.00000032,btc,685876.08766458,0.0,0.0547125982053145,4
1,[],12,[],2019-02-22 14:50:14,1367032.5219999999,0.00000003,0.000000000001190475,6759350,2019-02-22 14:50:14,btc,11013869.583570713,0.0,0.00000003,btc,1211697.32371984,0.00024567976024,0.02065290044,5
0,[],2,[],2019-01-20 23:31:51,0.0,0,0,6477087,2019-01-20 23:31:51,,0.0,0.0,0,,0.0,0.0,0.0,6
1,[],11,[],2019-02-23 00:58:58,3301329.5,0.00000002,0.000000000000791382,6762806,2019-02-23 00:58:58,btc,9432.834995181234,61187.0,0.00000002,btc,41406686.95347657,0.0,0.033501425,6
1,[],3,[],2019-02-23 00:58:59,1091.956916111364,0.00015101000000000000598847360588905530676129274070262908935546875,0.000000005975329791,6762807,2019-02-23 00:58:59,btc,27.605796873748474,0.0,0.00015101000000000000598847360588905530676129274070262908935546875,btc,249.144760639695,0.0,0.03419747781770456,7
1,[],4,[],2019-02-23 00:59:00,356777.41930327,0.00024315,0.000000009621226665,6762808,2019-02-23 00:59:00,btc,15.513758454424922,0.0,0.00024315,btc,50150.71843634,4.47871407,6.498999499465555,7
1,[],5,[],2019-02-23 00:59:01,0.0,0,0,6762809,2019-02-23 00:59:01,btc,0.0,0.87218396,0,btc,0.0,0.0,0.0,7
1,[],20,[],2019-02-20 02:16:17,39399275.8418,0.000000001,0.0000000000000390183,6728586,2019-02-20 02:16:17,btc,116.9737569154545,525.0,0.000000001,btc,56932965.8895,5.25e-07,0.0393992758418,8
1,[],4,[],2019-02-23 00:59:03,1983354.52323527,0.00000174,0.00000000006885023399999999,6762810,2019-02-23 00:59:03,btc,4.079925901842792,0.0,0.00000174,btc,2070243.47232083,2.25897432,0.782806990903658,9
1,[],28,[],2019-02-23 00:59:10,43948.0,0.00000175,0.000000000069245925,6762811,2019-02-23 00:59:10,btc,2708.763440957195,3679970.92,0.00000175,btc,12613.2201,0.0,0.044282,9
0,[],2,[],2019-01-20 23:22:42,0.0,0,0,6476876,2019-01-20 23:22:42,,0.0,0.0,0,,0.0,0.0,0.0,9
0,[],23,[],2019-01-20 23:22:48,0.0,0,0,6476878,2019-01-20 23:22:48,,0.0,0.0,0,,0.0,0.0,0.0,9
1,[],1,[],2019-02-17 23:31:42,1822507.21,0.00000181000000000000003456111265232042484285557293333113193511962890625,0.000000000066086901,6701244,2019-02-17 23:31:42,btc,3.6990969245,17153386.5,0.00000181000000000000003456111265232042484285557293333113193511962890625,btc,1997391.71,31.11772986,3.2610482446,9
1,[],4,[],2019-02-17 11:22:43,4341674.27126056,0.00000002,0.0000000000007272960000000001,6696112,2019-02-17 11:22:43,btc,0.1997230937751353,0.0,0.00000002,btc,4109766.79808031,0.00215132,0.0479381022052112,10
1,[],4,[],2019-02-23 00:59:11,2493633.1933583,0.00000144,0.000000000056979504,6762812,2019-02-23 00:59:11,btc,16.40359108195437,0.0,0.00000144,btc,7338226.716144,2.24612954,2.3167988572772225,12
1,[],5,[],2019-02-23 00:59:12,0.0,0,0,6762813,2019-02-23 00:59:12,btc,0.0,0.76426824,0,btc,0.0,0.0,0.0,12
0.0,[],25,[],2019-02-23 00:59:13,0.0,0,0,6762814,2019-02-23 00:59:13,,0.0,0.0,0.0,btc,0.0,0.0,0.0,12
0,[],2,[],2019-01-20 23:23:08,0.0,0,0,6476890,2019-01-20 23:23:08,,0.0,0.0,0,,0.0,0.0,0.0,12
1,[],10,[],2019-02-22 22:03:09,487662.45142447,0.00000578,0.00000000022923075399999998,6762029,2019-02-22 22:03:09,btc,666802.5519920025,23155.0440649,0.00000578,btc,727017.28591317,0.0,0.315768840178396,13
1,[],4,[],2019-02-23 00:59:14,1282086.60481024,0.00000584,0.000000000231083544,6762815,2019-02-23 00:59:14,btc,3.0539301341170026,0.0,0.00000584,btc,415252.7380565,0.57186525,1.1813878947936252,13
1,[],21,[],2019-02-23 00:59:18,372803.31863233,0.000005839999999999999989838857239,0.000000000231083544,6762816,2019-02-23 00:59:18,btc,6.0262811752448675,672368.01860304,0.000005839999999999999989838857239465852444482152350246906280517578125,btc,941342.30759977,3.9098463,1.962712873637195,13
1,[],4,[],2019-02-23 00:59:19,655740.41820156,0.00000128,0.000000000050648447999999997,6762817,2019-02-23 00:59:19,btc,10.507291785198143,0.0,0.00000128,btc,869857.16827861,0.04893951,0.1148473319496755,14
1,[],12,[],2019-02-23 00:59:20,115338.91304348,0.00000110999999999999996035831596741250137938550324179232120513916015625,0.000000000043921700999999995,6762818,2019-02-23 00:59:20,btc,5.287051072395066,0.0,0.00000110999999999999996035831596741250137938550324179232120513916015625,btc,29521.78078516,0.00419528,0.0199357400000004,14
1,[],26,[],2019-02-23 00:59:31,0.0,0.00000050,0.000000000019784549999999998,6762819,2019-02-23 00:59:31,btc,0.0,0.0,0.00000050,btc,0.0,0.0,0.0,14
0,[],17,[],2019-02-22 23:05:24,0.0,0,0,6762445,2019-02-22 23:05:24,btc,0.0,0.0,0,btc,0.0,0.0,0.0,14
0,[],4,[],2019-02-23 00:59:32,0.0,0,0,6762820,2019-02-23 00:59:32,,0.0,0.0,0,,0.0,0.0,0.0,15
,[],12,[],2018-12-01 15:15:48,204241.84496,0.00000489,0.000000000202473384,5260204,2018-12-01 15:15:48,btc,49.5475654835,0.0,,btc,35763.2193806,0.0163153972027625,0.0203389899998,15
1,[],4,[],2019-02-23 00:59:34,26852.62483905,0.00001810,0.00000000071620071,6762821,2019-02-23 00:59:34,btc,1.2015327506781162,0.0,0.00001810,btc,6524.12419312,0.02306682,0.0990665672924264,18
1,[],10,[],2019-02-23 00:59:36,785978.39420245,0.00001825,0.0000000007221360749999999,6762822,2019-02-23 00:59:36,btc,15.54266062573034,14220.1616841,0.00001825,btc,10850.37807742,0.0,0.1871974982948559,18
1,[],12,[],2019-02-23 00:59:37,199505.88753834998,0.0000180099999999999986662058137909525612485595047473907470703125,0.000000000712639491,6762823,2019-02-23 00:59:37,btc,21.98180171508635,0.0,0.0000180099999999999986662058137909525612485595047473907470703125,btc,1853.50985462,0.0050435965239819,0.0401504456158475,18
0,[],2,[],2019-01-20 23:23:38,0.0,0,0,6476906,2019-01-20 23:23:38,,0.0,0.0,0,,0.0,0.0,0.0,18
0,[],17,[],2019-02-22 23:05:40,0.0,0,0,6762451,2019-02-22 23:05:40,btc,0.0,0.0,0,btc,0.0,0.0,0.0,18
1,[],3,[],2019-02-23 00:59:49,120776.3141567528,0.00002203999999999999904500003200524815838434733450412750244140625,0.0000000008721029639999999,6762824,2019-02-23 00:59:49,btc,0.6147384866190773,2307.43892689,0.00002203999999999999904500003200524815838434733450412750244140625,btc,11521.704524858205,0.0,0.07966178993169826,19
1,[],4,[],2019-02-23 00:59:49,628762.8235728,0.00002152,0.0000000008515270319999999,6762825,2019-02-23 00:59:49,btc,2.5770195800846305,0.0,0.00002152,btc,77275.12515703,1.65320842,2.507076374333188,19
1,[],5,[],2019-02-23 00:59:51,0.0,0,0,6762826,2019-02-23 00:59:51,btc,0.0,0.00924847,0,btc,0.0,0.0,0.0,19
1,[],12,[],2019-02-23 00:59:52,137034.03396903,0.000017929999999999999432155617373751965715200640261173248291015625,0.0000000007094739629999999,6762827,2019-02-23 00:59:52,btc,1.2838669177625872,0.0,0.000017929999999999999432155617373751965715200640261173248291015625,btc,442.16286621,0.00810448,0.0446664099999499,19
0,[],27,[],2019-02-23 00:59:54,0.0,0,0,6762828,2019-02-23 00:59:54,,0.0,0.0,0,btc,0.0,0.0,0.0,19
0,[],2,[],2019-01-20 23:24:19,0.0,0,0,6476924,2019-01-20 23:24:19,,0.0,0.0,0,,0.0,0.0,0.0,19
1,[],4,[],2019-02-23 00:59:54,8071160.95424551,0.00000013,0.000000000005143983,6762829,2019-02-23 00:59:54,btc,7.376065179582633,0.0,0.00000013,btc,2843149.4360639,0.0,0.2585325451781454,20
1,[],4,[],2019-02-23 00:59:55,104150384.86437024,0.00000002,0.0000000000007913819999999999,6762830,2019-02-23 00:59:55,btc,359.51289750582265,0.0,0.00000002,btc,55731908.51417261,0.003234,1.1707481411680452,21
1,[],12,[],2019-02-23 00:59:57,18647376.0,0.00000002,0.000000000000791382,6762831,2019-02-23 00:59:57,btc,670.3900728834847,0.0,0.00000002,btc,8549207.32857329,4e-08,0.24518776,21
0,[],17,[],2019-02-23 00:59:58,0.0,0,0,6762832,2019-02-23 00:59:58,btc,0.0,0.0,0,btc,0.0,0.0,0.0,21
1,[],12,[],2019-02-23 00:59:59,3609495408.6808996,0.0000000002,0.00000000000000791382,6762833,2019-02-23 00:59:59,btc,875865843031.9991,0.0,0.0000000002,btc,4721075836.681766,0.04092539894385573,0.41800019748299044,23
0.0000000003716229,[],27,[],2019-02-23 01:00:00,2000.0,3.716229e-18,1.470478369239e-22,6762834,2019-02-23 01:00:00,eth,1.3429826565934113,0.0,0.00000001,eth,1964879.85514486,0.0,7.432458e-15,23
1,[],4,[],2019-02-23 01:00:01,282971.78375397,0.00000060,0.00000000002374146,6762835,2019-02-23 01:00:01,btc,8.386723345486143,0.0,0.00000060,btc,1478082.01201659,0.00049644,0.1389791626811561,24
1,[],22,[],2019-02-23 01:00:12,11.76,0.00000100,0.000000000039569099999999996,6762836,2019-02-23 01:00:12,BTC,7.415e-05,0.0,0.00000100,BTC,23.919354838709676,0.0,1.176e-05,24
0.0,[],25,[],2019-02-23 01:00:15,0.0,0,0,6762837,2019-02-23 01:00:15,,0.0,0.0,0.0,btc,0.0,0.0,0.0,24
1,[],4,[],2019-02-23 01:00:16,26867398.13299126,0.00000616,0.000000000243745656,6762838,2019-02-23 01:00:16,btc,120.07189079569049,0.0,0.00000616,btc,240060.27252778,0.05236124,0.4914371404077646,26
1,[],10,[],2019-02-23 01:00:18,693048.47421827,0.000006,0.0000000002374146,6762839,2019-02-23 01:00:18,btc,25.92896810762037,6224.80905657,0.000006,btc,14577.86340564,0.0,0.2418927022174015,26
0,[],2,[],2019-01-20 23:25:56,0.0,0,0,6476976,2019-01-20 23:25:56,,0.0,0.0,0,,0.0,0.0,0.0,26
1,[],3,[],2019-02-23 01:00:20,7065111.70213569,0.00000002,0.000000000000791382,6762840,2019-02-23 01:00:20,btc,2.895679868727829,160678.919958,0.00000002,btc,18576434.11801327,0.0,0.0709497170213569,27
1,[],5,[],2019-02-23 01:00:21,0.0,0,0,6762841,2019-02-23 01:00:21,btc,0.0,0.03869042,0,btc,0.0,0.0,0.0,27
1,[],11,[],2019-02-23 01:00:22,9657302.940399151,0.00000005,0.000000000001978455,6762842,2019-02-23 01:00:22,btc,67506.53137702076,146281.413934,0.00000005,btc,8171781.9763934,0.0,0.450973774642923,27
1,[],4,[],2019-02-23 01:00:23,1391434505.8843138,0.00000002,0.0000000000007913819999999999,6762843,2019-02-23 01:00:23,btc,9.799890011999892,0.0,0.00000002,"btc,ltc",488845497.00073516,0.38037191,9.163551949492625,29
1,[],7,[],2019-02-23 01:00:24,35120999.95936194,0.00000002,0.000000000000791382,6762844,2019-02-23 01:00:24,btc,44465227.33450094,2635734.28889,0.00000002,btc,60096955.44776538,0.0,0.3522099995936194,29
1,[],4,[],2019-02-23 01:00:25,1396669.24194601,0.00000030,0.00000000001187073,6762845,2019-02-23 01:00:25,btc,2.3129339759616894,0.0,0.00000030,btc,1512642.98552845,0.0111413,0.0963596288206183,30
0,[],17,[],2019-02-23 01:00:26,0.0,0,0,6762846,2019-02-23 01:00:26,btc,0.0,0.0,0,btc,0.0,0.0,0.0,30
1,[],4,[],2019-02-23 01:00:27,1133735.32728768,0.00005776,0.0000000022855112159999998,6762847,2019-02-23 01:00:27,btc,5.378635016162903,0.0,0.00005776,btc,63637.0081519,0.8296562,1.5340069985730433,31
1,[],21,[],2019-02-23 01:00:28,71998.56851254,0.00005840999999999999810857895244,0.0000000023112311309999997,6762848,2019-02-23 01:00:28,btc,2.4581238263671463,100245.93023347,0.0000584099999999999981085789524382079207498463802039623260498046875,btc,38019.03476935,5.93172768,3.6791280797099137,31
0,[],2,[],2019-01-20 23:28:43,0.0,0,0,6477009,2019-01-20 23:28:43,,0.0,0.0,0,,0.0,0.0,0.0,32
1,[],4,[],2019-02-23 01:00:29,363899759.07294154,0.00000004,0.0000000000015827639999999999,6762849,2019-02-23 01:00:29,btc,10.098659380696258,0.0,0.00000004,"btc,ltc",175391156.02777022,0.33095213,8.420323749736799,33
1,[],12,[],2019-02-23 01:00:30,16153586.379,0.00000005,0.000000000001978455,6762850,2019-02-23 01:00:30,btc,35620494.74527118,0.0,0.00000005,btc,89080375.24675298,0.0036050160339662,0.53654702895,33
1,[],4,[],2019-02-23 01:00:31,129369094.18272509,0.00000001,0.00000000000039569099999999997,6762851,2019-02-23 01:00:31,btc,4.400039240178576,0.0,0.00000001,btc,99825775.62114432,0.00516679,1.2936909418272509,34
1,[],5,[],2019-02-23 01:00:32,0.0,0,0,6762852,2019-02-23 01:00:32,btc,0.0,0.5199041,0,btc,0.0,0.0,0.0,34
0.0000000001241898,[],4,[],2019-02-23 01:00:33,1260228265.9913146,2.483796e-18,9.828157230359999e-23,6762853,2019-02-23 01:00:33,ltc,2.693754023806061e-08,0.0,0.00000002,ltc,3222683159.205326,0.0,2.1544185532588733e-09,36
1,[],5,[],2019-02-23 01:00:34,0.0,0,0,6762854,2019-02-23 01:00:34,btc,0.0,0.0,0,btc,0.0,0.0,0.0,36
0,[],17,[],2019-02-23 01:00:36,0.0,0,0,6762855,2019-02-23 01:00:36,btc,0.07464582844733446,0.0,0,btc,4105386.20243647,0.0,0.0,36
0.0000000003716229,[],27,[],2019-02-23 01:00:39,2000.0,3.716229e-18,1.470478369239e-22,6762856,2019-02-23 01:00:39,eth,114.2235941557863,0.0,0.00000001,"ltc,eth",4163566.4875004,0.0,7.432458e-15,36
1,[],4,[],2019-02-23 01:00:40,274120.81130039,0.00000076,0.000000000030072516,6762857,2019-02-23 01:00:40,btc,19772.482447456052,0.0,0.00000076,btc,562931.8276058,0.01162836,0.1272520435117473,37
1,[],12,[],2019-02-23 01:00:41,476770.47411378,0.00000074,0.000000000029281133999999997,6762858,2019-02-23 01:00:41,btc,1347.0694925789512,0.0,0.00000074,btc,852843.39059699,0.1238261547882353,0.1202941478032145,37
1,[],17,[],2019-02-23 01:00:52,1752.74075282,0.00000025,0.000000000009892274999999999,6762859,2019-02-23 01:00:52,btc,0.055484923777095005,0.0,0.00000025,btc,1319.19918473,0.0,0.00043818518820499993,37
1,[],27,[],2019-02-23 01:00:54,14685.567,0.00000045,0.000000000017806095,6762860,2019-02-23 01:00:54,btc,25.83024737411233,0.0,0.00000045,btc,6763.38138508,0.0,0.00480032515,37
1,[],5,[],2019-02-23 01:00:55,0.0,0,0,6762861,2019-02-23 01:00:55,btc,0.0,0.00687081,0,btc,0.0,0.0,0.0,42
1,[],12,[],2019-02-23 01:00:56,136805.43446461,0.00000095,0.000000000037590645,6762862,2019-02-23 01:00:56,btc,94.69858407381341,0.0,0.00000095,btc,101595.06450592,0.0273675554475741,0.0423273579650418,42
0.0000000003716229,[],27,[],2019-02-23 01:00:58,2000.0,3.716229e-18,1.470478369239e-22,6762863,2019-02-23 01:00:58,eth,0.00315028,0.0,0.00000001,"btc,eth",11.007,0.0,7.432458e-15,42
1,[],5,[],2019-02-23 01:00:59,0.0,0,0,6762864,2019-02-23 01:00:59,btc,0.0,2e-06,0,btc,0.0,0.0,0.0,43
1,[],12,[],2019-02-23 01:01:00,3659302.0,0.00000001,0.000000000000395691,6762865,2019-02-23 01:01:00,btc,20003931.28669576,0.0,0.00000001,btc,39482700.26613386,0.00100013994006,0.036593020000000004,43
0,[],17,[],2019-02-22 23:06:43,0.0,0,0,6762489,2019-02-22 23:06:43,btc,0.0,0.0,0,btc,0.0,0.0,0.0,43
1,[],12,[],2019-02-22 23:57:51,688756.0,0.00000005,0.000000000001987905,6762667,2019-02-22 23:57:51,btc,11115177.726965867,0.0,0.00000005,btc,1082596.39762234,0.0002837,0.01775668,44
1,[],4,[],2019-02-22 23:57:52,304154790.4440582,0.00000002,0.000000000000795162,6762668,2019-02-22 23:57:52,btc,474.5713450006971,0.0,0.00000002,"btc,ltc",12283111.22500239,0.00016452,0.21763833381599496,49
0,[],4,[],2019-02-22 23:57:53,0.0,0,0,6762669,2019-02-22 23:57:53,,25.469936318945507,0.0,0,,10714574602.517086,0.0,0.0,52
0.0000000001282356,[],22,[],2019-02-22 23:57:56,80945862.0,1.282356e-18,5.09840380836e-23,6762670,2019-02-22 23:57:56,XMR,4366.33224183,0.0,0.00000001,XMR,248874057.67882353,0.0,0.80945862,57
0.0000000003726681,[],27,[],2019-02-22 23:58:00,2000.0,3.726681e-18,1.481657558661e-22,6762671,2019-02-22 23:58:00,eth,0.0,0.0,0.00000001,"btc,eth",0.0,0.0,7.453362e-15,57
0.0000000001244274,[],4,[],2019-02-22 23:58:00,855382054.6642373,3.732822e-18,1.484099103582e-22,6762672,2019-02-22 23:58:00,ltc,18.81055963351244,0.0,0.00000003,ltc,3900233936.256049,0.0,1.9852862513854344e-09,58
1,[],12,[],2019-02-22 23:58:02,1653343778.843957,0.0000000004,0.00000000000001590324,6762673,2019-02-22 23:58:02,btc,224005479468.01904,0.0,0.0000000004,btc,3708322784.1463294,0.1123984899198928,0.5367177714011392,58
0,[],17,[],2019-02-22 23:58:03,0.0,0,0,6762674,2019-02-22 23:58:03,btc,1e+24,0.0,0,btc,41401875.8285055,0.0,0.0,58
0.0000000001282356,[],22,[],2019-02-22 23:58:07,137438.0,1.282356e-18,5.09840380836e-23,6762675,2019-02-22 23:58:07,XMR,69.8835922,0.0,0.00000001,XMR,9887963.0,0.0,0.00137438,58
1,[],5,[],2019-02-23 00:00:07,0.0,0,0,6762676,2019-02-23 00:00:07,btc,0.0,0.00836271,0,btc,0.0,0.0,0.0,61
1,[],22,[],2019-02-23 00:00:11,5149.5,0.00000011,0.000000000004373391,6762677,2019-02-23 00:00:11,BTC,1002.29597012,0.0,0.00000011,BTC,14947.700278135757,0.0,0.00051596,61
1,[],26,[],2019-02-23 00:00:11,0.0,0.00000800,0.0000000003180648,6762678,2019-02-23 00:00:11,btc,0.0,0.0,0.00000800,btc,0.0,0.0,0.0,61
1,[],27,[],2019-02-23 00:00:13,2493.55,0.00000045,0.000000000017891145,6762679,2019-02-23 00:00:13,btc,2.9490818105130616,0.0,0.00000045,"btc,eth",19198.38399471,0.0,0.00021559750365214737,61
1,[],28,[],2019-02-23 00:00:15,13882.304,0.0000005,0.00000000001987905,6762680,2019-02-23 00:00:15,btc,2.056328285685105,730.0,0.0000005,btc,9746.52450005,0.0,0.00566491304,61
1,[],4,[],2019-02-23 00:00:16,1465166.63468619,0.00000292,0.000000000116093652,6762681,2019-02-23 00:00:16,btc,11.28744604851519,0.0,0.00000292,btc,799333.27725933,0.13381207,1.413789929465817,67
0.0,[],25,[],2019-02-23 00:00:17,0.0,0,0,6762682,2019-02-23 00:00:17,,0.0,0.0,0.0,btc,0.0,0.0,0.0,67
1,[],12,[],2019-02-23 00:00:18,3010259.82863316,0.00000024,0.000000000009541944,6762683,2019-02-23 00:00:18,btc,11115998.397943739,0.0,0.00000024,btc,2040186.93646717,0.00022161075,0.1068826973211109,71
,[],5,[],2018-11-20 23:02:39,1.5e-07,0.00000005,0.000000000002128045,4862160,2018-11-20 23:02:39,btc,2.84511358,0.0,,btc,0.00036572,0.0,0.07381892,74
1,[],5,[],2019-02-23 00:00:19,0.0,0,0,6762684,2019-02-23 00:00:19,btc,0.0,0.0,0,btc,0.0,0.0,0.0,75
0,[],20,[],2019-01-25 09:30:31,0.0,0,0,6495923,2019-01-25 09:30:31,btc,0.0,0.0,0,btc,0.0,0.0,0.0,81
1,[],4,[],2019-02-23 00:00:20,17233280.92031862,0.00000001,0.000000000000397581,6762685,2019-02-23 00:00:20,btc,11394.388595673243,0.0,0.00000001,btc,34744270.17624532,0.0,0.1723328092031862,81
1,[],4,[],2019-02-23 00:00:23,33659.34148306,0.00007611,0.0000000030259889910000002,6762686,2019-02-23 00:00:23,btc,17.762491338270554,0.0,0.00007611,btc,12619.66442209,0.00252959,0.5374060160134962,82
1,[],21,[],2019-02-23 00:00:24,1067930.20932658,0.00007896000000000000294906460363,0.000000003139299576,6762687,2019-02-23 00:00:24,btc,2.2181073209619635,7641.63721587,0.000078960000000000002949064603630091596642159856855869293212890625,btc,23306.4728784,0.58954855,2.4968553693991606,82
0,[],17,[],2019-02-22 23:07:26,0.0,0,0,6762507,2019-02-22 23:07:26,btc,0.0447233088476774,0.0,0,btc,999127.19588126,0.0,0.0,84
0.0000000001244274,[],4,[],2019-02-23 00:00:32,175777987.7071371,4.977096000000001e-18,1.9787988047760001e-22,6762688,2019-02-23 00:00:32,ltc,1.783042281743362,0.0,0.00000004,ltc,405760228.6887127,0.0,4.872821854331331e-10,85
,[],22,[],2018-11-20 23:09:34,3408.1,0.0000001,0.0000000000041895,4862324,2018-11-20 23:09:34,BTC,0.04624735,0.0,,BTC,4990.0,0.0,0.00033081,86
0,[],22,[],2019-02-22 12:52:35,0.0,0,0,6758847,2019-02-22 12:52:35,,2.0760781,0.0,0,,140622.94736842104,0.0,0.0,87
0,[],27,[],2019-02-22 12:52:37,0.0,0,0,6758848,2019-02-22 12:52:37,,0.0,0.0,0,btc,0.0,0.0,0.0,87
,[],2,[],2018-11-20 23:10:47,0.0,0,0,4862359,2018-11-20 23:10:47,,0.0,0.0,,,0.0,0.0,0.0,88
1,[],11,[],2019-02-23 00:00:34,93158.78161157,0.00014703000000000000682502665494411075997049920260906219482421875,0.000000005845633443,6762689,2019-02-23 00:00:34,btc,608.5872849518036,2824.74881636,0.00014703000000000000682502665494411075997049920260906219482421875,btc,95252.1928987,0.0,6.3052161812801195,89
0,[],2,[],2019-01-20 23:31:45,0.0,0,0,6477083,2019-01-20 23:31:45,,0.0,0.0,0,,0.0,0.0,0.0,91
1,[],12,[],2019-02-23 00:00:35,428012.92856494,0.000001399999999999999936647356556240762159859514213167130947113037109375,0.000000000055661339999999996,6762690,2019-02-23 00:00:35,btc,4.31782143914541,0.0,0.000001399999999999999936647356556240762159859514213167130947113037109375,btc,57588.79173553,0.0066045472277721,0.0399641390938313,91
0,[],17,[],2019-02-23 00:00:36,0.0,0,0,6762691,2019-02-23 00:00:36,btc,0.0,0.0,0,btc,0.0,0.0,0.0,91
0,[],22,[],2019-02-23 00:00:39,0.0,0,0,6762692,2019-02-23 00:00:39,,3.1e-06,0.0,0,,2.0,0.0,0.0,91
0.0000000001244274,[],22,[],2019-02-23 00:02:43,3401520.0,4.977096000000001e-18,1.9787988047760001e-22,6762693,2019-02-23 00:02:43,LTC,8.54674091,0.0,0.00000004,LTC,72080461.1,5.2259508e-13,0.1008108,95
0.0000000001244274,[],4,[],2019-02-23 00:02:44,628380845.2599044,7.465644e-17,2.9681982071640002e-21,6762694,2019-02-23 00:02:44,ltc,12.436992817072234,0.0,0.0000006,ltc,149038320.57376164,0.0,1.2197391256247008e-09,96
0,[],12,[],2019-02-23 00:02:45,0.0,0,0,6762695,2019-02-23 00:02:45,btc,255075.88356527587,0.0,0,btc,8563182.84546427,0.00244017,0.0,96
0,[],17,[],2019-02-23 00:02:47,0.0,0,0,6762696,2019-02-23 00:02:47,btc,0.0,0.0,0,btc,0.0,0.0,0.0,96
1,[],4,[],2019-02-23 00:02:48,1393027.54758872,0.00000032,0.000000000012722592,6762697,2019-02-23 00:02:48,btc,3.247188686225812,0.0,0.00000032,btc,2496615.18294995,0.01600846,0.1211276039243015,99
0,[],2,[],2019-01-20 23:23:55,0.0,0,0,6476914,2019-01-20 23:23:55,,0.0,0.0,0,,0.0,0.0,0.0,100
1,[],4,[],2019-02-23 00:02:49,1300315.4013477,0.00004907,0.000000001950929967,6762698,2019-02-23 00:02:49,btc,11.888112948521405,0.0,0.00004907,btc,155045.17691238,6.20949265,1.956871738855494,100
1,[],22,[],2019-02-23 00:02:52,50000.0,0.00000001,0.000000000000397581,6762699,2019-02-23 00:02:52,BTC,23.49896609,0.0,0.00000001,BTC,10277.22,0.0,0.0005,101
1,[],4,[],2019-02-23 00:02:53,460067.0014105,0.00000090,0.00000000003578229,6762700,2019-02-23 00:02:53,btc,256.3131821807622,0.0,0.00000090,btc,481389.73241477,0.01789999,0.232389259736921,103
1,[],12,[],2019-02-23 00:02:55,53036869.17286972,0.000000013,0.0000000000005168553,6762701,2019-02-23 00:02:55,btc,137279450.72606033,0.0,0.000000013,btc,118365120.9567861,0.00826380381565996,0.15149223924730637,105
1,[],27,[],2019-02-23 00:02:57,397342.89,0.00000001,0.000000000000397581,6762702,2019-02-23 00:02:57,btc,0.2136902355560939,0.0,0.00000001,btc,379815.05581977,0.0,0.0039734289,105
1,[],22,[],2019-02-23 00:03:00,9328.0,0.00000001,0.000000000000397581,6762703,2019-02-23 00:03:00,BTC,51.10837004,0.0,0.00000001,BTC,470435.0,0.0,9.328e-05,107
1,[],26,[],2019-02-23 00:03:00,0.0,0.00000000,0,6762704,2019-02-23 00:03:00,btc,0.0,0.0,0.00000000,btc,0.0,0.0,0.0,107
1,[],5,[],2019-02-23 00:03:01,0.0,0,0,6762705,2019-02-23 00:03:01,btc,0.0,0.0012158,0,btc,0.0,0.0,0.0,112
1,[],22,[],2019-02-23 00:03:05,1966.0,0.00000001,0.000000000000397581,6762706,2019-02-23 00:03:05,BTC,2.81183288,0.0,0.00000001,BTC,808524.0833333334,0.0,1.966e-05,112
0.0000000003726681,[],27,[],2019-02-23 00:03:08,2000.0,3.726681e-18,1.481657558661e-22,6762707,2019-02-23 00:03:08,eth,1.35132491849924,0.0,0.00000001,"btc,eth",1328.641654,0.0,7.453362e-15,112
1,[],4,[],2019-02-23 00:03:09,449457.9738549,0.00000315,0.000000000125238015,6762708,2019-02-23 00:03:09,btc,5.711329755522849,0.0,0.00000315,btc,339881.78834412,0.03011251,0.1912821070143887,113
1,[],5,[],2019-02-23 00:03:10,0.0,0,0,6762709,2019-02-23 00:03:10,btc,0.0,0.0,0,btc,0.0,0.0,0.0,113
1,[],17,[],2019-02-22 22:58:30,152738.278,0.00000004,0.000000000001587616,6762336,2019-02-22 22:58:30,btc,1.33680302678,0.0,0.00000004,btc,50696.221,0.0,0.0022095311199999998,116
0,[],27,[],2019-02-23 00:03:12,0.0,0,0,6762710,2019-02-23 00:03:12,,0.0,0.0,0,btc,0.0,0.0,0.0,116
1,[],4,[],2019-02-23 00:03:14,67733.72501503,0.00002893,0.000000001150201833,6762711,2019-02-23 00:03:14,btc,28.376401829513956,0.0,0.00002893,btc,55612.48153128,0.42044224,0.7934011184914933,120
1,[],7,[],2019-02-23 00:03:15,211258.63536284,0.000027560000000000000404572209067310950558749027550220489501953125,0.000000001095733236,6762712,2019-02-23 00:03:15,btc,115653.92700685665,1114.09992218,0.000027560000000000000404572209067310950558749027550220489501953125,btc,38272.60283035,0.03303505,0.0646346349989332,120
1,[],20,[],2019-02-23 00:03:18,1185235.5618,0.000000012,0.0000000000004770972,6762713,2019-02-23 00:03:18,btc,31.9235181096527,20451.4779,0.000000012,btc,1129871.1271,0.0002454177348,0.0034733279724,125
1,[],22,[],2019-02-23 00:03:22,3053.0,0.00000001,0.000000000000397581,6762714,2019-02-23 00:03:22,BTC,0.01444887,0.0,0.00000001,BTC,296263.5111111111,0.0,3.053e-05,126
0,[],2,[],2019-01-20 23:25:46,0.0,0,0,6476969,2019-01-20 23:25:46,,0.0,0.0,0,,0.0,0.0,0.0,131
1,[],4,[],2019-02-23 00:03:23,104161.35124877,0.00001479,0.000000000588022299,6762715,2019-02-23 00:03:23,btc,23.95857628822991,0.0,0.00001479,btc,120864.21713245,0.22481782,0.5552226777080531,131
0,[],17,[],2019-02-23 00:03:25,0.0,0,0,6762716,2019-02-23 00:03:25,btc,0.0009561751951600001,0.0,0,btc,35.42829368,0.0,0.0,131
1,[],4,[],2019-02-22 15:47:53,4557.608767,0.00016811,0.000000006615733696,6759651,2019-02-22 15:47:53,btc,1.6462887882650394,0.0,0.00016811,btc,334.27808618,0.0,0.0091224250832933,135
1,[],3,[],2019-02-23 00:03:25,1512642.49571841,0.00000005,0.000000000001987905,6762717,2019-02-23 00:03:25,btc,0.1358217413247742,21586.31,0.00000005,btc,597822.99008313,0.0,0.0557254579470342,136
1,[],4,[],2019-02-23 00:03:26,268193.14517423,0.00000170,0.00000000006758877,6762718,2019-02-23 00:03:26,btc,38.87605176303442,0.0,0.00000170,btc,632865.15992936,0.10054525,0.079414620963379,137
1,[],12,[],2019-02-23 00:03:27,294866.64506032,0.000001560000000000000098813643899242631363222244544886052608489990234375,0.000000000062022636,6762719,2019-02-23 00:03:27,btc,11807.600194655768,0.0,0.000001560000000000000098813643899242631363222244544886052608489990234375,btc,124451.38316351,0.0010769460022236,0.0236068199999675,137
1,[],17,[],2019-02-22 23:08:32,22967.386363640002,0.00000088,0.000000000034935648000000006,6762538,2019-02-22 23:08:32,btc,20.069913353055185,0.0,0.00000088,btc,2746.079105,0.0,0.0104613000000032,142
1,[],4,[],2019-02-23 00:03:28,231593.41994226,0.00004601,0.000000001829270181,6762720,2019-02-23 00:03:28,btc,28.50434702897839,0.0,0.00004601,btc,42852.18875454,0.44287173,1.2000122630567103,142
1,[],5,[],2019-02-23 00:03:29,0.0,0,0,6762721,2019-02-23 00:03:29,btc,0.0,0.1571453,0,btc,0.0,0.0,0.0,142
1,[],20,[],2019-02-23 00:03:32,133455.6001,0.000045043,0.0000000017908240983,6762722,2019-02-23 00:03:32,btc,0.5019588885584,40.1643,0.000045043,btc,3876.6846,0.00181140993,0.2398886620837,142
1,[],22,[],2019-02-23 00:03:36,1660.2794996606253,0.00004651,0.000000001849149231,6762723,2019-02-23 00:03:36,BTC,3.00424677,0.0,0.00004651,BTC,896.9785515239478,0.0,0.00506652,142
0.0,[],25,[],2019-02-23 00:03:38,0.0,0,0,6762724,2019-02-23 00:03:38,,0.0,0.0,0.0,btc,0.0,0.0,0.0,142
1,[],28,[],2019-02-23 00:03:44,76883.0,0.00004500,0.0000000017891145,6762725,2019-02-23 00:03:44,btc,0.059933722,1223.0,0.00004500,btc,406.4319,0.0,0.0388422,142
0,[],22,[],2019-02-23 00:03:48,0.0,0,0,6762726,2019-02-23 00:03:48,,61.27387123,0.0,0,,748307405.3,0.0,0.0,143
1,[],21,[],2019-02-22 20:57:12,21837236.82381302,0.00000024,0.000000000009498408,6761557,2019-02-22 20:57:12,btc,41.1456050145505,7374165.25574563,0.00000024,btc,85296050.980877,1.82436621,3.2445599791514126,145
0,[],22,[],2019-02-23 00:03:51,0.0,0,0,6762727,2019-02-23 00:03:51,,4.24946284,0.0,0,,1812156.0,0.0,0.0,146
,[],22,[],2018-11-20 23:01:11,0.0,0,0,4862114,2018-11-20 23:01:11,,2.56807021,0.0,,,61828.4988236,0.0,0.0,147
1,[],12,[],2019-02-23 00:03:53,109304.11000625,0.00000251000000000000010876390933722834830632564262486994266510009765625,0.00000000009979283100000001,6762728,2019-02-23 00:03:53,btc,16.28881179890647,0.0,0.00000251000000000000010876390933722834830632564262486994266510009765625,btc,117006.71783468,0.0002216633766176,0.0189653099999905,148
1,[],4,[],2019-02-23 00:03:55,240513.36796929,0.00000028,0.000000000011132268,6762729,2019-02-23 00:03:55,btc,219.93892963441337,0.0,0.00000028,btc,792760.54846363,0.000319,0.0564957890840236,152
0,[],22,[],2019-02-23 00:03:57,0.0,0,0,6762730,2019-02-23 00:03:57,,0.0,0.0,0,,0.0,0.0,0.0,152
1,[],5,[],2019-02-23 00:03:59,0.0,0,0,6762731,2019-02-23 00:03:59,btc,0.0,1e-06,0,btc,0.0,0.0,0.0,153
,[],16,[],2019-01-11 15:38:59,0.0,0,0,6366141,2019-01-11 15:38:59,btc,0.0,0.0,,btc,0.0,0.0,0.0,155
0,[],23,[],2019-01-20 23:24:29,0.0,0,0,6476932,2019-01-20 23:24:29,,0.0,0.0,0,,0.0,0.0,0.0,156
0,[],22,[],2019-02-23 00:04:02,0.0,0,0,6762732,2019-02-23 00:04:02,,6.74608761,0.0,0,,4644402.242592593,0.0,0.0,156
1,[],22,[],2019-02-23 00:04:06,7073.8,0.00005300,0.0000000021071793,6762733,2019-02-23 00:04:06,BTC,1.80343699,0.0,0.00005300,BTC,899.6422341958436,0.0,0.00104336,157
0,[],22,[],2019-02-23 00:04:09,0.0,0,0,6762734,2019-02-23 00:04:09,,50175.68008609,0.0,0,,54479136.04179466,0.0,0.0,158
,[],17,[],2018-11-20 22:56:10,0.0,0,0,4861976,2018-11-20 22:56:10,btc,1.1265625,0.0,,btc,1000.0,0.0,0.0,159
,[],20,[],2018-11-20 22:56:12,0.0,0,0,4861977,2018-11-20 22:56:12,btc,11912.7940471,0.0,,btc,34413894.3617,0.0,0.0,159
1,[],12,[],2019-02-23 00:04:10,182740.80187116,0.0000071300000000000003443924832813305414447313523851335048675537109375,0.000000000283475253,6762735,2019-02-23 00:04:10,btc,6.656898702980331,0.0,0.0000071300000000000003443924832813305414447313523851335048675537109375,btc,14433.59902166,0.0016760082799687,0.0972865079995278,168
1,[],17,[],2019-02-23 00:04:22,29784.95,0.000001,0.000000000039758099999999996,6762736,2019-02-23 00:04:22,btc,0.03026736251542,0.0,0.000001,btc,144.46171372,0.0,0.00716147,168
0,[],22,[],2019-02-23 00:04:25,0.0,0,0,6762737,2019-02-23 00:04:25,,1.14714792,0.0,0,,798972.8900917594,0.0,0.0,169
1,[],22,[],2019-02-23 00:04:28,165000.0,0.00000018,0.000000000007156458,6762738,2019-02-23 00:04:28,BTC,13.25792916,0.0,0.00000018,BTC,156449.17566629834,3.8e-05,0.0198,171
1,[],22,[],2019-02-23 00:04:32,136688.125,0.0000001,0.00000000000397581,6762739,2019-02-23 00:04:32,BTC,2.66806542,0.0,0.0000001,BTC,280140.683281622,9.1e-06,0.00903395,173
1,[],5,[],2019-02-23 00:04:33,0.0,0,0,6762740,2019-02-23 00:04:33,btc,0.0,0.4781384,0,btc,0.0,0.0,0.0,175
1,[],22,[],2019-02-23 00:04:37,62834.0,0.0000004,0.00000000001590324,6762741,2019-02-23 00:04:37,BTC,0.5289391,0.0,0.0000004,BTC,142708.91384013777,0.0,0.0120216,176
0,[],2,[],2019-01-20 23:28:34,0.0,0,0,6477001,2019-01-20 23:28:34,,0.0,0.0,0,,0.0,0.0,0.0,178
1,[],7,[],2019-02-23 00:04:38,0.0,0,0,6762742,2019-02-23 00:04:38,btc,410932.427678026,0.0,0,btc,117633836.32502417,0.0,0.0,178
0,[],22,[],2019-02-23 00:04:40,0.0,0,0,6762743,2019-02-23 00:04:40,,1.00242428,0.0,0,,57512.0,0.0,0.0,178
0,[],23,[],2019-01-20 23:25:08,0.0,0,0,6476952,2019-01-20 23:25:08,,0.0,0.0,0,,0.0,0.0,0.0,179
1,[],5,[],2019-02-23 00:04:41,0.0,0,0,6762744,2019-02-23 00:04:41,btc,0.0,0.18552366,0,btc,0.0,0.0,0.0,179
1,[],22,[],2019-02-23 00:04:46,7050947.0,0.00000002,0.000000000000795162,6762745,2019-02-23 00:04:46,BTC,5.58753834,0.0,0.00000002,"BTC,LTC",18659977.468656633,0.00434874,0.37595966,179
1,[],17,[],2019-02-23 00:04:48,10504.725,0.0000001,0.00000000000397581,6762746,2019-02-23 00:04:48,btc,5.201069583846254,0.0,0.0000001,btc,5033.45945,0.0,0.0010504725,180
1,[],22,[],2019-02-23 00:04:52,128655.4,0.00000100,0.0000000000397581,6762747,2019-02-23 00:04:52,BTC,0.20496363,0.0,0.00000100,"BTC,LTC",62992.53817661801,4.25e-05,0.00135544,180
1,[],26,[],2019-02-23 00:04:52,0.0,0.00000100,0.0000000000397581,6762748,2019-02-23 00:04:52,btc,0.0,10.0,0.00000100,btc,0.0,0.0,0.0,180
,[],7,[],2018-11-20 22:58:01,562227.975654,0.00000085,0.000000000036176765,4862015,2018-11-20 22:58:01,btc,21836.6059674,2491.87645172,,btc,749999.041456,0.00211021,0.127565380455,183
,[],5,[],2019-01-10 08:11:41,0.0,0,0,6347036,2019-01-10 08:11:41,btc,82.15055501,0.00261,,btc,1.19002445,0.0,0.0,187
,[],17,[],2018-11-16 20:58:10,4062536.27273,0.00000001,0.000000000000550501,4708775,2018-11-16 20:58:10,btc,3.36492563466,0.195460381006,,"btc,eth",110697919.549,0.0,0.0157628953496,187
1,[],24,[],2019-02-23 00:04:53,0.0,0.000000000001,3.97581e-17,6762749,2019-02-23 00:04:53,btc,0.0,0.0,0.000000000001,btc,0.0,0.0,0.0,187
0,[],22,[],2019-02-23 00:04:55,0.0,0,0,6762750,2019-02-23 00:04:55,,1.19374396,0.0,0,,16308.869534405507,0.0,0.0,191
0,[],22,[],2019-02-23 00:05:00,0.0,0,0,6762751,2019-02-23 00:05:00,,0.0,0.0,0,,0.0,0.0,0.0,197
0,[],22,[],2019-02-23 00:05:05,0.0,0,0,6762752,2019-02-23 00:05:05,,5.17330081,0.0,0,,21824453.0,0.0,0.0,199
1,[],26,[],2019-02-23 00:05:05,0.0,0.00000000,0,6762753,2019-02-23 00:05:05,btc,0.0,0.0,0.00000000,btc,0.0,0.0,0.0,199
0,[],23,[],2019-01-20 23:31:41,0.0,0,0,6477079,2019-01-20 23:31:41,,0.0,0.0,0,,0.0,0.0,0.0,199
0,[],17,[],2019-01-30 16:32:01,0.0,0,0,6540827,2019-01-30 16:32:01,btc,6.802544163788159,0.0,0,btc,105897.55575295,0.0,0.0,200
0,[],2,[],2019-01-20 23:30:49,0.0,0,0,6477059,2019-01-20 23:30:49,,0.0,0.0,0,,0.0,0.0,0.0,201
1,[],4,[],2019-01-25 15:51:35,2084389.58565343,0.00000936,0.000000000333526752,6499557,2019-01-25 15:51:35,btc,2.0092503037378524,0.0,0.00000936,btc,160195.80207885,0.19272417,1.242687955921835,211
1,[],7,[],2019-02-23 00:05:08,4209466.73796014,0.000001399999999999999936647356556240762159859514213167130947113037109375,0.000000000055661339999999996,6762754,2019-02-23 00:05:08,btc,15475872.124805506,943699.971135,0.000001399999999999999936647356556240762159859514213167130947113037109375,btc,11857135.08904645,1.35287961,3.2037934152830703,212
1,[],5,[],2019-02-23 00:05:09,0.0,0,0,6762755,2019-02-23 00:05:09,btc,0.0,0.20982756,0,btc,0.0,0.0,0.0,213
1,[],24,[],2019-02-23 00:05:10,0.0,0.000000150000,0.000000000005963715,6762756,2019-02-23 00:05:10,btc,0.0,0.0,0.000000150000,btc,0.0,0.0,0.0,213
1,[],26,[],2019-02-23 00:05:10,0.0,0.00000009,0.000000000003578229,6762757,2019-02-23 00:05:10,btc,0.0,0.0,0.00000009,btc,0.0,0.0,0.0,213
1,[],12,[],2019-01-25 02:44:32,207462.42853209,0.000001080000000000000035831255497387193287295303889550268650054931640625,0.000000000038610756000000006,6493050,2019-01-25 02:44:32,btc,85023.03793723314,0.0,0.000001080000000000000035831255497387193287295303889550268650054931640625,btc,43675.73520027,0.000146250909087,0.0348620860622024,213
1,[],22,[],2019-02-23 00:05:14,119971.0,0.00000001,0.000000000000397581,6762758,2019-02-23 00:05:14,BTC,2.19671377,0.0,0.00000001,BTC,271112.59081706154,2.9e-07,0.00119971,216
1,[],27,[],2019-02-23 00:05:16,1237748.0,0.00000008,0.000000000003180648,6762759,2019-02-23 00:05:16,btc,355.93415909338,998.0,0.00000008,"btc,ltc",219465.505,7.984e-05,0.034072260000062214,216
1,[],22,[],2019-02-23 00:05:19,288754.46502592077,0.00000233,0.000000000092636373,6762760,2019-02-23 00:05:19,BTC,15623.57073442,0.0,0.00000233,BTC,369528.8329432193,0.02483619,0.4352448,217
1,[],7,[],2019-02-23 00:05:21,0.0,0,0,6762761,2019-02-23 00:05:21,btc,77969.61377456698,0.0,0,btc,137043486.5550253,0.0,0.0,219
0,[],27,[],2019-02-23 00:05:23,0.0,0,0,6762762,2019-02-23 00:05:23,,0.0740438339680921,0.0,0,btc,1536429.20709513,0.0,0.0,219
0.0000000000000052,[],28,[],2019-02-23 00:05:25,168116952.092,4.316468e-18,1.716145663908e-22,6762763,2019-02-23 00:05:25,doge,83869.8037917675,14401.0,0.00083009,"btc,doge",4822403.34751,0.0,1.135960775406288e-11,219
1,[],22,[],2019-02-23 00:05:29,196135.6,0.00000012,0.000000000004770972,6762764,2019-02-23 00:05:29,BTC,3.00139081,0.0,0.00000012,BTC,106418.27041875875,0.0,0.02066356,221
1,[],24,[],2019-02-23 00:05:29,0.0,0.000000200000,0.00000000000795162,6762765,2019-02-23 00:05:29,btc,0.0,0.0,0.000000200000,btc,0.0,0.0,0.0,221
1,[],20,[],2019-02-23 00:05:31,43228436.1239,0.000000001,0.0000000000000397581,6762766,2019-02-23 00:05:31,btc,47.9982308957227,99600.0,0.000000001,btc,11214728.0749,0.0002988,0.0432284361239,224
0,[],22,[],2019-02-23 00:05:34,0.0,0,0,6762767,2019-02-23 00:05:34,,0.0,0.0,0,,0.0,0.0,0.0,224
1,[],26,[],2019-02-23 00:05:34,0.0,0.00000036,0.000000000014312916,6762768,2019-02-23 00:05:34,btc,0.0,0.0,0.00000036,btc,0.0,0.0,0.0,231
1,[],26,[],2019-02-23 00:05:34,0.0,0.00000006,0.000000000002385486,6762769,2019-02-23 00:05:34,btc,0.0,0.0,0.00000006,btc,0.0,0.0,0.0,234
0.0000000003726681,[],27,[],2019-02-23 00:05:36,2000.0,3.726681e-18,1.481657558661e-22,6762770,2019-02-23 00:05:36,eth,0.0113483662182,0.0,0.00000001,"btc,eth",11462.99618,0.0,7.453362e-15,234
1,[],4,[],2019-02-23 00:05:37,1100511.09912843,0.00000086,0.000000000034191966,6762771,2019-02-23 00:05:37,btc,4.400479279542933,0.0,0.00000086,btc,1013051.01430527,0.11079203,0.4257390041301716,236
1,[],24,[],2019-02-23 00:05:37,0.0,0.000000300000,0.00000000001192743,6762772,2019-02-23 00:05:37,btc,0.0,0.0,0.000000300000,btc,0.0,0.0,0.0,236
1,[],20,[],2019-02-23 00:05:39,65676892.4454,0.000000063,0.0000000000025047603,6762773,2019-02-23 00:05:39,btc,10.1232647967452,23582195.9881,0.000000063,btc,45461621.6642,1.5682280784604,0.3734918212021,237
1,[],22,[],2019-02-23 00:05:44,116403.0,0.00000004,0.000000000001590324,6762774,2019-02-23 00:05:44,BTC,0.0405823,0.0,0.00000004,"BTC,LTC",3164.0,0.0,0.00482009,237
1,[],4,[],2019-02-23 00:05:45,10006444.57129504,0.00000034,0.000000000013517754,6762775,2019-02-23 00:05:45,btc,5.633162476332754,0.0,0.00000034,btc,8066916.81316035,0.45470761,2.4276133480131366,238
1,[],5,[],2019-02-23 00:05:49,0.0,0,0,6762776,2019-02-23 00:05:49,btc,0.0,0.1052373,0,btc,0.0,0.0,0.0,238
0,[],22,[],2019-02-23 00:05:52,0.0,0,0,6762777,2019-02-23 00:05:52,,27.41701007,0.0,0,,370860.0639027493,0.0,0.0,249
0.0000000001244274,[],22,[],2019-02-23 00:05:55,7121097.666666667,3.732822e-18,1.484099103582e-22,6762778,2019-02-23 00:05:55,LTC,0.54180351,0.0,0.00000003,LTC,14549981.09,0.0,0.21263595,252
1,[],28,[],2019-02-23 00:06:01,4765956.698,0.00000011,0.000000000004373391,6762779,2019-02-23 00:06:01,btc,164693.70381948538,227543.121,0.00000011,btc,1067575.2421,0.0,0.3074811375,256
1,[],22,[],2019-02-23 00:06:04,2433447.6666666665,0.00000003,0.000000000001192743,6762780,2019-02-23 00:06:04,BTC,31.42327216,0.0,0.00000003,BTC,516927.80769145646,0.00045,0.05185815,258
1,[],22,[],2019-02-23 00:06:08,48751.0,0.00000001,0.000000000000397581,6762781,2019-02-23 00:06:08,BTC,2.4175745,0.0,0.00000001,BTC,1762.0,0.0,0.00048751,259
1,[],5,[],2019-02-23 00:06:09,0.0,0,0,6762782,2019-02-23 00:06:09,btc,0.0,0.01851936,0,btc,0.0,0.0,0.0,264
1,[],20,[],2019-02-23 00:06:11,1215821.9436,0.000001601,0.0000000000636527181,6762783,2019-02-23 00:06:11,btc,7.6826477796906,25159.953,0.000001601,btc,107637.8206,0.084461962221,0.0195179496461,264
1,[],22,[],2019-02-23 00:06:14,25664.0,0.00000001,0.000000000000397581,6762784,2019-02-23 00:06:14,BTC,8.4442135,0.0,0.00000001,BTC,427909.69136002666,6.25e-05,0.00025664,271
0,[],22,[],2019-02-23 00:06:17,0.0,0,0,6762785,2019-02-23 00:06:17,,259.46097823,0.0,0,,14408785027.9,0.0,0.0,272
0.0000000000000052,[],28,[],2019-02-23 00:06:22,221382122614.654,4.16e-21,1.6539369600000001e-25,6762786,2019-02-23 00:06:22,doge,10954413.321521673,21261331982.428,0.0000008,doge,207813334967.16354,0.0,5.775582890538666e-10,272
1,[],22,[],2019-02-23 00:06:27,114058.74,0.00000207,0.000000000082299267,6762787,2019-02-23 00:06:27,BTC,74.40468881,0.0,0.00000207,"BTC,LTC",10860.487639773188,0.02638503,0.04325372,281
1,[],22,[],2019-02-23 00:06:32,58579.0,0.00000002,0.000000000000795162,6762788,2019-02-23 00:06:32,BTC,1.33236055,0.0,0.00000002,BTC,142018.04598459575,5.03e-05,0.00096388,286
0,[],22,[],2019-02-22 20:00:43,0.0,0,0,6761229,2019-02-22 20:00:43,,43634.52003953,0.0,0,,419068796.0,0.0,0.0,294
