pairValue,buyBook,exchangeId,sellBook,updated,buyTotal,satoshiPrice,usdPrice,exchangeLogId,created,bestPair,sellTotalBtc,volume,pairPrice,activePairs,sellTotal,volumeBtc,buyTotalBtc,coinId
1,[],3,[],2019-03-03 06:57:03,30533.291139003362,0.01264558999999999995555999277030423399992287158966064453125,0.000000482955315044,6831233,2019-03-03 06:57:03,btc,61.11588830242818,0.0,0.01264558999999999995555999277030423399992287158966064453125,btc,25.502560876169,0.0,0.22492174244303562,1
1,[],4,[],2019-03-03 06:57:05,208065.070789,0.01277014,0.000000487712078824,6831234,2019-03-03 06:57:05,btc,9.218179065507393,0.0,0.01277014,btc,262.58553739,0.96021333,3.1009826694158016,1
1,[],5,[],2019-03-03 06:57:07,0.0,0,0,6831235,2019-03-03 06:57:07,btc,0.0,0.06499593,0,btc,0.0,0.0,0.0,1
1,[],10,[],2019-03-03 06:57:09,414690.96648711,0.0106938,0.00000040841333208,6831236,2019-03-03 06:57:09,btc,6522.1483877123155,1152.28788935,0.0106938,btc,1093.16997554,0.0,5.711107864790195,1
1,[],12,[],2019-03-03 06:57:11,10510.93854491,0.0126800000000000002986499936241671093739569187164306640625,0.000000484269488,6831237,2019-03-03 06:57:11,btc,0.47336849085849997,0.0,0.0126800000000000002986499936241671093739569187164306640625,btc,28.29980309,0.116766287455,0.5892736273776,1
1,[],20,[],2019-03-03 06:57:13,1151.0583,0.010500212,0.0000004010198966192,6831238,2019-03-03 06:57:13,btc,0.0657710116426,0.4547,0.010500212,btc,2.9786,0.0051263526164,0.0899620500051,1
1,[],21,[],2019-03-03 06:57:14,1759.8491025600001,0.01272426999999999933099736893,0.000000485960230132,6831239,2019-03-03 06:57:14,btc,17.51356588732481,2464.59871638,0.0127242699999999993309973689292746712453663349151611328125,"btc,eth",1728.35233849,29.848201453526112,18.79148928357545,1
1,[],22,[],2019-03-03 06:58:08,0.006382215384615385,0.01300000,0.0000004964908,6831240,2019-03-03 06:58:08,BTC,0.31439419,0.0,0.01300000,BTC,0.12751438772928525,0.0,7.978e-05,1
1,[],24,[],2019-03-03 06:58:09,0.0,0.000000000000,0,6831241,2019-03-03 06:58:09,btc,0.0,0.0,0.000000000000,btc,0.0,0.0,0.0,1
0.0,[],25,[],2019-03-03 06:58:09,0.0,0,0,6831242,2019-03-03 06:58:09,btc,29.278699997867395,178.05073324,0.0,btc,2246.01124789,2.2646,0.0,1
1,[],26,[],2019-03-03 06:58:10,0.0,0,0,6831243,2019-03-03 06:58:10,,0.0,0.0,0,,0.0,0.0,0.0,1
1,[],28,[],2019-03-03 06:58:17,993.142,0.01323000,0.000000505274868,6831244,2019-03-03 06:58:17,btc,0.162839806,18026.5,0.01323000,btc,8.9,0.0,0.089302756,1
0,[],2,[],2019-01-20 23:28:45,0.0,0,0,6477011,2019-01-20 23:28:45,,0.0,0.0,0,,0.0,0.0,0.0,1
1,[],5,[],2019-03-03 06:58:19,0.0,0,0,6831245,2019-03-03 06:58:19,btc,0.0,0.01526704,0,btc,0.0,0.0,0.0,2
0,[],22,[],2019-03-03 06:59:30,0.0,0,0,6831246,2019-03-03 06:59:30,,0.0,0.0,0,,0.0,0.0,0.0,2
1,[],5,[],2019-03-03 06:59:33,0.0,0,0,6831247,2019-03-03 06:59:33,btc,0.0,1.43569325,0,btc,0.0,0.0,0.0,3
1,[],12,[],2019-03-03 06:59:34,13112049.98154,0.000000175,0.0000000000066835299999999995,6831248,2019-03-03 06:59:34,btc,924384.5536509218,0.0,0.000000175,btc,8122750.1143973395,0.08041910381819693,0.6843529117027,3
0,[],28,[],2019-03-03 06:59:40,0.0,0,0,6831249,2019-03-03 06:59:40,,0.0,0.0,0,,0.0,0.0,0.0,3
0,[],2,[],2019-01-20 23:31:32,0.0,0,0,6477077,2019-01-20 23:31:32,,0.0,0.0,0,,0.0,0.0,0.0,4
1,[],4,[],2019-03-03 06:59:41,377013.45143067,0.00000032,0.000000000012221312,6831250,2019-03-03 06:59:41,btc,31.987078666479317,0.0,0.00000032,btc,710818.67186142,0.0003865,0.0479187894946875,4
1,[],12,[],2019-03-03 06:59:42,1181561.33333333,0.00000003,0.0000000000011457479999999999,6831251,2019-03-03 06:59:42,btc,11013925.647529753,0.0,0.00000003,btc,1479040.32371984,9.7881988012e-05,0.0167395399999999,5
0,[],2,[],2019-01-20 23:31:51,0.0,0,0,6477087,2019-01-20 23:31:51,,0.0,0.0,0,,0.0,0.0,0.0,6
1,[],11,[],2019-03-03 06:59:44,6476884.5,0.00000002,0.000000000000763832,6831252,2019-03-03 06:59:44,btc,9568.044664252815,482490.0,0.00000002,btc,41579250.07452957,0.0,0.097012525,6
1,[],3,[],2019-03-03 06:59:45,1072.856293592546,0.0001510899999999999916699966462374504772014915943145751953125,0.000000005770368844,6831253,2019-03-03 06:59:45,btc,28.402034233092024,0.0,0.0001510899999999999916699966462374504772014915943145751953125,btc,243.122414578101,0.0,0.03202593781665577,7
1,[],4,[],2019-03-03 06:59:46,93254.49167656,0.00022803,0.000000008708830548,6831254,2019-03-03 06:59:46,btc,9.277818180508797,0.0,0.00022803,btc,31393.91663547,5.41333939,5.233255133491992,7
1,[],5,[],2019-03-03 06:59:47,0.0,0,0,6831255,2019-03-03 06:59:47,btc,0.0,0.89100603,0,btc,0.0,0.0,0.0,7
1,[],20,[],2019-02-20 02:16:17,39399275.8418,0.000000001,0.0000000000000390183,6728586,2019-02-20 02:16:17,btc,116.9737569154545,525.0,0.000000001,btc,56932965.8895,5.25e-07,0.0393992758418,8
0,[],2,[],2019-01-20 23:22:42,0.0,0,0,6476876,2019-01-20 23:22:42,,0.0,0.0,0,,0.0,0.0,0.0,9
0,[],23,[],2019-01-20 23:22:48,0.0,0,0,6476878,2019-01-20 23:22:48,,0.0,0.0,0,,0.0,0.0,0.0,9
1,[],4,[],2019-03-03 06:59:50,2247673.98534854,0.00000164,0.000000000062634224,6831256,2019-03-03 06:59:50,btc,6.77494819827664,0.0,0.00000164,btc,3021553.78603156,1.14928172,1.1141849940034092,9
1,[],28,[],2019-03-03 06:59:55,47504.0,0.00000166,0.000000000063398056,6831257,2019-03-03 06:59:55,btc,2708.763406715895,3554800.59,0.00000166,btc,12476.4655,0.0,0.05012664,9
1,[],1,[],2019-02-17 23:31:42,1822507.21,0.00000181000000000000003456111265232042484285557293333113193511962890625,0.000000000066086901,6701244,2019-02-17 23:31:42,btc,3.6990969245,17153386.5,0.00000181000000000000003456111265232042484285557293333113193511962890625,btc,1997391.71,31.11772986,3.2610482446,9
1,[],4,[],2019-02-17 11:22:43,4341674.27126056,0.00000002,0.0000000000007272960000000001,6696112,2019-02-17 11:22:43,btc,0.1997230937751353,0.0,0.00000002,btc,4109766.79808031,0.00215132,0.0479381022052112,10
0,[],2,[],2019-01-20 23:23:08,0.0,0,0,6476890,2019-01-20 23:23:08,,0.0,0.0,0,,0.0,0.0,0.0,12
1,[],4,[],2019-03-03 06:59:56,5453269.06087796,0.00000117,0.000000000044684172,6831258,2019-03-03 06:59:56,btc,10.656892803220597,0.0,0.00000117,btc,5808422.08264862,1.21172241,2.7325346028682813,12
1,[],5,[],2019-03-03 07:00:00,0.0,0,0,6831259,2019-03-03 07:00:00,btc,0.0,0.18215914,0,btc,0.0,0.0,0.0,12
0.0,[],25,[],2019-03-03 07:00:02,0.0,0,0,6831260,2019-03-03 07:00:02,,0.0,0.0,0.0,btc,0.0,0.0,0.0,12
1,[],4,[],2019-03-03 07:00:02,31945833.15092616,0.00000566,0.000000000216164456,6831261,2019-03-03 07:00:02,btc,3.08084077615911,0.0,0.00000566,btc,425403.71356085,0.35702774,0.7663304961498529,13
1,[],10,[],2019-03-03 07:00:05,418327.15207595,0.00000551,0.00000000021043571599999998,6831262,2019-03-03 07:00:05,btc,666802.6160327537,7957.24801107,0.00000551,btc,745458.79327192,0.0,0.2480741987593905,13
1,[],21,[],2019-03-03 07:00:06,873461.78691819,0.000005769999999999999813011988120,0.000000000220365532,6831263,2019-03-03 07:00:06,btc,5.961195280533206,466025.02935588,0.0000057699999999999998130119881201149922844706452451646327972412109375,btc,938137.06807353,2.65894665,4.64794190441065,13
1,[],4,[],2019-03-03 07:00:07,739823.35036672,0.00000150,0.0000000000572874,6831264,2019-03-03 07:00:07,btc,53.21989329424877,0.0,0.00000150,btc,878053.16142168,0.01356539,0.2006882750722607,14
1,[],12,[],2019-03-03 07:00:07,218005.8748086,0.000001349999999999999991849510168340220417348973569460213184356689453125,0.000000000051558659999999996,6831265,2019-03-03 07:00:07,btc,5.290199681642115,0.0,0.000001349999999999999991849510168340220417348973569460213184356689453125,btc,31128.09057434,0.0,0.027906269999874,14
0,[],17,[],2019-03-03 07:00:09,0.0,0,0,6831266,2019-03-03 07:00:09,btc,0.0,0.0,0,btc,0.0,0.0,0.0,14
1,[],26,[],2019-03-03 07:00:09,0.0,0.00000050,0.0000000000190958,6831267,2019-03-03 07:00:09,btc,0.0,0.0,0.00000050,btc,0.0,0.0,0.0,14
0,[],4,[],2019-03-03 07:00:10,0.0,0,0,6831268,2019-03-03 07:00:10,,0.0,0.0,0,,0.0,0.0,0.0,15
,[],12,[],2018-12-01 15:15:48,204241.84496,0.00000489,0.000000000202473384,5260204,2018-12-01 15:15:48,btc,49.5475654835,0.0,,btc,35763.2193806,0.0163153972027625,0.0203389899998,15
0,[],2,[],2019-01-20 23:23:38,0.0,0,0,6476906,2019-01-20 23:23:38,,0.0,0.0,0,,0.0,0.0,0.0,18
1,[],4,[],2019-03-03 07:00:12,25452.2643808,0.00001759,0.000000000671790244,6831269,2019-03-03 07:00:12,btc,1.3515456654967657,0.0,0.00001759,btc,15470.71748107,0.0292943,0.0742068849990055,18
1,[],10,[],2019-03-03 07:00:15,783317.41602843,0.00001751,0.0000000006687349159999999,6831270,2019-03-03 07:00:15,btc,15.44703782805933,23179.3275876,0.00001751,btc,14558.04297386,0.0,0.1402769918624313,18
1,[],12,[],2019-03-03 07:00:16,193434.82083667998,0.00001701999999999999967450516058509180084001854993402957916259765625,0.000000000650021032,6831271,2019-03-03 07:00:16,btc,23.63080855595107,0.0,0.00001701999999999999967450516058509180084001854993402957916259765625,btc,1883.9929013,0.0002695392071764,0.0385865072888674,18
0,[],17,[],2019-03-03 07:00:18,0.0,0,0,6831272,2019-03-03 07:00:18,btc,0.0,0.0,0,btc,0.0,0.0,0.0,18
0,[],2,[],2019-01-20 23:24:19,0.0,0,0,6476924,2019-01-20 23:24:19,,0.0,0.0,0,,0.0,0.0,0.0,19
1,[],3,[],2019-03-03 07:00:19,118411.47915553255,0.0000200099999999999998462514583241755872222711332142353057861328125,0.000000000764213916,6831273,2019-03-03 07:00:19,btc,0.5053401800644072,0.0,0.0000200099999999999998462514583241755872222711332142353057861328125,btc,7948.096912413742,0.0,0.03205921859878425,19
1,[],4,[],2019-03-03 07:00:20,412334.61686205,0.00002020,0.00000000077147032,6831274,2019-03-03 07:00:20,btc,2.535121434810366,0.0,0.00002020,btc,75460.14693217,0.55467767,2.299729259435,19
1,[],5,[],2019-03-03 07:00:21,0.0,0,0,6831275,2019-03-03 07:00:21,btc,0.0,0.00078047,0,btc,0.0,0.0,0.0,19
1,[],12,[],2019-03-03 07:00:22,134718.12405048,0.00001821999999999999834965347389470480266027152538299560546875,0.0000000006958509519999999,6831276,2019-03-03 07:00:22,btc,6.895557893040225,0.0,0.00001821999999999999834965347389470480266027152538299560546875,btc,497.68165322,0.000564564884742,0.1103015351151448,19
0,[],27,[],2019-03-03 07:00:26,0.0,0,0,6831277,2019-03-03 07:00:26,,0.0,0.0,0,btc,0.0,0.0,0.0,19
1,[],4,[],2019-03-03 07:00:27,2799035.65253403,0.00000013,0.000000000004964908,6831278,2019-03-03 07:00:27,btc,7.37869139072158,0.0,0.00000013,btc,2856404.97012105,0.00010654,0.0788337422238264,20
1,[],4,[],2019-03-03 07:00:28,103956136.13937023,0.00000002,0.000000000000763832,6831279,2019-03-03 07:00:28,btc,1807.0446274209746,0.0,0.00000002,btc,55481842.86506001,0.0,1.1668631666680451,21
1,[],12,[],2019-03-03 07:00:29,17916951.0,0.00000002,0.000000000000763832,6831280,2019-03-03 07:00:29,btc,670.8733402334847,0.0,0.00000002,btc,8127598.32857329,3.1e-05,0.23057926,21
0,[],17,[],2019-03-03 07:00:31,0.0,0,0,6831281,2019-03-03 07:00:31,btc,0.0,0.0,0,btc,0.0,0.0,0.0,21
1,[],12,[],2019-03-03 07:00:33,2936844028.531895,0.0000000001,0.00000000000000381916,6831282,2019-03-03 07:00:33,btc,975865847149.352,0.0,0.0000000001,btc,5059452990.71872,0.011989517740759239,0.29368440285318953,23
0,[],27,[],2019-03-03 07:00:37,0.0,0,0,6831283,2019-03-03 07:00:37,,13.543633221578427,26801.0,0,eth,2204616.85364636,9.362058317499999e-14,0.0,23
1,[],4,[],2019-03-03 07:00:38,452675.2175602,0.00000048,0.000000000018331967999999998,6831284,2019-03-03 07:00:38,btc,8.574169578753574,0.0,0.00000048,btc,1505508.67693221,0.00813445,0.1353953380604261,24
1,[],22,[],2019-03-03 07:01:25,11.76,0.00000100,0.0000000000381916,6831285,2019-03-03 07:01:25,BTC,7.415e-05,0.0,0.00000100,BTC,23.919354838709676,0.0,1.176e-05,24
0.0,[],25,[],2019-03-03 07:01:26,0.0,0,0,6831286,2019-03-03 07:01:26,,0.0,0.0,0.0,btc,0.0,0.0,0.0,24
0,[],2,[],2019-01-20 23:25:56,0.0,0,0,6476976,2019-01-20 23:25:56,,0.0,0.0,0,,0.0,0.0,0.0,26
1,[],4,[],2019-03-03 07:01:27,26578815.34557236,0.00000644,0.000000000245953904,6831287,2019-03-03 07:01:27,btc,166.84691860677643,0.0,0.00000644,btc,238669.95260794,0.07279778,0.4415972911189759,26
1,[],10,[],2019-03-03 07:01:29,686526.1859282,0.00000603,0.000000000230295348,6831288,2019-03-03 07:01:29,btc,26.1259519802706,4936.95368828,0.00000603,btc,14054.67408507,0.0,0.2272773220468317,26
1,[],3,[],2019-03-03 07:01:30,5524918.88133568,0.00000001,0.000000000000381916,6831289,2019-03-03 07:01:30,btc,2.161243832498448,4650.908,0.00000001,btc,17599728.13629621,0.0,0.0552491888133568,27
1,[],5,[],2019-03-03 07:01:31,0.0,0,0,6831290,2019-03-03 07:01:31,btc,0.0,0.00019859,0,btc,0.0,0.0,0.0,27
1,[],11,[],2019-03-03 07:01:33,9470054.891515061,0.00000005,0.00000000000190958,6831291,2019-03-03 07:01:33,btc,67506.38088715188,21889.311987,0.00000005,btc,7980367.26084264,0.0,0.4414030388653851,27
1,[],4,[],2019-03-03 07:01:34,1528572340.170063,0.00000002,0.000000000000763832,6831292,2019-03-03 07:01:34,btc,2.8371389276780987,0.0,0.00000002,"btc,ltc",174736582.9593073,0.17801974,12.447642118761184,29
1,[],7,[],2019-03-03 07:01:34,36578042.00316807,0.00000002,0.000000000000763832,6831293,2019-03-03 07:01:34,btc,44462590.70810015,3570000.0,0.00000002,btc,47130802.3870757,0.1071,0.3770791565636483,29
1,[],4,[],2019-03-03 07:01:35,2180697.24151678,0.00000028,0.000000000010693648,6831294,2019-03-03 07:01:35,btc,2.3331847705468176,0.0,0.00000028,btc,1540891.7991888,0.00769769,0.0903820200199225,30
0,[],17,[],2019-03-03 07:01:37,0.0,0,0,6831295,2019-03-03 07:01:37,btc,0.0,0.0,0,btc,0.0,0.0,0.0,30
1,[],4,[],2019-03-03 07:01:38,173090.45548973,0.00004914,0.000000001876735224,6831296,2019-03-03 07:01:38,btc,6.1459320310675185,0.0,0.00004914,btc,76377.52483779,0.81621425,1.3572983875769733,31
1,[],21,[],2019-03-03 07:01:38,105313.21079322,0.00005267000000000000224350052425,0.000000002011551572,6831297,2019-03-03 07:01:38,btc,3.7962364167818836,137953.9793115,0.0000526700000000000022435005242460448471319978125393390655517578125,btc,63674.28751547,7.05323648,4.681296339609584,31
0,[],2,[],2019-01-20 23:28:43,0.0,0,0,6477009,2019-01-20 23:28:43,,0.0,0.0,0,,0.0,0.0,0.0,32
1,[],4,[],2019-03-03 07:01:39,367145605.4888408,0.00000003,0.0000000000011457479999999999,6831298,2019-03-03 07:01:39,btc,13.375502198638626,0.0,0.00000003,"btc,ltc",242743691.9144521,3.63636535,7.591576509153009,33
1,[],12,[],2019-03-03 07:01:40,15493109.0,0.00000004,0.000000000001527664,6831299,2019-03-03 07:01:40,btc,35634718.35393139,0.0,0.00000004,btc,89410646.38161829,0.0480396046753255,0.49215928,33
1,[],4,[],2019-03-03 07:01:41,116347775.17929423,0.00000001,0.000000000000381916,6831300,2019-03-03 07:01:41,btc,3.624990049265874,0.0,0.00000001,btc,100686808.98235977,0.00419616,1.1634777517929422,34
1,[],5,[],2019-03-03 07:01:42,0.0,0,0,6831301,2019-03-03 07:01:42,btc,0.0,0.00034518,0,btc,0.0,0.0,0.0,34
0.0000000001265104,[],4,[],2019-03-03 07:01:43,1747315709.8370714,2.530208e-18,9.66326918528e-23,6831302,2019-03-03 07:01:43,ltc,5.435366496560314e-08,0.0,0.00000002,ltc,7100531513.540168,0.0,2.3999225854333388e-09,36
1,[],5,[],2019-03-03 07:01:44,0.0,0,0,6831303,2019-03-03 07:01:44,btc,0.0,0.0,0,btc,0.0,0.0,0.0,36
0,[],17,[],2019-03-03 07:01:55,0.0,0,0,6831304,2019-03-03 07:01:55,btc,0.0746458232965017,0.0,0,btc,4103573.70243647,0.0,0.0,36
0.00000000034931749999999997,[],27,[],2019-03-03 07:02:00,1090000.0,3.493175e-18,1.3340994232999999e-22,6831305,2019-03-03 07:02:00,eth,222.5997971062634,0.0,0.00000001,"ltc,eth",11163566.48751039,0.0,1.497278862e-12,36
1,[],4,[],2019-03-03 07:02:00,239581.18685757,0.00000064,0.000000000024442624,6831306,2019-03-03 07:02:00,btc,19772.4817555155,0.0,0.00000064,btc,552410.70279169,0.00357703,0.107789628134813,37
1,[],12,[],2019-03-03 07:02:01,550182.73453917,0.0000006,0.00000000002291496,6831307,2019-03-03 07:02:01,btc,1345.8962225172331,0.0,0.0000006,btc,1053773.27958676,0.228679629820094,0.1536600316904086,37
1,[],17,[],2019-03-03 07:02:03,1752.74075282,0.00000025,0.0000000000095479,6831308,2019-03-03 07:02:03,btc,0.05548492398902593,0.0,0.00000025,btc,1387.19918473,0.0,0.00043818518820499993,37
1,[],27,[],2019-03-03 07:02:07,14685.567,0.00000045,0.00000000001718622,6831309,2019-03-03 07:02:07,btc,25.82160105111233,0.0,0.00000045,btc,6804.86438508,0.0,0.00480032515,37
1,[],5,[],2019-03-03 07:02:10,0.0,0,0,6831310,2019-03-03 07:02:10,btc,0.0,0.12416629,0,btc,0.0,0.0,0.0,42
1,[],12,[],2019-03-03 07:02:11,249943.32545422,0.00000093,0.000000000035518188,6831311,2019-03-03 07:02:11,btc,94.64775379580576,0.0,0.00000093,btc,99445.30308988,0.0120216667860759,0.0561808071498474,42
0.00000000034931749999999997,[],27,[],2019-03-03 07:02:15,2000.0,3.493175e-18,1.3340994232999999e-22,6831312,2019-03-03 07:02:15,eth,0.00315028,0.0,0.00000001,"btc,eth",11.007,0.0,6.98635e-15,42
1,[],5,[],2019-03-03 07:02:16,0.0,0,0,6831313,2019-03-03 07:02:16,btc,0.0,0.0,0,btc,0.0,0.0,0.0,43
1,[],12,[],2019-03-03 07:02:17,1209361.0,0.00000001,0.000000000000381916,6831314,2019-03-03 07:02:17,btc,3569.074552336114,0.0,0.00000001,btc,11768494.65174823,0.0,0.01209361,43
0,[],17,[],2019-03-03 07:02:27,0.0,0,0,6831315,2019-03-03 07:02:27,btc,0.0,0.0,0,btc,0.0,0.0,0.0,43
1,[],12,[],2019-03-03 07:02:28,647564.0,0.00000004,0.000000000001527664,6831316,2019-03-03 07:02:28,btc,11116042.728042258,0.0,0.00000004,btc,1103905.40261734,0.00024972995005,0.01530495,44
1,[],4,[],2019-03-03 07:02:30,290771361.68740726,0.00000002,0.000000000000763832,6831317,2019-03-03 07:02:30,btc,473.5860997745768,0.0,0.00000002,"btc,ltc",12230198.58076878,0.000188,0.19895527806956056,49
0.0000000001265104,[],4,[],2019-03-03 07:02:31,253676834.86642572,1.265104e-18,4.83163459264e-23,6831318,2019-03-03 07:02:31,ltc,25.568133936725108,0.0,0.00000001,ltc,9780007469.93985,0.0,3.2092757849685465e-10,52
0.00000000012625269999999999,[],22,[],2019-03-03 07:04:43,80845862.0,1.262527e-18,4.82179261732e-23,6831319,2019-03-03 07:04:43,XMR,4366.97466637,0.0,0.00000001,XMR,255820234.67882353,0.0,0.80845862,57
0.00000000034931749999999997,[],27,[],2019-03-03 07:04:49,2000.0,3.493175e-18,1.3340994232999999e-22,6831320,2019-03-03 07:04:49,eth,0.0,0.0,0.00000001,"btc,eth",0.0,0.0,6.98635e-15,57
0,[],17,[],2019-03-03 04:52:50,0.0,0,0,6831024,2019-03-03 04:52:50,btc,1e+24,0.0,0,btc,49226522.0897055,0.0,0.0,58
0.0000000001265104,[],4,[],2019-03-03 07:04:50,917863927.0563334,3.7953120000000004e-18,1.4494903777920002e-22,6831321,2019-03-03 07:04:50,ltc,18.807185893210157,0.0,0.00000003,ltc,4116011809.4990315,0.0,2.232144337805021e-09,58
1,[],12,[],2019-03-03 07:04:51,1793786616.8439572,0.0000000004,0.00000000000001527664,6831322,2019-03-03 07:04:51,btc,224012809078.52646,0.0,0.0000000004,btc,3850634279.5248437,0.031153676932267754,0.5926605309011392,58
0.00000000012625269999999999,[],22,[],2019-03-03 07:05:49,137438.0,1.262527e-18,4.82179261732e-23,6831323,2019-03-03 07:05:49,XMR,69.8835922,0.0,0.00000001,XMR,9887963.0,0.0,0.00137438,58
1,[],5,[],2019-03-03 07:05:50,0.0,0,0,6831324,2019-03-03 07:05:50,btc,0.0,0.15544313,0,btc,0.0,0.0,0.0,61
1,[],22,[],2019-03-03 07:06:16,13759.5,0.00000012,0.0000000000045829919999999996,6831325,2019-03-03 07:06:16,BTC,1002.29597012,0.0,0.00000012,BTC,14947.700278135757,3.48e-06,0.00155017,61
1,[],26,[],2019-03-03 07:06:16,0.0,0.00000800,0.0000000003055328,6831326,2019-03-03 07:06:16,btc,0.0,0.0,0.00000800,btc,0.0,0.0,0.0,61
1,[],27,[],2019-03-03 07:06:19,5212.2901,0.00000046,0.000000000017568136,6831327,2019-03-03 07:06:19,btc,7.76072757961638,806.2391,0.00000046,"btc,eth",19950.11257617,0.00037087,0.0016035966689381734,61
1,[],28,[],2019-03-03 07:06:25,13880.304,0.0000005,0.0000000000190958,6831328,2019-03-03 07:06:25,btc,2.056312978300105,783.0,0.0000005,btc,9730.59500005,0.0,0.00566391304,61
1,[],4,[],2019-03-03 07:06:27,1359699.72734615,0.00000279,0.000000000106554564,6831329,2019-03-03 07:06:27,btc,11.224134321696893,0.0,0.00000279,btc,794595.79036451,0.20298627,1.235068087701274,67
0.0,[],25,[],2019-03-03 07:06:28,0.0,0,0,6831330,2019-03-03 07:06:28,,0.0,0.0,0.0,btc,0.0,0.0,0.0,67
1,[],12,[],2019-03-03 07:06:30,1787008.11958478,0.00000021,0.000000000008020236,6831331,2019-03-03 07:06:30,btc,11115899.058968978,0.0,0.00000021,btc,2216185.35934064,0.0228616123968635,0.0814403864411087,71
,[],5,[],2018-11-20 23:02:39,1.5e-07,0.00000005,0.000000000002128045,4862160,2018-11-20 23:02:39,btc,2.84511358,0.0,,btc,0.00036572,0.0,0.07381892,74
1,[],5,[],2019-03-03 07:06:32,0.0,0,0,6831332,2019-03-03 07:06:32,btc,0.0,0.0,0,btc,0.0,0.0,0.0,75
0,[],20,[],2019-01-25 09:30:31,0.0,0,0,6495923,2019-01-25 09:30:31,btc,0.0,0.0,0,btc,0.0,0.0,0.0,81
1,[],4,[],2019-03-03 07:06:33,15984338.899575,0.00000001,0.000000000000381916,6831333,2019-03-03 07:06:33,btc,11388.980061245848,0.0,0.00000001,btc,39369058.17822428,0.0,0.15984338899575,81
1,[],4,[],2019-03-03 07:06:35,28196.32290793,0.00007283,0.000000002781494228,6831334,2019-03-03 07:06:35,btc,17.752489193587877,0.0,0.00007283,btc,12740.83812274,0.01447826,0.1641735198121888,82
1,[],21,[],2019-03-03 07:06:36,293585.14459937,0.00007344999999999999641155101759,0.00000000280517302,6831335,2019-03-03 07:06:36,btc,2.0864619004179983,1632.47647665,0.00007344999999999999641155101759437684449949301779270172119140625,btc,22925.71194547,0.12164136,4.566166449788741,82
0,[],17,[],2019-03-03 07:06:48,0.0,0,0,6831336,2019-03-03 07:06:48,btc,0.0447233088476774,0.0,0,btc,999127.19588126,0.0,0.0,84
0.0000000001265104,[],4,[],2019-03-03 07:06:49,123085663.7494547,3.7953120000000004e-18,1.4494903777920002e-22,6831337,2019-03-03 07:06:49,ltc,1.7494931737287391,0.0,0.00000003,ltc,404836512.4094178,0.0,2.579656624290446e-10,85
,[],22,[],2018-11-20 23:09:34,3408.1,0.0000001,0.0000000000041895,4862324,2018-11-20 23:09:34,BTC,0.04624735,0.0,,BTC,4990.0,0.0,0.00033081,86
0,[],22,[],2019-02-22 12:52:35,0.0,0,0,6758847,2019-02-22 12:52:35,,2.0760781,0.0,0,,140622.94736842104,0.0,0.0,87
0,[],27,[],2019-02-22 12:52:37,0.0,0,0,6758848,2019-02-22 12:52:37,,0.0,0.0,0,btc,0.0,0.0,0.0,87
,[],2,[],2018-11-20 23:10:47,0.0,0,0,4862359,2018-11-20 23:10:47,,0.0,0.0,,,0.0,0.0,0.0,88
1,[],11,[],2019-03-03 07:06:50,91921.22826667,0.00014055999999999999592638355583318343633436597883701324462890625,0.0000000053682112959999994,6831338,2019-03-03 07:06:50,btc,608.5300510266917,468.07701766,0.00014055999999999999592638355583318343633436597883701324462890625,btc,95596.48452752,0.0,6.092482450390831,89
0,[],2,[],2019-01-20 23:31:45,0.0,0,0,6477083,2019-01-20 23:31:45,,0.0,0.0,0,,0.0,0.0,0.0,91
1,[],12,[],2019-03-03 07:06:51,469075.4809105,0.000001560000000000000098813643899242631363222244544886052608489990234375,0.000000000059578896,6831339,2019-03-03 07:06:51,btc,4.337954757782525,0.0,0.000001560000000000000098813643899242631363222244544886052608489990234375,btc,64669.68925501,0.000196385,0.08448829139990299,91
0,[],17,[],2019-03-03 07:07:03,0.0,0,0,6831340,2019-03-03 07:07:03,btc,0.0,0.0,0,btc,0.0,0.0,0.0,91
0,[],22,[],2019-03-03 07:07:49,0.0,0,0,6831341,2019-03-03 07:07:49,,3e-06,0.0,0,,1.0,0.0,0.0,91
0.0000000001265104,[],22,[],2019-03-03 07:08:47,1820000.0,6.32552e-18,2.41581729632e-22,6831342,2019-03-03 07:08:47,LTC,8.53121199,0.0,0.00000005,LTC,71989912.1,0.0,0.091,95
0,[],17,[],2019-03-03 05:29:34,0.0,0,0,6831144,2019-03-03 05:29:34,btc,0.0,0.0,0,btc,0.0,0.0,0.0,96
0.0000000001265104,[],4,[],2019-03-03 07:08:48,646807228.1156543,7.9701552e-17,3.0439297933632e-21,6831343,2019-03-03 07:08:48,ltc,11.89478685719507,0.0,0.00000063,ltc,136451417.00844914,0.0115724,1.9886046200600416e-09,96
1,[],12,[],2019-03-03 07:08:49,748.47400001,0.00000001,0.000000000000381916,6831344,2019-03-03 07:08:49,btc,255079.4568746879,0.0,0.00000001,btc,8740147.94636337,9.8e-07,7.484740000100001e-06,96
1,[],4,[],2019-03-03 07:09:01,1412788.49606238,0.00000028,0.000000000010693648,6831345,2019-03-03 07:09:01,btc,2.9502305816545733,0.0,0.00000028,btc,2493270.96415145,0.02579106,0.1126370112870742,99
0,[],2,[],2019-01-20 23:23:55,0.0,0,0,6476914,2019-01-20 23:23:55,,0.0,0.0,0,,0.0,0.0,0.0,100
1,[],4,[],2019-03-03 07:09:02,380380.57268527,0.00004369,0.000000001668591004,6831346,2019-03-03 07:09:02,btc,11.829360589860322,0.0,0.00004369,btc,164941.1978651,1.21445426,4.1678026539936,100
1,[],22,[],2019-03-03 07:09:44,50000.0,0.00000001,0.000000000000381916,6831347,2019-03-03 07:09:44,BTC,23.49896609,0.0,0.00000001,BTC,10277.22,0.0,0.0005,101
1,[],4,[],2019-03-03 07:09:45,485364.15232033,0.00000088,0.000000000033608608,6831348,2019-03-03 07:09:45,btc,256.3090018217347,0.0,0.00000088,btc,499046.48785949,0.00078881,0.250482832411617,103
1,[],12,[],2019-03-03 07:09:47,64575169.0,0.000000009,0.0000000000003437244,6831349,2019-03-03 07:09:47,btc,137278444.65022105,0.0,0.000000009,btc,126801346.9544428,0.02146041626973,0.230868176,105
1,[],27,[],2019-03-03 07:09:50,115397.89,0.00000001,0.000000000000381916,6831350,2019-03-03 07:09:50,btc,36.58509958047966,0.0,0.00000001,btc,575834.55393212,0.0,0.0011539789,105
1,[],22,[],2019-03-03 07:11:12,9328.0,0.00000001,0.000000000000381916,6831351,2019-03-03 07:11:12,BTC,51.10837004,0.0,0.00000001,BTC,470435.0,0.0,9.328e-05,107
1,[],26,[],2019-03-03 07:11:12,0.0,0.00000000,0,6831352,2019-03-03 07:11:12,btc,0.0,0.0,0.00000000,btc,0.0,0.0,0.0,107
1,[],5,[],2019-03-03 07:11:13,0.0,0,0,6831353,2019-03-03 07:11:13,btc,0.0,0.00859948,0,btc,0.0,0.0,0.0,112
1,[],22,[],2019-03-03 07:11:39,1966.0,0.00000001,0.000000000000381916,6831354,2019-03-03 07:11:39,BTC,2.81183288,0.0,0.00000001,BTC,808524.0833333334,0.0,1.966e-05,112
0.00000000034931749999999997,[],27,[],2019-03-03 07:11:41,2000.0,3.493175e-18,1.3340994232999999e-22,6831355,2019-03-03 07:11:41,eth,1.35132491849924,0.0,0.00000001,"btc,eth",1328.641654,0.0,6.98635e-15,112
1,[],4,[],2019-03-03 07:11:42,1263644.53520029,0.00000209,0.000000000079820444,6831356,2019-03-03 07:11:42,btc,6.4060315481942185,0.0,0.00000209,btc,346179.69481462,0.20562182,0.946283793168426,113
1,[],5,[],2019-03-03 07:11:44,0.0,0,0,6831357,2019-03-03 07:11:44,btc,0.0,0.00983807,0,btc,0.0,0.0,0.0,113
1,[],17,[],2019-03-03 05:33:30,152738.278,0.00000004,0.000000000001529088,6831158,2019-03-03 05:33:30,btc,1.33680302678,0.0,0.00000004,btc,50696.221,0.0,0.0022095311199999998,116
0,[],27,[],2019-03-03 07:11:57,0.0,0,0,6831358,2019-03-03 07:11:57,,0.0,0.0,0,btc,0.0,0.0,0.0,116
1,[],7,[],2019-03-03 07:12:00,21307.37007387,0.00001860000000000000148765548491081034399030613712966442108154296875,0.00000000071036376,6831360,2019-03-03 07:12:00,btc,115751.20294390031,0.0,0.00001860000000000000148765548491081034399030613712966442108154296875,btc,56165.08273565,0.0,0.0541892042860787,120
1,[],4,[],2019-03-03 07:11:58,98838.84332857,0.00002451,0.000000000936076116,6831359,2019-03-03 07:11:58,btc,28.830744958674646,0.0,0.00002451,btc,70433.84657422,0.43651719,1.3665243781315053,120
1,[],20,[],2019-03-03 07:12:07,1484133.5064,0.000000033,0.0000000000012603228,6831361,2019-03-03 07:12:07,btc,32.295149061142,12292.9579,0.000000033,btc,998791.9778,0.0004935856424,0.009605288908,125
1,[],22,[],2019-03-03 07:12:58,3053.0,0.00000001,0.000000000000381916,6831362,2019-03-03 07:12:58,BTC,0.01444887,0.0,0.00000001,BTC,296263.5111111111,0.0,3.053e-05,126
1,[],4,[],2019-03-03 07:12:58,149145.76793115,0.00001200,0.0000000004582992,6831363,2019-03-03 07:12:58,btc,3.9795129748143765,0.0,0.00001200,btc,112444.8328877,0.21406311,0.5129673057259704,131
0,[],17,[],2019-03-03 07:13:00,0.0,0,0,6831364,2019-03-03 07:13:00,btc,0.0009561751951600001,0.0,0,btc,35.42829368,0.0,0.0,131
0,[],2,[],2019-01-20 23:25:46,0.0,0,0,6476969,2019-01-20 23:25:46,,0.0,0.0,0,,0.0,0.0,0.0,131
1,[],4,[],2019-03-03 07:13:01,4553.72440393,0.00016001,0.000000006111037916,6831365,2019-03-03 07:13:01,btc,1.620131501528359,0.0,0.00016001,btc,238.12730989,0.0,0.0079138371762198,135
1,[],3,[],2019-03-03 03:23:02,958809.8877684299,0.00000004,0.0000000000015272520000000001,6830581,2019-03-03 03:23:02,btc,0.11983125237362309,106930.355407,0.00000004,btc,621828.79924436,0.0,0.0304155181737019,136
1,[],4,[],2019-03-03 07:13:01,357057.94495462,0.00000172,0.000000000065689552,6831366,2019-03-03 07:13:01,btc,38.26374044800399,0.0,0.00000172,btc,508398.48557149,0.06678455,0.2281523092197194,137
1,[],12,[],2019-03-03 07:13:02,293894.25800588,0.000001709999999999999933207183062944256590753866476006805896759033203125,0.000000000065307636,6831367,2019-03-03 07:13:02,btc,11807.599642618032,0.0,0.000001709999999999999933207183062944256590753866476006805896759033203125,btc,124274.50628413,0.0035683111968034,0.0199074599999617,137
1,[],4,[],2019-03-03 07:13:03,108676.90888183,0.00004927,0.000000001881700132,6831368,2019-03-03 07:13:03,btc,28.70640500119123,0.0,0.00004927,btc,40449.88037536,0.7070872,0.802117783839052,142
1,[],5,[],2019-03-03 07:13:04,0.0,0,0,6831369,2019-03-03 07:13:04,btc,0.0,0.73770507,0,btc,0.0,0.0,0.0,142
1,[],20,[],2019-03-03 07:13:07,132620.4953,0.000025132,0.0000000009598312912,6831370,2019-03-03 07:13:07,btc,0.3256490109112,612.3521,0.000025132,btc,1844.2632,0.0210839378296,0.2173535296972,142
1,[],22,[],2019-03-03 07:13:53,1685.8988921568628,0.00004000,0.000000001527664,6831371,2019-03-03 07:13:53,BTC,3.00385504,0.0,0.00004000,BTC,891.218,0.0,0.00174536,142
0.0,[],25,[],2019-03-03 07:13:54,0.0,0,0,6831372,2019-03-03 07:13:54,,0.0,0.0,0.0,btc,0.0,0.0,0.0,142
1,[],28,[],2019-03-03 07:14:01,76100.0,0.00000817,0.000000000312025372,6831373,2019-03-03 07:14:01,btc,0.0639742472,115.0,0.00000817,btc,500.6113,0.0,0.0041072,142
1,[],17,[],2019-03-03 04:23:44,22967.386363640002,0.00000088,0.000000000033677688000000003,6830872,2019-03-03 04:23:44,btc,20.069913352762043,0.0,0.00000088,btc,2746.079105,0.0,0.0104613000000032,142
0,[],22,[],2019-03-03 07:14:52,0.0,0,0,6831374,2019-03-03 07:14:52,,60.70572865,0.0,0,,694633617.3,0.0,0.0,143
0,[],22,[],2019-02-25 15:42:22,0.0,0,0,6783783,2019-02-25 15:42:22,,4.2131946,0.0,0,,2322156.0,0.0,0.0,146
,[],22,[],2018-11-20 23:01:11,0.0,0,0,4862114,2018-11-20 23:01:11,,2.56807021,0.0,,,61828.4988236,0.0,0.0,147
1,[],12,[],2019-03-03 07:14:53,223048.89183015,0.0000022900000000000000975435010541758629187825135886669158935546875,0.000000000087458764,6831375,2019-03-03 07:14:53,btc,16.614145707530476,0.0,0.0000022900000000000000975435010541758629187825135886669158935546875,btc,117090.98938791,0.0004735393497602,0.0333078841000007,148
1,[],4,[],2019-03-03 03:24:44,256183.64828986,0.00000030,0.000000000011454390000000001,6830593,2019-03-03 03:24:44,btc,219.967446742935,0.0,0.00000030,btc,800822.7951546,0.0,0.0609752236393456,152
0,[],22,[],2019-03-03 03:25:07,0.0,0,0,6830594,2019-03-03 03:25:07,,0.0,0.0,0,,0.0,0.0,0.0,152
1,[],5,[],2019-03-03 07:14:55,0.0,0,0,6831376,2019-03-03 07:14:55,btc,0.0,0.0,0,btc,0.0,0.0,0.0,153
,[],16,[],2019-01-11 15:38:59,0.0,0,0,6366141,2019-01-11 15:38:59,btc,0.0,0.0,,btc,0.0,0.0,0.0,155
0,[],22,[],2019-03-03 07:15:59,0.0,0,0,6831377,2019-03-03 07:15:59,,6.7463875,0.0,0,,4674391.242592593,0.0,0.0,156
0,[],23,[],2019-01-20 23:24:29,0.0,0,0,6476932,2019-01-20 23:24:29,,0.0,0.0,0,,0.0,0.0,0.0,156
1,[],22,[],2019-03-03 07:16:39,7073.8,0.00005300,0.0000000020241548,6831378,2019-03-03 07:16:39,BTC,1.80343699,0.0,0.00005300,BTC,899.6422341958436,0.0,0.00104336,157
0,[],22,[],2019-03-03 07:17:09,0.0,0,0,6831379,2019-03-03 07:17:09,,50175.67608608,0.0,0,,54079135.04179466,0.0,0.0,158
,[],17,[],2018-11-20 22:56:10,0.0,0,0,4861976,2018-11-20 22:56:10,btc,1.1265625,0.0,,btc,1000.0,0.0,0.0,159
,[],20,[],2018-11-20 22:56:12,0.0,0,0,4861977,2018-11-20 22:56:12,btc,11912.7940471,0.0,,btc,34413894.3617,0.0,0.0,159
1,[],12,[],2019-03-03 07:17:10,180935.19624363,0.0000071699999999999999614175814899308392114107846282422542572021484375,0.000000000273833772,6831380,2019-03-03 07:17:10,btc,6.641957065442729,0.0,0.0000071699999999999999614175814899308392114107846282422542572021484375,btc,13593.472408130001,0.0035872053303,0.0884313475998945,168
1,[],17,[],2019-03-03 04:27:04,29784.95,0.000001,0.0000000000382701,6830884,2019-03-03 04:27:04,btc,0.03026736251542,0.0,0.000001,btc,144.46171372,0.0,0.00716147,168
0,[],22,[],2019-03-03 07:18:02,0.0,0,0,6831381,2019-03-03 07:18:02,,1.1341504,0.0,0,,539283.174707144,0.0,0.0,169
1,[],22,[],2019-03-03 07:18:38,203600.0,0.00000002,0.000000000000763832,6831382,2019-03-03 07:18:38,BTC,13.2501524,0.0,0.00000002,BTC,144336.2939341018,0.0,0.002072,171
1,[],22,[],2019-03-03 07:20:34,1359800.1666666667,0.00000005,0.00000000000190958,6831383,2019-03-03 07:20:34,BTC,2.1976194,0.0,0.00000005,"BTC,LTC",242703.64055692567,0.0,0.04233112,173
1,[],5,[],2019-03-03 05:38:47,0.0,0,0,6831185,2019-03-03 05:38:47,btc,0.0,0.03546189,0,btc,0.0,0.0,0.0,175
1,[],22,[],2019-03-03 07:20:57,36494.833333333336,0.0000003,0.00000000001145748,6831384,2019-03-03 07:20:57,BTC,0.51502403,0.0,0.0000003,BTC,137668.41384013777,0.0,0.00239205,176
1,[],7,[],2019-03-03 07:20:58,0.0,0,0,6831385,2019-03-03 07:20:58,btc,410932.5273358376,0.0,0,btc,117801559.31901672,0.0,0.0,178
0,[],22,[],2019-03-03 07:21:33,0.0,0,0,6831386,2019-03-03 07:21:33,,1.00242428,0.0,0,,57512.0,0.0,0.0,178
0,[],2,[],2019-01-20 23:28:34,0.0,0,0,6477001,2019-01-20 23:28:34,,0.0,0.0,0,,0.0,0.0,0.0,178
1,[],5,[],2019-03-03 07:21:35,0.0,0,0,6831387,2019-03-03 07:21:35,btc,0.0,0.33835613,0,btc,0.0,0.0,0.0,179
1,[],22,[],2019-03-03 07:23:35,6949180.5,0.00000002,0.000000000000763832,6831388,2019-03-03 07:23:35,BTC,5.66692569,0.0,0.00000002,BTC,18277556.089868754,0.0,0.37392433,179
0,[],23,[],2019-01-20 23:25:08,0.0,0,0,6476952,2019-01-20 23:25:08,,0.0,0.0,0,,0.0,0.0,0.0,179
1,[],17,[],2019-03-03 07:23:47,10504.725,0.0000001,0.00000000000381916,6831389,2019-03-03 07:23:47,btc,5.2010695838170005,0.0,0.0000001,btc,4994.45945,0.0,0.0010504725,180
1,[],22,[],2019-03-03 07:26:06,8023.966666666666,0.00000150,0.0000000000572874,6831390,2019-03-03 07:26:06,BTC,0.21027399,0.0,0.00000150,"BTC,LTC",67688.1432741658,0.00526358,0.01093022,180
1,[],26,[],2019-03-03 07:26:06,0.0,0.00000160,0.00000000006110656,6831391,2019-03-03 07:26:06,btc,0.0,150.0,0.00000160,btc,0.0,0.0,0.0,180
,[],7,[],2018-11-20 22:58:01,562227.975654,0.00000085,0.000000000036176765,4862015,2018-11-20 22:58:01,btc,21836.6059674,2491.87645172,,btc,749999.041456,0.00211021,0.127565380455,183
,[],5,[],2019-01-10 08:11:41,0.0,0,0,6347036,2019-01-10 08:11:41,btc,82.15055501,0.00261,,btc,1.19002445,0.0,0.0,187
1,[],24,[],2019-03-03 07:26:07,0.0,0.000000000001,3.81916e-17,6831392,2019-03-03 07:26:07,btc,0.0,0.0,0.000000000001,btc,0.0,0.0,0.0,187
,[],17,[],2018-11-16 20:58:10,4062536.27273,0.00000001,0.000000000000550501,4708775,2018-11-16 20:58:10,btc,3.36492563466,0.195460381006,,"btc,eth",110697919.549,0.0,0.0157628953496,187
0,[],22,[],2019-03-03 07:26:35,0.0,0,0,6831393,2019-03-03 07:26:35,,7.42841024,0.0,0,,79361.7243078683,0.0,0.0,191
0,[],22,[],2019-03-01 00:51:27,0.0,0,0,6814858,2019-03-01 00:51:27,,0.0,0.0,0,,0.0,0.0,0.0,197
0,[],23,[],2019-01-20 23:31:41,0.0,0,0,6477079,2019-01-20 23:31:41,,0.0,0.0,0,,0.0,0.0,0.0,199
0,[],22,[],2019-03-03 07:27:39,0.0,0,0,6831394,2019-03-03 07:27:39,,5.19477622,0.0,0,,21058553.0,0.0,0.0,199
1,[],26,[],2019-03-03 07:27:39,0.0,0.00000000,0,6831395,2019-03-03 07:27:39,btc,0.0,0.0,0.00000000,btc,0.0,0.0,0.0,199
0,[],17,[],2019-01-30 16:32:01,0.0,0,0,6540827,2019-01-30 16:32:01,btc,6.802544163788159,0.0,0,btc,105897.55575295,0.0,0.0,200
0,[],2,[],2019-01-20 23:30:49,0.0,0,0,6477059,2019-01-20 23:30:49,,0.0,0.0,0,,0.0,0.0,0.0,201
1,[],4,[],2019-01-25 15:51:35,2084389.58565343,0.00000936,0.000000000333526752,6499557,2019-01-25 15:51:35,btc,2.0092503037378524,0.0,0.00000936,btc,160195.80207885,0.19272417,1.242687955921835,211
1,[],7,[],2019-03-03 07:27:42,3117917.26198918,0.0000013299999999999999715787242504649867669286322779953479766845703125,0.000000000050794827999999995,6831396,2019-03-03 07:27:42,btc,15476836.286780762,321495.793993,0.0000013299999999999999715787242504649867669286322779953479766845703125,btc,13164178.09072146,0.0,2.8147610309655087,212
1,[],5,[],2019-03-03 07:27:44,0.0,0,0,6831397,2019-03-03 07:27:44,btc,0.0,0.0556833,0,btc,0.0,0.0,0.0,213
1,[],24,[],2019-03-03 07:27:44,0.0,0.000000120000,0.0000000000045829919999999996,6831398,2019-03-03 07:27:44,btc,0.0,0.0,0.000000120000,btc,0.0,0.0,0.0,213
1,[],26,[],2019-03-03 07:27:44,0.0,0.00000010,0.00000000000381916,6831399,2019-03-03 07:27:44,btc,0.0,0.0,0.00000010,btc,0.0,0.0,0.0,213
1,[],12,[],2019-01-25 02:44:32,207462.42853209,0.000001080000000000000035831255497387193287295303889550268650054931640625,0.000000000038610756000000006,6493050,2019-01-25 02:44:32,btc,85023.03793723314,0.0,0.000001080000000000000035831255497387193287295303889550268650054931640625,btc,43675.73520027,0.000146250909087,0.0348620860622024,213
1,[],22,[],2019-03-03 07:28:16,40264.0,0.00000003,0.0000000000011457479999999999,6831400,2019-03-03 07:28:16,BTC,2.2359633,0.0,0.00000003,BTC,640475.3963726171,0.001656,0.00062622,216
1,[],27,[],2019-03-03 07:28:18,1298602.0,0.00000003,0.0000000000011457479999999999,6831401,2019-03-03 07:28:18,btc,316.25858560644,0.0,0.00000003,"btc,ltc",237761.907,0.0,0.03377204000022772,216
1,[],22,[],2019-03-03 05:42:46,202520.11811121606,0.00000192,0.00000000007339622399999999,6831203,2019-03-03 05:42:46,BTC,12673.41329329,0.0,0.00000192,BTC,378851.89625069255,0.02021116,0.25369561,217
1,[],7,[],2019-03-03 05:42:47,0.0,0,0,6831204,2019-03-03 05:42:47,btc,77969.65966620563,0.0,0,btc,136168678.88835862,0.0,0.0,219
1,[],27,[],2019-03-03 05:42:49,77555.50519058,0.00000001,0.000000000000382272,6831205,2019-03-03 05:42:49,btc,0.002352,1422444.49480942,0.00000001,btc,4900.0,0.01422444,0.0007755550519058,219
0.0000000000000052,[],28,[],2019-03-03 05:43:03,180652111.275,2.81788e-18,1.07719662336e-22,6831206,2019-03-03 05:43:03,doge,84742.0498929775,427081.758,0.00054190,"btc,doge",5120540.34751,0.0,3.9806686475391215e-11,219
1,[],22,[],2019-03-03 05:43:25,301964.6666666667,0.00000003,0.0000000000011468159999999999,6831207,2019-03-03 05:43:25,BTC,2.89872516,0.0,0.00000003,BTC,296579.27041875874,0.000721,0.00824564,221
1,[],24,[],2019-03-03 05:43:25,0.0,0.000000200000,0.00000000000764544,6831208,2019-03-03 05:43:25,btc,0.0,0.0,0.000000200000,btc,0.0,0.0,0.0,221
1,[],20,[],2019-03-03 05:43:27,40062884.4677,0.000000001,0.0000000000000382272,6831209,2019-03-03 05:43:27,btc,48.2361452390245,30135.9973,0.000000001,btc,13001424.69,3.01359973e-05,0.0400628844677,224
0,[],22,[],2019-03-03 05:43:36,0.0,0,0,6831210,2019-03-03 05:43:36,,0.0,0.0,0,,0.0,0.0,0.0,224
1,[],26,[],2019-03-03 05:43:36,0.0,0.00000035,0.000000000013379519999999999,6831211,2019-03-03 05:43:36,btc,0.0,0.0,0.00000035,btc,0.0,0.0,0.0,231
1,[],26,[],2019-03-03 05:43:36,0.0,0.00000006,0.0000000000022936319999999997,6831212,2019-03-03 05:43:36,btc,0.0,100.0,0.00000006,btc,0.0,0.0,0.0,234
0.00000000034937500000000005,[],27,[],2019-03-03 05:43:38,2000.0,3.49375e-18,1.3355628000000001e-22,6831213,2019-03-03 05:43:38,eth,0.01134836604,0.0,0.00000001,"btc,eth",11462.996,0.0,6.987500000000001e-15,234
1,[],4,[],2019-03-03 05:43:40,841034.06215351,0.00000080,0.00000000003058176,6831214,2019-03-03 05:43:40,btc,4.461473750592241,0.0,0.00000080,btc,1180516.82022015,0.03244276,0.2430509730981562,236
1,[],24,[],2019-03-03 05:43:40,0.0,0.000000300000,0.00000000001146816,6831215,2019-03-03 05:43:40,btc,0.0,0.0,0.000000300000,btc,0.0,0.0,0.0,236
1,[],20,[],2019-03-03 05:43:42,73504743.1794,0.000000069,0.0000000000026376768,6831216,2019-03-03 05:43:42,btc,13.3873082925738,32345620.0817,0.000000069,btc,42305383.5195,2.2033480601235,0.5074596937602,237
0.00000000012733339999999999,[],22,[],2019-03-03 05:45:28,751594.9,2.1646678e-17,8.274918892416e-22,6831217,2019-03-03 05:45:28,LTC,0.0413973,0.0,0.00000017,LTC,7239.0,5.6982969834e-14,0.12541949,237
1,[],4,[],2019-03-03 05:45:29,7688787.09664137,0.00000033,0.000000000012614975999999999,6831218,2019-03-03 05:45:29,btc,7.341523990467163,0.0,0.00000033,btc,11739713.14547503,0.43369291,1.8263066389593643,238
1,[],5,[],2019-03-03 05:45:31,0.0,0,0,6831219,2019-03-03 05:45:31,btc,0.0,0.02567897,0,btc,0.0,0.0,0.0,238
0,[],22,[],2019-03-03 05:45:42,0.0,0,0,6831220,2019-03-03 05:45:42,,0.41339518,0.0,0,,316626.5639027493,0.0,0.0,249
0.00000000012733339999999999,[],22,[],2019-03-03 05:46:03,86252235.66666667,5.093336e-18,1.9470397393919998e-22,6831221,2019-03-03 05:46:03,LTC,0.73061926,0.0,0.00000004,LTC,15215189.09,2.28502332968e-13,1.86496833,252
1,[],28,[],2019-03-03 05:46:15,2195465.889,0.00000033,0.000000000012614975999999999,6831222,2019-03-03 05:46:15,btc,164725.8908545255,216876.7,0.00000033,btc,2387339.9679,0.0,0.35914430947,256
1,[],22,[],2019-03-03 05:46:30,1073354.0,0.00000002,0.000000000000764544,6831223,2019-03-03 05:46:30,BTC,31.47160001,0.0,0.00000002,BTC,670687.0957866946,0.0,0.01093354,258
1,[],22,[],2019-03-03 05:46:38,48751.0,0.00000001,0.000000000000382272,6831224,2019-03-03 05:46:38,BTC,2.4175745,0.0,0.00000001,BTC,1762.0,0.0,0.00048751,259
1,[],5,[],2019-03-03 05:46:40,0.0,0,0,6831225,2019-03-03 05:46:40,btc,0.0,0.092604,0,btc,0.0,0.0,0.0,264
1,[],20,[],2019-03-03 05:46:42,1261416.3799,0.00000211,0.000000000080659392,6831226,2019-03-03 05:46:42,btc,7.4481636619008,53459.2134,0.00000211,btc,102337.019,0.1674882991174,0.0260177389681,264
0,[],22,[],2019-03-03 05:46:48,0.0,0,0,6831227,2019-03-03 05:46:48,,8.33280293,0.0,0,,421298.34411321935,0.0,0.0,271
0,[],22,[],2019-03-03 05:47:03,0.0,0,0,6831228,2019-03-03 05:47:03,,271.32434057,0.0,0,,14426973420.692,0.0,0.0,272
0.0000000000000052,[],28,[],2019-03-03 05:47:15,235711406114.758,4.992e-21,1.908301824e-25,6831229,2019-03-03 05:47:15,doge,35472935.53054333,20103601031.785,0.00000096,doge,187319096450.8199,0.0,6.922571973277565e-10,272
1,[],22,[],2019-03-03 05:47:31,115773.74,0.00000500,0.000000000191136,6831230,2019-03-03 05:47:31,BTC,74.20201468,0.0,0.00000500,"BTC,LTC",8351.47763977319,0.0,0.05066482,281
1,[],22,[],2019-03-03 05:47:47,1125387.2083333333,0.00000008,0.000000000003058176,6831231,2019-03-03 05:47:47,BTC,1.33188124,0.0,0.00000008,BTC,125474.99887885062,0.00108936,0.03578437,286
0,[],22,[],2019-03-03 05:48:14,0.0,0,0,6831232,2019-03-03 05:48:14,,43635.53418966,0.0,0,,367483809.0,0.0,0.0,294
