pairValue,buyBook,exchangeId,sellBook,updated,buyTotal,satoshiPrice,usdPrice,exchangeLogId,created,bestPair,sellTotalBtc,volume,pairPrice,activePairs,sellTotal,volumeBtc,buyTotalBtc,coinId
1,[],3,[],2019-01-24 13:23:26,102.794247691778,0.01254841999999999936632466557284715236164629459381103515625,0.000000447844325906,6486309,2019-01-24 13:23:26,btc,106.96098087060204,0.000107928945,0.01254841999999999936632466557284715236164629459381103515625,btc,13.471028443751,0.0,0.1601949403914153,1
1,[],4,[],2019-01-24 13:23:26,25287.90678688,0.01268374,0.000000452673801982,6486310,2019-01-24 13:23:26,btc,1.6411148782370935,0.0,0.01268374,btc,125.21765269,0.60258645,1.3001512600481433,1
1,[],5,[],2019-01-24 13:23:28,0.20941163,0.01232208,0.000000439766409744,6486311,2019-01-24 13:23:28,btc,14578.47017573,0.08925079,0.01232208,btc,35555556.2882662,0.0,1.25991701,1
1,[],10,[],2019-01-24 13:23:30,269243.38553302,0.01248899,0.000000445723310807,6486312,2019-01-24 13:23:30,btc,6366.856159851448,861.40177257,0.01248899,btc,957.38683994,0.0,2.122488261102107,1
1,[],12,[],2019-01-24 13:23:33,10371.2325134,0.0125900000000000004962696920074449735693633556365966796875,0.000000449328287,6486313,2019-01-24 13:23:33,btc,0.5245179142919,0.0,0.0125900000000000004962696920074449735693633556365966796875,btc,35.31913582,0.3069048024216,0.10381927053170001,1
1,[],20,[],2019-01-24 13:23:34,1344.3693,0.010510001,0.0000003750945786893,6486314,2019-01-24 13:23:34,btc,0.0746164438962,0.0,0.010510001,btc,3.5114,0.0,0.0888300480751,1
0.00000000032658479999999995,[],21,[],2019-01-24 13:23:35,2393.25221644,0.000000000104071533927912,0.000000000000003714240195813429,6486315,2019-01-24 13:23:35,eth,28.93238938787853,2263.962445,0.318666190000000015825065702301799319684505462646484375,"btc,eth",2515.54834501,27.09926378,25.148756374263634,1
1,[],22,[],2019-01-24 13:23:39,0.0363776,0.01400000,0.0000004996501999999999,6486316,2019-01-24 13:23:39,BTC,0.312,0.0,0.01400000,BTC,0.031,0.0,0.00048472,1
1,[],24,[],2019-01-24 13:23:39,0.0,0.000000000000,0,6486317,2019-01-24 13:23:39,btc,0.0,0.0,0.000000000000,btc,0.0,0.0,0.0,1
1,[],25,[],2019-01-24 13:23:40,342.89996165,0.01267138,0.000000452232682234,6486318,2019-01-24 13:23:40,btc,30.53109999699072,202.91152469,0.01267138,btc,2354.65195511,2.5685,4.184999999593942,1
1,[],28,[],2019-01-24 13:23:42,987.9,0.01131000,0.000000403645983,6486319,2019-01-24 13:23:42,btc,0.162839806,33589.4,0.01131000,btc,8.9,0.0,0.024551096,1
0,[],2,[],2019-01-20 23:28:45,0.0,0,0,6477011,2019-01-20 23:28:45,,0.0,0.0,0,,0.0,0.0,0.0,1
,[],26,[],2018-11-28 08:36:25,0.0,0.02269021,0.000000905623006625,5137884,2018-11-28 08:36:25,btc,0.0,2559.40051283,,btc,0.0,0.0,0.0,1
1,[],5,[],2019-01-24 13:30:47,1.616e-05,0.00000065,0.000000000023133955,6486343,2019-01-24 13:30:47,btc,0.1730176,0.03034302,0.00000065,btc,7.716e-05,0.0,0.44823233,2
0,[],22,[],2019-01-24 13:30:52,0.0,0,0,6486344,2019-01-24 13:30:52,,0.0,0.0,0,,0.0,0.0,0.0,2
1,[],5,[],2019-01-24 13:31:16,1.42e-06,0.00000017,0.000000000006050419000000001,6486352,2019-01-24 13:31:16,btc,3.25658541,0.0350395,0.00000017,btc,2.267e-05,0.0,2.91084129,3
1,[],12,[],2019-01-24 13:31:17,11217513.92969884,0.000000168,0.0000000000059792376,6486353,2019-01-24 13:31:17,btc,921314.8489554371,0.0,0.000000168,btc,7906954.64036515,0.02613396396017965,0.4943646571179744,3
0,[],28,[],2019-01-24 13:31:20,0.0,0,0,6486354,2019-01-24 13:31:20,,0.0,0.0,0,,0.0,0.0,0.0,3
0,[],2,[],2019-01-20 23:31:32,0.0,0,0,6477077,2019-01-20 23:31:32,,0.0,0.0,0,,0.0,0.0,0.0,4
1,[],4,[],2019-01-24 13:18:50,1067703.37926464,0.00000047,0.000000000016773971,6486163,2019-01-24 13:18:50,btc,0.4755817711585116,0.0,0.00000047,btc,322032.73528788,0.0016172,0.0649593158906344,4
1,[],12,[],2019-01-24 13:18:52,1212877.5219999999,0.00000003,0.0000000000010706789999999999,6486165,2019-01-24 13:18:52,btc,11013867.817925906,0.0,0.00000003,btc,969763.77092902,0.0002715404395606,0.01589759044,5
0,[],2,[],2019-01-20 23:31:51,0.0,0,0,6477087,2019-01-20 23:31:51,,0.0,0.0,0,,0.0,0.0,0.0,6
1,[],11,[],2019-01-24 13:19:00,3492166.5,0.00000002,0.000000000000713786,6486170,2019-01-24 13:19:00,btc,9432.241645269964,238000.0,0.00000002,btc,41308357.70959839,0.0,0.03599502,6
1,[],3,[],2019-01-24 13:19:06,1049.631568128516,0.00015050999999999999383500093319554480331134982407093048095703125,0.0000000053715965429999994,6486173,2019-01-24 13:19:06,btc,30.108593419388622,0.0,0.00015050999999999999383500093319554480331134982407093048095703125,btc,231.077492617847,0.0,0.027978323718350753,7
1,[],4,[],2019-01-24 13:19:07,27454.01926902,0.00017080,0.00000000609573244,6486174,2019-01-24 13:19:07,btc,2.341629731592461,0.0,0.00017080,btc,12187.49346998,1.52859204,4.201600989447571,7
1,[],5,[],2019-01-24 13:19:08,0.0053325,0.00017009,0.000000006070393037,6486175,2019-01-24 13:19:08,btc,1.29152518,0.17284422,0.00017009,btc,0.01148921,0.0,1.52131543,7
1,[],20,[],2019-01-24 13:19:18,61771509.8802,0.000000001,0.0000000000000356893,6486178,2019-01-24 13:19:18,btc,121.1922629947386,7141484.1937,0.000000001,btc,25493492.9975,0.0123764851896,0.0617715098802,8
0,[],2,[],2019-01-20 23:22:42,0.0,0,0,6476876,2019-01-20 23:22:42,,0.0,0.0,0,,0.0,0.0,0.0,9
0,[],23,[],2019-01-20 23:22:48,0.0,0,0,6476878,2019-01-20 23:22:48,,0.0,0.0,0,,0.0,0.0,0.0,9
1,[],1,[],2019-01-24 13:19:27,1965725.24,0.000001830000000000000054831898570195658493275914224795997142791748046875,0.000000000065311419,6486183,2019-01-24 13:19:27,btc,2.2926186305,21299102.68,0.000001830000000000000054831898570195658493275914224795997142791748046875,btc,1230872.08,39.72880301,3.5514909906,9
1,[],4,[],2019-01-24 13:19:28,318714.20993849,0.00000184,0.000000000065668312,6486184,2019-01-24 13:19:28,btc,0.9175950976265729,0.0,0.00000184,btc,459355.9953199,0.60069463,0.4328027078801844,9
1,[],28,[],2019-01-24 13:19:30,34500.0,0.00000165,0.000000000058887345,6486185,2019-01-24 13:19:30,btc,2708.7525973402,6948190.0,0.00000165,btc,8331.02,0.0,0.02854,9
1,[],4,[],2019-01-24 13:19:35,5218215.43909386,0.00000002,0.0000000000007137859999999999,6486189,2019-01-24 13:19:35,btc,0.2208895466214874,0.0,0.00000002,btc,4008700.93732037,0.0081582,0.0561936532818772,10
0,[],2,[],2019-01-20 23:23:08,0.0,0,0,6476890,2019-01-20 23:23:08,,0.0,0.0,0,,0.0,0.0,0.0,12
1,[],4,[],2019-01-24 13:19:47,1998174.55447543,0.00000149,0.000000000053177057,6486196,2019-01-24 13:19:47,btc,1.1425605415810347,0.0,0.00000149,btc,733678.78682288,2.53542415,2.7264635429704573,12
1,[],5,[],2019-01-24 13:19:50,1.677e-05,0.00000142,0.000000000050678806,6486197,2019-01-24 13:19:50,btc,0.22845025,0.28804956,0.00000142,btc,0.00011053,0.0,0.11079084,12
,[],25,[],2019-01-11 15:39:35,0.0,0,0,6366164,2019-01-11 15:39:35,,0.0,0.0,,btc,0.0,0.0,0.0,12
1,[],4,[],2019-01-24 13:22:48,313785.44265989,0.00000662,0.000000000236263166,6486282,2019-01-24 13:22:48,btc,0.2689133164851582,0.0,0.00000662,btc,37553.65458163,0.83245006,1.4205663673474045,13
1,[],10,[],2019-01-24 13:22:51,619856.83453336,0.00000677,0.000000000241616561,6486283,2019-01-24 13:22:51,btc,666784.4472458416,6794.2781046,0.00000677,btc,830115.28394127,0.0,0.868867618340625,13
1,[],21,[],2019-01-24 13:22:52,1587081.38567029,0.0000068100000000000000200599085953268030380058917216956615447998046875,0.000000000243044133,6486284,2019-01-24 13:22:52,btc,5.829988033452469,683739.98884111,0.0000068100000000000000200599085953268030380058917216956615447998046875,btc,758814.18236099,4.70334958,5.772095529922927,13
1,[],4,[],2019-01-24 13:20:03,897959.22537538,0.00000173,0.000000000061742489,6486205,2019-01-24 13:20:03,btc,0.2580623223886452,0.0,0.00000173,btc,113718.44940796,0.21590256,0.1260790831834812,14
1,[],12,[],2019-01-24 13:20:05,87849.47933816,0.000001769999999999999994019540816569957542014890350401401519775390625,0.000000000063170061,6486206,2019-01-24 13:20:05,btc,1.7810800582722734,0.0,0.000001769999999999999994019540816569957542014890350401401519775390625,btc,35728.52646617,0.0019006665633807,0.0202438064838332,14
0,[],17,[],2019-01-24 13:20:06,0.0,0,0,6486207,2019-01-24 13:20:06,btc,0.0,0.0,0,btc,0.0,0.0,0.0,14
1,[],26,[],2019-01-24 13:20:06,0.0,0.00000020,0.00000000000713786,6486208,2019-01-24 13:20:06,btc,0.0,0.0,0.00000020,btc,0.0,0.0,0.0,14
0,[],4,[],2019-01-24 13:23:53,0.0,0,0,6486328,2019-01-24 13:23:53,,0.0,0.0,0,,0.0,0.0,0.0,15
,[],12,[],2018-12-01 15:15:48,204241.84496,0.00000489,0.000000000202473384,5260204,2018-12-01 15:15:48,btc,49.5475654835,0.0,,btc,35763.2193806,0.0163153972027625,0.0203389899998,15
0,[],2,[],2019-01-20 23:23:38,0.0,0,0,6476906,2019-01-20 23:23:38,,0.0,0.0,0,,0.0,0.0,0.0,18
1,[],4,[],2019-01-24 13:20:14,31980.46846869,0.00001810,0.00000000064597633,6486211,2019-01-24 13:20:14,btc,1.391270853123942,0.0,0.00001810,btc,15879.72356793,0.03981608,0.1780901394549737,18
1,[],10,[],2019-01-24 13:20:16,390831.02210783,0.00001752,0.0000000006252765360000001,6486212,2019-01-24 13:20:16,btc,15.559735199357041,2633.14904083,0.00001752,btc,10768.22647982,0.0,0.1957216933226405,18
1,[],12,[],2019-01-24 13:20:17,200116.82788005,0.0000170500000000000010813398787501427023016731254756450653076171875,0.0000000006085025650000001,6486213,2019-01-24 13:20:17,btc,0.19962949782212921,0.0,0.0000170500000000000010813398787501427023016731254756450653076171875,btc,2229.97523457,0.0019680745102029,0.015612893618046,18
0,[],17,[],2019-01-24 13:20:18,0.0,0,0,6486214,2019-01-24 13:20:18,btc,0.0,0.0,0,btc,0.0,0.0,0.0,18
0,[],2,[],2019-01-20 23:24:19,0.0,0,0,6476924,2019-01-20 23:24:19,,0.0,0.0,0,,0.0,0.0,0.0,19
1,[],3,[],2019-01-24 13:20:51,108468.8246186957,0.0000397999999999999984107330874838481804545153863728046417236328125,0.0000000014204341399999999,6486227,2019-01-24 13:20:51,btc,1.311142888821322,0.345454738314,0.0000397999999999999984107330874838481804545153863728046417236328125,btc,8541.441022191411,0.0,0.1053648389207423,19
1,[],4,[],2019-01-24 13:20:52,64886.47219397,0.00003900,0.0000000013918827,6486228,2019-01-24 13:20:52,btc,1.7896468974449673,0.0,0.00003900,btc,38061.92222309,0.89316694,1.351598376288173,19
1,[],5,[],2019-01-24 13:20:53,0.00040136,0.00003503,0.0000000012501961789999999,6486229,2019-01-24 13:20:53,btc,0.30996115,0.00035906,0.00003503,btc,0.00352226,0.0,0.19480669,19
1,[],12,[],2019-01-24 13:20:54,129234.30965179,0.000042790000000000001970611174240133323110057972371578216552734375,0.0000000015271451470000001,6486230,2019-01-24 13:20:54,btc,1.9910434388125522,0.0,0.000042790000000000001970611174240133323110057972371578216552734375,btc,400.27457877,0.00012414,0.0384221800000941,19
0,[],27,[],2019-01-24 13:20:55,0.0,0,0,6486231,2019-01-24 13:20:55,,0.0,0.0,0,btc,0.0,0.0,0.0,19
1,[],4,[],2019-01-24 13:21:22,8512101.35457151,0.00000015,0.000000000005353395,6486247,2019-01-24 13:21:22,btc,0.7612740642436147,0.0,0.00000015,btc,1464548.93204249,0.0,0.4060316875169587,20
1,[],4,[],2019-01-24 13:21:35,124088011.08101596,0.00000002,0.0000000000007137859999999999,6486253,2019-01-24 13:21:35,btc,0.8238328501730172,0.0,0.00000002,btc,18994222.6222454,0.22449745,1.5248029156701597,21
1,[],12,[],2019-01-24 13:21:36,20228032.0,0.00000002,0.000000000000713786,6486254,2019-01-24 13:21:36,btc,668.0228377689523,0.0,0.00000002,btc,7860530.8441585805,0.0330748351648351,0.27749765,21
0,[],17,[],2019-01-24 13:21:37,0.0,0,0,6486255,2019-01-24 13:21:37,btc,0.0,0.0,0,btc,0.0,0.0,0.0,21
1,[],12,[],2019-01-24 13:21:51,4653653142.531896,0.0000000001,0.00000000000000356893,6486263,2019-01-24 13:21:51,btc,621663601965.8185,0.0,0.0000000001,btc,6350109715.8453865,0.011147808555644352,0.46536531425318955,23
0,[],27,[],2019-01-24 13:21:53,0.0,0,0,6486264,2019-01-24 13:21:53,,0.424699,0.0,0,eth,424699.0,0.0,0.0,23
,[],25,[],2019-01-11 15:42:09,0.0,0,0,6366241,2019-01-11 15:42:09,,0.0,0.0,,btc,0.0,0.0,0.0,24
1,[],4,[],2019-01-24 13:22:27,2213321.68378644,0.00000082,0.000000000029265225999999997,6486267,2019-01-24 13:22:27,btc,0.1163202170477278,0.0,0.00000082,btc,89398.12843669,0.00611211,0.4335426137868446,24
1,[],22,[],2019-01-24 13:22:30,11.76,0.00000100,0.0000000000356893,6486268,2019-01-24 13:22:30,BTC,7.415e-05,0.0,0.00000100,BTC,23.919354838709676,0.0,1.176e-05,24
1,[],4,[],2019-01-24 13:22:41,29610228.52125538,0.00000754,0.00000000026909732199999997,6486275,2019-01-24 13:22:41,btc,0.4348891634515918,0.0,0.00000754,btc,34523.89672281,0.11007803,0.4124919840386025,26
1,[],10,[],2019-01-24 13:22:43,734094.75493527,0.00000769,0.000000000274450717,6486276,2019-01-24 13:22:43,btc,27.97424670758219,0.0,0.00000769,btc,12525.42087038,0.0,0.2220622173992068,26
0,[],2,[],2019-01-20 23:25:56,0.0,0,0,6476976,2019-01-20 23:25:56,,0.0,0.0,0,,0.0,0.0,0.0,26
1,[],3,[],2019-01-24 13:22:43,7640686.32908122,0.00000001,0.000000000000356893,6486277,2019-01-24 13:22:43,btc,3.079472168259441,22395.5,0.00000001,btc,17750614.66299259,0.0,0.0764068632908122,27
1,[],5,[],2019-01-24 13:22:44,1e-08,0.00000001,0.00000000000035689299999999997,6486278,2019-01-24 13:22:44,btc,2.62189326,3.848e-05,0.00000001,btc,4.332e-05,0.0,0.01079372,27
1,[],11,[],2019-01-24 13:22:46,10597882.41182718,0.00000005,0.000000000001784465,6486279,2019-01-24 13:22:46,btc,370.53275036350783,1000.0,0.00000005,btc,8220964.80991447,0.0,0.4932896594767663,27
1,[],4,[],2019-01-24 13:22:47,268768255.0491955,0.00000003,0.000000000001070679,6486280,2019-01-24 13:22:47,btc,3.4344193020910185,0.0,0.00000003,"btc,ltc",107966864.135876,2.11279263,3.227776134702497,29
1,[],7,[],2019-01-24 13:22:48,35999768.9786329,0.00000003,0.0000000000010706789999999999,6486281,2019-01-24 13:22:48,btc,44465218.125782974,249.75024975,0.00000003,btc,39203450.17082732,9.99e-06,0.6564244169750236,29
1,[],4,[],2019-01-24 13:23:15,1460170.94577138,0.00000042,0.000000000014989506,6486299,2019-01-24 13:23:15,btc,0.3560289385565263,0.0,0.00000042,btc,497872.5982325,0.02494309,0.0730225193371612,30
0,[],17,[],2019-01-24 13:23:16,0.0,0,0,6486300,2019-01-24 13:23:16,btc,0.0,0.0,0,btc,0.0,0.0,0.0,30
1,[],4,[],2019-01-24 13:23:23,37421.63251415,0.00009691,0.0000000034586500629999997,6486306,2019-01-24 13:23:23,btc,0.7731410039338767,0.0,0.00009691,btc,6950.31128479,2.62604628,2.827239093457124,31
1,[],21,[],2019-01-24 13:23:24,105370.87830321,0.000097020000000000002830617684690395208235713653266429901123046875,0.000000003462575886,6486307,2019-01-24 13:23:24,btc,11.215277361483407,567296.88702539,0.000097020000000000002830617684690395208235713653266429901123046875,btc,105710.6228956,56.70378409,9.896543995530639,31
0,[],2,[],2019-01-20 23:28:43,0.0,0,0,6477009,2019-01-20 23:28:43,,0.0,0.0,0,,0.0,0.0,0.0,32
1,[],4,[],2019-01-24 13:23:55,139906951.27561516,0.00000006,0.000000000002141358,6486329,2019-01-24 13:23:55,btc,0.3177042450030159,0.0,0.00000006,"btc,ltc",9525569.21945962,0.84395983,2.590378674517478,33
1,[],12,[],2019-01-24 13:23:56,22246458.0,0.00000006,0.0000000000021413579999999997,6486330,2019-01-24 13:23:56,btc,17261786.896573626,0.0,0.00000006,btc,87734979.15784205,0.0240729083916079,0.87913991,33
1,[],4,[],2019-01-24 13:23:57,119716059.5563646,0.00000002,0.0000000000007137859999999999,6486331,2019-01-24 13:23:57,btc,0.7764690503830004,0.0,0.00000002,btc,25575760.44161682,0.02136145,1.213045507073646,34
1,[],5,[],2019-01-24 13:23:58,3e-08,0.00000002,0.0000000000007137859999999999,6486332,2019-01-24 13:23:58,btc,3.12919866,0.00062337,0.00000002,btc,1.394e-05,0.0,0.80536093,34
0.0000000000894848,[],4,[],2019-01-24 13:21:16,2868499699.9079604,3.5793920000000004e-18,1.277459949056e-22,6486243,2019-01-24 13:21:16,ltc,3.88758023360064e-09,0.0,0.00000004,ltc,768524975.4882973,0.0,6.978206559995318e-09,36
1,[],5,[],2019-01-24 13:21:17,0.0,0,0,6486244,2019-01-24 13:21:17,btc,202.42227387,0.0,0,btc,1.295e-05,0.0,0.0,36
0,[],17,[],2019-01-24 13:21:19,0.0,0,0,6486245,2019-01-24 13:21:19,btc,0.08210904498324215,0.0,0,btc,5843697.91583647,0.0,0.0,36
0.0000000000894848,[],27,[],2019-01-24 13:21:21,1000000.0,8.948480000000001e-19,3.19364987264e-23,6486246,2019-01-24 13:21:21,ltc,448.55669329,0.0,0.00000001,"ltc,eth",3581972.58,0.0,8.94848e-13,36
1,[],4,[],2019-01-24 13:21:09,470677.60318716,0.00000146,0.000000000052106378,6486238,2019-01-24 13:21:09,btc,0.435038016504436,0.0,0.00000146,btc,228884.12336056,0.01051443,0.438059037507126,37
1,[],12,[],2019-01-24 13:21:10,474456.57042241,0.00000145999999999999999745971430986646311112053808756172657012939453125,0.000000000052106378,6486239,2019-01-24 13:21:10,btc,1330.895626157328,0.0,0.00000145999999999999999745971430986646311112053808756172657012939453125,btc,750077.92287611,0.0970491563466057,0.3135013603936997,37
1,[],17,[],2019-01-24 13:21:11,1752.74075282,0.00000025,0.000000000008922325,6486240,2019-01-24 13:21:11,btc,0.055487313975229,0.0,0.00000025,btc,1388.79251806,0.0,0.00043818518820499993,37
0,[],27,[],2019-01-24 13:21:13,0.0,0,0,6486241,2019-01-24 13:21:13,,0.0,0.0,0,btc,0.0,0.0,0.0,37
1,[],5,[],2019-01-24 13:31:37,1.384e-05,0.00000110,0.000000000039149770000000005,6486359,2019-01-24 13:31:37,btc,0.10133616,0.02283496,0.00000110,btc,0.00011339,0.0,0.03804831,42
1,[],12,[],2019-01-24 13:31:38,85148.96506698,0.000001210000000000000061712245556788669631487209699116647243499755859375,0.000000000043064747000000005,6486360,2019-01-24 13:31:38,btc,108.82632944730584,0.0,0.000001210000000000000061712245556788669631487209699116647243499755859375,btc,35282.6936061,0.0469826225406847,0.0326472099999534,42
0,[],27,[],2019-01-24 13:31:41,0.0,0,0,6486361,2019-01-24 13:31:41,,0.00315028,0.0,0,"btc,eth",11.007,0.0,0.0,42
1,[],5,[],2019-01-24 13:19:24,3e-08,0.00000002,0.0000000000007137859999999999,6486180,2019-01-24 13:19:24,btc,5.73994143,0.09573028,0.00000002,btc,1.425e-05,0.0,0.47225369,43
1,[],12,[],2019-01-24 13:19:25,8221010.90100002,0.00000002,0.000000000000713786,6486181,2019-01-24 13:19:25,btc,20007433.13490045,0.0,0.00000002,btc,38551633.36903097,1.7402397602e-06,0.0822101380200004,43
0,[],17,[],2019-01-24 13:19:26,0.0,0,0,6486182,2019-01-24 13:19:26,btc,0.0,0.0,0,btc,0.0,0.0,0.0,43
1,[],12,[],2019-01-24 13:31:59,775208.0,0.00000007,0.0000000000024913490000000005,6486366,2019-01-24 13:31:59,btc,11114761.212539265,0.0,0.00000007,btc,956280.37320198,0.00055608,0.02131787,44
1,[],4,[],2019-01-24 13:31:27,238197301.10265353,0.00000003,0.000000000001067721,6486356,2019-01-24 13:31:27,btc,0.24204975290221575,0.0,0.00000003,"btc,ltc",6547607.30438543,0.00161778,0.6163606734094021,49
0.0000000000894848,[],4,[],2019-01-24 13:23:13,4647168437.088269,1.7896960000000002e-18,6.38729974528e-23,6486297,2019-01-24 13:23:13,ltc,5.044116687861402,0.0,0.00000002,ltc,1562680078.0622854,0.0,5.5870025754145046e-09,52
0,[],22,[],2019-01-24 13:22:55,0.0,0,0,6486285,2019-01-24 13:22:55,,3707.87208998,0.0,0,,260561923.40932402,0.0,0.0,57
0,[],27,[],2019-01-24 13:22:57,0.0,0,0,6486286,2019-01-24 13:22:57,,0.0,0.0,0,"btc,eth",0.0,0.0,0.0,57
0.00000000008955940000000001,[],4,[],2019-01-24 13:31:06,1683214299.9023073,5.373564e-18,1.9124890425480004e-22,6486348,2019-01-24 13:31:06,ltc,3.446567130070467,0.0,0.00000006,ltc,870522308.5203501,0.00089475,7.418119837626258e-09,58
1,[],12,[],2019-01-24 13:31:08,2767159738.327952,0.0000000006,0.00000000000002135442,6486349,2019-01-24 13:31:08,btc,123038817183.25652,0.0,0.0000000006,btc,3121041302.4996004,0.23034556197049322,1.0983058046915362,58
0,[],17,[],2019-01-24 13:31:10,0.0,0,0,6486350,2019-01-24 13:31:10,btc,1e+24,0.0,0,btc,41616695.958325684,0.0,0.0,58
0.00000000012600460000000002,[],22,[],2019-01-24 13:31:13,137438.0,1.2600460000000001e-18,4.484591917220001e-23,6486351,2019-01-24 13:31:13,XMR,69.8835922,0.0,0.00000001,XMR,9887963.0,0.0,0.00137438,58
1,[],5,[],2019-01-24 13:21:40,5.28e-06,0.00000060,0.00000000002141358,6486257,2019-01-24 13:21:40,btc,0.47921552,0.05758941,0.00000060,btc,0.00014477,0.0,0.11102126,61
1,[],22,[],2019-01-24 13:21:43,5111.5,0.00000011,0.000000000003925823,6486258,2019-01-24 13:21:43,BTC,1002.29606732,0.0,0.00000011,BTC,15028.700278135757,0.0,0.00051178,61
1,[],26,[],2019-01-24 13:21:43,0.0,0.00000800,0.0000000002855144,6486259,2019-01-24 13:21:43,btc,0.0,0.0,0.00000800,btc,0.0,0.0,0.0,61
0,[],27,[],2019-01-24 13:21:45,0.0,0,0,6486260,2019-01-24 13:21:45,,0.0,0.0,0,"btc,eth",0.0,0.0,0.0,61
1,[],28,[],2019-01-24 13:21:47,1880.304,0.00000022,0.000000000007851646,6486261,2019-01-24 13:21:47,btc,2.065678837430106,1274.0,0.00000022,btc,11618.08240005,0.0,0.00016391304,61
1,[],4,[],2019-01-24 13:23:08,1278200.31760863,0.00000183,0.000000000065311419,6486295,2019-01-24 13:23:08,btc,0.5157723492573387,0.0,0.00000183,btc,164206.78156284,0.10245883,0.8688300465664958,67
,[],25,[],2019-01-11 15:43:02,0.0,0,0,6366273,2019-01-11 15:43:02,,0.0,0.0,,btc,0.0,0.0,0.0,67
1,[],12,[],2019-01-24 13:20:48,2848596.85714286,0.00000008,0.000000000002855144,6486225,2019-01-24 13:20:48,btc,16893773.0766654,0.0,0.00000008,btc,2231250.16743252,0.0005126298801215,0.0759492900000002,71
,[],5,[],2018-11-20 23:02:39,1.5e-07,0.00000005,0.000000000002128045,4862160,2018-11-20 23:02:39,btc,2.84511358,0.0,,btc,0.00036572,0.0,0.07381892,74
1,[],5,[],2019-01-24 13:32:26,3.303e-05,0.00000156,0.000000000055521492,6486376,2019-01-24 13:32:26,btc,1.43011192,0.0,0.00000156,btc,0.0001585,0.0,0.49487621,75
1,[],4,[],2019-01-24 13:19:56,64421539.78469478,0.00000001,0.00000000000035689299999999997,6486200,2019-01-24 13:19:56,btc,0.7468077492509007,0.0,0.00000001,btc,13906829.86456505,0.0,0.6442153978469478,81
0,[],20,[],2019-01-24 13:19:58,0.0,0,0,6486201,2019-01-24 13:19:58,btc,0.0,0.0,0,btc,0.0,0.0,0.0,81
1,[],4,[],2019-01-24 13:30:13,23779.46863423,0.00007624,0.0000000027134349680000003,6486336,2019-01-24 13:30:13,btc,1.2336462749467527,0.0,0.00007624,btc,10847.00710863,0.1367982,0.0878412306139376,82
1,[],21,[],2019-01-24 13:30:14,69397.42518453,0.00008297000000000000013121448372288568862131796777248382568359375,0.000000002952960379,6486337,2019-01-24 13:30:14,btc,2.7418883952179876,11231.40193865,0.00008297000000000000013121448372288568862131796777248382568359375,btc,29270.62691411,0.93083017,4.793014506334055,82
0,[],17,[],2019-01-24 13:20:11,0.0,0,0,6486210,2019-01-24 13:20:11,btc,0.0447233088476774,0.0,0,btc,999127.19588126,0.0,0.0,84
0.0000000000894848,[],4,[],2019-01-24 13:22:35,474487317.7944173,1.1633024e-17,4.151744834432e-22,6486272,2019-01-24 13:22:35,ltc,0.19754182492302286,0.0,0.00000013,ltc,70948798.12658113,0.0,1.6308426086639072e-09,85
,[],22,[],2018-11-20 23:09:34,3408.1,0.0000001,0.0000000000041895,4862324,2018-11-20 23:09:34,BTC,0.04624735,0.0,,BTC,4990.0,0.0,0.00033081,86
0,[],22,[],2019-01-24 13:22:38,0.0,0,0,6486273,2019-01-24 13:22:38,,2.07810912,0.0,0,,154826.94736842104,0.0,0.0,87
0,[],27,[],2019-01-24 13:22:40,0.0,0,0,6486274,2019-01-24 13:22:40,,0.0,0.0,0,btc,0.0,0.0,0.0,87
,[],2,[],2018-11-20 23:10:47,0.0,0,0,4862359,2018-11-20 23:10:47,,0.0,0.0,,,0.0,0.0,0.0,88
1,[],11,[],2019-01-24 13:31:03,103194.05553644,0.00021399999999999999751587598240121224080212414264678955078125,0.0000000076164098,6486347,2019-01-24 13:31:03,btc,234.67188767571523,2277.16947,0.00021399999999999999751587598240121224080212414264678955078125,btc,180911.72274841,0.0,8.35974124626347,89
0,[],2,[],2019-01-20 23:31:45,0.0,0,0,6477083,2019-01-20 23:31:45,,0.0,0.0,0,,0.0,0.0,0.0,91
1,[],12,[],2019-01-24 13:32:29,237492.2499038,0.000001359999999999999896105784720490294859018831630237400531768798828125,0.000000000048403352,6486377,2019-01-24 13:32:29,btc,1.111300752786102,0.0,0.000001359999999999999896105784720490294859018831630237400531768798828125,btc,2272.97155085,0.019275632566917,0.0551972761999809,91
0,[],17,[],2019-01-24 13:32:30,0.0,0,0,6486378,2019-01-24 13:32:30,btc,0.0,0.0,0,btc,0.0,0.0,0.0,91
0.0000000000894848,[],22,[],2019-01-24 13:21:25,48311955.0,5.369088e-18,1.9161899235839999e-22,6486248,2019-01-24 13:21:25,LTC,7.63458711,0.0,0.00000006,LTC,71617635.1,2.25405052416e-12,1.45775865,95
0.0000000000894848,[],4,[],2019-01-24 13:19:59,133175744.72025393,9.3064192e-17,3.3213958675456e-21,6486202,2019-01-24 13:19:59,ltc,1.4019131523578363,0.0,0.00000104,ltc,68612600.02503619,0.00030517,7.055855053019485e-10,96
1,[],12,[],2019-01-24 13:20:01,1212366.0,0.00000001,0.000000000000356893,6486203,2019-01-24 13:20:01,btc,255059.2635896603,0.0,0.00000001,btc,7846613.56674301,1.125e-05,0.01212366,96
0,[],17,[],2019-01-24 13:20:02,0.0,0,0,6486204,2019-01-24 13:20:02,btc,0.0,0.0,0,btc,0.0,0.0,0.0,96
1,[],4,[],2019-01-24 13:21:38,1543878.2105016,0.00000040,0.00000000001427572,6486256,2019-01-24 13:21:38,btc,0.2378082726741935,0.0,0.00000040,btc,391749.55486988,0.01610696,0.1604532603540735,99
0,[],2,[],2019-01-20 23:23:55,0.0,0,0,6476914,2019-01-20 23:23:55,,0.0,0.0,0,,0.0,0.0,0.0,100
1,[],4,[],2019-01-24 13:20:34,149006.48743083,0.00004088,0.000000001458978584,6486218,2019-01-24 13:20:34,btc,1.8196566910368732,0.0,0.00004088,btc,38935.47138437,0.85451797,3.637529245699675,100
1,[],22,[],2019-01-24 13:20:34,50000.0,0.00000001,0.00000000000035689299999999997,6486216,2019-01-24 13:20:34,BTC,23.49896609,0.0,0.00000001,BTC,10277.22,0.0,0.0005,101
1,[],4,[],2019-01-24 13:23:42,148529.34685219,0.00000103,0.000000000036759979,6486320,2019-01-24 13:23:42,btc,0.3994469567707192,0.0,0.00000103,btc,142498.26782906,0.01659466,0.0563125876538581,103
1,[],12,[],2019-01-24 13:30:55,98964018.27229841,0.000000015,0.0000000000005338605,6486345,2019-01-24 13:30:55,btc,9137280584.614918,0.0,0.000000015,btc,146889318.35187182,0.10284134366048821,0.5938902680844762,105
1,[],27,[],2019-01-24 13:31:00,151332.5,0.00000004,0.0000000000014236280000000001,6486346,2019-01-24 13:31:00,btc,0.0720402019,110568.5,0.00000004,btc,580.038,0.00442274,0.0050302,105
0,[],22,[],2019-01-24 13:21:28,0.0,0,0,6486249,2019-01-24 13:21:28,,1.07253299,0.0,0,,94300.0,0.0,0.0,107
1,[],26,[],2019-01-24 13:21:28,0.0,0.00000000,0,6486250,2019-01-24 13:21:28,btc,0.0,0.0,0.00000000,btc,0.0,0.0,0.0,107
1,[],5,[],2019-01-24 13:20:59,3e-08,0.00000002,0.0000000000007137859999999999,6486234,2019-01-24 13:20:59,btc,5.96633264,0.05159623,0.00000002,btc,1.589e-05,0.0,0.09696949,112
1,[],22,[],2019-01-24 13:21:04,1966.0,0.00000001,0.00000000000035689299999999997,6486235,2019-01-24 13:21:04,BTC,2.83998301,0.0,0.00000001,BTC,895959.5833333334,0.0,1.966e-05,112
0,[],27,[],2019-01-24 13:21:06,0.0,0,0,6486236,2019-01-24 13:21:06,,1.25125,0.0,0,"btc,eth",79.0,0.0,0.0,112
1,[],4,[],2019-01-24 13:31:28,453911.5923464,0.00000430,0.00000000015304001000000001,6486357,2019-01-24 13:31:28,btc,0.4441866809045938,0.0,0.00000430,btc,70167.03856978,0.39102709,0.4393598795170411,113
1,[],5,[],2019-01-24 13:31:30,2.896e-05,0.00000410,0.00000000014592187,6486358,2019-01-24 13:31:30,btc,2.25679558,0.003425,0.00000410,btc,0.00338275,0.0,0.31766448,113
1,[],17,[],2019-01-24 13:33:48,233369.0,0.00000004,0.0000000000014236280000000001,6486404,2019-01-24 13:33:48,btc,1.3376290576014152,0.0,0.00000004,btc,72546.975,0.0,0.00543476,116
0,[],27,[],2019-01-24 13:33:50,0.0,0,0,6486405,2019-01-24 13:33:50,,0.0,0.0,0,btc,0.0,0.0,0.0,116
1,[],4,[],2019-01-24 13:33:31,134407.64183139,0.00002274,0.000000000809332518,6486397,2019-01-24 13:33:31,btc,0.7045221562944753,0.0,0.00002274,btc,24847.47242542,6.42778549,0.8678239340291871,120
1,[],7,[],2019-01-24 13:33:32,4194.32801355,0.00001747999999999999865842557900119658143012202344834804534912109375,0.000000000622125436,6486398,2019-01-24 13:33:32,btc,95.02188238329853,3016.47325664,0.00001747999999999999865842557900119658143012202344834804534912109375,btc,25325.96364593,0.08732626,0.0449848647531564,120
1,[],20,[],2019-01-24 13:33:46,1215767.5588,0.000000013,0.0000000000004626791,6486403,2019-01-24 13:33:46,btc,31.4063095068966,389.85,0.000000013,btc,1102100.3058,5.06805e-06,0.0068489678606,125
1,[],22,[],2019-01-24 13:31:57,3053.0,0.00000001,0.00000000000035590700000000003,6486365,2019-01-24 13:31:57,BTC,0.01415863,0.0,0.00000001,BTC,293039.4,0.0,3.053e-05,126
0,[],22,[],2019-01-24 13:21:56,0.0,0,0,6486265,2019-01-24 13:21:56,,3.30709612,0.0,0,,19391.67229247642,0.0,0.0,130
0,[],2,[],2019-01-20 23:25:46,0.0,0,0,6476969,2019-01-20 23:25:46,,0.0,0.0,0,,0.0,0.0,0.0,131
1,[],4,[],2019-01-24 13:22:32,81603.71679329,0.00001557,0.000000000555682401,6486269,2019-01-24 13:22:32,btc,0.5482390429704904,0.0,0.00001557,btc,28003.88024409,0.15590243,0.3870006873476667,131
0,[],17,[],2019-01-24 13:22:33,0.0,0,0,6486270,2019-01-24 13:22:33,btc,0.0008451375975800001,0.0,0,btc,30.89614684,0.0,0.0,131
1,[],4,[],2019-01-24 13:23:25,4563.51008946,0.00019634,0.000000007007237162,6486308,2019-01-24 13:23:25,btc,1.6269232683341472,0.0,0.00019634,btc,206.10257325,0.0,0.0099114307517149,135
1,[],3,[],2019-01-24 13:20:56,347311.06685175997,0.00000005,0.000000000001784465,6486232,2019-01-24 13:20:56,btc,0.3484505371548471,633858.490617,0.00000005,btc,929667.67454555,0.0,0.0080251340037017,136
1,[],4,[],2019-01-24 13:30:37,115421.86429438,0.00000191,0.000000000067978237,6486341,2019-01-24 13:30:37,btc,0.4804974548414094,0.0,0.00000191,btc,184576.57562909,0.08073778,0.1544509353261799,137
1,[],12,[],2019-01-24 13:30:39,302200.57102454,0.000001870000000000000095373470405946125794116596807725727558135986328125,0.00000000006655460900000001,6486342,2019-01-24 13:30:39,btc,11798.823336349888,0.0,0.000001870000000000000095373470405946125794116596807725727558135986328125,btc,133473.65922066,0.0747961953883976,0.0303856320000144,137
1,[],5,[],2019-01-24 13:32:07,0.00101738,0.00002960,0.0000000010534847200000001,6486368,2019-01-24 13:32:07,btc,5.39006615,1.04062279,0.00002960,btc,0.00186521,0.0,1.47184602,142
1,[],17,[],2019-01-24 13:32:09,12500.0,0.0000001,0.00000000000355907,6486369,2019-01-24 13:32:09,btc,0.578281551954675,0.0,0.0000001,btc,4834.207754,0.0,0.00125,142
1,[],20,[],2019-01-24 13:32:11,148268.8962,0.00002511,0.000000000893682477,6486370,2019-01-24 13:32:11,btc,2.5059046606,0.0,0.00002511,btc,5126.8931,0.0,0.0811377525098,142
1,[],22,[],2019-01-24 13:32:15,990.0,0.00001880,0.00000000066910516,6486371,2019-01-24 13:32:15,BTC,0.00152287,0.0,0.00001880,BTC,15.055608820709493,0.0,0.00022106,142
1,[],28,[],2019-01-24 13:32:18,78430.0,0.00002000,0.0000000007118140000000001,6486372,2019-01-24 13:32:18,btc,0.05152625387,89762.0,0.00002000,btc,1349.7234,0.0,0.0242247,142
,[],25,[],2019-01-11 15:38:27,0.0,0,0,6366122,2019-01-11 15:38:27,,0.0,0.0,,btc,0.0,0.0,0.0,142
0,[],22,[],2019-01-24 13:23:12,0.0,0,0,6486296,2019-01-24 13:23:12,,54.93330297,0.0,0,,667563265.8,0.0,0.0,143
1,[],21,[],2019-01-24 13:23:22,52407152.01326994,0.00000031,0.000000000011063683,6486305,2019-01-24 13:23:22,btc,37.37626865327531,25192286.30280662,0.00000031,btc,70404882.53652383,7.78410992,10.23366451441343,145
0,[],22,[],2019-01-24 13:33:07,0.0,0,0,6486386,2019-01-24 13:33:07,,2.39270934,0.0,0,,786514.0,0.0,0.0,146
,[],22,[],2018-11-20 23:01:11,0.0,0,0,4862114,2018-11-20 23:01:11,,2.56807021,0.0,,,61828.4988236,0.0,0.0,147
1,[],12,[],2019-01-24 13:23:14,8696031.72494134,0.000004099999999999999708588140079346118227476836182177066802978515625,0.00000000014632612999999998,6486298,2019-01-24 13:23:14,btc,17.07572965420477,0.0,0.000004099999999999999708588140079346118227476836182177066802978515625,btc,111397.03090909,0.0020962682392958,0.1115867163612848,148
1,[],4,[],2019-01-24 13:23:49,111944.4061864,0.00000036,0.000000000012848148,6486324,2019-01-24 13:23:49,btc,0.6907221350990147,0.0,0.00000036,btc,514859.11156085,0.0013,0.0312220905124395,152
0,[],22,[],2019-01-24 13:23:51,0.0,0,0,6486325,2019-01-24 13:23:51,,0.0,0.0,0,,0.0,0.0,0.0,152
1,[],5,[],2019-01-24 13:21:08,0.0,0,0,6486237,2019-01-24 13:21:08,btc,4.32752783,0.0,0,btc,0.00161275,0.0,0.0,153
,[],16,[],2019-01-11 15:38:59,0.0,0,0,6366141,2019-01-11 15:38:59,btc,0.0,0.0,,btc,0.0,0.0,0.0,155
0,[],23,[],2019-01-20 23:24:29,0.0,0,0,6476932,2019-01-20 23:24:29,,0.0,0.0,0,,0.0,0.0,0.0,156
0,[],22,[],2019-01-24 13:20:58,0.0,0,0,6486233,2019-01-24 13:20:58,,6.78848922,0.0,0,,4237721.742592593,0.0,0.0,156
1,[],22,[],2019-01-24 13:21:50,7906.0,0.00000801,0.000000000285871293,6486262,2019-01-24 13:21:50,BTC,43.81543407,0.0,0.00000801,BTC,1572.3690079421112,0.0,0.00743836,157
0,[],22,[],2019-01-24 13:33:30,0.0,0,0,6486396,2019-01-24 13:33:30,,50175.67300261,0.0,0,,53770788.04179466,0.0,0.0,158
,[],17,[],2018-11-20 22:56:10,0.0,0,0,4861976,2018-11-20 22:56:10,btc,1.1265625,0.0,,btc,1000.0,0.0,0.0,159
,[],20,[],2018-11-20 22:56:12,0.0,0,0,4861977,2018-11-20 22:56:12,btc,11912.7940471,0.0,,btc,34413894.3617,0.0,0.0,159
1,[],12,[],2019-01-24 13:34:49,185004.79947441,0.000009929999999999999794170722766661896230289130471646785736083984375,0.000000000353415651,6486431,2019-01-24 13:34:49,btc,6.6522585642516665,0.0,0.000009929999999999999794170722766661896230289130471646785736083984375,btc,13918.21908934,0.0117095087412915,0.1038668481999843,168
1,[],17,[],2019-01-24 13:34:51,29784.95,0.000001,0.0000000000355907,6486432,2019-01-24 13:34:51,btc,0.0353989844335,0.0,0.000001,btc,196.82520268,0.0,0.00716147,168
0,[],22,[],2019-01-24 13:34:30,0.0,0,0,6486425,2019-01-24 13:34:30,,1.13392792,0.0,0,,692360.5537281231,0.0,0.0,169
1,[],22,[],2019-01-24 13:33:10,59162.40740740741,0.00000027,0.000000000009609489,6486387,2019-01-24 13:33:10,BTC,2.46110457,0.0,0.00000027,BTC,65247.02426237162,0.00089122,0.00696177,171
1,[],22,[],2019-01-24 13:34:55,63314.47619047619,0.00000022,0.000000000007829954000000001,6486433,2019-01-24 13:34:55,BTC,2.84143185,0.0,0.00000022,BTC,229915.0177389135,0.00664997,0.00374872,173
1,[],5,[],2019-01-24 13:35:04,7.048e-05,0.00000498,0.000000000177241686,6486436,2019-01-24 13:35:04,btc,0.45655048,0.18231074,0.00000498,btc,0.00041951,0.0,0.84944211,175
1,[],22,[],2019-01-24 13:32:05,57698.0,0.00000095,0.000000000033811165000000004,6486367,2019-01-24 13:32:05,BTC,0.56541542,0.0,0.00000095,BTC,113780.29444388876,0.00575999,0.04147248,176
1,[],7,[],2019-01-24 13:23:17,0.0,0,0,6486301,2019-01-24 13:23:17,btc,10931.193524921044,11769.0,0,btc,124615694.89995944,0.00011769,0.0,178
0,[],22,[],2019-01-24 13:23:20,0.0,0,0,6486302,2019-01-24 13:23:20,,1.00242428,0.0,0,,57512.0,0.0,0.0,178
0,[],2,[],2019-01-20 23:28:34,0.0,0,0,6477001,2019-01-20 23:28:34,,0.0,0.0,0,,0.0,0.0,0.0,178
0,[],23,[],2019-01-20 23:25:08,0.0,0,0,6476952,2019-01-20 23:25:08,,0.0,0.0,0,,0.0,0.0,0.0,179
1,[],5,[],2019-01-24 13:21:30,6e-08,0.00000003,0.000000000001070679,6486251,2019-01-24 13:21:30,btc,14.05680217,0.68993003,0.00000003,btc,2.424e-05,0.0,2.0947546,179
1,[],22,[],2019-01-24 13:21:34,9173423.0,0.00000002,0.0000000000007137859999999999,6486252,2019-01-24 13:21:34,BTC,5.5182925,0.0,0.00000002,"BTC,LTC",17387274.451989967,0.0170954,0.40093644,179
1,[],17,[],2019-01-24 13:30:17,10504.725,0.0000001,0.00000000000355907,6486338,2019-01-24 13:30:17,btc,5.206984534928604,0.0,0.0000001,btc,7893.797658699999,0.0,0.0010504725,180
1,[],22,[],2019-01-24 13:30:25,1468.0,0.00000031,0.000000000011033117000000001,6486339,2019-01-24 13:30:25,BTC,0.22769588,0.0,0.00000031,"BTC,LTC",26805.816254853482,0.0,0.00040342,180
1,[],26,[],2019-01-24 13:30:35,0.0,0.00000010,0.00000000000355907,6486340,2019-01-24 13:30:35,btc,0.0,3328.02,0.00000010,btc,0.0,0.0,0.0,180
,[],7,[],2018-11-20 22:58:01,562227.975654,0.00000085,0.000000000036176765,4862015,2018-11-20 22:58:01,btc,21836.6059674,2491.87645172,,btc,749999.041456,0.00211021,0.127565380455,183
,[],5,[],2019-01-10 08:11:41,0.0,0,0,6347036,2019-01-10 08:11:41,btc,82.15055501,0.00261,,btc,1.19002445,0.0,0.0,187
1,[],24,[],2019-01-24 13:34:44,0.0,0.000000000001,3.55907e-17,6486427,2019-01-24 13:34:44,btc,0.0,0.0,0.000000000001,btc,0.0,0.0,0.0,187
,[],17,[],2018-11-16 20:58:10,4062536.27273,0.00000001,0.000000000000550501,4708775,2018-11-16 20:58:10,btc,3.36492563466,0.195460381006,,"btc,eth",110697919.549,0.0,0.0157628953496,187
0,[],22,[],2019-01-24 13:24:01,0.0,0,0,6486333,2019-01-24 13:24:01,,1.19413437,0.0,0,,14499.956201072173,0.0,0.0,191
0,[],22,[],2019-01-24 13:22:26,0.0,0,0,6486266,2019-01-24 13:22:26,,0.0,0.0,0,,0.0,0.0,0.0,197
0,[],23,[],2019-01-20 23:31:41,0.0,0,0,6477079,2019-01-20 23:31:41,,0.0,0.0,0,,0.0,0.0,0.0,199
1,[],26,[],2019-01-24 13:32:22,0.0,0.00000000,0,6486374,2019-01-24 13:32:22,btc,0.0,762610.0,0.00000000,btc,0.0,0.0,0.0,199
0,[],17,[],2019-01-24 13:23:21,0.0,0,0,6486303,2019-01-24 13:23:21,btc,6.802544163861272,0.0,0,btc,105897.55575295,0.0,0.0,200
0,[],2,[],2019-01-20 23:30:49,0.0,0,0,6477059,2019-01-20 23:30:49,,0.0,0.0,0,,0.0,0.0,0.0,201
1,[],4,[],2019-01-24 13:23:48,324932.99182407,0.00000940,0.00000000033547942,6486323,2019-01-24 13:23:48,btc,2.0821644196883975,0.0,0.00000940,btc,167490.38650996,0.29874706,1.4046051469968848,211
1,[],7,[],2019-01-24 13:22:35,17849533.91319791,0.000001170000000000000021170673721038202330646527116186916828155517578125,0.000000000041756481,6486271,2019-01-24 13:22:35,btc,16317791.407256162,135179.204108,0.000001170000000000000021170673721038202330646527116186916828155517578125,btc,12787538.43962338,0.0,7.9549510182539,212
1,[],5,[],2019-01-24 13:23:06,4.64e-06,0.00000031,0.000000000011063683,6486291,2019-01-24 13:23:06,btc,0.88417092,0.02900637,0.00000031,btc,2.942e-05,0.0,0.14732471,213
1,[],12,[],2019-01-24 13:23:07,234338.00428967,0.000001069999999999999919816744131662034078544820658862590789794921875,0.000000000038187550999999995,6486292,2019-01-24 13:23:07,btc,85023.03782571404,0.0,0.000001069999999999999919816744131662034078544820658862590789794921875,btc,43667.72820726,0.0001708189378095,0.0095477760622029,213
1,[],24,[],2019-01-24 13:23:07,0.0,0.000000050000,0.000000000001784465,6486293,2019-01-24 13:23:07,btc,0.0,0.0,0.000000050000,btc,0.0,0.0,0.0,213
1,[],26,[],2019-01-24 13:23:07,0.0,0.00000003,0.000000000001070679,6486294,2019-01-24 13:23:07,btc,0.0,0.0,0.00000003,btc,0.0,0.0,0.0,213
1,[],22,[],2019-01-24 13:31:47,302399.2,0.00000005,0.000000000001779535,6486362,2019-01-24 13:31:47,BTC,70.22081867,0.0,0.00000005,BTC,155564.9946272864,0.00119599,0.00586396,216
1,[],27,[],2019-01-24 13:31:49,5087845.0,0.00000011,0.000000000003914977000000001,6486363,2019-01-24 13:31:49,btc,619.88408055716,5755.0,0.00000011,"btc,ltc",268761.09411,0.0040285,0.0534925,216
1,[],22,[],2019-01-24 13:24:16,287723.98182760586,0.00000231,0.000000000082442283,6486335,2019-01-24 13:24:16,BTC,12677.87537727,0.0,0.00000231,BTC,357081.04314279975,0.04497835,0.40582027,217
1,[],7,[],2019-01-24 13:33:38,0.0,0,0,6486400,2019-01-24 13:33:38,btc,302.5779742541106,0.0,0,btc,133650235.62140028,0.0,0.0,219
0,[],27,[],2019-01-24 13:33:40,0.0,0,0,6486401,2019-01-24 13:33:40,,0.0747309448198,0.0,0,btc,1605140.29226592,0.0,0.0,219
0.0000000000000057,[],28,[],2019-01-24 13:33:42,238816286.198,2.280057e-18,8.114882466990002e-23,6486402,2019-01-24 13:33:42,doge,143035.5147817675,27298.0,0.00040001,"btc,doge",6859472.34751,0.0,1.738649571899051e-11,219
1,[],22,[],2019-01-24 13:34:00,209959.5,0.0000007,0.000000000024913490000000003,6486408,2019-01-24 13:34:00,BTC,2.08332423,0.0,0.0000007,BTC,19472.55212317522,0.01141786,0.02459032,221
1,[],24,[],2019-01-24 13:34:01,0.0,0.000000800000,0.00000000002847256,6486409,2019-01-24 13:34:01,btc,0.0,0.0,0.000000800000,btc,0.0,0.0,0.0,221
1,[],26,[],2019-01-24 13:23:22,0.0,0.00000002,0.0000000000007137859999999999,6486304,2019-01-24 13:23:22,btc,0.0,11048.0,0.00000002,btc,0.0,0.0,0.0,231
1,[],26,[],2019-01-24 13:23:02,0.0,0.00000004,0.0000000000014275719999999999,6486289,2019-01-24 13:23:02,btc,0.0,1600.0,0.00000004,btc,0.0,0.0,0.0,234
0,[],27,[],2019-01-24 13:23:04,0.0,0,0,6486290,2019-01-24 13:23:04,,0.001146299618,0.0,0,"btc,eth",11462.99618,0.0,0.0,234
0,[],22,[],2019-01-24 13:33:17,0.0,0,0,6486389,2019-01-24 13:33:17,,3.11852563,0.0,0,,90313875.02329598,0.0,0.0,235
1,[],4,[],2019-01-24 13:23:52,690617.47266422,0.00000105,0.000000000037473764999999996,6486326,2019-01-24 13:23:52,btc,0.2776229406563228,0.0,0.00000105,btc,201764.3250654,0.06011509,0.2169905434725725,236
1,[],24,[],2019-01-24 13:23:52,0.0,0.000000010000,0.00000000000035689299999999997,6486327,2019-01-24 13:23:52,btc,0.0,0.0,0.000000010000,btc,0.0,0.0,0.0,236
1,[],20,[],2019-01-24 13:22:59,34669648.7571,0.000000062,0.0000000000022127365999999998,6486287,2019-01-24 13:22:59,btc,14.0977599805181,25807941.1239,0.000000062,btc,25493732.7355,1.6529997965924,0.398699508925,237
0,[],22,[],2019-01-24 13:23:02,0.0,0,0,6486288,2019-01-24 13:23:02,,0.04083605,0.0,0,,4179.0,0.0,0.0,237
1,[],4,[],2019-01-24 13:34:46,5291114.55596899,0.00000031,0.000000000011033117000000001,6486429,2019-01-24 13:34:46,btc,0.5661612111127526,0.0,0.00000031,btc,1682525.1678435,0.33531527,1.4608637329173175,238
1,[],5,[],2019-01-24 13:34:48,3.64e-06,0.00000031,0.000000000011033117000000001,6486430,2019-01-24 13:34:48,btc,0.59009022,0.00280913,0.00000031,btc,2.855e-05,0.0,0.20432185,238
1,[],22,[],2019-01-24 13:34:59,281968.75,0.00000005,0.000000000001779535,6486434,2019-01-24 13:34:59,BTC,15.41132459,0.0,0.00000005,BTC,240508.69643307183,0.0,0.00945438,249
0.00000000008955940000000001,[],22,[],2019-01-24 13:34:19,2422166.0,4.47797e-18,1.5937408687900002e-22,6486419,2019-01-24 13:34:19,LTC,0.43490749,0.0,0.00000005,LTC,12631887.29,6.716955000000001e-13,0.04470538,252
1,[],28,[],2019-01-24 13:35:33,3195236.1,0.00000009,0.0000000000032031630000000004,6486452,2019-01-24 13:35:33,btc,164692.82892950226,44312.666,0.00000009,btc,1139489.9695,0.0,0.05376586991,256
0,[],27,[],2019-01-24 13:31:24,0.0,0,0,6486355,2019-01-24 13:31:24,,4.96668,0.0,0,"btc,eth",90.59,0.0,0.0,257
1,[],22,[],2019-01-24 13:32:36,57099.375,0.00000008,0.0000000000028472560000000002,6486379,2019-01-24 13:32:36,BTC,35605.68067355,0.0,0.00000008,BTC,708394.3310213444,0.00027307,0.00086104,258
1,[],22,[],2019-01-24 13:24:12,6578.442666666667,0.00000750,0.00000000026766975,6486334,2019-01-24 13:24:12,BTC,4.68382194,0.0,0.00000750,BTC,5828.378238095238,0.00031771,0.03327318,262
1,[],5,[],2019-01-24 13:23:45,4.337e-05,0.00000300,0.0000000001070679,6486321,2019-01-24 13:23:45,btc,8.0478186,0.55464581,0.00000300,btc,0.14474584,0.0,0.18133197,264
1,[],20,[],2019-01-24 13:23:47,1784132.1863,0.00000423,0.000000000150965739,6486322,2019-01-24 13:23:47,btc,5.1219095531543,58576.7156,0.00000423,btc,84705.3917,0.37489097984,0.0424262199469,264
1,[],22,[],2019-01-24 13:31:52,138480.25,0.00000004,0.0000000000014236280000000001,6486364,2019-01-24 13:31:52,BTC,6.36366524,0.0,0.00000004,BTC,188536.05470818645,0.00087211,0.00404572,271
0,[],22,[],2019-01-24 13:32:56,0.0,0,0,6486381,2019-01-24 13:32:56,,326.76482434,0.0,0,,10642389200.0,0.0,0.0,272
0.0000000000000057,[],28,[],2019-01-24 13:32:58,354980645548.264,3.4200000000000005e-21,1.2172019400000002e-25,6486382,2019-01-24 13:32:58,doge,4424572.688191119,3241641401.998,0.0000006,doge,127722961010.3808,0.0,5.598333385195987e-10,272
